  <div class='ocr_page' id='page_1' title='image "/cluster/home/n/w/nwhite01/storage/ocr_20150623/61/hvd.32044019190461/207.png"; bbox 0 0 3826 6216; ppageno 0'>
   <div class='ocr_carea' id='block_1_1' title="bbox 381 279 482 334">
    <p class='ocr_par' dir='ltr' id='par_1_1' title="bbox 381 279 482 334">
     <span class='ocr_line' id='line_1_1' title="bbox 381 279 482 334; baseline -0.02 0"><span class='ocrx_word' id='word_1_1' title='bbox 381 279 482 334; x_wconf 75' lang='grc' dir='ltr'>τοι</span> 
     </span>
    </p>
   </div>
   <div class='ocr_carea' id='block_1_2' title="bbox 379 383 1949 459">
    <p class='ocr_par' dir='ltr' id='par_1_2' title="bbox 379 383 1949 459">
     <span class='ocr_line' id='line_1_2' title="bbox 379 383 1949 459; baseline -0.006 -12"><span class='ocrx_word' id='word_1_2' title='bbox 379 392 500 448; x_wconf 81' lang='grc' dir='ltr'>τῶν</span> <span class='ocrx_word' id='word_1_3' title='bbox 525 393 1003 452; x_wconf 70' lang='grc' dir='ltr'>πιστευσάντων,</span> <span class='ocrx_word' id='word_1_4' title='bbox 1028 390 1212 459; x_wconf 74' lang='grc' dir='ltr'>φησὶν,</span> <span class='ocrx_word' id='word_1_5' title='bbox 1238 385 1316 457; x_wconf 84' lang='grc' dir='ltr'>ἦν</span> <span class='ocrx_word' id='word_1_6' title='bbox 1347 388 1386 454; x_wconf 73' lang='grc' dir='ltr'>ἡ</span> <span class='ocrx_word' id='word_1_7' title='bbox 1417 384 1631 454; x_wconf 81' lang='grc' dir='ltr'>καρδία</span> <span class='ocrx_word' id='word_1_8' title='bbox 1653 383 1750 437; x_wconf 78' lang='grc' dir='ltr'>καί</span> <span class='ocrx_word' id='word_1_9' title='bbox 1776 385 1812 451; x_wconf 81' lang='grc' dir='ltr'>ή</span> <span class='ocrx_word' id='word_1_10' title='bbox 1838 388 1949 453; x_wconf 72' lang='grc' dir='ltr'>ψυ-</span> 
     </span>
    </p>
   </div>
   <div class='ocr_carea' id='block_1_3' title="bbox 379 467 1952 548">
    <p class='ocr_par' dir='ltr' id='par_1_3' title="bbox 379 467 1952 548">
     <span class='ocr_line' id='line_1_3' title="bbox 379 467 1952 548; baseline -0.01 -16"><span class='ocrx_word' id='word_1_11' title='bbox 379 478 460 548; x_wconf 76' lang='grc' dir='ltr'>χὴ</span> <span class='ocrx_word' id='word_1_12' title='bbox 483 481 611 548; x_wconf 85' lang='grc' dir='ltr'>μία.</span> <span class='ocrx_word' id='word_1_13' title='bbox 649 475 789 530; x_wconf 80' lang='grc' dir='ltr'>Ἀλλ’</span> <span class='ocrx_word' id='word_1_14' title='bbox 827 475 946 544; x_wconf 72' lang='grc' dir='ltr'>οὐχὶ</span> <span class='ocrx_word' id='word_1_15' title='bbox 972 474 1086 537; x_wconf 87' lang='grc' dir='ltr'>νῦν,</span> <span class='ocrx_word' id='word_1_16' title='bbox 1117 472 1252 524; x_wconf 82' lang='grc' dir='ltr'>ἀλλά</span> <span class='ocrx_word' id='word_1_17' title='bbox 1284 468 1590 524; x_wconf 82' lang='grc' dir='ltr'>τούναντίον</span> <span class='ocrx_word' id='word_1_18' title='bbox 1615 468 1790 521; x_wconf 66' lang='grc' dir='ltr'>ἅπανο</span> <span class='ocrx_word' id='word_1_19' title='bbox 1825 467 1952 518; x_wconf 85' lang='grc' dir='ltr'>πολ-</span> 
     </span>
    </p>
   </div>
   <div class='ocr_carea' id='block_1_4' title="bbox 379 549 1956 625">
    <p class='ocr_par' dir='ltr' id='par_1_4' title="bbox 379 549 1956 625">
     <span class='ocr_line' id='line_1_4' title="bbox 379 549 1956 625; baseline -0.01 -9"><span class='ocrx_word' id='word_1_20' title='bbox 379 563 462 616; x_wconf 74' lang='grc' dir='ltr'>λοὶ</span> <span class='ocrx_word' id='word_1_21' title='bbox 494 561 588 614; x_wconf 72' lang='grc' dir='ltr'>καὶ</span> <span class='ocrx_word' id='word_1_22' title='bbox 619 558 848 612; x_wconf 76' lang='grc' dir='ltr'>ποικίλοι</span> <span class='ocrx_word' id='word_1_23' title='bbox 885 556 1086 625; x_wconf 81' lang='grc' dir='ltr'>μεταξὺ</span> <span class='ocrx_word' id='word_1_24' title='bbox 1117 555 1332 607; x_wconf 82' lang='grc' dir='ltr'>πάντων</span> <span class='ocrx_word' id='word_1_25' title='bbox 1370 553 1420 605; x_wconf 90' lang='grc' dir='ltr'>οί</span> <span class='ocrx_word' id='word_1_26' title='bbox 1459 551 1704 619; x_wconf 85' lang='grc' dir='ltr'>πόλεμοι,</span> <span class='ocrx_word' id='word_1_27' title='bbox 1741 551 1833 603; x_wconf 73' lang='grc' dir='ltr'>καὶ</span> <span class='ocrx_word' id='word_1_28' title='bbox 1859 549 1956 620; x_wconf 89' lang='grc' dir='ltr'>θη-</span> 
     </span>
    </p>
   </div>
   <div class='ocr_carea' id='block_1_5' title="bbox 382 632 1950 716">
    <p class='ocr_par' dir='ltr' id='par_1_5' title="bbox 382 632 1950 716">
     <span class='ocr_line' id='line_1_5' title="bbox 382 632 1950 716; baseline -0.01 -18"><span class='ocrx_word' id='word_1_29' title='bbox 382 645 514 716; x_wconf 87' lang='grc' dir='ltr'>ρίων</span> <span class='ocrx_word' id='word_1_30' title='bbox 543 642 917 713; x_wconf 86' lang='grc' dir='ltr'>χαλεπώτερον</span> <span class='ocrx_word' id='word_1_31' title='bbox 939 639 1075 707; x_wconf 86' lang='grc' dir='ltr'>πρὸς</span> <span class='ocrx_word' id='word_1_32' title='bbox 1099 637 1165 690; x_wconf 77' lang='grc' dir='ltr'>τὰ</span> <span class='ocrx_word' id='word_1_33' title='bbox 1181 635 1426 706; x_wconf 87' lang='grc' dir='ltr'>ἀλλήλων</span> <span class='ocrx_word' id='word_1_34' title='bbox 1449 633 1770 703; x_wconf 75' lang='grc' dir='ltr'>διακείμεθα</span> <span class='ocrx_word' id='word_1_35' title='bbox 1794 632 1950 716; x_wconf 80' lang='grc' dir='ltr'>μέλη.</span> 
     </span>
    </p>
   </div>
   <div class='ocr_carea' id='block_1_6' title="bbox 379 715 1956 794">
    <p class='ocr_par' dir='ltr' id='par_1_6' title="bbox 379 715 1956 794">
     <span class='ocr_line' id='line_1_6' title="bbox 379 715 1956 794; baseline -0.01 -13"><span class='ocrx_word' id='word_1_36' title='bbox 379 715 492 782; x_wconf 74' lang='grc' dir='ltr'>Καὶ</span> <span class='ocrx_word' id='word_1_37' title='bbox 525 728 554 779; x_wconf 86' lang='grc' dir='ltr'>ό</span> <span class='ocrx_word' id='word_1_38' title='bbox 602 725 698 794; x_wconf 81' lang='grc' dir='ltr'>μέν</span> <span class='ocrx_word' id='word_1_39' title='bbox 746 722 977 792; x_wconf 86' lang='grc' dir='ltr'>Χριστὸς</span> <span class='ocrx_word' id='word_1_40' title='bbox 1020 718 1274 773; x_wconf 89' lang='grc' dir='ltr'>τοσοῦτόν</span> <span class='ocrx_word' id='word_1_41' title='bbox 1315 735 1374 770; x_wconf 92' lang='grc' dir='ltr'>σε</span> <span class='ocrx_word' id='word_1_42' title='bbox 1420 715 1739 785; x_wconf 77' lang='grc' dir='ltr'>διεστηκότα</span> <span class='ocrx_word' id='word_1_43' title='bbox 1780 715 1956 784; x_wconf 79' lang='grc' dir='ltr'>ἑαυτῷ</span> 
     </span>
    </p>
   </div>
   <div class='ocr_carea' id='block_1_7' title="bbox 378 799 1955 880">
    <p class='ocr_par' dir='ltr' id='par_1_7' title="bbox 378 799 1955 880">
     <span class='ocr_line' id='line_1_7' title="bbox 378 799 1955 880; baseline -0.006 -18"><span class='ocrx_word' id='word_1_44' title='bbox 378 812 556 880; x_wconf 69' lang='grc' dir='ltr'>ῆνωσε</span> <span class='ocrx_word' id='word_1_45' title='bbox 577 825 590 839; x_wconf 76' lang='grc' dir='ltr'><strong>ο</strong></span> <span class='ocrx_word' id='word_1_46' title='bbox 629 809 692 860; x_wconf 81' lang='grc' dir='ltr'>σὺ</span> <span class='ocrx_word' id='word_1_47' title='bbox 726 806 783 858; x_wconf 66' lang='grc' dir='ltr'>δὲ</span> <span class='ocrx_word' id='word_1_48' title='bbox 813 804 939 857; x_wconf 77' lang='grc' dir='ltr'>οὐδὲ</span> <span class='ocrx_word' id='word_1_49' title='bbox 967 802 1046 872; x_wconf 82' lang='grc' dir='ltr'>τῷ</span> <span class='ocrx_word' id='word_1_50' title='bbox 1073 801 1285 871; x_wconf 82' lang='grc' dir='ltr'>ἀδελφῷ</span> <span class='ocrx_word' id='word_1_51' title='bbox 1325 801 1494 866; x_wconf 80' lang='grc' dir='ltr'>ἀξιοῖς</span> <span class='ocrx_word' id='word_1_52' title='bbox 1533 799 1772 870; x_wconf 77' lang='grc' dir='ltr'>ἡνῶσθαι</span> <span class='ocrx_word' id='word_1_53' title='bbox 1816 799 1955 869; x_wconf 87' lang='grc' dir='ltr'>μετά</span> 
     </span>
    </p>
   </div>
   <div class='ocr_carea' id='block_1_8' title="bbox 381 884 1959 963">
    <p class='ocr_par' dir='ltr' id='par_1_8' title="bbox 381 884 1959 963">
     <span class='ocr_line' id='line_1_8' title="bbox 381 884 1959 963; baseline -0.008 -17"><span class='ocrx_word' id='word_1_54' title='bbox 381 891 668 963; x_wconf 77' lang='grc' dir='ltr'>ἀκριϐείας</span> <span class='ocrx_word' id='word_1_55' title='bbox 707 889 808 958; x_wconf 83' lang='grc' dir='ltr'>τῆς</span> <span class='ocrx_word' id='word_1_56' title='bbox 845 886 1250 956; x_wconf 80' lang='grc' dir='ltr'>προσηκούσης,</span> <span class='ocrx_word' id='word_1_57' title='bbox 1290 885 1425 937; x_wconf 84' lang='grc' dir='ltr'>ἀλλὰ</span> <span class='ocrx_word' id='word_1_58' title='bbox 1451 884 1767 954; x_wconf 70' lang='grc' dir='ltr'>ἀοιτοσχίζεις</span> <span class='ocrx_word' id='word_1_59' title='bbox 1800 901 1959 936; x_wconf 83' lang='grc' dir='ltr'>σεαυ-</span> 
     </span>
    </p>
   </div>
   <div class='ocr_carea' id='block_1_9' title="bbox 379 965 1958 1040">
    <p class='ocr_par' dir='ltr' id='par_1_9' title="bbox 379 965 1958 1040">
     <span class='ocr_line' id='line_1_9' title="bbox 379 965 1958 1040; baseline -0.007 -11"><span class='ocrx_word' id='word_1_60' title='bbox 379 976 492 1040; x_wconf 83' lang='grc' dir='ltr'>τὸν,</span> <span class='ocrx_word' id='word_1_61' title='bbox 521 973 786 1040; x_wconf 73' lang='grc' dir='ltr'>τοσαύτης</span> <span class='ocrx_word' id='word_1_62' title='bbox 806 971 900 1023; x_wconf 75' lang='grc' dir='ltr'>καὶ</span> <span class='ocrx_word' id='word_1_63' title='bbox 927 971 1148 1038; x_wconf 80' lang='grc' dir='ltr'>ἀγάπης</span> <span class='ocrx_word' id='word_1_64' title='bbox 1178 969 1271 1020; x_wconf 73' lang='grc' dir='ltr'>καὶ</span> <span class='ocrx_word' id='word_1_65' title='bbox 1298 966 1444 1036; x_wconf 80' lang='grc' dir='ltr'>ζωῆς</span> <span class='ocrx_word' id='word_1_66' title='bbox 1464 965 1774 1027; x_wconf 81' lang='grc' dir='ltr'>ἀπολαύσας</span> <span class='ocrx_word' id='word_1_67' title='bbox 1808 966 1958 1037; x_wconf 79' lang='grc' dir='ltr'>παρὰ</span> 
     </span>
    </p>
   </div>
   <div class='ocr_carea' id='block_1_10' title="bbox 377 1047 1957 1121">
    <p class='ocr_par' dir='ltr' id='par_1_10' title="bbox 377 1047 1957 1121">
     <span class='ocr_line' id='line_1_10' title="bbox 377 1047 1957 1121; baseline -0.008 -10"><span class='ocrx_word' id='word_1_68' title='bbox 377 1056 472 1112; x_wconf 81' lang='grc' dir='ltr'>τοῦ</span> <span class='ocrx_word' id='word_1_69' title='bbox 502 1055 793 1109; x_wconf 87' lang='grc' dir='ltr'>Δεσπότου.</span> <span class='ocrx_word' id='word_1_70' title='bbox 821 1051 956 1104; x_wconf 73' lang='grc' dir='ltr'>Ούδὲ⁹</span> <span class='ocrx_word' id='word_1_71' title='bbox 985 1052 1092 1121; x_wconf 83' lang='grc' dir='ltr'>γὰρ</span> <span class='ocrx_word' id='word_1_72' title='bbox 1131 1050 1316 1112; x_wconf 86' lang='grc' dir='ltr'>ἁπλῶς</span> <span class='ocrx_word' id='word_1_73' title='bbox 1348 1050 1408 1101; x_wconf 75' lang='grc' dir='ltr'>τὸ</span> <span class='ocrx_word' id='word_1_74' title='bbox 1441 1049 1599 1118; x_wconf 86' lang='grc' dir='ltr'>σῶμα</span> <span class='ocrx_word' id='word_1_75' title='bbox 1637 1047 1802 1100; x_wconf 74' lang='grc' dir='ltr'>αὑτοῦ</span> <span class='ocrx_word' id='word_1_76' title='bbox 1831 1047 1957 1099; x_wconf 83' lang='grc' dir='ltr'>ἐδω-</span> 
     </span>
    </p>
   </div>
   <div class='ocr_carea' id='block_1_11' title="bbox 379 1129 1956 1204">
    <p class='ocr_par' dir='ltr' id='par_1_11' title="bbox 379 1129 1956 1204">
     <span class='ocr_line' id='line_1_11' title="bbox 379 1129 1956 1204; baseline -0.008 -11"><span class='ocrx_word' id='word_1_77' title='bbox 379 1155 505 1194; x_wconf 86' lang='grc' dir='ltr'>κεν·</span> <span class='ocrx_word' id='word_1_78' title='bbox 527 1137 647 1192; x_wconf 79' lang='grc' dir='ltr'>ἀλλ’</span> <span class='ocrx_word' id='word_1_79' title='bbox 665 1135 856 1204; x_wconf 84' lang='grc' dir='ltr'>ἐπειδὴ</span> <span class='ocrx_word' id='word_1_80' title='bbox 887 1136 921 1204; x_wconf 86' lang='grc' dir='ltr'>ή</span> <span class='ocrx_word' id='word_1_81' title='bbox 961 1133 1200 1202; x_wconf 86' lang='grc' dir='ltr'>προτέρα</span> <span class='ocrx_word' id='word_1_82' title='bbox 1237 1131 1336 1200; x_wconf 87' lang='grc' dir='ltr'>τῆς</span> <span class='ocrx_word' id='word_1_83' title='bbox 1367 1131 1564 1200; x_wconf 86' lang='grc' dir='ltr'>σαρκὸς</span> <span class='ocrx_word' id='word_1_84' title='bbox 1598 1131 1755 1199; x_wconf 81' lang='grc' dir='ltr'>φύσις</span> <span class='ocrx_word' id='word_1_85' title='bbox 1777 1131 1810 1199; x_wconf 86' lang='grc' dir='ltr'>ή</span> <span class='ocrx_word' id='word_1_86' title='bbox 1849 1129 1956 1182; x_wconf 79' lang='grc' dir='ltr'>ἀπὸ</span> 
     </span>
    </p>
   </div>
   <div class='ocr_carea' id='block_1_12' title="bbox 376 1212 1957 1291">
    <p class='ocr_par' dir='ltr' id='par_1_12' title="bbox 376 1212 1957 1291">
     <span class='ocr_line' id='line_1_12' title="bbox 376 1212 1957 1291; baseline -0.008 -17"><span class='ocrx_word' id='word_1_87' title='bbox 376 1223 480 1291; x_wconf 83' lang='grc' dir='ltr'>γῆς</span> <span class='ocrx_word' id='word_1_88' title='bbox 511 1216 924 1279; x_wconf 79' lang='grc' dir='ltr'>διαπλασθεῖσα,</span> <span class='ocrx_word' id='word_1_89' title='bbox 955 1214 1062 1268; x_wconf 83' lang='grc' dir='ltr'>ἀπὸ</span> <span class='ocrx_word' id='word_1_90' title='bbox 1095 1216 1194 1284; x_wconf 82' lang='grc' dir='ltr'>τῆς</span> <span class='ocrx_word' id='word_1_91' title='bbox 1231 1214 1504 1283; x_wconf 86' lang='grc' dir='ltr'>ἁμαρτίας</span> <span class='ocrx_word' id='word_1_92' title='bbox 1529 1212 1731 1280; x_wconf 77' lang='grc' dir='ltr'>ἔφθασε</span> <span class='ocrx_word' id='word_1_93' title='bbox 1754 1229 1957 1281; x_wconf 89' lang='grc' dir='ltr'>νεκρω-</span> 
     </span>
    </p>
   </div>
   <div class='ocr_carea' id='block_1_13' title="bbox 377 1295 1956 1375">
    <p class='ocr_par' dir='ltr' id='par_1_13' title="bbox 377 1295 1956 1375">
     <span class='ocr_line' id='line_1_13' title="bbox 377 1295 1956 1375; baseline -0.008 -17"><span class='ocrx_word' id='word_1_94' title='bbox 377 1304 534 1375; x_wconf 81' lang='grc' dir='ltr'>θῆναι</span> <span class='ocrx_word' id='word_1_95' title='bbox 557 1301 654 1354; x_wconf 65' lang='grc' dir='ltr'>καὶ</span> <span class='ocrx_word' id='word_1_96' title='bbox 681 1300 824 1370; x_wconf 80' lang='grc' dir='ltr'>ζωῆς</span> <span class='ocrx_word' id='word_1_97' title='bbox 849 1297 1100 1365; x_wconf 88' lang='grc' dir='ltr'>γενέσθαι</span> <span class='ocrx_word' id='word_1_98' title='bbox 1128 1297 1352 1368; x_wconf 79' lang='grc' dir='ltr'>ἕρημος,</span> <span class='ocrx_word' id='word_1_99' title='bbox 1375 1295 1588 1365; x_wconf 88' lang='grc' dir='ltr'>ἐτέραν,</span> <span class='ocrx_word' id='word_1_100' title='bbox 1618 1295 1692 1357; x_wconf 85' lang='grc' dir='ltr'>ὼς</span> <span class='ocrx_word' id='word_1_101' title='bbox 1715 1295 1780 1348; x_wconf 85' lang='grc' dir='ltr'>ἂν</span> <span class='ocrx_word' id='word_1_102' title='bbox 1803 1296 1956 1346; x_wconf 78' lang='grc' dir='ltr'>εἴποι</span> 
     </span>
    </p>
   </div>
   <div class='ocr_carea' id='block_1_14' title="bbox 377 1379 1958 1455">
    <p class='ocr_par' dir='ltr' id='par_1_14' title="bbox 377 1379 1958 1455">
     <span class='ocr_line' id='line_1_14' title="bbox 377 1379 1958 1455; baseline -0.006 -13"><span class='ocrx_word' id='word_1_103' title='bbox 377 1406 483 1453; x_wconf 81' lang='grc' dir='ltr'>τις,</span> <span class='ocrx_word' id='word_1_104' title='bbox 519 1385 698 1455; x_wconf 70' lang='grc' dir='ltr'>μᾶζαν</span> <span class='ocrx_word' id='word_1_105' title='bbox 725 1385 818 1436; x_wconf 79' lang='grc' dir='ltr'>καὶ</span> <span class='ocrx_word' id='word_1_106' title='bbox 863 1381 1043 1451; x_wconf 78' lang='grc' dir='ltr'>ζύμην</span> <span class='ocrx_word' id='word_1_107' title='bbox 1069 1382 1425 1449; x_wconf 87' lang='grc' dir='ltr'>ἐπεισήγαγε,</span> <span class='ocrx_word' id='word_1_108' title='bbox 1464 1382 1561 1450; x_wconf 76' lang='grc' dir='ltr'>τὴν</span> <span class='ocrx_word' id='word_1_109' title='bbox 1603 1379 1798 1432; x_wconf 82' lang='grc' dir='ltr'>ἐαυτοῦ</span> <span class='ocrx_word' id='word_1_110' title='bbox 1829 1379 1958 1450; x_wconf 76' lang='grc' dir='ltr'>σάρ-</span> 
     </span>
    </p>
   </div>
   <div class='ocr_carea' id='block_1_15' title="bbox 380 1462 1957 1538">
    <p class='ocr_par' dir='ltr' id='par_1_15' title="bbox 380 1462 1957 1538">
     <span class='ocr_line' id='line_1_15' title="bbox 380 1462 1957 1538; baseline -0.015 -13"><span class='ocrx_word' id='word_1_111' title='bbox 380 1489 472 1537; x_wconf 89' lang='grc' dir='ltr'>κα,</span> <span class='ocrx_word' id='word_1_112' title='bbox 499 1469 662 1538; x_wconf 83' lang='grc' dir='ltr'>φύσει</span> <span class='ocrx_word' id='word_1_113' title='bbox 701 1466 798 1537; x_wconf 89' lang='grc' dir='ltr'>μέν</span> <span class='ocrx_word' id='word_1_114' title='bbox 825 1462 992 1518; x_wconf 78' lang='grc' dir='ltr'>οὖσαν</span> <span class='ocrx_word' id='word_1_115' title='bbox 1011 1462 1108 1533; x_wconf 84' lang='grc' dir='ltr'>τὴν</span> <span class='ocrx_word' id='word_1_116' title='bbox 1134 1463 1302 1533; x_wconf 77' lang='grc' dir='ltr'>αὐτὴν</span> <span class='ocrx_word' id='word_1_117' title='bbox 1328 1503 1342 1525; x_wconf 90' lang='grc'>,</span> <span class='ocrx_word' id='word_1_118' title='bbox 1378 1463 1652 1533; x_wconf 84' lang='grc' dir='ltr'>ἁμαρτίας</span> <span class='ocrx_word' id='word_1_119' title='bbox 1685 1463 1742 1515; x_wconf 81' lang='grc' dir='ltr'>δὲ</span> <span class='ocrx_word' id='word_1_120' title='bbox 1780 1462 1957 1532; x_wconf 81' lang='grc' dir='ltr'>ἀπηλ-</span> 
     </span>
    </p>
   </div>
   <div class='ocr_carea' id='block_1_16' title="bbox 379 1545 1957 1624">
    <p class='ocr_par' dir='ltr' id='par_1_16' title="bbox 379 1545 1957 1624">
     <span class='ocr_line' id='line_1_16' title="bbox 379 1545 1957 1624; baseline -0.008 -17"><span class='ocrx_word' id='word_1_121' title='bbox 379 1553 656 1624; x_wconf 81' lang='grc' dir='ltr'>λαγμένην</span> <span class='ocrx_word' id='word_1_122' title='bbox 681 1551 774 1602; x_wconf 74' lang='grc' dir='ltr'>καὶ</span> <span class='ocrx_word' id='word_1_123' title='bbox 811 1548 958 1614; x_wconf 79' lang='grc' dir='ltr'>ζωῆς</span> <span class='ocrx_word' id='word_1_124' title='bbox 983 1546 1278 1614; x_wconf 79' lang='grc' dir='ltr'>γέμουσαν,</span> <span class='ocrx_word' id='word_1_125' title='bbox 1309 1547 1401 1598; x_wconf 78' lang='grc' dir='ltr'>καὶ</span> <span class='ocrx_word' id='word_1_126' title='bbox 1438 1547 1604 1598; x_wconf 76' lang='grc' dir='ltr'>πᾶσιν</span> <span class='ocrx_word' id='word_1_127' title='bbox 1627 1545 1830 1598; x_wconf 74' lang='grc' dir='ltr'>ἔδωκεν</span> <span class='ocrx_word' id='word_1_128' title='bbox 1861 1545 1957 1595; x_wconf 83' lang='grc' dir='ltr'>αύ-</span> 
     </span>
    </p>
   </div>
   <div class='ocr_carea' id='block_1_17' title="bbox 379 1626 1957 1706">
    <p class='ocr_par' dir='ltr' id='par_1_17' title="bbox 379 1626 1957 1706">
     <span class='ocr_line' id='line_1_17' title="bbox 379 1626 1957 1706; baseline -0.015 -18"><span class='ocrx_word' id='word_1_129' title='bbox 379 1637 482 1706; x_wconf 81' lang='grc' dir='ltr'>τῆς</span> <span class='ocrx_word' id='word_1_130' title='bbox 514 1631 971 1704; x_wconf 76' lang='grc' dir='ltr'>μεταλαμϐάνειν,</span> <span class='ocrx_word' id='word_1_131' title='bbox 1013 1629 1097 1679; x_wconf 78' lang='grc' dir='ltr'>ἵνα</span> <span class='ocrx_word' id='word_1_132' title='bbox 1131 1627 1304 1696; x_wconf 76' lang='grc' dir='ltr'>ταύτῃ</span> <span class='ocrx_word' id='word_1_133' title='bbox 1349 1628 1699 1698; x_wconf 66' lang='grc' dir='ltr'>τρεφόμενοι,</span> <span class='ocrx_word' id='word_1_134' title='bbox 1729 1629 1823 1679; x_wconf 63' lang='grc' dir='ltr'>καὶ</span> <span class='ocrx_word' id='word_1_135' title='bbox 1859 1626 1957 1706; x_wconf 55' lang='grc' dir='ltr'>Ἔὴν</span> 
     </span>
    </p>
   </div>
   <div class='ocr_carea' id='block_1_18' title="bbox 379 1699 1957 1786">
    <p class='ocr_par' dir='ltr' id='par_1_18' title="bbox 379 1699 1957 1786">
     <span class='ocr_line' id='line_1_18' title="bbox 379 1699 1957 1786; baseline -0.007 -18"><span class='ocrx_word' id='word_1_136' title='bbox 379 1699 654 1786; x_wconf 79' lang='grc' dir='ltr'>προτέραν</span> <span class='ocrx_word' id='word_1_137' title='bbox 686 1709 1013 1777; x_wconf 76' lang='grc' dir='ltr'>ἀποθέμενοι</span> <span class='ocrx_word' id='word_1_138' title='bbox 1040 1706 1140 1775; x_wconf 84' lang='grc' dir='ltr'>τὴν</span> <span class='ocrx_word' id='word_1_139' title='bbox 1178 1707 1398 1776; x_wconf 79' lang='grc' dir='ltr'>νεκρὰν,</span> <span class='ocrx_word' id='word_1_140' title='bbox 1443 1709 1521 1768; x_wconf 88' lang='grc' dir='ltr'>εἰς</span> <span class='ocrx_word' id='word_1_141' title='bbox 1550 1707 1647 1775; x_wconf 77' lang='grc' dir='ltr'>τήν</span> <span class='ocrx_word' id='word_1_142' title='bbox 1675 1704 1821 1776; x_wconf 78' lang='grc' dir='ltr'>ζωήν</span> <span class='ocrx_word' id='word_1_143' title='bbox 1861 1699 1957 1775; x_wconf 70' lang='grc' dir='ltr'>τὴν</span> 
     </span>
    </p>
   </div>
   <div class='ocr_carea' id='block_1_19' title="bbox 375 1789 1954 1861">
    <p class='ocr_par' dir='ltr' id='par_1_19' title="bbox 375 1789 1954 1861">
     <span class='ocr_line' id='line_1_19' title="bbox 375 1789 1954 1861; baseline -0.006 -10"><span class='ocrx_word' id='word_1_144' title='bbox 375 1797 675 1852; x_wconf 75' lang='grc' dir='ltr'>ἀθάνατον·</span> <span class='ocrx_word' id='word_1_145' title='bbox 701 1792 787 1845; x_wconf 75' lang='grc' dir='ltr'>διὰ</span> <span class='ocrx_word' id='word_1_146' title='bbox 813 1792 910 1859; x_wconf 83' lang='grc' dir='ltr'>τῆς</span> <span class='ocrx_word' id='word_1_147' title='bbox 932 1791 1210 1860; x_wconf 75' lang='grc' dir='ltr'>τραπέζης</span> <span class='ocrx_word' id='word_1_148' title='bbox 1244 1790 1708 1861; x_wconf 85' lang='grc' dir='ltr'>ἀνακερασθῶμεν</span> <span class='ocrx_word' id='word_1_149' title='bbox 1735 1789 1954 1858; x_wconf 76' lang='grc' dir='ltr'>ταύτης.</span> 
     </span>
    </p>
   </div>
   <div class='ocr_carea' id='block_1_20' title="bbox 375 1871 1959 1940">
    <p class='ocr_par' dir='ltr' id='par_1_20' title="bbox 375 1871 1959 1940">
     <span class='ocr_line' id='line_1_20' title="bbox 375 1871 1959 1940; baseline -0.008 -6"><span class='ocrx_word' id='word_1_150' title='bbox 375 1879 637 1934; x_wconf 73' lang='grc' dir='ltr'>Βλέπετε</span> <span class='ocrx_word' id='word_1_151' title='bbox 671 1879 778 1928; x_wconf 80' lang='grc' dir='ltr'>τὸν</span> <span class='ocrx_word' id='word_1_152' title='bbox 810 1871 1049 1940; x_wconf 74' lang='grc' dir='ltr'>Ἰσραὴλ</span> <span class='ocrx_word' id='word_1_153' title='bbox 1079 1872 1230 1924; x_wconf 83' lang='grc' dir='ltr'>κατὰ</span> <span class='ocrx_word' id='word_1_154' title='bbox 1251 1872 1477 1940; x_wconf 86' lang='grc' dir='ltr'>σάρκα·</span> <span class='ocrx_word' id='word_1_155' title='bbox 1515 1875 1628 1940; x_wconf 90' lang='grc' dir='ltr'>οὺχ</span> <span class='ocrx_word' id='word_1_156' title='bbox 1654 1875 1708 1925; x_wconf 87' lang='grc' dir='ltr'>οί</span> <span class='ocrx_word' id='word_1_157' title='bbox 1730 1871 1959 1925; x_wconf 82' lang='grc' dir='ltr'>ἐσθίον-</span> 
     </span>
    </p>
   </div>
   <div class='ocr_carea' id='block_1_21' title="bbox 374 1953 1957 2027">
    <p class='ocr_par' dir='ltr' id='par_1_21' title="bbox 374 1953 1957 2027">
     <span class='ocr_line' id='line_1_21' title="bbox 374 1953 1957 2027; baseline -0.007 -10"><span class='ocrx_word' id='word_1_158' title='bbox 374 1980 474 2027; x_wconf 90' lang='grc' dir='ltr'>τες</span> <span class='ocrx_word' id='word_1_159' title='bbox 501 1962 607 2025; x_wconf 84' lang='grc' dir='ltr'>τὰς</span> <span class='ocrx_word' id='word_1_160' title='bbox 637 1959 854 2022; x_wconf 86' lang='grc' dir='ltr'>θυσίας</span> <span class='ocrx_word' id='word_1_161' title='bbox 884 1956 1157 2008; x_wconf 77' lang='grc' dir='ltr'>κοινωνοί</span> <span class='ocrx_word' id='word_1_162' title='bbox 1207 1953 1316 2006; x_wconf 86' lang='grc' dir='ltr'>τοῦ</span> <span class='ocrx_word' id='word_1_163' title='bbox 1345 1955 1774 2023; x_wconf 80' lang='grc' dir='ltr'>θυσιαστηρίου</span> <span class='ocrx_word' id='word_1_164' title='bbox 1799 1953 1957 2017; x_wconf 85' lang='grc' dir='ltr'>εὶσί;</span> 
     </span>
    </p>
   </div>
   <div class='ocr_carea' id='block_1_22' title="bbox 377 2035 1956 2108">
    <p class='ocr_par' dir='ltr' id='par_1_22' title="bbox 377 2035 1956 2108">
     <span class='ocr_line' id='line_1_22' title="bbox 377 2035 1956 2108; baseline -0.006 -10"><span class='ocrx_word' id='word_1_165' title='bbox 377 2044 548 2099; x_wconf 82' lang='grc' dir='ltr'>Πάλιν</span> <span class='ocrx_word' id='word_1_166' title='bbox 573 2041 680 2095; x_wconf 78' lang='grc' dir='ltr'>ἀπὸ</span> <span class='ocrx_word' id='word_1_167' title='bbox 708 2039 806 2108; x_wconf 80' lang='grc' dir='ltr'>τῆς</span> <span class='ocrx_word' id='word_1_168' title='bbox 833 2037 1073 2098; x_wconf 81' lang='grc' dir='ltr'>[Ιαλαιᾶς</span> <span class='ocrx_word' id='word_1_169' title='bbox 1108 2037 1200 2089; x_wconf 74' lang='grc' dir='ltr'>καὶ</span> <span class='ocrx_word' id='word_1_170' title='bbox 1226 2038 1305 2098; x_wconf 85' lang='grc' dir='ltr'>είς</span> <span class='ocrx_word' id='word_1_171' title='bbox 1341 2035 1499 2088; x_wconf 88' lang='grc' dir='ltr'>τοῦτο</span> <span class='ocrx_word' id='word_1_172' title='bbox 1529 2037 1732 2104; x_wconf 82' lang='grc' dir='ltr'>ἐνάγει.</span> <span class='ocrx_word' id='word_1_173' title='bbox 1775 2037 1956 2090; x_wconf 85' lang='grc' dir='ltr'>Ἐπει-</span> 
     </span>
    </p>
   </div>
   <div class='ocr_carea' id='block_1_23' title="bbox 377 2115 1957 2198">
    <p class='ocr_par' dir='ltr' id='par_1_23' title="bbox 377 2115 1957 2198">
     <span class='ocr_line' id='line_1_23' title="bbox 377 2115 1957 2198; baseline -0.006 -17"><span class='ocrx_word' id='word_1_174' title='bbox 377 2127 443 2198; x_wconf 73' lang='grc' dir='ltr'>δὴ</span> <span class='ocrx_word' id='word_1_175' title='bbox 470 2127 577 2196; x_wconf 87' lang='lat'>7&amp;9</span> <span class='ocrx_word' id='word_1_176' title='bbox 607 2123 740 2176; x_wconf 71' lang='grc' dir='ltr'>πολὺ</span> <span class='ocrx_word' id='word_1_177' title='bbox 777 2120 872 2173; x_wconf 89' lang='grc' dir='ltr'>τοῦ</span> <span class='ocrx_word' id='word_1_178' title='bbox 916 2117 1183 2189; x_wconf 82' lang='grc' dir='ltr'>μεγέθους</span> <span class='ocrx_word' id='word_1_179' title='bbox 1212 2119 1319 2171; x_wconf 84' lang='grc' dir='ltr'>τῶν</span> <span class='ocrx_word' id='word_1_180' title='bbox 1357 2118 1653 2187; x_wconf 81' lang='grc' dir='ltr'>λεχθέντων</span> <span class='ocrx_word' id='word_1_181' title='bbox 1693 2115 1832 2188; x_wconf 81' lang='grc' dir='ltr'>ἦσαν</span> <span class='ocrx_word' id='word_1_182' title='bbox 1859 2137 1957 2172; x_wconf 87' lang='grc' dir='ltr'>τα-</span> 
     </span>
    </p>
   </div>
   <div class='ocr_carea' id='block_1_24' title="bbox 380 2202 1958 2277">
    <p class='ocr_par' dir='ltr' id='par_1_24' title="bbox 380 2202 1958 2277">
     <span class='ocr_line' id='line_1_24' title="bbox 380 2202 1958 2277; baseline -0.005 -13"><span class='ocrx_word' id='word_1_183' title='bbox 380 2212 702 2277; x_wconf 67' lang='grc' dir='ltr'>πεινότεροι,</span> <span class='ocrx_word' id='word_1_184' title='bbox 734 2205 828 2258; x_wconf 74' lang='grc' dir='ltr'>καὶ</span> <span class='ocrx_word' id='word_1_185' title='bbox 853 2204 961 2256; x_wconf 86' lang='grc' dir='ltr'>ἀπὸ</span> <span class='ocrx_word' id='word_1_186' title='bbox 985 2202 1095 2255; x_wconf 90' lang='grc' dir='ltr'>τῶν</span> <span class='ocrx_word' id='word_1_187' title='bbox 1131 2203 1410 2273; x_wconf 75' lang='grc' dir='ltr'>προτέρων</span> <span class='ocrx_word' id='word_1_188' title='bbox 1444 2203 1639 2266; x_wconf 76' lang='grc' dir='ltr'>αὐτοὺς</span> <span class='ocrx_word' id='word_1_189' title='bbox 1681 2206 1773 2256; x_wconf 75' lang='grc' dir='ltr'>καὶ</span> <span class='ocrx_word' id='word_1_190' title='bbox 1833 2219 1958 2256; x_wconf 84' lang='grc' dir='ltr'>συν-</span> 
     </span>
    </p>
   </div>
   <div class='ocr_carea' id='block_1_25' title="bbox 379 2284 1958 2364">
    <p class='ocr_par' dir='ltr' id='par_1_25' title="bbox 379 2284 1958 2364">
     <span class='ocr_line' id='line_1_25' title="bbox 379 2284 1958 2364; baseline -0.012 -18"><span class='ocrx_word' id='word_1_191' title='bbox 379 2293 526 2364; x_wconf 85' lang='grc' dir='ltr'>ήθων</span> <span class='ocrx_word' id='word_1_192' title='bbox 561 2290 756 2342; x_wconf 79' lang='grc' dir='ltr'>πείθει.</span> <span class='ocrx_word' id='word_1_193' title='bbox 792 2287 903 2340; x_wconf 76' lang='grc' dir='ltr'>Καὶ</span> <span class='ocrx_word' id='word_1_194' title='bbox 943 2285 1144 2347; x_wconf 85' lang='grc' dir='ltr'>καλῶς,</span> <span class='ocrx_word' id='word_1_195' title='bbox 1192 2289 1351 2338; x_wconf 76' lang='grc' dir='ltr'>Κατὰ</span> <span class='ocrx_word' id='word_1_196' title='bbox 1384 2284 1602 2353; x_wconf 79' lang='grc' dir='ltr'>σάρκα,</span> <span class='ocrx_word' id='word_1_197' title='bbox 1655 2286 1839 2354; x_wconf 70' lang='grc' dir='ltr'>φησὶν,</span> <span class='ocrx_word' id='word_1_198' title='bbox 1882 2285 1958 2348; x_wconf 77' lang='grc' dir='ltr'>ὡς</span> 
     </span>
    </p>
   </div>
   <div class='ocr_carea' id='block_1_26' title="bbox 378 2367 1958 2438">
    <p class='ocr_par' dir='ltr' id='par_1_26' title="bbox 378 2367 1958 2438">
     <span class='ocr_line' id='line_1_26' title="bbox 378 2367 1958 2438; baseline -0.007 -9"><span class='ocrx_word' id='word_1_199' title='bbox 378 2375 556 2430; x_wconf 72' lang='grc' dir='ltr'>αὐτῶν</span> <span class='ocrx_word' id='word_1_200' title='bbox 599 2373 739 2425; x_wconf 82' lang='grc' dir='ltr'>κατά</span> <span class='ocrx_word' id='word_1_201' title='bbox 783 2369 1000 2438; x_wconf 83' lang='grc' dir='ltr'>πνεῦμα</span> <span class='ocrx_word' id='word_1_202' title='bbox 1055 2368 1243 2420; x_wconf 67' lang='grc' dir='ltr'>ὄντων.</span> <span class='ocrx_word' id='word_1_203' title='bbox 1299 2369 1363 2419; x_wconf 86' lang='grc'>’0</span> <span class='ocrx_word' id='word_1_204' title='bbox 1397 2367 1453 2420; x_wconf 82' lang='grc' dir='ltr'>δὲ</span> <span class='ocrx_word' id='word_1_205' title='bbox 1499 2367 1667 2434; x_wconf 90' lang='grc' dir='ltr'>λέγει,</span> <span class='ocrx_word' id='word_1_206' title='bbox 1718 2367 1958 2419; x_wconf 85' lang='grc' dir='ltr'>τοιοῦτόν</span> 
     </span>
    </p>
   </div>
   <div class='ocr_carea' id='block_1_27' title="bbox 379 2449 1958 2519">
    <p class='ocr_par' dir='ltr' id='par_1_27' title="bbox 379 2449 1958 2519">
     <span class='ocr_line' id='line_1_27' title="bbox 379 2449 1958 2519; baseline -0.006 -7"><span class='ocrx_word' id='word_1_207' title='bbox 379 2461 496 2511; x_wconf 84' lang='grc' dir='ltr'>ἐστι</span> <span class='ocrx_word' id='word_1_208' title='bbox 515 2471 528 2484; x_wconf 87' lang='grc'><strong>·</strong></span> <span class='ocrx_word' id='word_1_209' title='bbox 555 2454 672 2509; x_wconf 71' lang='grc' dir='ltr'>Κάν</span> <span class='ocrx_word' id='word_1_210' title='bbox 701 2453 806 2506; x_wconf 83' lang='grc' dir='ltr'>ἀπὸ</span> <span class='ocrx_word' id='word_1_211' title='bbox 830 2452 937 2503; x_wconf 86' lang='grc' dir='ltr'>τῶν</span> <span class='ocrx_word' id='word_1_212' title='bbox 964 2450 1286 2519; x_wconf 79' lang='grc' dir='ltr'>παχυτέρων</span> <span class='ocrx_word' id='word_1_213' title='bbox 1321 2449 1667 2519; x_wconf 87' lang='grc' dir='ltr'>παιδεύθητε,</span> <span class='ocrx_word' id='word_1_214' title='bbox 1685 2449 1766 2502; x_wconf 84' lang='grc' dir='ltr'>ὃτι</span> <span class='ocrx_word' id='word_1_215' title='bbox 1795 2450 1845 2501; x_wconf 92' lang='grc' dir='ltr'>οἱ</span> <span class='ocrx_word' id='word_1_216' title='bbox 1869 2450 1958 2502; x_wconf 85' lang='grc' dir='ltr'>ἐσ-</span> 
     </span>
    </p>
   </div>
   <div class='ocr_carea' id='block_1_28' title="bbox 381 2531 1955 2602">
    <p class='ocr_par' dir='ltr' id='par_1_28' title="bbox 381 2531 1955 2602">
     <span class='ocr_line' id='line_1_28' title="bbox 381 2531 1955 2602; baseline -0.006 -8"><span class='ocrx_word' id='word_1_217' title='bbox 381 2542 588 2601; x_wconf 87' lang='grc' dir='ltr'>θίοντες</span> <span class='ocrx_word' id='word_1_218' title='bbox 609 2538 708 2599; x_wconf 75' lang='grc' dir='ltr'>τὰς</span> <span class='ocrx_word' id='word_1_219' title='bbox 752 2533 940 2596; x_wconf 88' lang='grc' dir='ltr'>θυσίας</span> <span class='ocrx_word' id='word_1_220' title='bbox 975 2532 1223 2585; x_wconf 81' lang='grc' dir='ltr'>κοινωνοὶ</span> <span class='ocrx_word' id='word_1_221' title='bbox 1251 2531 1344 2584; x_wconf 89' lang='grc' dir='ltr'>τοῦ</span> <span class='ocrx_word' id='word_1_222' title='bbox 1379 2532 1762 2602; x_wconf 83' lang='grc' dir='ltr'>θυσιαστηρίου</span> <span class='ocrx_word' id='word_1_223' title='bbox 1798 2533 1955 2587; x_wconf 90' lang='grc' dir='ltr'>εἰσίν.</span> 
     </span>
    </p>
   </div>
   <div class='ocr_carea' id='block_1_29' title="bbox 389 2614 1959 2692">
    <p class='ocr_par' dir='ltr' id='par_1_29' title="bbox 389 2614 1959 2692">
     <span class='ocr_line' id='line_1_29' title="bbox 389 2614 1959 2692; baseline -0.006 -16"><span class='ocrx_word' id='word_1_224' title='bbox 389 2622 554 2692; x_wconf 79' lang='grc' dir='ltr'>Ὁρᾷς</span> <span class='ocrx_word' id='word_1_225' title='bbox 577 2619 691 2682; x_wconf 87' lang='grc' dir='ltr'>πῶς</span> <span class='ocrx_word' id='word_1_226' title='bbox 716 2617 984 2670; x_wconf 89' lang='grc' dir='ltr'>δείκνυσιν</span> <span class='ocrx_word' id='word_1_227' title='bbox 1013 2615 1114 2667; x_wconf 81' lang='grc' dir='ltr'>οὐκ</span> <span class='ocrx_word' id='word_1_228' title='bbox 1135 2614 1354 2684; x_wconf 75' lang='grc' dir='ltr'>ἔχοντας</span> <span class='ocrx_word' id='word_1_229' title='bbox 1380 2615 1581 2682; x_wconf 88' lang='grc' dir='ltr'>γνῶσιν</span> <span class='ocrx_word' id='word_1_230' title='bbox 1601 2615 1812 2667; x_wconf 89' lang='grc' dir='ltr'>τελείαν</span> <span class='ocrx_word' id='word_1_231' title='bbox 1834 2617 1959 2677; x_wconf 81' lang='grc' dir='ltr'>τοὺς</span> 
     </span>
    </p>
   </div>
   <div class='ocr_carea' id='block_1_30' title="bbox 379 2695 1956 2768">
    <p class='ocr_par' dir='ltr' id='par_1_30' title="bbox 379 2695 1956 2768">
     <span class='ocr_line' id='line_1_30' title="bbox 379 2695 1956 2768; baseline -0.007 -9"><span class='ocrx_word' id='word_1_232' title='bbox 379 2703 669 2763; x_wconf 81' lang='grc' dir='ltr'>δοκοῦντας</span> <span class='ocrx_word' id='word_1_233' title='bbox 709 2695 846 2753; x_wconf 77' lang='grc' dir='ltr'>εἶναι</span> <span class='ocrx_word' id='word_1_234' title='bbox 883 2698 1148 2761; x_wconf 82' lang='grc' dir='ltr'>τελείους,</span> <span class='ocrx_word' id='word_1_235' title='bbox 1195 2696 1249 2748; x_wconf 86' lang='grc' dir='ltr'>εί</span> <span class='ocrx_word' id='word_1_236' title='bbox 1279 2713 1343 2764; x_wconf 91' lang='grc' dir='ltr'>γε</span> <span class='ocrx_word' id='word_1_237' title='bbox 1387 2697 1522 2768; x_wconf 77' lang='grc' dir='ltr'>μηδὲ</span> <span class='ocrx_word' id='word_1_238' title='bbox 1563 2697 1720 2750; x_wconf 90' lang='grc' dir='ltr'>τοῦτο</span> <span class='ocrx_word' id='word_1_239' title='bbox 1759 2698 1956 2763; x_wconf 75' lang='grc' dir='ltr'>ἴσασιν,</span> 
     </span>
    </p>
   </div>
   <div class='ocr_carea' id='block_1_31' title="bbox 379 2779 1958 2848">
    <p class='ocr_par' dir='ltr' id='par_1_31' title="bbox 379 2779 1958 2848">
     <span class='ocr_line' id='line_1_31' title="bbox 379 2779 1958 2848; baseline -0.006 -7"><span class='ocrx_word' id='word_1_240' title='bbox 379 2789 463 2841; x_wconf 76' lang='grc' dir='ltr'>ὅτι</span> <span class='ocrx_word' id='word_1_241' title='bbox 490 2783 740 2839; x_wconf 84' lang='grc' dir='ltr'>κοινωνία</span> <span class='ocrx_word' id='word_1_242' title='bbox 785 2799 868 2845; x_wconf 90' lang='grc' dir='ltr'>τις</span> <span class='ocrx_word' id='word_1_243' title='bbox 897 2782 1006 2834; x_wconf 82' lang='grc' dir='ltr'>ἀπὸ</span> <span class='ocrx_word' id='word_1_244' title='bbox 1033 2780 1238 2833; x_wconf 87' lang='grc' dir='ltr'>τούτων</span> <span class='ocrx_word' id='word_1_245' title='bbox 1277 2779 1372 2832; x_wconf 75' lang='grc' dir='ltr'>καὶ</span> <span class='ocrx_word' id='word_1_246' title='bbox 1404 2780 1556 2848; x_wconf 88' lang='grc' dir='ltr'>φιλία</span> <span class='ocrx_word' id='word_1_247' title='bbox 1583 2779 1794 2842; x_wconf 86' lang='grc' dir='ltr'>πολλοῖς</span> <span class='ocrx_word' id='word_1_248' title='bbox 1825 2779 1958 2831; x_wconf 86' lang='grc' dir='ltr'>πολ-</span> 
     </span>
    </p>
   </div>
   <div class='ocr_carea' id='block_1_32' title="bbox 378 2862 1958 2938">
    <p class='ocr_par' dir='ltr' id='par_1_32' title="bbox 378 2862 1958 2938">
     <span class='ocr_line' id='line_1_32' title="bbox 378 2862 1958 2938; baseline -0.008 -13"><span class='ocrx_word' id='word_1_249' title='bbox 378 2872 533 2932; x_wconf 80' lang='grc' dir='ltr'>λάκις</span> <span class='ocrx_word' id='word_1_250' title='bbox 562 2869 699 2938; x_wconf 76' lang='grc' dir='ltr'>πρδς</span> <span class='ocrx_word' id='word_1_251' title='bbox 730 2866 989 2935; x_wconf 84' lang='grc' dir='ltr'>δαίμονας</span> <span class='ocrx_word' id='word_1_252' title='bbox 1017 2863 1249 2930; x_wconf 87' lang='grc' dir='ltr'>γίνεται,</span> <span class='ocrx_word' id='word_1_253' title='bbox 1279 2862 1419 2915; x_wconf 87' lang='grc' dir='ltr'>κατά</span> <span class='ocrx_word' id='word_1_254' title='bbox 1446 2863 1644 2932; x_wconf 82' lang='grc' dir='ltr'>μικρὸν</span> <span class='ocrx_word' id='word_1_255' title='bbox 1688 2862 1790 2930; x_wconf 82' lang='grc' dir='ltr'>τῆς</span> <span class='ocrx_word' id='word_1_256' title='bbox 1832 2878 1958 2914; x_wconf 84' lang='grc' dir='ltr'>συν-</span> 
     </span>
    </p>
   </div>
   <div class='ocr_carea' id='block_1_33' title="bbox 379 2943 1959 3024">
    <p class='ocr_par' dir='ltr' id='par_1_33' title="bbox 379 2943 1959 3024">
     <span class='ocr_line' id='line_1_33' title="bbox 379 2943 1959 3024; baseline -0.007 -18"><span class='ocrx_word' id='word_1_257' title='bbox 379 2953 566 3024; x_wconf 86' lang='grc' dir='ltr'>ηθείας</span> <span class='ocrx_word' id='word_1_258' title='bbox 591 2949 788 3010; x_wconf 71' lang='grc' dir='ltr'>αὐτοὺς</span> <span class='ocrx_word' id='word_1_259' title='bbox 817 2946 1214 3018; x_wconf 78' lang='grc' dir='ltr'>ὲφελκομένης;</span> <span class='ocrx_word' id='word_1_260' title='bbox 1240 2945 1302 2996; x_wconf 86' lang='grc' dir='ltr'>Εἰ</span> <span class='ocrx_word' id='word_1_261' title='bbox 1331 2945 1438 3014; x_wconf 84' lang='grc' dir='ltr'>γὰρ</span> <span class='ocrx_word' id='word_1_262' title='bbox 1469 2946 1554 2996; x_wconf 84' lang='grc' dir='ltr'>ἐπ’</span> <span class='ocrx_word' id='word_1_263' title='bbox 1571 2944 1872 3015; x_wconf 86' lang='grc' dir='ltr'>ἀνθρώπων</span> <span class='ocrx_word' id='word_1_264' title='bbox 1896 2943 1959 2995; x_wconf 86' lang='grc' dir='ltr'>τὸ</span> 
     </span>
    </p>
   </div>
   <div class='ocr_carea' id='block_1_34' title="bbox 379 3025 1959 3098">
    <p class='ocr_par' dir='ltr' id='par_1_34' title="bbox 379 3025 1959 3098">
     <span class='ocr_line' id='line_1_34' title="bbox 379 3025 1959 3098; baseline -0.008 -7"><span class='ocrx_word' id='word_1_265' title='bbox 379 3036 652 3091; x_wconf 82' lang='grc' dir='ltr'>κοινωνεῖν</span> <span class='ocrx_word' id='word_1_266' title='bbox 675 3031 819 3085; x_wconf 87' lang='grc' dir='ltr'>ἀλῶν</span> <span class='ocrx_word' id='word_1_267' title='bbox 842 3031 938 3083; x_wconf 74' lang='grc' dir='ltr'>καὶ</span> <span class='ocrx_word' id='word_1_268' title='bbox 958 3029 1235 3098; x_wconf 77' lang='grc' dir='ltr'>τραπέζης</span> <span class='ocrx_word' id='word_1_269' title='bbox 1261 3027 1441 3097; x_wconf 81' lang='grc' dir='ltr'>φιλίας</span> <span class='ocrx_word' id='word_1_270' title='bbox 1465 3027 1686 3097; x_wconf 84' lang='grc' dir='ltr'>ἀφορμὴ</span> <span class='ocrx_word' id='word_1_271' title='bbox 1709 3028 1803 3080; x_wconf 77' lang='grc' dir='ltr'>καὶ</span> <span class='ocrx_word' id='word_1_272' title='bbox 1828 3025 1959 3096; x_wconf 86' lang='grc' dir='ltr'>σύμ-</span> 
     </span>
    </p>
   </div>
   <div class='ocr_carea' id='block_1_35' title="bbox 381 3110 1957 3186">
    <p class='ocr_par' dir='ltr' id='par_1_35' title="bbox 381 3110 1957 3186">
     <span class='ocr_line' id='line_1_35' title="bbox 381 3110 1957 3186; baseline -0.007 -14"><span class='ocrx_word' id='word_1_273' title='bbox 381 3119 535 3172; x_wconf 73' lang='grc' dir='ltr'>ϐολον</span> <span class='ocrx_word' id='word_1_274' title='bbox 566 3117 798 3186; x_wconf 82' lang='grc' dir='ltr'>γίνεται,</span> <span class='ocrx_word' id='word_1_275' title='bbox 823 3114 1056 3184; x_wconf 84' lang='grc' dir='ltr'>ἐγχωρεῖ</span> <span class='ocrx_word' id='word_1_276' title='bbox 1081 3114 1174 3166; x_wconf 79' lang='grc' dir='ltr'>καὶ</span> <span class='ocrx_word' id='word_1_277' title='bbox 1209 3112 1302 3163; x_wconf 74' lang='grc' dir='ltr'>ἐπὶ</span> <span class='ocrx_word' id='word_1_278' title='bbox 1325 3111 1592 3180; x_wconf 81' lang='grc' dir='ltr'>δαιμόνων</span> <span class='ocrx_word' id='word_1_279' title='bbox 1624 3110 1787 3163; x_wconf 90' lang='grc' dir='ltr'>τοῦτο</span> <span class='ocrx_word' id='word_1_280' title='bbox 1818 3128 1957 3179; x_wconf 81' lang='grc' dir='ltr'>συμ-</span> 
     </span>
    </p>
   </div>
   <div class='ocr_carea' id='block_1_36' title="bbox 381 3192 1956 3274">
    <p class='ocr_par' dir='ltr' id='par_1_36' title="bbox 381 3192 1956 3274">
     <span class='ocr_line' id='line_1_36' title="bbox 381 3192 1956 3274; baseline -0.004 -19"><span class='ocrx_word' id='word_1_281' title='bbox 381 3205 541 3274; x_wconf 78' lang='grc' dir='ltr'>ϐῆναι</span> <span class='ocrx_word' id='word_1_282' title='bbox 569 3218 582 3231; x_wconf 76' lang='grc' dir='ltr'>ο</span> <span class='ocrx_word' id='word_1_283' title='bbox 619 3200 683 3253; x_wconf 74' lang='grc' dir='ltr'>σὺ</span> <span class='ocrx_word' id='word_1_284' title='bbox 712 3200 766 3252; x_wconf 85' lang='grc' dir='ltr'>δέ</span> <span class='ocrx_word' id='word_1_285' title='bbox 793 3215 882 3268; x_wconf 88' lang='grc' dir='ltr'>μοι</span> <span class='ocrx_word' id='word_1_286' title='bbox 911 3196 1124 3261; x_wconf 80' lang='grc' dir='ltr'>σκόπει,</span> <span class='ocrx_word' id='word_1_287' title='bbox 1157 3194 1272 3256; x_wconf 87' lang='grc' dir='ltr'>πῶς</span> <span class='ocrx_word' id='word_1_288' title='bbox 1297 3194 1386 3246; x_wconf 75' lang='grc' dir='ltr'>ἐπὶ</span> <span class='ocrx_word' id='word_1_289' title='bbox 1413 3193 1510 3263; x_wconf 87' lang='grc' dir='ltr'>μὲν</span> <span class='ocrx_word' id='word_1_290' title='bbox 1540 3192 1648 3251; x_wconf 89' lang='grc' dir='ltr'>τῶν</span> <span class='ocrx_word' id='word_1_291' title='bbox 1687 3195 1956 3248; x_wconf 80' lang='grc' dir='ltr'>Ἰουδαίων</span> 
     </span>
    </p>
   </div>
   <div class='ocr_carea' id='block_1_37' title="bbox 380 3275 1956 3348">
    <p class='ocr_par' dir='ltr' id='par_1_37' title="bbox 380 3275 1956 3348">
     <span class='ocr_line' id='line_1_37' title="bbox 380 3275 1956 3348; baseline -0.005 -10"><span class='ocrx_word' id='word_1_292' title='bbox 380 3286 481 3339; x_wconf 72' lang='grc' dir='ltr'>οὐκ</span> <span class='ocrx_word' id='word_1_293' title='bbox 508 3279 679 3346; x_wconf 75' lang='grc' dir='ltr'>εἶπεν,</span> <span class='ocrx_word' id='word_1_294' title='bbox 718 3281 800 3334; x_wconf 85' lang='grc' dir='ltr'>ὃτι</span> <span class='ocrx_word' id='word_1_295' title='bbox 831 3279 908 3346; x_wconf 82' lang='grc' dir='ltr'>τῷ</span> <span class='ocrx_word' id='word_1_296' title='bbox 935 3278 1054 3348; x_wconf 80' lang='grc' dir='ltr'>Θεῷ</span> <span class='ocrx_word' id='word_1_297' title='bbox 1083 3275 1452 3339; x_wconf 80' lang='grc' dir='ltr'>κοινωνοῦσιν,</span> <span class='ocrx_word' id='word_1_298' title='bbox 1491 3276 1646 3340; x_wconf 84' lang='grc' dir='ltr'>ἀλλὰ,</span> <span class='ocrx_word' id='word_1_299' title='bbox 1673 3277 1956 3331; x_wconf 78' lang='grc' dir='ltr'>Κοινωνοὶ</span> 
     </span>
    </p>
   </div>
   <div class='ocr_carea' id='block_1_38' title="bbox 381 3358 2031 3429">
    <p class='ocr_par' dir='ltr' id='par_1_38' title="bbox 381 3358 2031 3429">
     <span class='ocr_line' id='line_1_38' title="bbox 381 3358 2031 3429; baseline -0.007 -7"><span class='ocrx_word' id='word_1_300' title='bbox 381 3367 488 3422; x_wconf 86' lang='grc' dir='ltr'>τοῦ</span> <span class='ocrx_word' id='word_1_301' title='bbox 517 3363 953 3429; x_wconf 81' lang='grc' dir='ltr'>θυσιαστηρίου</span> <span class='ocrx_word' id='word_1_302' title='bbox 987 3361 1106 3412; x_wconf 83' lang='grc' dir='ltr'>είσί</span> <span class='ocrx_word' id='word_1_303' title='bbox 1124 3376 1138 3390; x_wconf 69' lang='grc'><strong><em>⁸</em></strong></span> <span class='ocrx_word' id='word_1_304' title='bbox 1178 3361 1272 3412; x_wconf 70' lang='grc' dir='ltr'>καὶ</span> <span class='ocrx_word' id='word_1_305' title='bbox 1297 3358 1405 3429; x_wconf 80' lang='lat'>7&amp;9</span> <span class='ocrx_word' id='word_1_306' title='bbox 1435 3358 1758 3411; x_wconf 86' lang='grc' dir='ltr'>κατεκαίετο</span> <span class='ocrx_word' id='word_1_307' title='bbox 1789 3359 1850 3412; x_wconf 86' lang='grc' dir='ltr'>τδ</span> <span class='ocrx_word' id='word_1_308' title='bbox 1877 3377 1959 3414; x_wconf 84' lang='grc' dir='ltr'>τε·</span> <span class='ocrx_word' id='word_1_309' title='bbox 2025 3373 2031 3380; x_wconf 84' lang='grc'><em>’</em></span> 
     </span>
    </p>
   </div>
   <div class='ocr_carea' id='block_1_39' title="bbox 383 3439 1958 3520">
    <p class='ocr_par' dir='ltr' id='par_1_39' title="bbox 383 3439 1958 3520">
     <span class='ocr_line' id='line_1_39' title="bbox 383 3439 1958 3520; baseline -0.006 -17"><span class='ocrx_word' id='word_1_310' title='bbox 383 3449 630 3520; x_wconf 85' lang='grc' dir='ltr'>θειμένον</span> <span class='ocrx_word' id='word_1_311' title='bbox 650 3447 677 3486; x_wconf 72' lang='grc' dir='ltr'>δ</span> <span class='ocrx_word' id='word_1_312' title='bbox 702 3462 715 3474; x_wconf 83' lang='lat'><strong><em>°</em></strong></span> <span class='ocrx_word' id='word_1_313' title='bbox 744 3445 837 3498; x_wconf 73' lang='grc' dir='ltr'>ἐπὶ</span> <span class='ocrx_word' id='word_1_314' title='bbox 862 3444 920 3496; x_wconf 81' lang='grc' dir='ltr'>δέ</span> <span class='ocrx_word' id='word_1_315' title='bbox 953 3441 1046 3494; x_wconf 90' lang='grc' dir='ltr'>τοῦ</span> <span class='ocrx_word' id='word_1_316' title='bbox 1077 3441 1327 3510; x_wconf 88' lang='grc' dir='ltr'>σώματος</span> <span class='ocrx_word' id='word_1_317' title='bbox 1358 3439 1457 3492; x_wconf 85' lang='grc' dir='ltr'>τοῦ</span> <span class='ocrx_word' id='word_1_318' title='bbox 1491 3441 1726 3510; x_wconf 84' lang='grc' dir='ltr'>Χριστοῦ</span> <span class='ocrx_word' id='word_1_319' title='bbox 1751 3443 1848 3511; x_wconf 81' lang='grc' dir='ltr'>οὐχ</span> <span class='ocrx_word' id='word_1_320' title='bbox 1869 3441 1958 3494; x_wconf 74' lang='grc' dir='ltr'>οῦ-</span> 
     </span>
    </p>
   </div>
   <div class='ocr_carea' id='block_1_40' title="bbox 383 3521 1958 3596">
    <p class='ocr_par' dir='ltr' id='par_1_40' title="bbox 383 3521 1958 3596">
     <span class='ocr_line' id='line_1_40' title="bbox 383 3521 1958 3596; baseline -0.006 -10"><span class='ocrx_word' id='word_1_321' title='bbox 383 3549 517 3596; x_wconf 82' lang='grc' dir='ltr'>τως’</span> <span class='ocrx_word' id='word_1_322' title='bbox 555 3529 691 3583; x_wconf 85' lang='grc' dir='ltr'>ἀλλά</span> <span class='ocrx_word' id='word_1_323' title='bbox 732 3529 885 3590; x_wconf 74' lang='grc' dir='ltr'>πῶςς</span> <span class='ocrx_word' id='word_1_324' title='bbox 924 3525 1214 3580; x_wconf 74' lang='grc' dir='ltr'>Κοινωνία</span> <span class='ocrx_word' id='word_1_325' title='bbox 1251 3522 1358 3576; x_wconf 85' lang='grc' dir='ltr'>τοῦ</span> <span class='ocrx_word' id='word_1_326' title='bbox 1387 3521 1661 3591; x_wconf 86' lang='grc' dir='ltr'>σώματος</span> <span class='ocrx_word' id='word_1_327' title='bbox 1693 3523 1797 3577; x_wconf 85' lang='grc' dir='ltr'>τοῦ</span> <span class='ocrx_word' id='word_1_328' title='bbox 1843 3528 1958 3576; x_wconf 79' lang='grc' dir='ltr'>Κυ-</span> 
     </span>
    </p>
   </div>
   <div class='ocr_carea' id='block_1_41' title="bbox 374 3607 1956 3687">
    <p class='ocr_par' dir='ltr' id='par_1_41' title="bbox 374 3607 1956 3687">
     <span class='ocr_line' id='line_1_41' title="bbox 374 3607 1956 3687; baseline -0.006 -17"><span class='ocrx_word' id='word_1_329' title='bbox 374 3619 513 3687; x_wconf 83' lang='grc' dir='ltr'>ρίου</span> <span class='ocrx_word' id='word_1_330' title='bbox 553 3614 745 3667; x_wconf 83' lang='grc' dir='ltr'>έστίν.</span> <span class='ocrx_word' id='word_1_331' title='bbox 790 3611 865 3664; x_wconf 73' lang='lat' dir='ltr'><strong>Ob</strong></span> <span class='ocrx_word' id='word_1_332' title='bbox 899 3610 1006 3678; x_wconf 86' lang='lat'>7&amp;9</span> <span class='ocrx_word' id='word_1_333' title='bbox 1049 3608 1140 3660; x_wconf 79' lang='grc' dir='ltr'>τοῦ</span> <span class='ocrx_word' id='word_1_334' title='bbox 1177 3607 1581 3676; x_wconf 84' lang='grc' dir='ltr'>θυσιαστηρίου,</span> <span class='ocrx_word' id='word_1_335' title='bbox 1629 3607 1743 3659; x_wconf 86' lang='grc' dir='ltr'>ἀλλ’</span> <span class='ocrx_word' id='word_1_336' title='bbox 1791 3607 1956 3660; x_wconf 83' lang='grc' dir='ltr'>αὐτοῦ</span> 
     </span>
    </p>
   </div>
   <div class='ocr_carea' id='block_1_42' title="bbox 382 3687 1955 3767">
    <p class='ocr_par' dir='ltr' id='par_1_42' title="bbox 382 3687 1955 3767">
     <span class='ocr_line' id='line_1_42' title="bbox 382 3687 1955 3767; baseline -0.006 -15"><span class='ocrx_word' id='word_1_337' title='bbox 382 3698 478 3752; x_wconf 85' lang='grc' dir='ltr'>τοῦ</span> <span class='ocrx_word' id='word_1_338' title='bbox 516 3693 752 3767; x_wconf 84' lang='grc' dir='ltr'>Χριστοῦ</span> <span class='ocrx_word' id='word_1_339' title='bbox 785 3692 1028 3746; x_wconf 78' lang='grc' dir='ltr'>κοινωνοὶ</span> <span class='ocrx_word' id='word_1_340' title='bbox 1051 3688 1330 3759; x_wconf 84' lang='grc' dir='ltr'>γινόμεθα.</span> <span class='ocrx_word' id='word_1_341' title='bbox 1372 3688 1554 3742; x_wconf 84' lang='grc' dir='ltr'>Εἰπὼν</span> <span class='ocrx_word' id='word_1_342' title='bbox 1587 3687 1664 3755; x_wconf 76' lang='grc' dir='ltr'>δὲ,</span> <span class='ocrx_word' id='word_1_343' title='bbox 1694 3689 1776 3742; x_wconf 82' lang='grc' dir='ltr'>ὅτι</span> <span class='ocrx_word' id='word_1_344' title='bbox 1821 3693 1955 3744; x_wconf 85' lang='grc' dir='ltr'>Κοι-</span> 
     </span>
    </p>
   </div>
   <div class='ocr_carea' id='block_1_43' title="bbox 383 3768 1954 3844">
    <p class='ocr_par' dir='ltr' id='par_1_43' title="bbox 383 3768 1954 3844">
     <span class='ocr_line' id='line_1_43' title="bbox 383 3768 1954 3844; baseline -0.008 -8"><span class='ocrx_word' id='word_1_345' title='bbox 383 3781 562 3836; x_wconf 81' lang='grc' dir='ltr'>νωνοί</span> <span class='ocrx_word' id='word_1_346' title='bbox 615 3777 721 3832; x_wconf 86' lang='grc' dir='ltr'>τοῦ</span> <span class='ocrx_word' id='word_1_347' title='bbox 768 3775 1202 3841; x_wconf 85' lang='grc' dir='ltr'>θυσιαστηρίου</span> <span class='ocrx_word' id='word_1_348' title='bbox 1249 3773 1428 3836; x_wconf 77' lang='grc' dir='ltr'>εἰσίν,</span> <span class='ocrx_word' id='word_1_349' title='bbox 1480 3768 1599 3826; x_wconf 76' lang='grc' dir='ltr'>εἶτα</span> <span class='ocrx_word' id='word_1_350' title='bbox 1652 3772 1833 3836; x_wconf 86' lang='grc' dir='ltr'>δείσας</span> <span class='ocrx_word' id='word_1_351' title='bbox 1880 3773 1954 3844; x_wconf 79' lang='grc' dir='ltr'>μὴ</span> 
     </span>
    </p>
   </div>
   <div class='ocr_carea' id='block_1_44' title="bbox 384 3854 1955 3936">
    <p class='ocr_par' dir='ltr' id='par_1_44' title="bbox 384 3854 1955 3936">
     <span class='ocr_line' id='line_1_44' title="bbox 384 3854 1955 3936; baseline -0.006 -19"><span class='ocrx_word' id='word_1_352' title='bbox 384 3864 512 3936; x_wconf 76' lang='grc' dir='ltr'>δόξῃ</span> <span class='ocrx_word' id='word_1_353' title='bbox 539 3860 782 3932; x_wconf 79' lang='grc' dir='ltr'>ὡσπερεὶ</span> <span class='ocrx_word' id='word_1_354' title='bbox 824 3861 976 3928; x_wconf 77' lang='grc' dir='ltr'>ἰσχὺν</span> <span class='ocrx_word' id='word_1_355' title='bbox 1021 3856 1254 3925; x_wconf 81' lang='grc' dir='ltr'>ἐχόντων</span> <span class='ocrx_word' id='word_1_356' title='bbox 1295 3854 1404 3907; x_wconf 85' lang='grc' dir='ltr'>τῶν</span> <span class='ocrx_word' id='word_1_357' title='bbox 1441 3855 1670 3908; x_wconf 80' lang='grc' dir='ltr'>εἰδώλων</span> <span class='ocrx_word' id='word_1_358' title='bbox 1712 3855 1955 3922; x_wconf 84' lang='grc' dir='ltr'>διαλέγε-</span> 
     </span>
    </p>
   </div>
   <div class='ocr_carea' id='block_1_45' title="bbox 386 3937 1956 4012">
    <p class='ocr_par' dir='ltr' id='par_1_45' title="bbox 386 3937 1956 4012">
     <span class='ocr_line' id='line_1_45' title="bbox 386 3937 1956 4012; baseline -0.005 -13"><span class='ocrx_word' id='word_1_359' title='bbox 386 3947 511 3999; x_wconf 89' lang='grc' dir='ltr'>σθαι</span> <span class='ocrx_word' id='word_1_360' title='bbox 535 3948 628 3997; x_wconf 73' lang='grc' dir='ltr'>καὶ</span> <span class='ocrx_word' id='word_1_361' title='bbox 658 3943 968 4012; x_wconf 75' lang='grc' dir='ltr'>δυναμένων</span> <span class='ocrx_word' id='word_1_362' title='bbox 995 3941 1047 3992; x_wconf 80' lang='grc' dir='ltr'>τι</span> <span class='ocrx_word' id='word_1_363' title='bbox 1075 3937 1274 4009; x_wconf 77' lang='grc' dir='ltr'>βλάψαι</span> <span class='ocrx_word' id='word_1_364' title='bbox 1297 3953 1308 3965; x_wconf 92' lang='grc'><strong>·</strong></span> <span class='ocrx_word' id='word_1_365' title='bbox 1342 3939 1446 4009; x_wconf 84' lang='grc' dir='ltr'>ὅρα</span> <span class='ocrx_word' id='word_1_366' title='bbox 1474 3938 1586 4001; x_wconf 87' lang='grc' dir='ltr'>πῶς</span> <span class='ocrx_word' id='word_1_367' title='bbox 1611 3938 1750 3993; x_wconf 80' lang='grc' dir='ltr'>αὐτὰ</span> <span class='ocrx_word' id='word_1_368' title='bbox 1773 3938 1956 3991; x_wconf 86' lang='grc' dir='ltr'>καθαι-</span> 
     </span>
    </p>
   </div>
   <div class='ocr_carea' id='block_1_46' title="bbox 385 4018 1954 4102">
    <p class='ocr_par' dir='ltr' id='par_1_46' title="bbox 385 4018 1954 4102">
     <span class='ocr_line' id='line_1_46' title="bbox 385 4018 1954 4102; baseline -0.005 -19"><span class='ocrx_word' id='word_1_369' title='bbox 385 4033 471 4102; x_wconf 85' lang='grc' dir='ltr'>ρεῖ</span> <span class='ocrx_word' id='word_1_370' title='bbox 495 4028 655 4083; x_wconf 81' lang='grc' dir='ltr'>πάλιν</span> <span class='ocrx_word' id='word_1_371' title='bbox 678 4026 851 4094; x_wconf 82' lang='grc' dir='ltr'>λέγων</span> <span class='ocrx_word' id='word_1_372' title='bbox 871 4040 884 4054; x_wconf 87' lang='grc'><strong>·</strong></span> <span class='ocrx_word' id='word_1_373' title='bbox 933 4023 991 4076; x_wconf 85' lang='grc' dir='ltr'>Τί</span> <span class='ocrx_word' id='word_1_374' title='bbox 1026 4018 1141 4077; x_wconf 83' lang='grc' dir='ltr'>οὖν</span> <span class='ocrx_word' id='word_1_375' title='bbox 1176 4037 1356 4090; x_wconf 60' lang='lat' dir='ltr'>gnua;</span> <span class='ocrx_word' id='word_1_376' title='bbox 1384 4021 1471 4074; x_wconf 87' lang='grc' dir='ltr'>ὅτι</span> <span class='ocrx_word' id='word_1_377' title='bbox 1493 4021 1745 4076; x_wconf 74' lang='grc' dir='ltr'>εἴδωλόν</span> <span class='ocrx_word' id='word_1_378' title='bbox 1775 4022 1828 4075; x_wconf 87' lang='grc' dir='ltr'>τί</span> <span class='ocrx_word' id='word_1_379' title='bbox 1849 4023 1954 4076; x_wconf 84' lang='grc' dir='ltr'>ἐσ-</span> 
     </span>
    </p>
   </div>
   <div class='ocr_carea' id='block_1_47' title="bbox 384 4106 1413 4179">
    <p class='ocr_par' dir='ltr' id='par_1_47' title="bbox 384 4106 1413 4179">
     <span class='ocr_line' id='line_1_47' title="bbox 384 4106 1413 4179; baseline -0.013 -12"><span class='ocrx_word' id='word_1_380' title='bbox 384 4127 507 4174; x_wconf 87' lang='grc' dir='ltr'>τιν;</span> <span class='ocrx_word' id='word_1_381' title='bbox 539 4109 577 4179; x_wconf 79' lang='grc' dir='ltr'><strong>ἢ</strong></span> <span class='ocrx_word' id='word_1_382' title='bbox 611 4109 700 4162; x_wconf 86' lang='grc' dir='ltr'>ὅτι</span> <span class='ocrx_word' id='word_1_383' title='bbox 736 4106 1129 4162; x_wconf 76' lang='grc' dir='ltr'>εἰδωλόθυτόν</span> <span class='ocrx_word' id='word_1_384' title='bbox 1155 4107 1208 4157; x_wconf 87' lang='grc' dir='ltr'>τί</span> <span class='ocrx_word' id='word_1_385' title='bbox 1238 4106 1366 4157; x_wconf 86' lang='grc' dir='ltr'>ἐστι</span> <span class='ocrx_word' id='word_1_386' title='bbox 1393 4119 1413 4166; x_wconf 88' lang='grc'><em>;</em></span> 
     </span>
    </p>
   </div>
   <div class='ocr_carea' id='block_1_48' title="bbox 458 4186 1953 4264">
    <p class='ocr_par' dir='ltr' id='par_1_48' title="bbox 458 4186 1953 4264">
     <span class='ocr_line' id='line_1_48' title="bbox 458 4186 1953 4264; baseline -0.007 -14"><span class='ocrx_word' id='word_1_387' title='bbox 458 4193 526 4264; x_wconf 86' lang='lat'>7&#39;.</span> <span class='ocrx_word' id='word_1_388' title='bbox 550 4191 737 4246; x_wconf 86' lang='grc' dir='ltr'>Ταῦτα</span> <span class='ocrx_word' id='word_1_389' title='bbox 761 4191 815 4243; x_wconf 80' lang='grc' dir='ltr'>δὲ</span> <span class='ocrx_word' id='word_1_390' title='bbox 843 4190 1006 4255; x_wconf 84' lang='grc' dir='ltr'>λέγω,</span> <span class='ocrx_word' id='word_1_391' title='bbox 1034 4187 1186 4257; x_wconf 79' lang='grc' dir='ltr'>φησὶ.</span> <span class='ocrx_word' id='word_1_392' title='bbox 1211 4189 1304 4239; x_wconf 73' lang='grc' dir='ltr'>καὶ</span> <span class='ocrx_word' id='word_1_393' title='bbox 1325 4187 1543 4252; x_wconf 81' lang='grc' dir='ltr'>ἀπάγω,</span> <span class='ocrx_word' id='word_1_394' title='bbox 1575 4186 1673 4254; x_wconf 80' lang='grc' dir='ltr'>οὐχ</span> <span class='ocrx_word' id='word_1_395' title='bbox 1700 4186 1773 4248; x_wconf 86' lang='grc' dir='ltr'>ὼς</span> <span class='ocrx_word' id='word_1_396' title='bbox 1793 4186 1953 4239; x_wconf 84' lang='grc' dir='ltr'>δυνα-</span> 
     </span>
    </p>
   </div>
   <div class='ocr_carea' id='block_1_49' title="bbox 387 4267 1954 4349">
    <p class='ocr_par' dir='ltr' id='par_1_49' title="bbox 387 4267 1954 4349">
     <span class='ocr_line' id='line_1_49' title="bbox 387 4267 1954 4349; baseline -0.008 -17"><span class='ocrx_word' id='word_1_397' title='bbox 387 4279 561 4349; x_wconf 87' lang='grc' dir='ltr'>μένων</span> <span class='ocrx_word' id='word_1_398' title='bbox 592 4273 792 4346; x_wconf 78' lang='grc' dir='ltr'>βλάψαι</span> <span class='ocrx_word' id='word_1_399' title='bbox 811 4289 864 4326; x_wconf 86' lang='grc' dir='ltr'>τι</span> <span class='ocrx_word' id='word_1_400' title='bbox 892 4269 1000 4323; x_wconf 85' lang='grc' dir='ltr'>τῶν</span> <span class='ocrx_word' id='word_1_401' title='bbox 1025 4269 1257 4322; x_wconf 79' lang='grc' dir='ltr'>εἰδώλων</span> <span class='ocrx_word' id='word_1_402' title='bbox 1281 4269 1313 4338; x_wconf 81' lang='grc' dir='ltr'>ἢ</span> <span class='ocrx_word' id='word_1_403' title='bbox 1339 4270 1489 4337; x_wconf 78' lang='grc' dir='ltr'>ἰσχὺν</span> <span class='ocrx_word' id='word_1_404' title='bbox 1509 4267 1741 4336; x_wconf 84' lang='grc' dir='ltr'>ἐχόντων</span> <span class='ocrx_word' id='word_1_405' title='bbox 1760 4283 1772 4296; x_wconf 83' lang='lat'><strong><em>°</em></strong></span> <span class='ocrx_word' id='word_1_406' title='bbox 1803 4269 1954 4320; x_wconf 79' lang='grc' dir='ltr'>οὐδὲν</span> 
     </span>
    </p>
   </div>
   <div class='ocr_carea' id='block_1_50' title="bbox 380 4349 1949 4431">
    <p class='ocr_par' dir='ltr' id='par_1_50' title="bbox 380 4349 1949 4431">
     <span class='ocr_line' id='line_1_50' title="bbox 380 4349 1949 4431; baseline -0.004 -20"><span class='ocrx_word' id='word_1_407' title='bbox 380 4365 492 4431; x_wconf 74' lang='grc' dir='ltr'>γάρ</span> <span class='ocrx_word' id='word_1_408' title='bbox 520 4362 694 4412; x_wconf 68' lang='grc' dir='ltr'>ἐστιν·</span> <span class='ocrx_word' id='word_1_409' title='bbox 730 4355 868 4409; x_wconf 81' lang='grc' dir='ltr'>ἀλλὰ</span> <span class='ocrx_word' id='word_1_410' title='bbox 897 4353 1157 4423; x_wconf 85' lang='grc' dir='ltr'>βούλομαι</span> <span class='ocrx_word' id='word_1_411' title='bbox 1194 4353 1552 4421; x_wconf 77' lang='grc' dir='ltr'>καταφρονεῖν</span> <span class='ocrx_word' id='word_1_412' title='bbox 1583 4349 1764 4402; x_wconf 82' lang='grc' dir='ltr'>αὐτῶν</span> <span class='ocrx_word' id='word_1_413' title='bbox 1788 4353 1949 4422; x_wconf 81' lang='grc' dir='ltr'>ὑμᾶς.</span> 
     </span>
    </p>
   </div>
   <div class='ocr_carea' id='block_1_51' title="bbox 382 4433 1955 4512">
    <p class='ocr_par' dir='ltr' id='par_1_51' title="bbox 382 4433 1955 4512">
     <span class='ocr_line' id='line_1_51' title="bbox 382 4433 1955 4512; baseline -0.008 -13"><span class='ocrx_word' id='word_1_414' title='bbox 382 4445 493 4499; x_wconf 77' lang='grc' dir='ltr'>Καὶ</span> <span class='ocrx_word' id='word_1_415' title='bbox 518 4444 567 4497; x_wconf 90' lang='grc' dir='ltr'>εί</span> <span class='ocrx_word' id='word_1_416' title='bbox 605 4440 786 4512; x_wconf 83' lang='grc' dir='ltr'>βούλει</span> <span class='ocrx_word' id='word_1_417' title='bbox 827 4438 1211 4507; x_wconf 85' lang='grc' dir='ltr'>καταφρονεῖν,</span> <span class='ocrx_word' id='word_1_418' title='bbox 1240 4436 1392 4504; x_wconf 77' lang='grc' dir='ltr'>φησὶ,</span> <span class='ocrx_word' id='word_1_419' title='bbox 1425 4435 1571 4496; x_wconf 86' lang='grc' dir='ltr'>τίνος</span> <span class='ocrx_word' id='word_1_420' title='bbox 1600 4433 1785 4486; x_wconf 77' lang='grc' dir='ltr'>ἕνεκεν</span> <span class='ocrx_word' id='word_1_421' title='bbox 1818 4437 1955 4504; x_wconf 86' lang='grc' dir='ltr'>μετά</span> 
     </span>
    </p>
   </div>
   <div class='ocr_carea' id='block_1_52' title="bbox 382 4516 1954 4595">
    <p class='ocr_par' dir='ltr' id='par_1_52' title="bbox 382 4516 1954 4595">
     <span class='ocr_line' id='line_1_52' title="bbox 382 4516 1954 4595; baseline -0.007 -15"><span class='ocrx_word' id='word_1_422' title='bbox 382 4526 614 4595; x_wconf 79' lang='grc' dir='ltr'>σπουδῆς</span> <span class='ocrx_word' id='word_1_423' title='bbox 645 4522 823 4577; x_wconf 84' lang='grc' dir='ltr'>αὐτῶν</span> <span class='ocrx_word' id='word_1_424' title='bbox 848 4522 996 4590; x_wconf 78' lang='grc' dir='ltr'>ἡμᾶς</span> <span class='ocrx_word' id='word_1_425' title='bbox 1019 4518 1256 4586; x_wconf 87' lang='grc' dir='ltr'>ἀπάγει;</span> <span class='ocrx_word' id='word_1_426' title='bbox 1281 4518 1400 4570; x_wconf 76' lang='grc' dir='ltr'>Ὀτι</span> <span class='ocrx_word' id='word_1_427' title='bbox 1425 4517 1488 4568; x_wconf 85' lang='grc' dir='ltr'>οὐ</span> <span class='ocrx_word' id='word_1_428' title='bbox 1521 4516 1856 4584; x_wconf 83' lang='grc' dir='ltr'>προσάγεται</span> <span class='ocrx_word' id='word_1_429' title='bbox 1877 4517 1954 4588; x_wconf 84' lang='grc' dir='ltr'>τῷ</span> 
     </span>
    </p>
   </div>
   <div class='ocr_carea' id='block_1_53' title="bbox 383 4600 1950 4682">
    <p class='ocr_par' dir='ltr' id='par_1_53' title="bbox 383 4600 1950 4682">
     <span class='ocr_line' id='line_1_53' title="bbox 383 4600 1950 4682; baseline 0.004 -20"><span class='ocrx_word' id='word_1_430' title='bbox 383 4609 534 4682; x_wconf 65' lang='lat'>[2:51</span> <span class='ocrx_word' id='word_1_431' title='bbox 563 4607 810 4677; x_wconf 81' lang='grc' dir='ltr'>Δεσπότῃ</span> <span class='ocrx_word' id='word_1_432' title='bbox 839 4604 917 4673; x_wconf 77' lang='grc' dir='ltr'>τῷ</span> <span class='ocrx_word' id='word_1_433' title='bbox 948 4602 1044 4672; x_wconf 81' lang='grc' dir='ltr'>σῷ.</span> <span class='ocrx_word' id='word_1_434' title='bbox 1080 4604 1149 4653; x_wconf 80' lang='lat'>‘0</span> <span class='ocrx_word' id='word_1_435' title='bbox 1187 4602 1296 4669; x_wconf 73' lang='grc' dir='ltr'>γὰρ</span> <span class='ocrx_word' id='word_1_436' title='bbox 1338 4600 1486 4682; x_wconf 56' lang='grc' dir='ltr'>θύει,</span> <span class='ocrx_word' id='word_1_437' title='bbox 1508 4601 1662 4668; x_wconf 60' lang='grc' dir='ltr'>φησιν</span> <span class='ocrx_word' id='word_1_438' title='bbox 1682 4600 1754 4682; x_wconf 75' lang='grc' dir='ltr'>τὰ</span> <span class='ocrx_word' id='word_1_439' title='bbox 1785 4600 1950 4668; x_wconf 68' lang='grc' dir='ltr'>ἔθνη.</span> 
     </span>
    </p>
   </div>
   <div class='ocr_carea' id='block_1_54' title="bbox 381 4680 1953 4758">
    <p class='ocr_par' dir='ltr' id='par_1_54' title="bbox 381 4680 1953 4758">
     <span class='ocr_line' id='line_1_54' title="bbox 381 4680 1953 4758; baseline -0.006 -13"><span class='ocrx_word' id='word_1_440' title='bbox 381 4680 710 4758; x_wconf 79' lang='grc' dir='ltr'>δαιμονίοις</span> <span class='ocrx_word' id='word_1_441' title='bbox 735 4691 882 4752; x_wconf 83' lang='grc' dir='ltr'>θύει,</span> <span class='ocrx_word' id='word_1_442' title='bbox 907 4687 1006 4739; x_wconf 78' lang='grc' dir='ltr'>καὶ</span> <span class='ocrx_word' id='word_1_443' title='bbox 1035 4687 1105 4739; x_wconf 87' lang='grc' dir='ltr'>οὐ</span> <span class='ocrx_word' id='word_1_444' title='bbox 1132 4683 1272 4747; x_wconf 86' lang='grc' dir='ltr'>Θεῷ.</span> <span class='ocrx_word' id='word_1_445' title='bbox 1291 4682 1383 4753; x_wconf 77' lang='grc' dir='ltr'>Μή</span> <span class='ocrx_word' id='word_1_446' title='bbox 1404 4680 1580 4734; x_wconf 90' lang='grc' dir='ltr'>τοίνυν</span> <span class='ocrx_word' id='word_1_447' title='bbox 1604 4681 1827 4752; x_wconf 82' lang='grc' dir='ltr'>τρέχετε</span> <span class='ocrx_word' id='word_1_448' title='bbox 1860 4683 1953 4736; x_wconf 66' lang='grc' dir='ltr'>ἐπὶ</span> 
     </span>
    </p>
   </div>
   <div class='ocr_carea' id='block_1_55' title="bbox 381 4761 1955 4840">
    <p class='ocr_par' dir='ltr' id='par_1_55' title="bbox 381 4761 1955 4840">
     <span class='ocr_line' id='line_1_55' title="bbox 381 4761 1955 4840; baseline -0.005 -14"><span class='ocrx_word' id='word_1_449' title='bbox 381 4779 450 4828; x_wconf 70' lang='grc' dir='ltr'>τα</span> <span class='ocrx_word' id='word_1_450' title='bbox 491 4775 725 4827; x_wconf 81' lang='grc' dir='ltr'>ἐναντία.</span> <span class='ocrx_word' id='word_1_451' title='bbox 765 4771 896 4824; x_wconf 69' lang='grc' dir='ltr'>Οὐδὲ</span> <span class='ocrx_word' id='word_1_452' title='bbox 935 4773 1064 4840; x_wconf 84' lang='grc' dir='ltr'>γὰρ,</span> <span class='ocrx_word' id='word_1_453' title='bbox 1090 4771 1137 4821; x_wconf 87' lang='grc' dir='ltr'>εἰ</span> <span class='ocrx_word' id='word_1_454' title='bbox 1167 4766 1431 4837; x_wconf 87' lang='grc' dir='ltr'>βασιλέως</span> <span class='ocrx_word' id='word_1_455' title='bbox 1455 4765 1568 4828; x_wconf 70' lang='grc' dir='ltr'>υἱὸς</span> <span class='ocrx_word' id='word_1_456' title='bbox 1605 4761 1693 4835; x_wconf 74' lang='grc' dir='ltr'>ᾖς,</span> <span class='ocrx_word' id='word_1_457' title='bbox 1719 4761 1837 4818; x_wconf 77' lang='grc' dir='ltr'>εἶτα</span> <span class='ocrx_word' id='word_1_458' title='bbox 1859 4767 1955 4836; x_wconf 85' lang='grc' dir='ltr'>τῆς</span> 
     </span>
    </p>
   </div>
   <div class='ocr_carea' id='block_1_56' title="bbox 384 4847 1954 4926">
    <p class='ocr_par' dir='ltr' id='par_1_56' title="bbox 384 4847 1954 4926">
     <span class='ocr_line' id='line_1_56' title="bbox 384 4847 1954 4926; baseline -0.006 -17"><span class='ocrx_word' id='word_1_459' title='bbox 384 4857 658 4926; x_wconf 83' lang='grc' dir='ltr'>πατρικῆς</span> <span class='ocrx_word' id='word_1_460' title='bbox 707 4853 998 4906; x_wconf 79' lang='grc' dir='ltr'>ἀπολαύων</span> <span class='ocrx_word' id='word_1_461' title='bbox 1035 4849 1337 4923; x_wconf 78' lang='grc' dir='ltr'>τραπέζης,</span> <span class='ocrx_word' id='word_1_462' title='bbox 1376 4847 1536 4915; x_wconf 78' lang='grc' dir='ltr'>ἀφεὶς</span> <span class='ocrx_word' id='word_1_463' title='bbox 1575 4848 1809 4918; x_wconf 85' lang='grc' dir='ltr'>ἐκείνην,</span> <span class='ocrx_word' id='word_1_464' title='bbox 1859 4849 1954 4917; x_wconf 77' lang='grc' dir='ltr'>τῆς</span> 
     </span>
    </p>
   </div>
   <div class='ocr_carea' id='block_1_57' title="bbox 383 4931 1955 5006">
    <p class='ocr_par' dir='ltr' id='par_1_57' title="bbox 383 4931 1955 5006">
     <span class='ocr_line' id='line_1_57' title="bbox 383 4931 1955 5006; baseline -0.008 -12"><span class='ocrx_word' id='word_1_465' title='bbox 383 4942 492 4994; x_wconf 89' lang='grc' dir='ltr'>τῶν</span> <span class='ocrx_word' id='word_1_466' title='bbox 533 4938 836 4992; x_wconf 87' lang='grc' dir='ltr'>καταδίκων</span> <span class='ocrx_word' id='word_1_467' title='bbox 866 4937 959 4988; x_wconf 48' lang='grc' dir='ltr'>καὶ</span> <span class='ocrx_word' id='word_1_468' title='bbox 1007 4934 1300 5006; x_wconf 84' lang='grc' dir='ltr'>δεσμωτῶν</span> <span class='ocrx_word' id='word_1_469' title='bbox 1331 4933 1600 5003; x_wconf 71' lang='grc' dir='ltr'>ἠθέλησας</span> <span class='ocrx_word' id='word_1_470' title='bbox 1631 4931 1955 5002; x_wconf 76' lang='grc' dir='ltr'>κοινωνῆσαι</span> 
     </span>
    </p>
   </div>
   <div class='ocr_carea' id='block_1_58' title="bbox 385 5013 1954 5091">
    <p class='ocr_par' dir='ltr' id='par_1_58' title="bbox 385 5013 1954 5091">
     <span class='ocr_line' id='line_1_58' title="bbox 385 5013 1954 5091; baseline -0.006 -16"><span class='ocrx_word' id='word_1_471' title='bbox 385 5027 443 5076; x_wconf 83' lang='grc' dir='ltr'>ἐν</span> <span class='ocrx_word' id='word_1_472' title='bbox 465 5021 542 5091; x_wconf 80' lang='grc' dir='ltr'>τῷ</span> <span class='ocrx_word' id='word_1_473' title='bbox 572 5019 951 5090; x_wconf 81' lang='grc' dir='ltr'>δεσμωτηρίῳ,</span> <span class='ocrx_word' id='word_1_474' title='bbox 989 5017 1293 5089; x_wconf 73' lang='grc' dir='ltr'>ἐπέτρεψεν</span> <span class='ocrx_word' id='word_1_475' title='bbox 1331 5016 1395 5069; x_wconf 84' lang='grc' dir='ltr'>ἂν</span> <span class='ocrx_word' id='word_1_476' title='bbox 1416 5019 1443 5068; x_wconf 83' lang='grc' dir='ltr'>ὁ</span> <span class='ocrx_word' id='word_1_477' title='bbox 1468 5016 1682 5085; x_wconf 84' lang='grc' dir='ltr'>πατήρ·</span> <span class='ocrx_word' id='word_1_478' title='bbox 1709 5013 1843 5066; x_wconf 77' lang='grc' dir='ltr'>ἀλλὰ</span> <span class='ocrx_word' id='word_1_479' title='bbox 1864 5015 1954 5066; x_wconf 82' lang='grc' dir='ltr'>καὶ</span> 
     </span>
    </p>
   </div>
   <div class='ocr_carea' id='block_1_59' title="bbox 388 5099 1952 5177">
    <p class='ocr_par' dir='ltr' id='par_1_59' title="bbox 388 5099 1952 5177">
     <span class='ocr_line' id='line_1_59' title="bbox 388 5099 1952 5177; baseline -0.008 -16"><span class='ocrx_word' id='word_1_480' title='bbox 388 5108 526 5177; x_wconf 81' lang='grc' dir='ltr'>μετά</span> <span class='ocrx_word' id='word_1_481' title='bbox 554 5104 755 5174; x_wconf 78' lang='grc' dir='ltr'>πολλῆς</span> <span class='ocrx_word' id='word_1_482' title='bbox 788 5103 853 5155; x_wconf 86' lang='grc' dir='ltr'>ἂν</span> <span class='ocrx_word' id='word_1_483' title='bbox 900 5105 1152 5173; x_wconf 83' lang='grc' dir='ltr'>ἀπήγαγε</span> <span class='ocrx_word' id='word_1_484' title='bbox 1195 5104 1293 5171; x_wconf 81' lang='grc' dir='ltr'>τῆς</span> <span class='ocrx_word' id='word_1_485' title='bbox 1338 5099 1714 5170; x_wconf 83' lang='grc' dir='ltr'>σφοδρότητος,</span> <span class='ocrx_word' id='word_1_486' title='bbox 1744 5100 1840 5168; x_wconf 76' lang='grc' dir='ltr'>οὐχ</span> <span class='ocrx_word' id='word_1_487' title='bbox 1881 5100 1952 5159; x_wconf 80' lang='grc' dir='ltr'>ὡς</span> 
     </span>
    </p>
   </div>
   <div class='ocr_carea' id='block_1_60' title="bbox 384 5182 1953 5260">
    <p class='ocr_par' dir='ltr' id='par_1_60' title="bbox 384 5182 1953 5260">
     <span class='ocr_line' id='line_1_60' title="bbox 384 5182 1953 5260; baseline -0.008 -16"><span class='ocrx_word' id='word_1_488' title='bbox 384 5190 691 5260; x_wconf 77' lang='grc' dir='ltr'>δυναμένης</span> <span class='ocrx_word' id='word_1_489' title='bbox 725 5190 823 5258; x_wconf 79' lang='grc' dir='ltr'>τῆς</span> <span class='ocrx_word' id='word_1_490' title='bbox 853 5186 1132 5258; x_wconf 74' lang='grc' dir='ltr'>τραπέζης</span> <span class='ocrx_word' id='word_1_491' title='bbox 1173 5185 1394 5255; x_wconf 75' lang='grc' dir='ltr'>βλάψαι,</span> <span class='ocrx_word' id='word_1_492' title='bbox 1419 5183 1532 5236; x_wconf 77' lang='grc' dir='ltr'>ἀλλ’</span> <span class='ocrx_word' id='word_1_493' title='bbox 1551 5182 1626 5246; x_wconf 89' lang='grc' dir='ltr'>ὼς</span> <span class='ocrx_word' id='word_1_494' title='bbox 1662 5199 1953 5250; x_wconf 83' lang='grc' dir='ltr'>καταισχυ-</span> 
     </span>
    </p>
   </div>
   <div class='ocr_carea' id='block_1_61' title="bbox 385 5267 1954 5344">
    <p class='ocr_par' dir='ltr' id='par_1_61' title="bbox 385 5267 1954 5344">
     <span class='ocr_line' id='line_1_61' title="bbox 385 5267 1954 5344; baseline -0.006 -16"><span class='ocrx_word' id='word_1_495' title='bbox 385 5275 580 5344; x_wconf 86' lang='grc' dir='ltr'>νούσης</span> <span class='ocrx_word' id='word_1_496' title='bbox 604 5289 700 5326; x_wconf 91' lang='grc' dir='ltr'>σου</span> <span class='ocrx_word' id='word_1_497' title='bbox 729 5274 827 5342; x_wconf 80' lang='grc' dir='ltr'>τὴν</span> <span class='ocrx_word' id='word_1_498' title='bbox 863 5271 1142 5338; x_wconf 83' lang='grc' dir='ltr'>εὐγένειαν</span> <span class='ocrx_word' id='word_1_499' title='bbox 1171 5270 1266 5321; x_wconf 76' lang='grc' dir='ltr'>καὶ</span> <span class='ocrx_word' id='word_1_500' title='bbox 1299 5271 1395 5338; x_wconf 79' lang='grc' dir='ltr'>τὴν</span> <span class='ocrx_word' id='word_1_501' title='bbox 1421 5267 1696 5338; x_wconf 77' lang='grc' dir='ltr'>τράπεζαν</span> <span class='ocrx_word' id='word_1_502' title='bbox 1721 5269 1820 5336; x_wconf 79' lang='grc' dir='ltr'>τὴν</span> <span class='ocrx_word' id='word_1_503' title='bbox 1855 5267 1954 5336; x_wconf 87' lang='grc' dir='ltr'>βα-</span> 
     </span>
    </p>
   </div>
   <div class='ocr_carea' id='block_1_62' title="bbox 383 5350 1952 5430">
    <p class='ocr_par' dir='ltr' id='par_1_62' title="bbox 383 5350 1952 5430">
     <span class='ocr_line' id='line_1_62' title="bbox 383 5350 1952 5430; baseline -0.007 -17"><span class='ocrx_word' id='word_1_504' title='bbox 383 5361 619 5430; x_wconf 83' lang='grc' dir='ltr'>σιλικήν.</span> <span class='ocrx_word' id='word_1_505' title='bbox 655 5357 762 5411; x_wconf 76' lang='grc' dir='ltr'>Καὶ</span> <span class='ocrx_word' id='word_1_506' title='bbox 787 5357 895 5427; x_wconf 73' lang='grc' dir='ltr'>γὰρ</span> <span class='ocrx_word' id='word_1_507' title='bbox 921 5358 1013 5409; x_wconf 70' lang='grc' dir='ltr'>καὶ</span> <span class='ocrx_word' id='word_1_508' title='bbox 1034 5350 1178 5408; x_wconf 70' lang='grc' dir='ltr'>οὗτοι</span> <span class='ocrx_word' id='word_1_509' title='bbox 1205 5354 1412 5406; x_wconf 88' lang='grc' dir='ltr'>οἰκέται</span> <span class='ocrx_word' id='word_1_510' title='bbox 1447 5353 1551 5404; x_wconf 70' lang='grc' dir='ltr'>εἰσ)⁸</span> <span class='ocrx_word' id='word_1_511' title='bbox 1578 5367 1952 5421; x_wconf 80' lang='grc' dir='ltr'>προσκεκρου-</span> 
     </span>
    </p>
   </div>
   <div class='ocr_carea' id='block_1_63' title="bbox 381 5436 1954 5513">
    <p class='ocr_par' dir='ltr' id='par_1_63' title="bbox 381 5436 1954 5513">
     <span class='ocr_line' id='line_1_63' title="bbox 381 5436 1954 5513; baseline -0.008 -13"><span class='ocrx_word' id='word_1_512' title='bbox 381 5446 558 5509; x_wconf 86' lang='grc' dir='ltr'>κότες,</span> <span class='ocrx_word' id='word_1_513' title='bbox 623 5442 974 5513; x_wconf 76' lang='grc' dir='ltr'>ἠτιμωμένοι,</span> <span class='ocrx_word' id='word_1_514' title='bbox 1032 5438 1332 5500; x_wconf 85' lang='grc' dir='ltr'>κατάδικοι,</span> <span class='ocrx_word' id='word_1_515' title='bbox 1372 5436 1644 5506; x_wconf 83' lang='grc' dir='ltr'>δεσμῶται</span> <span class='ocrx_word' id='word_1_516' title='bbox 1697 5437 1954 5507; x_wconf 80' lang='grc' dir='ltr'>ἀφορήτῳ</span> 
     </span>
    </p>
   </div>
   <div class='ocr_carea' id='block_1_64' title="bbox 380 5518 1952 5596">
    <p class='ocr_par' dir='ltr' id='par_1_64' title="bbox 380 5518 1952 5596">
     <span class='ocr_line' id='line_1_64' title="bbox 380 5518 1952 5596; baseline -0.008 -14"><span class='ocrx_word' id='word_1_517' title='bbox 380 5530 599 5583; x_wconf 78' lang='grc' dir='ltr'>κολάσει</span> <span class='ocrx_word' id='word_1_518' title='bbox 636 5526 981 5596; x_wconf 88' lang='grc' dir='ltr'>τηρούμενοι,</span> <span class='ocrx_word' id='word_1_519' title='bbox 1023 5522 1232 5592; x_wconf 86' lang='grc' dir='ltr'>μυρίοις</span> <span class='ocrx_word' id='word_1_520' title='bbox 1269 5518 1556 5572; x_wconf 82' lang='grc' dir='ltr'>ὑπεύθυνοι</span> <span class='ocrx_word' id='word_1_521' title='bbox 1594 5521 1801 5582; x_wconf 85' lang='grc' dir='ltr'>κακοῖς.</span> <span class='ocrx_word' id='word_1_522' title='bbox 1831 5519 1952 5582; x_wconf 81' lang='grc' dir='ltr'>Πῶς</span> 
     </span>
    </p>
   </div>
   <div class='ocr_carea' id='block_1_65' title="bbox 379 5602 1950 5682">
    <p class='ocr_par' dir='ltr' id='par_1_65' title="bbox 379 5602 1950 5682">
     <span class='ocr_line' id='line_1_65' title="bbox 379 5602 1950 5682; baseline -0.008 -15"><span class='ocrx_word' id='word_1_523' title='bbox 379 5610 473 5668; x_wconf 77' lang='grc' dir='ltr'>οὖν</span> <span class='ocrx_word' id='word_1_524' title='bbox 500 5615 600 5666; x_wconf 78' lang='grc' dir='ltr'>οὐκ</span> <span class='ocrx_word' id='word_1_525' title='bbox 629 5611 856 5682; x_wconf 83' lang='grc' dir='ltr'>αἰσχύνῃ</span> <span class='ocrx_word' id='word_1_526' title='bbox 889 5609 1030 5662; x_wconf 88' lang='grc' dir='ltr'>κατά</span> <span class='ocrx_word' id='word_1_527' title='bbox 1060 5606 1188 5667; x_wconf 81' lang='grc' dir='ltr'>τοὺς</span> <span class='ocrx_word' id='word_1_528' title='bbox 1225 5605 1560 5674; x_wconf 86' lang='grc' dir='ltr'>λαιμάργους</span> <span class='ocrx_word' id='word_1_529' title='bbox 1591 5605 1686 5656; x_wconf 75' lang='grc' dir='ltr'>καὶ</span> <span class='ocrx_word' id='word_1_530' title='bbox 1728 5602 1950 5656; x_wconf 82' lang='grc' dir='ltr'>ἀνελευ-</span> 
     </span>
    </p>
   </div>
   <div class='ocr_carea' id='block_1_66' title="bbox 441 5741 1950 5813">
    <p class='ocr_par' dir='ltr' id='par_1_66' title="bbox 441 5741 1950 5813">
     <span class='ocr_line' id='line_1_66' title="bbox 441 5741 1950 5813; baseline -0.007 -13"><span class='ocrx_word' id='word_1_531' title='bbox 441 5754 467 5781; x_wconf 80' lang='grc'><strong>⁸</strong></span> <span class='ocrx_word' id='word_1_532' title='bbox 495 5752 641 5813; x_wconf 60' lang='lat' dir='ltr'>Reg,</span> <span class='ocrx_word' id='word_1_533' title='bbox 667 5751 732 5806; x_wconf 84' lang='grc' dir='ltr'>εἰς</span> <span class='ocrx_word' id='word_1_534' title='bbox 751 5751 837 5807; x_wconf 83' lang='grc' dir='ltr'>τὴν</span> <span class='ocrx_word' id='word_1_535' title='bbox 863 5749 1020 5805; x_wconf 84' lang='grc' dir='ltr'>ζῶσαν</span> <span class='ocrx_word' id='word_1_536' title='bbox 1043 5747 1136 5813; x_wconf 40' lang='grc' dir='ltr'>καῒ-</span> <span class='ocrx_word' id='word_1_537' title='bbox 1160 5742 1404 5813; x_wconf 75' lang='grc' dir='ltr'>ἀθᾴνατον.</span> <span class='ocrx_word' id='word_1_538' title='bbox 1473 5742 1498 5780; x_wconf 76' lang='grc' dir='ltr'>ιι</span> <span class='ocrx_word' id='word_1_539' title='bbox 1522 5741 1667 5803; x_wconf 78' lang='lat' dir='ltr'>Ileg.,</span> <span class='ocrx_word' id='word_1_540' title='bbox 1691 5741 1950 5801; x_wconf 77' lang='grc' dir='ltr'>τιθέμενον.</span> 
     </span>
    </p>
   </div>
   <div class='ocr_carea' id='block_1_67' title="bbox 381 5807 1330 5875">
    <p class='ocr_par' dir='ltr' id='par_1_67' title="bbox 381 5807 1330 5875">
     <span class='ocr_line' id='line_1_67' title="bbox 381 5807 1330 5875; baseline -0.008 -11"><span class='ocrx_word' id='word_1_541' title='bbox 381 5807 597 5866; x_wconf 68' lang='grc' dir='ltr'>διγιιιυξ</span> <span class='ocrx_word' id='word_1_542' title='bbox 619 5807 884 5875; x_wconf 76' lang='lat' dir='ltr'>legendum</span> <span class='ocrx_word' id='word_1_543' title='bbox 909 5816 1048 5872; x_wconf 74' lang='lat' dir='ltr'>putat</span> <span class='ocrx_word' id='word_1_544' title='bbox 1067 5807 1330 5868; x_wconf 80' lang='grc' dir='ltr'>τεθυμένον.</span> 
     </span>
    </p>
   </div>
   <div class='ocr_carea' id='block_1_68' title="bbox 1058 265 2909 331">
    <p class='ocr_par' dir='ltr' id='par_1_68' title="bbox 1058 265 2909 331">
     <span class='ocr_line' id='line_1_68' title="bbox 1058 265 2909 331; baseline -0.005 -1"><span class='ocrx_word' id='word_1_545' title='bbox 1058 273 1116 331; x_wconf 92' lang='lat' dir='ltr'>S.</span> <span class='ocrx_word' id='word_1_546' title='bbox 1151 268 1436 328; x_wconf 77' lang='lat' dir='ltr'>JOANNIS</span> <span class='ocrx_word' id='word_1_547' title='bbox 1467 265 1954 325; x_wconf 74' lang='lat' dir='ltr'>CHRYSOSTOMI</span> <span class='ocrx_word' id='word_1_548' title='bbox 1994 269 2315 327; x_wconf 78' lang='lat' dir='ltr'>ARCHIEP.</span> <span class='ocrx_word' id='word_1_549' title='bbox 2356 267 2909 327; x_wconf 58' lang='lat' dir='ltr'>CONSTANTIROP.</span> 
     </span>
    </p>
   </div>
   <div class='ocr_carea' id='block_1_69' title="bbox 3523 263 3648 320">
    <p class='ocr_par' dir='ltr' id='par_1_69' title="bbox 3523 263 3648 320">
     <span class='ocr_line' id='line_1_69' title="bbox 3523 263 3648 320; baseline -0.016 0"><span class='ocrx_word' id='word_1_550' title='bbox 3523 263 3648 320; x_wconf 70' lang='lat'>201</span> 
     </span>
    </p>
   </div>
   <div class='ocr_carea' id='block_1_70' title="bbox 2062 377 3657 459">
    <p class='ocr_par' dir='ltr' id='par_1_70' title="bbox 2062 377 3657 459">
     <span class='ocr_line' id='line_1_70' title="bbox 2062 377 3657 459; baseline -0.004 -20"><span class='ocrx_word' id='word_1_551' title='bbox 2062 386 2272 459; x_wconf 84' lang='grc' dir='ltr'>θέρους,</span> <span class='ocrx_word' id='word_1_552' title='bbox 2305 390 2434 443; x_wconf 83' lang='grc' dir='ltr'>εταν</span> <span class='ocrx_word' id='word_1_553' title='bbox 2457 387 2592 442; x_wconf 90' lang='grc' dir='ltr'>θῶσι</span> <span class='ocrx_word' id='word_1_554' title='bbox 2619 385 2902 458; x_wconf 78' lang='grc' dir='ltr'>τράπεζαν</span> <span class='ocrx_word' id='word_1_555' title='bbox 2929 384 2980 437; x_wconf 86' lang='grc' dir='ltr'>οί</span> <span class='ocrx_word' id='word_1_556' title='bbox 3007 385 3289 438; x_wconf 80' lang='grc' dir='ltr'>κατάδικοι</span> <span class='ocrx_word' id='word_1_557' title='bbox 3313 377 3480 445; x_wconf 69' lang='grc' dir='ltr'>οὗτοι,</span> <span class='ocrx_word' id='word_1_558' title='bbox 3524 382 3657 450; x_wconf 76' lang='grc' dir='ltr'>τρέ-</span> 
     </span>
    </p>
   </div>
   <div class='ocr_carea' id='block_1_71' title="bbox 2061 464 3656 540">
    <p class='ocr_par' dir='ltr' id='par_1_71' title="bbox 2061 464 3656 540">
     <span class='ocr_line' id='line_1_71' title="bbox 2061 464 3656 540; baseline -0.004 -18"><span class='ocrx_word' id='word_1_559' title='bbox 2061 487 2172 538; x_wconf 88' lang='grc' dir='ltr'>χων</span> <span class='ocrx_word' id='word_1_560' title='bbox 2217 472 2331 524; x_wconf 80' lang='grc' dir='ltr'>ἐκεῖ</span> <span class='ocrx_word' id='word_1_561' title='bbox 2377 471 2472 524; x_wconf 78' lang='grc' dir='ltr'>καὶ</span> <span class='ocrx_word' id='word_1_562' title='bbox 2528 472 2771 540; x_wconf 87' lang='grc' dir='ltr'>μετέχων</span> <span class='ocrx_word' id='word_1_563' title='bbox 2807 468 2918 522; x_wconf 88' lang='grc' dir='ltr'>τῶν</span> <span class='ocrx_word' id='word_1_564' title='bbox 2957 467 3367 537; x_wconf 85' lang='grc' dir='ltr'>προκειμένων;</span> <span class='ocrx_word' id='word_1_565' title='bbox 3415 469 3525 518; x_wconf 76' lang='grc' dir='ltr'>Δια</span> <span class='ocrx_word' id='word_1_566' title='bbox 3584 464 3656 530; x_wconf 73' lang='grc' dir='ltr'>δὴ</span> 
     </span>
    </p>
   </div>
   <div class='ocr_carea' id='block_1_72' title="bbox 2059 547 3658 622">
    <p class='ocr_par' dir='ltr' id='par_1_72' title="bbox 2059 547 3658 622">
     <span class='ocr_line' id='line_1_72' title="bbox 2059 547 3658 622; baseline -0.003 -19"><span class='ocrx_word' id='word_1_567' title='bbox 2059 552 2216 604; x_wconf 86' lang='grc' dir='ltr'>τοῦτο</span> <span class='ocrx_word' id='word_1_568' title='bbox 2241 553 2438 622; x_wconf 79' lang='grc' dir='ltr'>ἀπάγω</span> <span class='ocrx_word' id='word_1_569' title='bbox 2453 570 2466 583; x_wconf 86' lang='grc'><strong>·</strong></span> <span class='ocrx_word' id='word_1_570' title='bbox 2490 553 2640 622; x_wconf 82' lang='grc' dir='ltr'>ὁγὰρ</span> <span class='ocrx_word' id='word_1_571' title='bbox 2663 551 2862 614; x_wconf 77' lang='grc' dir='ltr'>σκοπὸς</span> <span class='ocrx_word' id='word_1_572' title='bbox 2889 550 2996 604; x_wconf 86' lang='grc' dir='ltr'>τῶν</span> <span class='ocrx_word' id='word_1_573' title='bbox 3016 551 3250 604; x_wconf 88' lang='grc' dir='ltr'>θυόντων</span> <span class='ocrx_word' id='word_1_574' title='bbox 3277 551 3368 603; x_wconf 73' lang='grc' dir='ltr'>καὶ</span> <span class='ocrx_word' id='word_1_575' title='bbox 3382 550 3441 602; x_wconf 82' lang='grc' dir='ltr'>τὸ</span> <span class='ocrx_word' id='word_1_576' title='bbox 3467 547 3658 618; x_wconf 72' lang='grc' dir='ltr'>πρόσ-</span> 
     </span>
    </p>
   </div>
   <div class='ocr_carea' id='block_1_73' title="bbox 2060 634 3655 706">
    <p class='ocr_par' dir='ltr' id='par_1_73' title="bbox 2060 634 3655 706">
     <span class='ocr_line' id='line_1_73' title="bbox 2060 634 3655 706; baseline -0.003 -20"><span class='ocrx_word' id='word_1_577' title='bbox 2060 652 2208 687; x_wconf 86' lang='grc' dir='ltr'>ωπον</span> <span class='ocrx_word' id='word_1_578' title='bbox 2235 635 2342 688; x_wconf 82' lang='grc' dir='ltr'>τῶν</span> <span class='ocrx_word' id='word_1_579' title='bbox 2373 635 2677 706; x_wconf 86' lang='grc' dir='ltr'>δεχομένων</span> <span class='ocrx_word' id='word_1_580' title='bbox 2705 636 2991 704; x_wconf 84' lang='grc' dir='ltr'>ἀκάθαρτα</span> <span class='ocrx_word' id='word_1_581' title='bbox 3012 637 3156 688; x_wconf 84' lang='grc' dir='ltr'>ποιεῖ</span> <span class='ocrx_word' id='word_1_582' title='bbox 3183 634 3252 686; x_wconf 71' lang='grc' dir='ltr'>τὰ</span> <span class='ocrx_word' id='word_1_583' title='bbox 3275 634 3655 704; x_wconf 67' lang='grc' dir='ltr'>προκείμενα.</span> 
     </span>
    </p>
   </div>
   <div class='ocr_carea' id='block_1_74' title="bbox 2063 714 3658 787">
    <p class='ocr_par' dir='ltr' id='par_1_74' title="bbox 2063 714 3658 787">
     <span class='ocr_line' id='line_1_74' title="bbox 2063 714 3658 787; baseline -0.002 -19"><span class='ocrx_word' id='word_1_584' title='bbox 2063 720 2145 770; x_wconf 84' lang='grc' dir='ltr'>Οὐ</span> <span class='ocrx_word' id='word_1_585' title='bbox 2178 717 2330 770; x_wconf 72' lang='grc' dir='ltr'>θέλω</span> <span class='ocrx_word' id='word_1_586' title='bbox 2357 717 2426 770; x_wconf 81' lang='grc' dir='ltr'>δὲ</span> <span class='ocrx_word' id='word_1_587' title='bbox 2469 716 2625 787; x_wconf 84' lang='grc' dir='ltr'>ὑμᾶς</span> <span class='ocrx_word' id='word_1_588' title='bbox 2669 717 3000 783; x_wconf 83' lang='grc' dir='ltr'>κοινωνοὺς</span> <span class='ocrx_word' id='word_1_589' title='bbox 3026 715 3145 769; x_wconf 84' lang='grc' dir='ltr'>τῶν</span> <span class='ocrx_word' id='word_1_590' title='bbox 3181 716 3503 785; x_wconf 77' lang='grc' dir='ltr'>δαιμονίων</span> <span class='ocrx_word' id='word_1_591' title='bbox 3563 714 3658 782; x_wconf 77' lang='grc' dir='ltr'>τί-</span> 
     </span>
    </p>
   </div>
   <div class='ocr_carea' id='block_1_75' title="bbox 2059 796 3660 872">
    <p class='ocr_par' dir='ltr' id='par_1_75' title="bbox 2059 796 3660 872">
     <span class='ocr_line' id='line_1_75' title="bbox 2059 796 3660 872; baseline -0.002 -18"><span class='ocrx_word' id='word_1_592' title='bbox 2059 804 2288 855; x_wconf 85' lang='grc' dir='ltr'>νεσθαι.</span> <span class='ocrx_word' id='word_1_593' title='bbox 2315 799 2466 865; x_wconf 83' lang='grc' dir='ltr'>Εῐδὲς</span> <span class='ocrx_word' id='word_1_594' title='bbox 2491 803 2672 870; x_wconf 85' lang='grc' dir='ltr'>φιλίαν</span> <span class='ocrx_word' id='word_1_595' title='bbox 2701 802 2907 872; x_wconf 78' lang='grc' dir='ltr'>πατρὸς</span> <span class='ocrx_word' id='word_1_596' title='bbox 2951 801 3345 872; x_wconf 87' lang='grc' dir='ltr'>κηδεμονικοῦ;</span> <span class='ocrx_word' id='word_1_597' title='bbox 3376 796 3522 863; x_wconf 74' lang='grc' dir='ltr'>εἶδες</span> <span class='ocrx_word' id='word_1_598' title='bbox 3552 797 3660 852; x_wconf 71' lang='grc' dir='ltr'>καὶ</span> 
     </span>
    </p>
   </div>
   <div class='ocr_carea' id='block_1_76' title="bbox 2062 880 3656 955">
    <p class='ocr_par' dir='ltr' id='par_1_76' title="bbox 2062 880 3656 955">
     <span class='ocr_line' id='line_1_76' title="bbox 2062 880 3656 955; baseline -0.004 -17"><span class='ocrx_word' id='word_1_599' title='bbox 2062 884 2193 938; x_wconf 79' lang='grc' dir='ltr'>αὐτὸ</span> <span class='ocrx_word' id='word_1_600' title='bbox 2235 885 2296 936; x_wconf 83' lang='grc' dir='ltr'>τὸ</span> <span class='ocrx_word' id='word_1_601' title='bbox 2337 885 2488 954; x_wconf 78' lang='grc' dir='ltr'>ῥῆμα</span> <span class='ocrx_word' id='word_1_602' title='bbox 2521 885 2722 955; x_wconf 83' lang='grc' dir='ltr'>πολλὴν</span> <span class='ocrx_word' id='word_1_603' title='bbox 2769 885 2889 954; x_wconf 74' lang='grc' dir='ltr'>ἔχον</span> <span class='ocrx_word' id='word_1_604' title='bbox 2915 885 3012 954; x_wconf 82' lang='grc' dir='ltr'>τὴν</span> <span class='ocrx_word' id='word_1_605' title='bbox 3053 884 3287 953; x_wconf 75' lang='grc' dir='ltr'>ἔμφασιν</span> <span class='ocrx_word' id='word_1_606' title='bbox 3322 882 3421 951; x_wconf 84' lang='grc' dir='ltr'>τῆς</span> <span class='ocrx_word' id='word_1_607' title='bbox 3448 880 3656 934; x_wconf 81' lang='grc' dir='ltr'>διαθέ-</span> 
     </span>
    </p>
   </div>
   <div class='ocr_carea' id='block_1_77' title="bbox 2063 965 3658 1039">
    <p class='ocr_par' dir='ltr' id='par_1_77' title="bbox 2063 965 3658 1039">
     <span class='ocr_line' id='line_1_77' title="bbox 2063 965 3658 1039; baseline -0.002 -19"><span class='ocrx_word' id='word_1_608' title='bbox 2063 985 2234 1030; x_wconf 87' lang='grc' dir='ltr'>σεως;</span> <span class='ocrx_word' id='word_1_609' title='bbox 2267 968 2434 1020; x_wconf 77' lang='grc' dir='ltr'>Οὐδὲν</span> <span class='ocrx_word' id='word_1_610' title='bbox 2471 970 2578 1039; x_wconf 73' lang='grc' dir='ltr'>γὰρ</span> <span class='ocrx_word' id='word_1_611' title='bbox 2611 969 2867 1038; x_wconf 87' lang='grc' dir='ltr'>βούλομαι</span> <span class='ocrx_word' id='word_1_612' title='bbox 2914 969 3092 1022; x_wconf 74' lang='grc' dir='ltr'>κοινὸν</span> <span class='ocrx_word' id='word_1_613' title='bbox 3135 969 3278 1038; x_wconf 74' lang='grc' dir='ltr'>ἔχειν</span> <span class='ocrx_word' id='word_1_614' title='bbox 3315 969 3451 1037; x_wconf 78' lang='grc' dir='ltr'>ὑμᾶς</span> <span class='ocrx_word' id='word_1_615' title='bbox 3504 965 3658 1034; x_wconf 71' lang='grc' dir='ltr'>πρὸς</span> 
     </span>
    </p>
   </div>
   <div class='ocr_carea' id='block_1_78' title="bbox 2062 1047 3658 1122">
    <p class='ocr_par' dir='ltr' id='par_1_78' title="bbox 2062 1047 3658 1122">
     <span class='ocr_line' id='line_1_78' title="bbox 2062 1047 3658 1122; baseline -0.001 -20"><span class='ocrx_word' id='word_1_616' title='bbox 2062 1050 2322 1112; x_wconf 84' lang='grc' dir='ltr'>ἐκείνους,</span> <span class='ocrx_word' id='word_1_617' title='bbox 2378 1051 2563 1120; x_wconf 89' lang='grc' dir='ltr'>φησίν.</span> <span class='ocrx_word' id='word_1_618' title='bbox 2604 1047 2734 1104; x_wconf 83' lang='grc' dir='ltr'>Εἶτα</span> <span class='ocrx_word' id='word_1_619' title='bbox 2763 1051 2948 1122; x_wconf 81' lang='grc' dir='ltr'>ἐπειδὴ</span> <span class='ocrx_word' id='word_1_620' title='bbox 2981 1053 3038 1103; x_wconf 86' lang='grc' dir='ltr'>ἐν</span> <span class='ocrx_word' id='word_1_621' title='bbox 3071 1052 3220 1116; x_wconf 80' lang='grc' dir='ltr'>τάξει</span> <span class='ocrx_word' id='word_1_622' title='bbox 3266 1049 3658 1118; x_wconf 79' lang='grc' dir='ltr'>παραινέσεως</span> 
     </span>
    </p>
   </div>
   <div class='ocr_carea' id='block_1_79' title="bbox 2061 1133 3658 1204">
    <p class='ocr_par' dir='ltr' id='par_1_79' title="bbox 2061 1133 3658 1204">
     <span class='ocr_line' id='line_1_79' title="bbox 2061 1133 3658 1204; baseline -0.001 -20"><span class='ocrx_word' id='word_1_623' title='bbox 2061 1133 2151 1184; x_wconf 77' lang='grc' dir='ltr'>τὸν</span> <span class='ocrx_word' id='word_1_624' title='bbox 2181 1133 2335 1200; x_wconf 90' lang='grc' dir='ltr'>λόγον</span> <span class='ocrx_word' id='word_1_625' title='bbox 2359 1136 2672 1203; x_wconf 85' lang='grc' dir='ltr'>εἰσήγαγεν,</span> <span class='ocrx_word' id='word_1_626' title='bbox 2709 1133 2794 1187; x_wconf 78' lang='grc' dir='ltr'>ἵνα</span> <span class='ocrx_word' id='word_1_627' title='bbox 2823 1136 2896 1204; x_wconf 86' lang='grc' dir='ltr'>μή</span> <span class='ocrx_word' id='word_1_628' title='bbox 2932 1151 3013 1196; x_wconf 86' lang='grc' dir='ltr'>τις</span> <span class='ocrx_word' id='word_1_629' title='bbox 3047 1134 3156 1185; x_wconf 88' lang='grc' dir='ltr'>τῶν</span> <span class='ocrx_word' id='word_1_630' title='bbox 3187 1133 3511 1201; x_wconf 79' lang='grc' dir='ltr'>παχυτέρων</span> <span class='ocrx_word' id='word_1_631' title='bbox 3544 1148 3658 1182; x_wconf 65' lang='grc' dir='ltr'>και</span> 
     </span>
    </p>
   </div>
   <div class='ocr_carea' id='block_1_80' title="bbox 2061 1211 3655 1287">
    <p class='ocr_par' dir='ltr' id='par_1_80' title="bbox 2061 1211 3655 1287">
     <span class='ocr_line' id='line_1_80' title="bbox 2061 1211 3655 1287; baseline 0.001 -21"><span class='ocrx_word' id='word_1_632' title='bbox 2061 1217 2395 1286; x_wconf 81' lang='grc' dir='ltr'>ταφρονήσῃ,</span> <span class='ocrx_word' id='word_1_633' title='bbox 2414 1217 2488 1278; x_wconf 89' lang='grc' dir='ltr'>ὼς</span> <span class='ocrx_word' id='word_1_634' title='bbox 2505 1217 2753 1282; x_wconf 81' lang='grc' dir='ltr'>ἐξουσίαν</span> <span class='ocrx_word' id='word_1_635' title='bbox 2769 1217 2926 1286; x_wconf 78' lang='grc' dir='ltr'>ἔχων,</span> <span class='ocrx_word' id='word_1_636' title='bbox 2950 1217 3136 1287; x_wconf 75' lang='grc' dir='ltr'>ἐπειδὴ</span> <span class='ocrx_word' id='word_1_637' title='bbox 3163 1211 3334 1279; x_wconf 79' lang='grc' dir='ltr'>εἶπεν,</span> <span class='ocrx_word' id='word_1_638' title='bbox 3359 1219 3438 1268; x_wconf 74' lang='grc' dir='ltr'>Οὐ</span> <span class='ocrx_word' id='word_1_639' title='bbox 3455 1215 3655 1279; x_wconf 70' lang='grc' dir='ltr'>θέλω,</span> 
     </span>
    </p>
   </div>
   <div class='ocr_carea' id='block_1_81' title="bbox 2065 1299 3659 1370">
    <p class='ocr_par' dir='ltr' id='par_1_81' title="bbox 2065 1299 3659 1370">
     <span class='ocr_line' id='line_1_81' title="bbox 2065 1299 3659 1370; baseline -0.001 -19"><span class='ocrx_word' id='word_1_640' title='bbox 2065 1299 2156 1351; x_wconf 81' lang='grc' dir='ltr'>καὶ</span> <span class='ocrx_word' id='word_1_641' title='bbox 2191 1299 2386 1368; x_wconf 80' lang='grc' dir='ltr'>Ὑμεῖς</span> <span class='ocrx_word' id='word_1_642' title='bbox 2430 1302 2696 1368; x_wconf 77' lang='grc' dir='ltr'>κρίνατε,</span> <span class='ocrx_word' id='word_1_643' title='bbox 2749 1301 3108 1370; x_wconf 76' lang='grc' dir='ltr'>ἀποφαίνεται</span> <span class='ocrx_word' id='word_1_644' title='bbox 3141 1300 3324 1352; x_wconf 80' lang='grc' dir='ltr'>λοιπον</span> <span class='ocrx_word' id='word_1_645' title='bbox 3353 1300 3445 1352; x_wconf 83' lang='grc' dir='ltr'>καὶ</span> <span class='ocrx_word' id='word_1_646' title='bbox 3473 1315 3659 1368; x_wconf 54' lang='lat'><strong>~090-</strong></span> 
     </span>
    </p>
   </div>
   <div class='ocr_carea' id='block_1_82' title="bbox 2063 1383 3654 1451">
    <p class='ocr_par' dir='ltr' id='par_1_82' title="bbox 2063 1383 3654 1451">
     <span class='ocr_line' id='line_1_82' title="bbox 2063 1383 3654 1451; baseline -0.002 -16"><span class='ocrx_word' id='word_1_647' title='bbox 2063 1383 2208 1436; x_wconf 86' lang='grc' dir='ltr'>θετεῖ</span> <span class='ocrx_word' id='word_1_648' title='bbox 2236 1384 2405 1451; x_wconf 85' lang='grc' dir='ltr'>λέγων</span> <span class='ocrx_word' id='word_1_649' title='bbox 2425 1400 2440 1415; x_wconf 77' lang='lat'><strong><em>°</em></strong></span> <span class='ocrx_word' id='word_1_650' title='bbox 2469 1387 2551 1438; x_wconf 83' lang='grc' dir='ltr'>Οὐ</span> <span class='ocrx_word' id='word_1_651' title='bbox 2571 1384 2834 1438; x_wconf 82' lang='grc' dir='ltr'>δύνασθε</span> <span class='ocrx_word' id='word_1_652' title='bbox 2859 1385 3142 1451; x_wconf 79' lang='grc' dir='ltr'>ποτήριον</span> <span class='ocrx_word' id='word_1_653' title='bbox 3167 1384 3385 1450; x_wconf 77' lang='lat' dir='ltr'>Kvplov</span> <span class='ocrx_word' id='word_1_654' title='bbox 3412 1398 3654 1442; x_wconf 74' lang='grc' dir='ltr'>αινειν,</span> 
     </span>
    </p>
   </div>
   <div class='ocr_carea' id='block_1_83' title="bbox 2063 1462 3660 1537">
    <p class='ocr_par' dir='ltr' id='par_1_83' title="bbox 2063 1462 3660 1537">
     <span class='ocr_line' id='line_1_83' title="bbox 2063 1462 3660 1537; baseline -0.001 -20"><span class='ocrx_word' id='word_1_655' title='bbox 2063 1467 2162 1518; x_wconf 78' lang='grc' dir='ltr'>καὶ</span> <span class='ocrx_word' id='word_1_656' title='bbox 2205 1466 2496 1534; x_wconf 83' lang='grc' dir='ltr'>ποτήριον</span> <span class='ocrx_word' id='word_1_657' title='bbox 2540 1466 2861 1537; x_wconf 78' lang='grc' dir='ltr'>δαιμονίων</span> <span class='ocrx_word' id='word_1_658' title='bbox 2889 1482 2903 1497; x_wconf 84' lang='lat'><strong><em>°</em></strong></span> <span class='ocrx_word' id='word_1_659' title='bbox 2936 1469 3007 1521; x_wconf 82' lang='grc' dir='ltr'>οὐ</span> <span class='ocrx_word' id='word_1_660' title='bbox 3051 1467 3314 1520; x_wconf 78' lang='grc' dir='ltr'>δύνασθε</span> <span class='ocrx_word' id='word_1_661' title='bbox 3347 1462 3660 1532; x_wconf 72' lang='grc' dir='ltr'>τραπέζης</span> 
     </span>
    </p>
   </div>
   <div class='ocr_carea' id='block_1_84' title="bbox 2063 1548 3660 1618">
    <p class='ocr_par' dir='ltr' id='par_1_84' title="bbox 2063 1548 3660 1618">
     <span class='ocr_line' id='line_1_84' title="bbox 2063 1548 3660 1618; baseline -0.002 -17"><span class='ocrx_word' id='word_1_662' title='bbox 2063 1549 2283 1616; x_wconf 85' lang='grc' dir='ltr'>Κυρίου</span> <span class='ocrx_word' id='word_1_663' title='bbox 2330 1549 2618 1616; x_wconf 76' lang='grc' dir='ltr'>μετέχειν,</span> <span class='ocrx_word' id='word_1_664' title='bbox 2677 1549 2774 1603; x_wconf 78' lang='grc' dir='ltr'>καὶ</span> <span class='ocrx_word' id='word_1_665' title='bbox 2818 1548 3104 1618; x_wconf 77' lang='grc' dir='ltr'>τραπέζης</span> <span class='ocrx_word' id='word_1_666' title='bbox 3139 1549 3474 1618; x_wconf 76' lang='grc' dir='ltr'>δαιμονίων.</span> <span class='ocrx_word' id='word_1_667' title='bbox 3538 1549 3660 1600; x_wconf 73' lang='grc' dir='ltr'>Καὶ</span> 
     </span>
    </p>
   </div>
   <div class='ocr_carea' id='block_1_85' title="bbox 2063 1625 3658 1702">
    <p class='ocr_par' dir='ltr' id='par_1_85' title="bbox 2063 1625 3658 1702">
     <span class='ocr_line' id='line_1_85' title="bbox 2063 1625 3658 1702; baseline -0.001 -20"><span class='ocrx_word' id='word_1_668' title='bbox 2063 1633 2312 1700; x_wconf 72' lang='grc' dir='ltr'>ἀρκεῖται</span> <span class='ocrx_word' id='word_1_669' title='bbox 2343 1635 2454 1692; x_wconf 75' lang='grc' dir='ltr'>τοῖς</span> <span class='ocrx_word' id='word_1_670' title='bbox 2481 1632 2708 1701; x_wconf 89' lang='grc' dir='ltr'>όνόμασι</span> <span class='ocrx_word' id='word_1_671' title='bbox 2744 1632 2924 1701; x_wconf 85' lang='grc' dir='ltr'>μόνοις</span> <span class='ocrx_word' id='word_1_672' title='bbox 2949 1635 3027 1695; x_wconf 85' lang='grc' dir='ltr'>εἰς</span> <span class='ocrx_word' id='word_1_673' title='bbox 3061 1634 3159 1702; x_wconf 80' lang='grc' dir='ltr'>τὴν</span> <span class='ocrx_word' id='word_1_674' title='bbox 3188 1633 3516 1700; x_wconf 81' lang='grc' dir='ltr'>ἀπαγωγήν.</span> <span class='ocrx_word' id='word_1_675' title='bbox 3558 1625 3658 1681; x_wconf 77' lang='grc' dir='ltr'>Εἶ-</span> 
     </span>
    </p>
   </div>
   <div class='ocr_carea' id='block_1_86' title="bbox 2061 1713 3658 1784">
    <p class='ocr_par' dir='ltr' id='par_1_86' title="bbox 2061 1713 3658 1784">
     <span class='ocr_line' id='line_1_86' title="bbox 2061 1713 3658 1784; baseline -0.001 -19"><span class='ocrx_word' id='word_1_676' title='bbox 2061 1730 2129 1765; x_wconf 89' lang='grc' dir='ltr'>τα</span> <span class='ocrx_word' id='word_1_677' title='bbox 2154 1715 2248 1766; x_wconf 74' lang='grc' dir='ltr'>καὶ</span> <span class='ocrx_word' id='word_1_678' title='bbox 2269 1714 2634 1784; x_wconf 84' lang='grc' dir='ltr'>ἐντρεπτικῶς</span> <span class='ocrx_word' id='word_1_679' title='bbox 2650 1731 2664 1746; x_wconf 74' lang='grc' dir='ltr'><strong><em>ο</em></strong></span> <span class='ocrx_word' id='word_1_680' title='bbox 2698 1715 2765 1768; x_wconf 86' lang='grc' dir='ltr'>Ἢ</span> <span class='ocrx_word' id='word_1_681' title='bbox 2784 1713 3239 1783; x_wconf 69' lang='grc' dir='ltr'>παραζηλοῦμεν</span> <span class='ocrx_word' id='word_1_682' title='bbox 3259 1715 3362 1768; x_wconf 82' lang='grc' dir='ltr'>τὸν</span> <span class='ocrx_word' id='word_1_683' title='bbox 3386 1716 3658 1780; x_wconf 78' lang='grc' dir='ltr'>Κύριον;</span> 
     </span>
    </p>
   </div>
   <div class='ocr_carea' id='block_1_87' title="bbox 2057 1795 3659 1870">
    <p class='ocr_par' dir='ltr' id='par_1_87' title="bbox 2057 1795 3659 1870">
     <span class='ocr_line' id='line_1_87' title="bbox 2057 1795 3659 1870; baseline -0.001 -20"><span class='ocrx_word' id='word_1_684' title='bbox 2057 1796 2143 1864; x_wconf 81' lang='grc' dir='ltr'>μὴ</span> <span class='ocrx_word' id='word_1_685' title='bbox 2173 1799 2546 1865; x_wconf 74' lang='grc' dir='ltr'>ἰσχυρότεροι</span> <span class='ocrx_word' id='word_1_686' title='bbox 2585 1797 2770 1851; x_wconf 82' lang='grc' dir='ltr'>αὑτοῦ</span> <span class='ocrx_word' id='word_1_687' title='bbox 2815 1798 3035 1866; x_wconf 85' lang='grc' dir='ltr'>ἐσμεν;</span> <span class='ocrx_word' id='word_1_688' title='bbox 3065 1798 3342 1863; x_wconf 90' lang='grc' dir='ltr'>Τουτέστι,</span> <span class='ocrx_word' id='word_1_689' title='bbox 3373 1795 3659 1870; x_wconf 79' lang='grc' dir='ltr'>Πειράζο-</span> 
     </span>
    </p>
   </div>
   <div class='ocr_carea' id='block_1_88' title="bbox 2067 1880 3657 1952">
    <p class='ocr_par' dir='ltr' id='par_1_88' title="bbox 2067 1880 3657 1952">
     <span class='ocr_line' id='line_1_88' title="bbox 2067 1880 3657 1952; baseline -0.002 -20"><span class='ocrx_word' id='word_1_690' title='bbox 2067 1897 2166 1949; x_wconf 85' lang='grc' dir='ltr'>μεν</span> <span class='ocrx_word' id='word_1_691' title='bbox 2199 1881 2379 1944; x_wconf 81' lang='grc' dir='ltr'>αὑτὸν,</span> <span class='ocrx_word' id='word_1_692' title='bbox 2405 1883 2453 1932; x_wconf 90' lang='grc' dir='ltr'>εί</span> <span class='ocrx_word' id='word_1_693' title='bbox 2479 1881 2700 1934; x_wconf 90' lang='grc' dir='ltr'>δύναται</span> <span class='ocrx_word' id='word_1_694' title='bbox 2725 1880 2949 1934; x_wconf 84' lang='grc' dir='ltr'>κολάσαι</span> <span class='ocrx_word' id='word_1_695' title='bbox 2983 1883 3149 1952; x_wconf 74' lang='grc' dir='ltr'>ἡμᾶς,</span> <span class='ocrx_word' id='word_1_696' title='bbox 3180 1882 3275 1934; x_wconf 77' lang='grc' dir='ltr'>καὶ</span> <span class='ocrx_word' id='word_1_697' title='bbox 3302 1880 3657 1950; x_wconf 74' lang='grc' dir='ltr'>παρακνίζοο</span> 
     </span>
    </p>
   </div>
   <div class='ocr_carea' id='block_1_89' title="bbox 2067 1963 3657 2034">
    <p class='ocr_par' dir='ltr' id='par_1_89' title="bbox 2067 1963 3657 2034">
     <span class='ocr_line' id='line_1_89' title="bbox 2067 1963 3657 2034; baseline 0 -20"><span class='ocrx_word' id='word_1_698' title='bbox 2067 1980 2164 2032; x_wconf 88' lang='grc' dir='ltr'>μεν</span> <span class='ocrx_word' id='word_1_699' title='bbox 2209 1963 2371 2015; x_wconf 82' lang='grc' dir='ltr'>αὑτὸν</span> <span class='ocrx_word' id='word_1_700' title='bbox 2408 1963 2544 2032; x_wconf 80' lang='grc' dir='ltr'>πρὸς</span> <span class='ocrx_word' id='word_1_701' title='bbox 2583 1967 2708 2028; x_wconf 80' lang='grc' dir='ltr'>τοὺς</span> <span class='ocrx_word' id='word_1_702' title='bbox 2757 1965 3033 2028; x_wconf 78' lang='grc' dir='ltr'>ἐναντίους</span> <span class='ocrx_word' id='word_1_703' title='bbox 3065 1963 3500 2034; x_wconf 88' lang='grc' dir='ltr'>ἀποχωροῦντες,</span> <span class='ocrx_word' id='word_1_704' title='bbox 3552 1963 3657 2015; x_wconf 76' lang='grc' dir='ltr'>καὶ</span> 
     </span>
    </p>
   </div>
   <div class='ocr_carea' id='block_1_90' title="bbox 2069 2043 3649 2118">
    <p class='ocr_par' dir='ltr' id='par_1_90' title="bbox 2069 2043 3649 2118">
     <span class='ocr_line' id='line_1_90' title="bbox 2069 2043 3649 2118; baseline -0.001 -20"><span class='ocrx_word' id='word_1_705' title='bbox 2069 2049 2204 2114; x_wconf 85' lang='grc' dir='ltr'>μετά</span> <span class='ocrx_word' id='word_1_706' title='bbox 2229 2047 2334 2098; x_wconf 89' lang='grc' dir='ltr'>τῶν</span> <span class='ocrx_word' id='word_1_707' title='bbox 2353 2046 2517 2099; x_wconf 81' lang='grc' dir='ltr'>αὑτοῦ</span> <span class='ocrx_word' id='word_1_708' title='bbox 2547 2048 2818 2118; x_wconf 83' lang='grc' dir='ltr'>πολεμίων</span> <span class='ocrx_word' id='word_1_709' title='bbox 2843 2049 3192 2118; x_wconf 84' lang='grc' dir='ltr'>ταττόμενοι;</span> <span class='ocrx_word' id='word_1_710' title='bbox 3219 2046 3390 2100; x_wconf 87' lang='grc' dir='ltr'>Τοῦτο</span> <span class='ocrx_word' id='word_1_711' title='bbox 3409 2047 3464 2100; x_wconf 80' lang='grc' dir='ltr'>δὲ</span> <span class='ocrx_word' id='word_1_712' title='bbox 3491 2043 3649 2109; x_wconf 78' lang='grc' dir='ltr'>εἷπε,</span> 
     </span>
    </p>
   </div>
   <div class='ocr_carea' id='block_1_91' title="bbox 2065 2131 3654 2201">
    <p class='ocr_par' dir='ltr' id='par_1_91' title="bbox 2065 2131 3654 2201">
     <span class='ocr_line' id='line_1_91' title="bbox 2065 2131 3654 2201; baseline 0 -21"><span class='ocrx_word' id='word_1_713' title='bbox 2065 2131 2498 2200; x_wconf 82' lang='grc' dir='ltr'>ἀναμιμνήσκων</span> <span class='ocrx_word' id='word_1_714' title='bbox 2527 2131 2722 2193; x_wconf 80' lang='grc' dir='ltr'>αὐτοὺς</span> <span class='ocrx_word' id='word_1_715' title='bbox 2753 2131 2990 2193; x_wconf 81' lang='grc' dir='ltr'>παλαιᾶς</span> <span class='ocrx_word' id='word_1_716' title='bbox 3029 2131 3268 2201; x_wconf 79' lang='grc' dir='ltr'>ἱστορίας</span> <span class='ocrx_word' id='word_1_717' title='bbox 3299 2131 3395 2182; x_wconf 75' lang='grc' dir='ltr'>καὶ</span> <span class='ocrx_word' id='word_1_718' title='bbox 3445 2145 3654 2199; x_wconf 76' lang='grc' dir='ltr'>πατριο</span> 
     </span>
    </p>
   </div>
   <div class='ocr_carea' id='block_1_92' title="bbox 2065 2213 3651 2286">
    <p class='ocr_par' dir='ltr' id='par_1_92' title="bbox 2065 2213 3651 2286">
     <span class='ocr_line' id='line_1_92' title="bbox 2065 2213 3651 2286; baseline -0.003 -20"><span class='ocrx_word' id='word_1_719' title='bbox 2065 2213 2168 2282; x_wconf 81' lang='grc' dir='ltr'>κῆς</span> <span class='ocrx_word' id='word_1_720' title='bbox 2201 2215 2558 2285; x_wconf 77' lang='grc' dir='ltr'>παρανομίας.</span> <span class='ocrx_word' id='word_1_721' title='bbox 2593 2215 2683 2268; x_wconf 79' lang='grc' dir='ltr'>Διὸ</span> <span class='ocrx_word' id='word_1_722' title='bbox 2725 2216 2819 2268; x_wconf 71' lang='grc' dir='ltr'>κα)⁸</span> <span class='ocrx_word' id='word_1_723' title='bbox 2848 2217 2914 2285; x_wconf 80' lang='grc' dir='ltr'>τῇ</span> <span class='ocrx_word' id='word_1_724' title='bbox 2958 2213 3100 2279; x_wconf 80' lang='grc' dir='ltr'>λέξει</span> <span class='ocrx_word' id='word_1_725' title='bbox 3143 2214 3315 2286; x_wconf 76' lang='grc' dir='ltr'>ταύτῃ</span> <span class='ocrx_word' id='word_1_726' title='bbox 3349 2213 3651 2282; x_wconf 77' lang='grc' dir='ltr'>κέχρηται,</span> 
     </span>
    </p>
   </div>
   <div class='ocr_carea' id='block_1_93' title="bbox 2063 2291 3652 2369">
    <p class='ocr_par' dir='ltr' id='par_1_93' title="bbox 2063 2291 3652 2369">
     <span class='ocr_line' id='line_1_93' title="bbox 2063 2291 3652 2369; baseline -0.001 -21"><span class='ocrx_word' id='word_1_727' title='bbox 2063 2291 2214 2369; x_wconf 77' lang='grc' dir='ltr'>ᾖκαὶ</span> <span class='ocrx_word' id='word_1_728' title='bbox 2245 2297 2378 2367; x_wconf 80' lang='grc' dir='ltr'>πρὸς</span> <span class='ocrx_word' id='word_1_729' title='bbox 2417 2297 2703 2360; x_wconf 78' lang='grc' dir='ltr'>Ἰουδαίους</span> <span class='ocrx_word' id='word_1_730' title='bbox 2735 2298 2763 2349; x_wconf 91' lang='grc' dir='ltr'>ό</span> <span class='ocrx_word' id='word_1_731' title='bbox 2794 2297 3033 2366; x_wconf 82' lang='grc' dir='ltr'>Μωῦσῆς</span> <span class='ocrx_word' id='word_1_732' title='bbox 3064 2296 3335 2366; x_wconf 74' lang='grc' dir='ltr'>ἐχρήσατό</span> <span class='ocrx_word' id='word_1_733' title='bbox 3364 2312 3519 2357; x_wconf 87' lang='grc' dir='ltr'>ποτε,</span> <span class='ocrx_word' id='word_1_734' title='bbox 3560 2299 3652 2361; x_wconf 83' lang='grc' dir='ltr'>ἐγ-</span> 
     </span>
    </p>
   </div>
   <div class='ocr_carea' id='block_1_94' title="bbox 2064 2377 3646 2451">
    <p class='ocr_par' dir='ltr' id='par_1_94' title="bbox 2064 2377 3646 2451">
     <span class='ocr_line' id='line_1_94' title="bbox 2064 2377 3646 2451; baseline -0.002 -19"><span class='ocrx_word' id='word_1_735' title='bbox 2064 2380 2243 2432; x_wconf 89' lang='grc' dir='ltr'>καλῶν</span> <span class='ocrx_word' id='word_1_736' title='bbox 2274 2382 2416 2450; x_wconf 84' lang='grc' dir='ltr'>ύπέρ</span> <span class='ocrx_word' id='word_1_737' title='bbox 2443 2380 2882 2451; x_wconf 84' lang='grc' dir='ltr'>εἰδωλολατρείας</span> <span class='ocrx_word' id='word_1_738' title='bbox 2919 2381 2983 2432; x_wconf 84' lang='grc' dir='ltr'>ἐκ</span> <span class='ocrx_word' id='word_1_739' title='bbox 3015 2379 3308 2449; x_wconf 81' lang='grc' dir='ltr'>προσώπου</span> <span class='ocrx_word' id='word_1_740' title='bbox 3340 2377 3435 2430; x_wconf 89' lang='grc' dir='ltr'>τοῦ</span> <span class='ocrx_word' id='word_1_741' title='bbox 3464 2377 3610 2430; x_wconf 82' lang='grc' dir='ltr'>Θεοῦ</span> <span class='ocrx_word' id='word_1_742' title='bbox 3635 2395 3646 2405; x_wconf 93' lang='grc'>·</span> 
     </span>
    </p>
   </div>
   <div class='ocr_carea' id='block_1_95' title="bbox 2057 2460 3648 2535">
    <p class='ocr_par' dir='ltr' id='par_1_95' title="bbox 2057 2460 3648 2535">
     <span class='ocr_line' id='line_1_95' title="bbox 2057 2460 3648 2535; baseline -0.002 -19"><span class='ocrx_word' id='word_1_743' title='bbox 2057 2464 2231 2516; x_wconf 73' lang='grc' dir='ltr'>Αὐτοὶ</span> <span class='ocrx_word' id='word_1_744' title='bbox 2276 2465 2401 2535; x_wconf 87' lang='lat'><strong>7&amp;9.</strong></span> <span class='ocrx_word' id='word_1_745' title='bbox 2459 2468 2614 2533; x_wconf 77' lang='grc' dir='ltr'>φησι,</span> <span class='ocrx_word' id='word_1_746' title='bbox 2658 2463 3087 2532; x_wconf 67' lang='grc' dir='ltr'>παρεζῆλωσὰν</span> <span class='ocrx_word' id='word_1_747' title='bbox 3116 2480 3193 2531; x_wconf 85' lang='grc' dir='ltr'>με</span> <span class='ocrx_word' id='word_1_748' title='bbox 3231 2461 3324 2514; x_wconf 80' lang='grc' dir='ltr'>ἐπ’</span> <span class='ocrx_word' id='word_1_749' title='bbox 3373 2463 3447 2515; x_wconf 86' lang='grc' dir='ltr'>οὐ</span> <span class='ocrx_word' id='word_1_750' title='bbox 3494 2460 3648 2524; x_wconf 84' lang='grc' dir='ltr'>Θεῷ,</span> 
     </span>
    </p>
   </div>
   <div class='ocr_carea' id='block_1_96' title="bbox 2063 2543 3649 2616">
    <p class='ocr_par' dir='ltr' id='par_1_96' title="bbox 2063 2543 3649 2616">
     <span class='ocr_line' id='line_1_96' title="bbox 2063 2543 3649 2616; baseline -0.001 -18"><span class='ocrx_word' id='word_1_751' title='bbox 2063 2545 2443 2615; x_wconf 75' lang='grc' dir='ltr'>παρώρτισιίν</span> <span class='ocrx_word' id='word_1_752' title='bbox 2465 2565 2543 2616; x_wconf 90' lang='grc' dir='ltr'>με</span> <span class='ocrx_word' id='word_1_753' title='bbox 2565 2548 2635 2600; x_wconf 84' lang='grc' dir='ltr'>ἐν</span> <span class='ocrx_word' id='word_1_754' title='bbox 2656 2549 2779 2610; x_wconf 83' lang='grc' dir='ltr'>τοῖς</span> <span class='ocrx_word' id='word_1_755' title='bbox 2797 2545 3066 2610; x_wconf 73' lang='grc' dir='ltr'>εἰδώλοις</span> <span class='ocrx_word' id='word_1_756' title='bbox 3093 2543 3310 2599; x_wconf 81' lang='grc' dir='ltr'>αὐτῶν.</span> <span class='ocrx_word' id='word_1_757' title='bbox 3339 2547 3438 2611; x_wconf 79' lang='grc' dir='ltr'>Μὴ</span> <span class='ocrx_word' id='word_1_758' title='bbox 3470 2547 3649 2610; x_wconf 82' lang='grc' dir='ltr'>ισχυ-</span> 
     </span>
    </p>
   </div>
   <div class='ocr_carea' id='block_1_97' title="bbox 2058 2626 3648 2698">
    <p class='ocr_par' dir='ltr' id='par_1_97' title="bbox 2058 2626 3648 2698">
     <span class='ocr_line' id='line_1_97' title="bbox 2058 2626 3648 2698; baseline -0.003 -17"><span class='ocrx_word' id='word_1_759' title='bbox 2058 2631 2287 2697; x_wconf 89' lang='grc' dir='ltr'>ρότεροι</span> <span class='ocrx_word' id='word_1_760' title='bbox 2329 2631 2515 2684; x_wconf 85' lang='grc' dir='ltr'>αὐτοῦ</span> <span class='ocrx_word' id='word_1_761' title='bbox 2563 2631 2795 2698; x_wconf 78' lang='grc' dir='ltr'>ἐσμενς</span> <span class='ocrx_word' id='word_1_762' title='bbox 2849 2626 3000 2691; x_wconf 78' lang='grc' dir='ltr'>Εἶδες</span> <span class='ocrx_word' id='word_1_763' title='bbox 3032 2627 3149 2690; x_wconf 87' lang='grc' dir='ltr'>πῶς</span> <span class='ocrx_word' id='word_1_764' title='bbox 3198 2626 3465 2696; x_wconf 73' lang='grc' dir='ltr'>φοϐερῶς,</span> <span class='ocrx_word' id='word_1_765' title='bbox 3523 2626 3648 2688; x_wconf 81' lang='grc' dir='ltr'>πῶς</span> 
     </span>
    </p>
   </div>
   <div class='ocr_carea' id='block_1_98' title="bbox 2065 2709 3646 2784">
    <p class='ocr_par' dir='ltr' id='par_1_98' title="bbox 2065 2709 3646 2784">
     <span class='ocr_line' id='line_1_98' title="bbox 2065 2709 3646 2784; baseline -0.002 -20"><span class='ocrx_word' id='word_1_766' title='bbox 2065 2713 2307 2782; x_wconf 88' lang='grc' dir='ltr'>φρικτῶς</span> <span class='ocrx_word' id='word_1_767' title='bbox 2333 2713 2655 2784; x_wconf 78' lang='grc' dir='ltr'>ἐπέπληξεν,</span> <span class='ocrx_word' id='word_1_768' title='bbox 2687 2712 2826 2766; x_wconf 86' lang='grc' dir='ltr'>αύτά</span> <span class='ocrx_word' id='word_1_769' title='bbox 2857 2713 3130 2774; x_wconf 88' lang='grc' dir='ltr'>διασείσας</span> <span class='ocrx_word' id='word_1_770' title='bbox 3157 2712 3333 2765; x_wconf 77' lang='grc' dir='ltr'>αὐτῶν</span> <span class='ocrx_word' id='word_1_771' title='bbox 3353 2712 3426 2762; x_wconf 70' lang='grc' dir='ltr'>τὰ</span> <span class='ocrx_word' id='word_1_772' title='bbox 3445 2709 3646 2779; x_wconf 78' lang='grc' dir='ltr'>νεῦρα,</span> 
     </span>
    </p>
   </div>
   <div class='ocr_carea' id='block_1_99' title="bbox 2065 2793 3647 2866">
    <p class='ocr_par' dir='ltr' id='par_1_99' title="bbox 2065 2793 3647 2866">
     <span class='ocr_line' id='line_1_99' title="bbox 2065 2793 3647 2866; baseline -0.001 -19"><span class='ocrx_word' id='word_1_773' title='bbox 2065 2797 2158 2848; x_wconf 74' lang='grc' dir='ltr'>καὶ</span> <span class='ocrx_word' id='word_1_774' title='bbox 2184 2799 2250 2866; x_wconf 76' lang='grc' dir='ltr'>τῇ</span> <span class='ocrx_word' id='word_1_775' title='bbox 2281 2798 2362 2859; x_wconf 89' lang='grc' dir='ltr'>είς</span> <span class='ocrx_word' id='word_1_776' title='bbox 2391 2797 2592 2850; x_wconf 79' lang='grc' dir='ltr'>ἄτοπον</span> <span class='ocrx_word' id='word_1_777' title='bbox 2635 2798 2904 2866; x_wconf 78' lang='grc' dir='ltr'>ἀπαγωγῇ</span> <span class='ocrx_word' id='word_1_778' title='bbox 2936 2794 3138 2865; x_wconf 76' lang='grc' dir='ltr'>σφόδρα</span> <span class='ocrx_word' id='word_1_779' title='bbox 3175 2795 3354 2847; x_wconf 72' lang='grc' dir='ltr'>αὐτῶν</span> <span class='ocrx_word' id='word_1_780' title='bbox 3391 2793 3647 2860; x_wconf 64' lang='grc' dir='ltr'>καθαψά-</span> 
     </span>
    </p>
   </div>
   <div class='ocr_carea' id='block_1_100' title="bbox 2067 2876 3647 2948">
    <p class='ocr_par' dir='ltr' id='par_1_100' title="bbox 2067 2876 3647 2948">
     <span class='ocr_line' id='line_1_100' title="bbox 2067 2876 3647 2948; baseline -0.002 -19"><span class='ocrx_word' id='word_1_781' title='bbox 2067 2894 2226 2948; x_wconf 88' lang='grc' dir='ltr'>μενος</span> <span class='ocrx_word' id='word_1_782' title='bbox 2257 2881 2352 2930; x_wconf 69' lang='grc' dir='ltr'>καί⁵</span> <span class='ocrx_word' id='word_1_783' title='bbox 2376 2879 2922 2946; x_wconf 73' lang='grc' dir='ltr'>κατενεγκὼνοαύτῶν</span> <span class='ocrx_word' id='word_1_784' title='bbox 2949 2878 3011 2929; x_wconf 84' lang='grc' dir='ltr'>τὸ</span> <span class='ocrx_word' id='word_1_785' title='bbox 3047 2879 3306 2948; x_wconf 83' lang='grc' dir='ltr'>φύσημα;</span> <span class='ocrx_word' id='word_1_786' title='bbox 3343 2877 3454 2930; x_wconf 74' lang='grc' dir='ltr'>Καὶ</span> <span class='ocrx_word' id='word_1_787' title='bbox 3482 2877 3573 2928; x_wconf 72' lang='grc' dir='ltr'>διὰ</span> <span class='ocrx_word' id='word_1_788' title='bbox 3594 2876 3647 2927; x_wconf 89' lang='grc' dir='ltr'>τί</span> 
     </span>
    </p>
   </div>
   <div class='ocr_carea' id='block_1_101' title="bbox 2067 2959 3648 3032">
    <p class='ocr_par' dir='ltr' id='par_1_101' title="bbox 2067 2959 3648 3032">
     <span class='ocr_line' id='line_1_101' title="bbox 2067 2959 3648 3032; baseline -0.001 -19"><span class='ocrx_word' id='word_1_789' title='bbox 2067 2961 2141 3030; x_wconf 82' lang='grc' dir='ltr'>μή</span> <span class='ocrx_word' id='word_1_790' title='bbox 2180 2960 2239 3026; x_wconf 80' lang='grc' dir='ltr'>ἐξ</span> <span class='ocrx_word' id='word_1_791' title='bbox 2263 2961 2438 3032; x_wconf 81' lang='grc' dir='ltr'>ἀρχῆς</span> <span class='ocrx_word' id='word_1_792' title='bbox 2474 2961 2649 3015; x_wconf 84' lang='grc' dir='ltr'>ταῦτα</span> <span class='ocrx_word' id='word_1_793' title='bbox 2688 2961 2964 3024; x_wconf 87' lang='grc' dir='ltr'>τέθεικεν,</span> <span class='ocrx_word' id='word_1_794' title='bbox 2999 2961 3184 3031; x_wconf 77' lang='grc' dir='ltr'>φησὶν,</span> <span class='ocrx_word' id='word_1_795' title='bbox 3220 2959 3530 3030; x_wconf 79' lang='grc' dir='ltr'>ἀμάλιστα</span> <span class='ocrx_word' id='word_1_796' title='bbox 3580 2960 3648 3011; x_wconf 80' lang='grc' dir='ltr'>ἂν</span> 
     </span>
    </p>
   </div>
   <div class='ocr_carea' id='block_1_102' title="bbox 2063 3042 3648 3114">
    <p class='ocr_par' dir='ltr' id='par_1_102' title="bbox 2063 3042 3648 3114">
     <span class='ocr_line' id='line_1_102' title="bbox 2063 3042 3648 3114; baseline 0 -18"><span class='ocrx_word' id='word_1_797' title='bbox 2063 3042 2260 3106; x_wconf 81' lang='grc' dir='ltr'>αὐτοὺς</span> <span class='ocrx_word' id='word_1_798' title='bbox 2297 3047 2611 3113; x_wconf 87' lang='grc' dir='ltr'>ἀπήγαγεν;</span> <span class='ocrx_word' id='word_1_799' title='bbox 2659 3045 2780 3097; x_wconf 77' lang='grc' dir='ltr'>Ὀτι</span> <span class='ocrx_word' id='word_1_800' title='bbox 2827 3043 2946 3107; x_wconf 75' lang='grc' dir='ltr'>ἔθος</span> <span class='ocrx_word' id='word_1_801' title='bbox 2979 3045 3128 3114; x_wconf 84' lang='grc' dir='ltr'>αύτῷ</span> <span class='ocrx_word' id='word_1_802' title='bbox 3159 3043 3246 3097; x_wconf 79' lang='grc' dir='ltr'>δια</span> <span class='ocrx_word' id='word_1_803' title='bbox 3307 3043 3576 3096; x_wconf 88' lang='grc' dir='ltr'>πλειόνων</span> <span class='ocrx_word' id='word_1_804' title='bbox 3611 3043 3648 3096; x_wconf 75' lang='grc' dir='ltr'>ἃ</span> 
     </span>
    </p>
   </div>
   <div class='ocr_carea' id='block_1_103' title="bbox 2065 3125 3648 3197">
    <p class='ocr_par' dir='ltr' id='par_1_103' title="bbox 2065 3125 3648 3197">
     <span class='ocr_line' id='line_1_103' title="bbox 2065 3125 3648 3197; baseline 0 -19"><span class='ocrx_word' id='word_1_805' title='bbox 2065 3126 2312 3196; x_wconf 84' lang='grc' dir='ltr'>βούλεται</span> <span class='ocrx_word' id='word_1_806' title='bbox 2339 3127 2786 3193; x_wconf 60' lang='grc' dir='ltr'>κατασκευάζειιη</span> <span class='ocrx_word' id='word_1_807' title='bbox 2825 3128 2917 3180; x_wconf 70' lang='grc' dir='ltr'>καὶ</span> <span class='ocrx_word' id='word_1_808' title='bbox 2946 3127 3016 3180; x_wconf 86' lang='grc' dir='ltr'>τά</span> <span class='ocrx_word' id='word_1_809' title='bbox 3057 3127 3381 3197; x_wconf 74' lang='grc' dir='ltr'>ἰσχυρότερα</span> <span class='ocrx_word' id='word_1_810' title='bbox 3415 3125 3648 3197; x_wconf 79' lang='grc' dir='ltr'>ὓστερον</span> 
     </span>
    </p>
   </div>
   <div class='ocr_carea' id='block_1_104' title="bbox 2062 3211 3647 3284">
    <p class='ocr_par' dir='ltr' id='par_1_104' title="bbox 2062 3211 3647 3284">
     <span class='ocr_line' id='line_1_104' title="bbox 2062 3211 3647 3284; baseline 0 -20"><span class='ocrx_word' id='word_1_811' title='bbox 2062 3211 2287 3278; x_wconf 88' lang='grc' dir='ltr'>τιθέναι,</span> <span class='ocrx_word' id='word_1_812' title='bbox 2320 3212 2415 3265; x_wconf 72' lang='grc' dir='ltr'>καὶ</span> <span class='ocrx_word' id='word_1_813' title='bbox 2455 3214 2520 3266; x_wconf 74' lang='grc' dir='ltr'>ἐκ</span> <span class='ocrx_word' id='word_1_814' title='bbox 2558 3213 2875 3284; x_wconf 87' lang='grc' dir='ltr'>περιουσίας</span> <span class='ocrx_word' id='word_1_815' title='bbox 2913 3215 3090 3284; x_wconf 78' lang='grc' dir='ltr'>νικᾷν.</span> <span class='ocrx_word' id='word_1_816' title='bbox 3123 3214 3220 3266; x_wconf 85' lang='grc' dir='ltr'>Διά</span> <span class='ocrx_word' id='word_1_817' title='bbox 3243 3213 3307 3272; x_wconf 81' lang='grc' dir='ltr'>δὴ</span> <span class='ocrx_word' id='word_1_818' title='bbox 3341 3211 3504 3264; x_wconf 90' lang='grc' dir='ltr'>τοῦτο</span> <span class='ocrx_word' id='word_1_819' title='bbox 3536 3212 3647 3264; x_wconf 76' lang='grc' dir='ltr'>ἀπὸ</span> 
     </span>
    </p>
   </div>
   <div class='ocr_carea' id='block_1_105' title="bbox 2061 3297 3646 3370">
    <p class='ocr_par' dir='ltr' id='par_1_105' title="bbox 2061 3297 3646 3370">
     <span class='ocr_line' id='line_1_105' title="bbox 2061 3297 3646 3370; baseline 0.001 -22"><span class='ocrx_word' id='word_1_820' title='bbox 2061 3297 2172 3349; x_wconf 76' lang='grc' dir='ltr'>τῶν</span> <span class='ocrx_word' id='word_1_821' title='bbox 2225 3298 2662 3370; x_wconf 88' lang='grc' dir='ltr'>καταδεεστέρων</span> <span class='ocrx_word' id='word_1_822' title='bbox 2716 3298 3042 3369; x_wconf 74' lang='grc' dir='ltr'>ἀρξάμενος,</span> <span class='ocrx_word' id='word_1_823' title='bbox 3095 3298 3187 3350; x_wconf 80' lang='grc' dir='ltr'>ἐπὶ</span> <span class='ocrx_word' id='word_1_824' title='bbox 3232 3298 3294 3350; x_wconf 81' lang='grc' dir='ltr'>τὸ</span> <span class='ocrx_word' id='word_1_825' title='bbox 3345 3298 3646 3366; x_wconf 80' lang='grc' dir='ltr'>κεφάλαιον</span> 
     </span>
    </p>
   </div>
   <div class='ocr_carea' id='block_1_106' title="bbox 2061 3374 3644 3450">
    <p class='ocr_par' dir='ltr' id='par_1_106' title="bbox 2061 3374 3644 3450">
     <span class='ocr_line' id='line_1_106' title="bbox 2061 3374 3644 3450; baseline -0.001 -19"><span class='ocrx_word' id='word_1_826' title='bbox 2061 3374 2192 3449; x_wconf 77' lang='grc' dir='ltr'>ἦλθε</span> <span class='ocrx_word' id='word_1_827' title='bbox 2223 3380 2330 3432; x_wconf 88' lang='grc' dir='ltr'>τῶν</span> <span class='ocrx_word' id='word_1_828' title='bbox 2355 3380 2561 3434; x_wconf 88' lang='grc' dir='ltr'>κακῶν.</span> <span class='ocrx_word' id='word_1_829' title='bbox 2599 3380 2754 3434; x_wconf 74' lang='grc' dir='ltr'>Οὕτω</span> <span class='ocrx_word' id='word_1_830' title='bbox 2782 3381 2890 3450; x_wconf 80' lang='grc' dir='ltr'>γὰρ</span> <span class='ocrx_word' id='word_1_831' title='bbox 2917 3380 3012 3432; x_wconf 81' lang='grc' dir='ltr'>καὶ</span> <span class='ocrx_word' id='word_1_832' title='bbox 3041 3379 3196 3432; x_wconf 86' lang='grc' dir='ltr'>τοῦτο</span> <span class='ocrx_word' id='word_1_833' title='bbox 3228 3380 3288 3432; x_wconf 84' lang='grc' dir='ltr'>εύ</span> <span class='ocrx_word' id='word_1_834' title='bbox 3303 3379 3644 3449; x_wconf 71' lang='grc' dir='ltr'>παρὰδεκτον</span> 
     </span>
    </p>
   </div>
   <div class='ocr_carea' id='block_1_107' title="bbox 2067 3462 3643 3534">
    <p class='ocr_par' dir='ltr' id='par_1_107' title="bbox 2067 3462 3643 3534">
     <span class='ocr_line' id='line_1_107' title="bbox 2067 3462 3643 3534; baseline -0.001 -18"><span class='ocrx_word' id='word_1_835' title='bbox 2067 3462 2264 3532; x_wconf 80' lang='grc' dir='ltr'>μᾶλλον</span> <span class='ocrx_word' id='word_1_836' title='bbox 2304 3465 2531 3530; x_wconf 87' lang='grc' dir='ltr'>ἐγίνετο,</span> <span class='ocrx_word' id='word_1_837' title='bbox 2571 3467 2682 3526; x_wconf 89' lang='grc' dir='ltr'>τοῖς</span> <span class='ocrx_word' id='word_1_838' title='bbox 2725 3464 3012 3534; x_wconf 89' lang='grc' dir='ltr'>προτέροις</span> <span class='ocrx_word' id='word_1_839' title='bbox 3057 3463 3156 3531; x_wconf 78' lang='grc' dir='ltr'>τῆς</span> <span class='ocrx_word' id='word_1_840' title='bbox 3188 3464 3426 3526; x_wconf 82' lang='grc' dir='ltr'>διανοίας</span> <span class='ocrx_word' id='word_1_841' title='bbox 3459 3463 3643 3516; x_wconf 71' lang='grc' dir='ltr'>αὐτῶν</span> 
     </span>
    </p>
   </div>
   <div class='ocr_carea' id='block_1_108' title="bbox 2062 3546 3643 3615">
    <p class='ocr_par' dir='ltr' id='par_1_108' title="bbox 2062 3546 3643 3615">
     <span class='ocr_line' id='line_1_108' title="bbox 2062 3546 3643 3615; baseline 0.001 -17"><span class='ocrx_word' id='word_1_842' title='bbox 2062 3547 2536 3614; x_wconf 87' lang='grc' dir='ltr'>καταλεανθείσης.</span> <span class='ocrx_word' id='word_1_843' title='bbox 2564 3546 2766 3600; x_wconf 82' lang='grc' dir='ltr'>Πάντα</span> <span class='ocrx_word' id='word_1_844' title='bbox 2774 3563 2875 3615; x_wconf 84' lang='grc' dir='ltr'>μοι</span> <span class='ocrx_word' id='word_1_845' title='bbox 2894 3547 3154 3609; x_wconf 77' lang='grc' dir='ltr'>ἔξεστιν,</span> <span class='ocrx_word' id='word_1_846' title='bbox 3175 3547 3313 3600; x_wconf 69' lang='grc' dir='ltr'>ἀλλ’</span> <span class='ocrx_word' id='word_1_847' title='bbox 3341 3549 3411 3600; x_wconf 81' lang='grc' dir='ltr'>οὐ</span> <span class='ocrx_word' id='word_1_848' title='bbox 3446 3547 3643 3599; x_wconf 74' lang='grc' dir='ltr'>πάντα</span> 
     </span>
    </p>
   </div>
   <div class='ocr_carea' id='block_1_109' title="bbox 2062 3628 3642 3700">
    <p class='ocr_par' dir='ltr' id='par_1_109' title="bbox 2062 3628 3642 3700">
     <span class='ocr_line' id='line_1_109' title="bbox 2062 3628 3642 3700; baseline -0.003 -15"><span class='ocrx_word' id='word_1_849' title='bbox 2062 3630 2384 3700; x_wconf 64' lang='grc' dir='ltr'>συμφέρει·</span> <span class='ocrx_word' id='word_1_850' title='bbox 2437 3628 2634 3682; x_wconf 75' lang='grc' dir='ltr'>πάντα</span> <span class='ocrx_word' id='word_1_851' title='bbox 2674 3646 2776 3697; x_wconf 83' lang='grc' dir='ltr'>μοι</span> <span class='ocrx_word' id='word_1_852' title='bbox 2833 3629 3094 3692; x_wconf 76' lang='grc' dir='ltr'>ἔξεστιν,</span> <span class='ocrx_word' id='word_1_853' title='bbox 3147 3629 3285 3682; x_wconf 71' lang='grc' dir='ltr'>ἀλλ’</span> <span class='ocrx_word' id='word_1_854' title='bbox 3335 3631 3406 3682; x_wconf 86' lang='grc' dir='ltr'>οὐ</span> <span class='ocrx_word' id='word_1_855' title='bbox 3446 3629 3642 3681; x_wconf 72' lang='grc' dir='ltr'>πάντα</span> 
     </span>
    </p>
   </div>
   <div class='ocr_carea' id='block_1_110' title="bbox 2062 3711 3642 3782">
    <p class='ocr_par' dir='ltr' id='par_1_110' title="bbox 2062 3711 3642 3782">
     <span class='ocr_line' id='line_1_110' title="bbox 2062 3711 3642 3782; baseline -0.001 -14"><span class='ocrx_word' id='word_1_856' title='bbox 2062 3713 2377 3782; x_wconf 74' lang='grc' dir='ltr'>οἰκοδομεῖ.</span> <span class='ocrx_word' id='word_1_857' title='bbox 2416 3712 2635 3780; x_wconf 75' lang='grc' dir='ltr'>Μηδεὶς</span> <span class='ocrx_word' id='word_1_858' title='bbox 2658 3712 2724 3765; x_wconf 89' lang='grc' dir='ltr'>τὸ</span> <span class='ocrx_word' id='word_1_859' title='bbox 2745 3711 2961 3766; x_wconf 80' lang='grc' dir='ltr'>ἑαυτοῦ</span> <span class='ocrx_word' id='word_1_860' title='bbox 2983 3711 3240 3779; x_wconf 62' lang='grc' dir='ltr'>ζητείτω,</span> <span class='ocrx_word' id='word_1_861' title='bbox 3261 3712 3421 3766; x_wconf 74' lang='grc' dir='ltr'>ἀλλά</span> <span class='ocrx_word' id='word_1_862' title='bbox 3452 3713 3519 3764; x_wconf 83' lang='grc' dir='ltr'>τὸ</span> <span class='ocrx_word' id='word_1_863' title='bbox 3537 3712 3642 3766; x_wconf 82' lang='grc' dir='ltr'>τοῦ</span> 
     </span>
    </p>
   </div>
   <div class='ocr_carea' id='block_1_111' title="bbox 2059 3793 3639 3866">
    <p class='ocr_par' dir='ltr' id='par_1_111' title="bbox 2059 3793 3639 3866">
     <span class='ocr_line' id='line_1_111' title="bbox 2059 3793 3639 3866; baseline -0.003 -16"><span class='ocrx_word' id='word_1_864' title='bbox 2059 3797 2265 3866; x_wconf 82' lang='grc' dir='ltr'>ἐτέρου</span> <span class='ocrx_word' id='word_1_865' title='bbox 2287 3796 2563 3859; x_wconf 74' lang='grc' dir='ltr'>ἕκαστος.</span> <span class='ocrx_word' id='word_1_866' title='bbox 2591 3796 2753 3865; x_wconf 83' lang='grc' dir='ltr'>Ὁρᾷς</span> <span class='ocrx_word' id='word_1_867' title='bbox 2775 3793 2987 3848; x_wconf 87' lang='grc' dir='ltr'>σύνεσιν</span> <span class='ocrx_word' id='word_1_868' title='bbox 3008 3795 3425 3863; x_wconf 74' lang='grc' dir='ltr'>ἠκριϐωμένην;</span> <span class='ocrx_word' id='word_1_869' title='bbox 3465 3794 3639 3848; x_wconf 83' lang='grc' dir='ltr'>Ἐπει-</span> 
     </span>
    </p>
   </div>
   <div class='ocr_carea' id='block_1_112' title="bbox 2062 3875 3638 3952">
    <p class='ocr_par' dir='ltr' id='par_1_112' title="bbox 2062 3875 3638 3952">
     <span class='ocr_line' id='line_1_112' title="bbox 2062 3875 3638 3952; baseline -0.002 -18"><span class='ocrx_word' id='word_1_870' title='bbox 2062 3881 2128 3948; x_wconf 83' lang='grc' dir='ltr'>δὴ</span> <span class='ocrx_word' id='word_1_871' title='bbox 2161 3881 2268 3952; x_wconf 84' lang='grc' dir='ltr'>γὰρ</span> <span class='ocrx_word' id='word_1_872' title='bbox 2295 3880 2441 3942; x_wconf 83' lang='grc' dir='ltr'>είκὸς</span> <span class='ocrx_word' id='word_1_873' title='bbox 2474 3875 2544 3949; x_wconf 82' lang='grc' dir='ltr'>ἦν</span> <span class='ocrx_word' id='word_1_874' title='bbox 2575 3879 2771 3941; x_wconf 80' lang='grc' dir='ltr'>αὐτοὺς</span> <span class='ocrx_word' id='word_1_875' title='bbox 2794 3879 2993 3946; x_wconf 87' lang='grc' dir='ltr'>λέγειν,</span> <span class='ocrx_word' id='word_1_876' title='bbox 3022 3880 3102 3931; x_wconf 85' lang='grc' dir='ltr'>ὅτι</span> <span class='ocrx_word' id='word_1_877' title='bbox 3130 3878 3345 3941; x_wconf 87' lang='grc' dir='ltr'>Τέλειός</span> <span class='ocrx_word' id='word_1_878' title='bbox 3383 3881 3501 3948; x_wconf 85' lang='grc' dir='ltr'>εἰμι</span> <span class='ocrx_word' id='word_1_879' title='bbox 3543 3880 3638 3931; x_wconf 82' lang='grc' dir='ltr'>καὶ</span> 
     </span>
    </p>
   </div>
   <div class='ocr_carea' id='block_1_113' title="bbox 2062 3961 3637 4036">
    <p class='ocr_par' dir='ltr' id='par_1_113' title="bbox 2062 3961 3637 4036">
     <span class='ocr_line' id='line_1_113' title="bbox 2062 3961 3637 4036; baseline -0.001 -19"><span class='ocrx_word' id='word_1_880' title='bbox 2062 3965 2252 4036; x_wconf 83' lang='grc' dir='ltr'>κύριος</span> <span class='ocrx_word' id='word_1_881' title='bbox 2281 3963 2541 4034; x_wconf 86' lang='grc' dir='ltr'>ἐμαυτοῦ,</span> <span class='ocrx_word' id='word_1_882' title='bbox 2582 3964 2675 4016; x_wconf 79' lang='grc' dir='ltr'>καὶ</span> <span class='ocrx_word' id='word_1_883' title='bbox 2711 3963 2863 4015; x_wconf 86' lang='grc' dir='ltr'>ούδὲν</span> <span class='ocrx_word' id='word_1_884' title='bbox 2895 3961 3265 4033; x_wconf 87' lang='grc' dir='ltr'>βλαπτόμενος</span> <span class='ocrx_word' id='word_1_885' title='bbox 3293 3963 3637 4033; x_wconf 85' lang='grc' dir='ltr'>ἀπογεύομαι</span> 
     </span>
    </p>
   </div>
   <div class='ocr_carea' id='block_1_114' title="bbox 2061 4040 3632 4118">
    <p class='ocr_par' dir='ltr' id='par_1_114' title="bbox 2061 4040 3632 4118">
     <span class='ocr_line' id='line_1_114' title="bbox 2061 4040 3632 4118; baseline -0.002 -17"><span class='ocrx_word' id='word_1_886' title='bbox 2061 4047 2170 4101; x_wconf 78' lang='grc' dir='ltr'>τῶν</span> <span class='ocrx_word' id='word_1_887' title='bbox 2193 4046 2566 4118; x_wconf 87' lang='grc' dir='ltr'>προκειμένων</span> <span class='ocrx_word' id='word_1_888' title='bbox 2591 4059 2606 4077; x_wconf 85' lang='grc'><strong><em>⁸</em></strong></span> <span class='ocrx_word' id='word_1_889' title='bbox 2642 4045 2769 4108; x_wconf 70' lang='grc' dir='ltr'>Ναὶ,</span> <span class='ocrx_word' id='word_1_890' title='bbox 2790 4047 2942 4114; x_wconf 74' lang='grc' dir='ltr'>φησὶ,</span> <span class='ocrx_word' id='word_1_891' title='bbox 2971 4047 3172 4108; x_wconf 88' lang='grc' dir='ltr'>τέλειος</span> <span class='ocrx_word' id='word_1_892' title='bbox 3196 4046 3294 4115; x_wconf 79' lang='grc' dir='ltr'>μὲν</span> <span class='ocrx_word' id='word_1_893' title='bbox 3311 4040 3363 4097; x_wconf 81' lang='grc' dir='ltr'>εἷ</span> <span class='ocrx_word' id='word_1_894' title='bbox 3387 4047 3481 4098; x_wconf 74' lang='grc' dir='ltr'>καὶ</span> <span class='ocrx_word' id='word_1_895' title='bbox 3509 4063 3632 4098; x_wconf 73' lang='grc' dir='ltr'>σαυο</span> 
     </span>
    </p>
   </div>
   <div class='ocr_carea' id='block_1_115' title="bbox 2060 4127 3634 4201">
    <p class='ocr_par' dir='ltr' id='par_1_115' title="bbox 2060 4127 3634 4201">
     <span class='ocr_line' id='line_1_115' title="bbox 2060 4127 3634 4201; baseline -0.002 -18"><span class='ocrx_word' id='word_1_896' title='bbox 2060 4130 2154 4183; x_wconf 89' lang='grc' dir='ltr'>τοῦ</span> <span class='ocrx_word' id='word_1_897' title='bbox 2191 4129 2341 4201; x_wconf 69' lang='grc'><strong>[216]</strong></span> <span class='ocrx_word' id='word_1_898' title='bbox 2366 4129 2552 4201; x_wconf 89' lang='grc' dir='ltr'>κύριος</span> <span class='ocrx_word' id='word_1_899' title='bbox 2573 4144 2586 4158; x_wconf 71' lang='grc' dir='ltr'><strong>ο</strong></span> <span class='ocrx_word' id='word_1_900' title='bbox 2614 4128 2748 4182; x_wconf 88' lang='grc' dir='ltr'>ἀλλά</span> <span class='ocrx_word' id='word_1_901' title='bbox 2772 4129 2846 4197; x_wconf 83' lang='grc' dir='ltr'>μὴ</span> <span class='ocrx_word' id='word_1_902' title='bbox 2881 4127 3042 4180; x_wconf 88' lang='grc' dir='ltr'>τοῦτο</span> <span class='ocrx_word' id='word_1_903' title='bbox 3080 4128 3292 4190; x_wconf 88' lang='grc' dir='ltr'>σκόπει,</span> <span class='ocrx_word' id='word_1_904' title='bbox 3330 4127 3449 4180; x_wconf 82' lang='grc' dir='ltr'>ἀλλ’</span> <span class='ocrx_word' id='word_1_905' title='bbox 3478 4129 3528 4180; x_wconf 88' lang='grc' dir='ltr'>εί</span> <span class='ocrx_word' id='word_1_906' title='bbox 3562 4131 3634 4198; x_wconf 82' lang='grc' dir='ltr'>μὴ</span> 
     </span>
    </p>
   </div>
   <div class='ocr_carea' id='block_1_116' title="bbox 2063 4209 3628 4283">
    <p class='ocr_par' dir='ltr' id='par_1_116' title="bbox 2063 4209 3628 4283">
     <span class='ocr_line' id='line_1_116' title="bbox 2063 4209 3628 4283; baseline -0.001 -18"><span class='ocrx_word' id='word_1_907' title='bbox 2063 4213 2266 4283; x_wconf 78' lang='grc' dir='ltr'>βλάϐην</span> <span class='ocrx_word' id='word_1_908' title='bbox 2313 4214 2427 4282; x_wconf 74' lang='grc' dir='ltr'>ἔχει</span> <span class='ocrx_word' id='word_1_909' title='bbox 2458 4212 2518 4266; x_wconf 81' lang='grc' dir='ltr'>τὸ</span> <span class='ocrx_word' id='word_1_910' title='bbox 2544 4211 2844 4281; x_wconf 89' lang='grc' dir='ltr'>γινόμενον,</span> <span class='ocrx_word' id='word_1_911' title='bbox 2877 4209 2992 4262; x_wconf 77' lang='grc' dir='ltr'>ἀλλ’</span> <span class='ocrx_word' id='word_1_912' title='bbox 3025 4211 3072 4262; x_wconf 89' lang='grc' dir='ltr'>εί</span> <span class='ocrx_word' id='word_1_913' title='bbox 3106 4211 3181 4280; x_wconf 83' lang='grc' dir='ltr'>μὴ</span> <span class='ocrx_word' id='word_1_914' title='bbox 3229 4214 3628 4282; x_wconf 80' lang='grc' dir='ltr'>καταστροφήν.</span> 
     </span>
    </p>
   </div>
   <div class='ocr_carea' id='block_1_117' title="bbox 2061 4293 3634 4366">
    <p class='ocr_par' dir='ltr' id='par_1_117' title="bbox 2061 4293 3634 4366">
     <span class='ocr_line' id='line_1_117' title="bbox 2061 4293 3634 4366; baseline -0.002 -17"><span class='ocrx_word' id='word_1_915' title='bbox 2061 4297 2170 4349; x_wconf 80' lang='grc' dir='ltr'>Καὶ</span> <span class='ocrx_word' id='word_1_916' title='bbox 2192 4296 2298 4366; x_wconf 90' lang='lat'>7&amp;9</span> <span class='ocrx_word' id='word_1_917' title='bbox 2323 4295 2608 4366; x_wconf 85' lang='grc' dir='ltr'>ἀμφότερα</span> <span class='ocrx_word' id='word_1_918' title='bbox 2636 4295 2873 4364; x_wconf 80' lang='grc' dir='ltr'>εἴρηκεν,</span> <span class='ocrx_word' id='word_1_919' title='bbox 2905 4294 2986 4345; x_wconf 82' lang='grc' dir='ltr'>Οὐ</span> <span class='ocrx_word' id='word_1_920' title='bbox 3015 4293 3210 4345; x_wconf 82' lang='grc' dir='ltr'>πάντα</span> <span class='ocrx_word' id='word_1_921' title='bbox 3231 4293 3634 4362; x_wconf 65' lang='grc' dir='ltr'>συμφέρει,οὺ</span> 
     </span>
    </p>
   </div>
   <div class='ocr_carea' id='block_1_118' title="bbox 2060 4374 3631 4447">
    <p class='ocr_par' dir='ltr' id='par_1_118' title="bbox 2060 4374 3631 4447">
     <span class='ocr_line' id='line_1_118' title="bbox 2060 4374 3631 4447; baseline -0.003 -17"><span class='ocrx_word' id='word_1_922' title='bbox 2060 4382 2258 4431; x_wconf 79' lang='grc' dir='ltr'>πάντα</span> <span class='ocrx_word' id='word_1_923' title='bbox 2297 4376 2608 4447; x_wconf 85' lang='grc' dir='ltr'>οίκοδομεῖ,</span> <span class='ocrx_word' id='word_1_924' title='bbox 2660 4376 2852 4444; x_wconf 84' lang='grc' dir='ltr'>λέγων,</span> <span class='ocrx_word' id='word_1_925' title='bbox 2885 4376 2980 4428; x_wconf 71' lang='grc' dir='ltr'>καὶ</span> <span class='ocrx_word' id='word_1_926' title='bbox 3014 4375 3074 4427; x_wconf 82' lang='grc' dir='ltr'>τὸ</span> <span class='ocrx_word' id='word_1_927' title='bbox 3102 4375 3200 4444; x_wconf 82' lang='grc' dir='ltr'>μὲν</span> <span class='ocrx_word' id='word_1_928' title='bbox 3231 4375 3372 4446; x_wconf 76' lang='grc' dir='ltr'>ὑπὲρ</span> <span class='ocrx_word' id='word_1_929' title='bbox 3417 4374 3631 4439; x_wconf 82' lang='grc' dir='ltr'>ἐαυτοῦ,</span> 
     </span>
    </p>
   </div>
   <div class='ocr_carea' id='block_1_119' title="bbox 2059 4457 3629 4531">
    <p class='ocr_par' dir='ltr' id='par_1_119' title="bbox 2059 4457 3629 4531">
     <span class='ocr_line' id='line_1_119' title="bbox 2059 4457 3629 4531; baseline -0.004 -18"><span class='ocrx_word' id='word_1_930' title='bbox 2059 4460 2194 4514; x_wconf 82' lang='grc' dir='ltr'>τὺδέ</span> <span class='ocrx_word' id='word_1_931' title='bbox 2221 4460 2361 4531; x_wconf 85' lang='grc' dir='ltr'>ύπέρ</span> <span class='ocrx_word' id='word_1_932' title='bbox 2407 4459 2498 4512; x_wconf 88' lang='grc' dir='ltr'>τοῦ</span> <span class='ocrx_word' id='word_1_933' title='bbox 2539 4457 2768 4527; x_wconf 85' lang='grc' dir='ltr'>ἀδελφοῦ</span> <span class='ocrx_word' id='word_1_934' title='bbox 2818 4457 3006 4520; x_wconf 83' lang='grc' dir='ltr'>τιθείς.</span> <span class='ocrx_word' id='word_1_935' title='bbox 3053 4459 3125 4509; x_wconf 80' lang='grc' dir='ltr'>Τὸ</span> <span class='ocrx_word' id='word_1_936' title='bbox 3160 4459 3258 4527; x_wconf 76' lang='grc' dir='ltr'>μὲν</span> <span class='ocrx_word' id='word_1_937' title='bbox 3295 4458 3407 4527; x_wconf 70' lang='grc' dir='ltr'>γὰρ</span> <span class='ocrx_word' id='word_1_938' title='bbox 3439 4461 3629 4520; x_wconf 79' lang='grc' dir='ltr'>εἰπεῖν,</span> 
     </span>
    </p>
   </div>
   <div class='ocr_carea' id='block_1_120' title="bbox 2063 4539 3629 4612">
    <p class='ocr_par' dir='ltr' id='par_1_120' title="bbox 2063 4539 3629 4612">
     <span class='ocr_line' id='line_1_120' title="bbox 2063 4539 3629 4612; baseline -0.004 -16"><span class='ocrx_word' id='word_1_939' title='bbox 2063 4545 2146 4597; x_wconf 85' lang='grc' dir='ltr'>Οὐ</span> <span class='ocrx_word' id='word_1_940' title='bbox 2188 4541 2499 4612; x_wconf 62' lang='grc' dir='ltr'>συμφέρει,</span> <span class='ocrx_word' id='word_1_941' title='bbox 2555 4540 2652 4611; x_wconf 81' lang='grc' dir='ltr'>τὴν</span> <span class='ocrx_word' id='word_1_942' title='bbox 2698 4541 2909 4593; x_wconf 87' lang='grc' dir='ltr'>ἐκείνου</span> <span class='ocrx_word' id='word_1_943' title='bbox 2952 4539 3225 4592; x_wconf 87' lang='grc' dir='ltr'>ἀπώλειαν</span> <span class='ocrx_word' id='word_1_944' title='bbox 3263 4541 3629 4608; x_wconf 80' lang='grc' dir='ltr'>αἰνιττομένου</span> 
     </span>
    </p>
   </div>
   <div class='ocr_carea' id='block_1_121' title="bbox 2061 4619 3628 4698">
    <p class='ocr_par' dir='ltr' id='par_1_121' title="bbox 2061 4619 3628 4698">
     <span class='ocr_line' id='line_1_121' title="bbox 2061 4619 3628 4698; baseline -0.004 -20"><span class='ocrx_word' id='word_1_945' title='bbox 2061 4625 2196 4698; x_wconf 85' lang='grc' dir='ltr'>ἐστί.</span> <span class='ocrx_word' id='word_1_946' title='bbox 2237 4626 2298 4677; x_wconf 84' lang='grc' dir='ltr'>τὸ</span> <span class='ocrx_word' id='word_1_947' title='bbox 2329 4625 2385 4677; x_wconf 76' lang='grc' dir='ltr'>δὲ</span> <span class='ocrx_word' id='word_1_948' title='bbox 2424 4626 2620 4689; x_wconf 88' lang='grc' dir='ltr'>εἰπεῖν,</span> <span class='ocrx_word' id='word_1_949' title='bbox 2671 4626 2793 4677; x_wconf 81' lang='grc' dir='ltr'>Οὐκ</span> <span class='ocrx_word' id='word_1_950' title='bbox 2825 4621 3141 4690; x_wconf 80' lang='grc' dir='ltr'>οίκοδομεῖ,</span> <span class='ocrx_word' id='word_1_951' title='bbox 3169 4625 3230 4674; x_wconf 74' lang='grc' dir='ltr'>τὸ</span> <span class='ocrx_word' id='word_1_952' title='bbox 3276 4621 3372 4674; x_wconf 92' lang='grc' dir='ltr'>τοῦ</span> <span class='ocrx_word' id='word_1_953' title='bbox 3402 4619 3628 4690; x_wconf 78' lang='grc' dir='ltr'>ἀδελφοῦ</span> 
     </span>
    </p>
   </div>
   <div class='ocr_carea' id='block_1_122' title="bbox 2063 4706 3627 4778">
    <p class='ocr_par' dir='ltr' id='par_1_122' title="bbox 2063 4706 3627 4778">
     <span class='ocr_line' id='line_1_122' title="bbox 2063 4706 3627 4778; baseline -0.003 -16"><span class='ocrx_word' id='word_1_954' title='bbox 2063 4709 2374 4762; x_wconf 86' lang='grc' dir='ltr'>σκάνδαλον.</span> <span class='ocrx_word' id='word_1_955' title='bbox 2407 4709 2496 4760; x_wconf 83' lang='grc' dir='ltr'>Διὸ</span> <span class='ocrx_word' id='word_1_956' title='bbox 2523 4709 2616 4760; x_wconf 70' lang='grc' dir='ltr'>καὶ</span> <span class='ocrx_word' id='word_1_957' title='bbox 2645 4709 2914 4778; x_wconf 80' lang='grc' dir='ltr'>ἐπήγαγε,</span> <span class='ocrx_word' id='word_1_958' title='bbox 2946 4707 3164 4774; x_wconf 71' lang='grc' dir='ltr'>Μηδεὶς</span> <span class='ocrx_word' id='word_1_959' title='bbox 3198 4706 3266 4759; x_wconf 86' lang='grc' dir='ltr'>τὸ</span> <span class='ocrx_word' id='word_1_960' title='bbox 3295 4707 3518 4759; x_wconf 79' lang='grc' dir='ltr'>ἑαυτοῦ</span> <span class='ocrx_word' id='word_1_961' title='bbox 3537 4707 3627 4771; x_wconf 83' lang='grc' dir='ltr'>ζη-</span> 
     </span>
    </p>
   </div>
   <div class='ocr_carea' id='block_1_123' title="bbox 2060 4790 3628 4862">
    <p class='ocr_par' dir='ltr' id='par_1_123' title="bbox 2060 4790 3628 4862">
     <span class='ocr_line' id='line_1_123' title="bbox 2060 4790 3628 4862; baseline -0.004 -15"><span class='ocrx_word' id='word_1_962' title='bbox 2060 4794 2258 4847; x_wconf 84' lang='grc' dir='ltr'>τείτω·</span> <span class='ocrx_word' id='word_1_963' title='bbox 2304 4793 2334 4845; x_wconf 83' lang='grc' dir='ltr'>δ</span> <span class='ocrx_word' id='word_1_964' title='bbox 2391 4791 2667 4862; x_wconf 85' lang='grc' dir='ltr'>πανταχοῦ</span> <span class='ocrx_word' id='word_1_965' title='bbox 2725 4793 2816 4844; x_wconf 73' lang='grc' dir='ltr'>καὶ</span> <span class='ocrx_word' id='word_1_966' title='bbox 2867 4791 2955 4843; x_wconf 82' lang='grc' dir='ltr'>διὰ</span> <span class='ocrx_word' id='word_1_967' title='bbox 3004 4791 3183 4860; x_wconf 78' lang='grc' dir='ltr'>πάσης</span> <span class='ocrx_word' id='word_1_968' title='bbox 3233 4790 3628 4853; x_wconf 75' lang='grc' dir='ltr'>κατασκευάζει</span> 
     </span>
    </p>
   </div>
   <div class='ocr_carea' id='block_1_124' title="bbox 2061 4875 3623 4946">
    <p class='ocr_par' dir='ltr' id='par_1_124' title="bbox 2061 4875 3623 4946">
     <span class='ocr_line' id='line_1_124' title="bbox 2061 4875 3623 4946; baseline -0.003 -16"><span class='ocrx_word' id='word_1_969' title='bbox 2061 4877 2368 4945; x_wconf 82' lang='grc' dir='ltr'>ἐπιστολῆς,</span> <span class='ocrx_word' id='word_1_970' title='bbox 2399 4877 2491 4929; x_wconf 74' lang='grc' dir='ltr'>καὶ</span> <span class='ocrx_word' id='word_1_971' title='bbox 2529 4877 2588 4927; x_wconf 86' lang='grc' dir='ltr'>ἐν</span> <span class='ocrx_word' id='word_1_972' title='bbox 2619 4878 2685 4945; x_wconf 79' lang='grc' dir='ltr'>τῇ</span> <span class='ocrx_word' id='word_1_973' title='bbox 2724 4875 2854 4946; x_wconf 71' lang='grc' dir='ltr'>πρὸς</span> <span class='ocrx_word' id='word_1_974' title='bbox 2892 4876 3196 4945; x_wconf 85' lang='grc' dir='ltr'>Ῥωμαίους</span> <span class='ocrx_word' id='word_1_975' title='bbox 3236 4893 3250 4906; x_wconf 84' lang='grc'><strong>·</strong></span> <span class='ocrx_word' id='word_1_976' title='bbox 3288 4875 3363 4937; x_wconf 83' lang='grc' dir='ltr'>ὡς</span> <span class='ocrx_word' id='word_1_977' title='bbox 3392 4878 3520 4928; x_wconf 78' lang='grc' dir='ltr'>ὅταν</span> <span class='ocrx_word' id='word_1_978' title='bbox 3550 4877 3623 4927; x_wconf 85' lang='grc' dir='ltr'>λέ-</span> 
     </span>
    </p>
   </div>
   <div class='ocr_carea' id='block_1_125' title="bbox 2061 4958 3628 5034">
    <p class='ocr_par' dir='ltr' id='par_1_125' title="bbox 2061 4958 3628 5034">
     <span class='ocr_line' id='line_1_125' title="bbox 2061 4958 3628 5034; baseline -0.003 -19"><span class='ocrx_word' id='word_1_979' title='bbox 2061 4981 2130 5034; x_wconf 82' lang='grc' dir='ltr'>γῃ</span> <span class='ocrx_word' id='word_1_980' title='bbox 2156 4977 2170 4990; x_wconf 88' lang='grc'><strong>·</strong></span> <span class='ocrx_word' id='word_1_981' title='bbox 2218 4962 2323 5015; x_wconf 74' lang='grc' dir='ltr'>Καὶ</span> <span class='ocrx_word' id='word_1_982' title='bbox 2364 4962 2472 5030; x_wconf 77' lang='grc' dir='ltr'>γὰρ</span> <span class='ocrx_word' id='word_1_983' title='bbox 2504 4963 2536 5014; x_wconf 83' lang='grc' dir='ltr'><em>ὀ</em></span> <span class='ocrx_word' id='word_1_984' title='bbox 2573 4960 2827 5028; x_wconf 85' lang='grc' dir='ltr'>Χριστὸς</span> <span class='ocrx_word' id='word_1_985' title='bbox 2879 4963 2991 5028; x_wconf 80' lang='grc' dir='ltr'>οὐχ</span> <span class='ocrx_word' id='word_1_986' title='bbox 3041 4958 3232 5024; x_wconf 85' lang='grc' dir='ltr'>ἑαυτῷ</span> <span class='ocrx_word' id='word_1_987' title='bbox 3265 4959 3450 5027; x_wconf 80' lang='grc' dir='ltr'>ἤρεσε</span> <span class='ocrx_word' id='word_1_988' title='bbox 3477 4977 3490 4990; x_wconf 88' lang='grc'><strong>·</strong></span> <span class='ocrx_word' id='word_1_989' title='bbox 3544 4961 3628 5012; x_wconf 78' lang='grc' dir='ltr'>καὶ</span> 
     </span>
    </p>
   </div>
   <div class='ocr_carea' id='block_1_126' title="bbox 2063 5043 3626 5112">
    <p class='ocr_par' dir='ltr' id='par_1_126' title="bbox 2063 5043 3626 5112">
     <span class='ocr_line' id='line_1_126' title="bbox 2063 5043 3626 5112; baseline -0.003 -13"><span class='ocrx_word' id='word_1_990' title='bbox 2063 5046 2241 5108; x_wconf 78' lang='grc' dir='ltr'>πάλιν,</span> <span class='ocrx_word' id='word_1_991' title='bbox 2278 5044 2481 5107; x_wconf 85' lang='grc' dir='ltr'>Καθὼς</span> <span class='ocrx_word' id='word_1_992' title='bbox 2512 5043 2673 5112; x_wconf 81' lang='grc' dir='ltr'>κάγὼ</span> <span class='ocrx_word' id='word_1_993' title='bbox 2699 5043 2893 5097; x_wconf 79' lang='grc' dir='ltr'>πάντα</span> <span class='ocrx_word' id='word_1_994' title='bbox 2924 5044 3115 5098; x_wconf 80' lang='grc' dir='ltr'>πᾶσιν</span> <span class='ocrx_word' id='word_1_995' title='bbox 3137 5045 3397 5111; x_wconf 78' lang='grc' dir='ltr'>ἀρέσκω,</span> <span class='ocrx_word' id='word_1_996' title='bbox 3416 5043 3505 5112; x_wconf 76' lang='grc' dir='ltr'>μὴ</span> <span class='ocrx_word' id='word_1_997' title='bbox 3545 5043 3626 5108; x_wconf 75' lang='grc' dir='ltr'>ζη-</span> 
     </span>
    </p>
   </div>
   <div class='ocr_carea' id='block_1_127' title="bbox 2063 5127 3625 5197">
    <p class='ocr_par' dir='ltr' id='par_1_127' title="bbox 2063 5127 3625 5197">
     <span class='ocr_line' id='line_1_127' title="bbox 2063 5127 3625 5197; baseline -0.004 -13"><span class='ocrx_word' id='word_1_998' title='bbox 2063 5130 2176 5184; x_wconf 83' lang='grc' dir='ltr'>τῶν</span> <span class='ocrx_word' id='word_1_999' title='bbox 2207 5127 2274 5182; x_wconf 86' lang='grc' dir='ltr'>τὸ</span> <span class='ocrx_word' id='word_1_1000' title='bbox 2305 5127 2565 5197; x_wconf 86' lang='grc' dir='ltr'>ἐμαυτοῦ</span> <span class='ocrx_word' id='word_1_1001' title='bbox 2588 5127 2897 5196; x_wconf 69' lang='grc' dir='ltr'>συμφέρον</span> <span class='ocrx_word' id='word_1_1002' title='bbox 2917 5143 2929 5154; x_wconf 81' lang='grc'><strong>’</strong></span> <span class='ocrx_word' id='word_1_1003' title='bbox 2966 5129 3057 5180; x_wconf 62' lang='grc' dir='ltr'>καί⁵</span> <span class='ocrx_word' id='word_1_1004' title='bbox 3082 5127 3314 5180; x_wconf 84' lang='grc' dir='ltr'>ἐνταῦθα</span> <span class='ocrx_word' id='word_1_1005' title='bbox 3341 5127 3506 5181; x_wconf 75' lang='grc' dir='ltr'>πάλιν</span> <span class='ocrx_word' id='word_1_1006' title='bbox 3527 5145 3538 5154; x_wconf 89' lang='grc'><strong>·</strong></span> <span class='ocrx_word' id='word_1_1007' title='bbox 3570 5128 3625 5178; x_wconf 62' lang='grc' dir='ltr'>οὗ</span> 
     </span>
    </p>
   </div>
   <div class='ocr_carea' id='block_1_128' title="bbox 2065 5211 3623 5285">
    <p class='ocr_par' dir='ltr' id='par_1_128' title="bbox 2065 5211 3623 5285">
     <span class='ocr_line' id='line_1_128' title="bbox 2065 5211 3623 5285; baseline -0.004 -19"><span class='ocrx_word' id='word_1_1008' title='bbox 2065 5214 2168 5285; x_wconf 80' lang='grc' dir='ltr'>μὴν</span> <span class='ocrx_word' id='word_1_1009' title='bbox 2203 5211 2625 5282; x_wconf 76' lang='grc' dir='ltr'>ἐπεξεργάζεται</span> <span class='ocrx_word' id='word_1_1010' title='bbox 2680 5211 2810 5263; x_wconf 80' lang='grc' dir='ltr'>αὐτὸ</span> <span class='ocrx_word' id='word_1_1011' title='bbox 2852 5211 3105 5265; x_wconf 83' lang='grc' dir='ltr'>ἐνταῦθα.</span> <span class='ocrx_word' id='word_1_1012' title='bbox 3163 5211 3381 5281; x_wconf 77' lang='grc' dir='ltr'>Ἐπειδὴ</span> <span class='ocrx_word' id='word_1_1013' title='bbox 3427 5211 3534 5282; x_wconf 71' lang='grc' dir='ltr'>γὰρ</span> <span class='ocrx_word' id='word_1_1014' title='bbox 3576 5213 3623 5260; x_wconf 83' lang='grc' dir='ltr'>ἐν</span> 
     </span>
    </p>
   </div>
   <div class='ocr_carea' id='block_1_129' title="bbox 2060 5292 3622 5367">
    <p class='ocr_par' dir='ltr' id='par_1_129' title="bbox 2060 5292 3622 5367">
     <span class='ocr_line' id='line_1_129' title="bbox 2060 5292 3622 5367; baseline -0.004 -18"><span class='ocrx_word' id='word_1_1015' title='bbox 2060 5299 2167 5361; x_wconf 87' lang='grc' dir='ltr'>τοῖς</span> <span class='ocrx_word' id='word_1_1016' title='bbox 2221 5294 2528 5367; x_wconf 75' lang='grc' dir='ltr'>ἔμπροσθεν</span> <span class='ocrx_word' id='word_1_1017' title='bbox 2581 5295 2667 5347; x_wconf 81' lang='grc' dir='ltr'>διά</span> <span class='ocrx_word' id='word_1_1018' title='bbox 2701 5293 2908 5347; x_wconf 84' lang='grc' dir='ltr'>πολλῶν</span> <span class='ocrx_word' id='word_1_1019' title='bbox 2951 5293 3081 5346; x_wconf 82' lang='grc' dir='ltr'>αύτδ</span> <span class='ocrx_word' id='word_1_1020' title='bbox 3127 5294 3500 5346; x_wconf 84' lang='grc' dir='ltr'>κατεσκεύασε</span> <span class='ocrx_word' id='word_1_1021' title='bbox 3541 5292 3622 5343; x_wconf 80' lang='grc' dir='ltr'>καὶ</span> 
     </span>
    </p>
   </div>
   <div class='ocr_carea' id='block_1_130' title="bbox 2060 5375 3621 5446">
    <p class='ocr_par' dir='ltr' id='par_1_130' title="bbox 2060 5375 3621 5446">
     <span class='ocr_line' id='line_1_130' title="bbox 2060 5375 3621 5446; baseline -0.006 -13"><span class='ocrx_word' id='word_1_1022' title='bbox 2060 5377 2362 5442; x_wconf 82' lang='grc' dir='ltr'>ἀπέδειξεν,</span> <span class='ocrx_word' id='word_1_1023' title='bbox 2411 5377 2492 5430; x_wconf 80' lang='grc' dir='ltr'>ὅτι</span> <span class='ocrx_word' id='word_1_1024' title='bbox 2542 5377 2780 5446; x_wconf 78' lang='grc' dir='ltr'>οὐδαμοῦ</span> <span class='ocrx_word' id='word_1_1025' title='bbox 2832 5376 2891 5428; x_wconf 88' lang='grc' dir='ltr'>τὸ</span> <span class='ocrx_word' id='word_1_1026' title='bbox 2933 5375 3098 5428; x_wconf 82' lang='grc' dir='ltr'>αὑτοῦ</span> <span class='ocrx_word' id='word_1_1027' title='bbox 3142 5377 3312 5445; x_wconf 79' lang='grc' dir='ltr'>ζητεῖ,</span> <span class='ocrx_word' id='word_1_1028' title='bbox 3365 5376 3500 5428; x_wconf 75' lang='grc' dir='ltr'>ἀλλὰ</span> <span class='ocrx_word' id='word_1_1029' title='bbox 3543 5375 3621 5427; x_wconf 72' lang='grc' dir='ltr'>καὶ</span> 
     </span>
    </p>
   </div>
   <div class='ocr_carea' id='block_1_131' title="bbox 2072 5459 3617 5529">
    <p class='ocr_par' dir='ltr' id='par_1_131' title="bbox 2072 5459 3617 5529">
     <span class='ocr_line' id='line_1_131' title="bbox 2072 5459 3617 5529; baseline -0.005 -14"><span class='ocrx_word' id='word_1_1030' title='bbox 2072 5461 2342 5524; x_wconf 87' lang='grc' dir='ltr'>Ἰουδαίοις</span> <span class='ocrx_word' id='word_1_1031' title='bbox 2374 5459 2450 5523; x_wconf 88' lang='grc' dir='ltr'>ὼς</span> <span class='ocrx_word' id='word_1_1032' title='bbox 2492 5459 2740 5523; x_wconf 84' lang='grc' dir='ltr'>Ἰουδαῖος</span> <span class='ocrx_word' id='word_1_1033' title='bbox 2769 5460 3002 5528; x_wconf 82' lang='grc' dir='ltr'>ἐγένετο,</span> <span class='ocrx_word' id='word_1_1034' title='bbox 3041 5461 3134 5513; x_wconf 72' lang='grc' dir='ltr'>καὶ</span> <span class='ocrx_word' id='word_1_1035' title='bbox 3158 5459 3379 5529; x_wconf 81' lang='grc' dir='ltr'>ἀνόμοις</span> <span class='ocrx_word' id='word_1_1036' title='bbox 3413 5459 3486 5521; x_wconf 83' lang='grc' dir='ltr'>ὡς</span> <span class='ocrx_word' id='word_1_1037' title='bbox 3512 5459 3617 5512; x_wconf 76' lang='grc' dir='ltr'>ἄνο-</span> 
     </span>
    </p>
   </div>
   <div class='ocr_carea' id='block_1_132' title="bbox 2063 5539 3616 5615">
    <p class='ocr_par' dir='ltr' id='par_1_132' title="bbox 2063 5539 3616 5615">
     <span class='ocr_line' id='line_1_132' title="bbox 2063 5539 3616 5615; baseline -0.005 -18"><span class='ocrx_word' id='word_1_1038' title='bbox 2063 5563 2182 5615; x_wconf 90' lang='grc' dir='ltr'>μος,</span> <span class='ocrx_word' id='word_1_1039' title='bbox 2209 5544 2304 5596; x_wconf 80' lang='grc' dir='ltr'>καὶ</span> <span class='ocrx_word' id='word_1_1040' title='bbox 2325 5547 2392 5614; x_wconf 82' lang='grc' dir='ltr'>τῇ</span> <span class='ocrx_word' id='word_1_1041' title='bbox 2418 5541 2698 5613; x_wconf 78' lang='grc' dir='ltr'>ἐλευθερίᾳ</span> <span class='ocrx_word' id='word_1_1042' title='bbox 2735 5545 2800 5614; x_wconf 84' lang='grc' dir='ltr'>τῇ</span> <span class='ocrx_word' id='word_1_1043' title='bbox 2839 5544 3032 5596; x_wconf 86' lang='grc' dir='ltr'>ἐαυτοῦ</span> <span class='ocrx_word' id='word_1_1044' title='bbox 3068 5544 3161 5595; x_wconf 72' lang='grc' dir='ltr'>καὶ</span> <span class='ocrx_word' id='word_1_1045' title='bbox 3181 5544 3248 5612; x_wconf 77' lang='grc' dir='ltr'>τῇ</span> <span class='ocrx_word' id='word_1_1046' title='bbox 3284 5541 3501 5612; x_wconf 78' lang='grc' dir='ltr'>ἐξουσίᾳ</span> <span class='ocrx_word' id='word_1_1047' title='bbox 3531 5539 3616 5604; x_wconf 79' lang='grc' dir='ltr'>οὐχ</span> 
     </span>
    </p>
   </div>
   <div class='ocr_carea' id='block_1_133' title="bbox 2058 5622 3614 5696">
    <p class='ocr_par' dir='ltr' id='par_1_133' title="bbox 2058 5622 3614 5696">
     <span class='ocr_line' id='line_1_133' title="bbox 2058 5622 3614 5696; baseline -0.006 -14"><span class='ocrx_word' id='word_1_1048' title='bbox 2058 5627 2244 5690; x_wconf 82' lang='grc' dir='ltr'>ἁπλῶς</span> <span class='ocrx_word' id='word_1_1049' title='bbox 2294 5626 2582 5696; x_wconf 84' lang='grc' dir='ltr'>ἐχρήσατο,</span> <span class='ocrx_word' id='word_1_1050' title='bbox 2627 5627 2740 5678; x_wconf 81' lang='grc' dir='ltr'>ἀλλ’</span> <span class='ocrx_word' id='word_1_1051' title='bbox 2779 5627 2859 5689; x_wconf 90' lang='grc' dir='ltr'>είς</span> <span class='ocrx_word' id='word_1_1052' title='bbox 2899 5627 2961 5679; x_wconf 84' lang='grc' dir='ltr'>τὸ</span> <span class='ocrx_word' id='word_1_1053' title='bbox 2991 5626 3123 5678; x_wconf 82' lang='grc' dir='ltr'>πᾶσι</span> <span class='ocrx_word' id='word_1_1054' title='bbox 3165 5624 3462 5695; x_wconf 79' lang='grc' dir='ltr'>συμφέρον,</span> <span class='ocrx_word' id='word_1_1055' title='bbox 3507 5622 3614 5674; x_wconf 79' lang='grc' dir='ltr'>δουο</span> 
     </span>
    </p>
   </div>
   <div class='ocr_carea' id='block_1_134' title="bbox 2059 5701 3612 5779">
    <p class='ocr_par' dir='ltr' id='par_1_134' title="bbox 2059 5701 3612 5779">
     <span class='ocr_line' id='line_1_134' title="bbox 2059 5701 3612 5779; baseline -0.006 -14"><span class='ocrx_word' id='word_1_1056' title='bbox 2059 5711 2230 5766; x_wconf 85' lang='grc' dir='ltr'>λεύων</span> <span class='ocrx_word' id='word_1_1057' title='bbox 2266 5707 2467 5762; x_wconf 79' lang='grc' dir='ltr'>ἅπασιν</span> <span class='ocrx_word' id='word_1_1058' title='bbox 2491 5724 2503 5736; x_wconf 87' lang='grc'><strong>·</strong></span> <span class='ocrx_word' id='word_1_1059' title='bbox 2539 5708 2740 5776; x_wconf 83' lang='grc' dir='ltr'>ὀλίγοις</span> <span class='ocrx_word' id='word_1_1060' title='bbox 2781 5709 3068 5779; x_wconf 83' lang='grc' dir='ltr'>ἀρκεσθεὶς</span> <span class='ocrx_word' id='word_1_1061' title='bbox 3105 5709 3346 5779; x_wconf 76' lang='grc' dir='ltr'>ῥήμασιν</span> <span class='ocrx_word' id='word_1_1062' title='bbox 3394 5701 3612 5758; x_wconf 71' lang='grc' dir='ltr'>ἐνταῦθα</span> 
     </span>
    </p>
   </div>
   <div class='ocr_carea' id='block_1_135' title="bbox 2062 5792 3620 5870">
    <p class='ocr_par' dir='ltr' id='par_1_135' title="bbox 2062 5792 3620 5870">
     <span class='ocr_line' id='line_1_135' title="bbox 2062 5792 3620 5870; baseline -0.004 -21"><span class='ocrx_word' id='word_1_1063' title='bbox 2062 5793 2369 5865; x_wconf 74' lang='grc' dir='ltr'>ἀπηλλάγη,</span> <span class='ocrx_word' id='word_1_1064' title='bbox 2392 5793 2472 5857; x_wconf 87' lang='grc' dir='ltr'>είς</span> <span class='ocrx_word' id='word_1_1065' title='bbox 2503 5793 2722 5864; x_wconf 79' lang='grc' dir='ltr'>μνήμην</span> <span class='ocrx_word' id='word_1_1066' title='bbox 2751 5793 2840 5847; x_wconf 73' lang='grc' dir='ltr'>διὰ</span> <span class='ocrx_word' id='word_1_1067' title='bbox 2865 5793 2972 5848; x_wconf 89' lang='grc' dir='ltr'>τῶν</span> <span class='ocrx_word' id='word_1_1068' title='bbox 2998 5793 3192 5862; x_wconf 84' lang='grc' dir='ltr'>ὀλίγων</span> <span class='ocrx_word' id='word_1_1069' title='bbox 3223 5792 3428 5846; x_wconf 85' lang='grc' dir='ltr'>τούτων</span> <span class='ocrx_word' id='word_1_1070' title='bbox 3451 5801 3620 5870; x_wconf 27' lang='grc' dir='ltr'>παραυ.</span> 
     </span>
    </p>
   </div>
  </div>
