3826 6216
225 264 302 318 ΞΜ
1206 251 1272 308 IN
1309 249 1524 307 EPIST.
1565 245 1585 301 1
1646 245 1736 300 AD

1831 245 1932 303 DR.
1977 249 2225 312 "0M"...
2251 256 2438 315 XXW.

219 385 275 436 vit
305 399 315 432 :
345 387 391 430 tu
430 387 555 428 vero
597 386 665 428 ne
708 369 856 425 fratri
908 369 1121 441 quidem
1163 367 1313 438 jungi
1353 364 1589 436 dignaris
1633 376 1754 416 cum

217 471 366 530 debita
401 464 757 524 accuratione,
797 460 890 516 sed
931 459 1200 522 abscindis
1240 468 1314 524 te,
1354 464 1558 512 tantam
1592 470 1619 506 a
1659 454 1760 507 Do-

213 564 336 617 mino
359 566 408 614 et
430 556 700 610 caritatem
728 565 782 608 et
809 553 967 606 vitam
991 557 1375 619 consequutus.
1402 546 1584 616 Neque
1613 544 1754 599 enim

211 647 515 709 solummodo
551 660 745 714 corpus
774 658 927 697 suum
968 641 1150 705 dedit;
1185 639 1276 694 sed
1306 637 1425 708 quia
1461 637 1604 706 prior
1631 650 1754 688 ear-

207 749 275 800 nis
303 753 476 798 natura
520 753 588 793 ex
629 748 767 792 terra
798 734 1043 796 formata,
1071 747 1099 786 a
1135 741 1354 800 peccato
1397 729 1543 798 prius
1581 735 1754 780 morte

204 837 370 892 alfecta
397 841 448 886 et
476 813 669 884 amissa
716 829 820 882 vita
859 827 1052 890 aliam,
1093 833 1150 876 ut
1191 822 1308 890 quis
1347 819 1563 883 dixerit,
1608 834 1750 870 mas-

199 943 300 984 sam
355 932 405 978 ct
456 923 772 976 fermentum
829 916 1074 980 induxit;
1125 928 1339 969 carnem
1391 926 1538 966 suam
1568 952 1585 975 ,
1632 926 1750 978 qua:

198 1030 367 1076 natura
407 1014 589 1070 eadem
637 1021 774 1074 erat,
821 1019 1035 1080 peccato
1083 1017 1259 1061 autem
1301 1006 1522 1062 liberam
1550 1014 1603 1058 et
1642 1004 1747 1056 vita

193 1118 402 1186 plenam,
430 1108 676 1166 omnibus
714 1103 1131 1176 participandatn
1167 1101 1334 1166 dedit,
1372 1108 1428 1153 ut
1462 1114 1524 1153 ea
1565 1097 1744 1150 nutriti

189 1218 236 1263 et
261 1203 486 1272 deposita
532 1200 710 1270 priore
737 1215 855 1268 quae
906 1205 1112 1251 mortua
1157 1204 1292 1259 erat,
1341 1193 1391 1245 in
1437 1190 1595 1244 vitam
1643 1191 1744 1241 im-

185 1296 448 1352 mortalem
483 1308 576 1361 per
623 1291 757 1344 hanc
799 1303 1036 1344 mensam
1083 1293 1476 1354 coaptaremur.
1528 1282 1613 1335 18.
1651 1277 1742 1332 Vi-

183 1391 283 1443 dete
321 1385 482 1440 Israel
533 1382 804 1437 secundum
848 1396 1050 1434 carnem
1085 1396 1104 1433 :
1142 1393 1308 1430 nonne
1344 1376 1430 1446 qui
1465 1375 1616 1429 edunt
1655 1373 1744 1424 lto-

177 1482 308 1546 stias,
333 1477 602 1547 participes
630 1483 744 1528 sunt
764 1473 983 1528 altaris?
1009 1471 1211 1525 Rursus
1235 1484 1296 1524 ex
1329 1466 1496 1521 veteri
1529 1465 1643 1536 lege
1673 1465 1740 1517 ad

178 1575 304 1629 idem
335 1570 556 1626 inducit.
585 1568 716 1635 Quia
763 1571 904 1621 enim
955 1565 1111 1634 longe
1157 1561 1536 1617 imbecilliores
1588 1565 1741 1611 erant

174 1680 319 1736 qnam
352 1671 405 1716 ut
431 1662 694 1716 dictorum
732 1656 1148 1728 magnitudinem
1175 1660 1462 1722 caperent,
1494 1667 1520 1702 a
1549 1648 1738 1718 priuri-
1775 1701 1782 1706 ,

169 1759 259 1812 bus
287 1764 340 1810 ct
372 1754 601 1808 assuetis
628 1752 731 1805 illis
763 1747 1068 1820 persuadet.
1105 1747 1167 1800 Et
1196 1745 1437 1814 apposite
1477 1743 1595 1807 ait,
1637 1739 1736 1794 Se-

165 1850 376 1903 cundum
399 1863 626 1910 carnem,
649 1843 790 1914 quod
811 1841 908 1910 ipsi
937 1850 1118 1895 essent
1147 1837 1440 1908 secundum
1468 1835 1735 1905 spiritum.

162 1943 267 1997 Hoc
295 1948 476 1994 autem
504 1937 614 1991 vult
643 1936 945 2006 significare
970 1951 982 1986 :
1008 1933 1180 1986 Etiam
1204 1919 1240 1982 a'
1262 1928 1613 1984 crassioribus
1641 1925 1736 1978 do-

160 2033 344 2089 cemini
368 2072 383 2096 ,
414 2030 560 2099 quod
587 2028 676 2099 qui
709 2026 910 2081 hostias
934 2023 1260 2086 comedunt,
1307 2018 1590 2090 participes
1630 2015 1736 2070 sint

155 2125 352 2179 altaris.
388 2120 577 2175 Viden’
605 2116 872 2190 quomodo
896 2114 1140 2170 ostendat
1171 2128 1282 2177 eos,
1310 2111 1398 2180 qui
1428 2109 1734 2164 viderentur

153 2232 265 2272 esse
289 2213 536 2284 perfecti,
564 2227 668 2266 non
691 2210 888 2264 habere
923 2207 1206 2278 perfecmm
1238 2203 1594 2274 cognitionem
1624 2242 1638 2267 ,
1685 2199 1729 2253 si

147 2325 213 2364 ne
237 2310 336 2362 hoc
357 2307 581 2375 quidem
612 2305 810 2359 scirent
831 2344 846 2367 ,
879 2301 1019 2370 quod
1041 2315 1105 2354 cx
1138 2299 1222 2352 his
1251 2312 1392 2366 θεῖ’ρο
1432 2293 1731 2348 communi-

144 2403 278 2456 catio
305 2398 561 2469 qumdam
591 2398 768 2452 multis
799 2397 867 2450 sit
894 2404 947 2448 et
971 2392 1199 2448 amicitia
1228 2406 1348 2444 cum
1375 2387 1726 2453 dzcmonibus,

139 2491 537 2549 consuetudine
585 2489 838 2560 paulatim
883 2487 1026 2556 ipsos
1079 2484 1424 2538 attrahente?
1475 2481 1528 2537 Si
1583 2481 1723 2534 enim

136 2585 275 2655 apud
296 2584 552 2639 homines
575 2583 702 2636 salis
746 2592 800 2636 et
847 2593 1046 2634 mensae
1087 2578 1391 2647 conjunctio
1417 2619 1433 2640 ,
1476 2571 1725 2629 amicitiae

131 2677 345 2733 occasio
375 2686 433 2730 et
459 2675 765 2746 symbolum
792 2683 875 2728 est
898 2714 912 2737 ,
947 2671 1172 2739 idipsmn
1200 2680 1252 2723 et
1294 2671 1343 2723 in
1391 2667 1724 2724 demonibus

130 2779 446 2838 contingere
490 2775 689 2837 potest.
729 2765 809 2820 Tu
836 2779 966 2818 vero
996 2763 1124 2817 mihi
1157 2760 1427 2831 perpende
1455 2759 1722 2830 quomodo

124 2861 188 2914 de
213 2859 425 2914 Judaeis
457 2857 680 2927 quidem
703 2871 820 2921 non
849 2855 1044 2908 dixerit
1069 2895 1083 2917 ,
1113 2852 1254 2922 quod
1285 2867 1404 2905 cum
1441 2852 1548 2904 Deo
1569 2865 1718 2902 com-

123 2953 424 3014 municent,
457 2951 583 3015 sed,
617 2947 770 3012 Quod
796 2945 1066 3015 participes
1092 2944 1267 2996 altaris
1288 2952 1403 2997 sunt
1423 2957 1442 3005 ;
1473 2941 1722 2995 urebatur

116 3041 258 3095 enim
312 3039 478 3110 quod
532 3037 928 3108 superpositum
987 3044 1144 3089 erat:
1179 3033 1230 3086 in
1269 3047 1494 3104 corpore
1541 3041 1718 3084 autem

114 3132 313 3186 Christi
349 3146 468 3184 non
501 3131 615 3192 sie;
648 3127 742 3182 sed
768 3125 1076 3197 quomodo?
1117 3125 1512 3180 Communicatio
1535 3139 1718 3193 corpo-

109 3224 181 3277 ris
211 3223 437 3276 Domini
463 3232 563 3276 est.
588 3220 703 3275 Non
731 3222 872 3274 enim
900 3218 1083 3272 altaris
1106 3257 1122 3283 ,
1171 3217 1266 3271 sed
1311 3216 1477 3285 ipsius
1519 3214 1716 3270 Christi

109 3316 414 3386 participes
449 3314 741 3370 efficimur.
773 3311 905 3367 Cum
932 3321 1106 3366 autem
1135 3309 1399 3373 dixisset,
1436 3307 1718 3377 Participes

99 3417 225 3461 sunt
245 3407 473 3472 altaris,
500 3403 694 3460 deinde
722 3405 914 3458 timens
944 3419 1012 3458 ne
1036 3401 1311 3456 videretur
1336 3401 1402 3455 de
1445 3400 1600 3454 idolis
1640 3400 1718 3454 lo-

99 3499 188 3568 qui
211 3539 229 3565 ,
265 3513 334 3553 ac
370 3499 423 3552 si
461 3505 785 3566 potestatem
810 3494 1093 3564 quamdam
1124 3492 1383 3547 haberent
1425 3499 1479 3544 et
1519 3505 1715 3547 nocere

95 3601 325 3658 possent
351 3606 366 3654 ;
407 3589 544 3644 vide
564 3587 831 3658 quomodo
861 3588 960 3641 hoc
981 3587 1047 3640 de
1076 3586 1251 3641 medio
1281 3586 1428 3639 tollat
1455 3625 1470 3649 ,
1500 3600 1710 3637 rursum

93 3684 289 3736 tlieens
319 3700 333 3734 :
374 3682 485 3736 19-
520 3679 657 3746 Quid
681 3695 797 3750 ergo
826 3678 982 3732 dico?
1009 3678 1145 3746 quod
1167 3676 1360 3730 idolum
1381 3677 1446 3729 sit
1482 3674 1709 3744 aliquid,

87 3786 177 3826 ant
199 3775 368 3828 idolis
395 3773 730 3828 immolatum
755 3772 818 3826 sit
843 3770 1034 3840 aliquid
1055 3771 1082 3823 ?

155 3867 212 3919 5.
250 3867 395 3920 llaec
424 3873 618 3919 autem
648 3862 788 3930 dico,
819 3862 1009 3930 inquit,
1037 3869 1089 3915 et
1115 3859 1181 3914 de
1206 3859 1380 3914 medio
1408 3859 1534 3913 tollo
1559 3899 1572 3920 ,
1606 3875 1710 3912 twn

80 3959 230 4028 quod
261 3957 503 4027 possint
525 3955 665 4008 idola
695 3955 746 4007 in
777 3954 955 4023 aliquo
993 3967 1188 4006 nocere
1211 3959 1302 4004 aut
1341 3950 1582 4020 aliquam.
1605 3950 1710 4003 vim

74 4052 372 4115 habeant;
403 4049 552 4104 nihil
574 4057 697 4102 sunt
717 4047 891 4110 enim;
933 4045 1027 4101 sed
1053 4044 1172 4099 volo
1201 4059 1294 4098 vos
1320 4059 1382 4098 ea
1410 4043 1706 4111 despicere.

71 4146 141 4199 Et
163 4145 212 4198 si
239 4145 358 4206 vis,
390 4141 636 4211 inquies,
657 4155 752 4194 nos
772 4155 833 4194 ea
851 4139 1148 4208 despicere,
1169 4153 1264 4192 cur
1277 4151 1398 4191 cum
1421 4137 1597 4191 studio
1615 4153 1709 4192 nos

69 4241 135 4292 ab
160 4239 279 4291 illis
297 4235 592 4290 abducis?
619 4233 752 4301 Quia
780 4248 884 4286 non
913 4232 1210 4286 offeruntur
1234 4229 1459 4284 Domino
1486 4240 1594 4284 tuo.
1613 4230 1704 4284 ‘20.

69 4328 209 4394 Qua:
224 4326 386 4380 etaim
413 4324 690 4378 immolant
707 4333 896 4394 gentes,
927 4322 1113 4392 inquit,
1137 4321 1400 4374 dannoniis
1421 4320 1704 4385 immolant,

69 4430 102 4470 tt
127 4436 244 4471 non
278 4417 436 4472 Deo.
463 4415 546 4470 Ne
562 4415 787 4469 curratis
806 4429 933 4484 ergo
947 4412 1012 4467 ad
1030 4411 1316 4466 contraria.
1336 4411 1518 4481 Neque
1538 4413 1703 4477 enim,

69 4513 97 4564 ,ἱ
126 4512 290 4581 regis
313 4511 488 4564 filius
512 4523 684 4573 esses,
707 4507 900 4561 deinde
927 4520 1109 4559 mensa
1135 4507 1314 4559 fruens
1345 4514 1586 4572 paterna,
1617 4505 1709 4558 illa.

70 4603 285 4666 elicta,
320 4601 734 4655 damnatorum
766 4606 820 4651 et
851 4597 1145 4652 vinctorum
1170 4597 1218 4650 in
1259 4611 1478 4650 carcere
1508 4611 1706 4649 mensa:

70 4711 307 4750 ,onsors
345 4707 502 4749 esse
526 4691 726 4756 velles,
764 4690 816 4744 id
857 4700 1004 4760 pater
1033 4691 1400 4758 permitteret;
1453 4688 1559 4742 imo
1584 4704 1704 4742 cum

71 4785 452 4844 ehementia
485 4799 674 4853 magna
699 4793 750 4839 te
777 4783 1100 4847 abduceret,
1125 4796 1230 4836 non
1261 4781 1401 4852 quod
1430 4796 1611 4835 mensa
1651 4791 1703 4836 te

69 4882 261 4936 edere
289 4887 541 4948 posset,
566 4876 661 4929 sed
687 4875 828 4945 quod
855 4890 916 4929 ea
950 4875 1278 4928 nobilitatem
1306 4883 1447 4928 tuam
1475 4883 1530 4927 et
1551 4889 1699 4928 men-

69 4991 152 5029 tm
191 4974 457 5043 regiam
498 4969 864 5024 dedecoraret.
896 4967 1032 5022 Sunt
1052 4968 1194 5022 enim
1226 4967 1274 5019 hi
1313 4982 1523 5037 quoque
1562 4965 1701 5020 servi

69 5068 278 5122 :elesﬁ
302 5108 322 5129 ,
361 5063 656 5124 infames,
683 5061 957 5125 damnati,
998 5058 1194 5122 vincti,
1233 5058 1552 5113 intolerabili
1578 5073 1702 5125 sup.

70 5159 210 5214 iicio
249 5154 615 5217 reservati,
645 5152 800 5206 tnalis
830 5152 1044 5205 obnoxii
1076 5151 1388 5204 innumeris.
1422 5147 1700 5217 Quomodo

69 5266 165 5319 ’κο
204 5263 342 5302 noxi
393 5243 693 5298 erubescis
720 5257 872 5298 more
897 5242 1205 5296 helluonnm
1247 5251 1302 5296 et
1338 5240 1696 5305 illiberalium,

69 5360 144 5397 an
179 5336 502 5395 damnati
521 5336 593 5390 illi
625 5350 863 5390 mensam
890 5344 1183 5404 apponunt,
1209 5334 1329 5387 illnc
1345 5348 1623 5388 accurrere
1648 5345 1700 5390 ct

69 5433 484 5501 ipositorttm
530 5429 796 5496 particeps
824 5427 982 5481 esse?
1027 5425 1148 5479 Ideo
1202 5434 1252 5479 te
1285 5426 1533 5481 abduco:
1577 5441 1697 5481 natu

69 5523 512 5581 imolantium
542 5534 736 5588 scopus
766 5528 820 5572 et
845 5519 1216 5588 accipientium
1248 5534 1497 5588 persona,
1531 5536 1696 5589 appo-

70 5634 113 5669 .a
154 5614 475 5672 reddunt
507 5609 731 5679 impura.
763 5609 902 5663 Nolo
942 5620 1109 5664 autem
1138 5627 1222 5666 vos
1247 5613 1408 5666 socios
1449 5614 1558 5681 ﬁeri
1585 5614 1694 5667 dcc-

69 5708 386 5767 miorum.
431 5702 685 5760 Vidistin’
705 5703 991 5759 amicitiam
1023 5704 1186 5774 patris
1209 5718 1388 5760 curam
1411 5705 1692 5776 gerentis?

3346 281 3453 342 202

1874 360 2105 465 vidistin'
2380 371 2550 465 ipsum
2595 377 2735 445 quod
2778 380 3025 439 affectum
3055 402 3176 444 cum
3207 397 3446 465 emphasi

1866 452 2111 508 exhibeat
2134 458 2326 514 ?'Nihil
2359 463 2499 516 enim
2529 479 2647 519 cum
2679 467 2780 522 illis
2809 485 3093 534 commune
3125 497 3219 537 vos
3251 452 3447 547 habere

1863 545 2007 612 volo,
2036 549 2226 618 inquit.
2260 552 2459 610 Deinde
2484 559 2605 627 quia
2633 561 3020 624 adhortationis
3048 575 3208 630 modo
3234 545 3444 638 sermo:-

1862 650 1984 690 nem
2019 639 2319 710 induxerat,
2352 662 2417 702 ne
2459 650 2577 718 quis
2605 667 2668 706 ex
2700 658 3052 716 crassioribus
3104 665 3152 720 id
3199 683 3440 728 contem-

1863 739 2030 834 uerqt,
2058 735 2208 834 quasi
2243 747 2554 804 potestatem
2591 744 2810 812 habens,
2854 752 2972 819 quia
2999 754 3224 824 dixerat,
3261 762 3444 833 Nolo;

1859 830 1930 922 et,
1971 820 2069 876 Vos
2084 825 2345 895 judicate,
2387 839 2705 892 sententiam
2739 850 2790 894 et
2830 843 3000 914 legem
3033 811 3224 917 postea,
3257 811 3442 916 statui;

1857 911 2078 969 dicens:
2130 917 2249 973 Non
2290 926 2495 985 potestis
2525 929 2730 984 calicem
2761 911 2968 991 Domini
3009 911 3172 997 bibere
3209 956 3255 1000 et
3309 911 3437 1004 alii;

1857 1019 1962 1105 cem
2015 1006 2377 1066 dxmoniornm
2431 1032 2450 1066 :
2504 1017 2592 1072 2|.
2655 1039 2754 1076 non
2801 1029 3006 1093 potestis
3070 1050 3254 1091 tnensw
3325 1040 3435 1095 Do-

1856 1104 1978 1197 num
2036 1115 2141 1152 esse
2200 1104 2470 1175 participes
2521 1120 2565 1161 et
2629 1129 2813 1168 mensa:
2863 1118 3247 1182 dtemoniorum.
3298 1131 3438 1188 Solis

1855 1187 2032 1291 verbis
2080 1200 2177 1291 est.
2228 1206 2510 1251 contentus
2570 1210 2626 1255 ut
2681 1205 2930 1262 abducat.
3009 1213 3207 1271 Deinde
3263 1225 3432 1289 pudo-

1853 1288 1964 1330 rem
2017 1283 2279 1340 incutiens
2312 1305 2324 1340 :
2355 1287 2440 1340 92.
2480 1292 2556 1344 Au
2584 1297 2884 1353 a’mulamur
2918 1301 3234 1364 Dominum?
3264 1283 3430 1370 Inum-

1849 1372 2231 1466 quidrfortiures
2252 1380 2339 1433 illo
2367 1385 2584 1459 sumus?
2610 1385 2660 1440 Id
2692 1399 2770 1443 est
2793 1432 2808 1454 ,
2840 1402 3102 1456 tentamns
3143 1419 3262 1458 eum
3304 1425 3427 1466 nttm

1851 1465 2018 1566 possit
2045 1484 2142 1522 nos
2181 1473 2400 1539 punire,
2447 1485 2500 1529 et
2529 1477 2798 1536 irritamus
2836 1500 2954 1540 eum
2997 1490 3060 1544 ad
3091 1465 3429 1556 adversarios

1848 1551 2179 1624 deficientes,
2210 1569 2405 1616 etcum
2435 1565 2663 1624 inimicis
2691 1571 2805 1641 ejus
2829 1574 2877 1629 in
2901 1580 3014 1633 acie
3039 1589 3286 1643 stantes?
3318 1551 3427 1648 Hoc

1847 1655 2024 1737 antem
2073 1648 2241 1716 dixit,
2285 1653 2336 1706 in
2382 1661 2691 1714 memoriam
2740 1663 2844 1718 illis
2891 1683 3148 1728 revocans
3191 1688 3425 1737 veterem

1847 1734 2145 1804 historiam,
2175 1752 2229 1796 et
2261 1752 2466 1812 patrum
2496 1756 2991 1822 transgressionem.
3020 1761 3141 1818 ldeo
3169 1767 3266 1822 hae

1844 1837 1923 1881 est
1953 1844 2099 1892 voce,
2123 1848 2222 1902 qua
2252 1835 2508 1893 adversus
2534 1840 2748 1900 indutos
2769 1847 2978 1920 Moyses
3004 1855 3130 1910 olim
3161 1875 3287 1916 usus
3319 1875 3419 1928 est,

1843 1935 2101 2024 accusans
2144 1941 2236 1980 eos
2273 1927 2339 1982 de
2387 1929 2684 1988 idololatria
2729 1954 2794 1992 ex
2836 1957 3063 2010 persona
3114 1950 3206 2006 Dei
3248 1970 3262 2007 ;
3313 1954 3422 2024 Ipsi

1842 2021 1986 2109 enim
2013 2021 2274 2109 ,Ainquit,
2303 2039 2696 2092 prouocauerunt
2725 2048 2803 2085 me
2847 2033 2898 2088 in
2947 2055 3003 2090 co
3041 2042 3127 2109 qui
3170 2061 3268 2100 non
3315 2021 3422 2104 erat

1842 2101 1978 2207 ecus
2000 2147 2014 2171 ,
2043 2107 2364 2166 irritaverant
2402 2132 2480 2168 me
2515 2118 2566 2170 in
2597 2120 2747 2175 idolis
2786 2129 2890 2180 suis
2920 2129 2937 2196 (
2962 2101 3109 2185 Deut.
3157 2136 3243 2189 32.
3301 2101 3423 2207 ﬁli.

1841 2194 1982 2288 Num
2010 2198 2101 2252 illo
2133 2203 2364 2272 fortiores
2393 2223 2566 2262 sumus
2590 2210 2614 2263 7
2634 2209 2883 2269 Vidistin‘-
2923 2194 3079 2287 qUam
3111 2194 3420 2288 terribiliter

1837 2295 1891 2340 et
1923 2286 2248 2347 horribiliter
2279 2296 2422 2365 ipsos
2449 2299 2774 2370 increpavit,
2815 2286 2959 2376 ipSos
2997 2328 3182 2372 eorum
3223 2286 3418 2380 nervos

1836 2383 2170 2483 concutiens,
2196 2402 2252 2438 ea
2281 2390 2413 2442 rein
2439 2391 2819 2450 absurditatem
2848 2401 3096 2468 adducta,
3119 2409 3235 2464 illos
3267 2415 3416 2470 Valde

1836 2477 2240 2544 perstringens,
2274 2477 2590 2552 illorumqtte
2644 2495 2904 2544 tumorem
2955 2494 3300 2564 deptimeus?
3350 2506 3425 2561 Et

1831 2576 1946 2666 cur,
1981 2565 2208 2666 inquies,
2239 2568 2354 2627 haec
2380 2573 2448 2628 ab
2474 2575 2625 2632 initio
2653 2593 2757 2634 non
2787 2586 2980 2652 posuit,
3011 2606 3128 2659 qua:
3153 2593 3273 2650 illos
3303 2613 3416 2653 ma-

1833 2659 1973 2758 xime
2001 2659 2392 2758 abduxisseut?
2421 2666 2552 2733 Quia
2583 2685 2695 2723 llIOS
2719 2684 2800 2726 est
2833 2675 2904 2728 illi
2946 2679 3182 2746 pluribus
3211 2702 3272 2741 ea
3294 2705 3412 2758 qua:

1831 2748 1941 2801 vult
1971 2751 2195 2846 probare
2219 2795 2234 2818 ,
2270 2765 2322 2808 et
2352 2756 2569 2812 fortiora
2603 2763 2783 2817 ultima
2816 2782 3044 2836 ponere,
3082 2785 3238 2846 atque
3267 2748 3334 2835 cit
3362 2784 3431 2838 vi.

1829 2854 2018 2941 magna
2052 2841 2284 2899 vincere.
2329 2844 2452 2902 Ideo
2491 2866 2520 2902 a
2551 2853 2843 2911 minoribus
2892 2876 3084 2929 orsus,
3131 2841 3197 2921 aid
3250 2883 3410 2941 caput

1830 2933 2091 3030 malorum
2123 2937 2286 2990 venit.
2313 2937 2400 2992 Sic
2431 2949 2482 2993 et
2504 2939 2604 2996 hoc
2626 2946 2793 3014 magis
2819 2963 3093 3020 acceptum
3118 2956 3235 3024 fuit,
3260 2933 3406 3030 prio-

1828 3023 1978 3080 ribus
2006 3025 2229 3081 delinito
2259 3029 2468 3084 illorum
2497 3034 2696 3088 animo.
2733 3036 2916 3093 Omnia
2963 3045 3086 3097 mihi
3115 3023 3286 3117 licehl,
3318 3055 3414 3108 sed-

1828 3132 1929 3170 non
1959 3120 2128 3171 omnia
2155 3121 2426 3190 expediunt
2456 3139 2473 3178 :
2500 3125 2589 3179 23.
2617 3131 2786 3183 omnia
2817 3133 2940 3186 nti/ti
2960 3136 3107 3190 licent
3129 3180 3146 3206 ,
3166 3192 3170 3197 ,
3190 3144 3280 3196 sed
3303 3162 3406 3200 non

1825 3209 1996 3262 omnia
2020 3209 2293 3277 wdi/icant.
2323 3213 2410 3267 21.
2464 3213 2629 3270 Nemo
2657 3221 2793 3289 quod
2811 3239 2956 3277 suum
2991 3241 3060 3280 est
3085 3243 3294 3298 quaerat,
3319 3239 3407 3291 sed

1825 3302 1961 3370 quod
1989 3302 2198 3357 alterius
2229 3307 2582 3378 unusquisque.
2612 3310 2796 3366 Viden'
2823 3328 3121 3374 accuratam
3165 3326 3402 3392 pruden-

1827 3393 1999 3446 tiam?
2028 3395 2159 3461 Quia
2191 3397 2330 3450 enim
2373 3401 2660 3457 verisimile
2703 3418 2817 3458 erat
2848 3407 2965 3462 illos
3012 3409 3189 3469 dicere
3218 3433 3232 3470 :
3268 3416 3396 3472 Per-

1823 3483 1996 3538 fectus
2024 3501 2142 3540 sum
2173 3497 2224 3542 et
2253 3491 2354 3542 mei
2389 3491 2526 3560 juris
2549 3533 2564 3558 ,
2592 3503 2645 3547 et
2676 3495 2805 3550 nihil
2844 3499 3000 3554 lavsus
3027 3507 3263 3572 apposita
3306 3510 3400 3563 de-

1821 3587 1976 3645 gusto
2003 3595 2014 3632 :
2047 3579 2240 3645 Etiam,
2271 3581 2458 3650 inquit,
2486 3583 2752 3652 perfectus
2772 3599 2898 3643 eset
2923 3592 2993 3644 tui
3014 3591 3150 3662 juris
3172 3614 3184 3657 ;
3210 3600 3301 3654 sed
3329 3617 3397 3664 ne

1823 3669 1948 3724 illud
1979 3673 2222 3726 attendas
2243 3715 2258 3738 ,
2291 3673 2383 3729 sed
2415 3691 2537 3729 num
2569 3678 2694 3733 illud
2725 3681 2974 3738 damnum
3007 3686 3224 3758 afferat,
3271 3710 3410 3751 num-

1820 3765 2176 3818 eversionem.
2199 3765 2328 3818 Nam
2376 3776 2659 3839 utrumque
2683 3771 2841 3838 dixit,
2875 3774 2992 3830 Non
3022 3783 3191 3836 omnia
3218 3790 3396 3857 confe-

1819 3868 1956 3921 runt,
1982 3873 2081 3910 non
2111 3858 2281 3911 omnia
2303 3859 2576 3926 mdi/icant,
2607 3871 2661 3916 et
2686 3863 2827 3918 aliud
2870 3883 2965 3936 pro
2988 3871 3164 3941 seipsn
3189 3916 3204 3940 ,
3252 3877 3404 3932 aliud.

1821 3964 1916 4015 pro
1947 3949 2106 4003 fratre
2131 3951 2324 4018 posuit.
2358 3949 2486 4004 Nam
2513 3951 2709 4021 dicere,
2741 3954 2861 4009 Non
2883 3962 3101 4027 expedit,
3134 3974 3215 4018 est
3245 3983 3394 4024 suam

1820 4040 2108 4108 perniciem
2135 4041 2518 4097 subindieantis
2548 4062 2561 4098 :
2588 4046 2765 4102 dicere
2785 4061 2981 4114 autem,
3006 4052 3124 4108 Non
3147 4058 3390 4130 aediﬁcat,

1819 4135 1996 4188 fratris
2022 4133 2329 4189 scandalum
2351 4136 2669 4192 subimlicat.
2705 4139 2828 4192 Ideo
2859 4143 3136 4213 subjuuxit
3163 4168 3176 4200 :
3226 4149 3391 4206 Nemo

1816 4225 1950 4294 quod
1973 4242 2120 4277 suum
2142 4236 2210 4278 est
2232 4236 2455 4295 quierat;
2480 4229 2617 4296 quod
2648 4231 2840 4301 ubique
2868 4244 2921 4287 et
2953 4251 3046 4304 per
3073 4247 3234 4296 totam
3256 4257 3390 4299 con-

1818 4315 1992 4369 firmat
2013 4317 2311 4384 epistolam,
2341 4328 2393 4370 et
2420 4318 2471 4370 in
2504 4319 2738 4389 Epistola
2760 4324 2823 4375 ad
2854 4324 3126 4384 Romanos
3155 4347 3273 4386 eum
3305 4335 3388 4389 di.—

1816 4407 1886 4460 cit
1909 4424 1921 4460 :
1948 4405 2147 4459 Etenim
2169 4405 2394 4461 Christus
2416 4425 2513 4462 non
2531 4411 2626 4463 sibi
2650 4412 2750 4480 ipsi
2767 4415 2955 4483 placuit
2979 4417 3162 4488 (Rom.
3193 4423 3278 4478 15.
3309 4425 3389 4496 '5).-

1815 4508 1867 4550 et
1886 4512 2114 4561 rursum,
2142 4496 2288 4553 Sicut
2316 4509 2360 4553 et
2387 4517 2476 4571 ego
2503 4519 2591 4572 per
2617 4505 2786 4556 omnia
2814 4507 3043 4562 omnibus
3059 4510 3254 4579 placeo,
3287 4533 3388 4570 non

1813 4604 2038 4656 quwrens
2054 4591 2486 4644 meantutilitatem
2505 4593 2580 4666 (1.
2600 4593 2715 4648 Cor.
2737 4595 2824 4652 10.
2846 4599 2957 4666 55);
2980 4610 3031 4652 et
3051 4601 3134 4655 hic
3152 4619 3386 4674 rursum;

1813 4695 1918 4734 non
1951 4689 2126 4736 tamen
2158 4681 2292 4735 illud
2310 4681 2394 4736 hic
2421 4685 2640 4739 excutit.
2666 4685 2797 4754 Quia
2822 4691 2962 4744 enim
2983 4693 3227 4762 superius
3257 4695 3388 4753 illttd

1813 4772 2052 4843 pluribus
2075 4771 2457 4842 probaveratet
2473 4777 2952 4846 demonstraverat,
2967 4783 3106 4851 quod
3125 4802 3384 4857 nusquam

1811 4879 1871 4920 ea
1900 4881 2018 4934 quae
2048 4881 2142 4920 sua
2170 4876 2293 4921 sunt
2319 4878 2522 4938 quaerat
2546 4913 2561 4936 ,
2590 4871 2682 4925 sed
2720 4871 2858 4940 quod
2889 4871 3086 4928 Iudicis
3117 4883 3384 4948 tamquam

1810 4955 2025 5011 Judaeus
2046 4956 2219 5012 factus
2235 4960 2323 5023 sit,
2347 4970 2400 5013 et
2435 4961 2542 5014 illis
2568 4962 2655 5030 qui
2683 4969 2807 5014 sunt
2835 4963 2950 5017 sine
2971 4964 3096 5032 lege
3116 4974 3385 5037 tamquam

1810 5050 1925 5104 sine
1953 5051 2089 5120 lege,
2121 5061 2176 5106 et
2201 5051 2339 5122 quod
2371 5053 2616 5107 libertate
2646 5062 3014 5126 potestateque
3033 5073 3278 5116 suanon
3310 5068 3390 5116 te-

1811 5157 1955 5196 mere
1975 5143 2044 5197 sit
2068 5159 2213 5209 usus,
2239 5144 2330 5198 sed
2347 5145 2410 5196 ad
2432 5145 2486 5198 id
2509 5147 2648 5215 quod
2671 5148 2914 5203 omnibus
2937 5149 3064 5205 utile
3085 5160 3247 5218 esset,
3266 5169 3384 5209 ser-

1808 5239 1960 5291 viens
1974 5239 2249 5303 oumibus;
2275 5239 2455 5307 paucis
2475 5248 2758 5294 contentus
2781 5242 3072 5298 verbishuc
3093 5243 3270 5308 desiit,
3292 5237 3387 5316 per

1810 5329 1923 5384 lucc
1935 5345 2100 5400 pauca
2121 5331 2222 5384 illis
2243 5332 2294 5384 in
2317 5330 2625 5386 memoriam
2647 5347 2901 5386 revocans
2917 5336 3093 5390 omnia
3109 5352 3226 5404 quae
3244 5337 3384 5394 dicta

1807 5431 1948 5478 sunt.
1968 5424 2091 5478 Haec
2108 5439 2236 5495 ergo
2251 5439 2346 5477 nos
2363 5437 2571 5492 quoque
2588 5437 2706 5476 cum
2725 5425 2974 5490 sciamus,
2991 5425 3192 5492 dilecti,
3213 5428 3387 5482 fratri-

1806 5517 1904 5570 bus
1935 5516 2338 5585 prospiciamus,
2363 5524 2418 5568 et
2440 5515 2692 5570 unitatem
2720 5531 2838 5570 cum
2869 5516 2972 5570 illis
2991 5532 3290 5573 serv-emus.
3327 5520 3382 5573 In

1807 5606 1909 5660 hoc
1942 5607 2082 5661 enim
2109 5623 2206 5661 nos
2237 5605 2436 5661 inducit
2469 5606 2786 5661 sacrificium
2821 5605 2947 5660 illud
2978 5605 3307 5663 horrendum
3330 5617 3390 5663 et

1801 5700 2166 5770 tremendum,
2181 5701 2374 5770 jubens
2389 5714 2486 5758 nos
2501 5714 2620 5756 cum
2634 5697 2920 5756 concordia
2935 5699 3166 5755 maxime
3179 5698 3388 5773 illoac-
