3776 6384
303 368 412 423 20ῗῖ

305 486 498 540 cedere
523 491 576 536 et
600 495 721 537 cum
748 476 969 534 caritate
1008 472 1231 529 ferventi
1251 513 1266 536 ,
1296 479 1349 526 et
1376 467 1498 523 inde
1523 465 1726 537 aquilas
1763 461 1893 517 effe-

304 589 442 640 ctos,
472 576 538 629 itt
568 573 634 627 ad
666 572 838 642 ipsum
867 566 1120 622 advolare
1143 565 1354 618 caelum.
1385 559 1482 615 Ubi
1503 559 1642 614 enim
1673 555 1776 610 erit
1804 570 1892 607 ca-

303 669 474 730 darer,
507 663 678 734 inquit
698 703 713 722 ,
760 660 828 714 ibi
853 669 900 712 et
925 657 1112 728 aquin
1139 653 1353 727 (Matth.
1381 651 1471 705 ει.
1505 649 1632 720 9.8);
1663 646 1891 701 cadaver

303 772 498 827 corpus
527 763 793 808 mortuum
827 763 1044 803 vocans.
1088 746 1199 801 Nisi
1240 745 1382 800 enim
1431 742 1520 796 ille
1567 737 1888 802 cecidisset,

303 838 405 903 nos
470 861 573 900 non
636 840 1146 898 resurrexissemus.
1205 834 1427 905 Aquilas
1483 840 1662 886 autem
1715 837 1871 881 vocat

303 938 594 995 ostendens
624 933 907 986 sublimem
935 943 1057 984 esse
1086 937 1338 997 Oportere
1377 924 1524 978 illum
1573 921 1662 991 qui
1692 919 1757 973 ad
1787 921 1889 972 hoc

304 1046 497 1100 corpus
523 1025 756 1088 accedit,
786 1032 842 1078 et
873 1021 1000 1076 nihil
1033 1034 1152 1073 cum
1184 1026 1322 1073 terra
1353 1028 1638 1070 commune
1665 1011 1882 1074 habere,

303 1137 478 1192 neque
507 1120 759 1174 deorsum
784 1115 926 1170 trahi
959 1128 1022 1168 ac
1045 1125 1282 1179 serpere,
1312 1108 1404 1162 sed
1433 1106 1646 1161 assidue
1675 1119 1888 1172 semper

301 1228 516 1268 sursum
547 1209 767 1271 volare,
810 1216 864 1261 et
907 1206 971 1259 ad
1001 1205 1169 1258 solem
1213 1200 1436 1270 justitiae
1477 1197 1785 1266 respicere,
1833 1207 1886 1249 et

302 1305 496 1362 mentis
521 1303 734 1358 oculum
763 1309 976 1355 acutum
1006 1297 1203 1351 habere
1226 1313 1238 1350 :
1258 1292 1552 1362 aquilarum
1582 1289 1748 1354 enim,
1780 1302 1886 1342 non

303 1397 636 1456 eraeulornm
669 1394 782 1447 hmc
817 1401 896 1447 est
928 1405 1135 1445 mensa.
1183 1387 1286 1456 Ipsi
1323 1397 1448 1438 tunc
1476 1391 1762 1436 occurrent
1791 1381 1887 1434 de-

304 1488 575 1547 scendenti
606 1485 674 1540 de
703 1484 871 1548 cmlis,
901 1482 991 1551 qui
1019 1495 1158 1535 nunc
1187 1478 1346 1548 digne
1365 1475 1693 1546 percipiunt,
1713 1481 1771 1526 ut
1794 1470 1884 1542 qui

304 1579 517 1650 indigne
541 1588 777 1632 extrema
807 1573 1087 1642 patientur.

386 1672 440 1724 4.
483 1667 724 1737 Corporis
757 1663 944 1719 Christi
976 1661 1219 1716 sanctitas
1258 1668 1304 1713 et
1346 1659 1522 1712 virtus.
1551 1687 1620 1696 —
1646 1655 1701 1712 Si
1743 1653 1882 1709 enim

303 1778 475 1834 regem
525 1761 645 1830 quis
693 1771 797 1812 n0u
830 1765 1118 1823 utcumque
1177 1765 1279 1807 nec
1325 1749 1685 1821 perfunctorie
1727 1762 1883 1802 acce-

302 1856 436 1926 perit
464 1872 478 1908 :
520 1852 645 1924 quid
678 1864 856 1919 regem
889 1846 1052 1901 dico?
1091 1860 1157 1899 ne
1188 1853 1390 1899 vestem
1430 1841 1645 1912 quidem
1682 1839 1881 1908 regiam

301 1946 421 2016 quis
460 1942 683 2012 impuris
722 1938 971 1994 manibus
1020 1935 1288 2006 tetigerit,
1331 1933 1544 1988 etiamsi
1599 1932 1650 1985 in
1691 1930 1880 1985 solitu-

301 2039 421 2092 dine
466 2035 565 2098 sit,
611 2029 822 2088 etiamsi
869 2029 1017 2082 solus
1070 2036 1124 2080 et
1176 2040 1337 2080 nemo
1389 2023 1573 2078 adsit:
1625 2021 1769 2090 atqui
1798 2020 1881 2074 ni-

300 2129 368 2182 hil
418 2124 564 2179 aliud
606 2133 689 2178 est
719 2122 885 2176 vestis
908 2134 1066 2189 quam
1094 2128 1299 2171 stamen
1346 2115 1630 2170 vermium.
1665 2110 1720 2166 Si
1754 2126 1882 2166 vero

299 2221 582 2273 tincturatn
611 2213 843 2276 miraris,
877 2221 928 2265 et
959 2211 1071 2281 ipsa
1100 2222 1312 2280 quoque
1340 2206 1535 2260 mortui
1561 2205 1720 2274 piscis
1759 2219 1884 2260 sau-

299 2312 411 2378 puis
453 2316 582 2372 est;
629 2319 788 2360 nemo
833 2313 1009 2357 tamen
1070 2315 1234 2355 ausus
1289 2299 1450 2353 fuerit
1489 2299 1632 2353 illam
1702 2296 1879 2352 sordi-

299 2405 380 2459 tlis
413 2410 748 2458 contrectare
783 2396 1052 2451 manibus.
1084 2393 1140 2450 Si
1183 2402 1360 2448 autem
1402 2393 1690 2445 humanum
1721 2388 1883 2442 vesti-

299 2503 532 2550 mentum
555 2505 714 2546 nemo
739 2503 900 2544 ausus
919 2485 1079 2542 fuerit
1103 2493 1304 2540 temere
1332 2491 1582 2553 tangere;
1612 2479 1882 2552 quomodo

297 2601 492 2658 corpus
543 2585 914 2639 universorum
957 2581 1050 2634 Dei
1106 2576 1501 2632 immaculatum
1547 2583 1602 2630 ct
1650 2588 1877 2644 purum,

298 2681 436 2752 quod
487 2694 608 2734 cum
649 2676 827 2731 divina
873 2674 962 2728 illa
1029 2681 1216 2727 natura
1270 2679 1541 2724 versatum
1601 2677 1720 2730 est,
1784 2681 1882 2735 per

297 2771 436 2844 quod
453 2783 640 2826 sumus
662 2776 717 2823 et
743 2766 993 2830 vivimus,
1014 2778 1109 2833 per
1132 2759 1272 2830 quod
1301 2768 1470 2832 portae
1493 2759 1678 2812 mortis
1701 2757 1880 2812 fracta:

295 2873 423 2921 sunt
449 2873 503 2917 et
524 2861 757 2915 fornices
781 2857 896 2913 caeli
937 2854 1106 2925 aperti
1137 2859 1298 2918 sunt,
1328 2866 1449 2906 cum
1502 2859 1648 2905 tanta
1689 2857 1880 2903 contu-

295 2955 452 3011 melia
473 2948 832 3022 accipiemus?
852 2945 949 3011 Ne,
973 2957 1174 3014 quaeso,
1203 2957 1270 2998 ne
1291 2955 1389 2996 nos
1410 2941 1558 3011 ipsos
1577 2938 1883 3010 jugulemus

299 3066 396 3119 per
426 3044 808 3118 impudentiam
837 3057 852 3107 ;
886 3038 980 3094 scd
1012 3052 1134 3092 cum
1156 3035 1378 3088 horrore
1401 3043 1457 3088 et
1486 3032 1712 3102 puritate
1734 3030 1882 3084 omni

293 3143 359 3197 ad
387 3143 558 3214 ipsum
586 3135 902 3194 accedamus
929 3147 944 3194 ;
986 3131 1186 3185 et’cum
1214 3128 1384 3197 ipsum
1412 3125 1612 3179 videris
1635 3122 1881 3194 proposi-

295 3247 430 3302 tum,
461 3232 553 3291 tibi
582 3231 680 3300 ipsi
710 3229 796 3282 die
825 3244 838 3280 :
870 3225 1094 3294 Propter
1122 3221 1224 3275 hoc
1247 3234 1441 3289 corpus
1471 3234 1575 3272 non
1625 3231 1741 3271 sum
1781 3229 1881 3285 ego

297 3325 526 3396 amplius
553 3332 690 3376 terra
721 3327 775 3372 et
799 3317 956 3381 cinis,
978 3330 1085 3368 non
1115 3313 1254 3366 ultra
1283 3310 1542 3380 captivus,
1584 3307 1677 3361 sed
1702 3306 1835 3360 liber
1864 3323 1878 3360 :

298 3418 422 3473 ideo
445 3413 607 3468 caelos
633 3422 792 3480 spero
823 3415 878 3461 et
925 3405 1062 3460 bona
1094 3402 1204 3457 illic
1241 3399 1473 3469 reposita
1518 3413 1604 3453 me
1632 3404 1879 3466 acceptu-

295 3523 414 3563 rotn
433 3518 575 3568 esse,
602 3497 956 3556 immortalem
979 3495 1164 3558 vitam,
1187 3492 1496 3562 angelorum
1518 3498 1738 3555 sortem,
1760 3504 1878 3544 cum

297 3597 514 3652 Christo
540 3588 982 3648 consuetudinem
1013 3604 1026 3641 :
1051 3584 1153 3639 hoc
1175 3599 1370 3652 corpus
1395 3582 1562 3636 clavis
1583 3581 1878 3649 confixum,

300 3689 479 3758 flagris
500 3699 718 3745 ca'snm,
751 3693 895 3735 mors
917 3693 1024 3733 non
1065 3675 1212 3739 tulit,
1269 3674 1370 3730 hoc
1411 3689 1605 3744 corpus
1646 3673 1727 3729 sol
1760 3689 1880 3728 cum

299 3781 612 3836 crucifixum
646 3774 871 3841 videret,
905 3770 1085 3824 radios
1118 3768 1312 3822 avertit
1340 3785 1354 3819 :
1384 3765 1502 3821 ideo
1534 3775 1660 3820 tunc
1703 3767 1878 3820 velum

296 3872 523 3927 scissum
555 3877 656 3933 est,
680 3874 846 3936 petra:
865 3871 1033 3930 rupta:
1056 3869 1200 3926 sunt,
1234 3867 1288 3914 et
1309 3859 1557 3914 universa
1588 3867 1726 3913 terra
1748 3873 1879 3912 coo-

293 3964 589 4021 cntiehatttr
620 3977 634 4012 :
684 3958 786 4013 hoc
833 3965 917 4012 est
943 3952 1072 4009 illud
1102 3967 1299 4021 corpus
1322 3993 1338 4017 ,
1371 3949 1513 4021 quod
1542 3959 1878 4005 cruentatum

295 4060 410 4123 fuit,
437 4058 616 4111 lancea
645 4051 945 4123 perfossum
973 4089 986 4113 ,
1022 4046 1165 4117 quod
1195 4047 1454 4100 salutares
1486 4043 1661 4098 fontes
1697 4052 1880 4098 scatu-

296 4153 422 4208 rivit
441 4149 554 4204 orbi
580 4188 596 4211 ,
628 4146 788 4200 alium
816 4141 1108 4211 sanguinis,
1138 4139 1298 4192 alium
1325 4151 1497 4207 aquae.
1523 4135 1615 4190 Vis
1668 4135 1882 4190 aliunde

295 4246 413 4316 ejus
441 4243 547 4296 vim
574 4234 819 4294 discere?
841 4233 1107 4302 Interroga
1136 4230 1410 4284 mulierem
1435 4227 1706 4296 sanguinis
1735 4225 1880 4280 fluxu

296 4337 653 4398 laborantem,
678 4343 796 4400 qua:
825 4341 928 4380 nou
965 4325 1161 4394 ipsum.
1207 4320 1301 4376 sed
1328 4321 1444 4390 ejus
1476 4320 1875 4386 vestimentum,

295 4433 406 4487 imo
437 4445 540 4481 non
573 4433 764 4486 totum,
795 4418 889 4474 sed
918 4417 1178 4472 fimbriam
1209 4415 1411 4484 tetigit:
1438 4414 1700 4482 interroga
1733 4427 1880 4466 mare

293 4521 434 4592 quod
463 4518 624 4575 dorso
650 4529 749 4570 suo
782 4514 954 4582 ipsum
983 4509 1212 4579 gestavit
1244 4526 1258 4562 :
1291 4507 1558 4574 interroga
1603 4515 1658 4560 et
1705 4504 1880 4575 ipsum

293 4613 585 4677 diabolum,
615 4618 669 4664 et
706 4607 794 4662 die
825 4623 841 4658 :
874 4602 1024 4659 Unde
1064 4600 1230 4655 habes
1262 4601 1466 4670 plagam
1501 4599 1642 4653 illam
1671 4597 1880 4651 insana-

293 4707 454 4760 bilem
480 4703 502 4755 ?
530 4699 667 4755 unde
700 4698 757 4751 fit
782 4705 840 4752 ut
870 4693 1000 4750 nihil
1027 4693 1137 4764 jam
1169 4689 1380 4762 possis?
1401 4687 1663 4744 undenam
1693 4695 1881 4757 captus

295 4796 388 4851 es?
417 4811 447 4847 a
475 4808 581 4862 quo
601 4792 850 4846 detentus
871 4787 1012 4842 fuisti
1040 4787 1162 4840 dum
1193 4782 1443 4853 fugeres?
1484 4790 1540 4836 et
1567 4781 1696 4835 nihil
1737 4781 1879 4837 aliud

300 4889 462 4951 dicet,
497 4899 654 4954 quam
683 4891 878 4951 corpus
900 4877 1233 4936 crucifixum.
1264 4875 1368 4930 Per
1398 4873 1500 4929 hoc
1527 4872 1727 4939 stimuli
1766 4872 1882 4943 ejus

295 4976 555 5036 confracti
584 4984 730 5041 sunt,
779 4988 876 5043 per
903 4972 1006 5026 hoc
1041 4981 1240 5038 corpus
1263 4967 1381 5036 ejus
1415 4964 1706 5021 contritum
1729 5007 1744 5029 ,
1788 4981 1883 5035 per

299 5071 404 5127 hoc
449 5067 775 5139 principatus
807 5074 861 5118 et
910 5071 1201 5133 potestates
1246 5058 1502 5113 traductze
1532 5066 1699 5112 sunt:
1745 5057 1883 5129 Spa-

299 5164 432 5217 fians
457 5159 620 5222 enim,
646 5155 840 5224 inquit,
883 5153 1198 5223 principatus
1241 5159 1286 5205 et
1325 5157 1614 5222 potestates,
1657 5149 1881 5203 traduxit

296 5256 632 5322 conﬁdenter,
661 5249 980 5317 triumphans
1008 5249 1071 5304 de
1107 5249 1213 5302 illis
1245 5250 1297 5301 in
1339 5248 1605 5317 semetipso
1645 5244 1781 5318 (Col.
1819 5243 1877 5299 ἓ.

297 5349 367 5404 15
388 5347 429 5415 ).
467 5345 739 5412 Interroga
767 5345 996 5394 mortem
1021 5379 1035 5401 ,
1079 5348 1132 5392 et
1161 5339 1246 5392 dic
1275 5356 1288 5392 :
1321 5337 1598 5394 Undenam
1638 5337 1879 5392 sublatus

304 5449 384 5493 est
411 5435 657 5490 stimulus
705 5442 826 5484 tuus
845 5430 868 5483 ?
889 5429 1164 5486 "undenam
1200 5428 1371 5482 soluta
1397 5439 1478 5483 est
1499 5439 1584 5484 tua
1615 5430 1834 5484 victoria
1857 5431 1880 5483 ?

303 5530 568 5585 undenam
600 5525 805 5597 prmcisi
838 5532 961 5578 sunt
1005 5521 1150 5575 nervi
1196 5521 1310 5588 tui,
1349 5532 1401 5576 et
1425 5523 1620 5593 puellis
1661 5522 1879 5577 infanti.

305 5623 509 5691 hosque
539 5621 675 5672 facta
701 5633 760 5671 es
785 5613 1030 5676 ridicula,
1061 5628 1179 5681 quae
1211 5613 1448 5684 tyrannis
1472 5622 1526 5668 et
1562 5615 1719 5682 justis
1759 5629 1875 5668 om-

306 5715 464 5771 nibus
483 5709 708 5769 autchac
737 5705 1086 5766 formidabilis
1105 5719 1224 5760 cras
1246 5703 1269 5756 ?
1297 5712 1349 5757 et
1379 5701 1500 5757 huic
1519 5705 1729 5772 corpori
1757 5719 1882 5758 cau-

303 5821 416 5862 sam
441 5803 726 5859 adscribet.
750 5800 879 5856 Cum
903 5799 1044 5856 enim
1072 5797 1496 5868 crucitigcbatur,
1527 5805 1651 5852 tunc
1678 5801 1875 5852 mortui

1043 350 1102 407 8.
1143 346 1420 406 JOANNIS
1457 339 1932 402 CHRYSOS'I‘OMI
1961 340 2276 398 ARCIIIEP.
2310 339 2840 407 CONSTANTINOP.

3484 365 3588 422 9θῦ

2005 471 2596 529 τθδυπθκθιιιηιιμιωιο
2622 480 2807 523 carcer
2839 469 2926 524 ille
2972 480 3158 542 ruptus
3202 483 3283 529 est
3333 485 3390 532 et
3420 491 3589 546 portae

2001 568 2157 606 mea:
2182 553 2467 610 confracta:
2494 568 2636 622 sunt,
2662 568 2716 612 et
2742 561 2934 616 mortui
2965 564 3146 620 emissi
3178 575 3321 630 sunt,
3365 577 3421 623 ct
3440 569 3588 639 jani-

1999 653 2143 699 tores
2164 643 2356 700 inferni
2384 661 2572 703 omnes
2601 649 2955 720 obstupefacti
2986 664 3130 709 sunt.
3178 657 3336 726 Atqui
3366 659 3412 713 si
3448 659 3580 715 fuis-

1995 745 2078 788 set
2109 751 2243 790 unus
2272 752 2338 791 ex
2381 738 2584 806 multis,
2611 744 2942 796 contrarium
2985 746 3232 802 accidere
3280 751 3586 817 Oportebat,

1997 838 2225 882 mortem
2255 829 2420 886 fuisse
2449 833 2824 901 potentiorem,
2856 836 2950 890 sed
2982 852 3086 892 non
3116 837 3215 894 fuit
3244 858 3258 894 :
3288 856 3395 896 non
3439 844 3584 897 enim

1995 931 2114 976 erat.
2142 939 2276 977 unus
2304 939 2370 978 ex
2401 925 2623 991 multis;
2657 926 2778 982 ideo
2822 927 2909 982 illa
2949 931 3120 985 Soluta
3170 931 3286 987 fuit.
3331 934 3398 988 Et
3444 934 3585 990 sicut

1997 1011 2030 1066 ii
2057 1015 2144 1082 qui
2175 1015 2485 1071 alimentum
2517 1019 2808 1088 accipiunt,
2851 1022 2992 1091 quod
3035 1024 3265 1080 retinere
3301 1042 3407 1080 non
3453 1043 3584 1097 pos-

1993 1107 2117 1169 sint,
2147 1108 2307 1162 etiam
2339 1125 2458 1179 quae
2485 1111 2632 1180 prius
2662 1124 2910 1183 percepta
2958 1114 3166 1170 fuerant
3197 1129 3414 1188 propter
3450 1119 3582 1174 illud

1992 1211 2246 1254 evomunt
2273 1219 2285 1255 :
2321 1202 2392 1256 ita
2422 1206 2581 1258 etiam
2608 1205 2803 1259 accidit
2827 1205 2879 1260 in
2919 1215 3116 1261 morte.
3143 1206 3349 1277 Corpus
3371 1250 3388 1275 ,
3435 1211 3581 1279 quod

1994 1291 2106 1357 ipsa
2154 1306 2258 1345 non
2292 1303 2497 1361 poterat
2529 1296 2799 1350 conficere
2821 1337 2837 1363 ,
2887 1298 3191 1366 accipiens,
3239 1301 3325 1352 illa
3365 1315 3584 1370 quoque

1996 1383 2178 1454 rejecit
2203 1400 2323 1454 qua:
2356 1385 2495 1440 intus
2518 1388 2783 1443 retinebat
2811 1405 2825 1441 :
2858 1403 2979 1444 cmn
3013 1390 3138 1446 illud
3166 1391 3308 1445 intus
3335 1392 3578 1458 haberet,

1993 1477 2321 1545 parturiebat
2368 1485 2424 1532 ct
2473 1479 2833 1548 premebatur,
2885 1480 3059 1536 donec
3107 1481 3278 1550 ipsum
3317 1484 3580 1538 evomuit.

1992 1566 2118 1622 Ideo
2143 1565 2564 1638 aitApostolus:
2612 1570 2809 1626 Salutis
2852 1571 3113 1628 doloribus
3137 1574 3310 1628 mortis
3335 1573 3470 1642 (Art.
3519 1573 3577 1628 2.

1987 1658 2124 1730 24).
2175 1660 2330 1716 Nulla
2386 1662 2529 1717 enim
2583 1663 2779 1718 tnulier
2834 1679 3118 1735 prmguans
3169 1667 3582 1737 parturiensqne

1977 1755 2137 1807 tanto
2182 1753 2364 1809 labore
2407 1754 2689 1824 premitur,
2744 1766 2943 1826 quanto
2990 1756 3077 1812 illa
3127 1773 3322 1827 corpus
3372 1758 3580 1814 habens

1988 1845 2318 1899 Dominicum
2337 1844 2750 1901 dilacerahatnr.
2781 1847 2844 1901 Et
2863 1847 3003 1917 quod
3033 1852 3082 1902 in
3109 1848 3434 1917 Babylonico
3451 1850 3580 1904 dra-

1985 1951 2122 1992 cone
2151 1938 2363 2002 accidit,
2394 1953 2514 1992 cum
2544 1949 2766 2008 accepto
2811 1939 2931 1995 cibo
2970 1941 3176 1995 medius
3201 1943 3444 2011 diruptus
3468 1952 3576 2008 est,

1988 2026 2091 2082 hoc
2119 2036 2174 2082 et
2199 2027 2285 2082 isti
2333 2029 2535 2084 evenit.
2563 2027 2680 2083 Non
2706 2029 2850 2084 enim
2875 2030 3121 2085 Christus
3151 2047 3246 2102 per
3274 2047 3339 2087 os
3386 2035 3579 2090 mortis

1985 2134 2235 2189 egressus
2255 2129 2358 2183 est,
2385 2119 2480 2175 sed
2514 2120 2629 2189 ipso
2658 2121 2837 2175 medio
2866 2120 3117 2176 draconis
3141 2131 3327 2177 ventre
3354 2123 3578 2194 dirupto

1985 2222 2039 2267 et
2066 2213 2321 2277 tlissecto,
2350 2214 2427 2267 sic
2472 2229 2535 2268 ex
2571 2214 2929 2282 penetralibus
2975 2214 3206 2283 prodiit,
3237 2230 3358 2268 cum
3391 2217 3578 2285 splen-

1985 2305 2116 2358 dore
2145 2305 2336 2370 tuulto,
2367 2305 2652 2375 radiosque
2681 2305 2950 2369 emittens,
2999 2321 3102 2360 n0u
3154 2321 3318 2377 usque
3361 2307 3428 2362 ad
3467 2307 3578 2363 hoc

1985 2397 2199 2463 ctrlum,
2230 2396 2324 2451 sed
2365 2411 2534 2467 usque
2562 2396 2628 2451 ad
2660 2397 2830 2466 ipsum
2859 2412 3147 2467 supernum
3177 2399 3370 2453 solium
3397 2415 3412 2454 :
3442 2415 3572 2453 nam

1985 2488 2113 2542 illoc
2137 2504 2348 2559 quoque
2377 2489 2547 2558 ipsum
2575 2488 2814 2543 adduxit.
2849 2488 2961 2544 Hoc
2987 2505 3182 2560 corpus
3222 2491 3370 2546 dedit
3412 2493 3574 2549 nobis

1982 2589 2037 2634 ct
2063 2580 2348 2634 tenendum
2371 2589 2424 2634 et
2449 2579 2856 2647 comedendum,
2890 2581 3030 2651 quod
3062 2583 3284 2637 intensze
3325 2583 3574 2642 dilectio-

1985 2670 2067 2725 nis
2098 2669 2215 2724 fuit.
2265 2670 2374 2724 Eos
2413 2672 2556 2725 enim
2603 2685 2738 2741 quos
2789 2671 3041 2726 ardenter
3080 2688 3357 2737 amamus,
3405 2675 3570 2730 etiam

1983 2775 2126 2830 szepe
2157 2760 2482 2816 mordemus.
2515 2760 2639 2817 Ideo
2682 2761 2783 2816 Joh
2811 2777 3048 2816 amorem
3106 2763 3444 2831 famulorum,
3477 2768 3569 2836 qui

1983 2851 2126 2906 circa
2171 2851 2317 2906 illum
2349 2863 2501 2907 erant
2529 2852 2818 2908 ostendens
2845 2853 3079 2920 dicebat,
3111 2854 3232 2910 illos
3267 2856 3438 2925 ipsum
3469 2873 3566 2912 ve-

1989 2941 2271 2997 hementer
2293 2954 2535 2998 amantes
2556 2943 2757 2999 dixisse
2787 2961 2801 2997 :
2829 2945 2955 3012 Quis
2977 2946 3118 3000 nobis
3143 2946 3224 3000 det
3239 2947 3303 3001 de
3329 2949 3574 3004 carnibus

1983 3035 2089 3088 suis
2115 3044 2169 3088 ut
2195 3035 2499 3104 impleantur
2524 3035 2668 3105 (Job.
2700 3037 2789 3092 51.
2817 3037 2878 3091 51
2891 3038 2936 3107 )?
2961 3037 3049 3093 Sic
3066 3047 3119 3093 et
3148 3037 3394 3095 Christus
3418 3041 3573 3097 dedit

1984 3127 2140 3181 nobis
2176 3141 2368 3182 carnes
2391 3143 2515 3183 suas
2561 3137 2618 3182 ut
2666 3128 3005 3199 impleamur,
3054 3128 3120 3184 ad
3154 3129 3412 3200 majomn
3464 3147 3572 3188 nos

1985 3221 2272 3274 amicitiam
2303 3221 2598 3276 atlrahcns.

2055 3311 2109 3365 5.
2140 3311 2470 3365 Accedamus
2495 3312 2652 3382 igitur
2676 3327 2796 3366 cum
2829 3310 3038 3368 fervore
3058 3312 3123 3366 ad
3155 3313 3325 3381 illum,
3358 3324 3414 3370 et
3435 3330 3565 3370 cum

1983 3402 2188 3457 ardenti
2212 3403 2434 3457 caritate
2455 3443 2469 3466 ,
2501 3412 2556 3456 et
2582 3417 2651 3457 ne
2675 3403 2961 3458 subeamus
2985 3403 3322 3474 supplicium.
3350 3405 3571 3472 Quanto

1983 3498 2124 3553 enim
2154 3497 2353 3567 majora
2384 3494 2642 3550 beneficia
2672 3496 3066 3565 acceperimus,
3093 3506 3239 3550 tanto
3268 3499 3435 3568 magis
3463 3513 3570 3568 pn-

1985 3593 2380 3654 niemor,cum
2440 3587 2716 3643 beneficiis
2766 3587 2968 3658 indigni
3011 3591 3405 3658 apparebimus.
3453 3591 3574 3646 Hoc

1984 3687 2145 3740 etiam
2180 3699 2373 3753 corpus
2413 3682 2464 3736 in
2518 3681 2742 3751 prmsepi
2784 3681 2969 3750 jacens
3000 3683 3212 3737 reveriti
3241 3692 3366 3738 sunt
3401 3686 3566 3754 magi.

1984 3777 2052 3831 Et.
2077 3776 2171 3829 viri
2201 3775 2345 3843 impii
2367 3788 2430 3829 ac
2457 3772 2669 3828 barbari
2702 3773 2869 3841 patria
2893 3772 3162 3841 domoque
3192 3775 3397 3836 relicta,
3423 3776 3570 3830 viain

1983 3866 2186 3922 emensi
2213 3874 2338 3920 sunt
2365 3865 2609 3934 longam,
2639 3872 2692 3918 et
2717 3865 2992 3919 venientes
3018 3881 3138 3919 cum
3169 3867 3360 3921 timore
3383 3875 3439 3921 et
3467 3876 3576 3922 tre-

1986 3973 2133 4012 more
2161 3957 2328 4010 multo
2358 3956 2529 4026 ipsum
2569 3955 2948 4011 adoraverunt.
2993 3956 3272 4012 Imitemur
3291 3972 3420 4028 ergo
3459 3960 3577 4013 sal-

1985 4061 2091 4105 tem
2135 4049 2427 4113 barbaros,
2462 4063 2559 4103 nos
2605 4048 2858 4104 caelorum
2904 4050 3071 4106 cives.
3113 4049 3190 4105 Illi
3232 4065 3462 4120 namque
3516 4052 3574 4108 in

1986 4157 2228 4213 pratsepe
2267 4142 2616 4212 respicientes
2645 4143 2781 4198 etin
2812 4144 3022 4214 tugurio
3047 4183 3061 4206 ,
3111 4153 3165 4198 et
3210 4143 3339 4199 nihil
3379 4158 3576 4199 eorum

1985 4237 2354 4306 respicientes,
2385 4251 2503 4306 quae
2535 4246 2590 4291 tu
2613 4251 2757 4291 nunc
2785 4237 2957 4300 vides,
2989 4251 3108 4291 cum
3133 4244 3366 4291 tremore
3394 4238 3578 4294 multo

1984 4337 2330 4384 accesserunt
2357 4345 2369 4381 :
2403 4335 2458 4382 tu
2487 4344 2616 4382 vero
2642 4342 2744 4382 non
2771 4328 2822 4382 in
2847 4342 3088 4399 praesepe
3115 4327 3338 4397 respicis
3355 4369 3372 4393 ,
3395 4328 3493 4382 sed
3517 4330 3577 4384 in

1983 4422 2190 4486 altare;
2243 4434 2351 4474 non
2404 4420 2683 4475 mulierem
2735 4430 3038 4484 tenentem,
3089 4418 3185 4475 sed
3233 4419 3575 4474 sacerdotem

1985 4515 2284 4570 adsmntem
2307 4553 2323 4577 ,
2352 4519 2407 4566 et
2433 4511 2688 4582 Spiritum
2715 4525 2835 4565 cum
2859 4511 3107 4565 ubertate
3137 4525 3324 4580 magna
3360 4510 3414 4564 in
3445 4525 3581 4579 pro.

1985 4608 2156 4677 posita
2211 4602 2666 4674 supervolantem.
2719 4600 2847 4656 Non.
2894 4602 3212 4671 simpliciter
3249 4601 3349 4657 hoc
3393 4603 3574 4674 ipsum

1984 4713 2182 4768 corpus
2204 4696 2377 4761 vides,
2408 4704 2463 4750 ut
2491 4694 2604 4759 illi,
2636 4694 2731 4749 sed
2761 4695 2896 4749 nosti
2929 4694 3095 4764 ipsius
3124 4703 3177 4750 et
3203 4679 3456 4749 virtutem
3511 4707 3573 4752 et

1985 4789 2439 4861 dispensationem
2470 4800 2706 4851 omnem,
2737 4794 2791 4841 et
2817 4786 2951 4840 nihil
2983 4787 3198 4856 ignoras
3231 4801 3418 4841 eorum
3448 4803 3581 4857 quas

1986 4896 2083 4951 per
2112 4881 2283 4949 ipsum
2317 4876 2548 4948 perfecta
2579 4885 2744 4944 sunt,
2775 4891 2897 4931 cum
2930 4878 3112 4931 omnia
3135 4876 3372 4930 initiatos
3407 4891 3579 4932 accu-

1986 4981 2102 5026 rate
2129 4969 2396 5024 didiceris.
2433 4967 2741 5022 Excitemus
2764 4968 2940 5038 itaque
2966 4981 3066 5022 nos
3088 4967 3232 5037 ipsos
3257 4976 3311 5021 et
3349 4966 3585 5024 horrea-

1988 5079 2139 5129 mus,
2173 5072 2224 5118 et
2253 5062 2419 5117 multo
2448 5061 2707 5132 majorem
2737 5075 2893 5130 quam
2936 5059 3150 5114 barbari
3194 5059 3266 5114 illi
3313 5059 3580 5129 pietatem

1986 5155 2342 5211 exhibeamus
2367 5195 2382 5220 ,
2428 5162 2485 5207 ut
2525 5168 2629 5207 non
2673 5162 2873 5208 temere
2900 5161 2954 5206 et
2984 5151 3377 5207 inconsiderate
3409 5166 3580 5208 acce-

1986 5248 2212 5313 dentes,
2256 5246 2428 5316 ignem
2456 5244 2508 5298 in
2546 5252 2705 5312 caput
2749 5242 2988 5296 nostrum
3017 5231 3388 5312 c’ongeramus.
3445 5241 3585 5299 Ha‘c

1987 5348 2164 5393 autem
2195 5337 2353 5403 dico,
2397 5351 2505 5390 non
2545 5343 2602 5388 ut
2646 5349 2713 5389 ne
2741 5333 3099 5399 accedamus;
3127 5333 3221 5387 sed
3260 5348 3330 5387 ne
3365 5341 3585 5389 temere

1985 5431 2326 5486 accedamus.
2355 5427 2505 5483 Sicut
2535 5427 2678 5483 enim
2709 5436 2914 5482 temere
2937 5427 3198 5480 accedere
3217 5465 3233 5490 ,
3269 5425 3579 5494 perieulum

1985 5533 2069 5578 est
2096 5541 2110 5576 :
2142 5523 2220 5576 sic
2247 5521 2332 5575 his
2355 5520 2594 5591 mysticis
2619 5518 2790 5574 cceuis
2820 5533 2925 5572 non
2953 5515 3370 5583 communicare,
3401 5515 3584 5573 fames

1986 5622 2069 5666 est
2093 5621 2156 5666 et.
2187 5625 2350 5666 mors.
2381 5609 2506 5665 llzee
2531 5609 2672 5663 enim
2700 5622 2886 5661 mensa
2916 5606 3064 5661 nervi
3103 5607 3296 5660 anima:
3325 5613 3530 5659 nostrae
3556 5647 3577 5673 ,

1988 5706 2181 5759 mentis
2222 5703 2495 5758 vinculum
2517 5740 2532 5764 ,
2588 5699 2797 5754 fiducia:
2838 5714 2996 5753 causa
3018 5740 3035 5766 ,
3064 5713 3188 5769 spes
3209 5741 3224 5764 ,
3247 5697 3426 5764 salus,
3457 5695 3586 5758 lux,

1992 5798 2098 5857 vita
2139 5806 2246 5856 est.
2276 5795 2336 5852 Si.
2371 5807 2490 5849 cum
2521 5791 2623 5847 hoc
2647 5789 2913 5850 sacrificio
2951 5791 3042 5847 illo
3066 5791 3354 5846 abierimus
3381 5828 3402 5856 ,
3444 5801 3585 5844 cura

2098 6011 2123 6022 ‘
2160 6014 2170 6021 ο
