3826 6216
404 274 510 329 205

402 389 646 454 ἐκείνων,
670 387 828 460 λιμὸς
855 388 950 441 καὶ
972 387 1220 453 θάνατος.
1247 388 1396 460 Αὕτη
1416 387 1526 460 γάρ
1554 389 1588 459 ἡ
1616 387 1866 459 τράπεζα
1889 387 1987 455 τῆς

399 473 577 543 ψυχῆς
604 471 759 543 ἡμῶν
786 471 854 526 τά
875 471 1070 542 νεῦρα,
1095 473 1194 544 τῆς
1221 473 1462 536 διανοίας
1489 474 1516 525 6
1551 471 1868 542 σύνδεσμος,
1889 469 1990 539 τῆς

401 556 768 628 παρρησίαςὴ
813 555 1088 620 ὑπόθεσις,
1130 557 1164 626 ἡ
1199 555 1376 623 ἐλπὶς,
1410 558 1443 625 ἠ
1471 555 1732 624 σωτηρία,
1761 555 1820 606 τὸ
1850 553 1984 623 φῶς,

401 639 436 708 ὴ
470 637 607 707 ζωή.
635 638 790 690 Μετά
810 637 1012 710 ταύτης
1040 638 1366 700 ἀπελθόντες
1398 639 1514 690 ἐκεῖ
1543 638 1643 706 τῆς
1673 636 1885 701 θυσίας,
1930 638 1986 688 ἐν

401 722 686 793 παρρησίᾳ
717 721 885 794 πολλῇ
926 723 1035 775 τῶν
1065 723 1226 793 ἱερῶν
1249 721 1628 792 ἐπιδησόμεθα
1668 719 1983 790 προθύρων,

400 803 592 876 ὥσπερ
621 806 764 858 τισὶν
802 805 985 870 ὅπλοις
1031 809 1252 878 χρυσοῖς
1297 805 1812 876 περιπεφραγμένοι
1851 803 1985 856 πάν-

399 889 576 945 τοθεν.
601 889 711 942 Καὶ
743 889 798 942 τί
833 889 976 959 λέγω
1001 890 1070 943 τά
1100 890 1404 960 μέλλοντας
1445 889 1712 942 Ἐνταῦθα
1753 889 1860 958 γάρ
1901 905 1986 940 σοι

399 971 497 1042 τὴν
525 973 628 1040 γῆν
657 973 886 1044 οὐρανὸν
937 976 1083 1026 ποιεῖ
1113 975 1263 1027 τουτὶ
1291 973 1352 1026 τὸ
1393 973 1708 1044 μυστήριον.
1756 972 1984 1024 ’Δναπέ-

398 1071 563 1106 ταςον
599 1053 731 1122 γοῦν
759 1054 854 1108 τοῦ
884 1057 1118 1126 ούρανοῦ
1153 1057 1250 1120 τὰς
1295 1057 1487 1120 πύλας,
1535 1056 1630 1108 καὶ
1679 1054 1939 1124 διάκυψον
1967 1071 1979 1083 ο

401 1137 604 1206 μᾶλλον
641 1137 698 1190 δὲ
729 1139 848 1209 οὐχὶ
894 1140 990 1193 τοῦ
1039 1139 1294 1210 ούρανοῦ,
1328 1138 1464 1192 ἀλλὰ
1488 1137 1581 1191 τοῦ
1616 1138 1848 1208 οὐρανοῦ
1876 1137 1983 1190 τῶν

398 1220 667 1290 οὐρανῶν,
717 1223 812 1274 καὶ
857 1224 980 1276 τότε
1019 1223 1137 1294 ὄψει
1166 1223 1225 1275 τὸ
1254 1223 1567 1294 εἰρημένον.
1598 1221 1671 1273 Τὸ
1697 1221 1802 1294 γάρ
1849 1221 1986 1274 πάν-

395 1323 504 1358 των
553 1307 670 1358 ἐκεῖ
711 1306 1066 1377 τιμιώτερον,
1116 1306 1270 1359 τοῦτό
1302 1323 1384 1360 σοι
1421 1307 1512 1359 ἐπὶ
1551 1305 1651 1376 τῆς
1692 1305 1796 1376 γῆς
1825 1305 1984 1369 δείξω

396 1387 674 1457 κείμενον.
712 1389 922 1459 Ὥσπερ
956 1391 1066 1461 γάρ
1105 1391 1162 1442 ἐν
1189 1392 1301 1453 τοῖς
1347 1387 1640 1459 βασιλείοις
1669 1389 1730 1440 τὸ
1764 1389 1983 1441 πάντων

397 1473 740 1544 σεμνότερον,
776 1474 836 1526 ού
865 1477 1032 1544 τοῖχοι
1053 1514 1068 1538 ,
1111 1474 1212 1527 οὐκ
1249 1473 1444 1544 ὄροφος
1472 1472 1728 1545 χρυσοῦς,
1758 1473 1895 1526 ἀλλά
1921 1473 1983 1526 τδ

396 1555 671 1625 βασιλικὸν
706 1557 863 1627 σῶμα
897 1557 959 1610 τὸ
990 1555 1298 1628 καθήμενον
1325 1557 1421 1611 ἐπὶ
1465 1556 1560 1610 τοῦ
1594 1557 1806 1622 θρόνου·
1839 1556 1982 1610 οὕτω

393 1639 488 1691 καὶ
521 1641 580 1692 ἐν
610 1643 722 1704 τοῖς
751 1641 1000 1711 οὐρανοῖς
1028 1640 1089 1692 τὸ
1118 1641 1213 1694 τοῦ
1262 1640 1530 1711 βασιλέως
1580 1641 1762 1712 σῶμα.
1813 1641 1976 1697 Ἀλλά

389 1721 548 1776 τοῦτό
583 1739 664 1774 σοι
694 1723 786 1775 νῦν
813 1723 1024 1788 ἔξεστιν
1045 1725 1137 1777 ἐπὶ
1157 1725 1260 1794 γῆς
1288 1725 1438 1778 ἰδεῖν.
1469 1725 1543 1778 Οὐ
1572 1726 1681 1796 γὰρ
1712 1727 1976 1794 ἀγγέλους

389 1799 510 1857 οὐδὲ
543 1807 920 1878 ἀρχαγγέλους
949 1807 1072 1860 οὐδὲ
1111 1809 1375 1879 οὐρανοὺς
1405 1809 1501 1862 καὶ
1533 1809 1798 1880 οὐρανοὺς
1826 1810 1983 1880 ούρα-

387 1889 516 1953 νίἱιν,
543 1891 658 1943 ἀλλ’
687 1890 834 1963 [⁸219]
859 1893 1020 1944 αὑτὸν
1040 1892 1131 1944 τὸν
1155 1893 1362 1946 τούτων
1391 1910 1472 1945 σοι
1501 1891 1750 1963 δείκνυμι
1781 1892 1979 1946 Δεσπόο

387 1987 510 2044 την.
548 1971 701 2040 Εἶδες
727 1975 851 2038 πῶς
875 1977 937 2028 τὸ
969 1975 1188 2029 πάντων
1219 1975 1545 2048 τιμιώτερον
1573 1979 1703 2048 ὁρᾷς
1728 1977 1819 2032 ἐπὶ
1840 1978 1971 2048 γῆ,ς;

389 2059 484 2110 καὶ
519 2059 618 2128 οὐχ
652 2059 780 2130 ὁρᾷς
819 2059 1000 2128 μόνον,
1036 2058 1174 2112 ἀλλὰ
1221 2061 1315 2114 καὶ
1353 2063 1534 2132 ἀπτη;
1569 2063 1663 2113 καὶ
1701 2062 1799 2132 οὐχ
1829 2063 1976 2133 ἅπτῃ

392 2142 573 2210 μόνον,
597 2140 850 2196 ἀλλὰκαὶ
877 2143 1100 2207 ἐσθίεις,
1126 2144 1218 2196 καὶ
1241 2141 1420 2198 λαϐὼν
1438 2144 1619 2199 οἴκαδε
1636 2145 1938 2216 ἀναχωρεῖς
1959 2163 1973 2212 ;

401 2225 718 2296 Ἀπόσμηχε
753 2225 931 2278 τοίνυν
959 2225 1056 2298 τὴν
1085 2227 1284 2298 ψυχὴν,
1318 2227 1703 2298 παρασκεύαζε
1733 2229 1832 2298 τὴν
1859 2227 1972 2281 διά-

389 2325 540 2360 νοιαν
561 2309 698 2379 πρὸς
727 2308 825 2380 τὴν
851 2309 1058 2362 τούτων
1081 2311 1187 2364 τῶν
1212 2311 1527 2382 μυστηρίων
1553 2311 1840 2382 ὑποδοχήν.
1864 2311 1976 2366 Καὶ

387 2389 498 2459 γὰρ
531 2391 579 2443 εἰ
609 2389 820 2444 παιδίον
861 2391 1137 2461 βασιλικὸν
1182 2393 1322 2464 μετά
1361 2393 1456 2448 τοῦ
1499 2393 1708 2464 κόσμου
1745 2394 1840 2448 καὶ
1870 2393 1972 2464 τῆς

390 2473 706 2545 ἀλουργίδος
732 2475 827 2527 καὶ
864 2475 960 2528 τοῦ
993 2476 1322 2548 διαδήματος
1362 2477 1735 2550 ἐνεχειρίσθης
1763 2479 1971 2548 φέρειν,

389 2557 570 2610 πάντα
611 2557 676 2612 ἂν
709 2557 940 2630 ἔρριψας
979 2560 1047 2612 τά
1079 2560 1136 2612 ἐν
1177 2562 1242 2631 τῇ
1273 2563 1366 2631 γῇ·
1401 2561 1518 2614 νυνὶ
1561 2560 1618 2614 δὲ
1658 2562 1719 2614 οὐ
1762 2561 1972 2614 παιδίον

1077 270 1134 325 S.
1173 269 1464 326 JOANNIS
1497 267 1990 327 CH’RYSOSTOMI
2026 265 2350 324 ARCHIEP.
2397 267 2950 329 CONSTANTINOP.

2091 385 2379 459 ἀνθρώπου
2407 385 2706 456 βασιλικὸν,
2744 387 2860 441 ἀλλ’
2897 387 3062 442 αὐτὸν
3097 389 3192 442 τὸν
3226 389 3486 459 μονογενῆ
3534 389 3690 458 λαμ-

2091 467 2271 521 ϐάνων
2297 469 2394 522 τοῦ
2419 469 2558 522 Θεοῦ
2589 469 2782 534 Παίδα,
2825 471 2890 524 οὐ
2929 471 3177 540 φρίττεις
3199 511 3222 534 ,
3247 471 3368 524 εἰπέ
3417 488 3536 542 μοι,
3589 471 3694 525 καὶ

2089 553 2271 607 πάντα
2303 553 2396 606 τὸν
2432 553 2540 606 τῶν
2573 553 2843 622 βιωτικῶν
2885 554 3174 618 ἐκϐάλλεις
3206 555 3408 626 ἔρωτα,
3457 556 3566 610 καὶ

2090 637 2280 708 κόσμῳ
2311 637 2632 710 καλλωπίςῃ
2670 639 2830 707 μόνον
2872 639 3089 710 ἐκείνῳ,
3133 637 3251 692 ἀλλ’
3283 637 3364 691 ἐτι
3393 639 3538 711 πρὸς
3581 637 3692 708 τὴν

2087 721 2192 789 γῆν
2233 721 2386 792 ὁρᾷς,
2437 721 2533 774 καὶ
2589 721 2890 792 χρημάτων
2945 723 3079 792 ἐρᾷς
3135 722 3230 775 καὶ
3285 721 3421 792 πρὸς
3467 721 3692 792 χρυσὺν

2089 803 2390 874 ἐπτόησαι;
2439 804 2532 856 καὶ
2563 805 2687 856 τίνα
2739 805 2805 858 ἂν
2855 805 3044 874 σχοίης
3095 804 3454 874 συγγνώμηνς
3511 805 3694 856 ποίαν

2087 885 2420 954 ἀπολογίανς
2469 887 2584 940 Οὐκ
2621 883 2779 940 οἶσθα
2811 887 2930 951 πῶς
2981 889 3202 942 ἃπασαν
3257 887 3356 959 τὴν
3407 887 3690 957 βιωτικὴν

2089 969 2438 1023 πολυτέλειαν
2482 969 2889 1042 ἀποστρέφεται
2934 987 3027 1023 σου
3061 973 3090 1023 6
3123 971 3432 1040 Δεσπότης;
3479 971 3552 1022 οὐ
3591 971 3692 1022 διὰ

2086 1051 2242 1104 τοῦτο
2291 1052 2349 1104 ἐν
2387 1053 2564 1126 φάτνῃ
2609 1054 2767 1124 ἐτέθη
2811 1053 3049 1122 τεχθεὶς,
3095 1054 3192 1106 καὶ
3237 1055 3447 1124 μητέρα
3475 1052 3690 1105 ἔλαϐεν

2085 1133 2306 1204 εὐτελῆ;
2334 1136 2392 1187 οὗ
2423 1135 2512 1188 διὰ
2541 1136 2702 1188 τοῦτο
2731 1136 2924 1206 ἐκείνῳ
2946 1135 3023 1206 τῷ
3055 1136 3192 1207 πρὸς
3217 1136 3524 1207 καπηλείαν
3557 1135 3692 1204 βλέ-

2085 1235 2240 1270 ποντι
2271 1217 2478 1286 ἐλεγεψ
2521 1219 2584 1272 '0
2623 1219 2692 1272 δὲ
2731 1221 2864 1287 Υἱὸς
2903 1221 3011 1274 τοῦ
3051 1219 3368 1288 ἀνθρώπου
3401 1223 3518 1274 οὐκ
3547 1221 3688 1288 ἔχει

2085 1301 2200 1354 ποῦ
2232 1300 2348 1369 τὴν
2379 1303 2660 1370 κεφαλὴν
2683 1305 2898 1372 κλι’νῃ;
2921 1305 3066 1358 Τίδέ
3099 1306 3150 1357 οί
3182 1305 3422 1376 μαθηταί
3444 1321 3462 1371 ;
3487 1305 3560 1358 οὐ
3583 1305 3688 1358 τὸν

2083 1382 2249 1437 αὐτὸν
2283 1385 2567 1456 διετήρουν
2597 1387 2786 1456 νόμον,
2821 1388 2902 1451 εἰς
2935 1389 3037 1451 τὰς
3069 1387 3178 1440 τῶν
3207 1389 3456 1458 πενήτων
3487 1387 3688 1450 οἰκίας

2084 1467 2470 1539 καταγόμενοι,
2526 1469 2622 1522 καὶ
2676 1471 2706 1522 6
2759 1471 2856 1541 μὲν
2908 1471 3046 1541 πρὸς
3077 1471 3319 1543 βυρσέα,
3364 1474 3394 1525 6
3435 1471 3492 1525 δὲ
3535 1473 3684 1544 πρὸς

2086 1550 2464 1622 σκηνορράφον
2482 1552 2744 1606 κατέλυον
2773 1555 2866 1606 καὶ
2887 1555 3021 1624 πρὸς
3045 1557 3146 1624 τὴν
3177 1555 3680 1626 πορφυροπὼλιδας

2081 1633 2142 1690 ού
2179 1634 2285 1705 γάρ
2320 1637 2498 1699 οἰκίας
2529 1636 2912 1708 περιφάνειαν,
2945 1638 3083 1692 ἀλλά
3128 1638 3316 1710 ψυχῶν
3340 1641 3548 1712 ἀρετάς
3573 1641 3680 1694 ἐπ-

2080 1715 2328 1789 εζήτουν.
2363 1721 2602 1785 Τούτους
2651 1723 2830 1776 τοίνυν
2873 1727 3150 1796 καὶὴμείς
3193 1725 3554 1798 ζηλὼσωμεν·
3609 1729 3680 1782 τὰ

2082 1803 2183 1872 μὲν
2211 1804 2380 1875 κάλλη
2407 1805 2514 1858 τῶν
2542 1806 2737 1859 κιόνων
2769 1807 2860 1860 καὶ
2893 1807 3002 1860 τῶν
3039 1810 3348 1880 μαρμάρων
3380 1811 3678 1882 παρατρέ-

2079 1903 2284 1956 χοντες,
2323 1889 2614 1961 ζητοῦντες
2643 1889 2704 1944 δὲ.
2729 1890 2828 1954 τάς
2857 1891 2968 1944 ἂνω
2999 1891 3187 1963 μονάς,
3227 1893 3321 1946 καὶ
3359 1894 3544 1947 πάντα
3573 1893 3678 1947 τῦ-

2081 1989 2180 2043 φον
2207 1973 2298 2026 τὸν
2325 1973 2558 2028 ἐνταῦθα
2596 1977 2929 2047 πατήσωμεν
2966 1978 3105 2048 μετά
3147 1978 3246 2048 τῆς
3285 1977 3396 2030 τῶν
3445 1979 3678 2048 χρημάο

2079 2073 2188 2108 των
2227 2057 2544 2128 ἐπιθυμίας,
2577 2060 2670 2112 καὶ
2700 2057 2902 2128 ὑψηλὸν
2949 2059 3206 2130 λάϐωμεν
3254 2061 3534 2133 φρόνημα.
3575 2063 3678 2114 ’Δν

2079 2139 2190 2208 γὰρ
2227 2141 2509 2209 νήφωμεν,
2543 2133 2666 2194 ούδέ
2693 2143 2721 2194 6
2744 2143 2946 2212 κόσμος
2975 2145 3008 2212 ἡ
3019 2143 3134 2213 μῶν
3163 2137 3318 2207 οὗτος
3339 2143 3510 2208 ἄξιος,
3535 2145 3678 2216 μήτε

2086 2240 2150 2292 γε
2182 2225 2333 2276 στοαὶ
2359 2226 2452 2277 καὶ
2487 2226 2798 2296 περίπατοι.
2831 2226 2944 2292 Διὸ,
2980 2227 3306 2298 παρακαλῶ,
3341 2227 3442 2298 τὴν
3481 2229 3676 2299 ψυχὴν

2080 2309 2180 2378 τὴν
2209 2308 2418 2362 ἑαυτῶν
2441 2309 2895 2380 καλλωπίζωμεν,
2925 2311 3026 2382 τὴν
3063 2311 3242 2364 οἰκίαν
3259 2311 3466 2380 ταύτην
3493 2329 3676 2366 κατα-

2081 2391 2457 2462 σκευάζωμεν,
2494 2395 2559 2463 ῆν
2591 2396 2686 2447 καὶ
2713 2393 2970 2458 λαϐόντες
2995 2393 3428 2465 ἀπελευσόμεθα,
3459 2397 3552 2448 ἵνα
3575 2396 3674 2450 καὶ

2077 2474 2184 2526 τῶν
2214 2475 2448 2528 αἰωνίων
2478 2475 2824 2549 ἐπι-τύχωμεν
2855 2477 3096 2545 ἀγαθῶν,
3143 2477 3327 2548 χάριτι
3353 2478 3448 2532 καὶ
3477 2479 3674 2548 φιλαν-

2081 2555 2321 2632 θρωπία,
2363 2559 2458 2612 καὶ
2491 2560 2558 2614 τά
2590 2561 2739 2630 ἑξῆς.
3397 2581 3416 2586 “

1889 2857 2134 2912 OMIAIA
2175 2855 2306 2912 κε’.

388 2981 516 3054 ριᾱν
549 2979 613 3033 τὸ
641 2977 710 3030 ἐν
741 2975 1028 3046 μακέλλῳ
1057 2975 1450 3044 πωλούμενον
1490 2975 1742 3039 ἐσθίετε,
1777 2974 1977 3045 μηδὲν

623 3068 1053 3136 ἀνακρίνοντες
1079 3064 1178 3121 διὰ
1197 3065 1312 3134 τὴν
1339 3064 1722 3135 συνείδησιν.

455 3169 528 3224 α’.
549 3166 736 3222 Εἰπὼν
765 3167 848 3218 ὅτι
875 3163 1136 3218 ἀδύνατον
1165 3164 1424 3232 ποτήριον
1457 3163 1664 3233 Κυρίου
1687 3162 1862 3216 πίνειν
1883 3163 1977 3216 καὶ

381 3255 646 3324 ποτήριον
682 3247 998 3318 δαιμονίων,
1054 3247 1150 3300 καὶ
1207 3245 1464 3312 καθάπαξ
1511 3246 1815 3314 ἀπαγαγὼν
1864 3247 1975 3300 τῶν

383 3333 676 3404 τραπεζῶν
715 3332 970 3396 ἐκείνων,
1007 3329 1116 3384 ἀπὸ
1149 3329 1613 3401 παραδειγμάτων
1646 3331 1972 3396 Ἰουδαϊκῶν,

385 3419 496 3472 ἀπὸ
523 3417 798 3487 λογισμῶν
832 3413 1210 3484 ἀνθρωπίνων,
1243 3413 1350 3466 ἀπὸ
1379 3414 1489 3466 τῶν
1531 3414 1842 3483 μυστηρίων
1867 3413 1975 3468 τῶν

386 3502 658 3574 φρικτιὶν,
685 3501 792 3552 ἀπὸ
813 3498 921 3550 τῶν
953 3500 1010 3549 ἐν
1035 3499 1148 3558 τοῖς
1174 3496 1413 3560 εἰδώλοις
1440 3508 1466 3536 ι
1492 3496 1851 3567 τελουμένων,
1881 3498 1975 3550 καὶ

385 3589 552 3641 πολὺν
583 3585 746 3654 φόϐον
789 3582 964 3645 ἐνθεὶς
1003 3582 1186 3645 αὐτοῖς
1221 3597 1234 3608 ·
1269 3581 1358 3635 ἵνα
1394 3581 1470 3651 μὴ
1503 3580 1582 3651 τῷ
1621 3581 1771 3652 φόϐῳ
1803 3581 1975 3652 τούτῳ

384 3675 548 3728 πάλιν
565 3675 646 3736 εἰς
671 3672 866 3742 ἑτέραν
885 3668 1152 3740 ἀμετρίαν
1169 3669 1365 3732 αὐτοὺς
1394 3667 1662 3740 ἐξωθήσῃ,
1681 3671 1773 3722 καὶ
1803 3672 1974 3738 ἀναγ-

389 3757 638 3814 κασθῶσι
668 3755 872 3808 πλείονι
905 3753 1198 3825 περιεργία
1235 3753 1568 3824 κεχρημένοι
1616 3753 1712 3806 τοῦ
1761 3755 1974 3819 δέοντος

381 3839 701 3903 δεδοικέναι,
737 3839 951 3908 μήποτε
981 3837 1076 3888 καὶ
1109 3836 1450 3903 ἀγνοούντων
1476 3836 1655 3890 αὐτῶν
1681 3838 1972 3910 ἐπεισέλθῃ

380 3943 434 3978 τι
467 3923 728 3986 τοιοῦτον,
759 3922 794 3992 ῆ
819 3919 878 3984 ἐξ
905 3921 1114 3992 ἀγορᾶς
1139 3920 1174 3990 ἢ
1210 3920 1430 3974 ἄλλοθέν
1457 3920 1641 3986 ποθεν,
1667 3922 1850 3988 ἀφιεὶς
1877 3923 1974 3975 αύ-

379 4011 508 4072 τοὺς
523 4007 726 4077 ταύτης
755 4007 853 4076 τῆς
882 4007 1148 4074 ἀνάγκης,
1179 4006 1330 4076 φησί·
1355 4003 1486 4060 Πᾶν
1507 4006 1570 4059 τὸ
1597 4005 1667 4058 ἐν
1689 4005 1838 4078 [220]
1855 4023 1971 4076 μα-

381 4091 581 4159 κέλλῳ
601 4090 994 4159 πωλούμενον
1019 4088 1272 4153 ἐσθίετε,
1301 4087 1500 4158 μηδὲν
1521 4089 1966 4157 ἀνακρίνοντες.

393 4176 522 4230 Ἐὰν
553 4175 662 4245 γάρ
693 4172 924 4241 ἀγνοῶν,
965 4171 1122 4242 φησὶ,
1167 4172 1348 4242 φάγῃς
1399 4171 1494 4224 καὶ
1542 4172 1616 4242 μὴ
1651 4171 1829 4235 εἰδὼς,
1871 4171 1970 4242 ούχ

381 4261 672 4316 ὐπόκεισαι
710 4261 778 4328 τῇ
813 4256 1054 4327 τιμωρίᾳ
1083 4273 1097 4288 ·
1133 4257 1232 4326 τῆς
1271 4256 1382 4327 γάρ
1418 4255 1640 4324 ἀγνοίας
1683 4256 1868 4308 λοιπὸν
1908 4257 1970 4310 τὸ

379 4347 636 4416 πρᾶγμα,
673 4342 796 4411 οὐχὶ
831 4341 929 4410 τῆς
963 4339 1318 4410 λαιμαργίας.
1353 4341 1462 4394 Καὶ
1488 4339 1550 4392 σὺ
1578 4339 1782 4410 ταύτης
1809 4341 1970 4410 μόνον

377 4431 575 4488 αὐτοὺς
597 4425 930 4482 ἀπαλλάττει
973 4424 1074 4493 τῆς
1121 4424 1380 4490 ἀγωνίας,
1425 4422 1564 4476 ἀλλά
1609 4424 1704 4476 καὶ
1752 4423 1968 4494 ἐτέρας,

378 4511 580 4582 πολλὴν
610 4510 798 4564 ἄδειαν
825 4507 918 4562 καὶ
953 4505 1270 4578 ἐλευθερίαν
1297 4508 1483 4570 αὐτοῖς
1519 4507 1966 4572 κατασκευάζων.

377 4595 512 4649 Ούδέ
551 4594 660 4664 γὰρ
704 4590 1018 4663 ἀνακρίνειν
1071 4591 1289 4661 ἀφίησι,
1337 4591 1637 4656 τουτέστιν,
1695 4591 1968 4656 ἐξετάζειν

365 4681 472 4732 ’καὶ
502 4675 894 4739 πυνθάνεσθαι,
915 4675 1026 4726 εἴτε
1052 4672 1424 4734 εἰδωλόθυτον,
1450 4675 1560 4726 εἴτε
1590 4673 1666 4744 μὴ
1691 4673 1929 4726 τοιοῦτον
1949 4689 1964 4702 ⁸

377 4762 494 4815 ἀλλ’
538 4759 724 4822 ἁπλῶς
764 4757 967 4812 ἐσθίειν
1000 4757 1145 4810 ἅπαν
1187 4756 1248 4808 τὸ
1293 4757 1354 4822 ἐξ
1387 4758 1613 4826 ἀγορᾶς,
1651 4757 1786 4826 μηδέ
1809 4756 1968 4810 τοῦτο

381 4843 693 4915 μανθάνειν,
723 4843 752 4895 ὅ
773 4859 824 4894 τι
847 4841 978 4894 ποτέ
1007 4843 1128 4894 ἐστι
1166 4840 1226 4893 τὸ
1248 4840 1630 4910 προκείμενον.
1667 4839 1827 4892 Ὥστε
1852 4840 1967 4894 ἐστι

379 4929 472 4983 καὶ
503 4927 748 4996 φαγόντα
769 4926 798 4965 b
835 4925 1134 4994 ἀγνοοῦντα
1167 4923 1536 4996 ἀπηλλάχθαι.
1573 4923 1810 4978 Τοιαῦτα
1856 4925 1966 4996 γάρ

371 5015 446 5066 ,τὰ
507 5012 584 5082 μὴ
631 5012 700 5082 τῇ
751 5009 909 5078 φύσει
962 5009 1200 5080 πονηρά,
1239 5008 1356 5062 ἀλλ’
1401 5008 1512 5062 ἀπὸ
1568 5007 1668 5078 τῆς
1725 5008 1966 5073 διανοίας

377 5095 636 5151 ποιοῦντα
665 5095 725 5146 τὸ
753 5093 1086 5163 ἀκάθαρτον.
1117 5092 1217 5146 Διά
1244 5091 1404 5148 τοῦτό
1424 5109 1578 5162 φησι,
1595 5091 1802 5159 Μηδέν
1817 5093 1964 5146 ἀνα-

377 5183 710 5248 κρίνοντες.
760 5175 870 5230 Τοῦ
908 5176 1020 5245 γὰρ
1053 5176 1277 5242 Κυρίου
1318 5177 1358 5245 ἡ
1389 5175 1464 5244 γῆ
1498 5175 1598 5230 καί
1623 5174 1692 5228 τὸ
1724 5175 1963 5244 πλήρω-

374 5279 457 5333 μα
481 5261 695 5329 αὐτῆς,
757 5261 880 5330 οὐχὶ
919 5258 1029 5311 τῶν
1063 5259 1358 5328 δαιμόνων.
1400 5259 1463 5313 Et
1504 5260 1562 5313 δὲ
1597 5261 1632 5331 ἡ
1657 5260 1732 5330 γῆ
1771 5259 1870 5313 καὶ
1914 5260 1964 5313 οί

377 5346 582 5417 καρποὶ
611 5347 704 5398 καὶ
733 5345 800 5398 τά
829 5343 998 5410 ἀλογα
1021 5341 1186 5394 αὐτοῦ
1217 5343 1414 5406 πάντα,
1445 5345 1596 5396 οὐδὲν
1619 5341 1960 5414 ἀκάθαρτον·

375 5431 490 5485 ἀλλ’
531 5431 732 5499 ἑτέρως
757 5427 1066 5496 ἀκάθαρτον
1091 5425 1320 5493 γίνεται,
1347 5425 1456 5477 ἀπὸ
1485 5427 1582 5496 τῆς
1602 5426 1841 5489 διανοίας
1868 5427 1963 5480 καὶ

376 5514 486 5570 ἀπὸ
535 5514 630 5584 τῆς
667 5511 972 5581 παρακοῆς.
1016 5507 1116 5561 Διά
1145 5507 1302 5561 τοῦτο
1349 5507 1409 5560 οὐ
1453 5509 1611 5577 μόνον
1641 5509 1960 5579 ἐπέτρεψεν,

378 5598 511 5652 ἀλλά
543 5598 656 5662 καὶ,
723 5595 866 5649 Ἐάν
898 5611 988 5661 τις
1031 5589 1209 5662 ὑμᾶς,
1259 5594 1414 5664 φησὶ,
1467 5591 1626 5661 καλῇ
1663 5593 1782 5647 τῶν
1827 5593 1965 5647 ἀπί-

439 5713 466 5742 ¹¹
486 5713 701 5762 Saviiius
723 5709 997 5782 cgnjicilfv
1019 5707 1118 5782 τοῖς
1141 5707 1430 5782 εἰδωλείοιςπ
1481 5707 1508 5746 b
1525 5707 1670 5782 Reg“
1693 5707 1964 5782 tb'npofei-

381 5790 534 5838 μενον·
556 5777 682 5838 ὥστε
708 5775 778 5838 .μή
803 5775 957 5836 ἑαυτῷ
998 5775 1222 5834 παρέχειν
1263 5770 1557 5831 ἀνακρίσεως
1580 5770 1810 5831 ἀφορμάς·
1839 5771 1963 5817 ὥστε

379 5836 481 5888 ἐστι
498 5837 578 5884 καὶ
600 5836 808 5898 φαγόντα
1131 5867 1188 5912 γέ,
1201 5861 1264 5900 μθ,

2079 2990 2262 3039 στων,
2299 2975 2396 3028 καί
2431 2974 2645 3042 θέλητε
2687 2973 3064 3042 πορεύεσθαι,
3110 2973 3236 3030 πᾶν
3259 2975 3328 3029 τὸ
3349 2979 3668 3045 παρατεθέ-

2071 3074 2263 3126 μενον
2290 3057 2434 3127 ὑμῖν
2463 3057 2715 3122 ἐσθίετε,
2744 3057 2939 3126 μηδὲν
2965 3058 3398 3126 ἀνακρίνοντες
3423 3059 3524 3114 διὰ
3551 3063 3667 3130 τὴν

2077 3140 2454 3210 συνείδησιν.
2495 3141 2639 3212 Ὅρα
2672 3139 2834 3194 πάλιν
2871 3140 2970 3212 τὴν
3018 3143 3398 3212 συμμετρίαν
3443 3144 3507 3199 οὐ
3555 3147 3662 3216 γάρ

2077 3224 2306 3290 ἐπέταξε
2335 3225 2430 3278 καὶ
2456 3221 2851 3296 ἐνομοθέτησεν
2875 3223 3118 3290 ἀπιέναι,
3151 3225 3269 3279 ἀλλ’
3292 3226 3420 3280 οὐδὲ
3451 3229 3662 3282 ἐκώλυ-

2078 3324 2170 3361 σεν
2189 3325 2200 3335 ·
2219 3307 2554 3370 ἀπελθόντας
2571 3306 2628 3359 δέ
2658 3307 2820 3360 πάλιν
2835 3307 3170 3361 ἀπαλλάττει
3201 3309 3385 3380 πάσης
3401 3311 3660 3384 ὑποψίας.

2075 3391 2141 3443 Τί
2170 3391 2396 3458 δήποτε;
2434 3391 2550 3444 Ἵνα
2579 3389 2654 3461 μὴ
2673 3389 2800 3462 δόξῃ
2828 3390 2994 3460 φόϐου
3022 3391 3166 3455 τινὸς
3191 3387 3332 3448 εἶναι
3362 3395 3396 3466 ή
3427 3397 3660 3468 τοσαύτη

2076 3473 2578 3546 πολυπραγμοσύνη
2613 3473 2706 3526 καὶ
2726 3472 2947 3538 δειλίας.
2991 3473 3050 3527 Ὀ
3087 3475 3186 3544 μὲν
3215 3475 3326 3546 γὰρ
3358 3491 3658 3549 περιεργα-

2076 3561 2321 3632 ζόμενος,
2347 3561 2424 3625 ὠς
2452 3558 2709 3625 δεδοικὼς
2732 3559 2892 3613 τοῦτο
2915 3563 3090 3613 ποιεῖ’
3112 3563 3141 3614 6
3164 3559 3218 3613 δὲ
3247 3563 3387 3632 μετά
3405 3563 3470 3616 τὸ
3497 3565 3660 3618 ἀκοῦ-

2076 3661 2166 3700 σαι
2221 3645 2562 3717 ἀπεχόμενος
2588 3684 2603 3710 ,
2658 3643 2735 3708 ὡς
2785 3643 3146 3714 καταφρονῶν
3196 3645 3290 3696 καὶ
3331 3645 3512 3714 μισῶν
3569 3649 3658 3701 καὶ

2074 3728 2573 3800 ἀποστρεφόμενος,
2602 3727 2889 3798 ἀπέχεται.
2925 3728 3124 3798 Διόπερ
3162 3728 3192 3779 ό
3229 3727 3446 3793 Παῦλος
3480 3731 3656 3802 ἀμφό-

2072 3829 2207 3883 τερα
2227 3811 2551 3883 βουλόμενος
2580 3811 2992 3865 κατασκευάσαι
3027 3811 3160 3882 φησί
3188 3825 3202 3841 ο
3225 3809 3361 3866 Πᾶν
3379 3813 3450 3866 τό
3475 3829 3656 3882 παρα-

2072 3897 2380 3969 τιθέμενρν
2429 3895 2573 3965 ὑμῖν
2621 3895 2870 3950 ἐσθίετε.
2919 3895 3028 3949 ’Ἂν
3065 3895 3133 3948 δέ
3173 3911 3266 3960 τις
3307 3895 3456 3964 ὑμῖν
3495 3899 3652 3964 εἴπῃ,

2077 3979 2260 4036 Τοῦτο
2298 3979 2698 4034 εἰδωλόθυτόν
2725 3979 2878 4045 ἐστι,
2905 3979 2992 4048 μὴ
3029 3978 3264 4036 ἐσθίετε
3285 3978 3384 4034 διὰ
3421 3981 3530 4034 τὸν
3545 4001 3652 4050 μη-

2070 4065 2366 4119 νύσαντα.
2397 4063 2536 4120 Οὐδὲ
2567 4063 2677 4136 γὰρ
2705 4063 2781 4127 ὡς
2812 4064 3044 4134 ἐχόντων
3088 4064 3264 4134 ἰσχὺν,
3290 4063 3408 4116 ἀλλ’
3435 4065 3516 4128 ὡς
3543 4067 3652 4136 βδε-

2070 4147 2249 4219 λυρῶν
2281 4147 2579 4218 ἀπέχεσθαι
2620 4146 2852 4202 κελεύει.
2887 4147 3042 4218 Μήτε
3070 4147 3251 4200 τοίνυν
3277 4147 3356 4210 ὼς
3382 4147 3650 4220 δυνάμενα

2071 4230 2438 4301 καταϐλάψαι,
2483 4231 2716 4301 φεύγετε
2747 4248 2762 4262 ·
2815 4230 3072 4300 οὐδεμίαν
3113 4229 3221 4301 γὰρ
3281 4230 3398 4301 ἔχει
3458 4234 3648 4304 ἰσχύν·

2073 4317 2231 4388 μήτε,
2257 4315 2444 4386 ἐπειδὴ
2481 4316 2751 4388 μηδεμίαν
2805 4313 2918 4385 ἔχει
2966 4314 3140 4385 ίσχὺν,
3172 4314 3488 4388 ἀδιαφόρως
3529 4335 3648 4388 μετ-

2070 4401 2222 4471 έχετε
2250 4419 2261 4430 ·
2296 4399 2506 4472 ἐχθρῶν
2527 4401 2635 4470 γάρ
2659 4402 2774 4452 ἐστι
2801 4398 2897 4451 καὶ
2922 4397 3286 4469 ἡτιμωμένων
3316 4401 3352 4469 ἡ
3381 4401 3644 4472 τράπεζα.

2068 4483 2160 4538 Διὸ
2187 4483 2360 4553 ἔλεγε,
2382 4481 2479 4552 Μὴ
2503 4482 2734 4536 ἐσθίετε
2758 4481 2854 4535 διὰ
2881 4481 2987 4534 τὸν
3007 4482 3394 4550 μηνύσαντα,
3419 4485 3520 4537 καί
3547 4485 3648 4552 τὴν

2069 4565 2450 4636 συνείδησιν.
2484 4565 2594 4620 Τοῦ
2627 4565 2738 4635 γὰρ
2759 4565 2982 4634 Κυρίου
3011 4564 3050 4632 ἡ
3080 4562 3154 4633 γῆ
3186 4565 3284 4618 καί
3315 4565 3386 4618 τὸ
3419 4567 3650 4635 πλήμμ-

2065 4665 2150 4718 μα
2177 4648 2389 4718 αὐτῆς.
2425 4649 2588 4724 Ὁρᾷς
2627 4647 2748 4712 πῶς
2779 4648 2875 4700 καὶ
2912 4648 3002 4712 ὅτε
3047 4648 3246 4700 ἐσθίειν
3288 4649 3527 4714 κελεύει,
3567 4651 3648 4702 καὶ

2067 4734 2156 4786 ὅτε
2197 4733 2500 4804 ἀπέχεσθαι
2538 4735 2640 4798 δεῖ,
2679 4732 2778 4803 τὴν
2813 4733 2984 4802 αὐτὴν
3027 4733 3336 4804 μαρτυρίαν
3371 4734 3456 4798 είς
3497 4735 3650 4805 μέσον

2067 4815 2226 4885 ἄγεις
2264 4817 2399 4870 Ούδὲ
2431 4817 2539 4887 γὰρ
2570 4814 2658 4869 διὰ
2699 4815 2858 4868 τοῦτο
2903 4813 3118 4878 κωλύω,
3153 4815 3340 4886 φησὶν,
3383 4816 3462 4878 ὡς
3507 4817 3652 4871 ἀλλο-

2063 4899 2234 4970 τρίων
2271 4901 2442 4954 ὄντων
2463 4915 2475 4929 ·
2527 4899 2621 4952 τοῦ
2651 4899 2760 4971 γάρ
2799 4899 3006 4970 Κυρίου
3031 4901 3066 4970 ἡ
3101 4898 3173 4969 γῆ
3199 4915 3212 4930 ·
3237 4897 3378 4953 ἀλλά
3423 4900 3494 4953 δι’
3525 4903 3652 4972 ὅπερ

2067 4981 2244 5048 εἷπον,
2281 4985 2370 5038 διά
2399 4985 2499 5058 τὴν
2529 4984 2856 5055 συνείδησιν,
2891 4984 3193 5046 τουτέστιν,
3219 4983 3308 5036 ἵνα
3341 4983 3419 5056 μὴ
3462 4985 3650 5056 βλαεῇ.

2066 5068 2275 5122 Οὐκοῦν
2301 5068 2382 5122 δεῖ
2404 5067 2898 5139 περιεργάζεσθαις
2929 5065 3028 5130 Οὓ,
3059 5066 3223 5136 φησίν
3241 5083 3256 5098 ο
3285 5067 3408 5119 οὐδὲ
3433 5069 3548 5139 γὰρ
3565 5071 3654 5138 τὴν

2068 5153 2167 5224 σὴν
2211 5147 2364 5206 εἶπον
2409 5152 2734 5221 συνείδησιν,
2779 5150 2918 5204 ἀλλά
2961 5151 3058 5221 τὴν
3089 5150 3319 5204 ἐκείνου.
3363 5151 3654 5224 Προλαεὼν

2065 5236 2174 5306 γὰρ
2209 5231 2382 5298 εἷπον,
2415 5234 2519 5288 Διά
2550 5233 2658 5287 τὸν
2676 5233 3042 5303 μηνύσαντα
3064 5248 3077 5260 ·
3112 5234 3209 5285 καὶ
3235 5233 3420 5298 πάλιν,
3447 5237 3652 5288 Συνείο

2065 5320 2251 5387 δησιν
2279 5317 2348 5371 δὲ
2381 5315 2558 5386 λέγω,
2605 5315 2744 5385 οὐχί
2786 5315 2902 5383 τὴν
2939 5315 3180 5380 ἑαυτοῦ,
3206 5317 3370 5371 ἀλλὰ
3399 5319 3517 5388 τὴν
3551 5317 3652 5374 τοῦ

2065 5401 2294 5470 ἐτέρου.
2344 5399 2482 5453 Ἀλλ’
2524 5401 2654 5464 ἴσως
2686 5400 2829 5454 εἴποι
2861 5397 3058 5467 τιςᾶν,
3095 5399 3179 5452 ὅτι
3205 5399 3326 5452 Τῶν
3367 5401 3470 5471 μὲν
3507 5399 3648 5454 ἀδελο

2071 5487 2186 5556 φῶν
2211 5484 2435 5548 εἰκότως
2471 5483 2650 5556 φείδῃ,
2689 5485 2782 5536 καὶ
2820 5483 2920 5536 οὐκ
2959 5485 3054 5556 ἐᾷς
3098 5485 3246 5554 ημᾶς
3285 5483 3645 5554 ἀπογεύεσθαι

2071 5569 2138 5626 δι’
2169 5569 2433 5632 ἐκείνους,
2467 5568 2554 5620 ἵνα
2582 5567 2658 5638 μὴ
2682 5569 2715 5638 ὴ
2741 5567 3046 5636 συνείδησις
3069 5567 3248 5620 αὐτῶν
3269 5569 3500 5637 ἀσθενὴς
3517 5564 3642 5620 οὖσα

2073 5652 2402 5724 οἰκονομηθῇ
2433 5651 2513 5714 εἰς
2544 5651 2605 5703 τὸ
2633 5651 2700 5703 τὰ
2727 5651 3050 5703 εἰδωλόθυτα
3082 5651 3284 5704 ἐσθίειν
3307 5667 3322 5682 ’
3357 5653 3406 5704 εί
3429 5651 3486 5703 δὲ
3521 5651 3638 5704 Ἐλ-

2073 5737 2172 5808 λην
2197 5753 2280 5800 τις
2302 5737 2411 5804 εἴη,
2431 5735 2484 5788 τί
2509 5751 2591 5788 σοι
2608 5735 2798 5789 τούτου
2819 5733 2970 5808 [221]
2992 5735 3143 5806 μέλει
3164 5737 3258 5801 ;ού
3286 5737 3349 5789 σὺ
3369 5735 3564 5803 ἔλεγες,
3581 5732 3638 5786 τί

2075 5819 2186 5891 γάρ
2201 5837 2304 5890 μοι
2331 5819 2426 5873 καί
2453 5819 2593 5886 τοὺς
2632 5818 2748 5885 ἔξω
2772 5819 3032 5887 κρίνειν;
3061 5817 3204 5882 τίνος
3235 5815 3328 5872 οὖν
3351 5819 3528 5871 ἕνεκεν
3545 5816 3632 5870 αὖ·
