3826 6216
154 288 238 346 305
1148 270 1212 329 1N
1251 271 1471 327 EPIST.
1515 271 1532 325 l
1599 271 1693 325 AD
1727 269 1884 326 COR.
1929 269 2162 327 HOMIL.
2207 272 2376 330 XXV.

151 398 306 459 ﬁducia
331 405 466 448 sacra
496 388 584 443 illa
616 386 877 444 vestibula
908 385 1203 451 adibimus,
1249 385 1399 454 quasi
1446 384 1668 452 quibus-

147 494 247 548 dam
284 481 440 539 aureis
478 478 645 533 armis
685 474 928 532 instructi
970 475 1222 545 undique.
1255 473 1458 544 Ecquid
1499 474 1675 527 futura

145 578 278 638 dico?
315 574 403 629 Hic
428 570 567 625 enim
596 568 689 624 tibi
721 576 917 622 terram
950 566 1140 621 cmlum
1187 565 1312 619 facit
1343 565 1444 618 hoc
1474 575 1676 635 myste-

146 675 278 728 rium.
316 662 462 734 Aperi
488 660 616 730 ergo
642 659 761 714 caeli
789 666 968 728 portas
989 667 1042 712 et
1065 656 1338 726 perspice;
1369 656 1477 708 imo
1503 654 1680 724 potius

143 778 230 817 non
256 756 361 812 caeli
386 794 398 818 ,
425 751 517 807 sed
557 751 670 805 ςτεὶί
699 750 990 813 caelorum,
1037 756 1090 801 et
1134 756 1259 800 tunc
1299 744 1508 800 videbis
1550 743 1677 797 illud

141 852 262 926 quod
285 850 465 905 dictum
495 854 596 901 est.
630 842 784 911 Quod
816 842 958 897 enim
987 840 1095 894 illic
1124 838 1362 894 omnium
1409 836 1681 904 pretiosis-

136 952 303 1006 simum
328 951 435 1008 est;
460 940 561 995 hoc
587 940 681 994 tibi
703 939 755 992 in
786 948 923 992 terra
946 937 1132 1004 jaceus
1160 930 1490 987 monstrabo.
1534 928 1683 985 Sicut

137 1042 257 1097 enim
285 1039 333 1092 in
359 1034 497 1104 regia
521 1031 661 1102 quod
688 1029 924 1084 omnium
955 1022 1549 1096 magnificentissimum
1572 1030 1679 1086 est,

135 1147 226 1187 non
266 1126 394 1183 muri
421 1132 581 1189 sunt,
630 1137 736 1177 non
785 1132 983 1176 tectum
1022 1133 1286 1183 aureum,
1334 1114 1427 1170 sed
1478 1114 1682 1184 regium

133 1236 303 1292 corpus
340 1219 389 1273 in
416 1217 550 1271 solio
596 1214 792 1270 sedens
825 1232 840 1268 :
869 1212 947 1267 sic
970 1220 1024 1267 et
1050 1211 1107 1265 in
1145 1210 1297 1264 caelis
1323 1208 1527 1278 regium
1557 1221 1681 1261 eor-

129 1330 234 1387 pus.
279 1309 383 1367 Sed
408 1310 509 1363 hoc
549 1322 691 1363 nunc
737 1306 830 1361 tibi
886 1305 1011 1359 licet
1055 1303 1108 1357 in
1156 1310 1296 1357 terra
1324 1300 1526 1354 videre.
1567 1298 1683 1353 Non

131 1409 256 1464 enim
289 1402 500 1472 angelos
520 1442 533 1463 ,
565 1416 673 1454 non
713 1395 1088 1467 archangelos,
1116 1407 1222 1448 non
1246 1393 1407 1448 eteius
1436 1400 1491 1446 et
1519 1390 1683 1445 eazlos

128 1500 356 1557 cmlorum
378 1537 393 1560 ,
421 1493 514 1548 sed
545 1493 718 1562 ipsum
750 1489 846 1544 tibi
892 1489 1079 1542 horum
1109 1486 1389 1541 Dominum
1436 1483 1681 1537 ostendo.

131 1590 351 1648 Vidistin’
376 1585 646 1658 quomodo
674 1583 729 1638 id
755 1625 770 1650 ,
797 1581 942 1653 quod
977 1580 1213 1635 omnium
1241 1577 1684 1648 pretiosissimum

122 1696 227 1751 est,
257 1684 306 1737 in
336 1690 478 1735 terra
525 1675 820 1747 respicias?
848 1688 1021 1742 neque
1044 1672 1195 1726 vides
1226 1678 1426 1723 tantum
1451 1709 1466 1733 ,
1496 1667 1588 1721 sed
1632 1674 1687 1721 et

123 1776 309 1846 tangis;
337 1786 437 1826 nec
469 1769 641 1838 tangis
670 1775 895 1830 tantum,
928 1762 1022 1819 sed
1050 1763 1211 1817 etiam
1242 1758 1480 1814 comedis
1498 1800 1512 1822 ,
1541 1766 1593 1811 et
1622 1772 1688 1812 eo

118 1876 326 1935 accepto
352 1863 575 1917 domum
615 1856 925 1914 reverteris.
959 1853 1221 1923 Absterge
1248 1850 1406 1920 igitur
1431 1850 1685 1913 animum,

119 1970 343 2028 prmpara
370 1961 609 2007 mentem
638 1949 705 2004 ad
736 1949 925 2002 horum
976 1944 1354 2015 mysteriorum
1385 1940 1688 2011 perceptio-

115 2063 250 2103 nem.
280 2044 496 2100 Etenim
528 2041 572 2095 si
610 2040 754 2110 regis
782 2038 922 2091 filius
948 2050 1070 2090 cum
1099 2040 1290 2088 ornatu
1309 2071 1325 2098 ,
1362 2046 1593 2101 purpura
1635 2037 1689 2083 et

111 2138 400 2194 diademate
450 2132 793 2189 concreditus
836 2129 931 2184 tibi
955 2136 1099 2183 esset
1140 2124 1464 2197 gestandus,
1508 2121 1689 2176 omnia

110 2246 222 2301 quae
256 2237 381 2284 sunt
404 2228 462 2281 in
493 2236 632 2281 terra
659 2222 968 2293 abjecisses.
999 2219 1152 2275 Nunc
1178 2228 1356 2273 autem
1385 2231 1489 2270 non
1520 2215 1686 2269 lilium

106 2324 271 2394 regis,
295 2320 391 2376 sed
426 2320 603 2389 ipsum
637 2317 730 2371 Dei
778 2314 975 2369 Filium
1005 2309 1336 2381 unigenitum
1378 2306 1686 2377 accipiens,

104 2430 207 2469 non
244 2410 620 2473 eshorrescis,
646 2406 735 2463 dic
762 2404 892 2460 mihi
916 2444 932 2471 ,
971 2411 1027 2458 et
1071 2417 1176 2456 non
1212 2413 1425 2453 onmem
1472 2398 1691 2451 smcula-

3264 284 3369 343 ⁵206

1784 387 1920 440 rium
1949 402 2126 441 rerum
2155 402 2393 445 amorem
2420 389 2627 461 abjieis,
2652 408 2825 465 neque
2853 394 2947 452 illo
2977 404 3179 454 tantum
3204 416 3365 456 orna-

1787 484 1842 529 tu
1870 476 2116 546 gloriaris
2140 493 2155 540 ;
2183 478 2277 533 sed
2305 479 2478 535 adhuc
2508 483 2559 535 in
2593 491 2790 539 terram
2821 488 3045 557 respicis
3069 530 3084 553 ,
3111 494 3368 560 pecunias

1787 580 1935 619 amas
1962 576 2015 619 et
2042 581 2175 621 auro
2205 568 2417 624 inhias?
2448 586 2669 643 ecquam
2702 574 2981 632 habiturus
3020 594 3079 634 es
3110 582 3369 637 veniam?

1785 672 1942 726 quam
1974 661 2410 715 excusationem?
2432 661 2548 719 Non
2577 664 2724 720 vides
2754 677 3009 736 quantum
3048 672 3359 727 smcularem

1785 762 1999 804 onmem
2027 753 2472 822 magnificentiam
2519 768 2796 813 aversetur
2826 760 3139 817 Dominus?
3186 780 3369 821 nonne

1785 837 1907 893 ideo
1935 855 2055 894 cum
2080 851 2234 897 natus
2263 853 2426 910 esset,
2451 846 2503 899 in
2536 849 2759 919 praesepi
2788 851 2995 920 positus
3021 863 3121 919 est,
3155 863 3209 910 et
3253 871 3372 910 ma-

1787 938 1922 985 trem
1951 935 2157 1002 accepit
2183 935 2300 989 vilis
2321 936 2682 994 conditionis?
2707 958 2881 997 nonne
2910 943 3031 1000 ideo
3056 945 3268 1002 dicebat
3295 950 3373 1015 ei,

1786 1024 1878 1094 qui
1916 1023 1981 1078 ad
2023 1040 2319 1095 cauponam
2346 1031 2669 1099 respiciebat
2697 1051 2710 1086 :
2742 1032 2923 1089 Filius'
2954 1046 3120 1092 autem
3150 1039 3371 1096 hominis

1787 1133 1889 1171 non
1914 1118 2061 1172 habet
2091 1119 2174 1173 ubi
2201 1129 2351 1190 caput
2374 1122 2579 1177 reclinet
2602 1123 2810 1195 (Matth.
2844 1127 2897 1182 8.
2926 1127 3056 1200 20)?
3077 1130 3212 1198 Quid
3242 1148 3371 1187 vero

1788 1208 2072 1280 discipuli?
2101 1226 2277 1267 nonne
2293 1213 2534 1269 eamdem
2562 1217 2847 1273 servabant
2875 1218 3067 1289 legem,
3093 1222 3143 1276 in
3174 1238 3371 1293 paupev

1789 1314 1908 1354 rum
1937 1300 2125 1356 domos
2149 1301 2507 1371 diversantes,
2533 1306 2671 1360 alius
2698 1308 2915 1377 quidem
2937 1310 3074 1378 apud
3099 1322 3364 1379 sutorem,

1789 1389 1926 1443 alius
1953 1390 2091 1459 apud
2126 1392 2590 1450 tabernaculorum
2629 1397 2872 1467 opiﬁcem
2899 1408 2954 1454 ct
2991 1402 3132 1471 apud
3165 1419 3368 1474 purpu-

1790 1480 1983 1534 rariam
2002 1482 2024 1534 ?
2046 1496 2150 1535 non
2181 1483 2325 1537 enim
2349 1483 2539 1539 domus
2567 1487 2928 1556 splendorem,
2950 1491 3043 1546 sed
3073 1493 3373 1550 animarum

1791 1570 2020 1626 virtutes
2068 1574 2400 1642 qumrebant.
2448 1575 2558 1631 Hos
2607 1577 2783 1648 itaque
2828 1587 2883 1634 et
2925 1595 3024 1636 nos
3065 1581 3305 1638 imitetur
3357 1602 3371 1638 :

1792 1663 2241 1732 pulchritudinem
2274 1666 2642 1723 columnarum
2687 1678 2743 1725 et
2781 1686 3107 1727 marmorum
3148 1684 3374 1744 pra-ter-

1792 1763 2109 1817 currentes,
2157 1770 2379 1826 superas
2422 1773 2551 1812 vero
2594 1760 2903 1816 mansiones
2933 1775 3274 1832 quaerentes;
3320 1773 3376 1821 et

1793 1860 2006 1900 omnem
2030 1846 2222 1901 fastum
2245 1848 2533 1904 humanum
2554 1851 2825 1907 calcemus
2860 1870 2980 1909 cum
3024 1857 3368 1925 pecunianum

1794 1938 2119 2006 cupiditate,
2164 1938 2436 2009 altumque
2479 1955 2694 1995 sensum
2737 1957 3093 1999 assumamus.
3128 1947 3184 2002 Si
3230 1949 3375 2002 enim

1794 2030 2064 2100 sapienter
2090 2030 2462 2098 atlendanms,
2497 2048 2670 2103 neque
2697 2036 2926 2090 mundus
2967 2037 3054 2093 hic
3094 2039 3250 2095 nobis
3289 2039 3375 2095 di-

1794 2138 1930 2192 gnus
1946 2131 2046 2188 est,
2076 2122 2269 2177 nedum
2290 2124 2528 2192 porticus
2555 2137 2609 2179 et
2629 2126 2959 2182 ambulacra.
2988 2128 3376 2199 Quamobrem,

1797 2227 1948 2283 rogo,
1977 2213 2209 2267 animam
2258 2223 2497 2268 nostram
2529 2229 2783 2271 ornemus
2804 2259 2819 2283 ,
2852 2217 2990 2273 hanc
3015 2218 3232 2274 domum
3275 2236 3377 2291 ap-

1797 2317 2050 2373 paremus
2071 2345 2084 2368 ,
2133 2319 2234 2373 qua
2282 2305 2443 2359 etiam
2472 2316 2694 2378 accepta
2730 2308 2854 2364 hinc
2883 2310 3230 2380 migrabituus
3252 2353 3269 2380 ,
3319 2320 3381 2368 ut

1794 2402 1993 2448 aeterna
2019 2394 2153 2449 bona
2177 2409 2591 2465 consequamur,
2622 2399 2789 2469 gratia
2819 2408 2874 2454 et
2904 2401 3248 2473 benignitate,
3271 2414 3381 2460 etc.

112 2528 3386 2565 ﬂ—m

1407 2600 1749 2666 HOMILIA
1805 2601 2007 2661 XXV.

98 2762 223 2818 CAP.
257 2759 350 2816 10.
381 2775 437 2814 v.
474 2758 564 2817 25.
600 2757 764 2811 Omne
780 2753 916 2826 quod
954 2753 1007 2807 in
1034 2749 1249 2805 macello
1276 2748 1444 2812 venit,
1473 2741 1692 2797 manduo

195 2864 311 2910 cate
333 2895 349 2920 ,
403 2852 544 2906 nihil
565 2852 932 2919 interrogantes
955 2854 1163 2916 propter
1190 2840 1569 2897 conscientiam.

162 2948 217 3001 I.
248 2945 388 3000 Cum
438 2943 675 2998 dixisset
704 2937 1036 3009 impossibile
1067 2949 1189 2990 esse
1235 2933 1454 2987 calicem
1481 2926 1693 2982 Domini

91 3037 277 3092 bibere
303 3044 360 3090 et
389 3033 622 3089 calicem
653 3027 1039 3085 daemoniorum
1063 3067 1078 3091 ,
1109 3032 1165 3079 et
1200 3021 1407 3093 penitus
1446 3017 1694 3072 abduxis-

102 3136 235 3183 seta
265 3127 490 3182 mensis
518 3124 623 3179 illis
642 3164 657 3190 ,
685 3122 754 3175 ab
777 3117 1041 3188 exemplis
1068 3113 1323 3178 Iudaicis,
1353 3127 1383 3166 a
1403 3107 1697 3165 ratiociniis

86 3219 347 3275 humanis
374 3258 391 3282 ,
424 3231 463 3271 a
506 3214 781 3286 mysteriis
824 3208 1145 3273 horrendis,
1173 3205 1240 3261 ab
1284 3204 1348 3258 iis
1372 3217 1493 3273 quae
1538 3213 1696 3269 pera-

84 3321 285 3382 guntur
317 3313 373 3365 in
407 3309 578 3364 idolis
605 3309 622 3339 ¹
644 3349 661 3373 ,
692 3315 747 3361 et
775 3320 898 3360 cum
920 3305 1186 3373 ingentem
1216 3305 1419 3353 metum
1445 3292 1700 3349 incussis-

78 3414 200 3468 set;
229 3419 302 3458 ne
334 3402 434 3457 tali
475 3409 621 3456 metu
647 3400 768 3454 illos
796 3396 867 3453 ad
882 3394 1025 3450 aliud
1051 3402 1351 3449 extremum
1378 3388 1696 3459 impelleret,

81 3506 133 3549 ct
164 3495 369 3563 majori
408 3508 582 3565 quam
624 3506 721 3563 par
751 3499 898 3545 esset
949 3496 1159 3543 utentes
1184 3483 1498 3540 curiositate
1540 3493 1699 3551 coge-

78 3597 271 3641 rentur
322 3585 577 3647 timere,
625 3598 693 3637 ne
739 3581 869 3650 ipsis
914 3576 1280 3649 ignorantibus
1330 3570 1529 3642 aliquid
1594 3569 1701 3623 tale

77 3680 461 3734 inveheretur
515 3684 608 3730 aut
650 3690 715 3731 ex
762 3673 880 3728 foro
928 3678 1023 3725 aut
1062 3667 1315 3733 aliunde,
1358 3667 1505 3736 ipsos
1545 3678 1575 3716 a
1609 3660 1699 3715 tali

77 3770 425 3826 necessitate
449 3766 691 3836 eripiens
718 3764 793 3818 ait
825 3781 838 3816 :
868 3761 1048 3825 Omne,
1066 3760 1199 3829 quod
1228 3760 1280 3812 in
1306 3756 1517 3810 macello
1545 3755 1697 3818 venit,

77 3862 406 3915 manducate
429 3900 447 3923 ,
482 3857 616 3911 nihil
639 3857 1023 3924 interrogantes.
1053 3850 1106 3906 Si
1133 3850 1276 3905 enim
1309 3849 1580 3917 ignorans,
1613 3845 1698 3900 in-

77 3954 214 4022 quit,
253 3948 591 4005 comederis
616 3953 671 4001 et
716 3944 962 3999 nesciens
983 3982 1000 4009 ,
1028 3957 1134 3996 non
1172 3956 1230 3995 es
1260 3939 1523 3994 obnoxius
1569 3952 1699 4006 sup-

77 4044 238 4109 plicia
266 4057 284 4105 ;
321 4056 467 4095 nam
501 4037 819 4109 ignorantiae
848 4036 1102 4103 deinceps
1129 4047 1217 4088 res
1242 4039 1357 4096 est,
1391 4045 1497 4085 non
1530 4029 1703 4099 inglu-

77 4137 198 4190 riei.
235 4135 453 4204 Neque
486 4132 557 4187 ab
604 4130 703 4185 bac
742 4137 947 4183 tantum
988 4126 1108 4181 illos
1145 4123 1427 4179 formidine
1470 4123 1655 4177 liberat
1681 4162 1696 4187 ,

77 4226 160 4281 εεᾶ
190 4227 271 4281 ab
301 4226 429 4279 alia
469 4236 715 4292 quoque,
743 4219 963 4274 multam
988 4217 1092 4271 illis
1114 4215 1415 4271 libertatem
1445 4215 1703 4270 securita-

78 4332 304 4387 emque
338 4328 634 4386 apparans
664 4330 677 4365 :
713 4326 885 4379 neque
926 4309 1069 4367 enim
1110 4307 1408 4376 dijudicare
1446 4306 1703 4375 permittit

78 4412 179 4467 .ive
225 4408 587 4466 examinare
610 4415 664 4460 et
692 4402 992 4467 sciscitari,
1024 4416 1091 4455 an
1132 4400 1483 4471 idolothytum
1521 4402 1592 4453 sit
1632 4415 1700 4453 an

78 4518 175 4555 ton
201 4519 218 4565 ;
252 4500 371 4556 sed
410 4495 887 4553 indiscriminatim
916 4492 1201 4548 comedere
1229 4490 1484 4560 quidquid
1501 4506 1563 4544 es
1588 4490 1703 4544 loro

83 4596 334 4657 ﬁ‘ertur,
368 4606 570 4660 neque
594 4589 803 4643 discere
827 4585 957 4656 quid
986 4586 1057 4640 sit
1088 4584 1139 4639 id
1187 4583 1328 4654 quod
1354 4582 1642 4653 apponitur
1687 4600 1701 4636 :

77 4686 208 4739 inde
265 4685 337 4738 fit
374 4691 449 4736 ut
495 4680 587 4751 qui
625 4680 875 4750 ignorans
912 4676 1207 4732 comederit
1246 4676 1523 4731 liberetur.
1556 4675 1703 4731 Talia

78 4778 204 4830 nim
243 4780 405 4829 sunt
461 4786 585 4840 quae
614 4780 800 4824 natura
832 4783 936 4823 non
965 4776 1090 4822 sunt
1119 4767 1257 4821 mala
1279 4807 1295 4833 ,
1323 4766 1418 4822 sed
1457 4781 1522 4822 ex
1553 4765 1696 4835 cogi-

78 4869 278 4921 ttione
331 4862 495 4935 quid
548 4860 879 4916 immundum
925 4858 1140 4914 faciunt.
1193 4858 1483 4928 Propterea
1534 4857 1701 4923 dicit,

78 4957 217 5011 r'ilu'l
244 4957 689 5021 interrogantes.
719 4952 806 5005 26.
837 4949 969 5005 Nam
1002 4949 1208 5003 Domini
1228 4958 1299 5004 est
1322 4959 1457 5003 terra
1474 4958 1522 5003 et
1544 4948 1705 5019 pleni-

77 5052 171 5103 ιάο
196 5052 364 5120 ejus,
391 5062 520 5107 non
541 5045 946 5103 daemoniorum.
970 5042 1120 5110 Quod
1141 5042 1186 5097 si
1217 5053 1381 5104 terra,
1402 5042 1625 5103 fructus,
1650 5049 1706 5094 et

78 5152 207 5199 ruta
245 5141 405 5210 ejus
446 5140 659 5204 omnia,
688 5137 820 5191 nihil
856 5137 1051 5193 habent
1077 5136 1410 5190 immundum
1437 5134 1567 5190 :sed
1596 5133 1703 5188 alio

78 5235 217 5289 todo
256 5230 649 5288 immundum
676 5229 902 5284 efﬁcitur
938 5243 1003 5284 ex
1027 5229 1353 5298 cogitatione
1382 5237 1438 5282 et
1474 5242 1538 5282 ex
1589 5229 1704 5281 ino-

78 5324 360 5382 rdientia
407 5338 425 5376 :
464 5320 591 5376 tdeo
612 5335 718 5375 non
741 5320 903 5379 modo
921 5320 1179 5390 permisit,
1206 5320 1300 5375 sed
1320 5319 1503 5384 etiam,
1526 5319 1616 5372 9.7.
1642 5316 1705 5372 Si

77 5420 144 5471 iis
164 5460 183 5483 ,
222 5413 458 5485 inquit
490 5449 507 5477 ,
537 5426 625 5469 vos
650 5411 1093 5479 vocatiuﬁdelium
1113 5452 1128 5474 ,
1159 5419 1208 5464 et
1229 5410 1376 5464 vultis
1402 5410 1478 5464 ire
1498 5450 1515 5476 ,
1555 5424 1704 5464 omne

77 5510 175 5567 rod
222 5507 410 5563 vobis
482 5504 757 5573 apponitur
797 5505 1132 5571 manducata,
1167 5503 1298 5557 nihil
1340 5505 1703 5574 interrogantes

78 5644 97 5674 ι
143 5638 419 5689 Savilius
449 5633 727 5697 legendum
749 5642 910 5697 putat,
935 5633 986 5683 in
1008 5634 1197 5695 templis
1227 5633 1489 5695 idolorum,
1518 5641 1568 5685 et
1590 5634 1699 5685 haec

77 5704 245 5759 tatur
280 5710 440 5750 vera
478 5695 644 5748 lectio.
667 5695 763 5747 sed
776 5695 1039 5748 reclamant
1062 5697 1189 5747 Editi
1215 5704 1265 5747 et
1290 5705 1394 5746 Mss.

1803 2756 2007 2815 propter
2064 2749 2441 2809 conscientiam.
2495 2754 2626 2812 Vide
2676 2771 2865 2814 rursus
2912 2758 3383 2815 moderationem:

1804 2850 1976 2906 neque
2003 2838 2145 2892 enim
2165 2843 2323 2909 jussit
2350 2847 2431 2898 vel
2466 2848 2718 2918 prmcepit
2747 2840 2915 2916 abire,
2943 2852 3037 2905 sed
3066 2866 3240 2921 neque
3264 2866 3387 2920 pro—

1805 2927 1978 2983 hibuit
2008 2945 2021 2982 :
2056 2931 2409 2990 abscedentes
2431 2952 2619 2992 rursus
2648 2940 2717 2993 ah
2740 2943 2885 2995 omni
2914 2942 3218 3012 suspicione
3247 2943 3383 2997 libe-

1804 3031 1904 3075 rat.
1938 3022 2154 3090 Quare?
2177 3024 2257 3080 Ne
2283 3026 2555 3084 videretur
2582 3046 2610 3083 a
2639 3041 2784 3087 metu
2813 3043 2906 3088 aut
2935 3035 3219 3090 formidine
3263 3050 3386 3090 esse

1804 3123 1946 3169 tanta
1963 3117 2254 3173 accuratio.
2277 3118 2405 3173 Nam
2421 3122 2509 3191 qui
2528 3124 2738 3178 curiose
2755 3125 2994 3196 inquirit,
3017 3126 3170 3197 quasi
3193 3127 3387 3181 timens

1803 3202 1906 3259 hoc
1947 3204 2122 3261 facit:
2170 3209 2260 3277 qui
2301 3218 2479 3265 autem
2528 3222 2811 3283 postquam
2856 3216 3059 3271 audivit
3110 3217 3385 3281 abstinet,

1804 3296 1954 3363 quasi
1980 3296 2282 3367 despiciens
2312 3312 2367 3355 et
2392 3302 2518 3357 odio
2558 3305 2761 3361 habens
2803 3316 2861 3362 et
2899 3322 3185 3373 aversaris,
3221 3307 3387 3361 absti-

1806 3396 1916 3442 net.
1950 3388 2071 3443 ldeu
2110 3390 2307 3447 Paulus
2336 3404 2624 3464 utrumque
2646 3396 2968 3453 confirmare
2995 3398 3181 3453 volens
3200 3441 3216 3464 ,
3245 3400 3319 3452 ait
3362 3414 3377 3451 :

1809 3477 1971 3532 Omne
1996 3481 2131 3549 quod
2176 3482 2312 3537 vobis
2351 3485 2627 3555 apponitur
2670 3486 2992 3542 manducate.
3037 3488 3130 3543 28.
3177 3486 3239 3543 Si
3270 3488 3386 3559 quis

1804 3580 1972 3623 autem
1999 3572 2132 3626 vobis
2162 3574 2347 3628 dixerit
2372 3615 2386 3640 ,
2442 3574 2553 3630 Hoc
2576 3578 2891 3632 immolatum
2920 3587 2990 3633 est
3017 3578 3168 3633 idolis
3187 3620 3203 3646 ,
3236 3579 3391 3632 nolite

1805 3664 2115 3717 manducare
2142 3676 2349 3737 propter
2388 3669 2535 3722 illum
2577 3670 2662 3740 qui
2704 3670 2968 3725 indicavit.
3020 3669 3206 3741 Neque
3242 3671 3391 3733 enim

1808 3762 2075 3823 tamquam
2102 3770 2132 3808 a
2176 3757 2283 3810 vim
2321 3757 2552 3829 aliquam
2580 3758 2899 3814 habentibus
2925 3800 2941 3825 ,
2985 3760 3083 3814 sed
3115 3769 3383 3831 tamquam

1807 3844 1876 3899 ab
1921 3848 2269 3903 exsecrandis
2293 3848 2447 3918 jubet
2493 3850 2786 3906 abstinere.
2813 3850 2997 3921 Neque
3020 3850 3180 3922 igitur
3208 3851 3276 3905 ab
3321 3852 3389 3907 iis

1806 3946 1865 3992 ut
1910 3954 2029 4009 quae
2079 3954 2275 3996 nocere
2325 3944 2530 4012 possint
2569 3942 2764 4015 fugite;
2805 3945 3005 3999 nullam
3050 3946 3246 4015 quippe
3275 3947 3389 4003 viut

1810 4032 2039 4099 habent;
2074 4050 2248 4104 neque
2273 4036 2394 4106 quia
2423 4037 2619 4091 nullam
2649 4039 2754 4091 vim
2793 4037 3030 4102 habent,
3062 4037 3391 4092 indiscrimi-

1807 4126 1972 4181 natim
2005 4128 2309 4197 percipiatis
2342 4146 2355 4181 :
2387 4128 2619 4182 hostium
2666 4130 2809 4185 enim
2848 4138 2904 4184 et
2949 4130 3395 4193 inhonoratorum

1806 4233 1989 4273 mensa
2012 4229 2112 4274 est.
2138 4219 2261 4274 Ideo
2285 4220 2515 4279 dicebat.
2534 4219 2706 4274 Nolite
2733 4221 2992 4275 comedere
3018 4230 3222 4291 propter
3240 4221 3391 4275 illum

1804 4312 1893 4382 qui
1921 4312 2181 4378 indicavit,
2210 4321 2256 4366 et
2284 4296 2488 4383 propter
2512 4314 2888 4367 conscientiam.
2923 4312 3131 4367 Domini
3151 4313 3284 4367 enim
3310 4322 3387 4375 est

1807 4412 1940 4455 terra
1973 4411 2020 4455 ct
2065 4402 2326 4471 plenitudo
2356 4404 2485 4472 ejus.
2532 4402 2717 4456 Vidcn‘
2747 4402 3018 4472 quomodo
3046 4412 3098 4458 et
3127 4418 3248 4456 cum
3297 4416 3390 4456 co-

1808 4495 2024 4549 medere
2046 4495 2233 4564 jubet,
2265 4503 2320 4548 et
2347 4508 2466 4548 cum
2497 4495 2771 4549 abstinere
2795 4534 2811 4559 ,
2841 4493 2980 4549 idem
3021 4494 3391 4555 testimonium

1808 4586 1861 4639 in
1903 4585 2135 4640 medium
2188 4584 2463 4639 adducat?
2505 4584 2689 4655 Neque
2734 4585 2875 4639 enim
2928 4585 3046 4639 ideo
3088 4584 3387 4655 prohibeo.

1810 4675 2011 4746 inquit,
2041 4675 2191 4746 quasi
2221 4675 2393 4729 aliena
2425 4676 2566 4742 sint;
2592 4691 2713 4731 nam
2745 4675 2951 4729 Domini
2975 4685 3057 4730 est
3084 4686 3261 4738 terra;
3296 4676 3393 4735 sed

1814 4776 2029 4836 prOpter
2060 4765 2111 4820 id
2139 4766 2280 4835 quod
2310 4765 2552 4821 dicebam
2573 4808 2588 4832 ,
2624 4777 2845 4836 propter
2882 4767 3302 4831 conscientiam;
3337 4768 3391 4829 id

1811 4867 1926 4924 est,
1952 4873 2019 4913 ne
2043 4857 2273 4912 laedaris.
2297 4857 2519 4927 Oportet
2534 4872 2662 4927 ergo
2680 4857 2895 4913 curiose
2923 4857 3232 4927 inquirere?
3249 4858 3387 4921 Νοη,

1813 4951 1982 5020 inquit
2007 4965 2022 5001 :
2052 4965 2224 5019 neque
2250 4950 2392 5003 enim
2423 4958 2564 5002 tuam
2595 4950 2703 5003 dixi
2730 4949 3115 5004 conscientiam
3142 4990 3157 5013 ,
3186 4950 3280 5004 sed
3323 4951 3389 5004 il-

1811 5040 1933 5095 lius.
1960 5039 2112 5094 Prius
2137 5039 2280 5094 enim
2325 5038 2465 5104 dixi,
2502 5037 2721 5107 Propter
2749 5040 2896 5093 illum
2920 5040 3006 5109 qui
3033 5040 3312 5104 indicavit;
3336 5049 3390 5096 ot

1812 5147 1996 5189 rursus
2028 5151 2043 5185 ξ
2069 5132 2159 5188 29.
2192 5131 2561 5186 Conscientiam
2590 5132 2704 5186 dico
2725 5150 2825 5187 non
2855 5144 3017 5199 tuam,
3043 5134 3133 5189 sed
3157 5136 3388 5193 alterius.

1812 5225 1917 5279 Sed
1949 5223 2084 5278 forte
2109 5223 2303 5278 dixerit
2327 5224 2588 5293 quispiam
2617 5240 2630 5276 :
2664 5225 2941 5280 Fratribus
2964 5227 3157 5281 merito
3184 5229 3386 5297 parcis,

1810 5326 1867 5372 et
1918 5332 2022 5370 non
2067 5316 2200 5369 sinis
2248 5332 2347 5370 nos
2392 5327 2609 5385 gustare
2651 5327 2870 5388 pr0pter
2900 5318 3056 5385 illos;
3087 5334 3157 5374 ne
3202 5334 3391 5376 eorum

1809 5407 2136 5463 conscientia
2160 5423 2279 5461 cum
2309 5408 2378 5461 sit
2403 5408 2613 5463 infirma
2634 5451 2649 5475 ,
2681 5411 2966 5465 inducatur
2993 5410 3059 5466 ad
3100 5412 3391 5466 comeden-

1809 5503 1936 5558 dum
1965 5516 2028 5557 ea
2052 5542 2066 5565 ,
2098 5516 2217 5571 qua:
2239 5501 2401 5555 idolis
2422 5512 2546 5558 sunt
2575 5502 2846 5558 immolata
2895 5521 2908 5558 :
2942 5505 2985 5557 si
3019 5520 3150 5559 vero
3175 5505 3390 5575 gentilis

1809 5594 2070 5665 quispiam
2096 5593 2251 5647 fuerit
2275 5635 2290 5660 ,
2321 5594 2447 5663 quid
2479 5594 2574 5648 tibi
2603 5610 2746 5649 cura:
2775 5595 2895 5650 est?
2924 5610 3101 5650 nonne
3141 5605 3197 5649 ιιι
3236 5596 3387 5650 dice-

1724 5762 1727 5769 .
1810 5685 1942 5751 has,
1977 5684 2113 5753 Quid
2155 5685 2286 5739 enim
2331 5685 2454 5742 mihi
2481 5685 2542 5745 de
2588 5686 2651 5741 iis
2691 5686 2777 5757 qui
2805 5686 2932 5756 [oris
2978 5695 3094 5745 sunt
3137 5678 3386 5749 judicare
