3776 6324
391 280 494 336 £07

377 394 468 463 ¹(1.
491 390 609 448 Cor.
641 391 694 446 5.
727 389 815 460 li)
835 389 860 445 ?
884 405 980 446 cur
1007 405 1136 460 ergo
1158 405 1346 445 rursus
1368 389 1437 445 de
1459 390 1562 444 illis
1587 404 1771 444 curam
1793 390 1970 460 geris?

391 482 506 537 Non
535 482 697 540 illius.
721 481 913 550 inquit,
944 479 1039 536 sed
1067 481 1228 535 etiam
1259 480 1346 535 hic
1373 481 1447 535 lui
1474 496 1654 536 curam
1677 495 1828 549 gero.
1849 479 1973 534 Ideo

390 575 663 644 Subjunxit
707 592 720 628 :
755 573 823 628 Ut
863 575 986 643 quid
1030 575 1164 628 enim
1217 574 1420 628 liberta:
1459 590 1571 627 mea
1609 574 1877 643 judicatur
1910 571 1972 627 alt

389 670 557 720 aliena
576 668 882 720 conscientia
903 667 928 719 .9
950 667 1248 723 libertatem
1267 666 1472 730 dicens,
1491 667 1630 737 quod
1658 681 1761 721 non
1788 667 1974 721 obser-

395 768 540 813 vetur
573 773 746 827 neque
771 757 1122 828 prohibeatur
1161 775 1175 812 :
1221 757 1324 813 hoc
1352 759 1494 812 enim
1528 758 1749 813 libertas
1778 767 1860 812 est
1881 799 1898 824 ,
1941 775 1971 812 a

387 847 609 904 Judaica
662 827 939 902 servitute.
968 849 1216 902 liberat-1.
1259 848 1374 903 Hoc
1414 859 1592 902 autem
1621 849 1730 902 vult
1763 849 1970 918 signiﬁ-

385 955 512 995 Care
545 957 558 992 :
593 939 820 994 liberum
863 955 949 994 me
989 938 1114 993 fecit
1167 939 1308 994 Deus
1331 982 1347 1006 ,
1375 949 1429 995 et
1462 940 1608 994 omni
1648 941 1972 994 documento

387 1032 753 1102 superiorem;
786 1032 878 1088 sed
907 1033 1077 1086 nescit
1102 1033 1316 1101 gentilis
1340 1035 1407 1087 de
1439 1048 1553 1087 mea
1579 1031 1821 1102 judicare
1850 1030 1970 1100 phi-

389 1120 654 1194 losophia,
683 1139 854 1194 neque
879 1124 1087 1178 Domini
1111 1125 1213 1177 mei
1246 1123 1618 1178 liberalitatem
1644 1123 1968 1196 perspicere,

388 1216 483 1271 sed
512 1215 895 1271 condemnabit
925 1225 980 1270 et
1004 1215 1142 1284 apud
1175 1230 1234 1269 se
1274 1214 1417 1270 dicet
1444 1233 1457 1268 :
1491 1214 1705 1268 Fabula:
1732 1221 1858 1269 sunt
1886 1227 1972 1268 res

385 1306 814 1362 Christianorum
844 1325 856 1360 :
885 1309 1156 1363 abstinent
1196 1307 1263 1362 ab
1308 1307 1464 1362 idolis
1485 1348 1502 1372 ,
1533 1306 1742 1378 fugiunt
1769 1307 1971 1362 daemo-

389 1414 485 1451 nas
507 1439 522 1462 ,
555 1407 609 1453 et
637 1397 843 1453 haerent
875 1399 939 1452 iis
967 1415 1085 1466 quae
1126 1398 1230 1452 illis
1267 1398 1565 1451 olfernntnr
1594 1415 1607 1449 :
1641 1399 1780 1467 viget
1829 1397 1969 1465 apud

390 1490 509 1542 illos
539 1490 678 1558 gula.
713 1490 779 1544 Ει
802 1490 926 1559 quid
961 1499 1070 1542 tttm
1097 1531 1112 1555 ,
1146 1489 1386 1559 inquies?
1406 1489 1532 1558 quid
1565 1489 1717 1544 nobis
1747 1489 1924 1543 damni
1950 1530 1965 1555 ,

386 1580 430 1633 si
479 1579 568 1634 ille
593 1581 732 1634 male
775 1580 971 1649 judicet
998 1581 1020 1634 ?
1048 1581 1258 1648 Quanto
1287 1591 1467 1634 autem
1516 1580 1712 1634 melius
1739 1597 1843 1634 non
1892 1580 1967 1637 iUi

386 1670 724 1726 occasionem
769 1671 898 1725 dare
929 1682 981 1724 ut
1008 1671 1323 1740 judicct?si
1354 1672 1494 1726 enim
1541 1671 1848 1736 abstineas,
1901 1686 1969 1725 ne

388 1762 502 1816 hzec
520 1763 732 1833 quidem
755 1763 914 1818 dicet.
941 1764 1240 1832 Quomodo,
1267 1765 1490 1833 inquies,
1525 1781 1628 1819 non
1653 1765 1967 1818 dicet?cum

385 1854 528 1909 enim
557 1855 747 1911 viderit
771 1873 856 1912 me
884 1855 1000 1912 hmc
1030 1871 1133 1911 non
1156 1857 1482 1922 examinare,
1514 1873 1618 1912 non
1645 1859 1698 1912 in
1720 1857 1966 1922 macello,

386 1962 492 2000 non
517 1946 568 2000 in
595 1933 845 2001 convivio
868 1989 884 2012 ,
912 1949 1184 2016 quomodo
1213 1964 1318 2003 non
1345 1949 1489 2004 dicet
1527 1964 1704 2026 neque
1748 1949 1970 2004 damna-

385 2039 494 2105 bit,
526 2047 583 2092 ιιι
616 2039 706 2110 qui
763 2040 1244 2096 indiscriminatim
1289 2042 1480 2096 horum
1515 2044 1780 2112 particeps
1823 2044 1967 2097 sim?

384 2131 730 2202 Nequaquam
764 2151 777 2186 :
811 2150 984 2204 neque
1013 2136 1158 2190 enim
1201 2135 1314 2190 haec
1344 2147 1613 2207 nunquam
1665 2137 1821 2192 idolis
1865 2139 1967 2192 im-

385 2225 582 2280 molata
627 2227 905 2293 comedis,
953 2228 1046 2284 sed
1099 2240 1366 2299 tamquam
1417 2231 1613 2286 munda
1646 2248 1659 2284 :
1692 2233 1736 2285 si
1783 2241 1960 2286 autem

386 2331 490 2370 non
522 2317 733 2373 curiose
774 2319 996 2389 inquiris
1020 2363 1033 2382 ,
1067 2319 1170 2375 hoc
1197 2319 1336 2376 facis‘
1357 2332 1410 2375 ιιι
1441 2323 1693 2378 ostendas
1722 2333 1772 2377 te
1798 2338 1967 2392 appo-

384 2407 483 2461 sita
507 2425 612 2463 non
643 2410 851 2465 timere.
879 2411 1167 2481 Propterea
1197 2413 1308 2468 sive
1335 2416 1386 2468 in
1415 2412 1632 2467 domum
1655 2414 1965 2470 Gra-cornm

387 2499 704 2569 ingrediaris
729 2542 742 2566 ,
777 2501 892 2556 sive
925 2502 974 2556 in
1009 2502 1180 2557 forum
1211 2505 1426 2559 veneris
1448 2545 1462 2570 ,
1493 2519 1596 2558 non
1626 2508 1880 2574 permitto
1916 2517 1968 2560 te

387 2591 648 2644 sciscitari
679 2633 695 2658 ,
723 2607 791 2646 ne
821 2592 1103 2662 strepitum
1134 2595 1344 2656 timeas,
1386 2595 1466 2648 vel
1493 2594 1802 2663 impliceris,
1833 2611 1969 2651 neve

391 2681 737 2749 pereellaris,
788 2699 924 2738 neve
973 2684 1068 2737 tibi
1119 2683 1389 2753 superﬂua
1439 2685 1679 2756 praebeas
1733 2688 1964 2756 negotia.

385 2771 473 2826 50.
536 2772 599 2827 Si
644 2790 734 2843 ego
782 2789 899 2828 cum
934 2776 1101 2845 gratia
1147 2776 1433 2845 participe,
1473 2775 1597 2848 quid
1646 2777 1968 2846 blaspltemor

385 2879 476 2931 pro
501 2879 560 2918 eo
597 2865 732 2933 quod
769 2865 961 2936 gratias
995 2866 1136 2935 ago?
1160 2867 1342 2935 Cujus,
1375 2882 1559 2935 qu:eso
1589 2878 1668 2931 te,
1700 2869 1967 2936 particeps

382 2956 486 3010 es?
514 2956 609 3011 Dei
634 2956 896 3011 donorum
927 2958 1081 3027 :ejus
1107 2959 1250 3012 enim
1271 2959 1438 3028 gratia
1469 2969 1612 3012 tanta
1641 2969 1739 3022 est,
1773 2967 1830 3012 ut
1853 2959 1969 3024 ani-

383 3065 524 3103 mam
574 3065 747 3104 meam
781 3050 970 3104 reddat
999 3051 1332 3119 impollutam
1379 3060 1429 3105 et
1462 3051 1606 3104 omni
1643 3051 1847 3104 macula
1876 3064 1966 3104 su-

382 3140 673 3208 perierem.
698 3141 1157 3208 Quemadmodum
1188 3143 1330 3196 enim
1355 3142 1434 3194 sol
1467 3140 1647 3195 radios
1675 3142 1966 3196 immittens

380 3231 434 3285 in
465 3233 658 3285 multas
684 3232 919 3286 maculas
943 3271 959 3287 .
1009 3248 1191 3286 rursus
1218 3231 1339 3286 illos
1378 3232 1642 3300 recolligit
1668 3233 1896 3286 mundos
1947 3250 1962 3286 :

381 3323 454 3376 ita
479 3333 534 3377 et
564 3338 684 3385 nos,
711 3334 766 3376 et
795 3325 963 3376 multo
993 3325 1160 3392 Inagis
1193 3325 1245 3376 in
1263 3325 1441 3377 medio
1458 3323 1640 3377 mumli
1661 3333 1959 3389 versantes,

382 3414 502 3481 puri
535 3428 835 3475 manemus,
863 3415 909 3466 si
941 3413 1171 3468 velimus
1192 3454 1209 3479 ,
1241 3428 1350 3482 quo
1375 3414 1536 3468 etiam
1567 3415 1671 3467 vim
1705 3413 1966 3470 habemus

380 3505 664 3574 majorem.

449 3595 505 3648 ‘2.
549 3595 656 3650 Cur
683 3609 834 3663 ergo,
860 3594 1066 3662 inquit,
1097 3594 1376 3650 abstines?
1423 3595 1537 3650 Non
1565 3596 1717 3667 quasi
1756 3595 1964 3652 futurus

379 3691 480 3742 sim
511 3687 838 3753 imnmndus,
862 3687 1030 3752 absit;
1060 3687 1153 3741 sed
1185 3696 1404 3757 prepter
1431 3688 1674 3757 fratrem,
1704 3700 1758 3745 et
1780 3707 1846 3746 ne
1862 3692 1962 3746 sim

377 3781 558 3836 socius
607 3781 1018 3847 (heinoniornm,
1071 3797 1208 3836 nevc
1243 3781 1453 3852 judicer
1479 3783 1546 3838 ab
1591 3784 1814 3840 inﬁdeli.
1866 3785 1965 3840 Hic

378 3876 520 3928 enim
555 3891 662 3929 non
687 3875 916 3944 amplius
938 3883 1162 3937 natura,
1197 3875 1291 3930 St‘d
1316 3876 1676 3932 inobcdientia
1702 3919 1718 3944 ,
1745 3887 1799 3932 et
1828 3879 1962 3933 ami-

380 3967 502 4020 cit’a
530 3982 658 4037 erga
689 3966 984 4032 dminonas,
1010 3982 1097 4021 me
1116 3968 1238 4020 facit
1266 3968 1620 4036 immundum,
1655 3981 1705 4024 et
1737 3970 1960 4024 liberum

379 4057 659 4111 arbitrium
711 4057 950 4112 maculas
1001 4068 1276 4126 Operatnr.
1325 4060 1460 4126 Quid
1492 4060 1591 4114 sibi
1641 4061 1755 4115 vult
1782 4073 1961 4116 autem

378 4148 505 4202 illml
533 4167 544 4199 :
575 4149 710 4215 Quid
737 4148 1058 4217 blaspltcmor
1098 4167 1188 4218 pro
1214 4167 1272 4204 eo
1305 4153 1442 4218 quod
1469 4154 1661 4222 gratias
1686 4156 1823 4224 ago?
1856 4156 1963 4224 Ego

377 4239 542 4306 enim,
564 4241 754 4310 inquit,
781 4242 980 4310 gratias
1001 4257 1100 4310 ago
1129 4242 1258 4303 Deo,
1301 4242 1440 4312 quod
1472 4255 1558 4298 me
1583 4244 1652 4298 ita
1680 4246 1960 4301 sublimem

379 4333 586 4396 l'ererit,
615 4342 668 4386 et
692 4333 989 4388 humilitate
1014 4333 1232 4388 .lndaiea
1255 4336 1612 4403 superiorem,
1643 4337 1712 4390 ita
1738 4346 1794 4392 ιιι
1821 4339 1962 4393 nulla

377 4442 443 4479 ex
498 4438 647 4494 parte
677 4425 888 4480 lardar:
930 4427 1157 4493 gentiles
1205 4437 1382 4481 autem
1434 4445 1607 4482 meam
1655 4431 1962 4498 ignorantes

378 4516 792 4586 philosophiam,
850 4518 1117 4571 contraria
1164 4519 1580 4586 suspicabuntur
1629 4531 1683 4575 et
1733 4521 1960 4578 dicent:

374 4608 664 4662 Christiani
698 4617 879 4662 nostra
916 4617 1204 4677 appetunt,
1235 4618 1291 4662 et
1329 4621 1453 4664 sunt
1484 4611 1810 4680 hypocritm;
1838 4628 1960 4667 nam

373 4717 494 4755 cum
534 4701 808 4755 (bubones
835 4702 1139 4768 vituperant
1167 4709 1221 4754 et
1248 4712 1584 4766 averscntur,
1637 4701 1704 4756 ad
1749 4718 1963 4760 mensas

377 4807 566 4846 corum
603 4803 910 4856 accurrunt;
943 4808 1049 4861 quo
1071 4792 1196 4861 quid
1221 4792 1460 4844 insanius
1480 4807 1600 4848 esse
1623 4795 1828 4862 possit?
1856 4810 1962 4850 non

375 4899 504 4952 ergo
533 4884 771 4937 veritatis
814 4900 972 4939 causa
995 4926 1008 4949 ,
1043 4884 1136 4939 sed
1187 4885 1495 4938 ambitionis
1525 4895 1578 4940 et
1635 4886 1965 4956 principatus

375 4975 577 5028 ianitoris
606 4975 671 5027 ad
723 4974 823 5028 hoc
852 4976 1042 5044 dogma
1075 4991 1134 5030 se
1179 4976 1540 5030 eontulerunt.
1585 4977 1810 5042 Quanta:
1835 4993 1966 5048 ergo

378 5067 596 5120 insania:
628 5067 802 5130 fuerit,
827 5068 869 5121 si
901 5083 996 5135 pro
1021 5069 1126 5123 iliis
1153 5069 1348 5138 quibus
1374 5069 1596 5123 allectis
1616 5085 1732 5124 sum
1760 5070 1963 5125 beneﬁ-

375 5157 473 5208 ciis
498 5157 676 5219 tantis,
709 5167 767 5210 ut
793 5157 983 5211 deillis
1003 5159 1203 5227 gratias
1230 5176 1404 5229 agam,
1438 5161 1782 5229 blaslihemim
1803 5177 1963 5218 causa

376 5247 613 5301 fuerim?
642 5250 708 5301 At
740 5249 854 5302 lucc
883 5263 1096 5317 quoque
1128 5266 1269 5304 nunc
1297 5250 1440 5305 dicet
1459 5252 1698 5316 Crmcus,
1734 5254 1960 5323 inquies,

375 5353 496 5392 cum
528 5338 720 5393 viderit
749 5354 836 5393 me
867 5342 971 5392 noii
1003 5339 1212 5392 curiose
1245 5341 1554 5408 inquirere?
1586 5342 1960 5412 Nequaquam:

378 5444 552 5495 neque
577 5429 720 5481 enim
751 5430 928 5483 onmia
955 5428 1110 5499 plena
1145 5439 1269 5482 sunt
1299 5430 1628 5502 idolothytis,
1658 5443 1712 5487 ut
1741 5433 1842 5489 hoc
1870 5451 1962 5489 su-

385 5521 632 5590 spiceris,
666 5538 840 5592 neque
881 5533 934 5576 tu
990 5522 1078 5575 illa
1106 5533 1162 5576 ut
1193 5521 1484 5594 idolothyta
1527 5525 1801 5594 degustes.
1840 5526 1962 5582 Noli

379 5631 508 5685 ergo
529 5617 742 5672 curiose
769 5615 1019 5686 indagare
1039 5629 1430 5684 supervacanea
1449 5633 1464 5682 ;
1486 5632 1658 5686 neque
1683 5634 1886 5683 rursus,
1915 5621 1960 5675 si

386 5709 548 5779 aliqui
574 5708 773 5778 dicant,
791 5709 949 5766 ldolis
976 5709 1306 5765 immolatum
1323 5719 1423 5778 est,
1439 5710 1555 5782 ejus
1571 5713 1643 5767 sis
1667 5715 1951 5784 particeps.

1091 276 1148 332 S.
1190 277 1464 334 JOANNIS
1499 278 1974 335 CllllYSOSTOMI
2013 280 2328 336 AllClllEP.
2369 281 2895 344 CONSTANTINOP.
3548 304 3643 359 ωπ

2081 390 2210 444 Nam
2235 395 2460 462 gratiam
2482 396 2571 448 tibi
2594 395 2840 454 Christus
2860 399 3026 466 dedit,
3048 403 3431 478 sublimemque
3457 421 3511 468 te
3530 413 3644 471 f--eit

2080 493 2240 551 atque
2276 483 2398 537 huie
2442 485 2638 540 damno
2667 490 3024 559 superiorem,
3053 509 3159 548 non
3191 505 3248 552 ut
3273 500 3408 555 male
3442 504 3642 573 audias,

2081 591 2256 644 neque
2282 585 2358 640 ut,
2390 578 2532 632 unde
2559 587 2761 634 tantum
2793 581 3028 640 lucratus
3055 601 3115 641 es
3135 597 3196 642 ut
3221 591 3414 658 gratias
3441 608 3644 664 ageres.

2081 665 2202 719 inde
2233 665 2301 718 ita
2327 668 2466 728 alios
2491 669 2653 725 lzedas
2681 681 2737 726 ut
2766 672 3157 744 hlasphement.
3215 681 3322 735 Chr
3361 684 3524 750 enim,
3568 687 3644 740 in-

2078 756 2212 823 quit,
2245 772 2348 848 non
2395 758 2518 814 dico
2555 761 2766 828 Grarco,
2800 763 2952 820 Rodo
2991 778 3047 822 et
3097 772 3223 823 nihil
3255 772 3435 838 laedor,
3481 792 3645 848 neque

2077 846 2228 912 quasi
2270 846 2572 904 daemonum
2611 854 2814 909 amicus
2845 857 2947 911 hoc
2977 859 3113 914 facio
3135 861 3158 915 ?
3183 861 3316 930 Quia
3347 881 3450 921 non
3481 846 3646 937 potest

2080 939 2421 1004 persuadere,
2452 943 2662 998 etiamsi
2689 947 2883 1002 millies
2913 949 3060 1005 dicas
3089 967 3103 1005 :
3135 955 3375 1010 inﬁrmus
3423 974 3645 1030 namque

2076 1039 2159 1081 est
2186 1039 2241 1083 et
2262 1030 2529 1088 inimicus.
2565 1035 2620 1090 Si
2661 1038 2804 1091 enim
2839 1040 2986 1095 fratri
3030 1045 3264 1100 nondum
3316 1053 3643 1119 persuasisti,

2080 1121 2246 1175 multo
2285 1123 2460 1178 minus
2504 1125 2721 1182 inimico
2765 1139 2819 1184 et
2847 1130 3034 1187 Grzeco
3066 1138 3431 1204 persuadebis.
3470 1142 3526 1198 Si
3563 1143 3645 1198 ille

2079 1228 2172 1282 per
2199 1218 2585 1273 conscientiam
2637 1221 2794 1277 idolis
2839 1227 3098 1282 immolati
3156 1232 3439 1299 retinetur,
3487 1238 3645 1291 multo

2077 1308 2244 1378 magis
2273 1308 2520 1367 inﬁdelis.
2545 1313 2683 1381 Quid
2705 1326 2883 1371 autem
2912 1320 3064 1375 nobis
3087 1331 3190 1377 tam
3210 1326 3392 1381 multis
3411 1342 3547 1396 Opus
3569 1341 3646 1386 est

2077 1399 2349 1467 negotiis?
2377 1400 2514 1468 Quid
2546 1419 2695 1475 ergo,
2728 1408 2850 1476 quia
2881 1409 3151 1466 Christum
3181 1417 3423 1472 novimus
3448 1429 3502 1474 et
3525 1436 3644 1490 gra-

2078 1491 2178 1546 tias
2204 1494 2431 1560 agimus,
2465 1497 2540 1551 illi
2560 1509 2736 1554 autem
2763 1501 3156 1573 blaSphemant,
3179 1508 3297 1564 ideo
3321 1511 3391 1564 ab
3411 1512 3510 1567 hoc
3529 1515 3642 1570 abs-

2076 1586 2396 1642 tinebimus?
2422 1592 2604 1660 Apage
2631 1611 2646 1647 :
2673 1607 2779 1648 non
2827 1598 2967 1651 enim
2996 1614 3090 1668 par
3119 1617 3204 1657 res
3229 1614 3308 1657 est
3337 1622 3349 1658 :
3380 1607 3485 1661 illic
3509 1610 3640 1664 enim

2075 1677 2280 1732 lucrum
2312 1697 2558 1752 magnum
2584 1695 2687 1753 est,
2716 1689 2856 1755 quod
2881 1689 3262 1760 blaSphemiam
3295 1697 3546 1767 feramus,
3565 1701 3642 1756 hic

2073 1782 2248 1824 autem
2277 1773 2408 1827 nihil
2431 1778 2530 1830 erit
2553 1779 2704 1832 lucri.
2727 1779 2848 1836 Ideo
2874 1783 3021 1852 prius
3045 1785 3255 1842 dicebat
3278 1807 3287 1840 :
3318 1790 3498 1859 Neque
3521 1795 3642 1848 enim

2073 1861 2116 1913 si
2131 1864 2515 1932 manducamus,
2539 1870 2882 1940 abundamus;
2901 1893 3057 1946 neque
3074 1881 3118 1932 si
3137 1897 3237 1934 non
3264 1885 3639 1952 manducamus,

2074 1951 2333 2019 deﬁcimus
2361 1955 2436 2025 (l.
2463 1957 2579 2012 Cor.
2613 1961 2665 2016 8.
2692 1962 2770 2031 8).
2802 1963 3001 2021 Praeter
3031 1968 3144 2023 haec
3173 1981 3349 2026 autem
3385 1991 3499 2030 rem
3529 1951 3640 2032 esse

2075 2037 2378 2110 fugiendam
2404 2052 2783 2118 pronuntiavit,
2809 2055 2877 2109 ita
2897 2067 2953 2111 ut
2967 2059 3064 2112 alia
3085 2065 3243 2117 etiam
3260 2067 3472 2122 ratione
3492 2068 3643 2122 absti-

2075 2149 2202 2231 uere
2233 2148 2493 2205 oporteat,
2530 2159 2633 2196 non
2667 2144 2786 2200 ideo
2819 2155 3044 2215 tantum,
3078 2155 3170 2208 sed
3223 2157 3293 2210 ob
3334 2159 3470 2213 alias
3519 2177 3640 2231 quas

2073 2223 2205 2280 dixit
2233 2241 2442 2286 causas.
2471 2233 2558 2288 5|.
2581 2234 2701 2290 Sive
2718 2254 2838 2307 ergo
2861 2242 3197 2311 manducetis,
3227 2249 3328 2302 sive
3345 2223 3642 2320 bibitis,'sire

2073 2317 2216 2369 aliud
2235 2321 2357 2388 quid
2377 2321 2567 2390 facitis,
2597 2330 2766 2380 omnia
2784 2331 2836 2384 in
2858 2332 3074 2402 gloriam
3102 2335 3194 2390 Dri
3209 2341 3378 2407 facile.
3407 2317 3639 2400 Vidistiu'

2073 2410 2342 2475 quomodo
2385 2427 2412 2464 a
2447 2429 2506 2469 re
2536 2420 2803 2486 proposita
2835 2423 2900 2476 ad
2952 2424 3001 2477 id
3051 2429 3190 2495 quod
3224 2432 3526 2490 universale
3565 2447 3642 2492 est

2073 2499 2497 2559 adhortationem
2525 2507 2824 2572 deduxerit,
2850 2532 2949 2568 una
2974 2519 3324 2586 pulcherrima
3351 2527 3504 2582 nobis
3527 2528 3638 2584 data

2072 2589 2401 2662 deﬁnitione,
2446 2610 2495 2650 ut
2535 2599 2672 2654 Deus
2702 2620 2795 2670 per
2821 2609 2996 2660 (inuria
3023 2611 3386 2678 gloriﬁcetur?
3411 2619 3502 2674 52.
3527 2621 3640 2676 Siue

2072 2679 2348 2746 o/feusione
2366 2697 2519 2741 estote
2535 2689 2732 2746 Iudicis
2759 2707 2803 2747 et
2832 2701 3063 2766 gentibus
3090 2712 3138 2755 et
3169 2703 3413 2763 Ecclesia:
3447 2710 3557 2766 Dei.
3589 2713 3637 2767 Id

2072 2783 2172 2834 est,
2203 2774 2401 2830 nullam
2428 2781 2674 2849 cuiquam
2703 2785 2843 2840 detis
2889 2805 3096 2848 ansam.
3128 2793 3262 2851 5am
3292 2798 3456 2854 frater
3483 2803 3640 2858 oﬁ‘en-

2071 2862 2231 2928 ditur,
2253 2865 2468 2923 Iudaeus
2498 2874 2666 2943 magis
2695 2888 2745 2930 te
2766 2879 2890 2932 odio
2928 2882 3141 2939 habebit
3171 2897 3326 2958 teque
3354 2892 3636 2962 danmabit,

2069 2957 2284 3060 gentilis
2309 2961 2557 3018 similiter
2580 2976 2848 3039 tamquam
2883 2974 3184 3034 helluonem
3206 2957 3450 3042 irridebit
3477 3001 3526 3044 et
3554 2957 3641 3062 by;

2073 3046 2352 3148 pueritam.
2393 3052 2508 3108 Non
2541 3058 2700 3112 niodo
2742 3061 2934 3119 fratres
2960 3068 3232 3128 offendere
3261 3091 3363 3130 non
3397 3046 3605 3148 oportel
3622 3123 3637 3148 ,

2069 3138 2186 3205 sed,
2219 3153 2477 3210 quantum
2533 3146 2649 3203 ﬁeri
2682 3161 2885 3220 potest,
2933 3172 2998 3212 ne
3027 3173 3278 3219 externos
3323 3138 3637 3236 quidem.Si

2069 3236 2211 3288 enim
2245 3235 2332 3290 lux
2359 3253 2544 3294 sumus
2568 3243 2955 3301 etfcrmentmn
2984 3262 3038 3305 et
3067 3235 3351 3310 luminaria
3369 3271 3424 3312 et
3463 3263 3559 3325 sal,
3587 3265 3643 3316 il-

2071 3325 2358 3394 luminare,
2391 3345 2496 3385 non
2530 3335 2766 3391 tenebris
2792 3338 3070 3396 oll‘undere
3089 3357 3334 3413 oportet;
3363 3353 3636 3423 stringere,

2069 3435 2174 3473 non
2205 3419 2533 3491 dissolvere;
2563 3427 2629 3481 ad
2659 3442 2756 3483 nos
2779 3430 3022 3488 inﬁdeles
3051 3437 3337 3504 attrahere,
3373 3458 3482 3498 non
3503 3419 3640 3513 fuga?

2071 3528 2147 3567 re.
2183 3507 2320 3582 Quid
2347 3533 2476 3586 ergo
2508 3525 2845 3590 persequeris
2875 3541 2988 3591 eos,
3021 3545 3153 3596 quos
3185 3535 3462 3590 attrahere
3486 3554 3633 3608 opor-

2071 3605 2178 3658 tet?
2240 3607 2447 3660 Etenim
2474 3608 2642 3665 Grzeci
2671 3612 3014 3671 offenduntur
3040 3635 3160 3674 cum
3207 3639 3304 3677 nos
3351 3605 3535 3682 videnl
3577 3630 3635 3684 ad

2071 3695 2191 3748 talia
2220 3709 2586 3755 revertentes:
2618 3715 2850 3759 mentem
2874 3709 3014 3762 enim
3042 3724 3274 3767 nostram
3295 3731 3402 3770 non
3433 3733 3633 3786 norunt,

2070 3803 2242 3856 neque
2271 3791 2412 3859 quod
2440 3793 2614 3847 anima
2640 3809 2819 3852 nostra
2847 3800 2916 3853 sit
2942 3803 3222 3858 sublimior
3246 3809 3501 3880 omnique
3525 3827 3638 3864 seu-

2068 3879 2210 3933 sibili
2264 3883 2470 3936 macula
2525 3881 2792 3954 superior.
2833 3889 3000 3946 Judaei
3049 3911 3175 3949 vero
3227 3908 3282 3953 ct
3325 3901 3637 3959 infirmiOrcs

2068 3968 2262 4026 fratres
2290 3975 2478 4029 eadem
2526 3978 2636 4047 ipsa
2667 3981 2952 4049 patientur.
2990 3985 3178 4041 Viden‘
3201 4003 3431 4060 quantas
3457 4011 3637 4062 posue-

2069 4061 2138 4113 rit
2167 4077 2374 4130 causas,
2411 4066 2481 4120 oh
2507 4083 2642 4137 quas
2668 4081 2913 4140 oporteat
2932 4076 3001 4129 ab
3031 4078 3093 4130 iis
3109 4093 3227 4147 qua:
3258 4081 3413 4136 idolis
3456 4061 3635 4138 immo-

2069 4156 2172 4209 lata
2238 4167 2359 4212 sunt
2404 4159 2715 4218 abstinere?
2761 4176 2978 4234 propter
3008 4170 3381 4242 inutilitatem,
3432 4191 3636 4250 propter

2068 4249 2513 4317 superfluitatem,
2539 4255 2608 4307 ob
2630 4256 2878 4312 damnum
2901 4259 3100 4330 fratris,
3125 4264 3194 4317 ob
3214 4265 3381 4321 Judtei
3404 4249 3632 4342 blasphe-

2069 4341 2252 4402 miam,
2281 4342 2350 4396 ob
2376 4341 2546 4399 Graeci
2572 4347 2910 4404 maledictum
2930 4369 2944 4415 ;
2964 4355 3102 4422 quod
3125 4371 3230 4410 non
3259 4371 3500 4430 oporteat
3523 4380 3626 4419 cum

2067 4429 2398 4487 daemonibus
2449 4439 2844 4494 conmmnicare
2869 4482 2882 4503 ,
2917 4444 3057 4511 quod
3106 4461 3167 4499 ea
3206 4429 3305 4502 res
3346 4451 3631 4506 idololatria

2069 4524 2308 4591 qua'dam
2339 4527 2427 4581 sit.
2465 4527 2665 4584 Deinde
2695 4532 2814 4599 quia
2844 4533 2997 4600 dixit,
3027 4537 3152 4591 Sine
3170 4539 3448 4606 offensione
3469 4555 3626 4612 estote,

2069 4622 2123 4667 et
2162 4615 2423 4673 obnoxios
2451 4618 2570 4673 illos
2617 4621 2742 4676 fecit
2763 4631 2817 4676 et
2841 4626 3122 4691 gentilium
3149 4639 3202 4684 et
3225 4614 3525 4690 inda-orum
3552 4637 3632 4690 da.

2070 4707 2230 4772 mnis,
2255 4719 2413 4776 atque
2443 4710 2567 4765 illud
2586 4727 2747 4782 grave
2776 4715 3161 4789 moleslttmquc
3189 4733 3334 4786 erat;
3362 4727 3478 4781 vide
3506 4743 3630 4796 quo-

2072 4799 2232 4854 modo
2272 4801 2402 4856 illud
2433 4807 2761 4873 acceptabile
2803 4819 2856 4861 et
2882 4809 2999 4865 leve
3044 4811 3234 4878 faciat,
3264 4830 3382 4871 sese
3411 4819 3632 4874 medium

2072 4905 2278 4959 ponens
2299 4907 2361 4947 ac
2382 4894 2566 4950 dicens
2601 4915 2613 4949 :
2640 4897 2728 4951 55.
2753 4899 2895 4952 Sicut
2916 4911 2962 4954 et
2987 4919 3076 4972 ego
3106 4922 3196 4970 per
3220 4908 3388 4961 omnia
3416 4910 3631 4963 oninibus

2072 4982 2280 5049 placeo;
2310 4999 2410 5036 non
2439 5002 2667 5054 quatiens
2696 4990 2831 5058 quod
2848 4991 2969 5044 milii
2987 4994 3110 5046 utile
3133 5006 3227 5059 est,
3251 5000 3341 5051 sed
3359 5001 3494 5069 quod
3516 5001 3633 5052 mul—

2071 5073 2163 5135 tis,
2198 5083 2250 5126 ut
2279 5075 2406 5128 salvi
2450 5077 2595 5142 ﬁant.
2628 5078 2780 5149 (Cap.
2815 5076 2918 5144 Η.)
2938 5084 2984 5136 l.
3021 5081 3308 5141 lmitatores
3335 5090 3433 5143 mei
3459 5099 3631 5152 estote,

2071 5164 2198 5216 sicut
2249 5182 2338 5234 ego
2395 5168 2604 5223 Christi.

2141 5255 2194 5309 ὅ.
2241 5256 2351 5311 lloc
2376 5268 2456 5312 est
2482 5260 2664 5326 regula
2694 5261 3065 5330 perfectissimi
3094 5267 3506 5338 Christianismi,
3543 5273 3631 5326 hoc

2071 5358 2319 5402 accurata
2350 5347 2592 5405 deﬁnitio
2617 5393 2631 5414 ,
2681 5354 2780 5408 hoc
2809 5369 3075 5410 summum
3109 5359 3395 5432 fastigium,
3430 5383 3543 5433 qme
3587 5367 3630 5416 in

2069 5455 2352 5495 commune
2378 5443 2661 5500 conferunt
2682 5463 2923 5515 quaerere
2946 5466 2961 5504 :
2990 5453 3130 5513 (μιοά
3153 5463 3200 5508 et
3233 5456 3344 5524 ipse
3371 5457 3631 5511 declarans

2071 5533 2368 5599 subiunxit,
2395 5536 2541 5589 Sicut
2570 5547 2614 5590 et
2643 5555 2733 5608 ego
2761 5539 2964 5595 Christi.
3003 5543 3141 5598 Nihil
3182 5547 3322 5601 enim
3357 5549 3424 5602 ita
3470 5560 3629 5618 potest

2073 5623 2392 5682 imitatorem
2421 5627 2615 5684 Christi
2649 5631 2843 5698 facere,
2876 5642 2933 5688 ut
2957 5651 3139 5690 curam
3181 5640 3405 5708 proximi
3433 5657 3623 5711 gerere.

2073 5717 2176 5774 Sed
2201 5721 2770 5792 etiamsijejunaveris,
2816 5725 2960 5784 humi
2990 5730 3258 5800 cubueris,
3296 5734 3338 5788 si
3373 5743 3440 5800 te,
3471 5743 3522 5787 ut
3562 5747 3623 5787 iza
