3826 6216
168 293 247 349 21⁵7
294 335 297 339 -
1057 284 1126 341 IN
1169 283 1385 342 EPIST.
1423 285 1440 339 1
1485 281 1575 337 ΑΙ)

1722 280 1772 335 R.
1819 281 2054 336 HOMIL.
2091 281 2255 336 XXV.

164 407 244 457 16v
262 404 382 458 πάλιν
402 405 668 474 φροντίζεις
690 421 706 472 ;
739 403 851 458 Οὐκ
881 401 1090 456 ἐκείνου
1123 402 1412 473 φροντίζω,
1437 400 1620 470 φησὶν,

159 490 263 543 ἀλλὰ
296 490 368 543 καὶ
397 489 592 543 ἐνταῦθα
632 488 747 542 σοῦ.
782 489 872 540 Διὸ
923 489 1016 540 xal
1042 489 1322 556 ἐπήγαγεν
1343 501 1356 516 ο
1408 484 1542 539 ἰνα
1568 483 1625 535 τί

153 573 290 642 γὴρή
327 573 573 639 ἐλευθερία
606 591 728 641 μου
767 573 1029 640 κρίνεται
1066 571 1186 625 ὑπὸ
1239 571 1436 636 ἄλλης
1473 585 1626 622 συν-

153 657 408 722 ειδήσεως;
431 655 718 726 ἐλευθερίαν
751 656 812 708 16
841 656 1268 726 ἀπαρατήρητον
1301 655 1394 707 xal
1420 651 1625 706 ἀκώλυ-

148 756 222 790 τον
243 739 377 806 λέγων
403 755 414 770 ο
453 739 590 792 τοῦτο
617 741 727 808 γὰρ
761 739 1068 810 ἐλευθερία,
1114 737 1412 808 Ἰουδαϊκῆς
1444 735 1624 806 ἀπηλ-

145 822 338 893 λαγμὲνη
359 821 576 884 δουλείας.
610 824 676 876 Ὀ
711 823 766 876 δὲ
809 822 979 890 λέγει.
1023 821 1181 875 τοῦτό
1211 823 1359 875 ἐστιν
1380 837 1394 850 ·
1439 818 1624 872 Ἐλεύ-

143 905 269 975 θερόν
297 923 349 976 με
371 905 584 976 ἐποίησεν
626 909 655 959 6
683 906 835 969 Θεὸς,
881 905 976 958 καὶ
1020 907 1202 974 πάσης
1237 903 1442 974 βλάϐης
1477 902 1621 957 ἀνώ-

137 1005 294 1057 τερον·
337 989 428 1042 ἀλλ’
472 990 558 1042 οὐκ
596 986 737 1042 οἶδεν
776 993 804 1044 ὁ
835 990 1038 1059 Ἕλλην
1089 990 1335 1055 δικάζειν
1381 991 1446 1060 τῇ
1511 988 1619 1059 ἐμῇ

136 1072 386 1143 φιλοσοφίᾳ,
430 1073 529 1127 οὐδὲ
575 1073 673 1144 τὴν
719 1074 812 1128 τοῦ
847 1075 1118 1128 Δεσπότου
1164 1091 1265 1144 μου
1307 1072 1621 1143 φιλοτιμίαν

131 1157 340 1225 συνορᾷν,
367 1155 474 1209 ἀλλά
505 1156 903 1225 καταγνώσεται
937 1159 1031 1211 xal
1070 1159 1188 1228 ἐρεῖ
1215 1157 1352 1228 πρὸς
1393 1157 1618 1211 ἑαυτόν·

128 1238 282 1302 Μῦθος
306 1239 362 1292 τὰ
387 1242 720 1311 Χριστιανῶν,
748 1244 1041 1312 ἀπέχονται
1075 1242 1182 1296 τῶν
1208 1243 1462 1308 εἰδώλων,
1489 1243 1621 1311 φεύ-

123 1340 255 1389 γουσι
306 1323 537 1394 δαίμονας,
584 1328 677 1379 καὶ
745 1327 852 1380 τῶν
905 1328 1136 1391 ἐκείνοις
1189 1327 1620 1398 προσαγομένων

123 1405 326 1474 ἔχονταιο
354 1408 494 1480 πολλὴ
528 1413 653 1481 παρ’
690 1411 930 1483 αὐτοῖςή
963 1411 1400 1483 γαστριμαργία.
1432 1410 1543 1462 Kal
1567 1409 1620 1462 τί

123 1490 278 1558 τοῦτος
311 1492 436 1560 φησί·
462 1497 600 1546 ποῖον
624 1495 680 1547 δὲ
711 1498 839 1566 ἡμῖν
871 1494 1085 1565 βλάσος,
1109 1495 1174 1549 ἂν
1203 1494 1388 1559 κακῶς
1413 1495 1620 1556 ἐκεῖνος

121 1574 283 1646 κρίνῃς
307 1575 438 1647 Πόσῳ
462 1577 510 1629 δέ
544 1577 751 1648 βέλτιον
784 1580 844 1632 τὸ
886 1579 1022 1650 μηδὲ
1047 1579 1183 1642 ὅλως
1221 1579 1426 1648 κρίνειν
1469 1575 1618 1648 αὐτῷ

121 1656 308 1724 Ξιδόναις
331 1659 386 1712 ἂν
405 1660 495 1732 γάρ
522 1661 719 1734 ἀπέχῃ,
743 1663 864 1716 οὐδὲ
891 1662 1064 1717 ταῦτα
1097 1664 1228 1732 ἐρεῖ.
1259 1661 1403 1726 Πῶς,
1431 1661 1616 1730 φησὶν,

121 1740 188 1792 νύκ
212 1743 341 1811 ἐρεῖ;
362 1744 470 1796 ὅταν
501 1743 604 1815 γὰρ
629 1746 714 1817 ῖδῃ
753 1746 826 1818 μὴ
869 1743 1191 1811 ἐξετάζοντα
1217 1743 1411 1805 ταῦτα,
1455 1744 1530 1814 μὴ
1560 1745 1618 1796 ἐν

121 1824 341 1896 ιακέλλῳ,
376 1826 441 1898 μὴ
465 1828 518 1879 ὲν
557 1828 864 1900 συμποσίῳ,
900 1828 1016 1893 πῶς
1050 1829 1149 1881 οὐκ
1179 1829 1294 1898 ὲρεῖ
1321 1829 1414 1880 καὶ
1448 1843 1620 1880 κατα·-

121 1906 352 1971 ’νὼσεται,
379 1910 444 1972 ὡς
465 1911 762 1983 ἀδιαφόρως
796 1929 896 1983 μου
931 1913 1286 1982 μετέχοντοςς
1315 1910 1580 1980 Οὐδαμῶς
1601 1925 1614 1938 ⁸

121 1992 142 2042 ὖ
178 1993 278 2064 γάρ
295 1993 360 2056 ὡς
387 1993 729 2047 εἰδωλοθύτων
764 1995 1033 2064 μετέχεις,
1071 1994 1186 2048 ἀλλ’
1220 1995 1295 2058 ὠς
1319 1992 1579 2064 καθαρῶν
1598 2009 1613 2023 ·

121 2077 127 2127 ε
157 2076 290 2130 δὲού
323 2079 650 2150 περιεργάζῃ,
693 2080 781 2134 ῖνα
813 2080 1013 2151 δείξῃς,
1044 2081 1124 2133 ὅτι
1171 2081 1229 2132 οὐ
1273 2079 1518 2141 δέδοικας
1550 2077 1619 2130 τά

122 2159 404 2230 ροκείμενα.
441 2163 533 2213 Διά
557 2163 664 2232 γάρ
696 2163 874 2225 τοῦτο,
907 2162 1008 2216 κᾶν
1033 2165 1112 2227 εἰς
1146 2162 1417 2232 Ἑλλήνων
1441 2159 1618 2214 οἰκίαν

128 2241 329 2313 σέλθῃς,
371 2244 464 2297 κᾶν
509 2246 586 2307 εἰς
629 2245 836 2317 ἀγορὰν
866 2245 1134 2318 ἐμϐάλῃς,
1171 2246 1270 2298 οὐκ
1309 2243 1516 2316 ἀφίημί
1557 2261 1616 2296 σε

121 2328 290 2397 ›ωτᾷν,
324 2328 401 2380 ἵνα
431 2328 500 2398 μὴ
537 2329 806 2400 ψοφοδεὴς
833 2331 966 2400 γένῃ
999 2329 1134 2400 μηδὲ
1163 2327 1443 2398 λινοπλὴξ,
1481 2327 1617 2398 μηδὲ

121 2409 294 2478 ξριττά
333 2410 494 2480 έαυτῷ
542 2412 844 2482 πράγματα
877 2412 1145 2484 παρέχῃς.
1173 2413 1240 2465 El
1271 2411 1386 2480 ἐγὼ
1423 2410 1617 2482 χάριτι

121 2495 298 2561 ττέχω,
344 2497 398 2548 τί
431 2497 907 2566 ,βλασφημοῦμαι
940 2497 1092 2566 ὑπὲρ
1128 2492 1200 2552 οὗ
1228 2495 1345 2566 ἐγὼ
1372 2498 1616 2564 εὐχαρι-

121 2575 177 2630 ’ῶ
198 2593 220 2640 ;
247 2578 390 2641 Τίνος
415 2580 656 2650 μετέχεις
674 2582 890 2652 χάριτι;
917 2581 1038 2634 εἰπέ
1069 2597 1178 2652 μοι.
1205 2580 1326 2634 Τῶν
1351 2579 1448 2634 τοῦ
1477 2579 1615 2633 Θεοῦ

121 2661 308 2728 ιρεῶν·
355 2663 386 2731 ή
431 2663 535 2733 γὰρ
587 2664 748 2735 χάρις
803 2664 970 2718 αὐτοῦ
1014 2664 1274 2734 τοσαύτη,
1319 2663 1394 2728 ὡς
1447 2681 1611 2718 κατα⁹

121 2745 312 2797 ευάσαι
353 2763 439 2815 μοι
479 2746 575 2816 τὴν
622 2747 800 2818 ψυχὴν
853 2748 1152 2818 ἀμόλυντον
1189 2748 1284 2801 xal
1335 2748 1616 2818 ἀνωτέραν

125 2845 230 2897 σης
267 2829 486 2898 κηλῖδος.
544 2830 807 2901 Καθάπερ
851 2833 959 2904 γὰρ
1008 2832 1158 2903 ἥλιος
1208 2831 1462 2901 ἐπαφιεὶς
1513 2830 1616 2892 τὰς

121 2913 268 2974 τῖνας
329 2912 543 2976 πολλαῖς
593 2913 797 2984 κηλῖσι,
871 2914 1032 2968 πάλιν
1094 2913 1264 2978 αὐτὰς
1335 2911 1616 2967 συστέλλει

119 2994 315 3065 θαράς·
342 2995 479 3048 οῦτω
513 2997 606 3049 καὶ
630 2998 811 3069 ἡμεῖς,
838 2998 932 3051 xal
959 2997 1138 3069 πολλῷ
1171 2996 1349 3060 πλέον,
1378 2997 1436 3049 ὲν
1465 2995 1617 3065 μέσῳ

167 3077 372 3150 κόσμῳ,
414 3080 790 3151 στρεφόμενοι,
855 3079 1091 3150 καθαροὶ
1148 3079 1498 3150 διαμένομεν,
1547 3077 1614 3133 ἂν

120 3161 327 3231 λωμεν,
378 3163 486 3233 ὅσῳ
526 3163 619 3215 καὶ
655 3163 878 3234 μείζονα
915 3163 1145 3234 δύναμιν
1184 3163 1401 3234 ἔχομεν.

123 3326 157 3376 ’.
189 3319 260 3372 Τί
281 3316 375 3373 οὖν
396 3320 596 3391 ἀπέχῃ,
615 3321 778 3394 φησίν
802 3337 816 3388 ;
841 3321 952 3393 Οὐχ
968 3321 1044 3385 ῶς
1076 3321 1283 3394 μέλλων
1305 3321 1615 3396 ἀκάθαρτος

119 3405 293 3470 εσθαι,
334 3404 410 3477 μὴ
440 3406 670 3473 γένοιτο,
707 3407 845 3462 ἀλλά
875 3408 965 3462 διὰ
998 3407 1089 3462 16v
1123 3409 1370 3479 ἀδελφὸν,
1399 3409 1494 3462 xal
1527 3409 1615 3462 ἵνα

119 3489 388 3554 κοινωνὸς
420 3490 669 3561 γένωμαι
703 3491 1140 3562 δαιμονίων,-καὶ
1168 3493 1258 3547 ἵνα
1300 3493 1374 3564 μὴ
1403 3489 1606 3563 κρίνω-

139 3573 303 3641 napi
333 3572 430 3626 τοῦ
468 3573 722 3629 ἀπίστου.
763 3574 1028 3628 Ἐνταῦθα
1059 3574 1170 3646 γὰρ
1199 3575 1384 3628 οὐκέτι
1425 3574 1613 3628 λοιπὸν

119 3655 263 3718 Ξσις,
310 3654 432 3709 ἀλλ’
460 3658 495 3727 ὴ
524 3659 776 3728 παρακοὴ
807 3657 901 3711 xal
935 3660 967 3729 ἡ
997 3658 1133 3729 πρὸς
1167 3657 1430 3728 δαίμονας
1458 3657 1612 3728 φιλία

123 3743 146 3792 ἶ
178 3756 254 3810 με
289 3740 634 3812 ἀκάθαρτον,
675 3743 770 3795 καὶ
796 3744 828 3813 ἡ
857 3742 1180 3813 προαίρεσις
1210 3742 1302 3794 τὸν
1328 3743 1611 3814 μολυσμὸν

119 3821 328 3885 εζεται.
367 3821 437 3873 Τί
480 3823 540 3876 δέ
579 3825 718 3887 ἐστι,
758 3823 820 3876 Τί
844 3821 1323 3893 ,ϐλασφημοῦμαι
1357 3824 1509 3894 ὑπὲρ
1539 3821 1611 3882 οὗ

124 3905 498 3975 εὐχαριστῶ
514 3921 534 3970 ;
584 3904 726 3974 Ἐγὼ
765 3907 862 3976 μὲν
897 3906 1027 3978 γὰρ,
1071 3908 1258 3978 φησὶν,
1303 3907 1612 3978 εὐχαριστῶ

119 3989 251 4058 λεῷ,
289 3990 378 4041 ὅτι
409 3988 561 4042 οὕτω
593 4005 659 4058 με
695 3988 898 4061 ὑψηλὸν
926 3991 1150 4062 ἐποίησε
1182 3991 1276 4045 xal
1309 3991 1612 4061 Ἰουδαϊκῆς

126 4075 404 4141 ινότητος
451 4073 752 4144 ἀνώτερον,
781 4075 857 4138 ὡς
891 4075 1206 4146 μηδαμόθεν
1237 4074 1570 4146 βλάπτεσθαι
1591 4089 1606 4111 ο

133 4156 459 4228 ”Ελληνες,
493 4157 596 4208 οὐκ
626 4156 826 4220 είδότες
852 4174 953 4227 μου
973 4158 1072 4230 τὴν
1098 4158 1436 4228 φιλοσοφίαν,
1479 4162 1611 4214 τάν-

119 4262 124 4292 ;
175 4239 616 4294 ὑποπτεύσουσι
644 4241 738 4293 καὶ
773 4240 1011 4310 ἐροῦσιν,
1047 4241 1130 4294 δτι
1160 4243 1475 4313 Χριστιανοὶ
1501 4247 1610 4298 τῶν

119 4324 282 4392 ἔριον
319 4324 607 4392 ἐφίενται,
640 4325 734 4376 καὶ
764 4324 1056 4395 ὑποκριταί
1080 4325 1224 4389 τινές
1248 4327 1372 4391 εἰσι,
1398 4326 1610 4383 διαϐάλ·

119 4425 147 4469 ς
199 4405 319 4476 μὲν
352 4397 632 4475 δαίμονας
655 4405 748 4459 καί
790 4406 1280 4478 ἀποστρεφόμενοι,
1311 4410 1402 4462 ἐπὶ
1428 4409 1486 4463 δὲ
1511 4411 1610 4475 τὰς

119 4488 265 4552 iga;
292 4487 500 4541 αὐτῶν
522 4489 808 4560 τρέχοντες
833 4503 846 4516 ·
881 4484 942 4542 οὐ
961 4489 1013 4541 τί
1033 4490 1230 4558 γένοιτ’
1257 4489 1322 4545 ἂν
1345 4491 1607 4564 ἀναισθη-

119 4591 223 4638 ονς
259 4573 378 4627 οὐκ
425 4574 548 4645 ἀρα
591 4573 848 4644 ἀληθείας
877 4573 1088 4641 ἕνεκεν,
1123 4574 1260 4628 ἀλλά
1293 4574 1609 4646 φιλοτιμίας

119 4658 427 4729 ιλαρχίας
467 4657 566 4710 ἐπὶ
597 4659 656 4710 16
682 4658 860 4728 δόγμα
887 4657 1045 4712 τοῦτο
1067 4658 1382 4730 ἐληλύθασι.
1426 4659 1607 4731 Πόσης

129 4737 249 4794 οὖν
285 4741 507 4804 ἀνοίας
526 4742 594 4794 ἂν
615 4739 724 4812 εἴη,
753 4742 892 4812 ὑπὲρ
913 4734 988 4794 ὧν
1009 4741 1181 4806 οὕτως
1207 4740 1606 4814 εὐηργετήθην,

120 4827 154 4878 l.
203 4825 627 4895 εὐχαριστεῖν,
661 4825 804 4894 ὑπὲρ
826 4825 1030 4879 τούτων
1061 4825 1412 4898 βλασφημίας
1437 4828 1607 4881 αἴτιον

134 4925 241 4974 αις
287 4908 488 4961 Ἀλλά
514 4907 688 4960 ταῦτα
714 4910 808 4961 καὶ
835 4907 930 4962 νῦν
951 4909 1086 4979 έρεῖ,
1109 4910 1292 4979 φησὶν,
1321 4911 1349 4962 6
1383 4909 1604 4982 Ἕλλην,

119 4992 202 5062 δῃ
252 4991 346 5062 μὴ
407 4989 963 5063 περιεργαζόμενον;
1008 4992 1306 5062 Οὐδαμῶς’
1348 4993 1466 5045 οὐδὲ
1498 4995 1607 5066 γὰρ

169 5074 612 5128 εἰδωλοθύτων
665 5075 848 5146 γέμει,
903 5075 988 5128 ἵνα
1036 5074 1194 5128 τοῦτο
1254 5075 1602 5150 ὑποπτεύσῃ⁸

119 5157 291 5220 ,ὐτὸς
325 5157 424 5220 ὠς
469 5157 842 5234 εἰδωλοθύτων
866 5158 1133 5230 ἀπογεύῃ.
1165 5159 1255 5230 Μὴ
1290 5159 1470 5212 τοίνυν
1511 5176 1607 5212 πε-

127 5241 251 5304 ζου
301 5243 616 5312 περιττὰ,
653 5243 776 5312 μηδ’
806 5239 872 5297 αὖ
908 5243 1092 5306 πάλιν,
1122 5244 1390 5314 λεγόντων
1417 5245 1604 5311 τινῶν,

119 5323 497 5379 ῑωλὸθυτόν
551 5326 689 5385 ἐστι.
724 5324 993 5380 κοινώνει.
1039 5326 1148 5380 Kal
1173 5327 1282 5398 γὰρ
1311 5329 1340 5380 6
1372 5327 1606 5398 Χριστὸς

119 5427 204 5461 τοι.
248 5408 508 5471 ἔδωκε,
541 5409 640 5461 xal
675 5409 877 5480 ὑψηλόν
909 5427 968 5463 σε
1003 5408 1224 5480 ἐποίησε
1251 5410 1344 5464 xal
1378 5411 1604 5482 μείζονα

119 5491 298 5546 εῖοεν
335 5489 611 5563 βλάϐης,
640 5493 741 5563 οὐχ
757 5492 844 5545 ῖνα
868 5491 1053 5556 κακῶς
1078 5492 1337 5566 ἀκούσῃς,
1361 5492 1467 5546 οὐδ’
1496 5493 1602 5557 ἵνα,

119 5574 348 5628 ταῦτα.
379 5575 715 5646 ὲκέρδανας
745 5575 820 5639 ὡς
849 5577 940 5629 καὶ
961 5577 1328 5648 εὐχαριστεῖν,
1353 5575 1603 5630 ἐντεῦθεν

119 5657 360 5729 λάψῃς
397 5659 652 5730 ἑτέρους
681 5659 755 5724 ὡς
782 5661 874 5714 καὶ
897 5659 1258 5732 βλασφημεῖν.
1286 5659 1384 5714 Διά
1417 5659 1470 5712 τί
1493 5659 1604 5732 γὰρ

119 5759 138 5793 ›
181 5741 291 5811 τῷ
349 5741 645 5813 Ἐλληνι,
677 5743 863 5813 φησὶν,
898 5745 981 5798 ὅτι
1025 5744 1133 5798 Καὶ
1163 5742 1363 5814 τρὼγω
1393 5743 1487 5794 καὶ
1513 5743 1601 5794 οὐ·

120 5841 452 5896 πτομαι.
504 5828 608 5880 xal
639 5827 717 5880 ὃτι
752 5827 864 5898 Οὐχ
890 5829 966 5891 ὼς
993 5826 1163 5900 φιλῶν
1190 5827 1314 5890 τοὺς
1339 5823 1602 5896 δαίμονας

3194 271 3303 338 208

1732 397 1889 452 τοῦτο
1923 397 2092 464 ποιῶ;
2129 398 2252 451 Ὅτι
2292 397 2354 450 οὐ
2396 396 2624 451 δύνασαι
2658 399 2872 461 πεῖσαι,
2913 397 3014 452 κᾶν
3056 399 3315 470 μυριάκις

1735 481 1930 552 λέγῃς’
1964 481 2193 553 ἀσθενὴς
2221 482 2330 552 γάρ
2367 484 2504 548 ἐστι,
2546 482 2642 536 καὶ
2679 483 2956 550 πολέμιος.
2991 484 3051 536 Εἰ
3081 486 3192 553 γὰρ
3224 485 3315 537 τὸν

1733 565 1962 635 ἀδελφὸν
2013 565 2224 619 οὐδέπω
2261 566 2502 631 ἔπεισας,
2550 565 2731 638 πολλῷ
2765 566 2968 636 μᾶλλον
2997 565 3088 619 16v
3122 567 3316 638 ἐχθρὸν

1732 651 1827 702 xal
1861 649 2122 721 Ἕλληνα.
2151 650 2212 702 Εἰ
2238 652 2442 714 ἐκεῖνος
2477 651 2570 704 ἐπὶ
2598 653 2664 721 τῇ
2697 649 2998 719 συνειδήσει
3029 651 3123 702 τοῦ
3164 653 3316 706 εἰδω-

1731 734 1954 787 λοθύτου
1999 734 2310 805 κατέχεται,
2361 735 2536 806 πολλῷ
2575 735 2774 807 μᾶλλον
2811 737 2841 788 6
2872 736 3119 798 ἄπιστος.
3159 735 3223 787 Τί
3257 736 3316 788 δέ

1728 821 1862 890 ἡμῖν
1894 822 1988 874 καὶ
2027 820 2368 892 πραγμάτων
2403 821 2484 874 δεῖ
2527 820 2831 887 τοσούτων;
2864 820 2929 873 Τί
2975 817 3089 880 οὖν,
3125 821 3314 890 ἐπειδὴ

1729 903 1964 973 Χριστὸν
2005 903 2250 972 ἔγνωμεν
2290 905 2385 957 καὶ
2438 903 2890 974 εὐχαριστοῦμεν,
2933 901 3314 973 βλασφημοῦσι

1729 987 1786 1039 δὲ
1837 990 2055 1049 ἐκεῖνοι,
2116 988 2202 1042 διὰ
2241 987 2400 1040 τοῦτο
2456 987 2880 1056 ἀποστησόμεθα
2929 987 3024 1040 xal
3085 983 3341 1050 τούτουςῖ

1732 1071 1949 1141 Ἀπαγε
1971 1088 1984 1101 °
2020 1071 2080 1124 ού
2115 1072 2224 1139 γάρ
2256 1073 2402 1124 ἐστιν
2446 1070 2560 1124 ἴσον
2586 1088 2601 1103 ·
2641 1073 2759 1124 ἐκεῖ
2803 1071 2900 1141 μὲν
2943 1071 3055 1142 γάρ
3093 1070 3228 1123 πολύ
3254 1070 3312 1122 τὸ

1730 1153 1918 1222 κέρδος
1947 1157 2011 1208 ὲκ
2047 1154 2142 1208 τοῦ
2193 1157 2381 1226 φέρειν
2412 1157 2526 1226 ’τὴν
2568 1155 2936 1226 βλασφημίαν,
2989 1153 3223 1208 ἐνταῦθα
3253 1153 3312 1206 δέ

1727 1238 1878 1291 οὐδὲν
1932 1238 2084 1291 ἔσται
2117 1239 2302 1292 πλέον.
2344 1239 2434 1292 Διὸ
2463 1240 2557 1293 xal
2591 1227 2875 1310 προλαϐὼν
2903 1239 3088 1306 ἔλεγεν
3115 1256 3127 1268 ·
3163 1238 3313 1292 Οὔτε

1728 1321 1837 1390 γὰρ
1873 1322 1985 1376 ἐὰν
2029 1322 2326 1392 φάγωμεν,
2380 1325 2835 1392 περισσεύομεν,
2883 1323 3024 1378 οὔτε
3066 1322 3174 1376 ἐὰν
3221 1321 3308 1391 μὴ

1726 1403 2028 1474 φάγωμεν,
2079 1408 2489 1476 ὑστερούμεθα
2508 1419 2554 1460 ι.
2617 1407 2729 1460 Kal
2791 1407 2962 1477 χωρὶς
3018 1405 3208 1459 τούτου
3251 1403 3308 1458 δὲ

1727 1488 1959 1557 φευκτὸν
2001 1488 2063 1542 16
2109 1490 2342 1560 πρᾶγμα
2377 1491 2675 1558 ἀπέφηνεν,
2721 1487 2863 1542 ὥστε
2910 1489 3004 1543 xal
3039 1487 3307 1559 ἑτέρωθεν

1726 1570 1906 1623 αὐτῶν
1931 1571 2230 1641 ἀπέχεσθαι
2263 1573 2362 1636 δεῖ,
2408 1574 2467 1626 οὐ
2513 1572 2602 1626 διά
2634 1571 2789 1626 τοῦτο
2823 1572 3001 1643 μόνον,
3035 1571 3170 1624 ἀλλά
3215 1570 3310 1623 καὶ

1725 1652 1814 1706 διὰ
1839 1653 1936 1716 τὰς
1965 1653 2133 1718 ἄλλας
2157 1655 2223 1717 ἀς
2257 1657 2478 1727 εἴρηκεν
2506 1655 2702 1719 αἰτίας.
2738 1655 2876 1710 Εἴτε
2901 1649 3016 1708 οὖν
3049 1655 3305 1714 ἐσθίετε,

1723 1736 1778 1788 εἴ
1783 1753 1844 1788 τε
1857 1738 2090 1795 πίνετε.
2121 1740 2240 1791 είτε
2264 1755 2312 1791 τι
2343 1738 2582 1801 ποιεῖτε,
2613 1737 2810 1792 πάντα
2837 1739 2925 1802 είς
2948 1737 3135 1800 δόξαν
3160 1736 3310 1789 Θεοῦ

1725 1818 1964 1874 ποιεῖτε.
2003 1815 2158 1884 Εἶδες
2180 1821 2297 1884 πῶς
2329 1820 2436 1874 ἀπὺ
2463 1820 2557 1874 τοῦ
2585 1821 2944 1892 προκειμένου
2971 1821 3065 1873 ἐπὶ
3092 1819 3152 1872 16
3177 1818 3310 1872 καθ-

1723 1903 1904 1957 ολικὸν
1941 1904 2178 1977 ἐξήγαγε
2230 1905 2328 1976 τὴν
2368 1905 2713 1976 παραίνεσιν,
2764 1906 2859 1958 ἕνα
2904 1905 3190 1958 κάλλιστον
3217 1902 3309 1955 16v

1723 1987 1847 2058 δρον
1877 1990 2011 2059 ἡμῖν
2039 1989 2182 2054 δοὺς,
2215 1989 2276 2042 16
2304 1989 2394 2041 16v
2426 1987 2560 2041 Θεὸν
2585 1988 2672 2041 διὰ
2699 1989 2915 2041 πάντων
2948 1986 3264 2054 δοξάζεσθαι
3291 2001 3306 2050 ;

1736 2071 2138 2140 Ἀπρόσκοποι
2186 2073 2425 2140 γίνεσθε
2457 2071 2554 2126 καί
2597 2071 2895 2138 Ἰουδαίοις
2928 2071 3022 2125 καί
3053 2071 3310 2135 Ἕλλησι

1724 2155 1826 2208 καί
1862 2155 1937 2224 τῇ
1985 2157 2310 2224 Ἐκκλησίᾳ
2363 2155 2470 2210 τοῦ
2511 2155 2679 2210 Θεοῦ.
2717 2154 2998 2220 Τουτέστι,
3037 2152 3310 2225 μηδεμίαν

1723 2240 1992 2310 παρέχετε
2022 2240 2192 2310 λαϐὴν
2221 2240 2430 2312 μηδενί.
2463 2241 2573 2294 Kal
2606 2240 2714 2311 γὰρ
2751 2242 2778 2294 6
2807 2237 3039 2308 ἀδελφὸς
3071 2236 3309 2291 σκανδα-

1722 2321 1950 2387 λίζεται,
1981 2323 2120 2375 καλό
2157 2323 2404 2388 Ἰουδαῖος
2436 2322 2635 2393 μᾶλλόν
2667 2339 2726 2376 σε
2759 2322 2980 2393 μισήσει
3009 2321 3104 2374 καὶ
3136 2337 3308 2374 κατα-

1723 2404 1991 2475 γνώσεται
2031 2423 2146 2467 σου,
2197 2408 2292 2460 καὶ
2329 2407 2358 2460 ὁ
2409 2405 2609 2477 Ἕλλην
2649 2405 2848 2476 ὁμοίως
2893 2404 2969 2468 ὡς
3002 2403 3309 2474 λαίμαργον

1721 2490 1865 2545 οὕτω
1896 2492 2190 2561 γελάσεται
2223 2493 2320 2546 xal
2355 2492 2677 2563 ὑποκριτήν.
2729 2491 2806 2544 Οὐ
2848 2489 3010 2560 μόνον
3051 2489 3108 2543 δὲ
3150 2489 3308 2542 ἀδελ-

1725 2577 1856 2646 φοὺς
1885 2577 1948 2630 οὐ
1971 2576 2077 2649 χρὴ
2107 2577 2382 2648 πλήττειν,
2414 2577 2529 2630 ἀλλ’
2556 2577 2615 2629 ἐν
2634 2578 2745 2638 τοῖς
2768 2575 3014 2638 δυνατοῖς
3043 2573 3163 2627 οὐδὲ
3183 2575 3307 2638 τοὺς

1724 2657 1943 2725 ἔξωθεν.
1987 2660 2049 2712 Εἰ
2084 2659 2190 2731 γὰρ
2233 2660 2348 2728 φῶς
2381 2661 2552 2729 ἐσμεν
2581 2660 2676 2712 xal
2706 2657 2852 2730 ζύμη
2899 2659 2994 2711 xal
3019 2657 3306 2728 φωστῆρες

1722 2745 1818 2796 xal
1853 2744 1988 2808 ἃλας
2011 2745 2060 2811 δ,
2095 2744 2370 2814 φωτίζειν,
2397 2744 2456 2797 οὐ
2498 2742 2767 2807 σκοτίζειν
2794 2743 2908 2796 δεῖ·
2941 2741 3214 2811 σφίγγειν,
3244 2742 3307 2796 οὐ

1723 2827 2023 2898 παραλύειν
2043 2843 2057 2858 ’
2088 2827 2224 2898 πρὸς
2254 2827 2479 2890 ἑαυτοὺς
2510 2825 2847 2879 ἐπισπᾶσθαι
2873 2827 2999 2890 τοὺς
3019 2825 3305 2889 ἀπίστους,

1721 2909 1784 2962 οὐ
1827 2909 2171 2979 φυγαδεύειν.
2217 2909 2282 2963 Τί
2333 2910 2513 2963 τοίνυν
2559 2907 2796 2972 διώκεις,
2851 2908 2942 2972 οὒς
2982 2908 3304 2978 ἐφέλκεσθαι

1721 2993 1829 3058 δεῖς
1859 2995 1968 3046 Kal
1995 2995 2103 3066 γὰρ
2133 2993 2394 3066 ’Έλληνες
2417 2993 2764 3064 πλὴττονται,
2793 2993 2921 3046 ὅταν
2945 2992 3096 3046 ῐδωσι
3119 2992 3309 3046 παλιν-

1722 3075 2056 3147 δρομοῦντας
2085 3077 2232 3148 ἡμᾶς
2259 3079 2336 3140 εἰς
2369 3075 2438 3130 τὰ
2471 3075 2728 3128 τοιαῦτα·
2776 3077 2876 3146 τὴν
2906 3075 3014 3146 γὰρ
3067 3075 3308 3129 διάνοιαν

1722 3159 1824 3214 οὐκ
1854 3159 2053 3226 ίσασιν,
2080 3159 2188 3214 οὐδ’
2216 3161 2298 3214 δτι
2331 3159 2532 3223 παντὸς
2569 3158 2825 3228 αἰσθητοῦ
2860 3158 3136 3230 μολυσμοῦ
3163 3159 3308 3212 ἀνω-

1721 3243 1854 3314 τέρα
1890 3244 2112 3312 γέγονεν
2146 3246 2178 3314 ἡ
2217 3243 2385 3315 ψυχή.
2428 3243 2538 3297 Kal
2581 3243 2632 3296 οἰ
2681 3241 2923 3296 Ἰουδαῖοι
2963 3241 3019 3294 δέ
3058 3240 3153 3294 καὶ
3195 3242 3306 3295 τῶν

1723 3326 1967 3394 ἀδελφῶν
2005 3327 2054 3379 οἰ
2101 3326 2482 3398 ἀσθενέστεροι
2519 3325 2589 3379 τά
2637 3324 2776 3378 αὐτά
2819 3325 3117 3379 πείσονται.
3153 3321 3305 3390 Εἶδες

1721 3411 1894 3474 πόσας
1945 3409 2124 3474 αἰτίας
2171 3409 2408 3471 τέθεικε,
2453 3408 2522 3462 δι’
2551 3407 2618 3472 ἃς
2654 3407 2758 3479 χρὴ
2795 3407 2903 3460 τῶν
2940 3407 3306 3461 εἰδωλοθύτων

1722 3492 2060 3564 ἀπέχεσθαι;
2087 3490 2173 3544 διά
2203 3491 2264 3544 16
2291 3491 2567 3562 ἀνόνητον,
2592 3490 2680 3544 διὰ
2709 3489 2770 3543 16
2799 3489 3075 3561 περιττὸν,
3096 3489 3184 3544 διὰ
3206 3489 3306 3562 τὴν

1719 3576 1815 3631 τοῦ
1841 3575 2071 3646 ἀδελφοῦ
2108 3575 2334 3647 βλάϐην,
2369 3575 2460 3629 διὰ
2499 3577 2599 3648 τὴν
2625 3574 2718 3628 τοῦ
2759 3574 3014 3628 Ἰουδαίου
3059 3573 3304 3644 βλασφη-

1724 3662 1872 3732 μίαν,
1902 3660 1990 3715 διὰ
2028 3661 2129 3732 τὴν
2172 3659 2266 3713 τοῦ
2297 3659 2557 3729 Ἕλληνος
2599 3659 2960 3730 κακηγορίαν,
2998 3657 3088 3711 διὰ
3125 3658 3187 3711 16
3226 3659 3302 3730 μὴ

1719 3745 1828 3798 δεῖν
1848 3745 2066 3814 δαίμοσι
2088 3745 2384 3807 κοινωνεῖν,
2414 3743 2499 3797 διὰ
2523 3742 2580 3796 16
2611 3740 3052 3812 εἰδωλολατρείαν
3081 3740 3201 3794 τινὰ
3223 3738 3302 3794 εί-

1719 3845 1805 3880 ναι
1824 3826 1972 3900 [225]
1988 3828 2046 3881 τὸ
2063 3829 2313 3900 πρᾶγμα.
2335 3822 2488 3886 Εἶτα.
2512 3825 2696 3896 ἐπειδὴ
2711 3820 2885 3885 εἶπεν,
2911 3825 3304 3894 Ἄπρόσκοποι

1718 3911 1994 3980 γίνεσθε,
2037 3911 2134 3965 καὶ
2173 3910 2508 3974 ὑπευθύνους
2559 3910 2756 3972 αὐτοὺς
2798 3908 3020 3977 ἐποίησε
3071 3908 3165 3962 xal
3203 3907 3303 3976 τῆς

1718 3995 1826 4048 τῶν
1875 3995 2143 4067 Ἑλλήνων
2189 3995 2396 4066 βλάϐης
2436 3994 2532 4048 xal
2571 3996 2671 4065 τῆς
2713 3993 2822 4048 τῶν
2870 3991 3159 4055 Ἰουδαίων,
3206 3993 3302 4045 καὶ

1721 4078 1857 4149 βαρὺ
1888 4080 1950 4132 16
1981 4080 2272 4150 λεγόμενον
2306 4075 2396 4150 ἦν,
2437 4079 2539 4149 ὅρα
2575 4078 2692 4142 πῶς
2728 4076 2860 4132 αὐτὸ
2895 4075 3302 4147 εὐπαράδεκτον

1718 4163 1814 4216 καὶ
1842 4163 2045 4232 κοῦφον
2086 4165 2250 4228 ποιεῖ,
2287 4162 2458 4226 τιθεὶς
2493 4161 2685 4215 ἐαυτὸν
2720 4160 2906 4230 μέσον,
2949 4158 3046 4211 καὶ
3087 4158 3297 4226 λέγων’

1717 4245 1924 4312 Καθὼς
1955 4247 2118 4316 κάγὼ
2143 4245 2340 4299 πάντα
2381 4243 2571 4299 πᾶσιν
2597 4245 2854 4312 ἀρέσκω,
2895 4241 2982 4312 μὴ
3021 4240 3208 4308 ζητῶν
3231 4241 3300 4295 τὸ

1715 4330 1978 4400 ἐμαυτοῦ
2025 4330 2355 4401 συμφέρον,
2402 4329 2563 4382 ἀλλὰ
2620 4330 2686 4381 τὸ
2734 4323 2854 4380 τῶν
2889 4324 3155 4389 πολλῶν,
3199 4325 3300 4377 ἵνα

1715 4412 1976 4469 σωθῶσι.
2019 4415 2279 4483 Mummi
2306 4431 2426 4482 μου
2454 4412 2718 4482 γίνεσθε,
2750 4409 2947 4476 καθὼς
2970 4407 3130 4480 κάγὼ
3161 4411 3299 4476 Χρι-

1715 4513 1887 4554 στου.

1786 4655 1834 4726 κί
1863 4654 2032 4709 Τοῦτο
2047 4653 2224 4708 κανὼν
2239 4652 2650 4726 χριστιανισμοῦ
2666 4651 2755 4706 τοῦ
2771 4651 3126 4716 τελειοτάτου,
3139 4649 3297 4706 τοῦτο

1713 4739 1839 4812 ὅρος
1861 4738 2262 4810 ἡκριϐωμένος,
2293 4738 2433 4811 αῦτη
2465 4741 2497 4811 ἡ
2533 4739 2744 4810 κορυφὴ
2775 4739 2807 4808 ἡ
2838 4738 3116 4798 ἀνωτάτω,
3141 4738 3198 4790 16
3226 4739 3296 4792 τὰ

1714 4825 1868 4894 κοινῇ
1921 4823 2266 4894 συμφέροντα
2325 4822 2529 4895 ζητεῖν.
2571 4825 2748 4893 Ὅπερ
2786 4823 2878 4877 καί
2922 4822 3082 4884 αὐτὸς
3119 4821 3295 4893 δηλῶν

1713 4907 1982 4976 ἐπήγαγεο
2018 4905 2227 4972 Καθὼς
2265 4906 2427 4976 κάγὼ
2468 4906 2745 4974 Χριστοῦ.
2790 4905 2956 4958 Οὐδὲν
3005 4904 3116 4976 γὰρ
3153 4905 3295 4958 οὕτω

1711 4990 1935 5043 δύναται
1976 4992 2198 5060 ποιῆσαι
2233 4990 2474 5060 μιμητὴν
2501 4989 2594 5043 τοῦ
2633 4988 2889 5061 Χριστοῦ,
2919 4988 2993 5051 ὼς
3033 4988 3092 5042 16
3135 4989 3294 5060 κήδε-

1714 5073 1835 5126 σθαι
1863 5073 1970 5125 τῶν
2004 5073 2247 5143 πλησίον.
2287 5073 2446 5125 Ἀλλά
2474 5072 2576 5126 κᾶν
2606 5071 2926 5143 νηστεύσῃς.
2955 5070 3058 5124 κᾶν
3090 5088 3296 5140 χαμευ-

1713 5159 1901 5226 νήσῃς,
1931 5155 2033 5208 κᾶν
2065 5156 2458 5226 ἁπαγχονήσῃς
2483 5155 2698 5214 σαυτὸν,
2737 5154 2832 5207 τοῦ
2864 5155 2920 5207 δέ
2959 5154 3186 5222 πλησίον
3216 5155 3293 5226 μὴ

1711 5243 1964 5311 προνοῇς,
1989 5240 2140 5293 οὐδὲν
2177 5241 2318 5308 μέγα
2341 5240 2601 5310 εἰργάσω.
2626 5238 2740 5293 ἀλλ’
2762 5239 2842 5292 ἔτι
2875 5239 3061 5309 πόρρω
3090 5237 3295 5306 ταύτης

1709 5325 1808 5395 τῆς
1837 5324 2044 5386 εἰκόνος
2096 5323 2334 5394 ἕστηκας
2380 5322 2556 5376 ταῦτα
2601 5323 2789 5377 ποιῶν.
2833 5322 3026 5376 Καίτοι
3057 5321 3295 5374 ἐνταῦθα

1713 5409 1810 5480 μέν
1839 5409 1933 5461 καὶ
1965 5407 2096 5460 αὐτὸ
2119 5407 2276 5476 φύσει
2301 5406 2362 5460 16
2389 5408 2620 5478 πρᾶγμα
2645 5406 2920 5469 λυσιτελές
2942 5408 3078 5470 ἐστι,
3103 5406 3162 5458 16
3186 5407 3294 5458 ἀπ-

1710 5492 1931 5562 έχεσθαι
1959 5492 2065 5544 τῶν
2103 5489 2499 5544 εἰδωλοθύτων
2566 5490 2676 5558 ἐγὼ
2708 5491 2764 5543 δέ
2824 5490 2995 5544 πολλὰ
3037 5489 3130 5542 καὶ
3181 5486 3321 5566 τῶν

1709 5576 2040 5647 ἀσυμφόρων
2067 5575 2318 5646 ἐποίησα,
2345 5575 2528 5645 φησὶν,
2559 5569 2688 5639 οἷον,
2720 5575 2805 5628 ἴτε
2829 5573 3171 5644 περιέτεμον,
3200 5571 3291 5623 ὅτε

1711 5659 1894 5712 ἔθυσα.
1933 5658 2118 5712 Ταῦτα
2149 5660 2257 5730 γὰρ
2297 5659 2352 5712 εί
2383 5676 2466 5724 τις
2507 5658 2627 5712 καθ’
2665 5657 2836 5712 ἐαυτά
2867 5656 3162 5722 ἐξετάσειε,
3197 5655 3292 5710 καὶ

1774 5842 1796 5871 ⁰
1822 5837 2084 5905 Legebalur
2107 5836 2410 5902 ὐττεροῐμεν.
2484 5838 2510 5879 ι›
2539 5835 2795 5898 ιρῃιξῖιαίαν
2817 5835 2868 5882 ἄ)
2880 5850 2942 5889 ες,
