3776 6326
423 282 529 337 2⁸⁸9

423 391 682 448 ἀπόλλυσι
711 391 838 452 τοὺς
863 391 1151 460 μετιόντας
1179 395 1390 463 καὶτῆς
1413 394 1684 466 σωτηρίας
1711 393 1995 446 ἐκπίπτειν

422 476 582 529 ποιεῖ·
617 473 730 527 ἀλλ’
753 474 900 544 ὅμως
929 475 1196 544 ὑπέμεινα
1223 478 1316 530 καὶ
1336 477 1506 531 ταῦτα
1535 477 1623 530 διὰ
1648 477 1710 530 τὸ
1729 477 1788 540 ἐξ
1813 475 1990 530 αὑτῶν

395 549 630 628 κέρδος.
673 557 940 612 Ἐνταῦθα
976 559 1032 612 δέ
1059 560 1210 612 οὐδὲν
1240 559 1496 614 τοιοῦτον.
1541 561 1686 614 Ἐκεῖ
1729 562 1826 631 μὲν
1863 560 1990 627 γάρ,

421 640 486 694 ἂν
517 639 592 710 μὴ
617 643 794 710 προσῇ
821 642 855 710 ή
889 640 1129 708 ὠφέλεια
1163 643 1258 694 καὶ
1286 642 1347 696 τὸ
1381 644 1448 696 δι’
1477 643 1695 713 ἐτέρους
1723 642 1993 712 γενέσθαι,

422 724 542 776 τότε
571 723 765 792 βλάϐος
789 723 846 775 τὸ
879 726 1111 794 πρᾶγμα
1135 725 1364 793 γίνεται·
1395 727 1627 779 ἐνταῦθα
1645 727 1732 792 δὲ,
1759 726 1860 779 κᾶν
1895 743 1996 796 μη-

423 806 531 870 δεὶς
561 807 590 859 6
621 804 1099 877 σκανδαλιζόμενος
1131 805 1187 881 ᾗ,
1228 811 1322 862 καὶ
1359 809 1532 872 οὕτως
1564 809 1857 878 ἀπέχεσθαι
1887 807 1996 860 τῶν

423 889 812 960 κεκωλυμένων
847 891 971 960 χρή.
1022 891 1095 944 Οὐ
1130 892 1289 961 μόνον
1337 893 1391 946 δὲ
1445 891 1700 962 βλαϐερά,
1740 889 1875 944 ἀλλά
1904 891 1996 942 καὶ

423 974 653 1028 ἐπίπονα
706 975 992 1044 ὑπέμεινα.
1031 975 1257 1042 Ἀλλας
1305 976 1413 1047 γάρ
1457 976 1816 1042 Ἐκκλησίας
1852 975 1996 1028 ἐσύ-

423 1061 607 1124 λησα,
643 1059 799 1126 φησὶ,
829 1058 1029 1112 λαϐὼν
1065 1057 1349 1125 ὀψώνιον,
1391 1059 1485 1112 καὶ
1523 1059 1640 1123 ἐξὸν
1679 1058 1878 1111 ἐσθίειν
1905 1057 1998 1109 καὶ

423 1139 500 1209 μὴ
519 1139 865 1208 ἐργάζεσθαι,
894 1141 994 1193 οὐκ
1015 1140 1255 1212 ἐζήτησα
1274 1141 1451 1204 τοῦτο,
1469 1141 1582 1195 ἀλλ’
1607 1141 1828 1210 εἱλόμην
1855 1137 1998 1208 λιμῷ

421 1221 784 1293 διαφθαρῆναι
805 1222 1024 1292 μᾶλλον,
1057 1224 1090 1294 ἢ
1115 1225 1460 1278 σκανδαλίσαι
1490 1225 1696 1296 ἕτερον.
1726 1223 1824 1298 Διά
1842 1222 2000 1278 τοῦτό

423 1321 576 1376 φησι,
619 1303 822 1359 Πάντα
851 1305 1041 1361 πᾶσιν
1059 1307 1312 1374 ἀρέσκω.
1351 1309 1450 1360 Ἀν
1474 1325 1532 1360 τε
1561 1309 1896 1377 παράνομον,
1933 1306 1999 1360 ἂν

421 1406 480 1440 τε
515 1390 768 1444 ἐπίπονον
807 1391 900 1444 καὶ
937 1393 1274 1446 ἐπικίνδυνον
1298 1392 1394 1464 δέῃ
1427 1393 1668 1462 ποιῆσαι.
1715 1394 1890 1445 πάντα
1921 1391 1999 1452 είς

421 1470 484 1523 τὸ
513 1471 713 1542 ἐτέρων
745 1473 1017 1544 συμφέρον
1041 1473 1314 1545 ὑπομένω.
1340 1476 1560 1528 Πάντων
1580 1474 1708 1544 γοῦν
1730 1474 1999 1543 ἀνώτερος

423 1551 500 1606 ῶν
527 1556 666 1608 κατά
698 1555 796 1625 τὴν
837 1556 1142 1627 ἀκρίϐειαν,
1183 1557 1404 1612 πάντων
1456 1557 1762 1628 κατώτερος
1808 1556 1998 1626 γέγονε

425 1635 566 1690 κατὰ
596 1636 694 1708 τήν
722 1638 1145 1705 συγκατάϐασιν.

491 1719 602 1772 Καὶ
626 1719 734 1790 γὰρ
769 1721 919 1774 οὐδὲν
949 1721 1280 1792 κατόρθωμα
1325 1723 1529 1794 σφόδρα
1573 1723 1716 1794 μέγα
1739 1715 1874 1774 εἷναι
1905 1720 1998 1775 δύ-

422 1803 558 1856 ναιτ’
589 1801 678 1867 ἃν,
707 1805 833 1858 ὅταν
870 1805 945 1876 μὴ
973 1805 1033 1858 τὸ
1064 1805 1250 1875 κέρδος
1277 1807 1372 1860 καὶ
1400 1809 1478 1869 εἰς
1508 1807 1727 1878 ἐτέρους
1760 1795 1994 1876 διαδιδῷ·

422 1886 516 1938 καὶ
539 1885 686 1956 δηλοῖ
712 1888 740 1940 6
769 1886 830 1938 16
855 1887 1114 1940 τάλαντον
1135 1889 1287 1957 ὑγιὲς
1311 1893 1714 1958 προσενεγκὼν,
1743 1890 1838 1942 καὶ
1857 1889 2000 1960 διχο-

419 1967 676 2039 τομηθεὶς
707 1968 890 2040 ἐπειδὴ
913 1969 1045 2024 αὐτὸ
1082 1969 1182 2024 οὑκ
1223 1970 1534 2026 ἐπλεόνασε.
1561 1973 1671 2026 Καὶ
1705 1974 1768 2026 σὺ
1796 1973 1996 2038 τοίνυν,

421 2051 637 2119 ἀδελφὲ,
678 2052 781 2104 κᾶν
811 2051 992 2116 ἄσιτος
1024 2054 1210 2127 μένῃς,
1251 2055 1356 2108 κᾶν
1379 2055 1550 2126 χαμαὶ
1583 2055 1864 2128 καθεύδῃς,
1897 2053 1998 2108 κάν

422 2133 628 2203 τέφραν
660 2134 868 2206 ἐσθίῃς,
913 2136 1016 2190 κᾶν
1066 2136 1267 2208 θρηνῇς
1309 2138 1617 2202 διαπαντὸς,
1652 2141 1745 2192 καὶ
1795 2137 1998 2210 μηδένα

421 2214 606 2284 ἕτερον
629 2215 862 2288 ώφελῇς.
883 2219 1040 2272 οὐδὲν
1075 2220 1216 2290 μέγα
1237 2221 1466 2292 ἐργάσῃ.
1497 2221 1608 2274 Καὶ
1637 2222 1742 2294 γάρ
1764 2221 1857 2276 καὶ
1885 2223 1998 2284 τοῖς

423 2300 482 2352 ἐν
527 2301 668 2372 ἀρχῇ
729 2302 982 2372 μεγάλοις
1038 2305 1134 2356 καὶ
1184 2305 1452 2372 γενναίοις
1506 2305 1730 2370 ἐκείνοις
1772 2303 1997 2372 ἀνδράσι

421 2380 580 2434 τοῦτο
635 2383 868 2452 μάλιστα
911 2386 1373 2457 περισπούδαστον
1414 2381 1508 2458 ἦν·
1541 2387 1790 2452 ἐξέτασον
1819 2386 1998 2440 αὐτῶν

425 2465 563 2536 μετά
595 2467 879 2537 ἀκριϐείας
913 2469 1004 2521 τὸν
1037 2469 1172 2538 βίον,
1200 2470 1292 2524 καὶ
1327 2470 1446 2539 ὕψει
1477 2469 1684 2538 σαφῶς,
1714 2470 1796 2523 ὅτι
1824 2469 1998 2532 οὐδεὶς

405 2549 604 2603 ,αὐτῶν
621 2551 690 2604 τά
713 2551 905 2604 ἐαυτοῦ
924 2569 1054 2604 ποτε
1079 2553 1403 2624 ἐσκόπησεν,
1422 2551 1557 2607 ἀλλά
1572 2551 1642 2605 τά
1657 2551 1749 2605 τοῦ
1772 2551 1999 2622 πλησίον

422 2633 672 2697 ἕκαστος·
695 2635 816 2688 ὅθεν
852 2636 946 2688 καὶ
982 2633 1227 2705 ἔλαμψαν
1263 2635 1481 2706 μᾶλλον.
1509 2636 1618 2688 Καὶ
1656 2635 1761 2706 γάρ
1790 2635 1883 2686 καὶ
1921 2635 1999 2706 τῷ

423 2716 629 2787 Μωῦσῇ
667 2717 834 2770 πολλά
858 2718 949 2770 καὶ
979 2717 1191 2786 μεγάλα
1219 2717 1478 2790 είργάσθη
1504 2719 1756 2788 θαύματα
1785 2719 1878 2772 καὶ
1905 2735 2000 2790 ση-

427 2801 574 2868 μεῖα·
607 2799 720 2853 ἀλλ’
749 2801 900 2854 οὐδὲν
931 2801 1092 2854 αὑτὸν
1136 2799 1277 2854 οὕτω
1323 2801 1498 2870 μέγαν
1540 2802 1816 2870 ἐποίησεν,
1847 2802 1922 2864 ὡς
1964 2803 1998 2872 ἡ

427 2883 673 2952 μακαρία
713 2883 896 2954 ἐκείνη
943 2884 1114 2954 φωνὴ,
1143 2883 1211 2954 ἢν
1236 2885 1371 2954 πρὸς
1401 2883 1493 2936 τὸν
1517 2883 1649 2937 Θεὸν
1679 2883 1881 2954 ἀφῆκε,
1908 2881 1997 2937 λέ-

426 2980 556 3032 γων·
589 2968 659 3020 El
688 2965 803 3034 μὲν
827 2963 987 3034 ἀφῇς
1019 2966 1224 3034 αὐτοῖς
1254 2965 1369 3034 τὴν
1406 2967 1718 3036 ἁμαρτίαν,
1745 2967 1914 3036 ἄφες·
1945 2970 2000 3021 εὶ

425 3045 494 3100 δὲ
519 3047 627 3118 μὴ,
662 3047 813 3118 κάμὲ
856 3049 1206 3119 ἐξάλειψον.
1238 3049 1487 3114 Τοιοῦτος
1525 3049 1675 3122 [⁸224]
1711 3046 1779 3121 ἦν
1833 3051 1928 3103 καὶ
1971 3053 2000 3104 ό

423 3131 621 3184 Δαυῖδ·
686 3131 769 3186 διὸ
814 3133 908 3186 καὶ
945 3133 1150 3202 ἔλεγεν,
1189 3133 1336 3204 Ἐγὼ
1382 3137 1414 3188 ό
1455 3133 1681 3202 ποιμὴν
1711 3134 1994 3202 ἥμαρτον,

425 3213 525 3268 καί
554 3213 668 3284 ἐγὼ
695 3214 1124 3281 ἐκακοποιησιι,
1172 3216 1271 3269 καὶ
1311 3211 1478 3272 οὗτοι
1520 3217 1586 3270 τὸ
1634 3219 1910 3285 ποίμνιον
1942 3219 1999 3271 τί

426 3299 758 3366 ἐποίησαν;
783 3297 1060 3352 Γενέσθω
1107 3300 1142 3367 ἡ
1181 3299 1309 3366 χείρ
1337 3315 1452 3352 σου
1481 3300 1573 3352 ἐπ’
1612 3299 1736 3368 ἐμὲ,
1765 3300 1863 3354 καί
1899 3301 1997 3354 ἐπὶ

426 3381 534 3436 τὸν
550 3377 717 3435 οἷκον
733 3381 840 3436 τοῦ
865 3383 1087 3450 πατρός
1109 3401 1246 3450 μου.
1272 3379 1426 3434 Οῦτω
1456 3384 1547 3435 καὶ
1569 3383 1596 3436 6
1626 3385 1872 3454 Ἀϐραὰμ
1898 3386 1997 3438 οὐκ

427 3462 611 3534 ἐζήτει
639 3463 700 3516 τὸ
724 3461 914 3516 ἐαυτοῦ
945 3463 1241 3534 συμφέρον,
1273 3463 1408 3518 ἀλλά
1428 3465 1488 3517 τὸ
1511 3466 1618 3518 τῶν
1649 3467 1876 3522 πολλῶν.
1907 3469 1998 3521 Διὸ

429 3546 523 3600 καὶ
552 3545 812 3608 κινδύνοις
835 3545 1025 3599 ἐαυτὸν
1055 3545 1308 3613 ἐξεδίδου,
1337 3549 1432 3600 καὶ
1455 3549 1544 3600 τὸν
1572 3547 1704 3602 Θεὸν
1732 3551 1870 3622 ὑπὲρ
1891 3551 1996 3604 τῶν

429 3627 578 3681 οὐδὲν
608 3627 754 3697 αὑτῷ
782 3627 1165 3698 προσηκόντων
1205 3629 1522 3700 παρεκάλει.
1563 3631 1673 3684 Καὶ
1702 3627 1848 3686 οὗτοι
1898 3635 1997 3704 μὲν

429 3709 601 3773 οὕτως
629 3709 896 3780 ἔλαμψαν·
930 3713 978 3764 οί
1018 3711 1074 3764 δέ
1098 3711 1166 3764 τά
1197 3711 1405 3766 ἑαυτῶν
1437 3713 1763 3786 ζητήσαντες
1807 3717 1996 3770 σκόπει

430 3795 550 3857 πῶς
601 3795 697 3849 καὶ
729 3795 1054 3867 ἐϐλάϐησαν.
1098 3798 1154 3851 '0
1200 3797 1331 3866 γοῦν
1376 3799 1688 3867 ἀδελφιδοῦς
1733 3801 1993 3868 ότούτου,

427 3881 616 3950 ἐπειδὴ
639 3881 888 3951 ήκουσεν,
916 3885 985 3938 El
1012 3882 1093 3937 σὺ
1113 3885 1198 3949 είς
1221 3881 1325 3946 δεε
1329 3884 1406 3950 ιὰ,
1434 3883 1548 3952 ἐγὼ
1567 3883 1636 3937 δὲ
1655 3885 1742 3951 είς
1765 3885 1998 3954 ἀριστε-

424 3963 525 4038 ρὰ,
555 3965 648 4018 καὶ
671 3965 768 4034 τὴν
797 3967 1006 4035 αἵρεσιν
1028 3965 1230 4028 λαϐὼν,
1259 3967 1319 4019 τὸ
1347 3967 1540 4020 ἐαυτοῦ
1572 3971 1846 4039 συμφέρον
1871 3969 1998 4041 ἐζή-

429 4064 614 4116 τησεν,
643 4048 762 4102 οὑδέ
790 4049 850 4101 τὸ
877 4049 1070 4103 ἐαυτοῦ
1103 4045 1279 4120 εὗρεν·
1303 4050 1416 4103 ἀλλ’
1445 4051 1582 4123 αὕτη
1625 4054 1722 4123 μὲν
1747 4051 1998 4124 ἐνέπυρί-

429 4127 554 4194 ζετο
594 4131 627 4200 ή
660 4131 833 4200 χώρα,
863 4133 1042 4202 ἐκείνη
1072 4131 1125 4184 δὲ
1159 4132 1350 4204 ἔμενεν
1387 4135 1680 4200 ἀνέπαφος.
1715 4137 1772 4190 ὐ
1815 4139 1998 4200 Ἰωνᾶς

431 4212 592 4266 πάλιν
629 4214 690 4266 οὑ
721 4213 962 4284 ζητήσας
995 4215 1053 4267 τὸ
1078 4215 1184 4268 τῶν
1217 4216 1423 4269 πολλῶν
1454 4219 1752 4290 συμφέρον,
1775 4219 1909 4272 ἀλλὰ
1937 4220 1999 4272 τὸ

432 4296 648 4361 ἑαυτοῦ,
685 4297 776 4350 καὶ
803 4297 1095 4351 ἀπολέσθαι
1120 4299 1475 4353 ἐκινδύνευσε·
1516 4303 1666 4371 καὶὴ
1713 4305 1810 4374 μὲν
1845 4305 1997 4369 πόλις

431 4383 694 4450 εἱστήκει,
724 4381 884 4445 αὐτὸς
908 4381 962 4434 δὲ
996 4383 1278 4438 ἐσαλεύετο
1312 4385 1406 4437 καὶ
1431 4386 1812 4452 ἐκλυδωνίζετο
1844 4401 1869 4430 α
1904 4393 1998 4442 καὶ

435 4465 866 4528 κατεποντίζετο.
917 4465 1042 4518 Ὅτε
1089 4465 1143 4519 δὲ
1195 4466 1254 4519 τὸ
1297 4467 1402 4520 τῶν
1466 4469 1674 4524 πολλῶν
1723 4473 1998 4542 συμφέρον

432 4546 684 4618 ἐζήτησε,
714 4547 835 4601 τότε
867 4548 961 4600 καὶ
995 4548 1055 4600 τὸ
1083 4549 1277 4602 ἐαυτοῦ
1311 4544 1490 4621 εὗρεν.
1522 4552 1678 4606 Οὕτω
1706 4554 1798 4606 καὶ
1827 4557 1854 4606 6
1893 4557 1997 4608 Ἰα-

433 4631 548 4688 κὼϐ
590 4631 682 4684 ἐπὶ
713 4631 821 4684 τῶν
855 4631 1118 4700 ποιμνίων
1157 4632 1232 4702 μή
1270 4633 1510 4704 ζητήσας
1551 4635 1610 4688 τὸ
1637 4637 1833 4689 οἰκεῖον
1868 4639 1996 4710 κέρ-

432 4714 538 4776 δος,
566 4713 665 4782 τῆς
693 4713 892 4781 πολλῆς
915 4715 1172 4784 εὐπορίας
1201 4717 1501 4785 ἅπήλαυσε.
1527 4719 1636 4770 Καὶ
1667 4720 1696 4770 6
1729 4718 1920 4790 Ἰωσὴφ
1941 4721 1998 4772 δὲ

433 4797 494 4847 τὸ
529 4795 638 4850 τῶν
667 4797 908 4865 ἀδελφῶν
948 4799 1224 4868 συμφέρον
1263 4799 1521 4868 ζητήσας,
1550 4797 1676 4870 εὗρε
1699 4802 1758 4854 16
1786 4803 1995 4858 ἐαυτοῦ.

435 4878 789 4948 Πεμπόμενος
809 4881 938 4948 γοῦν
969 4883 1118 4953 παρά
1145 4879 1238 4934 τοῦ
1269 4883 1472 4952 πατρὸς
1501 4884 1599 4936 οὐκ
1620 4880 1762 4949 εἷπε,
1786 4885 1850 4938 Τί
1879 4887 2002 4940 τοῦ-

433 4975 528 5024 το;
565 4960 664 5014 οὐκ
692 4962 926 5032 ήκουσας
957 4965 1038 5018 ὅτι
1070 4965 1209 5034 ὑπὲρ
1242 4963 1415 5033 ὅψεως
1467 4967 1560 5020 καὶ
1603 4967 1867 5022 ἐνυπνίων
1906 4972 2000 5024 καὶ

434 5043 729 5098 διασπᾶσαι
760 5064 824 5116 με
851 5047 1186 5120 ἐπεχείρουν,
1220 5051 1312 5103 καὶ
1339 5051 1632 5122 ὀνειράτων
1659 5052 1884 5118 εὐθύνας
1907 5055 2002 5108 ὑπ-

437 5131 600 5209 εῖχον,
629 5130 722 5183 καὶ
751 5130 844 5184 τοῦ
884 5131 1153 5200 φιλεῖσθαί
1180 5151 1246 5206 με
1277 5135 1427 5206 παρὰ
1459 5135 1551 5188 σοῦ
1583 5135 1773 5208 δίδωμι
1805 5137 1997 5209 δίκην;

434 5211 487 5264 τί
515 5207 606 5264 οὖν
645 5214 742 5265 οὑκ
783 5213 1103 5284 ἐργάσονταί
1135 5234 1200 5285 με
1237 5217 1489 5283 λαϐόντες
1533 5221 1613 5284 είς
1665 5207 1858 5290 μέσον;
1899 5207 2000 5276 Οὑ-

437 5293 525 5348 δέν
590 5295 794 5349 τούτων
853 5293 1034 5361 εἶπεν,
1092 5301 1190 5353 οὑκ
1240 5303 1548 5372 ἐνενόησεν,
1595 5304 1728 5358 ἀλλὰ
1785 5305 2002 5360 πάντων

437 5379 677 5450 προτιμᾷ
704 5381 803 5450 τήν
839 5383 947 5434 τῶν
979 5382 1218 5451 ἀδελφῶν
1250 5383 1560 5453 θεραπείαν.
1591 5387 1691 5440 Διὰ
1723 5387 1876 5442 τοῦτο
1911 5389 2002 5442 καὶ

436 5460 652 5514 πάντων
679 5463 788 5518 τῶν
819 5466 958 5534 μετά
995 5465 1164 5519 ταῦτα
1205 5467 1510 5521 ἀπέλαυσεν
1555 5471 1796 5539 ἀγαθῶν,
1839 5473 1875 5526 ἀ
1910 5475 2004 5527 καὶ

437 5543 640 5618 σφόδρα
685 5548 932 5620 λαμπρὸν
985 5550 1244 5620 ἐποίησαν
1303 5551 1396 5604 καὶ
1445 5552 1647 5619 ἔνδοξον
1698 5555 1998 5609 ἀπέ········ν.

500 5801 526 5836 υ
547 5799 755 5856 Deerant
785 5801 906 5866 hwc,
927 5803 1006 5852 καί
1032 5802 1377 5860 ίκλνδωνίζετο.

1139 281 1194 335 S.
1231 279 1516 338 JOANNIS
1551 278 2032 336 CHRYSOSTOMI
2062 280 2380 340 ARCHIEP.
2415 283 2963 342 CONSTANTlNOP.
3561 283 3652 340 Ξίθ

2101 395 2256 452 Οὕτω
2323 401 2418 453 καὶ
2483 403 2754 470 Μωῦσῆς·
2819 401 2973 454 οὑδέν
3033 399 3140 470 γὰρ
3203 399 3396 454 κωλύει
3455 400 3548 452 καὶ
3598 407 3654 456 ἐκ

2101 479 2356 552 δευτέρου
2420 483 2580 536 πάλιν
2633 483 2797 536 αὑτοῦ
2865 481 3190 554 μνησθῆναι,
3247 483 3340 536 καὶ
3383 483 3508 534 ίδεῖν
3551 483 3655 546 πῶς

2099 564 2168 618 τά
2214 566 2336 618 καθ’
2365 568 2554 620 ἑαυτὸν
2602 567 2885 638 παρεώρα,
2932 567 3026 620 καὶ
3067 565 3134 618 τά
3184 564 3291 618 τῶν
3333 565 3504 618 ἀλλων
3545 563 3656 634 ἐζή-

2101 664 2202 700 τει.
2247 643 2416 724 ,Οὗτος
2459 651 2568 720 γὰρ
2612 651 2668 702 ἐν
2718 649 3008 718 βασιλείοις
3067 647 3447 720 στρεφόμενος,
3487 648 3656 717 ἐπειδὴ

2105 731 2328 799 μείζονα
2360 732 2587 786 πλοῦτον
2633 735 2877 802 ἡγήσατο
2927 732 3035 784 τῶν
3077 730 3348 796 Αἰγύπτου
3387 729 3656 800 θησαυρῶν

2104 813 2193 864 τὸν
2223 814 2543 884 ὀνειδισμὸν,
2581 817 2672 868 καὶ
2702 816 2880 868 πάντα.
2932 814 3042 867 ἀπὸ
3097 815 3205 866 τῶν
3257 811 3454 883 χειρῶν
3487 813 3656 882 ῥίψας.

2105 895 2377 949 ἐκοινώνει
2405 898 2512 950 τῶν
2539 899 2722 951 κακῶν
2750 900 2863 960 τοῖς
2899 897 3192 968 Ἑϐραίοις,
3219 895 3279 947 οὑ
3317 895 3474 966 μόνον
3515 895 3658 956 αὐτὸς

2103 979 2204 1031 οὑκ
2227 979 2518 1052 ἐδουλώθη,
2551 981 2686 1034 ἀλλά
2723 982 2817 1034 καὶ
2847 981 3086 1043 ἐκείνους
3111 979 3350 1040 δουλείας
3377 977 3658 1048 ἀπήλλαξε.

2105 1063 2334 1131 Μεγάλα
2371 1065 2470 1136 μὲν
2507 1061 2598 1119 οὖν
2628 1067 2822 1132 ταῦτα,
2875 1067 2967 1120 καὶ
3013 1065 3312 1134 άγγελικῆς
3355 1063 3479 1127 ἀξια
3505 1061 3658 1116 ’πολιο

2105 1149 2274 1209 τείας.

2174 1231 2238 1285 δ’.
2263 1230 2335 1284 T6
2350 1231 2404 1284 δὲ
2427 1231 2522 1284 τοῦ
2539 1233 2752 1286 Παύλου
2783 1233 2982 1302 πολλὴν
3011 1230 3124 1300 ἔχει
3150 1231 3246 1300 τὴν
3264 1227 3585 1300 ὑπερϐολήν.
3605 1229 3660 1280 οι

2109 1315 2205 1382 μέν
2239 1315 2346 1383 γὰρ
2379 1313 2529 1368 ἄλλοι
2564 1317 2762 1379 πάντες
2785 1315 2854 1368 τὰ
2883 1313 3062 1368 αὐτῶν
3088 1314 3314 1383 ἀφέντες
3335 1311 3536 1378 ἀγαθά,
3561 1313 3660 1373 τοῖς

2105 1395 2212 1448 τῶν
2261 1396 2486 1466 πλησίον
2519 1398 2722 1451 εἴλοντο
2756 1399 3031 1451 κοινωνεῖν
3065 1397 3255 1457 κακοῖς
3277 1413 3291 1428 ·
3321 1393 3350 1446 6
3383 1393 3440 1447 δέ
3471 1393 3660 1454 Παῦλος

2107 1478 2284 1550 πολλῷ
2315 1479 2495 1548 μεῖζον
2527 1480 2799 1550 ἐποίησεν.
2835 1479 2907 1532 Οὑ
2932 1479 3039 1548 γὰρ
3071 1480 3190 1540 ταῖς
3219 1477 3422 1546 ἐτέρων
3449 1476 3661 1546 ὴθέλησε

2107 1564 2432 1632 κοινωνῆσαι
2463 1567 2786 1634 συμφοραῖς,
2817 1564 2932 1616 ἀλλ’
2959 1563 3128 1615 εἵλετο
3153 1561 3313 1624 αὑτὸς
3334 1555 3475 1614 εἶναι
3493 1560 3546 1612 ἐν
3566 1562 3661 1620 τοῖς

2107 1647 2374 1716 ἐσχάτοις,
2403 1647 2486 1700 ἵνα
2516 1649 2691 1718 ἕτεροι
2729 1649 2982 1716 γίνωνται
3030 1647 3086 1698 ἐν
3134 1644 3376 1713 ἀγαθοῖς.
3411 1644 3522 1696 Οὐκ
3563 1641 3662 1694 ἔστι

2106 1731 2161 1784 δὲ
2217 1731 2327 1784 ίσον
2357 1731 2485 1786 ὄντα
2521 1733 2577 1784 ἐν
2609 1735 2786 1803 τρυφῇ
2821 1731 2973 1801 ῥῖψαι
3015 1729 3225 1801 τρυφὴν
3257 1728 3352 1780 καὶ
3398 1725 3663 1803 κακουχεῖ-

2109 1812 2252 1874 σθαι,
2268 1815 2428 1868 αὑτὸν
2447 1815 2604 1884 μόνον
2624 1801 2892 1884 κακουχού
2901 1829 3058 1883 μενον
3075 1811 3290 1880 ἐτέρους
3309 1801 3662 1877 ποιῆσαιεῐναι

2107 1897 2164 1948 ἐν
2189 1897 2340 1968 ἀδείᾳ
2387 1899 2479 1952 καὶ
2504 1902 2658 1969 τιμῇ.
2693 1897 2957 1951 Ἐνταῦθα
2993 1897 3090 1966 μὲν
3115 1894 3222 1964 γὰρ
3249 1894 3296 1944 εί
3323 1894 3422 1945 καὶ
3455 1891 3591 1960 μέγα
3613 1889 3664 1942 τὸ

2107 1979 2434 2043 ἀλλάξασθαι
2471 1980 2723 2050 τάικακά
2771 1980 2878 2033 τῶν
2922 1978 3141 2047 ἀγαθῶν
3185 1975 3272 2028 διὰ
3309 1973 3402 2027 τὸν
3437 1973 3660 2042 πλησίον,

2106 2063 2220 2118 ἀλλ’
2249 2065 2398 2135 ὅμως
2432 2065 2588 2135 φέρει
2607 2063 2728 2117 τινὰ
2757 2063 3109 2134 παραμυθίαν
3128 2059 3187 2113 16
3215 2061 3502 2118 κοινωνοὺς
3539 2057 3664 2125 ἐχειν

2105 2147 2204 2216 τῆς
2241 2146 2594 2218 δυσημερίας·
2635 2147 2696 2199 16
2733 2147 2790 2200 δέ
2823 2146 2982 2199 αὑτὸν
3017 2146 3176 2215 μόνον
3211 2143 3415 2197 ἐθέλειν
3458 2135 3588 2192 εἶναι
3615 2140 3662 2190 ἐν

2103 2233 2217 2292 τοῖς
2245 2229 2526 2301 λυπηροῖς,
2564 2232 2649 2284 ἵνα
2675 2231 2851 2300 ἕτεροι
2883 2228 2992 2281 τῶν
3029 2221 3280 2298 χρηστῶν
3307 2223 3660 2282 ἀπολαύσωσι,

2106 2312 2265 2366 τοῦτο
2309 2313 2485 2384 πολλῷ
2529 2313 2923 2383 νεανικωτέρας
2967 2311 3146 2382 ψυχῆς
3189 2309 3281 2363 καὶ
3333 2307 3432 2360 τοῦ
3470 2305 3662 2360 Παύλου

2107 2399 2472 2466 φρονήματος.

2177 2481 2250 2532 Ού
2273 2479 2443 2550 ταύτῃ
2477 2477 2532 2532 δέ
2565 2479 2746 2550 μόνον,
2768 2477 2901 2530 ἀλλά
2930 2476 3022 2530 καὶ
3051 2475 3210 2548 ἑτέρᾳ
3233 2473 3389 2548 [225]
3413 2470 3663 2544 ὑπερϐολῇ

2110 2563 2314 2634 μείζονι
2369 2565 2496 2634 νικᾷ
2532 2565 2658 2624 τοὺς
2703 2561 3130 2632 προειρημένους
3179 2561 3441 2622 ἅπαντας.
3487 2558 3542 2611 ’0
3581 2557 3664 2626 μὲν

2107 2645 2216 2716 γὰρ
2260 2645 2511 2718 Ἀϐραὰμ
2542 2646 2635 2698 καὶ
2659 2646 2706 2697 οἱ
2733 2644 2908 2697 λοιποὶ
2937 2644 3134 2704 πάντες
3161 2641 3431 2702 κινδύνοις
3462 2639 3664 2699 ἑαυτοὺς

2109 2728 2430 2799 περιέϐαλον
2485 2731 2594 2790 τοῖς
2659 2729 2715 2780 ἐν
2762 2727 2840 2796 τῷ
2904 2726 3128 2794 παρόντι
3177 2725 3297 2795 βίῳ,
3347 2725 3447 2778 καὶ
3487 2723 3664 2780 πάντες

2107 2813 2445 2878 ἁπαξαπλῶς
2496 2813 2692 2864 ἐκεῖνοι
2737 2810 2922 2862 τοῦτον
2951 2810 3113 2880 ᾔτουν
3143 2809 3234 2862 τὸν
3267 2807 3516 2861 θάνατον·
3555 2809 3580 2858 6
3619 2803 3665 2854 δὲ

2107 2896 2318 2958 Παῦλος
2366 2895 2464 2966 τῆς
2497 2895 2657 2962 δόξης
2699 2897 2798 2964 τῆς
2845 2891 3144 2962 μελλούσης
3187 2889 3392 2961 ηὔξατο
3436 2889 3668 2942 ἐκπεσεῖν

2109 2979 2250 3052 ὑπὲρ
2293 2980 2392 3050 τῆς
2423 2979 2530 3032 τῶν
2580 2977 2778 3048 ἐτέρων
2826 2973 3116 3046 σωτηρίας.
3156 2975 3302 3044 Ἔχω
3353 2973 3452 3025 καὶ
3497 2972 3666 3042 τρίτην

2108 3064 2281 3116 εἰπεῖν
2336 3061 2660 3133 ὑπερϐολήν.
2695 3059 2858 3112 Ποίαν
2907 3059 2962 3110 δὲ
3015 3057 3258 3126 ταύτην;
3289 3057 3414 3108 Ὅτι
3465 3053 3667 3106 ἐκείνων

2110 3148 2210 3217 μὲν
2249 3145 2398 3212 ἔνιοι,
2442 3147 2490 3198 εἰ
2533 3145 2630 3199 καὶ
2660 3143 2769 3197 τῶν
2801 3141 3298 3196 ἐπιϐουλευσάντων
3335 3141 3670 3210 προῖσταντο,

2105 3230 2221 3285 ἀλλ’
2247 3231 2398 3298 ὅμως
2425 3221 2499 3282 ὧν
2521 3227 2620 3298 τὴν
2643 3223 3001 3296 δημαγωγίαν
3033 3218 3172 3293 ἦσαν
3192 3220 3664 3291 ἐγκεχειρισμένα·

2108 3313 2201 3368 καὶ
2253 3313 2448 3365 ταύτὸν
2501 3310 2834 3372 συνέϐαινεν,
2867 3303 2976 3362 οἷον
3019 3307 3085 3362 ἂν
3131 3307 3289 3368 εἴτις
3327 3306 3663 3376 προῖσταιτο·

2109 3395 2225 3448 υἱοῦ
2266 3394 2468 3467 φαύλου
2501 3393 2599 3463 μὲν
2629 3391 2724 3446 καὶ
2765 3389 3102 3461 παρανόμου,
3129 3387 3244 3442 υἱοῦ
3273 3387 3329 3440 δὲ
3357 3387 3526 3467 ὅμως·
3554 3387 3579 3437 6
3615 3383 3663 3434 δὲ

2109 3461 2319 3540 Παῦλος
2343 3475 2482 3546 ὑπὲρ
2504 3461 2713 3527 τούτων
2738 3471 2983 3526 ἐϐούλετο
3009 3467 3145 3524 εἶναι
3176 3468 3444 3539 ἀνάθεμα,
3475 3461 3547 3520 ὧν
3575 3467 3663 3518 οὑκ

2104 3557 2172 3632 ἦν
2194 3557 2696 3630 ἐμπεπιστευμένος
2715 3557 2812 3628 τὴν
2840 3555 3190 3626 προστασίαν·
3219 3555 3300 3616 είς
3323 3551 3436 3622 γὰρ
3457 3549 3526 3604 τά
3549 3548 3660 3618 ἔθνη

2104 3641 2172 3717 ἦν
2197 3641 2619 3712 ἀπεσταλμένος.
2653 3637 2802 3702 Εἶδες
2835 3638 3010 3709 ψυχῆς
3036 3637 3260 3708 μέγεθος
3287 3635 3381 3688 καὶ
3405 3634 3664 3717 φρονήμα-

2105 3716 2192 3792 τος
2233 3727 2366 3796 ὕψος
2399 3725 2559 3779 αὑτὸν
2598 3723 2922 3794 ὑπερϐαῖνον
2951 3722 3042 3774 τὸν
3070 3720 3329 3790 οὑρανόν;
3373 3717 3545 3770 Τοῦτο
3573 3716 3659 3786 ζή-

2105 3813 2294 3866 λωσον·
2327 3813 2376 3864 εί
2404 3809 2460 3864 δὲ
2491 3809 2551 3861 οὐ
2581 3807 2826 3867 δύνασαι,
2849 3805 2954 3859 κᾶν
2975 3805 3100 3867 τοὺς
3133 3804 3190 3855 ἐν
3207 3805 3274 3874 τῇ
3303 3801 3516 3870 Παλαιᾷ
3537 3799 3662 3866 λάμ·

2104 3895 2330 3966 ψαντας.
2366 3891 2522 3947 Οὕτω
2554 3889 2662 3960 γὰρ
2697 3889 2948 3960 εὑρήσεις
2987 3887 3044 3940 τό
3079 3903 3160 3938 σοι
3188 3885 3485 3956 συμφέρον,
3520 3879 3660 3966 ἂνᾼτὸ

2105 3963 2199 4032 τοῦ
2249 3976 2476 4046 πλησίον
2516 3971 2705 4044 ζητῇς.
2743 3971 2906 4024 Ὥστε
2947 3972 3074 4023 ὅταν
3111 3969 3274 4038 ὀκνῇς
3302 3963 3660 4037 ἐπιμελεῖσθαι

2103 4059 2199 4114 τοῦ
2236 4057 2485 4126 ἀδελφοῦ,
2523 4057 2776 4127 ἐννοήσας
2802 4055 2882 4106 ὅτι
2913 4053 3034 4106 οὐδὲ
3060 4051 3233 4113 ἄλλως
3262 4049 3468 4124 δυνήσῃ
3498 4047 3660 4115 σωθῆ-

2106 4162 2214 4208 ναι,
2241 4143 2326 4195 διά
2357 4139 2486 4210 γοῦν
2523 4139 2714 4192 σαυτὸν
2738 4137 2945 4190 ἐκείνου
2981 4133 3245 4206 πρόστηθι
3270 4133 3362 4186 καὶ
3389 4131 3496 4185 τῶν
3527 4127 3660 4182 ἐκεί-

2106 4245 2196 4281 νου
2237 4225 2595 4296 πραγμάτων.
2641 4221 2821 4274 Ἱκανὰ
2863 4221 2959 4290 μὲν
3005 4221 3113 4290 γὰρ
3161 4217 3256 4270 καὶ
3297 4217 3366 4270 τά
3413 4213 3661 4286 εἰρημένα

2107 4313 2313 4370 πεῖσαι,
2341 4309 2422 4362 ὅτι
2453 4306 2626 4370 ἄλλως
2669 4305 2766 4358 οὐκ
2801 4304 2878 4357 ἔνι
2910 4303 2969 4356 16
2995 4305 3126 4374 ἡμῖν
3167 4301 3442 4372 συμφέρον
3475 4297 3658 4368 εὑρεῖν.

2107 4393 2170 4446 El
2208 4391 2264 4444 δὲ
2295 4390 2472 4462 βούλει
2499 4389 2591 4442 καὶ
2623 4390 2688 4441 ὲκ
2711 4388 2817 4440 τῶν
2849 4389 2906 4440 ἐν
2943 4385 3199 4456 συνηθείᾳ
3227 4381 3660 4462 παραδειγμάτων

2105 4475 2264 4528 τοῦτο
2299 4461 2518 4544 μαθεῖν,
2547 4471 2798 4542 ἐννόησον
2825 4472 2873 4522 εί
2901 4469 3141 4540 συμϐαίη
3165 4486 3266 4520 που
3299 4467 3408 4538 πῦρ
3439 4461 3660 4544 άναφθῆς

2107 4576 2195 4612 ναι
2243 4541 2494 4627 ἐν-οίκία,
2523 4551 2641 4607 εἶτά
2689 4541 2833 4616 τινες
2880 4553 2986 4606 τῶν
3019 4552 3244 4622 πλησίον
3273 4549 3576 4607 οἰκούντων,
3608 4541 3662 4594 τὸ

2108 4641 2316 4694 ἐαυτῶν
2343 4639 2669 4700 σκοποῦντες
2704 4637 2776 4708 μὴ
2811 4637 3223 4708 παρατάξωνται
3254 4637 3367 4698 τοῖς
3397 4631 3660 4693 κινδύνοις,

2108 4724 2243 4778 ἀλλὰ
2273 4724 2366 4777 καὶ
2398 4721 2850 4782 κατακλείσαντες
2896 4720 3121 4782 ἑαυτοὺς
3153 4719 3290 4770 οἴκοι
3321 4717 3559 4786 μείνωσι,
3585 4712 3664 4764 65-

2107 4808 2347 4871 δοικότες
2379 4807 2452 4877 μή
2484 4824 2568 4870 τις
2595 4803 2920 4859 ἐπεισελθὼν
2971 4801 3231 4872 ὑφέληταί
3278 4817 3330 4852 τι
3375 4799 3482 4852 τῶν
3511 4797 3661 4858 ἔνδον,

2107 4891 2240 4961 ὅσην
2289 4889 2687 4958 ὑποστήσονται
2715 4886 3019 4956 τιμωρίαν;
3049 4885 3156 4937 Καὶ
3185 4883 3292 4953 γάρ
3341 4881 3404 4933 16
3433 4879 3541 4950 πῦρ
3579 4881 3664 4961 ἐπέ

2108 4957 2260 5026 ἐλθὸν
2297 4957 2513 5026 ἅπαντα
2543 4970 2867 5040 καταφλέξει
2906 4969 2972 5022 τά
3013 4969 3255 5020 ἐκείνων·
3288 4966 3382 5018 καὶ
3409 4963 3584 5030 ἐπειδὴ
3611 4957 3664 5010 τὸ

2107 5057 2200 5112 τοῦ
2229 5057 2458 5125 πλησίον
2479 5053 2753 5126 συμφέρον
2779 5053 2877 5106 οὐκ
2905 5049 3060 5114 εἶδον,
3091 5050 3261 5104 καὶτὸ
3286 5049 3492 5102 ἑαυτῶν
3515 5057 3664 5114 προσ·

2109 5140 2455 5196 απολλύουσι.
2501 5139 2612 5192 Καὶ
2663 5135 2772 5208 γὰρ
2816 5137 2844 5188 6
2887 5135 3017 5198 Θεὸς
3066 5132 3382 5204 βουλόμενος
3426 5128 3662 5196 συνδῆσαι

2112 5223 2318 5288 πάντας
2344 5223 2616 5293 ἀλλήλοις,
2645 5219 2899 5289 τοιαύτην
2932 5219 3044 5280 τοῖς
3077 5217 3390 5286 πράγμασιν
3415 5211 3662 5297 ἐπέθηκεν

2111 5307 2378 5376 ἀνάγκην,
2422 5303 2496 5367 ὡς
2539 5305 2596 5357 ἐν
2633 5301 2711 5374 τῷ
2740 5300 2832 5354 τοῦ
2868 5299 3094 5370 πλησίον
3133 5297 3458 5368 συμφέροντι
3493 5293 3550 5344 τὸ
3577 5293 3660 5342 τοῦ

2112 5389 2298 5460 ἐτέρου
2333 5385 2594 5440 δεδέσθαι·
2627 5389 2723 5439 καὶ
2746 5387 2774 5437 6
2796 5383 2998 5454 κόσμος
3026 5381 3170 5442 ἃπας
3193 5379 3332 5432 οὓτω
3361 5376 3658 5460 συνέστηκεἷ

2112 5452 2215 5525 Διᾶ
2239 5471 2304 5543 δὴ
2338 5471 2498 5524 τοῦτο
2529 5469 2622 5522 καὶ
2651 5470 2708 5521 ἐν
2740 5452 2925 5538 πλοίῳ,
2955 5466 3003 5517 εί
3037 5463 3303 5546 χειμῶνος
3334 5452 3662 5546 γενομένους

2113 5555 2447 5626 κυϐερνήτης
2471 5555 2627 5624 ἀφεὶς
2647 5553 2708 5606 τὸ
2722 5551 2829 5606 τῶν
2855 5549 3064 5605 πολλῶν
3085 5545 3379 5620 συμφέρον,
3401 5544 3461 5596 τὸ
3482 5543 3658 5595 ἑαυτοῦ

2185 5815 2210 5842 ⁸
2238 5811 2383 5874 Reg,
2408 5809 2658 5873 προσταίη.
