3826 6216
174 257 242 312 909
1064 251 1131 307 ΙΝ
1172 249 1385 308 EPIST.
1427 250 1446 305 1
1512 251 1603 305 AD
1636 248 1795 305 COR.
1839 248 2069 306 HOMIL.
2114 253 2279 308 XXV.

164 377 312 430 dicam,
348 367 721 437 strangulaveris
747 407 760 429 ,
791 366 1016 436 proximi
1066 378 1241 421 autem
1281 379 1464 420 curam
1518 378 1621 418 non

160 475 284 535 geras,
298 456 393 511 nihil
419 459 572 528 magni
597 457 788 521 fecisti,
807 457 900 512 sed
923 457 1097 511 adhuc
1115 458 1269 526 longe
1290 456 1420 510 abes
1439 454 1507 507 ab
1528 453 1627 508 hac

152 554 323 622 imagine
354 554 439 604 haec
472 550 682 605 faciens.
726 549 886 618 Atqui
915 548 1001 603 hic
1035 549 1248 615 quidem
1276 548 1385 615 ipsa
1413 560 1626 615 quoque

150 662 217 701 res
248 651 390 695 natura
412 654 489 695 sua
513 649 594 694 est
628 640 772 693 utilis
794 681 807 703 ,
839 640 1110 693 abstinere
1146 638 1211 693 ab
1244 638 1307 691 iis
1352 652 1473 705 quae
1501 645 1626 690 sunt

152 736 264 793 idolis
291 732 505 788 immolata
534 748 547 784 :
574 746 675 802 ego
703 740 880 784 autem
912 730 1133 799 plurima
1157 729 1280 791 feci,
1323 727 1511 797 inquit,
1557 741 1624 781 ex

142 832 301 901 iisqu
327 842 401 897 per
419 840 467 879 se
498 839 599 879 non
627 833 750 877 sunt
780 825 926 877 utilia
953 865 967 888 ,
1026 837 1217 893 nempe
1247 820 1465 892 quando
1515 822 1622 874 cir-

140 922 334 983 cumcidi,
352 919 528 989 quando
546 917 861 972 sacriﬁcavi.
891 916 1013 971 Haec
1039 917 1180 971 enim
1209 915 1422 985 quando
1445 929 1542 985 per
1566 929 1624 969 se

144 1014 451 1076 examinantur,
487 1019 534 1063 et
564 1010 794 1079 perdunt
820 1023 913 1063 eos
939 1008 1028 1078 qui
1073 1007 1124 1062 id
1165 1007 1396 1072 faciunt,
1424 1016 1477 1060 et
1507 1004 1624 1058 efﬁ-

137 1110 249 1161 ciunt
273 1111 317 1157 nt
343 1116 370 1156 a
392 1102 539 1156 salute
568 1101 815 1155 excidant
848 1117 861 1152 :
894 1109 1127 1153 attamen
1169 1099 1399 1153 sustinui
1425 1100 1513 1153 illa
1553 1098 1624 1153 ob

138 1202 294 1253 lucrum
321 1194 420 1249 inde
447 1193 775 1263 proveniens.
805 1191 902 1247 llic
927 1203 1103 1247 autem
1127 1192 1259 1245 nihil
1288 1193 1478 1247 simile.
1510 1192 1623 1246 Illic

129 1294 240 1348 enim
264 1288 349 1343 nisi
381 1286 499 1341 adsit
527 1286 753 1352 utilitas,
787 1294 841 1340 et
869 1285 971 1339 nisi
1001 1286 1121 1339 aliis
1162 1286 1349 1353 prosit,
1380 1294 1503 1339 tunc
1535 1299 1622 1339 res

131 1388 333 1439 damnosa
378 1390 473 1437 est:
524 1379 608 1433 hic
649 1394 810 1443 vero,
844 1377 1053 1433 etiamsi
1097 1391 1254 1431 nemo
1299 1376 1618 1441 oﬂ‘endatur,

128 1483 294 1544 Oportet
317 1481 466 1525 tamen
492 1486 519 1522 a
547 1469 829 1538 prohibitis
856 1468 1149 1523 abstinere.
1181 1467 1295 1521 Non
1329 1468 1499 1522 solum
1526 1482 1623 1520 au-

126 1578 207 1621 tem
231 1563 395 1626 noxia,
431 1562 513 1615 sed
538 1562 697 1616 etiam
726 1561 988 1615 laboriosa
1036 1560 1250 1628 pertuli.
1295 1559 1435 1612 Alias
1477 1560 1618 1612 enim

120 1656 326 1711 Ecclesias
348 1652 661 1721 depopulatus
691 1668 825 1715 sum,
862 1652 1049 1721 inquit,
1095 1660 1298 1720 accepto
1347 1649 1617 1719 stipendio,

109 1759 151 1805 et
179 1762 279 1803 cum
322 1743 583 1799 comedere
615 1745 799 1797 liceret
845 1751 899 1796 et
938 1758 1042 1795 non
1073 1742 1283 1810 cperari
1314 1780 1329 1804 ,
1383 1741 1482 1794 hoc
1512 1755 1617 1794 non

109 1837 284 1909 qmeSiVi
308 1878 320 1900 ,
348 1834 432 1889 sed
458 1833 610 1888 malui
642 1833 779 1887 fame
809 1834 986 1902 perire
1032 1833 1226 1901 potius,
1276 1848 1436 1902 quam
1464 1832 1617 1887 alteri

110 1927 376 1985 )chudiculo
398 1940 527 1980 esse.
549 1925 672 1979 Ideo
698 1925 771 1977 ait
801 1941 814 1975 :
851 1922 955 1977 Per
979 1924 1149 1976 omnia
1172 1924 1402 2003 omnibus
1444 1925 1617 1993 placeo

116 2021 159 2074 2.
186 2019 287 2073 Car.
318 2017 401 2071 Η.
427 2016 498 2084 8).
517 2014 640 2069 Sive
658 2029 769 2069 rem
790 2014 992 2083 legibus
1007 2014 1309 2080 adversam,
1335 2019 1445 2069 sive
1464 2016 1616 2070 labo-

111 2113 252 2165 ios:im
272 2150 285 2173 ,
317 2108 423 2162 sive
449 2106 801 2176 periculosam
826 2115 1073 2175 oporteat
1103 2105 1301 2171 facere,
1334 2107 1513 2161 omnia
1562 2108 1613 2161 in

110 2204 276 2257 liorem
302 2200 570 2255 utilitatem
614 2198 877 2254 sustineo.
905 2196 1040 2252 Cum
1084 2214 1213 2269 ergo
1239 2199 1490 2254 omnibus
1513 2213 1611 2253 su-

109 2296 230 2349 crior
264 2302 405 2349 esset
429 2300 674 2362 quantmn
712 2291 778 2345 ad
808 2299 1110 2345 accuratam
1141 2292 1265 2345 vita:
1314 2291 1611 2357 rationem,

109 2388 292 2441 mnibus
324 2384 531 2440 inferior
550 2392 666 2439 erat
689 2399 786 2455 per
812 2384 1334 2452 attemperationem.

123 2479 432 2532 Praeclarum
459 2476 585 2530 nihil
604 2485 697 2539 est,
725 2475 824 2528 nisi
863 2474 979 2528 aliis
999 2476 1063 2528 sit
1090 2473 1447 2529 utile.—Nam
1486 2476 1611 2529 nul-

110 2587 151 2623 ιη
188 2569 440 2638 praeclare
476 2575 683 2637 gestum
716 2566 788 2619 ita
816 2580 1066 2635 magnum
1113 2578 1233 2619 esse
1262 2565 1468 2635 possit,
1512 2565 1612 2619 nisi

109 2662 322 2715 ditatem
354 2658 423 2712 ad
443 2658 576 2712 alios
606 2656 962 2711 transmiserit
995 2672 1009 2707 :
1040 2654 1199 2723 idque
1239 2655 1410 2723 palam
1438 2663 1515 2709 est
1545 2671 1609 2710 ex

109 2768 147 2816 υ,
191 2750 282 2819 qui
312 2750 567 2804 talentum
600 2748 864 2816 integrum
894 2746 1073 2800 retulit
1092 2786 1105 2805 .
1135 2755 1191 2799 et
1218 2745 1484 2799 dissectus
1528 2756 1612 2800 est

109 2844 282 2897 auiam
312 2840 448 2895 illud
475 2854 579 2893 non
630 2836 1023 2907 nmltiplicavit.
1054 2837 1117 2891 Et
1152 2847 1205 2891 tu
1241 2853 1389 2907 ergo,
1424 2838 1606 2903 frater,

110 2934 229 2987 amsi
260 2932 539 2987 abstineas
560 2946 589 2984 a
611 2930 751 2993 cibo,
782 2929 990 2983 etiamsi
1018 2928 1164 2982 humi
1191 2928 1374 2994 cubes,
1397 2930 1608 2985 etiamsi

110 3041 256 3080 erem
312 3022 570 3078 comedas
594 3063 610 3087 ,
665 3034 990 3090 semperque
1041 3020 1369 3087 lamenteris,
1400 3021 1444 3075 si
1477 3021 1609 3078 nihil

109 3132 174 3169 tm
219 3117 403 3184 iuves,
440 3112 569 3166 nihil
624 3126 877 3179 magnum
930 3112 1191 3180 Operaris.
1238 3111 1452 3166 Etenim
1504 3112 1608 3167 illis

110 3211 395 3281 principio
425 3209 553 3264 viris
583 3208 792 3277 magnis
819 3217 873 3264 et
916 3205 1189 3276 praeclaris
1240 3205 1340 3259 hoc
1377 3203 1608 3259 maxime

113 3322 143 3355 η
173 3313 300 3357 erat
335 3319 349 3354 :
386 3316 579 3357 eorum
612 3301 775 3357 vitam
803 3307 1053 3354 accurate
1080 3305 1341 3360 scrutare,
1368 3304 1423 3351 et
1464 3296 1609 3351 clare

110 3394 211 3447 abis
238 3407 449 3448 eorum
492 3391 760 3446 neminem
798 3404 892 3443 sua
914 3396 1186 3456 spectasse
1205 3426 1222 3454 ,
1248 3386 1342 3441 sed
1371 3387 1608 3456 singulos

112 3502 201 3538 me
235 3482 490 3552 proximi
512 3490 668 3537 erant
690 3498 705 3547 ;
729 3480 869 3537 unde
884 3481 1044 3534 etiam
1070 3478 1238 3548 magis
1258 3478 1605 3548 resplendue-

112 3617 126 3629 .
146 3577 291 3631 Nam
323 3584 386 3631 et
409 3589 444 3629 α
467 3573 650 3645 Moyse
676 3572 841 3628 multa
863 3580 918 3626 et
934 3585 1122 3639 magna
1142 3579 1345 3639 patrata
1362 3580 1486 3624 sunt
1503 3571 1606 3624 mi-

109 3670 156 3721 la
188 3678 249 3723 et
280 3668 496 3737 signa;
540 3664 635 3719 sed
675 3662 808 3717 nihil
853 3662 996 3716 illum
1050 3671 1156 3714 tam
1185 3677 1431 3731 magnum
1463 3662 1604 3726 fecit,

109 3768 236 3812 cata
272 3758 381 3811 illa
436 3770 543 3809 vox
587 3769 748 3823 quam
772 3752 841 3807 ad
863 3753 1027 3807 Deum
1058 3752 1255 3816 emisit,
1286 3751 1472 3807 dieens
1499 3770 1512 3805 :
1547 3753 1609 3808 Si

110 3869 130 3902 ιι
159 3850 423 3904 dimittis
449 3848 557 3902 illis
587 3855 866 3918 peccatum,
890 3845 1121 3909 dimitte;
1150 3845 1228 3898 sin
1259 3846 1424 3899 minus
1452 3856 1498 3899 et
1531 3862 1609 3900 me

110 3960 166 3997 te
188 3943 324 3997 dele
358 3939 577 4013 (Exod.
611 3939 702 3995 δί.
730 3936 844 4007 52).
876 3936 1021 3992 Talis
1040 3951 1252 4007 quoque
1274 3936 1438 3991 David
1469 3947 1606 4002 erat;

114 4048 191 4087 ue
216 4031 482 4087 dicebat
507 4047 522 4081 :
558 4028 666 4098 Ego
689 4036 860 4097 pastor
892 4028 1115 4099 peccavi,
1146 4037 1194 4082 et
1218 4044 1310 4097 ego
1338 4027 1607 4093 malefeci,

139 4126 246 4193 qui
280 4132 434 4178 sunt
460 4138 588 4193 grex
609 4122 729 4191 quid
751 4126 974 4194 fecerunt
998 4120 1021 4173 ?
1042 4120 1123 4175 Sit
1145 4137 1323 4173 manus
1343 4129 1433 4173 tua
1458 4135 1609 4190 super

123 4233 324 4287 super
360 4215 593 4268 domum
624 4215 783 4284 patris
811 4214 907 4266 mei
939 4211 1014 4283 (2.
1059 4209 1187 4281 Reg.
1240 4211 1330 4265 24.
1364 4211 1477 4281 17).
1521 4211 1610 4265 Sic

109 4324 237 4361 tarn
274 4321 419 4361 non
451 4304 531 4369 id,
564 4304 707 4373 quod
740 4303 841 4357 sibi
885 4309 1218 4371 competeret
1247 4339 1261 4365 ,
1311 4300 1606 4371 quaerebat,

110 4399 228 4455 rod
298 4396 553 4452 multis.
601 4395 833 4463 Ideoque
864 4394 1113 4464 periculis
1138 4407 1258 4447 sese
1284 4391 1603 4461 exponebat,

109 4505 239 4560 quc
281 4486 562 4558 rogabat
599 4500 696 4556 pro
717 4487 802 4550 iis,
834 4486 921 4554 qui
953 4484 1017 4538 ad
1046 4484 1217 4553 ipsum
1264 4483 1392 4537 nihil
1418 4483 1611 4538 attine-

121 4582 210 4639 Et
253 4579 332 4635 hi
375 4577 619 4649 quidem
651 4578 719 4631 ita
750 4577 1076 4631 claruerunt.
1117 4575 1215 4640 Qui
1246 4588 1372 4629 vero
1399 4588 1459 4629 ea
1490 4588 1610 4643 qua:

109 4681 268 4728 scnt
304 4669 689 4742 quaerebant,
720 4667 841 4721 vide
879 4675 1132 4735 quantum
1163 4665 1342 4719 damni
1392 4679 1611 4733 accepe-

109 4762 263 4834 ?jus
300 4770 501 4817 certe
530 4757 710 4813 fratris
736 4758 894 4821 ﬁlius,
919 4773 1039 4811 cum
1066 4756 1304 4811 audisset
1334 4772 1348 4811 :
1385 4756 1446 4811 Si
1473 4765 1526 4809 tu
1544 4757 1612 4809 ad

110 4872 222 4917 rm,
268 4868 411 4923 ego
446 4850 524 4903 ad
564 4850 821 4903 sinistram
861 4846 1011 4917 (Gen.
1044 4847 1128 4900 15.
1162 4845 1254 4913 9);
1292 4854 1346 4900 et
1375 4853 1611 4914 optasset

109 4948 228 5000 tibi
317 4942 500 4997 utile
548 4949 666 4995 erat
714 4937 985 5008 quaesivit,
1037 4952 1214 5007 neque
1256 4936 1396 5007 quod
1454 4950 1610 4990 suum

109 5036 359 5091 ivenit.
387 5050 412 5099 ;
486 5032 586 5087 sed
635 5031 749 5084 haec
789 5029 1001 5100 quidem
1058 5030 1207 5098 regio
1253 5036 1367 5082 tota
1415 5026 1612 5081 conﬁa-

118 5128 255 5182 illa
322 5130 558 5180 autem
594 5122 790 5177 mansit
817 5122 1002 5176 illaesa.
1048 5119 1211 5175 Jonas
1253 5129 1463 5173 rursum
1492 5132 1611 5171 cum

109 5221 430 5275 esissel
466 5216 526 5270 id
555 5216 701 5286 quod.
743 5214 961 5281 multis,
994 5214 1088 5269 sed
1114 5212 1259 5283 quod
1283 5212 1383 5267 sibi
1408 5211 1613 5267 condo-

116 5331 171 5369 η
211 5309 616 5382 periculum
642 5309 792 5365 exitii
825 5311 971 5363 venit
1005 5325 1017 5360 :
1046 5315 1099 5362 et
1120 5306 1248 5361 urbs
1274 5306 1489 5377 quidem
1508 5314 1615 5359 sta-

109 5422 179 5461 te
264 5415 481 5457 vero
532 5400 765 5471 agitatus
805 5400 1056 5454 fluctibus
1083 5408 1137 5453 ct
1179 5398 1460 5453 demersus
1499 5397 1612 5451 l‘uit.

114 5507 291 5552 tem
346 5492 443 5549 id
477 5493 625 5562 quod
653 5492 837 5545 multis
865 5492 993 5546 utile
1021 5498 1139 5545 crat
1165 5488 1446 5559 quaesivit,
1494 5498 1618 5542 tunc

114 5604 268 5643 um
307 5592 494 5640 crat
527 5580 855 5637 invenit.-Sic
881 5580 1120 5636 et-Jacob
1146 5580 1199 5634 in
1221 5576 1468 5650 gregibus
1494 5592 1615 5631 cum

109 5695 299 5738 rum
358 5677 691 5749 proprium
721 5675 1093 5749 quaesivisset,
1137 5686 1354 5744 magnas
1379 5683 1511 5743 opes
1539 5677 1622 5727 est

1736 376 2075 435 assequutus.
2098 367 2375 437 EtJoseph
2398 384 2521 424 cum
2549 369 2770 424 fratrum
2795 371 3135 429 commodum
3163 389 3314 447 quaa-

1735 456 1965 519 sitisset,
2015 472 2169 512 suum
2202 460 2423 515 invenit.
2450 460 2642 515 Missus
2668 463 2811 515 enim
2838 478 2865 514 a
2896 473 3064 531 patre,
3096 480 3199 518 non
3231 466 3312 519 di-

1741 549 1836 610 xit,
1869 548 2006 616 Quid
2040 550 2141 603 hoc
2188 552 2307 605 est?
2335 566 2441 605 non
2468 552 2663 607 audisti
2689 552 2829 620 quod
2862 568 2959 622 pro
3001 554 3116 607 visu
3144 566 3197 609 et
3226 570 3315 610 so-

1734 641 1895 694 mniis
1930 658 2015 695 me
2044 642 2352 714 discerpere
2392 645 2568 699 conati
2594 645 2719 708 sint,
2748 654 2803 698 et
2842 660 2939 714 pro
2992 647 3214 701 somniis
3258 649 3311 702 in

1734 732 1937 787 crimen
1967 744 2188 788 vocatus
2214 737 2337 801 sim,
2368 745 2421 789 ct
2449 735 2591 806 quod
2611 752 2641 790 a
2668 746 2718 791 te
2739 736 2928 805 diligar
2952 752 3139 805 poenas
3159 738 3314 795 dede-

1735 825 1874 878 rim?
1902 827 2025 894 quid
2052 842 2178 895 ergo
2213 841 2316 881 non
2346 826 2534 881 facturi
2562 837 2707 894 sunt,
2739 829 2782 882 si
2816 843 2901 882 me
2927 830 2978 882 in
3011 830 3188 884 medio
3235 840 3314 885 te-

1735 918 2143 972 nttcrint?NihiI
2176 919 2362 973 horum
2385 920 2537 985 dixit,
2567 935 2665 974 nec
2681 920 2951 989 cogitavit,
2977 920 3067 974 sed
3090 919 3311 973 fratrum

1732 1024 1915 1064 coram
1971 1011 2220 1065 omnibus
2272 1010 2523 1079 praetulit.
2554 1010 2781 1079 Ideoque
2811 1011 2989 1064 omnia
3040 1027 3157 1080 qua:
3192 1019 3312 1080 post

1733 1101 1819 1155 illa
1847 1101 2151 1170 obtigerunt
2174 1108 2494 1170 assequutus
2516 1109 2600 1154 est
2623 1102 2782 1162 bona,
2810 1116 2928 1169 qua:
2956 1101 3116 1155 etiam
3160 1101 3309 1156 illum

1733 1192 1885 1245 valde
1911 1193 2110 1246 clarum
2141 1192 2380 1246 fecerunt
2408 1201 2463 1247 et
2485 1192 2793 1260 gloriosum.
2827 1192 2914 1245 Sic
2951 1199 3007 1245 ct
3057 1192 3301 1262 Moyses;

1732 1285 1863 1339 nihil
1892 1286 2033 1339 enim
2063 1286 2284 1355 impedit
2309 1287 2755 1356 quominusillum
2780 1286 3017 1341 secundo
3045 1301 3309 1341 memore-

1731 1391 1871 1441 mus,
1913 1385 1968 1431 et
1994 1376 2268 1431 videamus
2299 1377 2567 1446 quomodo
2595 1393 2689 1432 sua
2739 1377 3062 1444 desipexcrit,
3094 1384 3148 1430 ct
3188 1376 3307 1429 aliis

1729 1468 1867 1523 bona
1894 1469 2135 1522 conferre
2164 1469 2451 1537 quaesierit.
2478 1468 2568 1522 Illo
2586 1482 2814 1537 namque
2832 1468 2881 1521 in
2902 1467 3044 1537 regia
3066 1480 3304 1530 versans,

1727 1561 1851 1630 quia
1882 1560 2114 1627 majores
2133 1560 2346 1614 divitias
2370 1574 2488 1614 esse
2518 1560 2734 1628 putabat
2760 1559 3125 1629 opprobrium;
3148 1573 3305 1627 quam

1734 1652 1948 1724 Egypli
1980 1651 2281 1717 thesauros,
2309 1652 2561 1721 projectis
2586 1652 2834 1707 omnibus
2859 1667 2978 1721 qua:
3003 1666 3111 1721 prze
3139 1650 3309 1704 mani-

1728 1743 1825 1796 bus
1855 1743 2099 1803 habebat,
2131 1743 2390 1796 tnalorum
2424 1744 2604 1796 socius
2642 1758 2763 1796 cum
2795 1743 3031 1796 Hebraeis
3061 1742 3176 1804 fuit,
3206 1757 3306 1797 nec

1729 1835 1889 1887 modo
1916 1834 2029 1901 ipse
2061 1846 2164 1886 non
2199 1833 2249 1886 in
2273 1834 2586 1885 servitutem
2611 1832 2859 1887 redactus
2889 1846 2989 1897 ρει,
3020 1833 3111 1886 sed
3145 1834 3303 1887 etiam

1728 1925 1850 1979 illos
1881 1939 1910 1977 a
1956 1926 2210 1978 servitute
2244 1924 2506 1978 liberavit.
2558 1924 2742 1995 Magna
2772 1924 2985 1994 quidem
3015 1925 3131 1980 haec
3157 1935 3303 1990 sunt,

1726 2026 1778 2071 et
1806 2016 2049 2086 angelico
2075 2015 2235 2085 digna
2263 2015 2523 2070 instituto.

1794 2108 1849 2162 4.
1883 2108 1952 2160 At
1978 2106 2119 2176 quod
2146 2106 2364 2160 Paulum
2395 2113 2621 2175 spectat,
2641 2105 2798 2176 longe
2822 2105 3171 2160 excellentius
3197 2115 3302 2160 est.

1723 2199 1827 2253 Alii
1851 2199 1993 2253 enim
2022 2212 2208 2252 omnes
2236 2197 2348 2253 suis
2372 2198 2570 2253 relictis
2587 2199 2759 2263 bonis,
2785 2198 3009 2267 proximi
3039 2198 3301 2253 malorum

1721 2292 1851 2345 socii
1875 2305 1996 2346 esse
2018 2291 2338 2345 voluerunt:
2364 2290 2559 2345 Paulus
2582 2304 2711 2345 vero
2730 2305 2841 2345 rem
2872 2290 3027 2360 longe
3045 2291 3301 2359 majorem

1721 2380 1865 2436 fecit.
1898 2381 2012 2436 Non
2031 2382 2171 2435 enim
2198 2382 2493 2437 alienarum
2516 2380 2879 2436 calamitatum
2904 2382 3168 2450 particeps
3181 2396 3303 2437 esse

1720 2471 1909 2536 voluit,
1940 2471 2035 2525 sed
2066 2471 2118 2525 id
2145 2472 2329 2540 elegit,
2362 2471 2549 2541 utipse
2577 2470 2628 2524 in
2654 2471 2910 2526 extremis
2935 2481 3098 2537 esset,
3128 2482 3186 2527 ut
3210 2473 3303 2527 alii

1720 2562 1772 2616 in
1821 2561 1976 2615 bonis
2001 2562 2276 2632 degerent.
2302 2562 2410 2617 Nec
2433 2577 2527 2631 par
2550 2577 2636 2618 res
2662 2572 2747 2617 est
2772 2564 2824 2618 in
2851 2562 3055 2618 deliciis
3084 2580 3304 2619 versan-

1720 2661 1826 2705 tem
1855 2651 2075 2706 delicias
2106 2667 2383 2721 respuere,
2415 2660 2470 2706 et
2497 2650 2695 2722 afﬂigi;
2729 2662 2783 2707 et
2828 2654 3001 2707 solum
3051 2652 3215 2723 afﬂigi
3245 2663 3302 2709 et

1718 2744 1923 2808 vexari,
1948 2754 2005 2798 ut
2034 2744 2125 2798 alii
2149 2744 2201 2798 in
2230 2744 2523 2799 securitate
2555 2753 2609 2799 et
2634 2744 2839 2799 honore
2869 2754 3167 2801 versentur.
3205 2746 3300 2801 llic

1717 2837 1860 2892 enim
1887 2837 1987 2891 etsi
2011 2852 2261 2906 magnum
2278 2847 2361 2891 est
2390 2838 2525 2890 mala
2556 2836 2710 2891 bonis
2725 2846 3053 2891 commutare
3083 2851 3301 2907 propter

1718 2929 2018 2997 proximum
2040 2969 2054 2989 ,
2099 2930 2328 2998 aliquam
2357 2936 2532 2983 tamen
2559 2930 2977 2984 consolationem
3008 2929 3179 2993 affert,
3211 2946 3296 2984 re-

1717 3034 1835 3073 rum
1889 3018 2234 3074 adversarum
2284 3020 2489 3074 socios
2520 3018 2753 3085 habere,
2804 3033 2866 3074 se
2916 3030 3096 3074 autem
3159 3021 3299 3075 velle

1716 3111 1891 3167 solum
1934 3125 2058 3167 esse
2108 3111 2158 3165 in
2206 3112 2366 3166 rebus
2392 3111 2635 3180 asperis,
2692 3119 2749 3165 ut
2792 3111 2883 3166 alii
2937 3111 3096 3167 bonis
3116 3112 3296 3167 fruan-

1718 3212 1832 3268 tur;
1881 3203 1983 3258 hoc
2008 3213 2090 3259 est
2121 3204 2277 3273 longe
2321 3201 2681 3273 generosioris
2733 3202 2897 3257 animi
2939 3211 2994 3258 et
3033 3203 3203 3258 Pauli.

1789 3293 1943 3347 Pauli
1968 3294 2260 3364 magnitudo
2285 3294 2460 3347 animi.
2482 3293 2685 3348 —Non
2715 3293 2837 3348 hinc
2863 3303 3041 3349 autem
3069 3303 3294 3360 tantum,

1714 3387 1808 3442 sed
1855 3402 1921 3441 cx
1961 3384 2179 3440 sublimi
2202 3387 2408 3440 ratione
2449 3386 2551 3440 alia
2588 3385 2699 3454 jam
2744 3372 3067 3439 memoratos
3109 3399 3296 3441 omnes

1715 3477 1873 3545 longe
1899 3478 1987 3532 ille
2026 3487 2262 3546 superat.
2307 3476 2439 3532 Nam
2483 3476 2750 3531 Abraham
2789 3476 3003 3546 quidem
3031 3485 3085 3531 ct
3111 3477 3293 3533 caeteri

1715 3583 1905 3623 omnes
1939 3583 2059 3623 sese
2087 3570 2151 3623 iis
2190 3567 2437 3637 obiecere
2462 3568 2715 3638 periculis
2744 3577 2947 3621 tantum
2967 3607 2981 3632 ,
3012 3584 3132 3638 qua:
3171 3578 3295 3623 sunt

1716 3662 1769 3715 in
1814 3660 2060 3730 praesenti
2092 3660 2201 3713 vita
2223 3700 2237 3721 ,
2269 3668 2322 3714 et
2350 3674 2539 3713 omnes
2583 3658 2657 3713 illi
2689 3658 2826 3713 hanc
2865 3659 3034 3714 semel
3072 3671 3293 3726 expete-

1713 3752 1843 3806 bant
1881 3763 2108 3805 mortctn
2141 3766 2155 3803 :
2184 3749 2378 3804 Paulus
2418 3764 2544 3803 vero
2571 3763 2600 3803 a
2630 3749 2803 3804 futura
2840 3749 3008 3819 gloria
3047 3749 3294 3805 excidere

1714 3844 1971 3914 rogabat,
2034 3856 2129 3911 pro
2160 3842 2387 3896 aliorum
2444 3840 2640 3896 salute.
2694 3841 2916 3896 Possum
2973 3852 3025 3895 et
3081 3842 3293 3897 tertiam

1715 3936 1895 3990 dicere
1938 3934 2273 4003 superiorem
2311 3932 2701 3988 excellentiam.
2730 3932 2899 3998 Quam
2928 3931 3116 3988 illam?
3143 3932 3294 3999 Quod

1713 4028 1876 4097 aliqui
1898 4014 2141 4092 'eorum,
2179 4025 2279 4080 etsi
2317 4031 2498 4080 curam
2551 4024 2807 4095 gerebant
2843 4039 3029 4080 eorum
3066 4025 3155 4094 qui
3194 4025 3294 4080 sibi

1716 4127 2018 4181 struxerant
2065 4116 2319 4183 insidias,
2365 4131 2553 4171 eorum
2600 4128 2775 4171 tamen
2817 4131 2998 4171 curam
3038 4115 3296 4185 gerebant

1715 4212 1804 4280 qui
1845 4210 1946 4263 sibi
1992 4207 2168 4263 traditi
2219 4209 2425 4263 fuerant
2463 4207 2790 4278 gubernandi
2823 4225 2836 4261 :
2866 4216 3025 4277 atque
3068 4207 3292 4275 idipsnm

1668 4298 1675 4303 ’
1716 4301 2090 4372 contingebat,
2122 4316 2185 4356 ac
2223 4302 2269 4355 si
2312 4302 2433 4371 quis
2459 4316 2640 4355 curam
2681 4309 2894 4369 gereret
2937 4299 3030 4354 ﬁlii
3078 4300 3291 4369 quidem

1714 4395 1862 4465 pravi
1902 4403 1955 4448 et
1992 4393 2242 4457 scelesti,
2285 4393 2382 4447 sed
2421 4401 2596 4446 tamen
2637 4392 2750 4447 ﬁlii.
2793 4392 2989 4446 Paulus
3026 4407 3156 4446 vero
3190 4406 3291 4461 pro

1718 4488 1802 4541 his
1830 4486 2043 4542 volebat
2071 4484 2353 4540 anathema
2386 4499 2505 4540 esse
2525 4526 2539 4549 ,
2567 4484 2657 4554 qui
2688 4484 2804 4552 ejus
2832 4499 2977 4537 cura:
3019 4499 3125 4537 non
3172 4499 3291 4537 crc-

1717 4578 1811 4633 diti
1842 4578 2050 4631 fuerant
2078 4594 2092 4631 :
2126 4577 2176 4630 in
2213 4586 2402 4646 gentes
2426 4576 2567 4630 enim
2611 4575 2805 4629 missus
2827 4584 2966 4629 erat.
3040 4570 3290 4624 Vidistin‘

1717 4672 1877 4725 animi
1907 4668 2323 4739 magnitudinem
2344 4712 2358 4732 ,
2391 4677 2446 4723 et
2475 4667 2854 4722 sublimitatem
2896 4667 3068 4734 ipsum
3098 4662 3289 4720 cmlum

1718 4762 2100 4831 superantem?
2142 4761 2290 4815 Ilunc
2334 4762 2542 4815 imitare
2572 4778 2584 4812 :
2609 4760 2655 4813 si
2685 4772 2814 4811 vero
2840 4772 2945 4811 non
2979 4764 3128 4825 potes
3147 4798 3162 4820 ,
3191 4758 3297 4811 sal-

1722 4863 1825 4908 tem
1877 4868 1971 4908 eos
2027 4853 2118 4922 qui
2160 4854 2209 4906 in
2267 4853 2440 4908 Veteri
2500 4852 2842 4905 Testamento
2880 4848 3166 4903 fulserunt.
3207 4849 3298 4903 Sic

1720 4945 1861 4999 enim
1890 4945 2027 5014 quod
2063 4946 2151 4999 tibi
2184 4945 2310 4999 utile
2334 4944 2435 4999 erit
2458 4943 2695 4998 invenies
2718 4983 2733 5007 ,
2762 4942 2804 4996 si
2834 4942 3056 5011 proximi
3083 4941 3297 4996 utilitati

1721 5035 2004 5105 advigiles.
2034 5034 2216 5104 Itaque
2253 5050 2372 5089 cum
2422 5034 2601 5104 segnis
2638 5031 2745 5086 eris
2784 5032 2850 5087 ad
2889 5031 3069 5086 fratris
3116 5046 3299 5086 curam

1720 5127 2009 5196 gerendam
2031 5168 2046 5193 ,
2075 5128 2317 5196 cogitans
2355 5135 2406 5181 tc
2432 5141 2536 5180 non
2569 5127 2673 5179 alio
2700 5139 2857 5195 posse
2889 5125 3046 5178 modo
3070 5125 3299 5179 salutem

1723 5218 1977 5287 consequi
2004 5259 2017 5282 ,
2050 5227 2267 5287 propter
2311 5228 2361 5273 te
2406 5218 2591 5272 saltem
2624 5217 2773 5272 illum
2802 5226 2857 5270 et
2884 5231 2973 5271 res
2999 5216 3116 5284 ejus
3145 5232 3297 5271 cura.

1724 5307 2006 5363 Sufﬁciunt
2033 5323 2093 5363 ea
2125 5324 2243 5378 quae
2273 5309 2411 5362 dicta
2442 5318 2598 5373 sunt,
2647 5316 2705 5361 ut
2749 5306 2903 5361 nobis
2943 5305 3302 5377 persuadeant

1724 5415 1830 5454 non
1863 5414 2019 5469 posse
2064 5416 2162 5453 nos
2193 5400 2298 5453 alio
2327 5399 2487 5454 modo
2522 5415 2582 5453 ea
2631 5415 2750 5467 qua:
2798 5397 2951 5451 nobis
2998 5396 3303 5450 conducunt

1727 5491 1986 5545 invenire.
2046 5491 2197 5556 Quod
2229 5491 2275 5545 si
2305 5491 2439 5547 velis
2474 5507 2537 5546 ex
2578 5491 2850 5545 consuetis
2903 5488 3162 5556 exemplis
3200 5487 3302 5541 hoc

1726 5580 1966 5639 ediscere
1995 5601 2009 5636 :
2036 5583 2078 5637 si
2120 5584 2401 5653 contigerit
2442 5581 2636 5637 alicubi
2681 5580 2897 5635 domum
2942 5582 3060 5649 igne
3097 5578 3307 5633 conﬁa-

1727 5679 1923 5740 grare;
1955 5671 2147 5730 deimle
2187 5675 2348 5746 aliqui
2391 5689 2456 5730 ex
2498 5672 2684 5729 vicinis
2728 5672 2839 5727 suis
2877 5670 3309 5742 prospicientes,
