3826 6216
456 257 557 315 ειι

454 388 567 425 non
596 378 941 441 se'apparent
964 369 1225 426 adversus
1250 369 1485 440 pericula
1509 409 1525 432 ,
1551 366 1646 423 sed
1672 366 1871 423 clausis
1890 364 2044 421 ostiis

456 461 605 516 domi
637 472 917 527 maneant,
963 470 1264 517 metuentes
1288 477 1356 515 ne
1385 461 1506 531 quis
1532 459 1804 530 ingressus
1845 454 2042 525 aliquid

459 553 713 619 furetur;
761 561 1017 623 quantum
1064 554 1139 607 illi
1187 551 1442 607 subibunt
1487 548 1848 619 supplicium?
1900 547 2043 601 Pro—

458 661 679 716 gressus
712 644 859 700 enim
917 645 1052 715 ignis
1086 644 1267 698 omnia
1298 643 1511 696 illorum
1543 641 1681 695 bona
1727 639 2042 698 comburct;

461 736 797 805 etquoniam
845 736 1071 804 proximi
1119 734 1406 788 utilitatent
1456 747 1562 786 non
1611 746 1905 792 euravere,
1947 742 2043 782 sua

461 843 671 897 quoque
710 827 951 897 perdent.
998 826 1138 880 Deus
1178 827 1321 879 enim
1361 824 1545 879 volens
1583 838 1770 876 omnes
1812 822 1949 875 inter
1984 834 2045 873 se

458 924 751 991 colligare,
803 929 1000 974 tantam
1048 918 1205 973 rebus
1247 918 1501 986 imposuit
1546 915 1917 969 necessitatem
1943 954 1957 976 ,
1988 921 2047 966 ut

461 1032 583 1070 cum
626 1015 849 1083 proximi
896 1014 1123 1067 utilitate
1152 1012 1376 1065 alterius
1417 1010 1615 1062 utilitas
1640 1008 1919 1076 colligetur
1949 1021 1963 1059 :
1993 1013 2048 1059 et

463 1106 537 1159 ita
567 1106 813 1159 consistit
841 1104 1071 1157 mundus
1102 1113 1264 1156 totus.
1308 1102 1433 1155 Ideo
1466 1102 1516 1154 in
1548 1099 1673 1153 navi
1714 1113 1961 1168 quoque,
1998 1097 2044 1151 si

462 1201 745 1269 ingruente
773 1207 1094 1267 tempestate
1118 1197 1476 1266 gubernator,
1524 1194 1725 1262 rejecta
1755 1192 2045 1244 multorum

466 1291 734 1354 utilitate,
775 1304 924 1343 suam
965 1289 1079 1358 ipse
1118 1297 1322 1341 tantum
1362 1293 1597 1355 quaerat,
1638 1293 1693 1338 et
1722 1282 1956 1351 seipsum
1993 1289 2049 1335 et

466 1383 602 1438 alios
644 1382 752 1437 cito
780 1382 1104 1451 sulunerget.
1132 1380 1197 1433 Et
1224 1380 1275 1433 in
1313 1378 1537 1447 singulis
1562 1376 1765 1430 artibus
1784 1415 1800 1439 ,
1840 1373 1887 1427 si
1918 1388 2047 1426 una.

462 1488 691 1543 quaeque
716 1472 857 1542 quod
899 1472 999 1525 sibi
1040 1469 1302 1525 conducat
1334 1477 1537 1523 tantum
1578 1466 1885 1536 quaesierit,
1937 1464 2043 1517 vita

466 1583 752 1637 numquam
800 1567 1133 1627 constiterit,
1187 1578 1360 1633 neque
1402 1576 1491 1616 ars
1536 1576 1655 1629 qua:
1691 1561 1792 1613 hoc
1834 1556 2041 1627 quaerit.

470 1659 592 1713 Iden
620 1658 849 1725 agricola
877 1672 981 1711 non
1010 1654 1169 1710 modo
1200 1664 1403 1707 tantum
1430 1651 1679 1706 frumenti
1710 1650 1840 1704 serit
1869 1663 2044 1717 quan-

468 1760 577 1802 tum
615 1748 714 1801 sibi
762 1749 893 1800 satis
936 1747 1043 1808 sit;
1085 1745 1320 1813 alioquin
1370 1743 1513 1797 enim
1536 1742 1645 1810 jam
1690 1740 1780 1793 ditt
1826 1748 1881 1792 et
1909 1754 1966 1791 se
1993 1747 2047 1791 et

464 1841 599 1894 alios
627 1839 979 1907 perdidisset;
1002 1838 1095 1892 sed
1124 1837 1174 1891 id
1198 1836 1385 1903 qu.crit
1406 1834 1545 1904 quod
1567 1832 1809 1889 conferat
1830 1831 2007 1885 multis
2031 1849 2045 1885 :

464 1944 519 1985 et
548 1933 701 1985 miles
731 1946 835 1983 non
865 1941 922 1983 ttt
947 1944 1006 1983 se
1035 1938 1245 1983 tueatur
1274 1938 1476 1981 tantum
1505 1926 1763 1980 adversus
1818 1923 2046 1994 pericula

466 2034 575 2079 stat
613 2025 664 2077 in
704 2024 854 2084 acie,
895 2022 987 2077 sed
1030 2031 1087 2074 ιιι
1122 2022 1363 2075 civitates
1402 2023 1456 2073 itt
1506 2028 1619 2072 tuto
1670 2018 1900 2072 collocet
1940 2033 1953 2067 :
1994 2025 2050 2069 et

467 2126 736 2171 mercator
782 2132 886 2168 non
936 2123 1139 2167 tantum
1170 2114 1489 2177 transvehit,
1522 2119 1773 2181 quantum
1817 2109 1917 2164 sibi
1948 2108 2045 2161 soli

466 2208 598 2261 satis
640 2207 742 2268 sit,
773 2206 866 2259 sed
895 2213 1146 2274 quantum
1173 2214 1227 2258 et
1268 2204 1446 2257 multis
1478 2202 1619 2257 aliis.
1659 2201 1714 2256 Si
1757 2201 1876 2269 quis
1920 2214 2049 2253 vero

467 2300 697 2361 dixerit,
747 2298 862 2352 Non
895 2313 1108 2361 meum,
1151 2297 1244 2351 sed
1292 2312 1446 2351 suum
1475 2296 1697 2365 quisque
1721 2306 1918 2347 curans
1946 2291 2048 2346 hoc

469 2391 592 2445 facit
615 2407 629 2454 ;
662 2406 781 2444 natn
806 2401 861 2444 et
888 2391 1137 2458 pecunias
1164 2389 1263 2443 sibi
1291 2398 1344 2443 et
1372 2389 1595 2457 gloriam
1625 2397 1681 2441 et
1704 2386 2045 2441 securitatem

468 2496 764 2553 apparatis,
798 2480 911 2535 htcc
940 2482 1118 2534 omnia
1145 2489 1399 2549 operatur
1431 2497 1444 2532 :
1492 2493 1657 2547 quare
1684 2492 1854 2531 meam
1896 2490 2046 2543 quaa-

469 2588 594 2628 rens
632 2572 946 2637 utilitatem,
984 2587 1137 2625 suam
1187 2572 1416 2640 quzerit:
1450 2569 1551 2624 hoc
1592 2579 1647 2624 et
1686 2585 1786 2637 ego
1810 2568 1964 2631 dico,
1994 2576 2049 2621 et

462 2666 572 2735 jam
602 2666 729 2721 olim
768 2665 954 2719 audire
992 2664 1233 2720 volebam
1258 2706 1275 2731 ,
1314 2672 1370 2719 et
1406 2665 1523 2732 ejus
1562 2664 1637 2718 rei
1677 2678 1837 2717 causa
1878 2672 2043 2717 totam

467 2759 765 2812 orationem
806 2756 1045 2823 institui,
1088 2764 1145 2809 ut
1182 2755 1522 2810 ostenderem
1564 2763 1690 2808 tunc
1742 2755 2046 2823 proximum

466 2866 616 2905 suam
664 2851 947 2905 utilitatem
992 2864 1267 2919 qumrere,
1317 2864 1439 2902 cum
1472 2856 1615 2902 tuam
1655 2855 1881 2916 spectat.
1912 2847 2046 2914 Quia

465 2944 743 3002 enimnon
787 2940 942 2995 aliter
987 2940 1231 2995 homines
1261 2939 1460 2994 vellent
1511 2954 1630 3009 qum
1666 2947 1791 2992 sunt
1822 2936 2046 3005 proximi

461 3049 740 3103 quaerere,
788 3034 887 3088 nisi
931 3034 982 3087 in
1024 3032 1159 3087 hanc
1200 3029 1580 3087 inducerentur
1626 3031 2043 3093 necessitatem;

462 3126 580 3181 ideo
621 3126 758 3180 Deus
805 3124 919 3179 base
960 3125 1029 3178 ita
1078 3124 1381 3193 colligavit,
1414 3132 1470 3177 et
1495 3138 1602 3177 non
1651 3123 1777 3177 sinit
1804 3123 1952 3192 prius
1977 3124 2045 3179 ad

464 3216 742 3270 utilitatem
773 3216 1042 3285 propriam
1070 3215 1285 3279 venire,
1332 3229 1490 3283 quam
1538 3229 1635 3283 per
1677 3228 1739 3268 ea
1765 3229 1884 3283 qua:
1926 3214 2046 3269 aliis

459 3306 762 3360 conducant
810 3306 910 3360 iter
938 3305 1213 3359 habeatur.
1259 3305 1369 3359 lloc
1411 3314 1557 3359 certe
1595 3305 1885 3358 humanum
1919 3314 2000 3358 est
2024 3345 2039 3371 ,

464 3397 534 3450 ita
562 3400 627 3449 ad
656 3397 883 3465 proximi
915 3397 1196 3450 utilitatem
1223 3410 1283 3450 se
1309 3394 1578 3450 conferre.
1612 3396 1835 3465 Oportet
1862 3403 2042 3451 autem

463 3506 570 3542 non
603 3489 724 3542 inde
744 3528 759 3553 ,
787 3488 882 3543 sed
912 3504 941 3542 τι
976 3489 1066 3543 Dei
1096 3488 1293 3558 placito
1320 3488 1648 3557 persuaderi.
1690 3488 1869 3559 Neque
1898 3490 2042 3545 enim

460 3581 641 3634 salvus
680 3594 801 3635 esse
849 3580 1012 3647 possit
1056 3580 1143 3649 qui
1176 3578 1279 3634 hoc
1306 3596 1411 3634 non
1459 3580 1656 3643 habet;
1697 3581 1791 3635 sed
1831 3580 2041 3635 etiamsi

462 3686 723 3724 summam
757 3668 1143 3739 philosophiam
1185 3686 1438 3725 exerceas
1461 3711 1477 3736 ,
1506 3682 1559 3726 et
1582 3680 1773 3726 cetera
1806 3687 2040 3741 pereun-

462 3765 532 3815 tia
566 3778 669 3816 nou
700 3778 853 3817 cures
873 3803 886 3827 τ
925 3764 1120 3815 nullam
1151 3764 1371 3817 habebis
1399 3764 1537 3833 apud
1571 3765 1736 3819 Deum
1766 3764 2038 3818 fiduciam.

461 3853 739 3909 Undenam
794 3854 894 3908 hoc
941 3854 1188 3908 constat?
1235 3855 1310 3908 Ex
1358 3856 1422 3908 iis
1461 3870 1580 3924 quae
1628 3855 1817 3910 beatus
1843 3856 2041 3910 Paulus

462 3947 826 4013 pronuntiavit
856 3964 869 3999 :
903 3946 964 4000 Si
1013 3947 1144 3999 enim
1189 3962 1359 4001 omnes
1407 3964 1542 4001 meas
1570 3948 1831 4017 facultates
1860 3948 2036 4002 distri-

467 4072 515 4087 υ

1170 252 1226 309 5.
1266 249 1545 310 JOANNIS
1581 248 2047 307 CllRYSOSTO)"
2087 247 2406 304 ARCIIIEP.
2447 247 2978 305 CONSTANTINOP.

3657 254 3750 308 ΞΠ

2151 364 2304 419 insero
2336 364 2391 419 in
2411 364 2550 419 cibos
2578 381 2857 437 pauperum
2877 407 2895 431 ,
2921 376 2970 421 et
2995 366 3041 422 si
3068 368 3331 423 tradidero
3358 385 3563 439 corpus
3592 389 3750 427 mea.

2149 465 2206 508 ut
2232 455 2449 521 ardeat,
2496 457 2760 510 caritatem
2801 467 2971 512 autem
3016 475 3119 513 non
3166 459 3418 526 habeats,
3467 463 3609 518 nihil
3638 468 3751 517 ιιιάι

2151 548 2352 618 prodest
2375 548 2454 618 (1.
2472 546 2592 602 Cor.
2618 549 2713 607 l5.
2736 549 2770 604 5
2786 549 2824 619 ),
2852 533 3055 620 inquit?
3071 550 3251 607 Viden‘
3266 563 3541 621 quantum
3570 554 3752 611 Paulus

2150 642 2328 712 exigat
2356 657 2386 695 a
2420 643 2615 697 nobis?
2662 659 2987 714 quamquam
3016 646 3063 701 is
3090 647 3179 715 qui
3225 646 3380 703 cibos
3433 648 3748 713 distribuit,

2151 746 2259 785 non
2302 746 2435 798 sua,
2488 732 2581 788 sed
2628 748 2749 803 quae
2790 736 3019 804 proximi
3046 746 3208 801 sunt,
3237 750 3471 808 quaerat.
3518 740 3632 794 Sed
3659 740 3747 795 hoc

2151 820 2325 876 solum
2378 837 2485 876 non
2545 822 2779 890 sufficit,
2837 826 3010 895 inquit
3050 845 3065 881 :
3106 843 3228 882 nam
3285 830 3422 883 illud
3461 830 3751 886 admodum

2151 914 2360 968 sincere
2386 914 2498 968 vult
2522 916 2785 983 praestari,
2803 924 2858 971 et
2883 931 3004 971 cum
3036 934 3224 989 magna
3244 922 3748 978 commiseratione.

2154 1002 2278 1059 Ideo
2318 1006 2459 1059 enim
2489 1005 2590 1059 hoc
2631 1007 2772 1061 Deus
2798 1011 3055 1079 praecepit
3078 1052 3093 1075 ,
3126 1021 3186 1066 ut
3210 1013 3277 1068 ad
3306 1015 3597 1069 vinculum
3623 1019 3749 1070 cari.

2154 1096 2277 1149 tatis
2302 1095 2612 1151 adduceret.
2648 1096 2777 1153 Cum
2805 1113 2935 1169 ergo
2966 1101 3055 1156 ille
3088 1113 3288 1158 tantam
3322 1106 3515 1175 exigat
3544 1123 3747 1161 mensa-

2153 1202 2264 1241 ram
2286 1230 2304 1252 ,
2353 1204 2451 1243 nos
2491 1205 2617 1244 vero
2656 1206 2831 1261 neque
2858 1194 2999 1262 quod
3043 1197 3218 1251 minus
3252 1210 3339 1254 est
3370 1201 3747 1268 prmbeamas,

2152 1295 2257 1349 qua
2283 1280 2425 1350 digni
2449 1282 2649 1336 erimus
2675 1283 2871 1337 venia?
2902 1285 2969 1339 Et
2993 1287 3287 1357 quomodo,
3320 1291 3545 1359 inquies
3566 1333 3584 1356 ,
3618 1293 3747 1346 dice-

2153 1372 2245 1426 bat
2276 1372 2415 1427 Deus
2458 1374 2593 1427 Loto
2637 1390 2732 1441 per
2759 1376 3012 1445 angelos,
3062 1379 3286 1435 Serrana
3330 1399 3482 1436 serra
3530 1387 3747 1438 animo.

2153 1474 2293 1516 tuam
2313 1463 2464 1531 (Gen.
2498 1466 2584 1521 l9.
2612 1466 2770 1535 22)?
2805 1467 2893 1522 die
2936 1470 3150 1539 quando
3197 1482 3251 1527 et
3293 1490 3489 1543 quare.
3527 1476 3747 1542 Quando

2155 1557 2483 1614 inferebatur
2531 1556 2921 1630 'supplicium,
2990 1579 3096 1618 non
3164 1567 3383 1635 quando
3457 1572 3746 1637 oportebat

2153 1651 2346 1719 corrigi
2370 1692 2387 1716 ,
2410 1652 2503 1706 sed
2529 1654 2741 1722 quando
2765 1654 2997 1709 damnati
3026 1668 3181 1712 erant
3203 1669 3259 1714 et
3286 1660 3585 1717 iucurabili
3616 1681 3747 1719 Illur-

2153 1742 2224 1795 bo
2254 1743 2602 1810 laborabant,
2653 1761 2716 1800 ac
2754 1761 2912 1803 senes
2949 1749 3282 1821 juvenesque
3312 1754 3365 1807 in
3411 1757 3646 1811 eosdem
3674 1760 3745 1811 in-

2155 1834 2394 1889 silicraut
2417 1852 2658 1902 amores,
2683 1854 2746 1892 ac
2774 1840 2987 1895 demum
3013 1844 3253 1899 comburi
3282 1846 3405 1901 illos
3434 1851 3742 1917 Oportebat,

2155 1935 2209 1980 et
2249 1926 2301 1979 ιιι
2331 1927 2415 1981 illa
2443 1927 2530 1981 die
2553 1969 2568 1992 ,
2599 1944 2719 1983 cum
2752 1930 2971 1985 fulmina
3013 1933 3349 1991 immittenda
3381 1951 3569 1991 erant.
3604 1942 3745 1995 Atio-

2154 2016 2281 2086 quin
2328 2006 2505 2071 autem
2559 2034 2664 2073 non
2696 2020 2763 2075 de
2792 2021 2919 2075 vitio
2947 2032 3002 2076 et
3023 2024 3220 2081 virtute
3259 2027 3374 2082 haec
3412 2029 3564 2083 dicta
3596 2045 3741 2094 sunt.

2155 2108 2248 2163 sed
2293 2108 2362 2163 de
2393 2109 2544 2179 plaga
2582 2110 2836 2167 divinitus
2882 2115 3140 2170 immissa.
3181 2118 3318 2186 Quid
3349 2122 3535 2187 enim,
3567 2142 3744 2192 quaso

2156 2208 2237 2266 te,
2270 2201 2570 2257 faciendum
2614 2208 2767 2260 erat?
2807 2222 2873 2261 an
2916 2208 3107 2265 sedere
3145 2215 3427 2281 oportebat
3454 2226 3511 2272 et
3547 2223 3743 2289 suppli-

2154 2291 2293 2346 cium
2322 2295 2601 2363 accipere,
2642 2306 2697 2351 et
2730 2297 2847 2353 sine
2883 2299 3057 2368 aliqua
3089 2302 3300 2357 illorum
3331 2306 3575 2363 utilitate
3597 2326 3740 2364 com-

2155 2380 2309 2436 buri?
2362 2385 2431 2437 At
2478 2383 2578 2440 hoc
2630 2396 2883 2442 extremae
2937 2389 3223 2447 dementia:
3277 2395 3490 2452 fuisset.
3564 2400 3742 2471 Neqoe

2153 2474 2295 2529 euint
2342 2474 2443 2529 hoc
2468 2490 2567 2546 ego
2592 2476 2740 2541 dico,
2786 2480 2928 2549 quod
2960 2480 3155 2537 frustra
3184 2494 3239 2540 et
3265 2486 3539 2544 incassum
3587 2508 3742 2562 opor-

2156 2575 2265 2621 teat
2312 2568 2632 2636 supplicium
2678 2570 2894 2636 subire,
2945 2583 3140 2642 prmter
3186 2576 3276 2631 Dei
3310 2579 3575 2648 placitum
3609 2602 3624 2638 :
3654 2588 3738 2640 sal

2154 2657 2368 2726 quando
2412 2658 2573 2714 homo
2623 2659 2675 2713 in
2720 2662 2955 2732 nequitia
3000 2677 3278 2734 versatur,
3313 2679 3439 2727 tunc
3474 2674 3653 2742 iubeo
3697 2690 3740 2733 te

2154 2749 2210 2803 in
2240 2750 2472 2804 medium
2519 2751 2739 2820 iniicere
2764 2764 2818 2809 et
2843 2755 2989 2810 illum
3020 2772 3251 2824 curare;
3285 2773 3508 2833 propter
3556 2773 3737 2837 prosi-

2155 2841 2225 2895 mi
2268 2842 2581 2908 utilitatem,
2626 2844 2668 2897 si
2700 2846 2911 2913 quidem
2955 2849 3129 2913 velis;
3174 2852 3256 2906 sin
3301 2855 3517 2919 minus,
3552 2861 3737 2915 saltent

2154 2942 2372 3002 propter
2400 2942 2563 2987 tuam.
2610 2934 2741 2990 Illud
2771 2952 2932 3006 porro
2977 2940 3166 2993 melius
3207 2952 3290 2996 est
3319 2959 3334 2996 :
3365 2947 3511 3014 quod
3562 2950 3612 3002 si
3644 2968 3735 3005 om

2152 3023 2219 3079 ad
2271 3024 2409 3080 hanc
2459 3026 2839 3083 sublimitatem
2889 3030 3161 3100 attigeris,
3220 3033 3416 3089 saltent
3467 3040 3549 3091 tui
3582 3055 3733 3095 causa

2152 3116 2335 3173 facias.
2389 3118 2459 3172 Et
2505 3134 2663 3174 nemo
2712 3121 2851 3190 quod
2881 3137 3036 3178 suum
3087 3135 3170 3179 est
3219 3138 3456 3196 quaerat.
3490 3145 3556 3185 ut
3606 3138 3734 3203 quod

2150 3226 2306 3266 suum
2336 3220 2421 3266 est
2451 3212 2685 3268 inveniat
2712 3230 2728 3268 :
2757 3224 2812 3269 et
2838 3216 3132 3285 cogitantes
3154 3259 3169 3281 ,
3201 3236 3374 3289 neque
3421 3222 3735 3281 facultatum

2150 3301 2542 3358 abdicationem
2562 3342 2578 3368 ,
2614 3318 2787 3373 neque
2827 3310 3168 3377 martyrium,
3210 3325 3380 3378 neque
3405 3314 3560 3369 aliud
3592 3320 3735 3386 quid-

2152 3392 2293 3462 piam
2334 3392 2489 3447 uobis
2532 3394 2854 3462 patrocinari
2886 3410 3041 3464 posse
3064 3437 3080 3463 ,
3110 3399 3211 3452 nisi
3237 3414 3502 3457 summam
3540 3409 3732 3461 carita-

2151 3494 2259 3540 tem
2313 3485 2637 3551 habeamus,
2692 3486 2829 3543 banc
2881 3504 2992 3558 prae
3040 3492 3158 3545 aliis
3204 3508 3522 3563 servemus,
3559 3511 3620 3553 ut
3654 3518 3732 3569 per

2149 3577 2294 3631 illam
2344 3578 2447 3632 alia
2510 3592 2903 3650 consequamur
2952 3590 3009 3637 et
3056 3587 3337 3653 prazsentia
3378 3598 3436 3642 et
3471 3596 3729 3659 promissa

2148 3670 2287 3724 bona
2318 3686 2332 3723 :
2364 3685 2483 3738 qua:
2530 3672 2728 3726 utinam
2779 3687 2876 3727 nos
2919 3688 3108 3729 omnes
3150 3676 3515 3747 adipiscamur
3570 3689 3727 3753 grati:

2148 3771 2203 3816 et
2249 3762 2575 3830 benignitate
2618 3764 2827 3817 Domini
2857 3767 3025 3819 nostri
3069 3766 3197 3821 .lesu
3223 3769 3467 3834 Christi,
3513 3778 3725 3842 quicum

2147 3853 2293 3909 Patri
2313 3869 2523 3923 unaque
2542 3854 2758 3923 Spiritui
2780 3866 2967 3909 sancto
2986 3858 3174 3926 gloria,
3200 3859 3511 3928 imperium,
3540 3864 3725 3930 honor,

2146 3962 2288 4002 nunc
2314 3956 2369 4003 et
2393 3961 2635 4017 semper,
2663 3956 2718 4003 et
2740 3948 2794 4003 in
2819 3951 3012 4004 sa-cula
3038 3952 3382 4007 saeculorum.
3413 3956 3618 4012 Amen.

3344 4087 3719 4104 ᾗ

1784 4153 2131 4217 HOMILIA
2170 4155 2406 4218 XXVI.

454 4302 582 4357 Car.
614 4301 698 4355 ll.
726 4316 781 4355 v.
812 4299 865 4352 Ξ.
897 4298 1077 4353 Laudo
1103 4308 1268 4352 autem
1294 4315 1398 4362 vos,
1427 4301 1629 4370 fratres,
1651 4298 1787 4367 quod
1818 4314 1906 4368 per
1928 4314 2037 4352 om-
2066 4303 2081 4316 ‘

525 4396 612 4447 nia
629 4394 725 4446 mei
755 4408 997 4445 memores
1026 4392 1164 4457 estis,
1194 4400 1240 4444 et
1265 4390 1393 4445 sicut
1414 4390 1605 4442 tradidi
1637 4389 1771 4443 vobis
1796 4388 2035 4443 traditio-

521 4502 631 4550 nes,
670 4486 741 4538 ita
785 4485 983 4538 tenetis.

523 4580 576 4632 1.
608 4577 739 4632 Cum
770 4576 1090 4631 absolvisset
1115 4574 1415 4628 orationent
1441 4571 1509 4626 de
1549 4571 1612 4626 iis
1640 4586 1758 4639 qua!
1789 4571 2036 4625 immola-

448 4684 500 4725 ta
529 4679 655 4725 sunt
680 4668 857 4733 idolis,
889 4677 944 4721 ut
965 4683 1023 4722 se
1052 4667 1227 4722 facere
1252 4666 1499 4729 decebat,
1529 4674 1583 4719 et
1606 4680 1723 4719 eam
1752 4664 2033 4733 perfectis-

448 4765 638 4818 simam
692 4761 928 4824 fecisset,
976 4760 1166 4814 transit
1213 4758 1280 4813 ad
1331 4758 1510 4822 aliud,
1562 4758 1704 4828 quod
1755 4768 1809 4811 et
1859 4758 2033 4827 ipsum

450 4855 655 4908 crimen
675 4860 813 4915 erat,
842 4851 934 4905 sed
961 4867 1065 4903 non
1092 4861 1316 4904 tantum.
1348 4849 1501 4912 Nam,
1533 4848 1714 4916 utjam
1737 4848 1865 4913 disi,
1892 4863 2031 4903 nunc

449 4960 662 5017 quoque
689 4944 861 4997 dicant
880 4984 897 5007 ,
932 4945 1103 5012 ipsum
1133 4957 1237 4996 non
1265 4942 1607 4995 continenter
1634 4954 1833 5008 ponere
1862 4941 2030 4994 vehe-

450 5038 741 5094 mentiores
770 5036 1165 5097 accusationes;
1199 5034 1293 5088 sed
1340 5034 1469 5102 ipsis
1498 5032 1810 5101 congruenti
1842 5032 2030 5087 ordine

450 5128 659 5199 positis,
699 5128 752 5181 iu
780 5126 1009 5180 medium
1051 5141 1237 5179 eorum
1283 5125 1481 5179 leviora
1530 5125 1736 5188 inserit,
1787 5124 1928 5191 quod
1976 5124 2026 5177 in

446 5234 695 5275 sermone
724 5218 999 5273 molestius
1020 5227 1101 5271 cst
1122 5219 1456 5273 audientibus
1472 5233 1535 5271 ex
1557 5216 1821 5286 frequenti
1853 5218 2027 5271 incre-

448 5313 681 5382 patione,
711 5311 883 5365 lenius
913 5308 1161 5363 reddens.
1192 5308 1417 5377 ltle0que
1448 5309 1589 5377 quod
1619 5308 2027 5362 vehementissi-

445 5419 590 5457 ntunt
628 5404 866 5455 omnium
893 5410 1028 5463 erat,
1066 5415 1256 5468 nempe
1280 5400 1347 5453 de
1381 5399 1790 5462 resurrectione.
1818 5409 2022 5467 postre-

442 5510 586 5549 munt
616 5495 781 5563 ponit.
814 5492 1025 5547 Interim
1052 5505 1177 5545 vero
1202 5491 1267 5545 ad
1293 5490 1457 5554 aliud,
1499 5492 1639 5559 quod
1672 5492 1843 5545 lenius
1870 5501 1987 5546 emt
2006 5534 2019 5555 ,

442 5586 706 5654 procedit,
734 5584 922 5639 dicens
954 5601 968 5638 :
997 5582 1176 5636 Laudo
1215 5591 1381 5634 autem
1422 5598 1527 5643 vos.
1576 5584 1709 5651 quod
1740 5600 1827 5651 per
1852 5586 2021 5638 omnia

437 5683 535 5735 mei
583 5697 824 5737 memores
873 5679 1011 5735 estis.
1065 5676 1197 5733 Nam
1241 5691 1362 5731 cum
1401 5674 1469 5729 de
1513 5674 1749 5732 admisso
1795 5688 2014 5747 peccato

2144 4310 2373 4365 constat,
2430 4301 2779 4356 vehementer
2824 4304 3029 4357 incusat
3072 4313 3127 4358 et
3171 4306 3578 4361 comminatur:
3612 4325 3718 4363 cum

2143 4402 2321 4447 autem
2364 4392 2433 4447 de
2464 4404 2683 4461 peccato
2721 4394 3015 4459 dubitatur,
3049 4396 3176 4449 illud
3222 4398 3397 4466 primo
3433 4401 3646 4467 probat,
3674 4411 3719 4454 ct

2142 4494 2267 4540 tunc
2290 4486 2561 4554 increpat:
2584 4494 2639 4540 et
2657 4486 2797 4556 quod
2818 4488 3032 4557 quidem
3051 4489 3102 4541 in
3120 4488 3374 4544 confesso
3394 4504 3480 4545 est
3500 4496 3714 4549 extollit:

2142 4576 2271 4632 illud
2300 4594 2451 4644 vero,
2482 4578 2549 4633 de
2577 4594 2682 4648 quo
2711 4579 3003 4643 dubitatur,
3036 4581 3088 4635 in
3124 4582 3381 4636 confesso
3397 4598 3523 4640 esse
3548 4598 3715 4640 esten.

2138 4668 2235 4723 dit.
2262 4669 2507 4738 Exempli
2529 4684 2687 4723 causa
2706 4670 2774 4724 de
2796 4669 3145 4726 fornicatione
3177 4673 3393 4741 quidem
3412 4676 3711 4737 constabat;

2139 4760 2366 4831 ideoque
2397 4776 2503 4816 non
2533 4777 2669 4830 opus
2698 4761 2795 4815 fuit
2839 4762 3127 4817 ostendere
3157 4763 3209 4817 id
3237 4778 3361 4819 esse
3407 4778 3708 4834 peccatum;

2136 4852 2232 4906 sed
2263 4852 2443 4907 delicti
2484 4854 2897 4922 magnitudinem
2943 4854 3051 4908 illic
3083 4855 3346 4924 probavit,
3378 4866 3432 4912 et
3456 4873 3555 4925 per
3578 4873 3709 4910 com-

2139 4943 2464 5011 parationem
2518 4944 2817 4999 oratiOuem
2865 4944 3108 5022 protulit.
3149 4944 3356 5000 Rursus
3399 4949 3542 5015 apud
3585 4948 3709 4999 alios

2131 5034 2378 5103 judicari,
2429 5044 2701 5103 peccatum
2746 5035 2964 5104 quidem
3013 5046 3149 5097 erat,
3191 5038 3285 5090 sed
3334 5052 3444 5090 non
3480 5048 3703 5097 tantum;

2135 5125 2361 5195 ideoque
2392 5125 2517 5179 illttd
2545 5126 2812 5194 interjecit
2837 5136 2889 5179 et
2918 5126 3180 5193 probavit.
3215 5126 3288 5179 De
3316 5128 3381 5179 iis
3409 5128 3567 5181 etiam
3597 5140 3703 5195 qua

2135 5218 2291 5272 idolis
2314 5219 2583 5273 immolata
2603 5229 2755 5273 erant
2777 5218 3140 5281 dubitabatur,
3162 5218 3255 5271 sed
3280 5234 3533 5289 magnum
3551 5219 3702 5272 etiam

2133 5311 2329 5362 malum
2362 5318 2507 5363 erat:
2540 5317 2865 5377 quapropter
2892 5307 3131 5362 ostendit
3150 5322 3273 5363 esse
3302 5321 3598 5377 peccatum,
3630 5307 3701 5359 id-

2131 5416 2235 5470 que
2270 5400 2450 5455 verbis
2492 5400 2719 5454 extollit.
2773 5398 2998 5465 Quando
3035 5409 3216 5453 autem
3264 5397 3370 5452 hoc
3409 5396 3552 5462 facit,
3600 5411 3697 5451 non

2130 5492 2301 5547 solum
2332 5490 2547 5547 abducit
2573 5506 2603 5544 a
2652 5490 2987 5555 criminibus,
3016 5489 3109 5545 sed
3140 5490 3301 5544 etiam
3329 5488 3398 5543 ad
3441 5488 3692 5543 contraria

2129 5584 2292 5638 ducit.
2326 5583 2508 5652 Neque
2532 5582 2673 5637 enim
2700 5581 2835 5636 dixit
2864 5580 3024 5635 modo
3065 5596 3173 5634 non
3199 5589 3449 5650 oportere
3480 5579 3691 5631 fornica-

2126 5675 2194 5742 ri,
2229 5674 2323 5731 sed
2348 5675 2510 5729 etiam
2535 5686 2781 5743 magnam
2804 5686 2924 5728 esse
2954 5670 3306 5727 exhibendam
3330 5669 3686 5727 sanctitatem.
