3826 6216
432 248 541 302 215

440 357 843 426 Ἀπρόσκοποι
893 350 1003 423 7&9
1048 352 1306 419 γίνεσθε,
1351 349 1503 419 φησί,
1543 348 1639 402 καί
1695 346 2006 410 Ἰουδαίοις

428 454 529 509 καί
564 454 818 517 Ἕλλησι
848 450 946 503 καί
971 447 1045 515 τῇ
1085 444 1412 511 Ἐκκλησία
1442 442 1547 497 τοῦ
1579 441 1747 496 Θεοῦ.
1778 442 2003 512 Πληρὼ-

428 566 533 613 σας
568 548 745 602 τοίνυν
771 547 985 601 ᾶπαντα
1015 543 1103 595 τὸν
1132 541 1261 612 περί
1286 540 1492 593 τούτων
1536 540 1793 592 ἁπάντων
1824 536 2002 604 λόγον,

434 644 576 717 μετὰ
604 642 776 697 ταῦτα
810 642 904 695 καὶ
937 640 1021 708 ἐφ’
1058 638 1244 708 ἕτερον
1275 636 1527 705 ἔγκλημα
1556 634 1769 705 πρόεισι
1796 630 2001 685 λοιπόν.

431 740 501 792 Τι
520 739 578 791 δὲ
595 737 755 791 τοῦτο
772 731 869 805 ἦνς
898 734 963 787 Αἰ
994 733 1093 803 μὲν
1106 733 1367 799 γυναῖκες
1383 728 1902 797 ἀνακεκαλυμμέναι
1915 725 2008 779 καὶ

435 836 618 905 γυμνῇ
645 835 709 903 τῇ
737 829 948 900 κεφαλῇ
982 828 1077 881 καὶ⁹
1104 826 1334 897 ηὔχοντο
1368 825 1463 877 καί
1495 824 1886 893 προεφήτευον·
1915 820 2010 873 καὶ

436 931 549 1000 7&9
566 928 934 999 προεφήτευον
957 921 1108 995 [2‘28]
1130 922 1249 975 τότε
1271 922 1524 989 γυναῖκες
1540 935 1553 949 ο
1569 920 1616 971 οἰ
1637 919 1691 971 δὲ
1714 917 1902 989 ἄνδρες
1919 915 2010 968 καὶ

434 1024 668 1094 ἐκόμων,
689 1021 785 1074 ἆτε
806 1022 862 1072 ἐν
879 1019 1168 1088 φιλοσοφίᾳ
1188 1016 1590 1085 διατρίψαντες,
1612 1014 1705 1065 καὶ
1729 1009 2013 1081 περιεϐάλ-

437 1120 590 1174 λοντο
605 1119 702 1181 τὰς
723 1115 967 1185 κεφαλὰς
982 1116 1265 1185 εὐχόμενοι
1288 1114 1382 1167 καί
1404 1110 1855 1183 προφητεύοντες·
1874 1108 2012 1177 ὅπερ

438 1217 697 1285 ἑκάτερον
736 1209 1049 1281 Ἑλληνικοῦ
1088 1214 1253 1279 νόμου
1286 1205 1375 1279 ἦν.
1416 1208 1571 1260 Ἑπεί
1596 1202 1688 1259 οὖν
1726 1206 1867 1274 ὑπὲρ
1890 1202 2013 1255 τού-

436 1322 545 1359 των
571 1308 672 1379 ήδη
706 1306 980 1376 παρῄνεσε
1017 1306 1229 1375 παρὼν,
1264 1304 1352 1356 καὶ
1382 1303 1512 1365 ἴσως
1544 1304 1593 1355 οἰ
1624 1301 1722 1370 μὲν
1749 1301 2010 1370 ἥκουσαν,

438 1406 490 1456 οἰ
532 1404 590 1457 δὲ
632 1403 972 1473 ἠπείθησαν,
998 1402 1086 1455 διὰ
1112 1401 1269 1453 τοῦτο
1312 1401 1405 1453 καί
1432 1398 1519 1451 διὰ
1556 1399 1654 1467 τῆς
1693 1394 2014 1462 Ἐπιστολῆς

441 1502 626 1565 πάλιν,
650 1501 835 1571 ὥσπερ
858 1498 1020 1567 σοφὸς
1050 1498 1251 1567 ἰατρὸς,
1282 1493 1560 1549 ἐπαντλῶν
1590 1492 1669 1562 τῷ
1700 1493 1844 1561 λόγῳ
1869 1491 2013 1560 διορ-

443 1598 632 1651 θοῦται
652 1596 712 1649 τὸ
732 1596 1053 1665 ἁμάρτημα.
1076 1594 1199 1646 Ὅτι
1220 1592 1329 1659 γὰρ
1351 1589 1655 1659 παρῄνεσεν
1680 1588 1780 1659 ἤδη
1803 1586 2012 1656 παρὼν,

438 1693 599 1763 δῆλον
627 1692 684 1758 ἐξ
706 1687 781 1744 ὧν
804 1688 1237 1760 προοιμιάζεται.
1254 1688 1411 1749 Τίνος
1433 1686 1542 1753 7&9
1565 1684 1750 1738 ἕνεκεν
1766 1683 1917 1736 ούδέν
1940 1683 2017 1734 εἰ-

438 1788 560 1842 πὼν
583 1786 709 1858 περί
733 1784 917 1839 τούτου
951 1783 1187 1853 οὑδαμοῦ
1216 1783 1313 1851 τῆς
1345 1779 1665 1849 Ἐπιστολῆς
1687 1776 2016 1849 ἔμπροσθεν,

438 1885 556 1941 ἀλλ’
583 1883 690 1937 ἀπὸ
720 1881 1080 1951 ἐγκλημάτων
1110 1878 1312 1947 ἐτέρων
1344 1877 1509 1939 ἐκϐὰς
1532 1916 1546 1941 ,
1578 1874 1779 1933 εὑθέως
1812 1872 1976 1942 φησίν
1998 1887 2013 1902 ·

454 1977 712 2034 Ἐπαινῶ
748 1977 817 2030 δὲ
842 1973 1020 2044 ὑμᾶς,
1052 1974 1141 2027 ὅτι
1178 1972 1375 2026 πάντα
1401 1990 1521 2041 μου
1553 1970 1882 2039 μέμνησθε,
1920 1966 2016 2019 καὶ

441 2075 640 2138 καθὼς
663 2072 971 2141 παρέδωκα
996 2070 1136 2139 ὑμῖν
1158 2069 1263 2133 τὰς
1284 2068 1667 2135 παραδόσεις,
1702 2064 1855 2117 οὕτω
1876 2078 2017 2115 κατ-

443 2172 649 2243 έχετε;
697 2169 862 2240 Ὁρᾷς
908 2167 989 2219 ὅτι
1037 2166 1085 2218 οἰ
1134 2165 1232 2235 μὲν
1266 2165 1526 2234 ἥκουσαν,
1571 2162 1664 2223 οὒς
1698 2161 1931 2222 ἐπαινεῖ,
1970 2160 2019 2213 οἰ

444 2270 503 2323 δὲ
529 2267 909 2338 παρήκουσαν,
942 2261 1033 2325 οὓς
1056 2259 1359 2331 διορθοῦται
1387 2258 1477 2311 διὰ
1502 2255 1609 2310 τῶν
1640 2256 1789 2325 ἐξῆς,
1822 2255 2017 2324 λέγων⁶

443 2366 510 2419 ει
540 2362 607 2418 δέ
636 2380 726 2428 τις
754 2360 927 2414 δοκεῖ
960 2358 1303 2427 φιλόνεικος
1328 2352 1503 2419 εἶναι,
1530 2354 1700 2423 ἡμεῖς
1740 2357 2022 2421 τοιαύτην

446 2459 781 2525 συνήθειαν
809 2457 920 2510 οὐκ
944 2456 1197 2523 glow;
1219 2453 1285 2504 Εἰ
1315 2451 1423 2522 7&9
1461 2450 1570 2503 τῶν
1603 2451 1700 2521 μὲν
1730 2447 2025 2519 κατωρθω-

448 2555 646 2616 κότων,
676 2553 787 2606 τῶν
821 2552 880 2604 δὲ
910 2548 1378 2620 παρακουσάντων
1400 2587 1413 2607 ,
1446 2546 1651 2608 πάντας
1679 2543 1915 2597 ὑπέϐαλε
1955 2545 2024 2612 τῇ

448 2651 792 2722 κατηγορίᾳ,
837 2648 1079 2709 ἐκείνους
1115 2663 1175 2699 τε
1220 2643 1587 2715 θρασυτέρους
1626 2642 1882 2709 ἐποίησε,
1931 2640 2026 2693 καὶ

448 2747 672 2809 τούτους
702 2743 1107 2817 ρᾳθυμοτέρους
1128 2740 1196 2794 ἀν
1220 2738 1533 2811 εἰργάσατο·
1563 2736 1656 2789 νῦν
1687 2735 1744 2788 δὲ
1768 2734 1894 2795 τοὺς
1927 2733 2025 2803 μὲν

447 2844 743 2906 ἐπαινέσας
788 2840 883 2894 καὶ
920 2837 1354 2907 ἀποδεξάμενος,
1384 2835 1509 2897 τοὺς
1540 2833 1597 2885 δὲ
1642 2831 1896 2907 κακίσας,
1931 2829 2026 2883 καὶ

444 2938 691 3001 ἐκείνους
744 2936 945 3007 μᾶλλον
992 2932 1210 3004 ἤλειφε,
1269 2930 1364 2984 καὶ
1402 2928 1624 2991 τούτους
1662 2925 2026 2981 καταδύεσθαι

446 3030 883 3105 παρεσκεύασεν.
949 3028 1155 3083 Ἱκανὸν
1195 3027 1294 3097 μὲν
1333 3025 1442 3095 γὰρ
1484 3025 1579 3078 καί⁹
1618 3023 1741 3077 καθ’
1776 3020 1940 3077 ἑαυτὸ
1992 3022 2027 3091 ἡ

443 3127 757 3199 κατηγορία
794 3126 1021 3197 πλῆξαι·
1053 3125 1183 3179 ὅταν
1220 3123 1278 3177 δὲ
1313 3122 1450 3194 πρὸς
1490 3120 1793 3192 παράθεσιν
1822 3118 2032 3189 ἐτέρων

448 3222 902 3294 κατωρθωκότων
930 3221 1027 3274 καὶ
1050 3218 1549 3289 ἐγκωμιαζομένων
1578 3216 1810 3283 γίνεται,
1846 3215 2029 3285 μεῖζον

450 3319 650 3389 εχειτδ
695 3317 941 3388 κέντρον.
988 3314 1150 3368 Ἀλλά
1195 3314 1333 3375 τέως
1372 3313 1473 3365 οὑκ
1520 3312 1628 3364 ἀπὸ
1674 3310 2028 3381 κατηγορίας,

452 3414 566 3467 ἀλλ’
595 3413 702 3465 ἀπὸ
727 3412 1018 3481 ἐγκωμίων
1048 3410 1295 3480 ἄρχεται,
1327 3409 1421 3460 καὶ
1439 3407 1729 3476 ἐγκωμίων
1756 3407 2027 3475 μεγάλων,

453 3510 647 3576 λέγων·
688 3506 937 3559 Ἐπαινῶ
956 3505 1025 3558 δὲ
1048 3502 1206 3572 ὑμᾶς
1234 3504 1321 3555 ὅτι
1346 3501 1543 3555 πάντα
1562 3520 1680 3571 μου
1698 3502 2027 3570 μέμνησθε.

452 3605 710 3659 Τοιοῦτον
738 3604 846 3673 7&9
888 3600 981 3654 τοῦ
1022 3599 1237 3652 Παύλου
1273 3598 1333 3650 τὸ
1361 3598 1501 3661 ἔθος,
1548 3599 1642 3652 καὶ
1688 3601 1779 3651 ἐπὶ
1816 3603 2029 3669 μικροῖς

457 3699 727 3771 μεγάλους
751 3697 1004 3757 ἐπαίνους
1028 3693 1263 3762 ὑφαίνει,
1287 3693 1347 3745 οὑ
1373 3692 1630 3763 κολακεία
1652 3693 1811 3745 τοῦτο
1839 3692 2027 3755 ποιῶν,

458 3797 535 3867 μὴ
564 3796 793 3863 γένοιτο’
829 3792 946 3855 πῶς
991 3792 1099 3861 γὰρ
1145 3791 1174 3842 ὁ
1215 3789 1349 3860 μηδέ
1386 3788 1684 3858 χρημάτων
1720 3787 2025 3858 ἐφιέμενος,

458 3894 600 3963 μήτε
627 3891 806 3960 δόξης,
838 3889 974 3959 μήτε
1001 3887 1161 3942 ἄλλου
1196 3883 1418 3955 μηδενὸς
1455 3883 1562 3936 τῶν
1595 3882 1881 3948 τοιούτων;
1915 3884 2030 3937 ἀλλ’

456 3987 603 4056 ὑπὲρ
634 3987 733 4055 τῆς
765 3982 1039 4053 σωτηρίας
1072 3980 1251 4035 αὑτῶν
1283 3980 1460 4034 πάντα
1490 3978 2029 4049 πραγματευόμενος.

457 4083 551 4137 Διὸ
595 4081 690 4134 καὶ
717 4079 933 4148 ἐπαίρει
961 4078 1022 4130 τὸ
1068 4075 1378 4145 ἐγκώμιον,
1422 4072 1618 4140 λέγων’
1663 4070 1919 4124 Ἐπαινῶ
1964 4071 2033 4123 δὲ

457 4176 614 4246 ὑμᾶς
643 4176 732 4230 ὅτι
755 4174 951 4227 πάντα
975 4190 1093 4241 μου
1108 4170 1435 4240 μέμνησθε.
1460 4170 1595 4221 Ποῖα
1617 4166 1827 4228 πάντα;
1861 4166 2032 4237 ’Υπὲρ

459 4274 568 4344 γὰρ
592 4270 689 4325 τοῦ
718 4270 793 4341 μὴ
820 4270 995 4339 κομᾷν
1032 4266 1164 4338 μηδὲ
1191 4262 1703 4318 κατακαλύπτεσθαι
1733 4262 1869 4325 τέως
1891 4262 1919 4313 ό
1947 4262 2035 4314 λό-

458 4387 555 4439 γος
587 4364 656 4439 ἧν
686 4366 833 4436 αὑτῷ
870 4366 1047 4436 μόνον·
1081 4361 1217 4425 ἀλλ’,
1246 4361 1381 4428 ὅπερ
1408 4359 1564 4429 ἔφην,
1596 4357 2033 4427 ἐπιδαψιλεύεται

457 4467 570 4526 τοῖς
591 4462 904 4531 ἐγκωμίοις,
926 4456 1364 4529 προθυμοτέρους
1387 4454 1574 4507 ποιῶν.
1601 4454 1690 4506 Διό
1710 4453 2032 4523 φησιν,”οτι

457 4558 655 4612 πάντα
679 4574 798 4626 μου
823 4553 1133 4624 μέμνησθε
1151 4592 1166 4616 ,
1200 4550 1298 4603 καί
1330 4549 1524 4614 καθὼς
1555 4546 1867 4614 παρέδωκα
1894 4545 2036 4614 ὑμῖν

458 4657 566 4720 τὰς
595 4652 979 4721 παραδόσεις,
997 4649 1151 4703 οὕτω
1177 4645 1475 4713 κατέχετε.
1499 4646 1641 4714 ’Δρα
1659 4644 1752 4696 καὶ
1769 4642 2036 4712 ἀγράφως

461 4750 631 4802 πολλὰ
657 4746 941 4819 παρεδίδου
964 4745 1109 4805 τότε,
1136 4741 1166 4794 δ
1188 4743 1282 4795 καὶ
1310 4739 1546 4809 ἀλλαχοῦ
1579 4737 1841 4806 πολλαχοῦ
1863 4737 2031 4807 δηλοῖο

462 4847 599 4900 ἀλλὰ
623 4847 742 4897 τότε
775 4844 870 4914 μὲν
892 4841 1179 4912 παρέδωκε
1203 4839 1384 4909 μόνον,
1409 4837 1502 4889 νῦν
1519 4836 1575 4887 δέ
1596 4836 1688 4887 καὶ
1708 4834 2035 4902 αἰτιολογίαν

464 4944 698 5013 τίθησιν.
739 4940 895 4993 Οὕτω
928 4939 1038 5008 7&9
1070 4938 1164 4990 καὶ
1191 4935 1415 4997 τούτους
1445 4931 1826 5003 ἰσχυροτέρους
1863 4932 2035 4984 ἐποίει

464 5038 591 5101 τοὺς
616 5036 931 5098 ἀκούοντας,
960 5034 1053 5086 καὶ
1079 5033 1300 5085 ἐκείνων
1322 5028 1569 5083 κατέσπα
1589 5028 1649 5079 τὸ
1675 5026 1901 5097 φύσημα
1929 5026 2036 5078 τῶν

466 5131 911 5201 ἐναντιουμένων.
953 5127 1085 5181 Εἶτα
1117 5129 1176 5181 οὑ
1213 5128 1357 5195 λέγει
1401 5126 1503 5189 ὅτι,
1550 5125 1740 5193 Ὑμεῖς
1790 5124 1890 5195 μὲν
1936 5125 2037 5177 ὑπ·

474 5228 761 5300 ηκοὺσατε,
790 5226 1041 5295 ἐτεροιδέ
1061 5226 1435 5295 παρήκουσαν,
1466 5220 1603 5275 ἀλλά
1623 5220 1945 5282 ἀνυπόπτως
1974 5221 2037 5272 ἐκ

472 5325 567 5393 τῆς
594 5321 943 5383 διδασκαλίας
976 5318 1108 5373 αὑτὸ
1136 5318 1426 5371 αἰνίττεται
1461 5318 1547 5371 διὰ
1576 5316 1684 5370 τῶν
1723 5315 1870 5383 ἐξῆς,
1896 5314 2038 5367 οὑτω

472 5422 667 5489 λέγων·
727 5419 890 5472 Θέλω
919 5415 988 5468 δὲ
1015 5412 1171 5483 ὑμᾶς
1200 5412 1418 5466 εἰδέναι
1449 5412 1538 5465 ὅτι
1566 5412 1792 5476 παντὸς
1820 5408 2039 5476 ἀνδρὸς

469 5521 506 5586 ἡ
538 5514 771 5587 κεφαλὴ
808 5517 842 5568 ὁ
868 5512 1119 5581 Χριστός
1148 5511 1295 5564 ἐστι·
1329 5508 1562 5577 κεφαλὴ
1592 5508 1658 5559 δὲ
1698 5504 1978 5577 γυναικὸς
2007 5508 2040 5558 ὁ

468 5615 643 5683 ἁνήρ·
673 5609 905 5682 κεφαλὴ
923 5608 990 5662 δὲ
1015 5604 1271 5676 Χριστοῦ
1294 5608 1326 5658 ὀ
1354 5604 1513 5669 Θεός.
1546 5602 1611 5655 Ἡ
1636 5604 1732 5673 μὲν
1746 5601 2039 5668 αἰτιολογία

471 5710 635 5783 αὑτηο
662 5708 845 5781 τίθησι
864 5707 921 5762 δὲ
948 5705 1138 5777 αὐτὴν,
1161 5704 1288 5766 τοὺς
1311 5699 1729 5769 ἀσθενεστέρους
1750 5714 2037 5768 προσεκτι-

1283 238 1339 293 S.
1379 234 1668 293 JOANNIS
1699 232 2023 291 CHRYSOS‘

2135 234 2190 289 Ill
2228 233 2545 291 ARCllIEP.
2575 188 3144 291 icossmmmov.

3582 232 3683 287 αιι

2116 346 2385 418 κωτέρους
2412 346 2600 402 ποιῶν.
2639 346 2701 403 Ὀ
2724 347 2825 418 μὲν
2852 341 2946 401 οῦν
2974 346 3187 411 πιστὸς,
3212 347 3287 410 ὡς
3313 346 3444 417 χρὴ,
3464 348 3571 401 καὶ
3596 348 3688 421 t9-

2119 442 2359 511 ρωμένος
2391 442 2510 496 οὑδέ
2548 442 2717 497 δεῖται
2742 442 2902 509 λόγου
2944 441 3066 495 οὑδὲ
3092 442 3293 505 αἰτίας,
3327 442 3472 512 ὑπὲρ
3513 436 3597 497 ὧν
3628 445 3689 497 ἀν

2114 537 2387 608 ἐπιταχθῇ
2410 576 2425 601 ,
2457 538 2572 592 ἀλλ’
2609 540 2861 609 ἀρκεῖται
2898 541 2969 609 τῇ
3011 539 3306 609 παραδόσει
3346 539 3517 611 μὸν-η’
3564 542 3595 592 ό
3635 541 3689 593 ἃ

2117 624 2522 705 ἀσθενέστερος,
2554 635 2683 689 ὅταν
2732 635 2826 688 καί
2868 636 2965 705 τὴν
3004 633 3184 687 αἰτίαν
3223 634 3389 706 μάθῃ,
3418 636 3547 687 τότε
3603 636 3692 687 καὶ

2122 728 2261 797 μετά
2294 728 2538 794 πλείονος
2567 731 2665 801 τῆς
2698 729 2934 801 σπουδῆς
2962 729 3182 798 κατέχει
3208 726 3355 800 [229]
3383 729 3447 783 τὸ
3478 730 3694 799 λεχθὲν,

2120 826 2215 877 καὶ
2249 827 2388 896 μετὰ
2418 826 2617 897 πολλῆς
2648 826 2908 881 ὑπακούει
2947 827 3046 894 τῆς
3079 826 3412 897 προθυμίας.

2138 908 2139 911 η
2195 921 2261 990 β’.
2283 921 2482 991 Διόπερ
2506 921 2624 974 οὑδέ
2642 917 2763 974 εἷπε
2787 921 2886 991 τὴν
2911 921 3110 986 αἰτίαν,
3138 921 3243 983 ἔως
3265 922 3391 974 ὅτου
3415 920 3695 989 nam-

2120 1017 2352 1088 νομένην
2389 1012 2495 1069 εἶδε
2527 1016 2625 1087 τὴν
2662 1016 2898 1087 ἐντολήν.
2936 1015 3033 1078 Τίς
3058 1011 3152 1069 οὑν
3179 1018 3213 1085 ὴ
3243 1016 3429 1080 αἰτία;
3466 1014 3700 1081 Παντὸς

2121 1113 2341 1180 ἀνδρὸς
2380 1114 2419 1181 ή
2456 1112 2691 1182 κεφαλὴ
2724 1116 2756 1167 ό
2799 1113 3054 1181 Χριστός
3088 1112 3278 1165 ἐστιν.
3321 1108 3391 1163 Ἀ
3402 1112 3456 1182 9‘
3485 1106 3583 1163 οὖν
3612 1113 3700 1163 καὶ

2119 1210 2215 1263 τοῦ
2266 1210 2559 1278 ’Ἐλληνος;
2608 1208 2894 1278 Οὐδαμῶς.
2944 1209 3006 1260 Εἰ
3040 1207 3149 1277 γὰρ
3194 1207 3356 1277 σῶμά
3388 1209 3568 1275 ἐσμεν
3614 1204 3700 1257 τοῦ

2122 1303 2359 1375 Χριστοῦ
2388 1305 2479 1357 καὶ
2504 1302 2639 1374 μέλη
2662 1306 2725 1356 ἐκ
2753 1304 2973 1374 μέρους,
3003 1304 3286 1373 καὶταύτῃ
3313 1305 3527 1364 ἐκεῖνος
3551 1301 3705 1369 ἡμῶν

2125 1400 2362 1469 κεφαλὴ,
2388 1398 2498 1450 τῶν
2526 1400 2630 1452 οὑκ
2658 1399 2825 1450 ὄντων
2858 1400 2916 1450 ἐν
2943 1400 3022 1469 τῷ
3059 1398 3270 1469 σώματι
3297 1399 3426 1451 οὑδὲ
3463 1400 3544 1458 εἰς
3577 1398 3705 1466 μέλη

2122 1494 2422 1546 τελούντων
2448 1493 2550 1546 οὑκ
2574 1491 2641 1545 ἂν
2666 1494 2750 1563 είη
2783 1493 3015 1564 κεφαλίγ
3044 1493 3184 1546 ὥστε
3210 1494 3338 1545 ὅταν
3366 1494 3530 1561 εῐπῃ.
3558 1495 3709 1545 Har.

2123 1591 2247 1656 τὸς,
2272 1590 2365 1643 τοῦ
2402 1590 2594 1643 πιστοῦ
2626 1590 2707 1643 δεῖ
2732 1589 3191 1660 προσυπακούειν.
3239 1584 3394 1650 Εἶδες
3429 1589 3562 1649 πῶς
3590 1604 3711 1639 πν-

2124 1686 2291 1757 ταχοῦ
2305 1687 2511 1741 ἄνωθεν
2531 1687 2783 1757 ἐντρέπει
2799 1688 2889 1740 τὸν
2905 1689 3182 1759 ἀκροατήν
3198 1704 3213 1749 ;
3228 1688 3341 1739 Καὶ
3353 1687 3471 1755 γὰρ
3484 1687 3575 1737 ὅτε
3590 1685 3708 1754 τεερί

2126 1783 2348 1852 ἀγάπης
2372 1782 2665 1849 διελέγετο,
2688 1783 2776 1835 καί
2801 1785 2890 1836 ὅτε
2912 1783 3041 1853 περὶ
3066 1780 3608 1851 ταπεινοφροσύνης,
3626 1781 3710 1831 καὶ

2126 1880 2214 1931 ὅτε
2241 1895 2306 1930 πε
2314 1879 2367 1948 ρί
2387 1878 2508 1947 ἐλεη
2518 1876 2773 1947 μοσύνης,
2789 1877 2997 1931 ἐκεῖθεν
3011 1872 3158 1931 εἷλκε
3172 1878 3240 1930 τὰ
3254 1876 3709 1947 παραδείγματα.

2126 1972 2374 2041 Κεφαλὴ
2399 1972 2468 2025 δὲ
2486 1972 2771 2040 γυναικὸς
2794 1976 2827 2026 ό
2841 1973 3016 2040 ἀνὴρ·
3038 1970 3272 2041 κεφαλὴ
3296 1971 3368 2023 δὲ
3391 1970 3663 2038 Χριστοῦ
3686 1973 3714 2023 ό

2133 2069 2296 2133 Θεός.
2335 2068 2597 2121 Ἐνταῦθα
2617 2069 2957 2137 ἐπιπηδῶσιν
2970 2070 3099 2139 ἡμῖν
3112 2070 3162 2120 οἱ
3178 2065 3459 2137 αἱρετικοὶ
3477 2064 3711 2116 ἐλάττω-

2132 2168 2215 2220 σίν
2244 2184 2364 2219 τινα
2392 2168 2456 2219 ἐκ
2487 2166 2592 2219 τῶν
2615 2167 2918 2237 εἰρημένων
2951 2165 3287 2227 ἐπινοοῦντες
3311 2162 3393 2232 τῷ
3430 2160 3579 2231 Υἰῷο

2132 2264 2340 2325 ἐαυτοῖς
2381 2261 2819 2332 περιπίπτουσιν.
2863 2261 2928 2315 Εἰ
2972 2260 3081 2330 7&9
3112 2259 3325 2329 κεφαλὴ
3373 2256 3649 2326 γυναικδς
3692 2259 3711 2307 ξ

2129 2358 2290 2426 ἀνὴρ,
2321 2356 2604 2427 όμοούσιος
2636 2357 2693 2410 δὲ
2724 2358 2758 2425 ἡ
2794 2354 3007 2424 κεφαλὴ
3025 2354 3103 2422 τῷ
3141 2352 3382 2422 σώματι,
3415 2352 3641 2421 κεφαλὴ
3666 2352 3711 2403 δὲ

2130 2453 2225 2507 τοῦ
2247 2451 2482 2524 Χριστοῦ
2500 2453 2530 2503 ὁ
2550 2451 2702 2515 Θεὸς,
2722 2451 3055 2521 ὁμοούσιοςό
3079 2449 3207 2512 Υἰὸς
3228 2450 3307 2519 τῷ
3333 2449 3551 2520 Πατρί.
3588 2448 3700 2501 ’Δλλ

2132 2552 2193 2604 οὑ
2215 2550 2276 2602 τδ
2301 2548 2637 2619 ἐτεροούσιον
2663 2547 2908 2600 ἐντεῦθεν
2933 2545 3210 2610 ἀποδεῖξαι
3238 2544 3589 2615 βουλόμεθα,
3614 2543 3711 2597 ἀλλ’

2133 2646 2215 2701 ὃτι
2255 2646 2502 2715 ἄρχεται,
2546 2643 2700 2712 φησί.
2731 2641 2797 2693 Τί
2832 2638 2926 2694 οὖν
2970 2640 3107 2710 πρὸς
3134 2640 3291 2692 τοῦτο
3324 2640 3597 2710 εἴποιμεν
3628 2640 3715 2699 h;

2138 2741 2259 2793 ὀτι
2290 2739 2521 2807 μάλιστα
2549 2737 2668 2808 μὲν,
2690 2737 2819 2789 ὅταν
2843 2752 2897 2788 τι
2921 2735 3174 2789 ταπεινὸν
3201 2735 3437 2805 λέγηται
3463 2734 3615 2804 μετά
3634 2736 3715 2801 τῆς

2138 2834 2338 2906 σαρκὸς
2375 2834 2525 2894 ὄντος
2552 2830 2739 2894 αὑτοῦ,
2778 2830 2879 2883 οὑκ
2907 2830 3155 2882 εὐτέλεια
3176 2830 3277 2899 τῆς
3304 2829 3584 2899 θεότητός
3614 2830 3716 2881 ἐστι

2137 2932 2198 2985 τὸ
2221 2930 2528 2999 λεγόμενον,
2570 2926 2669 2996 τῆς
2701 2925 3015 2994 οἰκονομίας
3042 2924 3344 2994 δεχομένης
3388 2925 3458 2977 τὸ
3510 2924 3715 2992 λεχθέν.

2138 3026 2284 3097 Πλὴν
2309 3024 2430 3079 ἀλλ’
2496 3022 2639 3087 εἰπὲ,
2674 3019 2793 3082 πῶς
2812 3018 2972 3072 τοῦτο
3002 3018 3180 3089 βούλει
3214 3021 3280 3072 ἐκ
3308 3019 3518 3072 τούτου
3560 3035 3721 3071 κατα-

2140 3122 2399 3176 σκευάσαι
2422 3119 2542 3183 νῦν;
2560 3120 2683 3171 Ὀτι
2705 3116 2895 3187 ῶσπερ
2915 3118 2945 3169 ό
2964 3116 3102 3187 ἀνὴρ
3123 3115 3281 3186 ἄρχει
3304 3133 3408 3186 της
3427 3116 3720 3184 γυναικὴ,

2140 3219 2323 3289 φησὶν,
2362 3216 2504 3269 οὑτω
2536 3214 2632 3268 καὶ
2666 3215 2694 3267 ὁ
2722 3212 2906 3283 Πατὴρ
2946 3212 3040 3266 τοῦ
3082 3210 3337 3281 Χριστοῦ.
3373 3211 3603 3265 Οὐκοῦν
3636 3212 3725 3264 καί

2140 3318 2325 3384 ῶσπερ
2353 3315 2381 3366 ὁ
2410 3310 2644 3381 Χριστὸς
2672 3309 2765 3363 τοῦ
2800 3310 3013 3381 ἀνδρὸς,
3044 3308 3189 3361 οὑτω
3215 3307 3310 3361 καὶ
3335 3309 3365 3357 ὁ
3394 3306 3608 3376 Πατὴρ
3634 3303 3723 3357 τοῦ

2140 3411 2306 3466 Υἰοῦο
2354 3408 2586 3473 Παντὸς
2626 3407 2734 3477 7&9
2781 3405 3019 3474 ἀνδρὸς,
3067 3406 3252 3477 φησὶν,
3303 3404 3343 3471 ἠ
3396 3403 3655 3472 κεφαλὴ
3695 3406 3724 3455 ό

2140 3506 2395 3577 Χριστός
2431 3504 2579 3558 ἐστι.
2617 3504 2727 3556 Καὶ
2752 3504 2832 3567 τίς
2863 3503 2929 3557 ἀν
2955 3503 3128 3557 ταῦτα
3162 3501 3533 3566 καταδέξαιτό
3564 3516 3723 3560 ποτε;

2141 3608 2203 3660 Εἰ
2230 3606 2337 3676 7&9
2366 3605 2489 3655 ὅσον
2512 3600 2572 3654 τδ
2594 3600 2859 3671 ὑπερέχον
2891 3600 2983 3653 τοῦ
3010 3600 3140 3652 Υἰοῦ
3166 3600 3298 3669 πρὸς
3324 3600 3505 3667 ἡμᾶς,
3535 3595 3723 3649 10305-

2138 3720 2231 3756 τον
2279 3700 2371 3756 τοῦ
2416 3698 2629 3768 Πατρδς
2676 3696 2811 3765 πρὸς
2842 3694 2934 3747 τὸν
2967 3695 3095 3747 Υἰὸν
3117 3734 3131 3759 ,
3168 3694 3416 3761 ἐννόησον
3447 3695 3543 3754 εἰς
3598 3692 3725 3759 ὅσην

2141 3797 2303 3852 αὑτὸν
2336 3796 2484 3860 ἄξεις
2523 3793 2620 3864 τὴν
2656 3791 2951 3844 εὐτέλειαν.
2983 3790 3146 3842 ’Ὥστε
3184 3789 3244 3842 οὑ
3294 3789 3476 3840 πάντα
3519 3789 3725 3858 ὁμοίως

2142 3893 2451 3958 ἐξεταστέον
2487 3890 2571 3959 ἐφ’
2612 3887 2767 3958 ἡμῶν
2802 3887 2895 3939 καὶ
2932 3886 3022 3938 ἐπὶ
3045 3885 3139 3937 τοῦ
3179 3884 3333 3947 Θεοῦ,
3374 3885 3484 3937 κάν
3525 3886 3723 3953 ὁμοίως

2141 3989 2388 4057 λέγηται·
2428 3986 2544 4039 ἀλλ’
2576 3982 2949 4051 ἀπονεμητέον
2978 3980 3056 4050 τῷ
3092 3978 3210 4049 Θεῷ
3251 3997 3368 4031 τινα
3402 3978 3725 4042 ἰδιάζουσαν

2143 4080 2436 4152 ὑπεροχὴν,
2471 4081 2566 4131 καὶ
2607 4077 2874 4146 τοσαύτην
2898 4076 3031 4143 ὅσην
3054 4072 3190 4142 Θεῷ.
3219 4074 3281 4125 Εἰ
3309 4072 3413 4142 7&9
3443 4074 3535 4143 μὴ
3571 4071 3723 4124 τοῦτο

2145 4176 2581 4246 συγχωρήσαιεν,
2616 4171 2785 4225 πολλά
2828 4169 3015 4239 ἕψεται
3044 4169 3113 4220 τά
3140 4165 3333 4221 ἄτοπα.
3373 4168 3593 4219 Σκόπει
3631 4168 3688 4219 δε
3710 4182 3721 4192 '

2144 4271 2370 4343 Κεφαλὴ
2408 4268 2502 4323 τοῦ
2541 4265 2777 4338 Χριστοῦ
2821 4268 2850 4318 ὁ
2889 4264 3039 4329 Θεὸς,
3073 4256 3227 4327 οὗτος
3261 4262 3317 4316 δὲ
3368 4261 3460 4314 τοῦ
3501 4264 3722 4332 ἀνδρὸς,

2143 4372 2395 4431 κάκεῖνος
2413 4367 2513 4435 τῆς
2542 4380 2607 4432 γυ
2619 4364 2817 4426 ναικός.
2841 4362 3048 4415 Οὑκοῦν
3079 4362 3127 4413 εἰ
3156 4360 3247 4412 ἐπὶ
3272 4359 3493 4411 πάντων
3521 4360 3723 4429 ὁμοίως

2144 4464 2465 4533 ἐκλάὸοιμεν
2521 4461 2619 4530 τὴν
2671 4456 2947 4527 κεφαλὴν,
2998 4454 3249 4509 τοσοῦτον
3305 4456 3456 4506 ἔσται
3523 4456 3555 4505 ὁ
3607 4456 3723 4515 Υἱὸς

2145 4556 2469 4630 ἀφεστηκὼς
2494 4555 2588 4608 τοῦ
2614 4554 2847 4627 Πατρὸς,
2873 4554 2994 4606 ὅσον
3025 4555 3179 4623 ἡμεῖς
3204 4549 3387 4603 αὑτοῦ.
3429 4550 3609 4602 Ἁλλὰ
3637 4552 3721 4601 καὶ

2145 4659 2180 4725 ἠ
2208 4655 2345 4725 γυνὴ
2371 4651 2622 4706 τοσοῦτον
2664 4650 2822 4719 ἡμῶν
2846 4650 3216 4717 ἀποστήσεται
3237 4688 3253 4710 ,
3282 4648 3405 4699 ὅσον
3430 4649 3607 4715 ἡμεῖς
3636 4645 3721 4697 τοῦ

2144 4750 2278 4805 Θεοῦ
2311 4750 2484 4816 Λόγου
2511 4764 2525 4778 ο
2556 4746 2652 4800 καὶ
2671 4746 2808 4812 ὅπερ
2834 4744 2982 4796 ἐστὶν
3000 4746 3030 4795 ό
3051 4743 3177 4805 Υἰδς
3205 4742 3336 4811 πρὸς
3356 4742 3448 4793 τὸν
3470 4742 3721 4812 Πατέρα,

2144 4845 2302 4899 τοῦτο
2327 4846 2422 4898 καὶ
2453 4846 2613 4913 ἡμεῖς
2647 4840 2781 4911 πρὸς
2810 4840 2901 4892 τὸν
2928 4838 3073 4901 Υίδν,
3098 4839 3194 4891 καί
3226 4839 3259 4907 ἡ
3292 4837 3428 4905 γυνὴ
3461 4837 3613 4906 πρὸς
3638 4840 3719 4888 τὸν

2146 4942 2315 5012 ἄνδρα
2343 4940 2525 4993 πάλιν.
2556 4937 2662 4989 Καὶ
2690 4935 2774 4999 τίς
2807 4936 2979 4987 ταῦτα
3010 4934 3289 4997 ἀνέξεται;
3331 4932 3473 4984 Ἀ’λλ*
3520 4935 3720 5002 ἑτέρως

2146 5023 2509 5095 ἐκλαμὸάνεις
2544 5021 2635 5074 ἐπὶ
2674 5020 2931 5088 γυναικὸς
2962 5019 3056 5070 καὶ
3087 5018 3279 5088 ἀνδρὸς
3318 5017 3417 5086 τὴν
3448 5019 3720 5086 κεφαλὴν,

2147 5120 2243 5172 καὶ
2271 5120 2369 5188 οὑχ
2398 5118 2474 5181 ὼς
2518 5114 2611 5168 ἐπὶ
2650 5114 2742 5167 τοῦ
2789 5111 3063 5182 Χριστοῦ;
3097 5110 3301 5163 Οὑκοῦν
3345 5110 3440 5162 καὶ
3484 5112 3588 5162 ἐπὶ
3634 5109 3719 5162 τοῦ

2151 5210 2276 5265 Υἰοῦ
2309 5211 2404 5263 καὶ
2443 5209 2539 5261 τοῦ
2571 5206 2783 5277 Ila-:90;
2829 5205 3030 5274 ἑτέρως
3071 5204 3368 5273 ἐκληπτέον
3409 5206 3569 5273 ἡμῖν.
3617 5204 3720 5254 Καὶ

2148 5308 2265 5370 πῶς
2298 5306 2497 5373 ἑτέρως
2534 5302 2864 5373 ἐκληπτέονς
2903 5299 3053 5369 φησί.
3088 5298 3244 5352 Κατά
3270 5298 3333 5349 τὸ
3369 5298 3570 5349 αἴτιον.
3616 5298 3719 5348 Καὶ

2149 5402 2258 5471 γὰρ
2283 5400 2442 5469 εἴπερ
2471 5397 2644 5469 ἀρχὴν
2668 5397 2851 5467 ἐζήτει
2880 5398 3055 5448 εἰπεῖν
3082 5395 3175 5447 καὶ
3205 5394 3481 5460 ὑποταγὴν
3508 5395 3543 5445 ὁ
3578 5390 3719 5445 Παῦε

2149 5499 2259 5561 λος,
2287 5498 2363 5559 ὼς
2393 5496 2456 5547 σὺ
2483 5494 2609 5563 φὴς,
2634 5494 2734 5546 οὑκ
2753 5492 2819 5546 ἂν
2838 5495 3070 5562 γυναῖκα
3090 5495 3405 5561 παρήγαγεν
3427 5492 3502 5550 εἰς
3533 5489 3715 5557 μέσον,

2149 5594 2283 5650 ἀλλὰ
2308 5592 2492 5645 δοῦλον
2524 5590 2725 5660 μᾶλλον
2755 5590 2849 5643 καὶ
2870 5590 3156 5660 δεσπότην.
3186 5588 3248 5641 Εἰ
3271 5587 3377 5657 γὰρ
3399 5588 3494 5638 καὶ
3524 5582 3715 5636 ὑποτὲ.

2149 5708 2346 5747 τακται
2376 5692 2510 5760 ἡμῖν
2540 5689 2572 5759 ἡ
2597 5688 2755 5759 γυνὴ,
2786 5688 2899 5742 ἀλλ’
2927 5689 3002 5753 ὡς
3028 5688 3184 5759 γυνὴ,
3220 5686 3331 5741 ἀλλ’
3356 5685 3433 5748 ὼς
3458 5682 3717 5753 ἐλευθέρα
