3776 6356
390 322 494 377 215

393 437 582 491 ιιιιιείυτ
611 435 763 491 nobis
791 435 1025 506 subjecta
1055 436 1144 499 sit,
1166 435 1260 489 sed
1290 443 1347 488 nt
1371 434 1584 498 mulier,
1605 431 1697 485 sed
1731 441 1785 482 ut
1810 429 1973 482 libera

389 545 444 584 vl
493 542 548 584 ut
588 543 686 596 par
729 529 953 584 honore.
1004 527 1070 581 Et
1102 527 1266 581 Filius
1310 540 1522 596 quoque
1563 523 1667 578 etsi
1711 521 1851 577 Patri
1881 519 1977 573 fuit

390 624 650 678 obediens
676 664 690 687 ,
728 623 819 676 sed
847 631 904 675 ut
934 620 1098 674 Filius
1131 621 1223 674 Dei
1251 662 1264 684 ,
1296 619 1389 672 sed
1420 627 1478 670 ιιι
1511 617 1670 671 Deus.
1710 611 1978 681 Quemad-

391 717 609 769 modum
641 715 782 769 cnim
827 713 964 767 Filio
996 712 1166 781 major
1193 719 1275 765 est
1305 711 1657 780 obsequentia
1709 722 1831 776 erga
1877 705 1974 758 Pa-

394 819 529 862 trem
557 848 570 870 ,
604 822 762 875 quam
811 805 1120 859 hominibus
1147 818 1269 872 erga
1301 803 1574 870 genitores
1605 813 1734 854 suos
1762 815 1776 852 :
1807 800 1885 851 sic
1922 806 1976 851 et

355 951 362 956 ,
393 901 612 954 libertas
639 899 830 966 major.
863 897 1048 965 Neque
1080 895 1221 948 enim
1253 894 1372 948 Filii
1403 908 1528 961 erga
1562 893 1772 946 Patrem
1801 889 1973 943 ofﬁcia

394 990 594 1058 majora
624 998 678 1043 et
708 988 873 1055 magis
917 987 1145 1054 genuina
1175 993 1299 1037 sunt
1337 1000 1494 1054 quam
1527 983 1664 1051 apud
1695 981 1973 1045 homines,

397 1082 569 1134 Patris
607 1095 734 1133 vero
779 1093 902 1148 erga
936 1076 1128 1132 Filium
1175 1077 1400 1130 minora.
1443 1075 1500 1130 Si
1549 1075 1689 1129 enim
1721 1075 1977 1128 miramur

392 1173 581 1228 Filium
613 1171 752 1242 quod
779 1171 1063 1235 ebcdicrit,
1098 1171 1166 1225 ita
1198 1179 1254 1224 ut
1275 1184 1445 1240 usque
1469 1168 1534 1222 ad
1566 1177 1794 1222 mortem
1816 1182 1978 1222 vene-

389 1269 478 1330 rit,
527 1279 581 1321 et
624 1274 852 1321 mortem
907 1266 1102 1330 crucis,
1143 1273 1198 1318 ct
1241 1262 1345 1317 hoc
1389 1277 1638 1333 magnum
1695 1261 1977 1316 statuimus

392 1359 707 1413 miraculum
730 1374 744 1423 ;
778 1357 990 1411 Patrem
1017 1370 1229 1426 quoque
1259 1355 1438 1408 mirari
1466 1363 1697 1424 Oportet,
1725 1353 1864 1424 quod
1895 1365 1975 1406 ta-

389 1453 493 1506 lem
521 1451 786 1522 genuerit,
820 1465 926 1504 non
955 1458 1014 1504 ut
1039 1465 1252 1505 servum
1275 1449 1359 1503 cui
1391 1448 1769 1518 imperaretur,
1800 1448 1893 1503 sed
1919 1459 1978 1503 ut

392 1543 618 1596 liberum
673 1540 1015 1596 obedientem
1065 1549 1120 1594 et
1173 1539 1534 1593 consiliarium
1579 1556 1592 1592 :
1642 1537 1978 1592 consiliarius

390 1635 531 1687 enim
563 1646 666 1686 non
696 1639 778 1686 est
806 1645 1012 1685 servus.
1049 1629 1422 1684 Consiliarium
1463 1644 1592 1684 vero
1617 1642 1804 1683 rursus
1842 1643 1965 1682 cum

389 1725 640 1787 audieris,
675 1738 741 1778 ne
769 1725 841 1777 ita
871 1721 1054 1776 audias
1085 1722 1235 1792 quasi
1265 1721 1424 1774 Pater
1452 1720 1633 1790 aliquo
1663 1729 1838 1789 egeat,
1873 1718 1969 1772 scd

389 1817 540 1888 quasi
567 1816 732 1872 Filius
761 1816 905 1886 paris
926 1830 1047 1869 cum
1071 1814 1328 1870 Genitore
1354 1814 1574 1867 honoris
1597 1812 1686 1866 sit.
1715 1811 1797 1883 Nc.
1817 1812 1977 1882 igitur

388 1909 692 1977 exemplum
723 1907 822 1961 viri
841 1917 895 1962 et
922 1904 1162 1960 mulieris
1187 1906 1253 1959 ad
1280 1905 1458 1958 omnia
1489 1902 1788 1973 pertrahas.
1818 1901 1974 1973 Apud

389 2017 488 2056 nos
517 2000 657 2055 enim
681 1999 805 2068 jure
847 1998 1042 2052 nmlier
1081 1997 1318 2067 subjecta
1351 2003 1433 2050 est
1459 1995 1574 2050 viro
1605 2013 1617 2048 :
1651 2010 1772 2049 nam
1803 1993 1975 2048 hono-

391 2094 465 2146 ris
490 2091 766 2160 mqtialitas
799 2089 1198 2144 contentionem
1252 2087 1392 2157 parit
1438 2104 1452 2139 :
1496 2101 1667 2156 neque
1709 2087 1829 2140 ideo
1861 2095 1974 2139 tan-

372 2191 525 2244 'lum,
560 2182 650 2235 sed
675 2181 836 2234 etiam
859 2189 1078 2249 propter
1109 2180 1480 2248 deceptionem
1513 2193 1632 2248 quae
1663 2178 1812 2232 initio
1841 2192 1972 2232 con-

391 2275 528 2342 tigit.
579 2273 867 2342 Propterea
930 2287 1048 2326 cum
1107 2270 1322 2341 quidem
1383 2271 1519 2323 facta
1587 2269 1811 2335 fuisset,
1867 2283 1972 2323 non

390 2367 568 2418 Statim
611 2364 846 2432 subjecta
881 2362 977 2417 fuit
1007 2381 1020 2428 ;
1050 2378 1221 2432 neque
1248 2378 1369 2416 cum
1405 2363 1548 2416 illam
1577 2361 1644 2415 ad
1673 2362 1845 2414 virum
1875 2361 1972 2414 ad-

389 2458 556 2520 duxit,
592 2471 764 2525 neque
793 2455 878 2508 illa
911 2459 1012 2508 tale
1044 2457 1315 2524 quidpiam
1354 2471 1380 2508 a
1411 2456 1519 2508 Deo
1550 2455 1771 2519 audivit,
1803 2469 1974 2523 neque

387 2551 470 2602 vir
492 2549 563 2602 illi
592 2548 862 2618 quidpiam
890 2547 1064 2601 simile
1086 2548 1254 2611 dixit;
1286 2548 1379 2601 sed
1410 2555 1614 2600 tantum
1641 2545 1782 2617 quod
1810 2560 1869 2600 os
1903 2562 1969 2600 ex

389 2641 605 2697 ossibus
637 2640 775 2710 ejus,
822 2650 872 2694 et
916 2655 1042 2694 caro
1094 2656 1158 2694 ex
1207 2639 1455 2694 carnibus
1499 2639 1616 2708 ejus
1657 2649 1800 2694 esset
1839 2637 1976 2693 dixit

391 2734 408 2802 (
437 2731 564 2787 Gen.
597 2732 650 2785 2.
682 2723 823 2801 25);
859 2731 1066 2801 imperii
1099 2741 1275 2785 autem
1322 2740 1412 2785 ant
1441 2731 1792 2801 subjecticnis
1836 2733 1974 2802 apud

390 2824 533 2878 illam
564 2838 671 2877 non
702 2823 965 2877 meminit.
996 2821 1223 2889 Quando
1249 2829 1426 2874 autem
1457 2820 1597 2877 male
1646 2837 1739 2877 usa
1771 2831 1854 2877 est
1884 2838 1977 2892 po-

391 2925 604 2976 testate,
635 2926 687 2970 et
711 2931 828 2984 quae
850 2915 1079 2984 adjutrix
1118 2915 1252 2968 facta
1297 2915 1471 2970 fuerat
1495 2956 1508 2982 ,
1543 2915 1842 2970 insidiatrix
1881 2917 1975 2971 de-

392 3011 657 3082 prehensa
687 3020 790 3074 est,
820 3019 875 3064 et
901 3010 1078 3063 omnia
1112 3009 1380 3078 perdidit;
1411 3008 1698 3079 tuncjuste
1724 3009 1925 3064 audivit
1960 3028 1973 3064 :

400 3105 478 3156 Ad
506 3103 667 3154 virum
691 3111 833 3154 tuum
865 3100 1122 3154 conversio
1148 3109 1235 3152 tua
1263 3097 1417 3169 (Gen.
1448 3100 1502 3154 5.
1536 3097 1647 3171 16).
1672 3099 1806 3166 Quia
1833 3101 1975 3156 enim

391 3195 682 3250 verisimile
712 3202 827 3249 erat
860 3204 1136 3263 peccatum
1171 3191 1273 3247 hoc
1299 3191 1495 3247 bellum
1535 3191 1810 3246 illaturum
1854 3208 1976 3248 esse

393 3289 444 3341 in
476 3301 642 3356 genus
673 3293 912 3339 nostrum
947 3285 964 3352 (
991 3299 1164 3352 neque
1210 3284 1352 3337 enim
1382 3282 1456 3336 ad
1506 3295 1690 3353 pacem
1725 3283 1972 3352 juvisStri,

391 3377 532 3446 quod
564 3376 653 3429 illa
675 3391 736 3429 ex
763 3377 878 3444 ipso
905 3385 1046 3428 esset
1070 3373 1228 3436 facta,
1257 3387 1379 3427 cum
1410 3373 1510 3427 hoc
1530 3373 1851 3439 accidisset;
1880 3374 1975 3429 sed

395 3469 496 3522 hoc
524 3468 694 3537 ipsum
729 3467 889 3520 etiam
912 3465 1082 3518 virum
1111 3465 1440 3534 asperiorem
1471 3463 1808 3528 reddidisset,
1835 3467 1976 3534 quod

392 3575 512 3632 quae
532 3575 597 3615 ex
620 3559 736 3629 ipso
765 3549 900 3612 facta
930 3557 1121 3621 fuerat,
1148 3573 1215 3610 ne
1237 3556 1482 3610 membro
1513 3555 1730 3626 quidem
1760 3571 1857 3610 suo
1886 3573 1976 3626 pe-

398 3649 691 3722 percisset)
717 3667 732 3716 ;
766 3664 887 3704 cum
917 3648 1116 3703 diaboli
1139 3645 1530 3717 malignitatem
1557 3645 1766 3702 videret
1797 3647 1938 3703 Deus
1958 3689 1973 3714 ,

396 3745 499 3799 hoc
525 3743 743 3798 verbum
776 3742 926 3811 quasi
957 3756 1163 3794 murum
1211 3739 1498 3808 opposuit,
1533 3748 1586 3793 et
1622 3739 1972 3805 inimicitiam,

393 3852 513 3908 qua:
551 3851 617 3890 ex
659 3833 866 3888 insidiis
887 3831 1094 3886 oritura
1143 3840 1278 3896 erat,
1333 3846 1430 3900 per
1475 3831 1613 3885 hanc
1656 3831 1977 3885 sententiam

395 3928 633 3992 sustulit,
667 3927 864 3980 innata:
898 3922 1349 3992 concupiscentia:
1376 3921 1527 3991 quasi
1560 3921 1736 3976 medio
1769 3922 1974 3990 pariete

399 4021 629 4091 dejecto,
661 4035 798 4083 eam,
835 4032 953 4088 qua:
985 4031 1050 4072 ex
1094 4024 1314 4085 peccato
1344 4024 1458 4068 orta
1489 4023 1625 4078 erat,
1661 4014 1865 4082 injurias
1891 4029 1980 4066 ac-

400 4125 570 4182 ceptzu
612 4111 1038 4166 recordationem
1083 4107 1320 4161 abstulit.
1355 4105 1458 4161 Sed
1492 4106 1544 4159 in
1586 4106 1693 4160 Deo
1716 4115 1770 4159 et
1801 4107 1979 4157 ineor-

400 4214 549 4273 rupta
573 4201 868 4255 substantia
900 4201 1007 4263 illa,
1038 4197 1171 4252 nihil
1203 4198 1325 4251 licet
1354 4195 1660 4266 bujusmodi
1691 4197 1975 4265 suspicari.

398 4294 475 4350 Ne
506 4299 636 4363 ergo
681 4293 750 4346 de
798 4291 1046 4344 omnibus
1094 4289 1337 4358 exempla
1382 4289 1613 4358 accipias
1659 4303 1823 4342 :nam
1853 4288 1979 4342 alibi

399 4402 612 4457 quoque
639 4384 802 4440 multa
837 4383 960 4437 hinc
987 4383 1166 4452 gravia
1211 4391 1496 4437 occurrent
1523 4392 1738 4452 peccata
1772 4399 1786 4434 :
1819 4381 1982 4452 siqni-

399 4482 523 4535 dem
561 4488 614 4534 et
651 4478 704 4532 in
733 4475 957 4530 exordio
985 4475 1227 4544 epistola:
1268 4473 1481 4530 dicebat
1530 4493 1543 4528 :
1588 4474 1774 4528 Omnia
1817 4484 1982 4528 vestra

399 4581 536 4634 sunt,
568 4585 656 4624 vos
680 4578 848 4623 autem
878 4566 1102 4634 Christi,
1137 4567 1369 4622 Christus
1389 4583 1506 4622 vero
1538 4567 1632 4621 Dei
1659 4569 1736 4640 (l.
1769 4567 1886 4621 Cori.
1922 4569 1977 4624 5.

402 4663 488 4719 te.
517 4663 588 4717 23
612 4665 652 4733 ).

474 4754 527 4807 5.
559 4752 696 4820 Quid
738 4752 909 4823 ergo?
936 4751 1254 4806 similiterne
1295 4751 1472 4804 omnia
1503 4759 1684 4805 nostra
1715 4759 1857 4818 sunt,
1889 4767 1986 4810 nos

405 4845 602 4901 Christi
631 4855 684 4900 et
707 4844 954 4899 Christus
986 4843 1078 4898 Dei
1108 4843 1132 4894 ?
1156 4842 1500 4912 Nequaquam
1522 4859 1536 4906 ;
1557 4843 1649 4898 sed
1674 4843 1776 4899 illis
1800 4845 1984 4913 etiam,

403 4938 492 5007 qui
523 4935 675 4989 valde
699 4935 1014 5004 insipientes
1034 4942 1176 4996 sunt,
1207 4945 1330 4989 nota
1352 4943 1434 4989 est
1457 4933 1778 5001 dilferentia,
1800 4937 1989 4992 etiam-

403 5032 448 5085 si
485 5030 588 5084 boc
618 5028 819 5082 dictum
851 5029 919 5083 de
943 5029 1095 5083 nobis
1117 5069 1132 5095 ,
1162 5027 1229 5083 de
1261 5028 1374 5082 Deo
1396 5036 1450 5083 et
1469 5027 1539 5083 de
1563 5028 1778 5084 Christo
1805 5029 1987 5099 profe-

409 5131 574 5179 ratur.
609 5123 676 5176 Et
701 5123 826 5177 alibi
853 5138 972 5177 cum
1009 5125 1177 5178 virum
1209 5133 1367 5192 caput
1394 5124 1636 5180 mulieris
1667 5141 1785 5181 esse
1816 5127 1989 5199 dixis-

411 5225 516 5278 set,
542 5217 813 5285 sobjtmxit
847 5234 860 5268 :
890 5216 1041 5270 Sicut
1071 5216 1315 5272 Christus
1341 5229 1420 5271 est
1465 5227 1626 5286 Caput
1654 5228 1707 5272 et
1743 5219 1990 5275 Salvator

413 5308 663 5362 Ecclesim
706 5317 759 5361 ct
795 5306 1067 5371 defensor,
1120 5308 1198 5361 sic
1235 5317 1290 5361 et
1324 5309 1403 5362 vir
1448 5309 1607 5363 debet
1658 5311 1838 5363 uxoris
1882 5325 1992 5364 sua:

412 5415 531 5455 esse
575 5399 788 5470 (Ep/tes.
818 5400 851 5454 5
903 5399 991 5453 ‘25.
1025 5397 1153 5470 Ἡ).
1187 5398 1446 5455 Similiter
1476 5400 1637 5469 igitur
1665 5401 1989 5471 accipiemus

411 5494 612 5550 d’ctu'n
645 5485 819 5547 c'l'boc
844 5501 896 5546 et
918 5491 1094 5546 omnia
1123 5506 1241 5560 qua:
1274 5500 1393 5560 post
1419 5493 1618 5560 scripta
1645 5505 1771 5547 sunt
1801 5492 1982 5561 Ephe-

410 5588 507 5643 siis
556 5586 622 5640 de
666 5584 767 5640 hoc
811 5584 1167 5654 argumento?
1210 5584 1364 5638 Absit
1414 5603 1427 5639 :
1473 5599 1645 5654 neque
1691 5585 1830 5640 enim
1879 5585 1992 5638 licri

412 5686 608 5749 potest.
635 5676 764 5731 Nam
789 5676 973 5730 eadem
997 5675 1207 5745 quidem
1230 5675 1390 5729 verba
1417 5674 1757 5744 proferuntur
1787 5675 1854 5731 de
1887 5675 1994 5729 ilco

416 5783 468 5828 et
494 5771 565 5826 dc
593 5770 896 5825 lttmlinl‘hus
927 5785 940 5835 ;
973 5766 1067 5824 sed
1097 5766 1202 5824 alio
1233 5765 1393 5823 modo
1415 5765 1525 5835 illa,
1556 5765 1662 5821 alio
1693 5768 1807 5822 haec
1836 5766 1993 5822 intel-

1096 321 1150 376 S.
1192 317 1468 376 JO.\NNIS
1505 309 1978 372 CII'RYSOSTOMI
2017 308 2334 366 ARCIIIEP.
2371 311 2904 376 CONSTANTINOP.

3543 322 3649 377 216

2088 424 2294 493 ligeuda
2321 437 2478 494 sunt;
2507 446 2607 488 nec
2634 444 2808 490 tamen
2830 451 3019 491 rursus
3045 441 3220 495 omnia
3245 441 3460 499 diverse
3492 462 3506 500 :
3538 460 3654 500 nam

2081 529 2268 570 rursus
2295 525 2496 575 temere
2525 532 2579 576 et
2607 523 2800 579 frustra
2834 536 3053 598 accepta
3081 531 3427 598 videbuntur,
3451 536 3494 590 si
3527 537 3654 592 nihil

2081 620 2179 684 nos
2209 605 2412 664 fructus
2440 610 2636 668 abillis
2658 617 2958 673 tulerimus.
2990 621 3143 676 Sicut
3170 625 3310 678 enim
3343 641 3448 680 non
3477 631 3654 685 omnia

2079 698 2326 754 similiter
2363 713 2489 758 sunt
2515 706 2823 776 accipienda
2850 752 2864 775 ,
2893 713 2969 766 sic
3001 728 3102 769 nec
3125 717 3303 771 omnia
3333 727 3536 776 temere
3572 737 3655 777 re-

2074 791 2330 859 jicieuda.
2385 794 2453 850 Ut
2497 807 2676 852 autem
2730 801 2783 855 id
2832 804 2974 872 quod
3027 805 3150 860 dico
3201 809 3397 864 clarius
3441 811 3654 878 evadat,

2078 885 2329 954 exemplo
2373 887 2424 941 id
2463 889 2638 958 palam
2671 892 2847 948 facere
2887 898 3143 953 conabor.
3173 901 3359 958 Dictus
3395 915 3475 958 est
3499 915 3658 975 caput

2079 974 2336 1032 Ecclesiae
2366 979 2650 1037 Christus:
2678 986 2722 1039 si
2753 986 2885 1042 nihil
2932 989 3220 1048 humanum
3249 1009 3532 1066 accepero,
3563 974 3658 1056 cur
3726 1037 3731 1042 -

2081 1065 2183 1121 hoc
2213 1069 2343 1123 mihi
2369 1069 2567 1126 dictum
2596 1076 2722 1130 est?
2750 1077 2955 1134 Rursus
2974 1082 3018 1134 si
3039 1085 3217 1138 omnia
3240 1065 3470 1142 humana
3499 1104 3655 1146 acce-

2080 1172 2231 1227 pero,
2264 1161 2427 1216 multa
2457 1175 2819 1236 consequetur
2841 1170 3142 1228 absurditas
3173 1195 3186 1230 :
3211 1191 3332 1231 nam
3365 1179 3555 1234 iisdem
3577 1192 3658 1238 est

2079 1249 2420 1318 passionihus
2444 1256 2736 1313 obnoxium
2762 1271 2941 1331 caput,
2969 1267 3161 1335 quibus
3189 1283 3405 1339 corpus,
3438 1273 3657 1328 iisdem-

2078 1355 2184 1410 que
2212 1343 2316 1398 erit
2343 1345 2652 1402 obnoxium.
2680 1350 2817 1416 Quid
2837 1368 2968 1424 ergo
2995 1359 3424 1428 relinquendum,
3453 1371 3515 1416 et
3532 1365 3655 1433 quid

2077 1433 2483 1502 accipiendum?
2507 1438 2874 1510 Relinquenda
2897 1447 3108 1514 quidem
3137 1459 3262 1504 sunt
3281 1467 3342 1506 ea
3375 1467 3497 1523 qua:
3525 1455 3655 1519 disi,

2077 1525 2388 1595 accipienda
2419 1537 2599 1586 autem
2635 1544 2719 1587 est
2752 1535 2986 1603 perfecta
3036 1540 3162 1592 unio
3189 1550 3242 1594 et
3264 1556 3424 1596 causa
3457 1553 3515 1599 et
3556 1546 3659 1613 pri-

2078 1631 2226 1671 mum
2257 1619 2594 1692 principium.
2648 1624 2833 1694 Neque
2861 1627 2973 1682 bazc
3005 1639 3240 1698 temere;
3272 1635 3364 1688 sed
3392 1634 3482 1688 hic
3520 1651 3654 1705 quo-

2077 1722 2181 1778 que
2202 1709 2252 1763 id
2274 1711 2416 1780 quod
2441 1713 2610 1784 majus
2637 1725 2790 1772 estet
2811 1719 2922 1773 Deo
2939 1723 3262 1778 conveniens
3276 1727 3656 1796 cogitandum:

2079 1815 2201 1855 nam
2224 1811 2279 1857 et
2327 1804 2452 1859 unio
2491 1807 2653 1862 tutior
2691 1816 2746 1863 et
2774 1811 3094 1882 principium
3141 1815 3510 1874 bonorahilius
3555 1830 3654 1875 est.

2078 1891 2282 1948 Rursus
2310 1895 2556 1952 audivisti
2589 1899 2781 1954 Filium
2815 1918 2828 1954 :
2859 1919 2925 1958 ne
2952 1904 3039 1958 hic
3077 1923 3289 1978 quoque
3309 1914 3492 1966 omnia
3523 1915 3661 1968 acci-

2079 1983 2214 2052 pias,
2246 2000 2421 2055 neque
2445 1991 2623 2044 omnia
2644 1993 2857 2062 rejicias
2882 2011 2896 2060 ;
2929 1997 3020 2052 sed
3050 1999 3113 2053 iis
3133 2016 3250 2070 quae
3272 2003 3436 2058 Deum
3471 2005 3662 2061 decent

2076 2077 2330 2147 acceptis,
2361 2081 2504 2149 quod
2531 2083 2602 2137 sit
2628 2087 3124 2159 consubstantialis,
3143 2095 3281 2164 quod
3311 2111 3377 2151 ex
3407 2099 3532 2168 ipso
3555 2101 3658 2164 sit;

2075 2184 2196 2244 qua:
2235 2171 2464 2229 absurda
2519 2183 2574 2230 et
2611 2193 2729 2247 qua?
2760 2180 3086 2238 infirmitatis
3131 2186 3376 2245 humana:
3418 2203 3569 2258 sunt,
3611 2196 3658 2249 in

2079 2271 2220 2317 terra
2252 2266 2518 2336 relinque.
2550 2269 2755 2327 Rursus
2787 2273 2928 2330 Deus
2956 2277 3044 2330 lux
3073 2278 3246 2334 dictus
3275 2282 3368 2336 fuit
3405 2302 3417 2337 :
3448 2301 3654 2355 ergone

2077 2356 2255 2411 omnia
2300 2373 2635 2415 assumemus
2674 2379 2806 2442 qua:
2844 2366 2910 2420 ad
2953 2368 3092 2424 hanc
3135 2372 3300 2427 luci-tn
3346 2377 3661 2442 pertinent?

2077 2447 2294 2503 Minime
2323 2451 2447 2506 :illa
2474 2454 2669 2525 quippe
2691 2459 2924 2513 tenebris
2945 2470 2998 2515 et
3027 2462 3143 2517 loco
3169 2465 3661 2538 circumscribitur,

2078 2545 2132 2591 et
2161 2538 2333 2594 altera
2377 2541 2428 2596 vi
2475 2555 2724 2601 movetur
2751 2557 2802 2603 et
2833 2549 3226 2609 obumbratur:
3272 2573 3503 2626 quorum
3537 2564 3660 2618 nihil

2078 2644 2146 2684 ne
2175 2631 2411 2700 cogitare
2453 2635 2666 2705 quidem
2698 2639 2822 2694 licet
2861 2641 2928 2696 de
2972 2643 3058 2697 illa
3102 2649 3354 2703 essentia.
3389 2649 3500 2706 Sed
3555 2671 3657 2708 non

2078 2719 2201 2776 ideo
2257 2725 2435 2778 omnia
2488 2727 2804 2796 ejiciemus,
2855 2747 3040 2788 verum
3087 2737 3355 2807 quidpiam
3411 2742 3548 2798 utile
3600 2745 3664 2798 ab

2079 2815 2325 2883 exemplo
2351 2815 2738 2887 decerpemus;
2774 2823 3216 2882 illuminationcm
3265 2847 3381 2899 qua!
3406 2847 3433 2885 τι
3475 2836 3584 2890 Deo
3615 2838 3663 2891 in

2078 2918 2178 2958 nos
2203 2916 2412 2974 manat,
2442 2908 2815 2967 liberationem
2837 2929 2866 2968 a
2915 2917 3149 2973 tenebris
3181 2935 3248 2974 ex
3278 2921 3366 2975 illa
3395 2924 3661 2995 colligen-

2065 3002 2180 3050 tes.
2228 2996 2296 3050 Et
2339 2997 2456 3054 haec
2493 3001 2709 3070 quidem
2749 3004 3009 3063 adversus
3040 3009 3357 3077 haereticos;
3386 3015 3502 3085 jam
3541 3034 3664 3074 vero

2081 3094 2248 3142 totum
2280 3089 2453 3145 locum
2475 3101 2803 3161 pertractare
2830 3112 2965 3168 opus
2991 3109 3093 3156 est.
3122 3102 3385 3162 Fortassis
3412 3111 3562 3166 enim
3584 3112 3666 3167 hic

2078 3179 2344 3249 quispiam
2399 3187 2749 3253 quzestionem
2800 3194 3049 3262 moverit,
3095 3198 3234 3266 apud
3271 3215 3330 3255 se
3375 3217 3663 3274 qumrenr,

2079 3270 2220 3339 quod
2251 3271 2456 3328 crimen
2485 3287 2601 3331 erat
2636 3279 2890 3336 mulieres
2926 3282 3138 3340 detecto
3160 3329 3174 3354 ,
3205 3289 3348 3345 viros
3391 3270 3540 3348 tecto
3571 3270 3662 3349 ea;

2080 3363 2190 3432 pite
2219 3365 2377 3420 esse?
2416 3367 2568 3433 Quod
2612 3371 2682 3424 sit
2715 3373 2919 3429 crimen
2967 3376 3120 3441 illud,
3167 3378 3291 3435 hinc
3335 3382 3664 3453 jam’disce.

2077 3455 2237 3527 Signa
2263 3459 2384 3514 data
2414 3471 2538 3516 sunt
2565 3463 2679 3520 viro
2709 3474 2764 3520 et
2791 3463 3000 3524 mulieri
3033 3472 3194 3526 multa
3225 3473 3326 3528 alia
3350 3516 3366 3539 ,
3395 3475 3476 3531 illi
3500 3478 3665 3549 impe-

2079 3552 2166 3618 rii,
2197 3553 2323 3607 huic
2350 3554 2699 3623 subjectionis
2727 3573 2742 3611 :
2774 3573 2895 3613 cum
2925 3559 3008 3614 his
3035 3571 3214 3617 autem
3243 3573 3296 3618 et
3323 3565 3453 3621 illud
3485 3609 3500 3632 ,
3525 3569 3664 3639 quod

2079 3643 2164 3699 illa
2197 3645 2409 3714 quidem
2445 3655 2669 3716 tegatur,
2705 3649 2791 3703 hic
2819 3666 2948 3706 vero
2972 3653 3115 3708 nudo
3141 3655 3314 3725 capite
3335 3657 3425 3712 sit.
3457 3659 3517 3715 Si
3539 3675 3666 3728 ergo

2079 3736 2240 3806 signa.
2275 3737 2384 3791 sint
2434 3737 2587 3803 hzec,
2648 3741 2807 3797 ambo
2847 3755 3107 3813 peccant,
3154 3746 3394 3802 ordinem
3441 3751 3667 3807 turban-

2081 3838 2161 3884 tes
2190 3839 2243 3883 et
2278 3829 2371 3884 Dei
2418 3841 2744 3902 prtrceptum
2793 3837 3146 3907 propriosque
3192 3841 3520 3898 excedenles
3566 3855 3668 3899 ter-

2081 3921 2291 3986 minos;
2329 3923 2419 3977 ille
2461 3923 2674 3993 quidem
2725 3925 2978 3982 decidens
3009 3929 3060 3983 in
3105 3931 3342 3986 mulieris
3381 3935 3664 4003 vilitatem,

2081 4011 2170 4065 illa
2199 4021 2376 4066 autem
2408 4014 2459 4066 in
2491 4013 2662 4068 virum
2690 4015 2971 4086 insurgens
2998 4034 3092 4088 per
3136 4019 3396 4076 habitum.
3429 4023 3488 4080 Si
3521 4027 3663 4080 enim

2080 4112 2282 4158 vestem
2312 4112 2518 4161 mutare
2545 4121 2649 4160 non
2681 4107 2823 4174 licet,
2850 4124 3022 4178 neque
3051 4111 3123 4164 illi
3153 4111 3231 4166 l‘as
3269 4123 3351 4168 est
3380 4117 3667 4188 chlamyde

2072 4195 2251 4262 indui,
2281 4211 2454 4265 neque
2475 4197 2588 4251 viro
2611 4199 2747 4266 palla
2778 4208 2832 4254 et
2863 4209 3170 4270 tegumenta
3191 4219 3206 4256 :
3231 4203 3353 4257 Non
3375 4208 3471 4260 erit
3502 4211 3665 4273 enim,

2083 4288 2275 4358 inquit,
2301 4290 2392 4342 viri
2415 4298 2624 4344 ornatus
2648 4308 2799 4362 super
2829 4293 3110 4358 mulierem,
3142 4313 3298 4366 neque
3324 4298 3568 4354 induatur
3595 4303 3667 4355 vir

2080 4391 2214 4435 veste
2242 4383 2472 4436 muliebri
2499 4382 2673 4454 (Deut.
2701 4383 2793 4439 2‘2.
2818 4385 2907 4455 5);
2942 4387 3108 4440 multo
3137 4389 3304 4458 magis
3328 4390 3444 4444 lucc
3465 4393 3662 4446 mutari

2087 4487 2191 4526 non
2222 4482 2452 4542 Oportet.
2487 4474 2580 4528 Hae
2610 4475 2827 4544 quidem
2855 4476 2995 4546 apud
3037 4476 3279 4534 homines
3311 4482 3502 4549 positae
3546 4493 3669 4537 sunt

2088 4562 2233 4632 leges
2259 4604 2273 4628 ,
2300 4564 2506 4618 etiamsi
2551 4565 2690 4620 Deus
2719 4566 2833 4621 illas
2861 4577 3044 4637 postea
3070 4570 3466 4627 conﬁrmaverit
3497 4591 3512 4626 :
3541 4574 3668 4628 illud

2076 4663 2262 4708 autem
2291 4669 2318 4707 a
2347 4664 2557 4723 natura,
2585 4657 2723 4726 quod
2754 4666 2981 4728 tegatur,
3013 4659 3155 4728 dico,
3189 4663 3269 4717 vel
3303 4679 3406 4717 non
3439 4673 3665 4735 tegatur.

2089 4748 2220 4800 Cum
2247 4757 2424 4802 autem
2453 4757 2696 4803 naturam
2727 4741 2960 4818 profero,
2993 4753 3156 4806 Deum
3173 4753 3327 4808 dico:
3353 4754 3443 4809 ille
3472 4757 3671 4826 quippe

2090 4851 2333 4896 naturam
2363 4843 2585 4897 creavit.
2618 4842 2750 4897 Cum
2793 4859 2922 4914 ergo
2947 4847 3210 4901 terminos
3252 4848 3413 4903 hosce
3439 4849 3670 4903 subver-

2093 4933 2241 4998 teris,
2276 4933 2397 4988 vide
2425 4942 2620 5004 quanta
2653 4934 2778 4990 hinc
2818 4938 3060 4990 oriantur
3086 4938 3299 4992 damna.
3329 4939 3515 5010 Neque
3547 4937 3670 4994 mihi

2093 5026 2194 5080 hoc
2238 5026 2383 5082 dicas
2428 5042 2648 5097 parvum
2691 5044 2812 5084 esse
2843 5040 3116 5099 peccatum
3149 5050 3163 5086 :
3191 5047 3436 5102 magnum
3478 5036 3672 5103 quippe

2094 5128 2176 5174 est
2203 5134 2299 5188 per
2327 5133 2386 5173 se
2419 5137 2430 5171 :
2460 5134 2582 5174 nam
2610 5131 2691 5176 est
2730 5122 3105 5177 inobcdientia.
3138 5123 3356 5196 Etiamsi
3391 5139 3520 5180 vero
3551 5142 3671 5196 par-

2093 5227 2215 5266 vum
2248 5221 2408 5274 esset,
2433 5227 2682 5282 magnum
2713 5213 2882 5280 ﬁeret,
2907 5216 3030 5282 quia
3052 5230 3356 5286 magnarum
3381 5233 3567 5272 rerum
3597 5225 3674 5271 est

2095 5305 2417 5375 synilmlum.
2443 5305 2594 5371 Quod
2621 5316 2796 5361 autem
2816 5323 3064 5378 magnum
3088 5309 3176 5372 sit,
3201 5310 3372 5379 palam
3395 5325 3455 5364 ex
3487 5326 3554 5364 eo
3570 5322 3669 5374 est,

2095 5396 2236 5464 quod
2266 5396 2446 5464 generi
2466 5396 2700 5451 humano
2717 5407 2823 5452 tam
2849 5400 3124 5468 pulchrum
3152 5401 3383 5469 praebeat
3407 5381 3670 5460 ordinem.

2098 5487 2448 5557 imperantem
2480 5495 2534 5542 et
2575 5489 2867 5558 subjectam
2913 5491 2964 5544 in
3009 5501 3198 5545 ornatu
3228 5491 3436 5546 decenti
3473 5494 3674 5546 consti-

2099 5587 2276 5632 tuens.
2310 5564 2490 5649 itaque
2520 5580 2608 5649 qui
2637 5580 3023 5650 transgreditur
3047 5623 3063 5648 ,
3091 5583 3267 5636 omnia
3296 5581 3596 5644 confundit,
3625 5591 3677 5636 et

2101 5673 2197 5728 Dei
2233 5674 2368 5728 dona
2409 5673 2605 5743 prodit,
2655 5685 2709 5730 et
2753 5687 2982 5745 superne
3030 5676 3131 5731 sibi
3179 5675 3358 5730 datmn
3418 5675 3674 5729 honorem

2101 5765 2250 5822 humi
2274 5765 2489 5836 abjicit;
2520 5781 2624 5822 non
2656 5767 2739 5822 vir
2770 5767 2928 5825 modo
2947 5810 2963 5838 ,
2993 5767 3088 5824 sed
3116 5767 3273 5824 etiam
3303 5767 3508 5824 muhcr.
3543 5765 3675 5822 Nam
