3826 6216
219 275 284 332 215
1045 261 1114 316 IN
1154 262 1375 318 EPIST.
1411 263 1431 316 Ι
1469 264 1560 319 AD
1591 263 2024 322 COR.-IIOMIL.
2068 264 2234 319 XXVI

215 377 332 448 καὶ
350 379 554 452 ὁμότιμος.
588 378 696 433 Καὶ
722 379 752 432 6
774 375 900 441 Υίὸς
934 375 1013 441 δὲ,
1042 378 1090 430 εἰ
1126 379 1218 430 καὶ
1250 379 1489 450 ὑπήκοος
1517 379 1613 447 γέ-

213 488 284 542 γονε
301 467 349 538 τῷ
371 463 523 534 Πατρὶ,
553 461 658 515 ἀλλ’
709 461 786 525 ὡς
820 461 947 523 Υίὸς
977 461 1142 523 Θεοῦ,
1191 461 1304 515 ἀλλ’
1347 462 1421 525 ὡς
1453 463 1605 526 Θεός.

210 556 338 621 Ὠσπερ
359 549 435 616 γὰρ
459 545 624 598 πλείων
652 546 685 615 ή
716 543 866 616 [250]
895 542 1066 596 πειθὼ
1095 542 1174 613 τῷ
1204 543 1318 614 Υίῷ
1352 543 1484 611 πρὸς
1511 544 1611 621 16v

207 619 354 704 Πατέρα,
375 632 398 702 ἦ
420 632 505 692 τοῖς
534 628 830 698 ἀνθρώποις
865 627 1000 697 πρὸς
1031 627 1158 690 τούς
1191 619 1608 695 γεγεννηκότας·

202 722 290 774 οὕτω
309 714 415 781 καὶὴ
442 711 685 780 ἐλευθερία
723 709 944 781 μείζων.
973 711 1048 763 Οὐ
1079 710 1186 780 γὰρ
1215 710 1388 780 δήπου
1413 709 1482 760 τὰ
1513 709 1612 779 μὲν

199 802 256 856 τοῦ
279 796 364 852 1⁸ίοῦ
391 795 496 866 πρὸς
522 795 600 848 τὸν
638 794 858 863 Πατέρα
909 793 1129 861 μείζονα
1165 791 1273 845 τῶν
1312 790 1612 860 ἀνθρώπων

197 885 254 938 καὶ
286 878 552 950 γνησιώτερα,
599 877 666 930 τά
704 877 760 929 δὲ
798 875 889 929 τοῦ
927 876 1140 945 Πατρὸς
1172 875 1311 946 πρὸς
1358 873 1449 926 τὸν
1487 872 1612 927 Υἰδν

193 968 373 1020 ἐλάττονα.
397 961 446 1012 Εἰ
464 961 550 1030 γὰρ
577 958 922 1028 θαυμάζομεν
949 958 1041 1010 τὸν
1071 958 1221 1020 Υίὸν,
1253 959 1335 1009 ὅτι
1367 956 1611 1026 ὑπήκου-

191 1068 261 1111 σεν,
281 1045 416 1108 ὡςκαὶ
435 1043 565 1114 μέχρι
588 1041 818 1095 Θανάτου
849 1039 1044 1104 ἐλθεῖν,
1072 1041 1168 1092 καὶ
1193 1039 1422 1092 Θανάτου
1449 1055 1612 1090 σταυ-

185 1133 261 1206 ροῦ,
273 1131 335 1182 καὶ
349 1126 491 1196 θαῦμα
503 1125 652 1178 αὐτοῦ
677 1125 816 1194 μέγα
839 1121 1100 1206 τιθέμεθα
1116 1122 1292 1206 τοῦτο·
1311 1121 1612 1206 θαυμάζειν

179 1213 312 1270 δεῖκαὶ
330 1211 399 1263 τὸν
422 1210 604 1280 Πατέρα
623 1246 638 1271 ,
666 1209 747 1260 ὅτι
772 1205 1014 1260 τοιοῦτον
1048 1205 1336 1275 ἐγέννησεν
1356 1245 1371 1269 ,
1403 1207 1501 1276 οὑχ
1537 1205 1612 1269 ὡς

176 1298 298 1350 δοῦλον
317 1293 686 1361 ἐπιταττόμενον,
713 1289 828 1343 ἀλλ’
856 1289 932 1352 ὠς
961 1287 1243 1357 ἐλεύθερον
1267 1287 1612 1340 ὑπακούοντα

175 1382 235 1434 καὶ
262 1376 488 1448 σύμϐουλον
517 1376 665 1428 ὄντα·
706 1375 736 1427 6
777 1372 887 1443 γὰρ
929 1371 1234 1442 σύμϐουλος
1285 1371 1348 1424 οὑ
1404 1369 1607 1434 δοῦλος.

171 1461 386 1532 Σύμόουλον
408 1459 456 1512 δέ
473 1459 581 1512 ὅταν
602 1456 840 1527 ἀκούσῃς
861 1455 1047 1518 πάλιν,
1072 1454 1149 1525 μή
1177 1453 1252 1513 ὡς
1280 1452 1374 1505 τοῦ
1399 1451 1612 1522 Πατρὸς

166 1545 294 1606 ἐνδεῶς
315 1543 486 1612 ἔχοντος
509 1541 685 1605 άκουε,
729 1539 846 1594 ἀλλ’
881 1538 959 1601 ὼς
984 1537 1079 1590 τοῦ
1121 1535 1316 1598 Παιδὸς
1344 1535 1608 1604 όμοτίμου

165 1630 254 1700 πρὸς
271 1629 336 1678 τὸν
358 1623 706 1694 γεγεννηκότα.
737 1620 830 1692 Μὴ
861 1621 1044 1673 τοίνυν
1074 1620 1154 1682 εἰς
1188 1617 1365 1670 πάντα
1399 1615 1522 1700 ἐλκε
1549 1615 1611 1700 τὸ

165 1699 411 1781 παράδειγμα
431 1705 510 1757 τοῦ
530 1704 714 1775 ἀνδρὸς
743 1704 840 1757 καὶ
870 1702 971 1773 τῆς
1007 1701 1283 1770 γυναικός.
1317 1699 1454 1770 Παρ’
1477 1699 1610 1768 ἡμῖν

165 1795 222 1845 ιὲν
249 1792 324 1862 γὰρ
353 1789 546 1850 εἰκότως
581 1786 942 1839 ὑποτέτακται
977 1783 1055 1854 τῷ
1083 1783 1239 1852 ἀνδρὶ
1285 1783 1319 1854 ή
1371 1782 1531 1850 γυνή·
1575 1782 1608 1851 ἡ

165 1879 222 1946 ’ἀρ
249 1873 441 1941 ἰσοτιμία
474 1871 638 1941 μάχην
679 1873 842 1922 ποιεῖ·
887 1869 982 1922 καὶ
1011 1868 1072 1920 οὐ
1101 1867 1190 1920 διὰ
1231 1865 1389 1920 τοῦτο
1425 1867 1606 1936 μόνον,

165 1962 240 2012 ιλλέι
265 1959 335 2012 καὶ
359 1957 437 2009 διὰ
460 1955 545 2024 τὴν
583 1955 797 2022 ἀπάτην
826 1952 925 2020 τὴν
955 1950 1108 2021 παρὰ
1136 1950 1236 2020 τὴν
1263 1949 1439 2020 ἀρχὴν
1471 1965 1610 2018 συμ-

168 2047 280 2097 ἄταν.
308 2041 394 2094 Διά
417 2057 489 2092 τοι
511 2038 660 2091 τοῦτο
687 2035 954 2107 γενομένη
1007 2036 1107 2104 μὲν
1147 2033 1350 2096 εὐθέως
1377 2033 1476 2102 οὐχ
1507 2033 1610 2084 ὐπ-

165 2128 274 2195 ιάγη·
300 2123 406 2177 οὔτε
427 2123 540 2176 ὅταν
567 2121 733 2190 αὐτὴν
757 2121 936 2189 ήγαγε
967 2118 1105 2188 πρὸς
1137 2117 1228 2169 τὸν
1263 2115 1454 2186 ἄνδρα,
1484 2113 1608 2166 οὐτε

165 2215 232 2284 ύτή
251 2211 416 2284 ἤκουσέ
439 2228 485 2262 τι
508 2209 649 2279 παρὰ
679 2207 773 2260 τοῦ
803 2207 937 2260 Θεοῦ
965 2205 1224 2269 τοιοῦτον,
1253 2203 1377 2258 οὐτε
1408 2207 1436 2257 6
1466 2205 1608 2274 ἀνὴρ

165 2299 212 2349 πέ
235 2315 273 2350 τι
297 2296 416 2368 πρὸς
444 2294 599 2364 αὐτὴν
631 2291 890 2344 τοιοῦτον·
919 2290 1035 2342 ἀλλ’
1074 2290 1157 2342 ὄτι
1203 2289 1300 2358 μὲν
1327 2287 1517 2340 ὀστοῦν
1545 2291 1609 2340 ἐκ

165 2381 203 2432 ὃν
224 2380 360 2433 ὀστῶν
385 2375 554 2441 αὑτοῦ,
579 2377 670 2428 καὶ
699 2374 833 2445 σάρξ
855 2375 919 2426 ἐκ
942 2372 1049 2425 τῶν
1081 2371 1298 2442 σαρκῶν
1327 2372 1493 2425 αὐτοῦ
1517 2368 1604 2440 ἦν,

165 2483 245 2518 12w
265 2464 418 2535 ἀρχῆς
437 2462 488 2514 δέ
516 2458 748 2529 οὐδαμοῦ
774 2457 892 2510 οὐδὲ
919 2457 1198 2526 ὑποταγῆς
1232 2457 1607 2526 ἐμνημόνευσε

165 2551 217 2612 ὡς
239 2549 416 2618 αὐτήν·
448 2547 529 2598 ὅτε
558 2544 613 2596 δέ
643 2541 830 2604 κακῶς
858 2541 1128 2611 ἐχρήσατο
1155 2541 1222 2609 τῇ
1248 2538 1486 2610 ἐξουσίᾳ,
1517 2540 1609 2591 καὶ

165 2631 376 2702 γενομένη
427 2628 608 2700 βοηθὸς
665 2624 948 2686 ἐπίϐουλος
1001 2623 1230 2692 εὑρέθη,
1280 2624 1374 2675 καὶ
1429 2624 1608 2676 πάντα

165 2715 313 2775 ὤλεσε,
345 2713 464 2766 τότε
491 2710 674 2764 ἀκούει
703 2707 924 2770 δικαίως
952 2708 1157 2760 λοιπόν·
1189 2706 1346 2774 Πρὸς
1371 2708 1478 2760 τὸν
1503 2709 1609 2760 ἀν-

165 2812 297 2850 τσου
320 2797 358 2864 ἠ
401 2790 744 2859 ἀποστροφή
775 2806 911 2842 σου.
953 2787 1173 2859 Ἐπειδὴ
1213 2788 1324 2858 γάρ
1365 2789 1512 2852 εἰκὸς
1539 2785 1607 2858 ἦν

165 2899 170 2922 ι
215 2878 465 2949 ἁμαρτίαν
519 2875 726 2944 ταύτην
784 2873 1166 2942 ἐκπολεμῶσαι
1225 2873 1286 2926 τὸ
1339 2872 1494 2940 γένος
1547 2873 1608 2926 τὸ

165 2963 301 3031 ἕτερον
327 2962 348 3032 (
367 2959 488 3013 οὐδὲ
516 2958 620 3029 γὰρ
651 2957 718 3010 ἂν
755 2955 934 3026 ὤνησέ
969 2973 1022 3007 τι
1061 2959 1141 3018 είς
1182 2956 1406 3028 εἰρήνην
1442 2956 1504 3010 τὸ
1548 2957 1607 3024 ἐξ

168 3045 216 3096 ού
237 3043 571 3114 γεγενῆσθαι,
597 3039 788 3093 τούτου
822 3038 1160 3109 συμϐάντος·
1196 3039 1312 3092 ἀλλ’
1347 3040 1476 3093 αὐτὸ
1508 3041 1607 3112 μὲν

173 3129 302 3182 τοῦτο
328 3127 427 3181 καὶ
472 3125 802 3197 τραχύτερον
837 3125 904 3178 ἂν
933 3123 1156 3194 ἐποίησε
1197 3124 1289 3178 τὸν
1326 3125 1515 3195 ἄνδρα,
1547 3129 1607 3182 τὸ

168 3210 297 3262 ἐτοῦ
352 3208 557 3262 οἰκείου
609 3207 898 3276 φείσασθαι
951 3207 1145 3277 μέλους
1199 3207 1314 3279 τὴν
1344 3210 1402 3275 ἐξ
1440 3211 1606 3264 αὐτοῦ

167 3293 321 3363 ,μένην
433 3290 660 3344 συνιδὼν
686 3291 786 3361 τὴν
813 3289 904 3344 τοῦ
932 3290 1177 3343 διαϐόλου
1213 3294 1548 3363 κακουργίαν
1578 3297 1607 3348 6

167 3393 189 3437 τ,
219 3375 521 3445 ἐπετείχισε
541 3374 694 3426 τουτὶ
718 3374 778 3426 τὸ
808 3374 979 3444 ῥῆμα,
1019 3375 1112 3427 καὶ
1135 3375 1233 3446 τὴν
1263 3377 1327 3428 ἐκ
1355 3381 1454 3448 τῆς
1488 3380 1606 3430 ἐπιο

167 3456 224 3525 ῆς
250 3456 556 3526 μέλλουσαν
589 3454 886 3523 ἀπέχθειαν
913 3454 1132 3508 ἔσεσθαι
1157 3456 1246 3509 διὰ
1273 3459 1371 3527 τῆς
1394 3458 1607 3526 ἀποφά-

170 3559 171 3564 η
195 3542 395 3610 ταύτης
429 3538 630 3603 ἀνεῖλε,
667 3540 761 3591 καὶ
789 3538 886 3608 τῆς
915 3539 1209 3608 ἐπιθυμίας
1234 3538 1334 3608 τῆς
1363 3541 1604 3610 ἐμφύτου

174 3641 264 3694 περ
295 3623 625 3696 μεσότοιχον
668 3623 1029 3685 κατασπάσας
1065 3623 1164 3692 τὴν
1193 3623 1258 3676 ἐκ
1297 3622 1398 3692 τῆς
1427 3624 1607 3693 ἀμαρ-

170 3707 564 3778 μνησικακίαν.
606 3705 746 3758 Ἀλλ’
767 3707 862 3758 ἐπὶ
887 3705 980 3758 τοῦ
998 3706 1132 3759 Θεοῦ
1150 3708 1245 3760 καὶ
1269 3707 1369 3778 τῆς
1402 3707 1609 3778 ἀκηρά-

169 3797 306 3861 ὐσίας
339 3795 573 3864 ἐκείνης
600 3793 748 3847 οὐδὲν
771 3792 1012 3844 τοιοῦτον
1058 3793 1204 3846 ἐστιν
1243 3795 1602 3849 ὑποπτεῦσαι.

169 3880 295 3933 ιίνυν
326 3877 485 3933 κατά
510 3879 732 3930 πάντων
753 3875 905 3945 δέχου
927 3875 996 3927 τά
1017 3877 1460 3945 παραδείγματα·
1485 3879 1606 3931 ἐπεί⁵

170 3965 351 4036 ιλαχοῦ
383 3961 571 4017 πολλὰ
590 3960 841 4015 ἐντεῦθεν
866 3961 1169 4031 ἀπαντήσει
1190 3962 1404 4031 χαλεπά
1424 3963 1607 4034 ἁμαρ-

171 4067 232 4101 τα.
262 4049 387 4102 Καὶ
420 4047 540 4117 γὰρ
573 4047 671 4098 καὶ
703 4045 761 4098 ἐν
799 4045 1104 4116 προοιμίοις
1145 4045 1244 4115 τῆς
1285 4046 1606 4117 Ἐπιστολῆς

171 4147 182 4161 ·
214 4133 438 4185 Πάντα
462 4128 641 4199 ὑμῶν
661 4128 852 4190 ἐστιν,
888 4126 1056 4197 ὑμεῖς
1078 4127 1146 4179 δὲ
1169 4129 1446 4195 Χριστοῦ,
1472 4131 1606 4198 Χρι-

171 4212 230 4265 ξέ
260 4212 457 4268 Θεοῦ.

171 4305 207 4355 ’ί
234 4301 378 4369 οῦν;
416 4302 638 4373 ὁμοίως
664 4301 823 4372 ήμῶν
853 4299 920 4353 τὰ
955 4301 1152 4363 πάντα,
1192 4301 1285 4361 καὶ
1312 4304 1474 4375 ήμεῖς
1511 4304 1605 4358 τοῦ

172 4387 235 4451 ›ῦ,
292 4388 405 4441 καὶ
442 4389 475 4440 6
518 4384 761 4456 Χριστὸς
804 4383 898 4436 τοῦ
948 4383 1112 4448 Θεοῦ;
1148 4384 1431 4456 Οὐδαμῶς,
1469 4387 1607 4441 ἀλλά

173 4473 233 4533 ,ῖς
292 4469 536 4540 σφόδρα
595 4468 845 4539 ἀνοήτοις
873 4467 1004 4538 δήλη
1034 4470 1065 4536 ὴ
1090 4468 1343 4540 διαφορὰ,
1375 4471 1423 4523 εί
1450 4472 1542 4526 καὶ
1569 4474 1604 4543 ὴ

178 4554 310 4622 ἧσις
347 4553 457 4604 ἐπὶ
495 4551 600 4604 τοῦ
633 4549 769 4604 Θεοῦ
813 4550 908 4603 καλ⁸
935 4549 1028 4602 τοῦ
1057 4552 1294 4621 Χριστοῦ
1329 4554 1422 4606 καὶ
1450 4555 1607 4626 ἡμῶν

183 4675 196 4688 .
229 4637 360 4690 Καὶ
386 4633 653 4704 ἀλλαχοῦ
681 4633 738 4686 δέ
758 4632 998 4702 κεφαλήν
1019 4632 1186 4686 εἰπὼν
1208 4634 1298 4707 τὸν
1323 4636 1490 4707 ἄνδρα
1506 4639 1607 4706 τῆς

173 4723 242 4781 ὃς,
282 4719 637 4787 ἐπήγαγεν·
674 4716 884 4786 Ὥσπερ
930 4716 1024 4768 καὶ
1053 4718 1080 4768 6
1119 4717 1353 4786 Χριστὸς
1395 4721 1606 4792 κεφαλὴ

173 4804 273 4873 τήρ
311 4803 457 4854 ἐστι
483 4800 599 4870 τῆς
641 4798 965 4870 Ἐκκλησίας
991 4800 1086 4852 καὶ
1111 4801 1438 4871 προστάτης,
1466 4801 1608 4856 οὕτω

175 4887 262 4956 ,ὴρ
286 4885 545 4954 ὀφείλει
578 4884 683 4953 τῆς
709 4882 874 4936 αὑτοῦ
899 4883 1154 4951 γυναικὸς
1180 4881 1337 4938 εἶναι.
1365 4881 1492 4958 'Ap‘
1513 4887 1607 4941 οῦν

176 4966 602 5038 ἐκληψόμεθα
645 4965 708 5018 τὸ
758 4966 1068 5034 είρημένον,
1101 4965 1377 5020 καὶτοῦτο
1410 4969 1507 5022 καὶ
1539 4971 1608 5024 τά

181 5050 333 5104 ύτου
365 5051 629 5104 ἃπαντα
665 5048 931 5118 Ἐφεσίοις
961 5049 1338 5120 ἐπεσταλμένα
1361 5051 1606 5123 περὶτῆς

175 5151 260 5196 ως
324 5131 618 5202 ταύτης;
657 5134 908 5200 Ἀπαγεί
945 5131 1064 5185 οὐδὲ
1096 5133 1204 5202 γάρ
1245 5133 1487 5186 δυνατόν.
1523 5136 1606 5189 T6

175 5217 232 5268 τά
285 5218 571 5286 ῥήματα
631 5215 845 5281 λέγεται
895 5215 992 5285 μὲν
1033 5215 1123 5266 ἐπὶ
1158 5214 1292 5268 Θεοῦ
1331 5215 1481 5288 [951]
1513 5219 1606 5271 καὶ

178 5315 265 5350 ον’
322 5299 478 5351 ἀλλ’
530 5297 744 5368 ἐτέρως
787 5297 886 5366 μὲν
924 5299 1105 5350 ἐκεῖνα
1134 5298 1372 5368 νοητέον,
1408 5302 1605 5372 ἑτέρως

177 5399 221 5432 ι·
267 5382 346 5433 οὐ
411 5381 554 5452 μὴν
598 5381 764 5435 πάλιν
793 5381 969 5434 πάντα
1007 5382 1446 5452 ἐξηλλαγμένως·
1483 5387 1606 5438 ἐπεὶ

177 5465 254 5534 κῆ
312 5465 440 5518 καὶ
485 5463 688 5534 μάτην
717 5462 1085 5534 παρειλῆφθαι
1127 5463 1288 5530 δόξει,
1317 5466 1469 5519 οὐδὲν
1509 5470 1603 5521 ἀπ’

181 5547 650 5618 αρπουμένων
701 5547 880 5618 ἡμῶν.
925 5547 1136 5617 Ὥσπερ
1165 5549 1270 5617 γάρ
1323 5549 1382 5602 οὐ
1429 5551 1604 5604 πάντα

177 5631 569 5701 κληπτέον,
616 5629 792 5694 οὕτως
820 5629 942 5683 οὐδὲ
969 5629 1147 5682 πάντα
1191 5631 1374 5694 ἁπλῶς
1404 5633 1601 5705 ἐκϐλη-

179 5730 198 5764 ι
244 5714 322 5766 δὲ
374 5713 415 5766 ὃ
456 5713 660 5782 λέγω,
688 5713 912 5784 γένηται
949 5713 1298 5783 σαφέστερον,
1339 5717 1430 5768 ἐπὶ
1477 5719 1605 5770 ὐπο-

179 5811 195 5855 :
222 5795 407 5849 αὐτὸ
445 5796 821 5867 πειράσομαι
849 5797 1072 5868 ποιῆσαι
1101 5796 1348 5866 φανερόν.
1379 5799 1600 5871 Εἴρηται

3183 265 3288 323 ἳίϐ

1721 381 1931 450 κεφαλὴ
1962 383 2062 451 τῆς
2093 380 2413 451 Ἐκκλησίας
2439 383 2467 436 6
2499 382 2749 452 Χριστός·
2785 381 2850 436 ἂν
2879 381 3043 453 μηδὲν
3064 381 3172 435 ἀπὸ
3196 399 3290 436 του

1722 463 2065 532 ἀνθρωπίνου
2103 463 2271 530 λάϐω,
2303 464 2354 517 τί
2403 481 2491 533 μοι
2529 466 2621 518 καὶ
2651 464 2864 535 εἴρηται
2903 463 3089 530 τοῦτο;
3125 466 3292 519 Πάλιν

1721 547 1788 600 ἂν
1825 547 2037 601 ἅπαντα
2080 547 2248 612 λάϐω,
2300 547 2469 618 πολλὴ
2511 547 2697 618 ἕψεται
2746 550 2780 618 ἡ
2827 547 3035 615 ἀλογία·
3063 548 3292 619 καὶγὰρ

1719 629 2051 701 ὁμοιοπαθὴς
2087 629 2166 700 τῷ
2207 629 2418 700 σώματι
2465 633 2498 700 ή
2549 629 2778 700 κεφαλὴ,
2814 632 2908 682 καὶ
2955 633 3066 692 τοῖς
3109 631 3290 693 αὐτοῖς

1721 712 2037 776 ὑπεύθυνος.
2057 715 2120 766 Τί
2148 711 2240 768 οὖν
2265 715 2346 768 δεῖ
2365 716 2599 782 ἀφεῖναι,
2635 715 2672 786 ἢ
2704 716 2754 767 τί
2787 714 3009 781 λαϐεῖν;
3053 715 3292 784 Ἀφεῖνυε

1723 797 1822 865 μὲν
1850 795 2024 850 ταῦτα
2055 797 2090 850 ἀ
2111 795 2285 861 εἷπον,
2315 798 2498 852 λαϐεῖν
2535 799 2590 852 δέ
2615 799 2808 852 ἐνωσιν
2833 798 3056 868 ἀκριϐῆ,
3089 798 3184 850 καὶ
3208 801 3294 850 αἰ-

1717 880 1839 932 τίαν
1877 880 1970 932 καὶ
2000 881 2174 951 ἀρχὴν
2198 893 2223 920 ι
2246 881 2345 950 τὴν
2369 881 2609 952 πρώτην·
2638 883 2730 934 καὶ
2751 882 2870 935 οὐδὲ
2888 880 3058 934 ταῦτα
3084 880 3290 943 ἁπλῶς,

1718 962 1855 1016 ἀλλὰ
1882 963 1976 1015 καὶ
1997 964 2229 1016 ἐνταῦθα
2261 965 2321 1016 τὸ
2350 965 2531 1033 μεῖζον
2559 965 2768 1017 οἴκοθεν
2798 967 3028 1018 ἐπινοεῖν
3059 965 3152 1017 καὶ
3173 963 3290 1033 Θεῷ

1720 1046 1948 1115 πρέπον·
1988 1048 2081 1099 καὶ
2108 1046 2216 1117 γάρ
2248 1049 2280 1117 ἡ
2306 1049 2496 1111 ἓνωσις
2531 1048 2928 1118 ἀσφαλεστέρα,
2968 1049 3115 1118 καὶὴ
3148 1049 3290 1118 ἀρχὴ

1719 1125 2035 1194 τιμιωτέρα.
2069 1126 2237 1179 Πάλιν
2269 1127 2508 1195 ήκουσας
2545 1127 2687 1179 Υίόν·
2725 1129 2799 1196 μὴ
2829 1128 3004 1180 πάντα
3045 1126 3180 1196 μηδὲ
3205 1128 3292 1178 ἐνο

1717 1206 1891 1260 ταῦθα
1941 1207 2129 1278 λάϐῃς,
2172 1209 2307 1262 ἀλλὰ
2354 1209 2488 1279 μηδὲ
2538 1210 2713 1263 πάντα
2756 1210 3010 1280 ἐκϐάλῃς,
3048 1209 3161 1262 ἀλλ’
3195 1209 3299 1261 ὅσα

1717 1288 1837 1357 Θεῷ
1867 1291 2063 1361 πρέπει
2102 1291 2409 1362 δεξάμενος,
2443 1294 2522 1345 ὅτι
2552 1293 2852 1362 ὁμοοὺσιος,
2893 1295 2973 1346 ὅτι
3013 1292 3072 1356 ἐξ
3106 1293 3293 1357 αὑτοῦ,

1717 1368 1787 1422 τὰ
1831 1368 2005 1423 ἄτοπα
2055 1373 2149 1424 καὶ
2199 1372 2480 1435 ἀσθενείας
2523 1375 2652 1426 ὄντα
2683 1373 3051 1444 ἀνθρωπίνης,
3081 1373 3171 1424 ἐπὶ
3196 1371 3295 1438 τῆς

1717 1452 1823 1522 γῆς
1846 1453 1930 1506 έαο
1959 1453 2188 1525 Εἴρηται
2220 1458 2334 1525 φῶς
2356 1461 2383 1511 6
2403 1457 2534 1520 Θεὸς
2563 1457 2742 1512 πάλιν·
2771 1453 2858 1526 ἆρ’
2883 1453 2974 1510 οὖν
3007 1457 3182 1510 πάντα
3209 1457 3295 1508 6;-

1717 1537 1941 1607 ξόμεθα,
1980 1539 2080 1593 ὅσα
2113 1541 2208 1593 τοῦ
2242 1543 2417 1610 φωτὸς
2455 1543 2678 1606 τούτους
2707 1541 2972 1612 Οὐδαμῶς
2993 1555 3007 1569 ·
3043 1541 3137 1593 καὶ
3186 1540 3294 1609 γὰρ

1717 1621 1835 1673 ἐκεῖ
1871 1621 1948 1692 τῷ
1978 1622 2154 1692 σκότῳ
2188 1624 2344 1678 τοῦτο
2377 1627 2470 1679 καὶ
2492 1626 2638 1696 τόπῳ
2669 1624 3056 1696 περικλείεται,
3083 1622 3177 1675 καὶ
3203 1620 3294 1687 ὑφ’

1718 1703 1910 1774 ἑτέρας
1934 1709 2161 1759 κινεῖται
2181 1707 2463 1776 δυνάμεως
2493 1711 2586 1762 καὶ
2607 1707 3008 1770 ἐπισκιάζεται·
3033 1698 3109 1758 ὧν
3139 1704 3292 1756 οὐδὲν

1716 1787 1836 1840 οὐδὲ
1887 1788 2132 1860 ἐννοῆσαι
2188 1789 2340 1860 θέμις
2393 1791 2485 1844 ἐπὶ
2525 1793 2622 1862 τῆς
2652 1792 2839 1853 οὐσίας
2877 1789 3108 1858 ἐκείνης.
3157 1788 3294 1839 Ἀλλ’

1715 1869 1838 1923 οὐδὲ
1869 1871 2047 1926 πάντα
2093 1872 2182 1926 διὰ
2228 1873 2385 1927 τοῦτο
2426 1875 2782 1944 ἐκϐαλοῦμεν,
2814 1873 2948 1927 ἀλλὰ
2987 1871 3297 1943 δρεψόμεοά

1715 1971 1772 2008 τι
1798 1955 1894 2007 καὶ
1923 1957 2191 2027 χρήσιμον
2222 1958 2330 2011 ἀπὸ
2375 1959 2468 2011 τοῦ
2510 1960 2972 2030 παραδείγματος,
3003 1956 3093 2008 τὸν
3131 1972 3297 2024 φωτι-

1718 2037 1859 2108 σμὸν
1896 2040 1986 2092 τὸν
2028 2042 2092 2093 ἐκ
2124 2042 2216 2094 τοῦ
2264 2041 2399 2095 Θεοῦ
2443 2043 2726 2112 γινόμενον
2771 2044 2923 2112 ήμῖν,
2960 2040 3056 2110 τὴν
3100 2041 3163 2090 ἐκ
3199 2037 3295 2089 τοῦ

1718 2121 1944 2184 σκότους
1991 2124 2314 2197 ἀπαλλαγὴν
2363 2127 2426 2178 ἐκ
2469 2126 2660 2179 τούτου
2709 2127 3052 2190 συνάγοντες.
3092 2120 3200 2173 Καὶ
3228 2119 3298 2172 τὰ

1720 2203 1818 2274 μὲν
1869 2206 2007 2276 πρὸς
2055 2207 2363 2277 αἰρετικούς
2407 2209 2609 2261 ταῦτα·
2644 2209 2725 2262 δεῖ
2771 2208 2826 2260 δὲ
2877 2207 2971 2260 καὶ
3017 2204 3297 2273 ὁλοκλήρῳ

1713 2285 1899 2340 λοιπὸν
1943 2288 2249 2353 ἐπεξελθεῖν
2291 2291 2367 2360 τῷ
2408 2291 2611 2364 χωρίῳ.
2645 2293 2806 2352 Ἴσως
2854 2289 2960 2358 γὰρ
3000 2288 3064 2341 άν
3092 2304 3175 2350 τις
3213 2287 3298 2337 ἐν-

1714 2368 1889 2422 ταῦθα
1944 2373 2038 2424 καὶ
2081 2371 2454 2444 διαπορήσειε,
2502 2375 2638 2445 πρὸς
2686 2373 2877 2426 ἐαυτὸν
2909 2369 3106 2440 ζητῶν,
3143 2372 3296 2422 ποῖον

1713 2453 1967 2525 ἔγκλημα
2004 2452 2072 2527 ἦν
2101 2458 2161 2510 τὸ
2187 2458 2659 2512 ἀνακαλύπτεσθαι
2695 2459 2794 2520 τὰς
2821 2457 3102 2524 γυναῖκας,
3129 2453 3162 2523 ἢ
3201 2455 3298 2505 καὶ

1714 2539 2082 2595 καλύπτεσθαι
2111 2544 2234 2606 τοὺς
2267 2543 2492 2613 ἄνδρας
2523 2545 2679 2595 Ποῖον
2709 2538 2800 2594 οὖν
2832 2539 3081 2618 ἔγκλημα
3112 2536 3290 2598 τοῦτο,

1714 2623 1964 2678 ἐντεῦθεν
2004 2625 2106 2696 ἤδη
2154 2627 2425 2696 μάνθανε·
2472 2625 2723 2696 Σύμϐολα
2764 2625 2972 2677 δέδοται
3015 2621 3168 2691 ἀνδρὶ
3201 2622 3326 2673 καὶ·

1713 2709 1934 2775 γυναικὶ
1962 2710 2130 2763 πολλὰ
2170 2711 2268 2780 μὲν
2305 2715 2398 2764 καὶ
2429 2711 2610 2786 ἕτερα,
2643 2709 2721 2778 τῷ
2757 2709 2853 2778 μὲν
2881 2708 2977 2776 τῆς
3006 2705 3204 2775 ἀρχῆς,
3226 2706 3292 2774 τῇ

1713 2790 1772 2842 δὲ
1793 2791 1894 2858 τῆς
1925 2793 2222 2864 ὑποταγῆς·
2256 2794 2392 2864 μετά
2420 2795 2476 2847 δὲ
2507 2793 2727 2847 ἐκείνων
2757 2793 2851 2844 καὶ
2878 2789 3053 2852 τοῦτο,
3083 2788 3144 2840 τὸ
3164 2789 3296 2841 ταύ-

1713 2889 1812 2943 την
1840 2875 1937 2942 μὲν
1967 2875 2354 2940 καλύπτεσθαι,
2378 2876 2563 2929 τοῦτον
2591 2875 2647 2928 δέ
2675 2891 2740 2942 γυ
2750 2873 2884 2944 μνὴν
2913 2873 3055 2942 ἐχειν
3083 2870 3181 2941 τὴν
3209 2887 3296 2923 κε-

1715 2957 1910 3029 φαλήν.
1948 2960 2008 3010 Εί
2040 2960 2214 3013 τοίνυν
2271 2960 2512 3030 σύμϐολα
2560 2959 2733 3012 ταῦτά
2785 2960 2949 3020 ἐστιν,
2995 2955 3294 3026 ἀμφότεροι

1713 3041 2084 3111 ἁμαρτάνουσι
2125 3043 2224 3114 τὴν
2266 3043 2518 3107 εὐταξίαν
2561 3041 2898 3110 συγχέοντες,
2932 3039 3027 3092 καὶ
3060 3038 3162 3108 τὴν
3197 3037 3293 3090 τοῦ

1713 3123 1847 3177 Θεοῦ
1869 3124 2146 3196 διαταγὴν,
2168 3125 2262 3179 καὶ
2283 3127 2408 3188 τοὺς
2427 3125 2656 3186 οἰκείους
2677 3123 3091 3192 ὑπερϐαίνοντες
3113 3122 3292 3192 ὅρους.

1713 3209 1810 3260 καὶ⁹
1843 3209 1871 3259 6
1903 3209 1999 3278 μὲν
2031 3211 2110 3272 εἰς
2140 3210 2237 3278 τήν
2273 3208 2487 3277 ἐκείνης
2527 3208 2886 3260 καταπίπτων
2919 3204 3217 3268 εὐτέλειαν,
3259 3206 3292 3274 ή

1713 3290 1770 3343 δέ
1798 3291 2199 3361 ἐπανισταμένη
2233 3291 2310 3359 τῷ
2331 3292 2484 3357 ἀνδρὶ
2513 3290 2601 3343 διά
2634 3289 2727 3342 τοῦ
2761 3291 3056 3358 σχήματος.
3086 3287 3148 3339 Εἰ
3185 3289 3294 3355 γὰρ

1715 3374 1929 3442 ἱμάτιον
1991 3374 2328 3428 ἐναλλάττειν
2387 3374 2446 3425 οὐ
2507 3373 2683 3442 θέμις,
2753 3372 2872 3423 οὑδέ
2937 3369 3141 3439 ταύτην
3196 3370 3294 3439 μὲν

1712 3457 1933 3528 χλανίδα
1973 3456 2334 3530 περικεῖσθαι,
2369 3458 2572 3510 ἐκεῖνον
2603 3456 2660 3508 δέ
2693 3455 2863 3525 φάρος
2890 3455 2922 3524 ἢ
2955 3452 3290 3524 καλύπτραν·

1717 3543 1839 3594 οὐκ
1868 3540 2038 3594 ἔσται
2081 3540 2206 3612 γὰρ,
2239 3539 2393 3610 φησὶ,
2424 3539 2614 3604 σκεύη
2647 3536 2866 3603 ἀνδρὸς
2902 3537 2998 3588 ἐπὶ
3033 3537 3292 3604 γυναικὶ,

1713 3622 1855 3677 οὐδὲ
1897 3623 2212 3677 ἐνδύσεται
2252 3623 2408 3690 ἀνὴρ
2448 3619 2684 3688 στολὴν
2715 3619 3084 3686 γυναικείαν·
3115 3617 3294 3687 πολλῷ

1718 3707 1916 3778 μᾶλλον
1941 3707 2114 3760 ταῦτα
2142 3703 2597 3760 άνταλλάττεσθαι
2625 3704 2684 3756 οὐ
2717 3703 2816 3759 δεῖ.
2847 3701 3031 3757 Ταῦτα
3056 3701 3156 3772 μὲν
3185 3703 3294 3771 γὰρ

1713 3791 1864 3863 παρά
1897 3791 2003 3843 τῶν
2031 3790 2330 3861 ἀνθρώπων
2357 3788 2791 3859 νενομοθέτηται,
2844 3787 2892 3840 εί
2941 3787 3035 3839 καλ⁸
3081 3788 3108 3839 6
3159 3785 3292 3848 Θεὸς

1715 3874 1939 3945 ὕστερον
1961 3873 2098 3926 αὑτά
2125 3870 2419 3945 ἐκύρωσεν·
2454 3874 2628 3925 ἐκεῖνο
2657 3871 2714 3924 δέ
2743 3869 2894 3940 παρά
2917 3871 3014 3938 τῆς
3053 3868 3286 3938 φύσεως,

1712 3959 1773 4011 τὸ
1809 3955 2177 4010 καλύπτεσθαι
2203 3955 2365 4024 λέγω,
2396 3957 2489 4008 καὶ
2514 3955 2574 4007 τὸ
2602 3954 2676 4025 μὴ
2706 3953 3094 4008 καλύπτεσθαι.
3121 3954 3288 4006 Ὅταν

1712 4040 1769 4094 δὲ
1802 4042 1940 4094 εἴπω
1976 4039 2072 4110 τὴν
2105 4041 2286 4108 φύσιν,
2327 4039 2417 4091 τὸν
2450 4038 2580 4090 Θεὸν
2608 4038 2769 4108 λέγω·
2802 4039 2831 4089 6
2851 4037 2960 4109 γάρ
2989 4037 3088 4108 τὴν
3128 4035 3289 4107 φύσιν

1711 4124 2140 4196 δημιουργήσας,
2163 4123 2324 4187 αὑτός
2345 4125 2510 4178 ἐστιν.
2537 4125 2702 4177 Ὅταν
2727 4121 2819 4178 οὖν
2838 4123 2965 4184 τοὺς
2987 4123 3143 4190 ὅρους
3165 4122 3290 4175 ἀναο

1710 4209 1918 4280 τρέπῃς
1946 4206 2186 4272 τούτους,
2227 4209 2327 4282 ὅρα
2367 4208 2510 4262 πόσα
2541 4209 2750 4276 γίνεται
2777 4210 2846 4264 τὰ
2865 4209 3154 4279 ἐπιϐλαϐῆ.
3177 4211 3288 4263 Καὶ

1716 4293 1789 4362 μή
1847 4310 1936 4363 μοι
1963 4291 2119 4344 τοῦτο
2151 4291 2331 4362 είπῃς,
2366 4292 2447 4344 ὅτι
2485 4292 2678 4362 μικρὸν
2719 4293 2781 4346 τὸ
2821 4294 3282 4364 ἁμαρτανόμενον·

1717 4374 1858 4446 μέγα
1891 4374 1989 4443 μὲν
2031 4375 2139 4445 γάρ
2171 4376 2307 4437 ἐστι,
2355 4374 2449 4426 καὶ
2501 4377 2621 4427 καθ’
2660 4376 2838 4428 ἐαυτό·
2889 4376 3140 4447 παρακοὴ
3183 4376 3292 4445 γάρ

1714 4456 1869 4542 [252]
1885 4459 2051 4542 ἐστιν·
2079 4457 2141 4542 Εἰ
2159 4455 2215 4542 δὲ
2237 4456 2332 4542 καὶ
2357 4457 2549 4526 μικρὸν
2571 4453 2660 4529 ἦν,
2683 4459 2826 4542 μέγα
2853 4459 3080 4542 ἐγίνετο,
3103 4459 3290 4542 ἐπειδὴ

1718 4540 1966 4610 μεγάλων
1989 4540 2102 4592 ἐστὶ⁸
2125 4538 2391 4609 σύμϐολον
2412 4538 2774 4610 πραγμάτωνξ
2801 4543 2924 4593 Ὅτι
2942 4540 2996 4593 δέ
3028 4541 3122 4594 καὶ
3147 4541 3290 4610 μέγα

1713 4622 1850 4686 ἐστὶ,
1877 4621 2033 4692 δῆλον
2065 4621 2122 4688 ἐξ
2156 4615 2229 4675 ῶν
2262 4621 2531 4692 τοσαύτην
2563 4623 2818 4686 εὐταξίαν
2851 4623 2928 4692 τῷ
2965 4623 3110 4692 γένει
3145 4639 3286 4694 παρ⁶

1714 4703 1850 4774 έχει,
1879 4705 1969 4757 τὸν
2001 4705 2236 4776 ἄρχοντα
2280 4706 2373 4759 καὶ
2405 4705 2494 4758 τὸν
2528 4706 2828 4777 ἀρχόμενον
2875 4707 2933 4758 ἐν
2962 4705 3150 4775 κόσμῳ
3176 4705 3291 4757 δια-

1714 4787 1925 4840 τάττον.
1961 4787 2122 4840 Ὥστε
2153 4790 2180 4840 6
2215 4788 2588 4858 παραϐαίνων,
2621 4790 2798 4842 πάντα
2847 4790 3052 4858 συγχεῖ,
3101 4788 3196 4840 καὶ
3221 4787 3291 4840 τὰ

1712 4868 1807 4922 τοῦ
1837 4869 1970 4923 Θεοῦ
2006 4871 2292 4940 προδίδωσι
2339 4870 2502 4941 δῶρα,
2535 4871 2628 4925 καὶ
2659 4870 2754 4942 τὴν
2791 4870 2994 4925 ἄνωθεν
3029 4869 3175 4941 αὑτῷ
3204 4871 3290 4923 δο-

1714 4947 1898 5001 θεῖσαν
1950 4949 2114 5018 τιμὴν
2169 4949 2342 5020 χαμαὶ
2385 4951 2584 5020 ῥίπτει,
2633 4951 2730 5020 οὐχ
2765 4953 2792 5004 6
2824 4951 2962 5022 ἀνὴρ
2999 4951 3055 5004 δὲ
3109 4951 3288 5020 μόνον,
3326 4992 3331 4996 .

1712 5029 1848 5083 ἀλλὰ
1891 5031 1983 5083 καὶ
2019 5033 2052 5100 ή
2084 5032 2240 5100 γυνή.
2275 5032 2380 5083 Καὶ
2411 5041 2518 5103 γάρ
2552 5035 2644 5085 καὶ
2674 5034 2853 5106 ἐκείνῃ
2883 5034 3015 5106 τιμή
3059 5034 3288 5104 μεγίστη

1712 5112 1773 5164 τὸ
1792 5112 1889 5182 τὴν
1912 5113 2116 5165 οἰκείαν
2139 5112 2287 5176 τάξιν
2308 5113 2597 5187 διατηρεῖν,
2620 5115 2807 5187 ὥσπερ
2825 5112 2916 5171 οῦν
2939 5118 3031 5170 καὶ
3059 5115 3289 5186 αἰσχύνη

1711 5193 1772 5246 τὸ
1803 5194 2131 5258 στασιάζειν.
2164 5195 2363 5266 Διόπερ
2397 5182 2482 5249 ετξ
2505 5182 2827 5270 ἀμφοτέρων
2862 5200 2992 5253 αὐτὸ
3025 5182 3286 5263 τέθεικεν,

1711 5276 1852 5328 οὑτω
1894 5276 2084 5343 λέγων·
2115 5277 2240 5342 Πᾶς
2274 5279 2428 5347 ἀνὴρ
2461 5284 2947 5351 προσευχόμενος
2980 5283 3017 5350 ἢ
3058 5299 3288 5351 προφη-

1711 5359 1899 5412 τεύων
1930 5360 2078 5413 κατὰ
2121 5360 2392 5430 κεφαλῆς
2422 5363 2598 5432 ἔχων,
2639 5367 3027 5434 καταισχύνει
3055 5365 3170 5428 τὴν
3197 5382 3292 5415 νε-

1711 5441 1919 5511 ςραλὴν
1949 5442 2156 5497 αὑτοῦ·
2182 5445 2350 5500 πᾶσα
2402 5446 2471 5498 δὲ
2525 5448 2680 5516 γυνὴ
2742 5448 3199 5517 προσευχομένη
3247 5449 3287 5516 ἢ

1712 5527 2174 5592 προφητεύουσα
2213 5529 2688 5593 ἀκατακαλύπτῳ
2725 5531 2798 5598 τῇ
2844 5530 3102 5602 κεφαλῇ.
3151 5546 3290 5582 κατ·

1711 5610 1986 5676 αισχὺνει
2041 5610 2152 5678 τὴν
2204 5613 2481 5682 κεφαλὴν
2529 5615 2738 5684 αὐτῆς.
2767 5612 2946 5670 Ἦσαν
2989 5615 3118 5684 γὰρ,
3147 5613 3284 5681 ὅπερ
