3826 6216
420 289 529 347 τη

425 406 581 474 ἔφην,
612 400 704 453 καὶ
758 400 948 472 ἄνδρες
997 400 1091 454 καὶ
1127 401 1383 468 γυναῖκες
1421 394 1875 471 προφητεύοντες,
1896 393 1991 447 καὶ

421 487 681 553 γυναῖκες
709 484 770 534 τὸ
800 484 1042 552 χάρισμα
1078 482 1236 534 τοῦτο
1268 482 1486 551 ἔχουσαι
1522 480 1663 540 τότε,
1700 478 1777 541 ὡς
1803 477 1861 531 αἰ
1894 474 1988 528 τοῦ

422 566 688 619 Φιλίππου
711 565 1028 635 θυγατέρες,
1058 564 1132 627 ὡς
1162 565 1345 634 ἕτεραι
1383 563 1488 633 πρὸ
1509 564 1731 616 ἐκείνων
1758 560 1856 614 καὶ
1879 558 1993 629 μετ’

425 648 660 710 ἐκείνας·
680 648 808 716 περὶ
835 640 909 699 ὧν
926 648 1021 699 καὶ
1052 648 1082 700 ό
1115 646 1400 717 προφήτης
1428 645 1613 712 ἔλεγεν
1641 643 1867 697 ἄνωθεν·
1889 642 1991 700 ὅτι,

429 730 964 798 Προφητεύσουσιν
1000 730 1056 781 οί
1091 726 1209 781 υιοί
1243 726 1430 795 ὑμῶν,
1460 726 1559 780 καί
1593 729 1653 779 αι
1679 722 1998 793 θυγατέρες

427 811 596 880 ὑμῶν
628 809 864 878 όράσεις
901 810 1170 878 ὄψονται.
1206 808 1310 861 Τὸν
1345 808 1443 879 μὲν
1471 804 1564 862 οὖν
1597 807 1763 877 ἄνδρα
1788 806 1888 859 οὐκ
1913 806 1999 857 ἀεὶ

430 892 727 960 ἀναγκάζει
772 891 1223 945 ἀκατακάλυπτον
1260 887 1421 954 εἰναι,
1457 890 1574 944 ἀλλ’
1599 891 1728 944 ὅταν
1776 888 1999 957 εὔχηται

435 975 615 1045 μόνον’
670 967 797 1039 Πᾶς
854 974 963 1044 7&9
1025 973 1200 1041 ἀνὴρ,
1246 973 1399 1043 φησὶ.
1433 972 1915 1041 προσευχόμενος
1958 970 1999 1037 ἣ

431 1057 821 1125 προφητεύων
881 1055 1030 1109 κατά
1077 1054 1347 1125 κεφαλῆς
1392 1057 1567 1123 ἔχων,
1620 1054 2002 1121 καταισχῦνει

438 1138 549 1205 τὴν
594 1136 872 1207 κεφαλὴν
932 1137 1151 1193 αὖτοῦ’
1182 1138 1281 1207 τὴν
1326 1138 1384 1190 δὲ
1438 1139 1667 1206 γυναῖκα
1714 1135 2003 1197 διαπαντὸς

438 1219 949 1274 κατακαλύπτεσθαι
1001 1219 1231 1273 κελεύει.
1289 1219 1380 1271 Διὸ
1437 1219 1529 1272 καὶ
1581 1217 1773 1282 είπὼν,
1831 1216 2006 1272 Πᾶσα

438 1302 591 1372 γυνὴ
613 1303 1068 1372 προσευχομένη
1090 1302 1127 1370 ἢ
1145 1303 1602 1371 προφητεύουσα
1636 1302 2009 1356 ἀκατακαλύ-

439 1398 564 1449 πτφ
587 1383 660 1453 τῇ
682 1384 939 1453 κεφαλῇ,
962 1384 1349 1451 καταισχύνει
1368 1382 1483 1449 τὴν
1503 1383 1774 1452 κεφαλὴν
1793 1382 2003 1451 αὐτῆς·

440 1468 539 1520 οὐκ
571 1466 699 1536 ἔστη
754 1467 913 1539 μέχρι
958 1464 1147 1519 τούτου
1196 1466 1375 1536 μόνον,
1409 1465 1545 1519 άλλά
1580 1465 1675 1518 καὶ
1713 1465 2007 1535 ἐπεξῆλθεν

441 1547 631 1601 εἰπών·
662 1552 770 1602 Ἔν
795 1546 908 1617 γάρ
946 1548 1079 1602 ἐστι
1118 1546 1217 1601 καί
1250 1546 1317 1601 τὸ
1347 1547 1495 1602 αὐτὸ
1528 1547 1603 1615 τῇ
1647 1547 2006 1616 ἐξυρημένῃ.

442 1632 501 1683 Ei
524 1632 580 1683 δὲ
610 1633 693 1685 ἀεὶ
722 1630 1017 1701 ἐξυρῆσθαι
1041 1630 1287 1701 αἰσχρὸν,
1308 1629 1533 1702 εὔδηλον
1566 1631 1649 1685 δτι
1679 1631 1771 1684 καὶ
1798 1633 2007 1684 ἀκατα-

440 1713 709 1767 κάλυπτον
736 1708 873 1766 εἰναι
901 1714 990 1767 ἀεὶ
1021 1713 1243 1776 ὄνειδος.

506 1870 570 1925 δ’.
596 1869 705 1923 Καὶ
735 1870 858 1924 ούδέ
889 1868 1064 1939 τούτῳ
1087 1868 1328 1939 ἠρκέσθη
1371 1870 1548 1940 μόνον,
1570 1867 1705 1922 ἀλλά
1734 1870 1825 1922 καὶ
1852 1868 2013 1922 πάλιν

442 1953 778 2025 προσέθηκεν
798 1950 989 2014 εἰπὼν.
1023 1953 1105 2005 ὅτι
1146 1952 1393 2019 Ὀφείλει
1420 1953 1709 2015 ἐξουσίαν
1730 1951 1895 2021 ἔχειν
1915 1949 2015 2004 ἐπὶ

444 2035 553 2104 τῆς
578 2033 847 2103 κεφαλῆς
871 2035 911 2101 η
935 2032 1087 2103 γυνὴ
1115 2033 1211 2087 διὰ
1236 2034 1377 2099 τοὺς
1400 2034 1712 2102 ἀγγέλους.
1737 2034 2017 2087 Δείκνυσιν

444 2121 527 2173 δτι
571 2120 670 2171 ούκ
727 2118 788 2169 ἐν
833 2116 912 2187 τῷ
961 2115 1136 2185 καιρῷ
1186 2116 1287 2185 τῆς
1331 2118 1497 2188 εὐχῆς
1532 2117 1711 2187 μόνον,
1750 2117 1886 2170 ἀλλά
1923 2117 2017 2170 καί

445 2200 706 2272 διηνεκῶς
744 2198 1149 2268 ἐγκεκαλύφθαι
1182 2198 1279 2252 δεῖ.
1317 2199 1439 2252 Ἑπί
1471 2198 1528 2252 δὲ
1550 2198 1643 2252 τοῦ
1670 2198 1862 2270 ἀνδρὸς
1888 2198 2019 2252 οὐκ·

446 2285 527 2338 ἐτι
568 2282 659 2336 τὸν
704 2280 799 2335 τοῦ
836 2281 1212 2351 καλύμματος,
1247 2281 1383 2334 ἀλλά
1412 2280 1503 2334 τὸν
1528 2280 1626 2351 τῆς
1666 2281 1841 2354 κόμης
1875 2280 2019 2334 οὕτω

447 2366 715 2437 γυμνάζει
761 2365 938 2434 λόγον’
988 2364 1357 2418 καλύπτεσθαι
1397 2364 1497 2434 μὲν
1539 2364 1650 2435 7&9
1686 2366 1807 2418 τότε
1860 2366 2019 2436 μόνον

449 2450 669 2514 κωλύει,
693 2449 820 2502 ὅταν
862 2446 1105 2517 εῦχηται.
1148 2448 1323 2518 κομᾷν
1353 2447 1411 2500 δέ
1442 2448 1532 2501 ἀεὶ
1561 2448 1881 2519 ἀποτρέπει.
1921 2448 2020 2502 Διά

449 2532 605 2587 τοῦτο
626 2532 814 2601 ῶσπερ
842 2531 935 2585 ἐπὶ
956 2531 1052 2600 τῆς
1082 2532 1337 2598 γυναικὸς
1361 2524 1534 2595 εἶπεν,
1556 2533 1626 2584 El
1645 2529 1714 2583 δὲ
1737 2532 1809 2586 οὐ
1841 2546 2019 2585 κατα-

450 2615 833 2677 καλύπτεται,
874 2612 974 2666 καί
1034 2612 1326 2681 κειράσθω
1350 2628 1363 2642 ·
1420 2611 1562 2665 οὕτω
1627 2614 1720 2666 καὶ
1778 2613 1873 2666 ἐπὶ
1927 2611 2021 2666 τοῦ

450 2696 662 2766 ἀνδρὸς,
719 2695 801 2747 ὃτι
850 2695 986 2747 Ἐὰν
1036 2693 1211 2762 κομᾷ,
1238 2693 1438 2762 ἀτιμία
1478 2694 1637 2759 αὑτῷ
1674 2694 1863 2749 ἐστιν.
1910 2694 2023 2747 Οὐκ

452 2773 623 2841 εἶπεν,
667 2777 789 2829 Ἐἀν
828 2776 1188 2846 καλύπτηται,
1224 2776 1338 2829 ἀλλ’
1404 2775 1546 2830 Ἐὰν
1585 2774 1757 2845 κομᾷ.
1793 2776 1884 2829 Διὸ
1927 2775 2023 2830 καὶ

453 2860 751 2929 ἀρχόμενος
773 2857 925 2925 ἔλεγε
950 2875 965 2889 ο
990 2856 1115 2923 Πᾶς
1136 2858 1291 2926 ἀνὴρ
1314 2859 1800 2927 προσευχόμενος
1821 2856 1859 2925 ἣ
1884 2872 2027 2925 προ-

452 2943 743 3013 φητεύων,
762 2940 912 2995 κατὰ
934 2939 1203 3009 κεφαλῆς
1222 2941 1399 3010 ἔχων.
1424 2941 1537 2994 υύκ
1564 2937 1704 3006 εἷπε,
1736 2941 2027 3011 Κεκαλυμ-

454 3023 635 3095 μένος,
663 3023 819 3087 ἀλλὰ,
851 3023 1010 3076 Κατὰ
1045 3022 1317 3091 κεφαλῆς
1341 3024 1518 3093 ἔχων.
1548 3023 1762 3087 δεικνὺς
1799 3024 1882 3078 δτι
1920 3025 2027 3079 κᾶν

452 3108 631 3175 γυμνῇ
673 3104 899 3175 εὔχηται
936 3107 1003 3175 τῇ
1042 3106 1274 3176 κεφαλῇ,
1306 3106 1484 3176 κόμην
1512 3106 1569 3159 δὲ
1600 3106 1720 3177 ἔχῃ,
1757 3106 1871 3171 ίσος
1909 3108 2028 3161 ἐστὶ

452 3189 530 3258 τῷ
556 3188 975 3258 κεκαλυμμένῳ.
1022 3188 1085 3242 Ἡ
1130 3188 1239 3258 7&9
1272 3188 1448 3257 κόμη,
1476 3190 1662 3257 φησὶν,
1697 3189 1833 3244 ἀντὶ
1862 3205 2027 3258 περιρ

455 3272 703 3325 ϐολαίου
734 3270 989 3325 δέδοται.
1014 3272 1083 3324 El
1120 3269 1192 3323 δὲ
1220 3272 1292 3325 οὐ
1316 3272 1683 3325 καλύπτεται
1724 3271 1901 3341 γυνὴ,
1929 3274 2026 3328 καί

456 3352 767 3419 κειράσθω·
800 3355 852 3406 εί
884 3352 952 3405 δὲ
973 3352 1229 3420 αισχρὸν
1259 3352 1497 3421 γυναικί
1524 3354 1825 3421 κείρεσθαι
1854 3356 1892 3423 ἢ
1924 3356 2031 3421 ξυ-

457 3433 693 3503 ρᾶσθαι,
722 3433 1288 3488 κατακαλυπτέσθω.
1332 3433 1418 3487 Ἑν
1450 3436 1749 3505 προοιμίοις
1792 3436 1889 3505 μὲν
1922 3439 2031 3507 7&9

458 3517 521 3569 τὸ
553 3517 626 3586 μὴ
659 3516 870 3586 γυμνὴν
894 3516 1038 3586 ἐχειν
1063 3515 1159 3587 τὴν
1188 3516 1429 3588 κεφαλὴν
1462 3519 1711 3570 ἀπαιτεῖ·
1740 3520 1945 3591 προῖὼν
1974 3520 2031 3573 δέ

460 3600 556 3651 καί
590 3598 647 3650 τὸ
683 3598 926 3668 διηνεκὲς
955 3598 1249 3652 αἰνίττεται
1274 3600 1468 3669 λέγων,
1508 3603 1612 3655 Ἕν
1636 3602 1744 3671 γάρ
1775 3602 1906 3658 ἐστι
1931 3604 2031 3657 καί

463 3680 532 3733 τὸ
558 3678 704 3733 αὐτὸ
736 3679 811 3747 τῇ
838 3680 1196 3751 ἐξυρημένῃ,
1232 3682 1326 3735 καὶ
1357 3682 1418 3735 τὸ
1449 3684 1565 3753 μετ’
1590 3685 1903 3755 ἐπιμελείας
1935 3689 2031 3739 καὶ

466 3763 697 3833 σπουδῆς
720 3764 954 3832 ἀπάσης.
981 3765 1113 3817 υὺδέ
1141 3765 1246 3837 7&9
1267 3763 1630 3821 καλύπτεσθαι
1652 3764 1802 3823 εἷπεν
1823 3768 2029 3832 ἁπλῶς,

463 3847 601 3899 ἀλλά
666 3846 1197 3910 κατακαλύπτεσθαι,
1262 3848 1400 3902 ὥστε
1462 3850 1704 3922 ἀκριϐῶς
1768 3849 2033 3905 πάντοθεν

463 3929 869 4000 περιεστάλθαι.
907 3929 1016 3983 Καὶ
1041 3932 1105 3999 τῇ
1133 3932 1212 3992 εἰς
1232 3930 1431 3985 ἄτοπον
1461 3933 1729 4005 ἀπαγωγῇ
1758 3934 2029 4005 ἐντρέπει,

466 4009 709 4080 σφοδρῶς
753 4008 902 4083 [233]
947 4010 1353 4081 καθαπτόμενος
1399 4014 1492 4067 καὶ
1537 4015 1731 4083 λέγων,
1763 4018 1831 4070 El
1861 4015 1929 4068 δὲ
1961 4018 2033 4068 οὐ

468 4093 1005 4155 κατακαλύπτεται,
1036 4093 1135 4146 καὶ
1174 4094 1485 4161 κειράσθω.
1508 4098 1568 4150 Εἰ
1590 4098 1699 4169 7&9
1718 4097 1779 4151 τὸ
1802 4096 1910 4150 ἀπὸ
1939 4097 2032 4149 τοῦ

466 4174 631 4244 νόμου
655 4174 747 4227 τοῦ
777 4173 910 4229 Θεοῦ
940 4175 1203 4244 κάλυμμα
1227 4176 1379 4230 τεθὲν
1408 4178 1635 4248 ῥίπτεις,
1666 4181 1820 4250 φησί,
1855 4179 1949 4233 καὶ
1975 4180 2035 4231 τὸ

466 4258 575 4311 ἀπὸ
602 4258 699 4327 τῆς
731 4257 943 4326 φύσεως
969 4258 1142 4327 ῥῖψον.
1175 4259 1237 4311 Εἰ
1278 4260 1334 4313 δέ
1364 4260 1508 4329 λέγει
1536 4279 1637 4325 τις,
1669 4262 1778 4316 Καὶ
1816 4262 1932 4325 πῶς
1969 4262 2035 4315 ἂν

468 4340 553 4411 είη
583 4338 742 4393 τοῦτο
777 4339 1003 4410 αἰσχύνη
1030 4342 1096 4409 τῇ
1131 4342 1367 4407 γυναικὶ,
1408 4344 1456 4395 εἰ
1484 4345 1564 4405 εἰς
1599 4344 1697 4413 τὴν
1727 4344 1883 4410 δόξαν
1908 4344 2037 4397 ἀνα-

468 4422 644 4475 ϐαίνει
673 4420 768 4474 τοῦ
793 4420 983 4492 ἀνδρός
1005 4437 1019 4485 ;
1054 4424 1229 4475 ἐκεῖνο
1255 4423 1321 4476 ἂν
1347 4423 1617 4495 είποιμεν,
1661 4426 1743 4480 ὅτι
1775 4428 1875 4480 οὐκ
1901 4428 2036 4480 ἀνα-

469 4505 667 4568 ϐαίνει,
696 4503 832 4557 ἀλλὰ
864 4504 957 4556 καὶ
980 4504 1081 4574 τῆς
1112 4505 1319 4569 οἰκείας
1343 4506 1596 4560 ἐκπίπτει
1624 4508 1805 4579 τιμῆς.
1836 4508 1909 4562 Τὸ
1931 4510 2037 4580 7&9

469 4589 546 4661 μὴ
589 4589 719 4641 είσω
746 4588 857 4640 τῶν
886 4588 1100 4641 οἰκείων
1127 4590 1269 4660 ὅρων
1303 4588 1483 4659 μένειν
1515 4589 1611 4643 καὶ
1643 4590 1753 4645 τῶν
1776 4591 2039 4645 τεθέντων

468 4670 619 4742 παρά
643 4670 743 4724 τοῦ
773 4668 909 4723 Θεοῦ
938 4670 1139 4741 νόμων,
1171 4671 1286 4725 ἀλλ’
1314 4671 1682 4743 ὑπερϐαίνειν,
1722 4674 1823 4727 οὐκ
1859 4674 2039 4727 ἐπίδο-

471 4753 554 4817 σίς
591 4755 759 4816 ἐστιν,
792 4753 906 4806 ἀλλ’
928 4754 1242 4818 ἐλάττωσις.
1282 4754 1489 4825 Ὠσπερ
1525 4754 1633 4827 7&9
1674 4757 1703 4809 ὀ
1735 4755 1842 4809 τῶν
1883 4756 2041 4810 ἀλλο-

468 4836 639 4907 τρίων
680 4837 981 4907 ἐφιέμενος,
1031 4838 1127 4891 καὶ
1183 4836 1443 4908 ἁρπάζων
1487 4837 1556 4892 τά
1608 4838 1682 4910 μὴ
1724 4839 1939 4905 ἐαυτοῦ,
1980 4843 2039 4894 ού

476 4920 640 4972 πλέον
670 4937 723 4973 τι
752 4920 1105 4992 προσέλαϐεν,
1127 4920 1244 4975 ἀλλ’
1271 4922 1576 4992 ἡλάττωται
1600 4922 1692 4975 καὶ
1713 4921 1741 4975 δ
1766 4919 1912 4993 εἶχεν
1935 4925 2043 4979 ἀπ-

474 5002 687 5067 ολέσας,
726 5003 862 5073 ὅπερ
914 5000 1009 5058 οὖν
1066 5005 1161 5058 καὶ
1208 5006 1265 5058 ἐν
1313 5003 1393 5075 τῷ
1439 5005 1751 5076 παραδείσῳ
1801 5007 2041 5075 γέγονεν’

474 5084 619 5138 οὕτω
656 5086 747 5138 καὶ
772 5087 806 5155 ἡ
840 5087 976 5157 γυνὴ
1021 5088 1082 5140 οὐ
1130 5087 1538 5158 προσλαμϐάνει
1587 5088 1680 5142 τοῦ
1719 5089 1910 5161 ἀνδρὸς
1945 5091 2046 5161 τὴν

478 5168 779 5235 εὐγένειαν,
808 5167 945 5221 ἀλλὰ
982 5169 1077 5222 καὶ
1094 5170 1191 5239 τὴν
1218 5171 1317 5240 τῆς
1344 5172 1598 5236 γυναικὸς
1630 5172 1923 5226 ἀπόλλυσιν
1956 5173 2048 5225 εύο

481 5250 848 5321 σχημοσύνην.
886 5251 995 5305 Καὶ
1038 5251 1137 5304 ούκ
1183 5252 1427 5305 ἐντεῦθεν
1468 5258 1627 5323 μόνον
1651 5255 1786 5325 αὐτῇ
1833 5256 1902 5309 τά
1946 5255 2048 5324 τῆς

477 5331 759 5402 αἰσχύνης,
800 5331 935 5385 ἀλλά
970 5334 1062 5386 καὶ
1094 5333 1199 5386 ἀπὸ
1221 5334 1321 5405 τῆς
1352 5335 1679 5399 πλεονεξίας.
1716 5336 1911 5391 Λαϐὼν
1939 5337 2050 5390 τοί-

480 5432 576 5467 νυν
626 5415 687 5467 τὸ
737 5415 1158 5487 ὡμολογημένον
1210 5418 1455 5489 αίσχρὸν,
1518 5420 1611 5472 καὶ
1667 5420 1854 5486 εἰπὼν,
1888 5420 2051 5474 Ε’ίδὲ

481 5497 739 5566 αισχρὸν
767 5500 1001 5567 γυναικί
1034 5499 1335 5568 κείρεσθαι
1374 5502 1413 5568 ἢ
1444 5500 1752 5570 ξυρᾶσθαι,
1780 5504 1961 5574 τίθησι
1991 5505 2052 5557 τδ

482 5582 614 5651 παρ’
650 5580 842 5635 ἑαυτοῦ
880 5582 1065 5636 λοιπὸν
1100 5581 1293 5650 λέγων,
1329 5585 1901 5641 Κατακαλυπτέσθω.
1941 5589 2053 5641 Καὶ

481 5663 586 5716 οὐκ
611 5659 752 5729 εἰπε,
784 5664 1044 5735 Κομάτω,
1080 5664 1233 5729 ἀλλὰ,
1260 5666 1835 5730 Κατακαλυπτέσθω,
1873 5669 2053 5738 ἀμφόο

485 5758 622 5815 τερα
641 5745 810 5801 ταῦτα
839 5747 897 5801 ἓν
919 5744 1059 5803 εἰναι
1083 5747 1403 5819 νομοθετῶν,
1432 5749 1526 5803 καὶ
1550 5750 1885 5820 ἑκατέρωθεν
1907 5750 2045 5803 αὐτὰ

1092 284 1152 346 S.
1168 284 1452 343 JOANNIS
1486 275 1973 339 CHRYSOSTOMI
2004 276 2024 332 ί

2122 276 2323 335 ΞΗΙΕΡ.
2359 272 2911 333 CONSTANTINOP.

3536 268 3634 326 τις

2094 390 2533 455 κατασκευάζων,
2561 390 2667 444 ἀπό
2693 406 2749 443 τε
2774 387 2881 443 τῶν
2904 385 3326 455 νενομισμένων.
3350 382 3458 437 ἀπό
3474 401 3528 435 τε
3552 387 3640 437 τῶν

2100 476 2373 529 ἐναντίων.
2418 474 2531 543 Τὴν
2565 490 2624 527 τε
2665 472 2774 543 7&9
2805 467 3098 540 περιϐολὴν
3136 468 3231 520 καὶ
3260 465 3357 535 τὴν
3386 466 3558 534 κόμην
3594 469 3643 518 ἐν

2098 554 2235 611 εἷναί
2273 572 2424 627 φησι·
2460 557 2562 627 τήν
2586 572 2645 608 τε
2670 555 3011 625 ἐξυρημένην
3039 550 3133 603 καὶ
3166 548 3263 616 τὴν
3281 548 3491 616 γυμνὴν
3515 547 3645 614 έχου-

2100 656 2198 692 σαν
2248 638 2513 709 κεφαλὴν,
2546 638 2608 691 τὸ
2633 637 2767 690 αὐτὸ
2802 635 2982 689 πάλιν·
3021 634 3133 686 Ἕν
3169 630 3279 699 γάρ
3314 631 3462 689 ἐστι.
3507 630 3644 697 φησί.

2098 722 2199 775 καὶ
2224 722 2291 775 τὸ
2314 720 2461 775 αὐτὸ
2486 718 2561 787 τῇ
2581 716 2939 786 ἐξυρημένῃ.
2965 716 3028 767 Εἰ
3050 714 3107 766 δὲ
3126 713 3271 779 λέγοι
3292 729 3392 774 τις,
3418 711 3527 763 Καὶ
3549 711 3647 773 ab;

2100 806 2247 857 ἐστιν
2294 804 2374 865 ἓν,
2423 800 2473 855 εἰ
2514 818 2578 869 γε
2612 800 2751 871 αὕτη
2785 800 2883 869 μὲν
2906 798 2968 849 τὸ
3004 796 3265 863 κάλυμμα
3310 793 3411 861 τῆς
3456 792 3647 859 φύσεως

2100 886 2234 955 ἔχει,
2265 885 2446 955 ἐκείνη
2474 884 2532 937 δὲ
2570 885 2603 954 ἡ
2629 881 2935 953 ἐξυρημένη
2961 878 3081 931 οὐδὲ
3109 876 3265 929 τοῦτο
3289 893 3304 940 ;
3330 873 3560 944 ἐροῦμεν
3582 875 3648 925 ὅτι

2096 973 2167 1039 τῇ
2187 969 2497 1039 προαιρέσει
2520 968 2738 1020 κάκεῖνο
2764 963 2954 1034 ερῥιψε
2977 961 3057 1032 τῷ
3078 959 3288 1029 γυμνὴν
3308 959 3453 1027 ἔχειν
3474 957 3649 1027 τὴνκεο

2108 1050 2306 1120 φαλὴν’
2338 1052 2386 1102 εἰ
2415 1049 2471 1102 δέ
2513 1048 2588 1119 μὴ
2634 1048 2843 1117 γυμνὴν
2884 1044 2993 1097 τῶν
3020 1042 3242 1114 τριχῶν,
3272 1040 3432 1092 τοῦτο
3456 1040 3547 1107 τῆς
3573 1039 3650 1105 φύ-

2107 1134 2242 1196 σεώς
2266 1134 2431 1197 ἐστιν,
2463 1132 2563 1185 οὐκ
2592 1130 2824 1198 ἐκείνης.
2854 1128 3015 1180 Ὥστε
3039 1127 3136 1179 καί
3154 1128 3189 1193 ἡ
3243 1122 3549 1192 ἐξυρημένη
3573 1138 3651 1187 γυ-

2110 1215 2246 1286 μνὴν
2304 1215 2415 1285 ἔχει
2468 1214 2568 1285 τὴν
2611 1210 2871 1282 κεφαλὴν,
2912 1209 3139 1278 κάκείνη
3173 1206 3391 1275 ὁμοίως.
3431 1206 3527 1257 Διά
3563 1205 3652 1272 γὰρ

2103 1297 2263 1351 τοῦτο
2289 1300 2355 1367 τῇ
2391 1296 2551 1366 φύσει
2593 1293 2889 1365 ἐπέτρεψεν
2919 1291 3088 1360 αὐτὴν
3132 1288 3428 1350 σκεπάσαι,
3457 1288 3540 1339 ίνα
3577 1288 3654 1339 καὶ

2106 1379 2201 1434 ἀπ’
2250 1379 2463 1447 ἐκείνης
2509 1377 2667 1432 τοῦτο
2716 1374 2959 1446 μαθοῦσα
3003 1372 3363 1442 καλύπτηται.
3422 1367 3549 1422 Εἶτα
3578 1372 3656 1422 καὶ

2109 1464 2284 1518 αἰτίαν
2313 1462 2546 1532 τίθησιν,
2585 1461 2723 1529 ὅπερ
2749 1458 2885 1529 ἔφην
2917 1454 3208 1525 πολλαχοῦ,
3245 1454 3499 1523 καθάπερ
3529 1452 3655 1504 ἐλιυ·

2109 1546 2287 1617 θέροις
2309 1544 2705 1613 διαλεγόμενος.
2725 1540 2821 1604 Τίς
2842 1536 2935 1594 οὖν
2949 1542 2983 1611 ἡ
3003 1540 3151 1594 αἰτία
3172 1554 3189 1603 ;
3233 1538 3416 1601 Ἀνὴρ
3428 1538 3543 1603 μὲν
3566 1535 3656 1617 γὰρ

2111 1628 2335 1695 ὀφείλει
2366 1625 2948 1686 κατακαλύπτεσθαι,
3003 1621 3181 1675 εικὼν
3208 1620 3305 1672 καί
3345 1619 3498 1680 δόξα
3531 1616 3655 1671 Θεοῦ

2109 1708 2415 1777 ὑπάρχων.
2446 1707 2611 1761 Πάλιν
2634 1706 2794 1773 ἑτέρα
2818 1702 2956 1774 αὕτη
2987 1702 3154 1757 αἰτία⁸
3195 1701 3317 1754 οὐδέ
3341 1700 3457 1770 7&9
3477 1701 3554 1753 ὅτι
3580 1716 3656 1752 κε·

2112 1791 2284 1861 φαλὴν
2323 1791 2435 1861 ἔχει
2460 1790 2555 1844 τὸν
2586 1786 2818 1859 Χριστὸν
2851 1786 3007 1856 μόνον
3038 1786 3139 1837 οὐκ
3168 1785 3371 1852 ὀφείλει
3415 1783 3658 1836 καλύπτε-

2115 1874 2258 1939 σθαι,
2288 1874 2439 1943 φησί,
2472 1872 2569 1942 τὴν
2594 1870 2854 1941 κεφαλὴν,
2897 1868 3013 1922 ἀλλ’
3037 1869 3119 1921 ὅτι
3153 1869 3247 1920 καὶ
3288 1868 3451 1937 ἄρχει
3472 1866 3566 1936 τῆς
3587 1882 3661 1933 γυο

2112 1956 2315 2019 ναικός.
2345 1956 2450 2007 Τὸν
2491 1954 2599 2023 γὰρ
2629 1954 2864 2024 ἄρχοντα
2908 1951 2988 2020 τῷ
3033 1950 3242 2019 βασιλεῖ
3284 1949 3575 2020 προσιόντα
3613 1948 3661 1999 τὸ

2113 2038 2213 2108 τῆς
2234 2037 2407 2108 ἀρχῆς
2434 2035 2699 2106 σύμϐολον
2730 2033 2873 2105 ἔχειν
2890 2034 2991 2087 δεῖ.
3020 2033 3232 2103 Ὠσπερ
3258 2027 3349 2085 οὖν
3384 2030 3552 2091 οὐδεὶς
3575 2030 3661 2081 τῶν

2114 2120 2389 2191 ἀρχόντων
2429 2119 2597 2188 χωρὶς
2629 2115 2807 2187 ζώνης
2849 2118 2943 2170 καὶ
2969 2115 3212 2186 χλανίδος
3250 2113 3570 2183 τολμήσειεν
3610 2112 3662 2165 ἂν

2116 2202 2351 2272 φανῆναι
2372 2201 2449 2271 τῷ
2476 2200 2539 2253 τὸ
2561 2199 2798 2269 διάδημα
2836 2199 3040 2269 ἔχοντιο
3074 2196 3217 2250 οὕτω
3257 2196 3399 2266 μηδὲ
3430 2198 3494 2249 σὺ
3523 2196 3663 2263 χωρὶς

2114 2286 2223 2339 τῶν
2259 2283 2544 2353 συμϐόλων
2574 2282 2675 2352 τῆς
2696 2281 2891 2351 ἀρχῆς,
2914 2282 3053 2352 ὅπερ
3078 2281 3195 2332 ἐστί
3217 2278 3277 2332 τὸ
3309 2280 3390 2349 μὴ
3418 2277 3663 2331 καλύπτε-

2117 2366 2263 2430 σθαι,
2296 2364 2598 2434 προσεύχου
2628 2362 2705 2433 τῷ
2729 2361 2870 2433 Θεῷ,
2902 2363 2989 2416 ῖνα
3023 2362 3097 2432 μὴ
3118 2362 3341 2433 ὑϐρίζεις
3372 2360 3473 2412 καὶ
3500 2358 3665 2411 σαυτόν

2118 2449 2324 2504 καὶτὸν
2348 2446 2703 2518 τετιμηκότα.
2728 2446 2803 2499 Τὸ
2833 2445 2965 2499 αὐτὸ
2994 2445 3051 2498 δέ
3080 2446 3173 2498 καὶ
3200 2445 3293 2496 ἐπὶ
3315 2446 3418 2514 τῆς
3440 2441 3664 2510 γυναικὸς
3782 2468 3783 2518 ξ

2117 2534 2263 2586 είποι
2282 2549 2363 2596 τις
2388 2532 2473 2586 άν-
2504 2531 2598 2583 καί
2627 2531 2737 2601 7&9
2765 2530 2861 2582 καὶ
2886 2526 3067 2598 ἐκείνῃ
3089 2527 3246 2596 ὕϐρις
3267 2527 3329 2579 τὸ
3360 2526 3442 2596 μὴ
3467 2526 3596 2593 ἐχειν
3611 2526 3665 2576 τὰ

2120 2614 2364 2685 σύμϐολα
2416 2613 2519 2683 τῆς
2576 2613 2874 2683 ὑποταγῆς.
2940 2610 3110 2678 Γυνὴ
3167 2611 3235 2664 δὲ
3281 2610 3437 2675 δόξα
3476 2609 3665 2674 ἀνδρός

2117 2697 2308 2751 ἐστιν.
2341 2697 2484 2767 Ἀρα
2511 2696 2713 2766 φυσικὴ
2736 2698 2768 2764 ἡ
2799 2695 2941 2765 ἀρχὴ
2975 2693 3069 2747 τοῦ
3097 2693 3309 2763 ἀνδρός.
3344 2688 3477 2745 Εἶτα
3506 2691 3664 2759 ἐπειδὴ

2120 2780 2461 2850 ἀπεφήνατο,
2491 2779 2586 2831 καὶ
2625 2778 2918 2847 λογισμοὺς
2955 2777 3048 2829 καὶ
3089 2776 3267 2839 αἰτίας
3316 2776 3500 2845 τίθησι
3532 2774 3665 2826 πάλιν

2122 2862 2338 2933 ἐτέρας,
2375 2862 2466 2915 ἐπὶ
2494 2860 2593 2932 τὴν
2629 2860 2900 2932 προτέραν
2929 2876 2989 2912 σε
3017 2858 3165 2926 ἄγων
3189 2858 3571 2929 δημιουργίαν,
3592 2858 3665 2909 καὶ

2121 2944 2293 3012 λέγων
2349 2943 2522 3005 οὕτως
2556 2960 2571 2975 ·
2606 2945 2688 2998 Οὐ
2731 2941 2842 3012 γάρ
2881 2942 3053 2997 ἐστιν
3084 2940 3241 3008 ἀνὴρ
3274 2943 3347 2995 ἐκ
3391 2941 3665 3010 γυναικὸς.

2122 3028 2282 3082 ἀλλὰ
2309 3026 2463 3097 γυνὴ
2497 3026 2566 3090 ἐξ
2587 3026 2825 3093 ἀνδρός.
2859 3025 2923 3078 Εἰ
2948 3025 3006 3077 δὲ
3032 3024 3094 3077 τὸ
3126 3024 3189 3077 ἐκ
3209 3041 3357 3085 τινος
3382 3021 3543 3086 εἶναι,
3565 3023 3668 3085 δόξα

2126 3108 2334 3163 ἐκείνου
2362 3108 2421 3172 ἐξ
2447 3104 2507 3162 οὗ
2532 3110 2667 3171 ἐστι,
2698 3106 2877 3177 πολλῷ
2913 3106 3115 3176 μᾶλλον
3143 3107 3203 3159 τὸ
3231 3106 3454 3160 ἐοικότα
3475 3102 3604 3158 εἰναι
3626 3117 3664 3155 ι.

2125 3192 2237 3246 Καὶ
2270 3192 2380 3261 γὰρ
2409 3194 2518 3245 οὐκ
2561 3191 2809 3258 ἐκτίσθη
2853 3192 2887 3244 ό
2925 3190 3080 3257 ἀνὴρ
3127 3189 3225 3243 διὰ
3272 3188 3392 3256 τὴν
3424 3188 3667 3258 γυναῖκα.

2125 3273 2265 3329 ἀλλ’
2288 3274 2327 3341 ἡ
2359 3273 2514 3343 γυνὴ
2538 3273 2635 3327 διὰ
2665 3273 2773 3327 τὸν
2800 3271 3011 3340 ἄνδρα.
3024 3271 3260 3342 Δευτέρα
3280 3272 3424 3342 αὕτη
3459 3271 3668 3340 ὑπεροχὴ

2129 3356 2280 3430 [εει]
2300 3358 2483 3421 πάλιν,
2505 3356 2702 3427 μᾶλλον
2716 3355 2773 3408 δὲ
2796 3355 2889 3408 καὶ
2907 3354 3064 3425 τρίτη
3084 3355 3179 3407 καὶ
3196 3355 3456 3425 τετάρτη.
3480 3354 3667 3424 Πρώτη.

2126 3444 2209 3497 ὅτι
2241 3440 2451 3512 κεφαλὴ
2481 3439 2639 3511 ἡμῶν
2670 3442 2699 3492 ό
2721 3438 2974 3509 Χριστὸς,
3002 3440 3167 3508 ἡμεῖς
3198 3438 3255 3490 δέ
3281 3439 3386 3507 τῆς
3420 3438 3666 3504 γυναικός·

2126 3524 2374 3596 δευτέρα,
2399 3525 2480 3577 δτι
2501 3525 2661 3595 ἡμεῖς
2680 3522 2805 3586 δόξα
2830 3520 2988 3585 Θεοῦ,
3008 3521 3162 3591 ἡμῶν
3189 3520 3247 3573 δέ
3269 3522 3303 3591 ἡ
3326 3523 3487 3590 γυνὴ·
3518 3520 3669 3591 τρίτη.

2126 3608 2209 3661 ὃτι
2242 3607 2341 3677 ούχ
2365 3606 2523 3676 ἡμεῖς
2550 3606 2617 3657 ἐκ
2643 3604 2741 3675 τῆς
2767 3604 3043 3671 γυναικὸς,
3068 3602 3181 3655 ἀλλ’
3212 3602 3400 3673 ἐκείνη
3429 3603 3489 3668 ἐξ
3517 3602 3667 3673 ἡμῶν

2126 3688 2385 3759 τετάρτη,
2438 3687 2520 3741 ὅτι
2568 3686 2666 3756 οὐχ
2709 3687 2871 3755 ἡμεῖς
2924 3685 2991 3738 δι’
3025 3684 3225 3753 αὐτὴν,
3254 3684 3373 3738 ἀλλ’
3412 3685 3585 3752 ἐκείνη
3618 3681 3669 3733 δι’

2128 3773 2297 3843 ἡμᾶς.
2340 3768 2442 3823 Διὰ
2478 3768 2655 3822 τοῦτο
2685 3768 2912 3838 ὀφείλει
2942 3767 2980 3835 ἠ
3014 3765 3166 3837 γυνὴ
3202 3766 3500 3827 ἐξουσίαν
3535 3765 3672 3833 ἔχειν

2126 3854 2224 3909 ἐπὶ
2254 3851 2365 3923 τῆς
2391 3849 2682 3922 κεφαλῆς.
2717 3851 2820 3905 Διὰ
2848 3851 3043 3914 τοῦτο,
3073 3851 3258 3912 ποῖον;
3296 3850 3423 3902 εἰπέ
3466 3866 3571 3918 μοι.
3594 3848 3671 3899 Διά

2129 3938 2302 3992 ταῦτα
2345 3936 2413 3990 τά
2448 3935 2714 4006 εἰρημένα
2754 3934 2992 3996 ἅπαντα,
3019 3935 3175 4002 φησί,
3205 3932 3407 4003 μάλλον
3434 3933 3490 3985 δέ
3524 3934 3581 3984 ού
3602 3930 3672 3982 διὰ

2130 4019 2304 4074 ταῦτα
2333 4018 2514 4089 μόνον,
2545 4016 2682 4071 ἀλλὰ
2713 4017 2809 4070 καὶ
2839 4017 2942 4070 Διὰ
2968 4015 3109 4081 τοὺς
3145 4014 3463 4085 ἀγγέλους.
3494 4014 3553 4067 Εἰ
3585 4012 3671 4081 γάρ

2131 4103 2225 4156 τοῦ
2251 4101 2443 4172 ἀνδρὸς
2479 4101 2859 4171 καταφρονεῖς,
2896 4098 3055 4169 φησὶ,
3093 4100 3218 4165 τοὺς
3259 4098 3526 4167 ἀγγέλους
3556 4097 3672 4151 αἰδέ-

2136 4187 2309 4255 σθητι.

2204 4282 2418 4351 ε⁴.”Δρα
2434 4279 2495 4333 τὸ
2510 4276 2902 4340 καλύπτεσθαι,
2917 4274 3196 4346 ὑποταγῆς
3212 4277 3303 4330 καί
3320 4276 3579 4341 ἐξουσίαςο
3594 4274 3673 4327 κά-

2134 4384 2213 4421 τω
2241 4364 2349 4435 γὰρ
2371 4365 2545 4417 νεύειν
2576 4360 2983 4432 παρασκευάζει
3010 4361 3104 4413 καὶ
3123 4361 3479 4430 ἐντρέπεσθαι
3496 4358 3672 4425 καὶτὴν

2136 4448 2343 4501 οἰκείαν
2369 4446 2644 4515 διατηρεῖν
2672 4444 2893 4514 ἀρετήν.
2935 4441 3129 4512 ’Δρετὴ
3150 4440 3256 4513 7&9
3282 4442 3578 4513 ἀρχομένου
3600 4442 3673 4493 καὶ

2138 4529 2271 4601 τιμὴ
2306 4528 2368 4582 τὸ
2398 4528 2582 4600 μένειν
2625 4526 2719 4579 ἐπὶ⁵
2758 4525 2857 4595 τῆς
2890 4524 3158 4594 ὑπακοῆς.
3194 4524 3253 4578 '0
3296 4526 3398 4595 μὲν
3433 4526 3537 4595 γὰρ
3563 4524 3673 4590 ἀνὴρ

2136 4614 2237 4665 οὐκ
2262 4608 2633 4679 ἀναγκάζεται
2658 4607 2816 4661 τοῦτο
2844 4607 3036 4659 ποιεῖν’
3057 4604 3152 4659 τοῦ
3184 4606 3291 4677 7&9
3313 4608 3577 4659 Δεσπότου
3601 4605 3673 4657 αύο

2138 4693 2231 4748 τοῦ
2262 4696 2408 4747 ἐστιν
2445 4690 2628 4745 εἰκών·
2667 4691 2701 4759 ἡ
2732 4688 2871 4761 γυνὴ
2913 4688 2969 4742 δέ
3001 4689 3243 4752 εἰκότως.
3300 4690 3574 4759 Ἐννόησον
3601 4683 3674 4739 οὖν

2140 4777 2237 4845 τῆς
2266 4772 2607 4846 παρανομίας
2650 4771 2749 4841 τὴν
2773 4769 3100 4841 ὑπερϐολὴν,
3127 4772 3255 4825 ὅταν
3283 4772 3518 4841 τοσαύτη
3543 4786 3674 4838 n91;-

2143 4858 2252 4921 θεὶς
2294 4856 2512 4926 ἐξουσίᾳ
2557 4853 2756 4907 σαυτὸν
2784 4853 3170 4923 καταισχύνῃς,
3211 4855 3273 4907 τὸ
3311 4858 3413 4925 τῆς
3456 4852 3675 4922 γυναικδς

2141 4939 2403 5011 ἁρπάζων
2423 4936 2629 5007 σχῆμα.
2653 4937 2768 4990 Καὶ
2786 4935 2980 4989 ταυτὸν
3001 4939 3194 5000 ποιεῖς,
3220 4936 3294 4999 ὡς
3316 4937 3382 4989 ἂν
3406 4938 3453 4988 εἰ
3474 4935 3676 5002 διάδημι

2140 5020 2342 5088 λαϐὼν,
2376 5018 2537 5092 ῥίψῃς
2582 5018 2643 5071 τὺ
2676 5016 2911 5089 διάδημα
2938 5017 3045 5071 ἀπὸ
3073 5018 3172 5087 τῆς
3211 5019 3472 5087 κεφαλῆς,
3503 5018 3608 5070 ἀντὶ
3632 5015 3673 5063 δὲ

2142 5103 2239 5157 τοῦ
2278 5104 2606 5174 διαδήματος
2636 5100 2879 5155 δουλικὸν
2910 5099 3081 5172 λάϐῃς
3115 5100 3343 5169 ἰμάτιον.
3375 5100 3546 5165 Πλὴν
3566 5099 3675 5150 οὔτε

2144 5186 2301 5254 ἀνὴρ
2350 5186 2527 5255 χωρὶς
2562 5185 2867 5253 γυναικὸς,
2902 5183 3045 5237 οὐδὲ
3087 5184 3239 5253 γυνὴ
3284 5183 3461 5252 χωρίς
3491 5179 3676 5246 ἀνδρδς

2145 5273 2215 5325 ἐν
2237 5271 2451 5337 Kvpltp.
2499 5268 2715 5338 Ἐπειδὴ
2749 5267 2858 5338 7&9
2893 5266 3090 5337 πολλὴν
3136 5268 3406 5338 ὑπεροχὴν
3441 5266 3591 5318 ἑδιυκε
3615 5263 3675 5327 τῷ

2148 5353 2323 5424 ἀνδρὶ,
2359 5350 2527 5406 εἰπὼν
2573 5350 2656 5402 ὃτι
2684 5350 2746 5413 ἐξ
2782 5348 2947 5403 αὑτοῦ
2982 5351 3015 5419 ἡ
3047 5350 3209 5419 γυνὴ,
3234 5351 3324 5401 καὶ
3345 5350 3426 5401 ὅτι
3448 5349 3513 5401 δι’
3542 5346 3675 5399 αὐτὸν

2148 5442 2243 5495 καὶ⁵
2273 5442 2363 5494 ὑπ’
2400 5439 2593 5493 αὐτόν·
2629 5439 2715 5492 ἵνα
2762 5439 2899 5508 μήτε
2935 5439 3063 5501 τοὺς
3100 5437 3296 5507 ἀνδρας
3337 5438 3513 5508 ἐπάρῃ
3544 5434 3675 5485 πλέον

2149 5524 2244 5578 τοῦ
2288 5523 2519 5587 δέοντος,
2580 5522 2717 5593 μήτε
2778 5520 2991 5586 ἐκείνας
3047 5518 3375 5591 ταπεινώσῃ.
3437 5520 3533 5589 δρα
3583 5511 3675 5573 ὡς

2218 5758 2243 5787 ⁸
2264 5756 2410 5819 1103.,
2432 5755 2487 5805 τὸ
2509 5751 2667 5804 εἰκόνα
2688 5751 2822 5801 εἶναι.
