3826 6216
207 321 274 378 'Ill
1053 321 1122 378 IN
1159 323 1374 380 EPIST.
1415 323 1437 380 l
1496 325 1590 381 AD
1626 324 1784 383 COR.
1823 328 2052 388 HOMIL.
2094 332 2286 390 Χλιτι.

202 434 384 492 maximus
419 443 531 492 certe
565 444 642 492 est
691 436 862 492 honor
911 437 1020 502 ille,
1060 439 1334 508 proprium
1387 439 1631 496 ordinem

195 539 362 588 servare,
386 532 428 577 ut
447 525 582 594 pudor
611 535 694 582 est
719 527 859 582 inter
885 543 942 582 se
963 527 1241 584 dissidere.
1274 531 1632 597 Quamobrem

192 617 227 669 in
249 613 423 683 utrisque
448 615 524 670 hoc
555 617 761 686 posuit,
796 617 982 673 dicens
1016 637 1028 672 :
1062 619 1117 674 4.
1161 619 1339 674 Omnis
1378 621 1453 674 vir
1481 639 1633 676 orans

190 714 248 757 aut
275 707 508 773 prapltetans
537 707 688 762 velato
717 710 900 777 capite,
919 710 1170 780 °deturpat
1215 723 1369 782 caput
1416 730 1562 768 suum
1610 731 1630 770 :

184 797 219 850 5.
235 795 351 848 omnis
369 807 496 851 autem
516 798 680 852 mulier
714 816 864 854 orans
893 811 980 854 aut
1009 804 1316 872 prapltetans
1340 821 1440 858 non
1468 806 1630 860 velato

180 886 322 954 capite,
347 887 530 955 deturpat
549 899 694 959 caput
720 907 887 943 suum.
919 893 1080 947 Erant
1109 895 1250 948 enim
1273 936 1288 959 ,
1325 906 1380 950 ut
1401 897 1509 951 dixi
1534 938 1549 961 ,
1575 906 1631 952 et

177 979 243 1031 viri
267 985 306 1030 et
330 978 528 1034 mulieres
563 981 976 1051 propltetantes.
1006 994 1063 1040 et
1091 987 1344 1043 mulieres
1376 997 1499 1044 tunc
1528 989 1629 1045 hoc

173 1069 313 1123 donum
340 1069 571 1135 habentes,
604 1084 662 1126 ut
687 1073 913 1144 Philippi
950 1075 1091 1144 ﬁliae,
1120 1087 1177 1132 ut
1203 1079 1322 1134 alia:
1350 1089 1402 1134 et
1429 1089 1553 1136 ante
1573 1091 1627 1137 et

170 1170 250 1232 post
281 1161 404 1224 illas;
429 1161 483 1217 de
519 1165 696 1233 quibus
726 1165 937 1221 dicebat
968 1168 1096 1222 olim
1145 1171 1405 1240 prapheta
1439 1189 1452 1225 :
1494 1172 1628 1226 Pro-

170 1254 370 1318 p/telabunt
393 1256 471 1322 ﬁlii
508 1258 675 1324 vestri,
711 1269 755 1311 et
781 1261 902 1326 ﬁlim
929 1271 1102 1315 vestrte
1148 1263 1360 1317 visiones
1388 1264 1626 1318 videbunt

170 1343 272 1396 'Jorl.
300 1344 341 1396 2.
368 1345 462 1414 28).
493 1346 656 1401 Virum
703 1365 863 1420 porro
893 1367 999 1406 non
1026 1369 1238 1422 semper
1266 1355 1475 1409 detecto
1504 1371 1624 1410 esse

170 1435 278 1502 :apite
292 1435 436 1503 jubet,
462 1437 540 1492 sed
563 1453 681 1493 cum
713 1451 829 1495 orat
857 1450 1061 1497 tantum
1098 1461 1110 1497 :
1145 1445 1320 1499 Omnis
1347 1446 1492 1500 enim
1521 1446 1618 1524 vir,

170 1525 300 1594 aquit,
333 1542 460 1580 orans
484 1538 557 1581 aut
583 1531 890 1602 praphetans
927 1544 1101 1605 operto
1143 1537 1337 1605 capite,
1383 1537 1621 1608 deturpat

170 1626 253 1686 aput
273 1634 440 1688 suum;
468 1621 726 1677 mulierem
757 1633 934 1680 autem
964 1641 1178 1696 semper
1219 1637 1356 1682 tecto
1386 1643 1505 1683 esse
1531 1643 1620 1685 ca-

170 1710 220 1762 ite
240 1707 387 1777 jubet.
425 1710 756 1779 Quamobrem
783 1731 902 1770 cum
929 1717 1153 1773 dixisset
1181 1735 1195 1774 :
1238 1719 1414 1774 Omnis
1437 1722 1621 1776 mulier

170 1815 248 1851 ἀπε
268 1809 343 1852 aut
365 1802 638 1871 prophetam
668 1821 770 1858 non
796 1815 969 1876 operto
990 1809 1170 1876 capite,
1206 1809 1438 1876 deturpat
1465 1821 1618 1880 caput

170 1905 239 1941 mm
256 1907 276 1955 ,-
296 1906 384 1946 non
406 1891 479 1948 hic
501 1895 747 1963 constitit,
770 1897 862 1951 sed
887 1908 1241 1968 prosequutus
1262 1910 1365 1964 est,
1390 1901 1575 1956 dicens
1599 1919 1613 1956 :

170 1999 254 2034 num
277 1984 393 2037 enim
425 1997 487 2040 est
509 2004 563 2041 ac
586 1989 629 2041 si
657 1990 958 2060 decalvetur,
991 1992 1141 2058 Quod
1170 1993 1215 2047 si
1259 2008 1474 2064 semper
1499 2011 1616 2052 esse

170 2090 252 2127 sam
284 2084 419 2146 turpe
442 2088 548 2143 est,
576 2081 750 2148 palam
781 2093 865 2137 est
901 2083 1063 2137 etiam
1109 2099 1323 2155 semper
1349 2085 1614 2143 detectam

170 2183 220 2232 se,
245 2171 505 2238 opprobrio
527 2175 678 2226 verti.

170 2259 204 2312 l.
222 2258 383 2330 Neque
403 2261 505 2318 hare
527 2265 689 2318 solum
721 2265 850 2321 satis
877 2266 1094 2336 habuit,
1125 2269 1218 2325 sed
1246 2286 1432 2327 rursus
1459 2272 1615 2329 addi-

180 2350 290 2405 :lO.
320 2350 462 2408 Debet
491 2356 662 2408 mulier
703 2367 999 2426 potestatem
1045 2361 1226 2416 habere
1274 2379 1426 2433 super
1459 2375 1613 2435 caput

170 2459 213 2494 :m
235 2454 424 2511 propter
441 2447 652 2516 angelos.
676 2447 918 2504 Ostendit
941 2467 1045 2506 non
1083 2455 1340 2510 orationis
1371 2466 1611 2526 tempore

172 2544 298 2600 tum,
344 2535 430 2589 sed
479 2539 630 2591 etiam
686 2550 944 2608 perpetuo
1005 2543 1124 2598 illas
1167 2546 1272 2616 tegi
1336 2558 1603 2615 oportere.

170 2639 234 2675 um
263 2635 431 2679 autem
470 2641 567 2680 non
598 2627 726 2682 item
765 2630 833 2684 de
877 2636 1319 2701 teguntento,sed
1348 2636 1416 2691 de
1455 2652 1608 2695 coma

171 2715 274 2769 ituit
307 2733 319 2770 :
350 2717 580 2786 prohibet
626 2731 803 2776 autem
847 2739 915 2778 ne
957 2735 1165 2792 tegatur
1201 2741 1319 2782 eum
1349 2741 1466 2784 orat
1494 2741 1610 2786 tan-

181 2849 192 2873 ,
237 2823 438 2863 comam
485 2820 658 2866 autem
700 2815 844 2869 alere
900 2831 1115 2886 semper
1168 2820 1432 2887 prohibet.
1483 2823 1608 2880 ideo

170 2898 264 2952 [de
295 2901 508 2955 muliere
529 2903 660 2957 dixit
689 2921 703 2957 :
732 2905 784 2959 6.
816 2906 878 2960 Si
914 2918 1080 2961 autem
1107 2925 1207 2963 non
1240 2913 1447 2979 veletur,
1490 2926 1605 2970 ton-

170 3008 214 3041 ur
235 3008 257 3044 .·
287 2993 362 3046 sic
388 3001 441 3048 et
468 2993 532 3047 de
561 2996 674 3049 viro
707 3014 720 3049 :
752 2997 813 3050 Si
838 3014 1034 3051 comam
1062 3002 1289 3068 nutriat,
1329 3005 1607 3074 ignominia

170 3083 216 3135 'li.
244 3082 360 3138 Non
389 3085 546 3150 dixit,
580 3086 635 3141 Si
665 3099 892 3158 tegatur,
928 3092 1045 3157 sed,
1077 3093 1138 3148 Si
1171 3111 1367 3148 comam
1395 3100 1602 3154 nutriat.

173 3175 216 3228 in
237 3176 498 3246 principio
515 3162 682 3233 dixit:
711 3180 888 3235 Omnis
908 3185 985 3236 vir
999 3201 1149 3239 orans
1171 3197 1257 3240 aut
1273 3197 1602 3262 prapltetans,

170 3278 349 3337 'capul
376 3269 584 3324 habens.
627 3271 742 3326 Non
775 3273 926 3339 dixit,
960 3275 1209 3345 Opertus,
1264 3280 1378 3346 sed,
1434 3282 1606 3355 Super

170 3369 171 3372 ‘
189 3359 407 3424 habens;
424 3361 714 3418 05tendens
729 3365 869 3434 quod
887 3367 1092 3422 etiamsi
1113 3371 1258 3424 nudo
1275 3382 1392 3427 oret
1408 3376 1600 3443 capite,

173 3468 216 3504 ιη
268 3462 447 3507 autem
477 3455 705 3521 habeat,
744 3473 840 3526 par
868 3459 938 3513 sit
965 3459 1038 3514 illi
1064 3463 1153 3531 qui
1192 3473 1412 3533 opertus
1437 3476 1599 3523 esset.

190 3545 360 3611 enim,
390 3546 586 3616 inquit,
617 3565 710 3618 pro
750 3552 996 3608 velamine
1026 3555 1123 3624 ipsi
1148 3556 1269 3611 data
1295 3569 1385 3613 est.
1418 3560 1479 3614 Si
1508 3580 1603 3616 au-

170 3654 216 3690 an
248 3639 452 3692 velatur
473 3639 678 3706 mulier,
715 3644 982 3698 tondeatur
1007 3661 1026 3700 :
1053 3647 1097 3701 si
1123 3659 1291 3703 autem
1338 3661 1482 3721 turpe
1530 3663 1601 3708 est

170 3732 192 3783 'i
209 3733 420 3786 tonderi
431 3743 522 3786 aut
541 3736 675 3802 radi,
700 3737 903 3790 veletur.
921 3738 974 3793 ln
990 3741 1247 3811 principio
1261 3745 1400 3798 enim
1422 3755 1600 3803 utnon

170 3840 188 3877 ι
240 3824 450 3880 habeat
493 3837 659 3896 caput
714 3831 983 3899 requirit:
1017 3847 1332 3903 progressus
1376 3847 1553 3893 autem
1579 3880 1596 3906 ,

170 3931 292 3984 tper
333 3932 448 3971 non
511 3919 717 3973 nudum
767 3921 960 3976 habeat
997 3926 1330 3994 subindicat,
1369 3929 1552 3984 dicens
1577 3971 1592 3996 ,

194 4009 354 4062 enim
386 4020 465 4062 est
497 4026 561 4062 ac
586 4016 631 4064 si
660 4028 776 4067 rasa
801 4015 904 4080 sit;
935 4025 988 4071 et
1015 4032 1134 4072 cum
1159 4022 1303 4074 omni
1336 4023 1512 4076 studio
1534 4039 1597 4078 ac

176 4101 277 4153 tia.
301 4100 428 4154 Non
453 4103 607 4156 enim
633 4112 691 4158 ut
720 4105 922 4160 veletur
942 4116 997 4162 et
1019 4117 1226 4177 tegatur
1253 4112 1411 4167 modo
1435 4115 1593 4182 dixit,

174 4203 549 4263 contegatur,
580 4207 633 4250 ut
659 4199 727 4250 sit
751 4199 987 4267 undique
1007 4213 1256 4258 accurate
1277 4208 1593 4275 composita.

170 4306 174 4339 I
205 4289 269 4341 in
304 4289 719 4346 absurditatem
753 4307 864 4348 rem
895 4293 1131 4359 deducit,
1155 4297 1358 4366 pudore
1387 4300 1594 4356 suﬂ'un-

170 4390 473 4434 tementer
528 4382 809 4437 incessens
835 4399 898 4438 ac
936 4385 1118 4441 dicens
1149 4405 1162 4443 :
1191 4389 1250 4442 Si
1276 4400 1444 4444 autem
1491 4411 1596 4450 non

212 4471 548 4523 tondeatur.
591 4472 723 4526 Nam
749 4474 792 4527 si
824 4474 1010 4544 abjicis
1051 4484 1412 4547 tegumentum
1448 4483 1592 4540 tibia

170 4561 179 4612 i
218 4560 464 4627 datum,
508 4564 707 4632 inquit,
737 4567 898 4620 etiam
948 4566 999 4621 id
1027 4569 1168 4637 quod
1199 4571 1291 4625 tibi
1338 4588 1366 4626 θ
1402 4585 1589 4631 natura

170 4660 258 4710 rst,
294 4651 529 4720 alijiee.
560 4654 715 4720 Quod
744 4655 788 4708 si
814 4656 933 4725 quis
961 4657 1157 4713 dixerit
1190 4679 1203 4714 :
1234 4662 1301 4716 Et
1325 4668 1591 4734 quomodo

170 4740 329 4793 tlieri
371 4750 554 4810 turpe
580 4742 766 4807 fuerit,
791 4745 834 4799 si
856 4746 922 4800 ad
942 4749 1041 4803 viri
1067 4749 1287 4818 gloriam
1316 4757 1585 4812 ascendit?

170 4833 462 4895 :erimus,
508 4848 624 4886 non
649 4836 959 4902 ascendere,
996 4839 1088 4893 sed
1116 4856 1145 4893 a
1178 4848 1397 4913 proprio
1425 4849 1574 4902 exci-

176 4937 338 4976 tore.
385 4921 549 4977 Nam
583 4925 726 4979 inter
764 4929 1008 4996 proprios
1039 4934 1298 4989 terminos
1323 4953 1427 4991 non
1474 4956 1585 4994 ma-

170 5016 341 5084 ’eges
377 5030 413 5067 a
457 5015 589 5070 Deo
633 5017 786 5080 latas,
820 5019 914 5074 sed
957 5021 1073 5076 illas
1105 5028 1416 5094 transgredi,
1477 5046 1582 5086 non

170 5115 299 5172 est,
331 5109 451 5162 sed
489 5109 826 5166 imminutio.
846 5113 1302 5179 Quemadmodum
1325 5125 1465 5176 enim
1493 5126 1582 5192 qui

174 5200 542 5268 ncupiscit,
577 5213 776 5273 etquze
815 5221 920 5260 non
947 5223 1040 5282 sua
1070 5221 1192 5266 sunt
1217 5213 1431 5283 abripit,
1475 5233 1580 5272 non

170 5292 341 5357 plius
376 5295 627 5363 accepit
657 5335 672 5358 ,
729 5296 825 5352 sed
856 5297 1172 5357 detrimento
1199 5314 1281 5359 est
1322 5305 1543 5362 allectus
1563 5351 1576 5373 ,

172 5381 479 5437 trahebat
511 5385 788 5453 perdidit;
819 5387 870 5443 id
894 5390 1034 5458 quod
1063 5393 1221 5448 etiam
1251 5395 1302 5450 in
1333 5399 1578 5464 paradiso

179 5472 282 5524 sic
335 5483 408 5527 et
455 5476 680 5531 mulier
704 5493 810 5531 non
835 5481 1028 5547 accipit
1067 5483 1165 5538 viri
1209 5487 1573 5557 nobilitatem,

170 5564 390 5619 rlieris
432 5565 808 5624 honestatem
840 5573 1072 5638 amittit;
1105 5591 1204 5632 nec
1235 5579 1356 5635 inde
1399 5583 1572 5639 solum

172 5657 399 5721 ninia,
433 5659 558 5714 sed
581 5661 746 5716 etiam
764 5663 830 5719 ab
854 5663 1085 5722 trahendi
1109 5670 1414 5739 cupiditate.
1438 5675 1570 5731 Cum

175 5750 503 5819 npsissct
539 5751 603 5809 id
632 5755 774 5824 quod
792 5763 946 5828 turpe
964 5773 1085 5817 esse
1113 5760 1166 5816 in
1187 5762 1434 5821 confesso
1457 5777 1558 5837 est,

3219 354 3322 414 918

1743 453 1800 500 et
1826 444 2095 507 dixisset:
2133 451 2196 508 Si
2225 463 2393 509 autem
2430 460 2576 527 turpe
2618 471 2692 517 est
2738 465 2939 524 mulieri
2989 471 3184 528 tonderi
3237 487 3325 529 aut

1739 537 1889 627 radi;
1918 541 2059 609 quod
2086 556 2116 597 a
2145 544 2323 615 seipso
2346 557 2463 604 erat
2493 558 2618 608 tunc
2636 557 2836 624 posuit,
2862 557 3062 627 dicens,
3101 563 3318 622 Veletur.

1736 626 1920 698 Neque
1944 631 2097 698 dixit,
2123 632 2340 692 Comam
2367 640 2586 712 nutriat,
2609 645 2722 712 sed,
2755 645 2954 702 Vcletur
2977 667 2997 715 ;
3023 626 3138 708 haec
3158 657 3317 709 ambo

1737 737 1899 776 unum
1927 739 2048 782 esse
2101 728 2216 799 lege
2245 734 2596 803 constituens,
2645 747 2702 794 et
2741 741 3011 812 utrimque
3052 745 3138 800 illa
3185 763 3312 801 cou-

1737 813 1976 882 ﬁrmans,
2005 817 2072 872 ab
2103 819 2170 875 iis
2207 836 2324 890 quae
2361 825 2651 882 constituta
2692 839 2818 885 sunt
2845 840 2901 887 et
2931 849 2963 889 a
3009 839 3310 895 contrariis.

1733 902 1866 959 Nam
1892 906 2132 964 velamen
2164 919 2218 966 et
2240 927 2450 970 comam
2477 933 2642 973 unum
2672 935 2793 978 esse
2813 922 2972 991 dicit;
3006 926 3145 984 idem
3176 945 3314 1001 qut:-

1731 1013 1836 1067 que
1888 1015 2010 1057 esse
2055 1012 2108 1058 et
2153 1020 2349 1072 rasam,
2401 1019 2456 1064 et
2509 1027 2626 1066 eam
2657 1030 2776 1084 quae
2803 1019 2946 1073 nudo
2970 1029 3052 1075 est
3092 1025 3311 1092 capite:

1737 1091 1905 1147 Unum
1933 1085 2010 1150 est.
2032 1100 2184 1164 enim,
2213 1101 2398 1170 inquit,
2429 1113 2475 1158 et
2502 1105 2743 1175 idipsum,
2767 1111 2903 1180 quod
2922 1129 3058 1167 rasa.
3088 1085 3240 1184 Quod
3264 1119 3310 1174 si

1729 1187 1850 1254 quis
1889 1187 2103 1258 dixerit,
2136 1193 2201 1247 Et
2229 1197 2494 1264 quomodo
2520 1215 2680 1254 unum
2709 1212 2811 1268 est,
2862 1206 2908 1260 si
2964 1207 3054 1262 illa
3094 1210 3307 1279 quidem

1729 1287 2092 1348 tegumentum
2116 1296 2319 1342 naturae
2350 1290 2527 1356 habet,
2552 1293 2639 1347 illa
2668 1310 2796 1351 vero
2824 1313 2942 1367 quae
2963 1315 3078 1356 rasa
3100 1312 3182 1358 est
3203 1320 3306 1360 non

1728 1370 1895 1426 item?
1914 1377 2379 1447 respondebimus,
2400 1380 2542 1437 illam
2561 1385 2781 1442 arbitrio
2796 1402 2894 1444 suo
2911 1391 3013 1446 hoc
3029 1395 3308 1464 reliquisse

1726 1469 1782 1517 et
1808 1463 2006 1523 nudum
2034 1465 2234 1526 habere
2255 1481 2412 1541 caput
2432 1491 2445 1526 :
2467 1475 2609 1544 quod
2639 1478 2682 1532 si
2709 1493 2814 1534 non
2843 1483 3051 1552 capillis
3079 1463 3304 1555 nudum,

1725 1556 1827 1613 hoc
1847 1573 1912 1614 ex
1933 1570 2141 1630 natura,
2170 1580 2276 1619 non
2322 1582 2388 1621 ex
2412 1568 2555 1623 illius
2579 1572 2800 1628 arbitrio
2825 1590 2964 1632 esse.
2996 1578 3178 1651 itaque
3217 1583 3302 1638 illa

1723 1665 1844 1720 quae
1867 1666 1986 1706 rasa
2019 1663 2120 1718 est,
2161 1657 2362 1713 nudum
2389 1670 2548 1730 caput
2577 1662 2755 1730 habet,
2794 1676 2850 1723 et
2897 1669 2984 1724 illa
3035 1673 3300 1732 similiter.

1723 1736 1848 1795 Ideo
1877 1743 2017 1797 enim
2040 1755 2243 1802 natura:
2274 1752 2536 1819 permisit,
2573 1765 2630 1810 ut
2672 1757 2812 1813 illam
2853 1769 3075 1831 tegeret,
3104 1775 3159 1818 ut
3189 1766 3303 1823 htrc

1721 1833 1788 1888 ab
1818 1835 1901 1888 illa
1926 1833 2028 1891 hoc
2053 1837 2286 1906 discens,
2315 1845 2634 1912 operiretur.
2661 1849 2861 1908 Deinde
2886 1869 3102 1910 causam
3125 1859 3300 1928 aﬂ'ert,

1721 1933 1778 1976 ut
1807 1938 1950 1994 saepe
1980 1927 2111 1991 dixi,
2158 1937 2426 2001 tamquam
2472 1950 2592 1989 cum
2651 1939 2837 1995 liberis
2876 1943 3116 2012 loquens.
3170 1927 3300 2012 Quze

1720 2015 1878 2085 igitur
1905 2032 2064 2073 causa
2090 2021 2211 2076 est?
2236 2023 2287 2076 7.
2319 2023 2458 2078 Nam
2483 2027 2558 2080 vir
2589 2029 2789 2098 quidem
2818 2050 2920 2086 non
2955 2036 3098 2090 debet
3137 2040 3302 2094 velare

1717 2118 1890 2177 caput,
1920 2127 2032 2164 cum
2075 2113 2142 2167 sit
2171 2115 2340 2186 imago
2381 2127 2428 2170 et
2457 2120 2620 2190 gloria
2653 2122 2762 2177 Dei.
2807 2124 3015 2182 Rursus
3056 2130 3155 2184 alia
3184 2132 3300 2188 hate

1716 2214 1897 2255 causa.
1954 2202 2140 2272 Neque
2193 2207 2337 2262 enim
2388 2210 2582 2278 solum,
2633 2216 2775 2283 quod
2823 2229 2981 2286 caput
3024 2219 3294 2279 Christum

1717 2291 1927 2357 habeat.
1963 2313 2069 2352 non
2095 2299 2255 2354 debet
2279 2314 2435 2371 caput
2465 2314 2664 2375 tegere,
2711 2311 2804 2364 sed
2832 2313 2990 2368 etiam
3023 2318 3142 2386 quia
3173 2336 3294 2374 mn-

1715 2385 1831 2442 lieri
1864 2388 2107 2456 imperat.
2135 2390 2266 2446 Nam
2295 2395 2588 2465 principem
2618 2399 2683 2454 ad
2725 2417 2901 2472 regem
2928 2385 3292 2478 accedentem,

1716 2478 2043 2550 principatus
2086 2483 2293 2552 signum
2340 2485 2536 2543 habere
2573 2502 2804 2561 oportet.
2846 2494 2934 2552 Sic
2961 2513 3089 2570 ergo
3119 2503 3292 2560 nullus

1715 2572 1963 2642 princeps
1989 2575 2106 2630 sine
2133 2576 2310 2632 balteo
2339 2588 2392 2634 et
2417 2578 2621 2637 chlzena
2665 2586 2804 2640 ausit
2830 2602 3143 2658 comparere
3167 2608 3292 2651 ante

1712 2661 1864 2717 illum
1887 2664 1974 2732 qui
2005 2664 2249 2720 diadema
2280 2678 2452 2737 gestat
2479 2687 2494 2723 :
2517 2673 2594 2727 sic
2627 2690 2800 2746 neque
2833 2687 2887 2732 tu
2911 2682 3113 2751 absque
3138 2686 3289 2756 signa

1711 2752 2058 2823 principatus,
2091 2758 2230 2826 quod
2255 2768 2336 2813 est
2362 2761 2572 2817 detecto
2592 2781 2712 2821 esse
2731 2770 2922 2837 capite,
2950 2771 3114 2828 Deum
3142 2752 3285 2838 ores.

1712 2854 1770 2899 ut
1794 2861 1860 2901 ne
1885 2850 2208 2905 contumelia
2235 2852 2437 2907 afﬁcias
2458 2863 2511 2909 et
2542 2865 2591 2912 te
2620 2867 2677 2914 et
2706 2875 2826 2914 eum
2864 2863 2952 2931 qui
2992 2873 3044 2924 te
3083 2865 3289 2924 honore

1709 2934 1895 2991 afﬁcit.
1928 2938 2162 3009 ldipsum
2205 2951 2258 2997 et
2286 2943 2353 2998 de
2380 2945 2606 3003 muliere
2636 2950 2753 3018 quis
2788 2951 2982 3008 dixerit
3011 2973 3025 3009 :
3057 2973 3177 3014 nam
3211 2960 3285 3014 illi

1708 3047 1920 3103 quoque
1949 3043 2032 3088 est
2062 3036 2372 3105 ignominia,
2419 3038 2462 3092 si
2494 3055 2597 3094 non
2640 3043 2984 3114 subjectionis
3013 3048 3160 3118 signa
3193 3051 3287 3105 ha-

1707 3121 1850 3178 heat.
1899 3123 2090 3180 Mulier
2136 3137 2302 3182 autem
2333 3130 2498 3199 gloria
2531 3133 2626 3186 viri
2644 3144 2737 3202 est.
2771 3135 2866 3191 Est
2895 3153 3024 3206 ergo
3048 3143 3286 3198 naturale

1707 3216 1806 3269 viri
1831 3216 2132 3286 imperium.
2159 3219 2363 3276 Deinde
2395 3232 2672 3293 postquam
2694 3230 3013 3284 sententiam
3043 3236 3282 3301 prmulit,

1706 3317 1760 3360 et
1786 3309 2021 3364 rationes
2049 3322 2101 3364 et
2129 3325 2319 3365 causas
2348 3329 2558 3367 rursum
2587 3316 2720 3370 alias
2754 3321 2922 3386 ponit,
2953 3321 3018 3374 ad
3060 3325 3284 3390 primam

1708 3408 1759 3453 te
1784 3398 1986 3456 ducens
2014 3403 2364 3468 creationem,
2388 3404 2469 3459 his
2492 3406 2670 3461 verbis
2698 3425 2711 3462 :
2740 3409 2792 3464 8.
2829 3408 2947 3464 Non
2973 3414 3104 3466 enim
3123 3415 3198 3468 vir
3225 3433 3287 3470 ea:

1705 3491 1916 3545 muliere
1953 3501 2047 3553 est.
2099 3494 2187 3546 sed
2215 3495 2396 3548 mulier
2424 3511 2487 3549 ea:
2528 3498 2655 3551 viro.
2688 3498 2744 3552 Si
2783 3509 2960 3554 autem
3014 3518 3076 3558 ex
3107 3505 3285 3575 aliquo

1704 3598 1843 3647 esse,
1866 3584 2036 3655 gloria
2069 3594 2151 3639 est
2172 3586 2286 3655 ejus
2317 3603 2381 3642 ex
2401 3603 2505 3658 quo
2532 3590 2747 3660 prodiit,
2777 3594 2944 3650 multo
2970 3599 3136 3667 magis
3164 3613 3285 3655 esse

1703 3675 1952 3729 similem.
1985 3676 2038 3731 9.
2068 3677 2268 3731 Etenim
2295 3695 2395 3734 non
2423 3691 2622 3737 creatus
2650 3693 2723 3736 est
2744 3685 2821 3738 vir
2865 3697 3072 3758 prapter
3099 3691 3284 3745 mulie-

1701 3782 1828 3840 rem,
1861 3767 1950 3821 sed
1975 3768 2160 3824 mulier
2187 3781 2390 3840 propter
2416 3774 2599 3827 virum.
2636 3774 2760 3831 [iazc
2786 3786 2869 3831 est
2895 3780 3129 3835 secunda
3159 3798 3282 3838 rur-

1702 3839 1794 3911 sus
1824 3857 1965 3913 illius
1990 3873 2100 3928 pra:
2131 3860 2219 3915 illa
2247 3863 2586 3932 excellentia,
2607 3867 2714 3921 imo
2741 3879 2796 3923 et
2815 3871 2970 3926 tertia
2992 3880 3047 3926 et
3072 3883 3278 3943 quarta.

1701 3947 1900 4016 Prima,
1934 3951 2057 4019 quia
2087 3963 2246 4022 caput
2275 3966 2514 4011 nostrum
2545 3969 2626 4014 est
2665 3960 2927 4032 Christus,
2961 3973 3015 4020 et
3035 3981 3133 4021 nos
3158 3985 3280 4022 mu-

1699 4040 1880 4104 lieris;
1909 4045 2164 4110 secunda,
2194 4047 2315 4115 quia
2347 4064 2445 4104 nos
2461 4050 2626 4120 gloria
2662 4054 2753 4108 Dei
2779 4071 2982 4124 sumus,
3012 4069 3066 4113 et
3090 4061 3283 4118 mulier

1699 4132 1866 4201 gloria
1898 4143 2109 4200 nostra;
2143 4138 2317 4204 tertia,
2342 4140 2463 4208 quia
2487 4157 2590 4196 non
2617 4158 2714 4198 nos
2728 4161 2796 4199 ex
2819 4147 3043 4205 muliere
3072 4165 3276 4219 sumne,

1699 4224 1793 4279 sed
1841 4225 1930 4282 illa
1984 4243 2050 4282 ex
2090 4229 2276 4295 nobis;
2323 4243 2539 4302 quarta,
2602 4239 2724 4306 quia
2765 4255 2870 4295 non
2911 4257 3010 4296 nos
3064 4255 3281 4315 propter

1699 4315 1884 4383 illam,
1914 4317 2008 4372 sed
2049 4318 2137 4372 illa
2191 4330 2407 4390 pmpter
2435 4339 2552 4378 nos.
2601 4327 2687 4382 l0.
2737 4327 2862 4383 Ideo
2914 4331 3057 4386 debet
3099 4337 3280 4388 mulier

1698 4405 1878 4459 habere
1898 4416 2188 4476 potestatem
2206 4428 2356 4482 super
2370 4423 2520 4481 caput
2537 4433 2701 4471 suum.
2725 4419 2871 4484 Ideo,
2891 4439 2989 4492 qua
3006 4424 3070 4478 de
3087 4426 3274 4481 causa?

1694 4495 1781 4550 dic
1811 4495 1971 4551 mihi.
1999 4497 2224 4568 Propter
2243 4502 2356 4557 lure
2375 4506 2551 4558 omnia
2570 4509 2838 4576 qtnedicta
2859 4521 2982 4566 sunt
3003 4530 3017 4571 :
3040 4514 3147 4569 imo
3167 4532 3270 4574 non

1695 4592 1900 4640 tantttm
1931 4597 2148 4658 propter
2174 4590 2286 4646 haec
2320 4595 2520 4662 omnia,
2559 4597 2650 4652 sed
2679 4601 2838 4654 etiam
2864 4602 3086 4674 Propter
3114 4624 3271 4679 auge.

1694 4676 1790 4731 los.
1818 4675 1950 4731 Nam
1973 4679 2017 4733 si
2045 4680 2212 4734 virum
2240 4683 2494 4752 despicis,
2527 4687 2726 4757 inquit,
2758 4693 2978 4761 angelos
3000 4712 3270 4755 reverere.

1765 4767 1818 4822 5.
1848 4767 2020 4837 Caput
2047 4785 2174 4841 ergo
2205 4775 2416 4842 operire
2442 4787 2521 4832 est
2555 4779 2900 4848 subjectionis
2939 4795 2993 4840 et
3035 4797 3271 4857 potesta-

1691 4856 1792 4918 tis;
1847 4856 2014 4914 efﬁcit
2064 4862 2205 4914 enim
2237 4873 2294 4917 ut
2339 4863 2590 4922 deorsum
2633 4871 2952 4938 aspiciamus
2981 4856 3048 4930 et
3066 4877 3271 4946 pudore

1689 4950 2006 5019 alﬁciamur,
2057 4958 2434 5028 propriamque
2463 4975 2740 5018 servemus
2781 4966 3054 5023 virtutem.
3086 4970 3268 5026 Virtus

1688 5043 1826 5096 enim
1855 5053 1909 5100 et
1937 5045 2108 5100 honor
2135 5049 2252 5116 ejus
2294 5050 2378 5104 cui
2425 5051 2717 5120 imperatur
2744 5065 2844 5121 est,
2877 5068 2934 5112 ut
2963 5070 3176 5116 maneat
3213 5064 3266 5118 in

1688 5131 2010 5189 obedientia.
2030 5136 2122 5190 Vir
2140 5140 2336 5208 quippe
2361 5155 2463 5194 non
2487 5144 2695 5212 cogitur
2717 5144 2820 5201 hoc
2859 5146 3036 5205 facere
3057 5167 3070 5215 ;
3100 5152 3267 5220 ipsius

1686 5221 1828 5274 enim
1864 5223 2072 5278 Domini
2116 5227 2288 5297 imago
2331 5237 2448 5296 est;
2480 5234 2674 5290 mulier
2697 5243 2874 5292 autem
2902 5237 3022 5309 jure
3050 5244 3262 5298 merito.

1684 5313 1867 5381 Cogita
1899 5317 2059 5387 igitur
2087 5320 2380 5390 iniquitatis
2411 5339 2713 5396 excessum,
2755 5345 2875 5385 cum
2903 5349 3095 5402 nempe
3119 5345 3261 5392 tanta

1686 5406 1975 5463 honoratus
2007 5422 2287 5481 potestate,
2334 5417 2559 5487 teipsum
2590 5420 2861 5492 deturpas,
2896 5427 3134 5482 mulieris
3171 5430 3268 5482 ha-

1682 5497 1848 5554 bitum
1879 5503 2113 5570 rapiens.
2148 5505 2378 5577 ldipsum
2410 5513 2537 5567 lacis
2564 5529 2626 5569 ae
2648 5515 2692 5569 si
2722 5521 3258 5587 acceptumdiadema

1680 5604 1710 5643 a
1740 5592 1914 5661 capite
1932 5593 2211 5664 abjiceres,
2240 5611 2294 5654 et
2316 5616 2415 5670 pro
2434 5603 2734 5663 diademate
2754 5596 3261 5666 servile-vestimen-

1679 5691 1791 5738 tum
1821 5699 2146 5745 assumeres.
2177 5692 2265 5748 Η.
2321 5692 2672 5754 Verumtamen
2700 5717 2859 5764 neque
2886 5703 2962 5754 vir
2989 5704 3098 5757 sine
3146 5721 3259 5756 ntu-

1681 5774 1837 5844 liere,
1895 5795 2052 5852 neque
2091 5783 2274 5841 mulier
2459 5790 2566 5846 viro
2615 5793 2670 5848 in
2716 5790 2956 5849 Domino.
2997 5794 3260 5863 Quoniam
