3826 6216
332 344 437 398 εις)
1031 327 1089 385 s.
1130 325 1407 386 JOANNIS
1429 327 1903 385 cunvsosrmn
1956 328 2268 384 ARCIIIEP.
2302 329 2832 387 CONSTANTINOP.
3516 330 3627 386 eeo

332 459 513 502 autem
563 445 784 501 multam
825 441 972 500 dedit
994 441 1112 499 viro
1155 443 1554 509 excellentiam,
1607 457 1729 496 cum
1787 441 1919 495 dixit

333 540 621 596 mulierem
651 551 773 592 esse
799 551 868 591 ex
896 535 1009 600 illo,
1035 545 1256 605 propter
1283 535 1430 589 illum
1463 544 1515 588 et
1554 534 1656 588 sub
1687 533 1805 596 illo;
1858 547 1924 584 ne

335 631 480 683 viros
509 629 627 697 plus
654 642 813 697 quam
844 641 937 695 par
961 634 1081 680 erat
1126 625 1434 688 extolleret,
1463 639 1597 680 neve
1626 624 1742 678 illas
1770 623 1925 676 nimis

335 723 614 792 deiiceret,
647 719 768 775 vide
797 719 1066 788 quomodo
1099 720 1490 772 correctionem
1530 716 1808 780 adhibeat,
1841 715 1924 768 (li-

337 829 468 868 cens
497 830 510 867 :
545 811 897 866 Verumtamen
917 826 1074 879 neque
1097 810 1174 862 uir
1192 811 1300 864 sine
1322 809 1550 872 muliere,
1573 823 1730 877 neque
1748 806 1928 858 mulier

339 905 447 957 sine
472 902 578 958 viro
601 901 656 956 in
683 899 923 954 Domino.
950 899 1027 954 Ne
1054 899 1208 964 mihi,
1240 899 1430 969 inquit,
1461 898 1632 968 prima
1659 896 1770 951 sola
1796 910 1925 949 exa-

341 1000 534 1058 mines,
563 1010 736 1064 neque
759 993 1089 1047 creationem
1113 993 1277 1046 illam.
1302 991 1433 1045 Nam
1459 991 1501 1043 si
1519 1005 1580 1044 ea
1601 1005 1719 1057 qua:
1744 996 1926 1057 postea

343 1086 476 1140 facta
517 1092 644 1140 sunt
667 1084 951 1152 exquiras,
1005 1091 1228 1150 uterque
1272 1082 1547 1149 utriusque
1595 1087 1676 1133 est
1703 1087 1922 1140 auctor;

340 1178 450 1231 into
480 1189 654 1244 neque
694 1183 918 1241 uterque
948 1173 1259 1241 utriusque,
1311 1171 1405 1226 sed
1451 1171 1591 1224 Deus
1641 1168 1876 1222 onmium
1909 1184 1922 1219 :

341 1279 511 1335 quare
548 1265 624 1320 ait
654 1279 669 1322 :
703 1261 883 1333 Neque
911 1263 986 1316 vir
1014 1263 1121 1318 sine
1157 1262 1382 1321 muliere,
1405 1276 1564 1328 neque
1611 1260 1791 1312 mulier
1820 1258 1928 1312 sine

339 1359 448 1411 uiro
491 1358 544 1410 in
599 1355 834 1410 Domino.
883 1353 971 1409 12.
1032 1353 1169 1408 Nam
1221 1355 1347 1406 sicut
1386 1353 1564 1404 mulier
1594 1368 1655 1403 ea:
1684 1352 1808 1412 viro,
1855 1351 1926 1401 ita

345 1453 421 1504 vir
450 1467 540 1521 per
566 1450 843 1504 mulierem.
875 1447 988 1502 Non
1018 1446 1170 1510 dixit,
1195 1446 1270 1501 Ex
1301 1446 1548 1508 muliere,
1578 1445 1674 1500 sed
1701 1452 1886 1497 contra
1907 1484 1923 1510 ,

357 1543 438 1598 Ea:
481 1546 609 1598 viro.
660 1543 778 1599 Hoc
820 1541 962 1595 enim
1011 1540 1183 1609 ipsum
1233 1541 1499 1608 integrum
1552 1546 1736 1593 manet
1787 1536 1926 1607 apud

346 1637 538 1691 virum.
568 1635 760 1689 Verum
807 1633 921 1686 haec
971 1640 1116 1686 recte
1161 1639 1312 1701 gesta
1363 1645 1470 1684 non
1513 1630 1631 1696 viri,
1692 1628 1788 1684 sed
1833 1628 1927 1682 Dei

343 1734 467 1780 sunt
500 1739 702 1795 :quare
731 1723 890 1778 etiam
919 1721 1194 1791 subiunxit
1219 1737 1233 1774 :
1266 1720 1372 1775 Sed
1399 1720 1570 1774 omnia
1607 1735 1670 1773 ea:
1689 1718 1818 1774 Deo.
1870 1717 1928 1774 Si

343 1834 470 1889 ergo
493 1818 583 1872 Dei
609 1825 736 1870 sunt
759 1814 960 1878 omnia,
991 1814 1105 1884 ipse
1125 1821 1302 1868 autem
1326 1812 1602 1881 illajubet,
1633 1812 1930 1881 obsequere

342 1921 391 1963 et
423 1923 491 1964 ne
515 1907 874 1962 contradicas.
908 1905 995 1960 15.
1044 1903 1111 1958 In
1155 1903 1292 1958 vobis
1334 1904 1458 1972 ipsis
1495 1903 1724 1974 judicate
1753 1903 1930 1956 :decct

344 2001 603 2054 mulierem
629 2015 731 2052 non
753 1997 969 2051 velatam
997 2012 1144 2050 orare
1175 1993 1383 2048 Deum?
1409 1995 1612 2049 Rursus
1654 1994 1772 2049 illos
1802 2008 1931 2048 con-

345 2091 516 2145 stituit
543 2089 805 2144 dictorum
831 2087 1060 2156 iudices,
1098 2086 1243 2156 quod
1301 2087 1460 2141 etiam
1509 2086 1562 2139 in
1620 2085 1931 2156 idolothytis

349 2182 474 2234 fecit
503 2198 515 2234 :
545 2195 666 2233 nam
697 2187 751 2232 et
771 2178 878 2232 illic
902 2177 1051 2243 dicit,
1078 2177 1316 2230 Judicate
1357 2191 1444 2230 vos
1486 2177 1619 2244 quod
1668 2177 1822 2241 dico;
1876 2184 1933 2231 et

353 2272 460 2336 hic,
490 2268 556 2323 In
585 2271 720 2324 vobis
740 2270 862 2338 ipsis
876 2269 1125 2338 judicale.
1168 2267 1236 2322 Et
1279 2267 1570 2322 terribilius
1599 2268 1800 2337 aliquid
1844 2267 1932 2323 hic

349 2361 649 2416 subindicat
679 2379 693 2414 :
723 2359 1104 2414 contumeliam
1153 2358 1297 2412 enim
1350 2357 1440 2412 hic
1468 2357 1597 2412 dicit
1643 2359 1710 2411 ad
1765 2359 1930 2412 Deum

351 2455 602 2510 transire.
633 2453 828 2508 Verum
853 2467 960 2506 non
983 2452 1055 2506 ita
1086 2451 1336 2522 loquitur,
1365 2450 1460 2506 sed
1486 2451 1666 2504 mitius
1695 2451 1934 2519 aliquau-

353 2560 464 2601 tntn
490 2555 545 2602 et
573 2548 739 2615 magis
757 2544 1132 2614 ,mnigmatice,
1169 2543 1354 2598 dicens
1383 2560 1397 2596 :
1427 2542 1642 2596 Decetne
1676 2544 1934 2596 mulierem

351 2656 453 2692 non
469 2639 684 2692 relatam
715 2637 879 2689 Deum
899 2635 1089 2689 orare?
1119 2635 1204 2689 14.
1245 2633 1429 2688 Annon
1473 2638 1585 2701 ipsa
1625 2644 1809 2688 natura
1848 2649 1934 2689 vos

353 2735 517 2797 ducet,
547 2728 682 2801 quod
706 2729 781 2782 vir
813 2729 1016 2794 quidem
1043 2727 1086 2780 si
1113 2743 1310 2780 comam
1339 2728 1549 2792 nutriat,
1580 2727 1854 2798 ignominia
1871 2729 1935 2781 sit

350 2826 466 2880 illi?
494 2825 580 2880 i5.
610 2823 792 2876 mulier
818 2838 931 2876 vero
961 2822 1006 2875 si
1049 2835 1247 2873 comam
1273 2820 1484 2884 nutriat,
1511 2819 1675 2890 gloria
1717 2829 1790 2874 est
1815 2820 1936 2874 illi?

351 2918 589 2986 quoniam
617 2916 790 2984 capilli
811 2931 902 2984 pro
924 2913 1168 2968 velamine
1193 2913 1237 2966 ei
1258 2913 1364 2966 dati
1391 2924 1526 2967 sunt.
1551 2913 1702 2979 Quod
1723 2927 1936 2983 semper

354 3007 813 3074 l'acit,communia
845 3019 1048 3076 ponens
1072 3004 1375 3069 ratiocinia,
1402 3003 1503 3059 hoc
1533 3015 1586 3059 et
1618 3004 1701 3058 hic
1723 3019 1937 3074 quoque

353 3101 500 3165 facit,
551 3098 617 3154 ad
669 3098 936 3168 vulgarem
988 3096 1432 3152 consuetudnem
1482 3097 1832 3166 conlugiens,
1882 3104 1938 3151 et

353 3191 637 3246 admodum
675 3189 876 3258 pudore
912 3187 1223 3242 suffundens
1247 3202 1363 3255 eos,
1395 3189 1484 3257 qui
1531 3198 1845 3257 exspectant
1869 3187 1937 3244 ab

357 3285 449 3337 illo
474 3282 735 3348 ediscere,
759 3295 880 3350 qua:
909 3294 978 3333 ex
1003 3280 1274 3334 communi
1301 3279 1688 3333 consuetudine
1717 3287 1940 3348 possunt

355 3373 522 3430 edisci
550 3391 565 3427 :
594 3373 709 3427 haec
751 3373 947 3441 quippe
991 3381 1046 3424 et
1094 3370 1287 3425 similia
1346 3387 1415 3425 ne
1444 3371 1685 3426 barbaris
1725 3373 1937 3442 quidem

360 3468 536 3536 ignota
579 3473 725 3518 sunt.
752 3463 821 3516 Et
848 3462 970 3516 vide
1008 3461 1277 3532 quomodo
1307 3462 1501 3532 ubique
1523 3463 1736 3517 acribus
1766 3473 1942 3520 utatur

357 3557 557 3613 verbis.
595 3555 770 3609 Omnis
813 3555 886 3608 vir
915 3571 1087 3619 orans,
1109 3555 1196 3622 qui
1224 3563 1375 3623 caput
1419 3572 1566 3608 suum
1605 3558 1742 3625 legit,
1793 3568 1942 3625 caput

359 3667 509 3705 suum
538 3649 808 3717 deturpat;
837 3662 900 3700 ac
929 3661 1160 3709 rursum,
1185 3646 1244 3700 Si
1274 3655 1441 3699 autem
1472 3657 1616 3716 turpe
1643 3657 1712 3701 est
1743 3649 1942 3702 mulieri

361 3741 559 3796 tonderi
589 3750 676 3793 aut
705 3739 838 3805 radi,
868 3739 1092 3801 veletur;
1117 3747 1173 3793 et
1196 3739 1281 3792 hic
1311 3753 1516 3804 rursus,
1558 3737 1644 3791 Vir
1669 3739 1870 3810 quidem
1899 3741 1944 3794 si

362 3849 556 3887 comunt
606 3833 828 3898 nutriat,
883 3831 1162 3901 ignominia
1214 3839 1288 3885 est
1338 3831 1466 3886 illi:
1515 3832 1696 3886 mulier
1751 3834 1797 3886 si
1852 3849 1942 3888 co-

362 3941 498 3977 mant
549 3927 780 3986 nutriat,
827 3923 991 3994 gloria
1051 3932 1122 3977 est
1174 3923 1292 3988 illi,
1337 3923 1578 3993 quoniam
1624 3925 1798 3995 capilli
1851 3942 1944 3994 pro

362 4014 610 4069 velamine
649 4015 693 4068 ei
741 4013 846 4066 dati
883 4021 1020 4067 sunt.
1065 4013 1133 4067 Et
1156 4013 1200 4068 si
1248 4029 1344 4082 pro
1375 4015 1637 4069 velamine
1661 4016 1771 4070 dati
1799 4026 1942 4080 sunt,

365 4105 558 4176 inquit,
581 4119 678 4160 cur
703 4113 951 4174 oporteat
977 4103 1220 4158 velamen
1249 4105 1394 4160 aliud
1433 4105 1705 4175 adjicere?
1736 4105 1806 4163 Ut
1837 4124 1944 4162 non

363 4197 537 4251 solum
563 4212 594 4251 a
621 4204 830 4259 natura,
869 4194 964 4250 sed
992 4195 1153 4250 etiam
1179 4195 1248 4248 ab
1291 4195 1510 4250 arbitrio
1561 4196 1947 4265 subiectionem

363 4290 699 4345 conﬁteatur.
725 4287 876 4356 Quod
907 4287 1048 4342 enim
1077 4296 1128 4342 te
1151 4296 1396 4356 oporteat
1414 4287 1599 4354 velari,
1625 4288 1738 4358 ipsa
1760 4301 1946 4344 natura

366 4381 512 4448 prius
538 4379 834 4435 constituit.
866 4377 1018 4434 Adde
1046 4379 1204 4449 igitur
1224 4393 1442 4449 operam
1473 4388 1637 4445 tuam,
1673 4396 1740 4435 ne
1767 4379 1949 4435 videa-

362 4473 436 4528 ris
463 4482 668 4526 natura:
696 4472 842 4542 leges
879 4480 1124 4526 evertere
1154 4487 1168 4524 :
1195 4470 1338 4540 quod
1361 4470 1573 4540 quidem
1600 4472 1779 4526 multae
1805 4481 1950 4526 esset

364 4562 728 4632 impudentiae,
775 4577 884 4617 non
915 4562 1194 4616 nobiscum
1227 4571 1452 4626 tantum,
1487 4561 1582 4617 sed
1634 4563 1796 4616 etiam
1825 4577 1949 4618 cum

370 4665 558 4710 natura
577 4670 834 4725 pugnare.
849 4654 1028 4721 Quare
1041 4653 1429 4710 JudaeosDeum
1448 4655 1696 4710 incusans
1715 4655 1947 4710 dicebat:

369 4741 610 4798 Occidisti
638 4743 775 4812 filios
811 4753 924 4798 tuos
948 4754 996 4798 et
1021 4744 1156 4812 ﬁlias
1185 4753 1298 4797 tuas
1328 4743 1541 4813 (Ezech.
1567 4745 1654 4799 16.
1683 4745 1776 4814 ει)
1809 4765 1822 4801 :
1848 4746 1952 4802 hoc

372 4852 482 4906 pne
511 4835 762 4890 omnibus
788 4845 870 4892 est
906 4835 1393 4891 abominationibus
1423 4837 1545 4890 tuis.
1595 4835 1664 4890 Et
1713 4852 1808 4892 eos
1859 4839 1950 4908 qui

367 4926 506 4997 apud
532 4927 803 4982 Romanos
824 4927 1081 4998 impudici
1127 4936 1282 4984 erant
1310 4928 1593 4998 increpans
1624 4929 1840 4996 Paulus,
1872 4931 1951 4984 sic

365 5028 522 5087 auget
549 5018 973 5074 criminationem
1003 5020 1188 5074 dicens
1215 5036 1228 5071 :
1257 5018 1398 5089 quod
1427 5033 1532 5074 non
1554 5020 1726 5074 solum
1759 5030 1954 5089 prteter

374 5109 467 5162 Dei
496 5108 692 5178 legem,
714 5107 809 5163 sed
838 5118 1032 5178 prater
1055 5119 1297 5164 naturam
1330 5124 1457 5165 usus
1497 5109 1588 5165 ille
1616 5118 1757 5164 esset
1789 5125 1804 5162 :
1830 5108 1952 5163 Mu-

367 5209 544 5253 turunt
572 5202 706 5255 enim
736 5216 886 5254 usum
926 5202 1210 5255 naturalem
1245 5202 1299 5255 in
1349 5203 1513 5268 illum,
1545 5202 1633 5272 qui
1672 5211 1746 5256 est
1772 5211 1954 5271 prater

370 5303 607 5348 naturam
632 5293 823 5366 (Rom.
856 5296 908 5350 1.
937 5294 1068 5366 26).
1098 5294 1386 5364 Propterea
1408 5295 1460 5350 in
1491 5297 1593 5350 hoc
1619 5310 1680 5352 se
1703 5310 1955 5352 sermone

371 5394 606 5452 exercet,
637 5386 740 5442 hoc
767 5387 940 5458 ipsum
971 5386 1278 5452 ostendens,
1311 5395 1366 5443 et
1389 5387 1528 5458 quod
1554 5388 1686 5443 nihil
1720 5388 1951 5444 alienum

365 5479 676 5548 constituat,
699 5479 946 5550 quodque
968 5477 1108 5550 apud
1125 5477 1342 5534 Grrecos
1363 5480 1540 5534 omnia
1561 5480 1677 5548 eius
1704 5480 1954 5535 novitatis

369 5571 499 5634 sint,
545 5586 664 5642 quae
707 5580 791 5627 est
831 5580 1029 5642 praeter
1069 5579 1334 5625 naturam.
1377 5569 1468 5625 Sic
1496 5579 1550 5626 et
1583 5571 1955 5627 Cbristushoc

369 5663 546 5731 ipsum
595 5665 972 5734 comprobans,
1019 5663 1232 5720 dicebat
1273 5681 1286 5717 :
1322 5663 1659 5734 Quaecumque
1706 5664 1858 5718 vultis
1900 5673 1956 5717 ut

370 5759 562 5822 faciant
585 5761 722 5815 vobis
738 5759 984 5818 homines.
1003 5768 1050 5814 et
1076 5774 1161 5814 vos
1179 5757 1331 5830 facite
1351 5756 1474 5829 ipsis
1493 5755 1706 5828 (Matth.
1733 5758 1786 5812 7.
1821 5757 1912 5828 12)
1934 5773 1948 5822 ;

2028 442 2334 511 significans
2355 459 2414 497 se
2436 442 2568 498 nihil
2600 460 2795 498 novum
2824 442 3094 500 inducere.
3123 443 3211 499 l6.
3236 444 3297 500 Si
3317 445 3434 514 quis
3454 457 3626 498 autem

2027 534 2220 586 ridetur
2249 537 2586 588 contentiosus
2619 551 2746 604 esse,
2775 552 2867 588 nos
2897 535 3046 589 talem
3076 537 3494 590 consuetudinem
3520 551 3628 589 non

2030 625 2286 688 habemus,
2322 643 2477 692 neque
2517 625 2760 678 Ecclesia:
2807 625 2925 680 Dei.
2979 627 3076 680 Est
3099 642 3230 696 ergo
3258 627 3628 682 contentionis

2031 724 2215 769 etnon
2247 717 2469 770 rationis
2514 715 2598 770 his
2628 717 2904 772 resistere.
2950 716 3217 773 Caeterum
3274 720 3354 774 sic
3409 733 3630 787 quoque

2031 807 2356 862 moderatam
2391 808 2517 864 fecit
2537 809 2978 878 inerepationem,
3009 821 3064 864 ut
3089 812 3178 882 qui
3207 812 3495 880 plurimum
3530 827 3632 881 pu-

2029 896 2176 952 doris
2219 898 2501 953 immiserit
2526 916 2538 952 :
2568 901 2710 969 quod
2740 901 2901 955 etiam
2937 903 3237 970 graviorem
3272 902 3632 957 fecitoratio—

2033 1004 2172 1042 nem.
2201 988 2309 1043 Nos
2331 990 2493 1056 enim,
2525 991 2713 1060 inquit,
2745 991 2901 1045 talem
2927 993 3364 1047 consuetudinem
3390 1008 3499 1046 non
3535 993 3633 1046 ba-

2031 1078 2238 1146 bemus,
2259 1087 2314 1134 ut
2330 1079 2716 1135 contendamus
2733 1090 2786 1137 et
2807 1082 3072 1151 litigemus
3095 1092 3150 1138 et
3166 1084 3633 1138 contradicamus.

2031 1169 2212 1240 Neque
2248 1180 2424 1225 tamen
2458 1171 2716 1226 hactenus
2743 1173 3009 1239 substitit,
3037 1173 3132 1229 sed
3177 1174 3479 1244 subiunxit,
3516 1171 3634 1226 Νι-

2030 1277 2125 1330 que
2157 1261 2396 1317 Ecclesia:
2428 1261 2546 1330 Dei,
2570 1263 2860 1319 ostendens
2898 1264 3020 1320 illos
3061 1263 3159 1318 toti
3189 1275 3456 1319 terrarum
3513 1263 3636 1316 orbi

2030 1356 2291 1411 obsistere
2311 1365 2365 1412 et
2391 1356 2683 1424 adversari,
2709 1373 2814 1412 non
2831 1357 3106 1414 cedentes.
3130 1357 3238 1414 Sed
3259 1358 3476 1412 etiamsi
3507 1365 3638 1409 tunc

2031 1447 2418 1502 contenderent
2441 1446 2726 1514 Corinthii,
2781 1463 2924 1503 nunc
2969 1459 3113 1504 totus
3171 1461 3433 1504 terrarum
3482 1447 3639 1500 orbis

2034 1537 2170 1590 hanc
2200 1537 2368 1607 legem
2396 1546 2450 1593 et
2478 1540 2685 1610 accepit
2711 1549 2767 1595 et
2792 1542 3042 1596 observat
3063 1559 3076 1596 :
3098 1549 3238 1595 tanta
3263 1549 3345 1595 est
3365 1539 3639 1595 Crucitixi

2031 1634 2290 1696 potestas.

2105 1719 2156 1773 6.
2183 1717 2288 1773 Sed
2306 1733 2496 1774 vereor
2515 1735 2602 1786 ne,
2623 1719 2724 1776 hoc
2741 1730 2962 1792 accepto
2984 1723 3186 1789 habitu,
3202 1723 3456 1793 cperibus
3473 1737 3638 1792 qum-

2033 1811 2153 1864 dam
2181 1826 2248 1865 ex
2269 1812 2582 1867 mulieribus
2611 1814 2948 1882 impudenter
2993 1829 3053 1870 se
3092 1829 3280 1885 gerere
3305 1814 3638 1884 deprehen-

2034 1903 2246 1970 dantur,
2299 1912 2355 1960 et
2380 1905 2483 1959 alio
2513 1905 2673 1960 modo
2699 1905 2946 1962 detectae.
2995 1905 3118 1961 Ideo
3146 1907 3285 1962 enim
3328 1905 3641 1959 Timotheo

2035 2007 2245 2062 quoque
2271 1995 2510 2050 scribens
2541 1996 2753 2061 Paulus,
2776 2012 2878 2050 non
2901 1998 3032 2051 satis
3060 1997 3238 2050 habuit
3258 1997 3367 2050 hsce
3388 1997 3637 2056 dixisse,

2035 2087 2129 2141 sed
2159 2087 2260 2140 alia
2289 2087 2482 2156 adjecit
2508 2087 2692 2143 dicens
2723 2105 2736 2143 :
2764 2087 2830 2142 In
2859 2089 3033 2142 habitu
3077 2100 3254 2142 ornato
3283 2107 3392 2141 cum
3421 2090 3642 2158 pudore

2035 2189 2081 2230 et
2105 2179 2346 2232 modestia
2371 2190 2606 2234 ornantes
2633 2197 2704 2245 se,
2737 2198 2838 2234 non
2866 2182 2917 2234 in
2945 2183 3088 2234 tortis
3133 2181 3351 2233 crinibus
3376 2191 3470 2233 ant
3502 2197 3640 2232 astro

2040 2269 2115 2339 (l.
2143 2267 2272 2321 Tim.
2297 2269 2351 2324 2.
2380 2269 2458 2339 9).
2490 2270 2622 2324 Nam
2646 2272 2690 2326 si
2715 2286 2820 2324 non
2849 2281 3060 2341 Oportet
3091 2271 3285 2325 nudum
3309 2281 3475 2338 caput
3527 2272 3634 2325 ha-

2038 2359 2188 2425 bere,
2223 2360 2318 2415 sed
2365 2361 2712 2431 subiectionis
2761 2363 2970 2430 signum
3003 2363 3197 2432 ubique
3241 2363 3638 2425 circumferre;

2037 2453 2207 2507 multo
2247 2453 2414 2522 magis
2465 2469 2559 2523 per
2601 2469 2761 2522 opera
2800 2454 2902 2509 hoc
2929 2455 3219 2509 ostendere
3251 2466 3486 2523 oportet.
3543 2455 3640 2509 Sic

2037 2555 2183 2601 certe
2233 2547 2421 2616 priscae
2464 2547 2715 2601 mulieres
2765 2557 2818 2601 et
2847 2547 3091 2600 dominos
3139 2548 3279 2600 viros
3331 2546 3635 2610 vocabant,

2037 2646 2090 2690 et
2130 2638 2326 2706 primas
2379 2638 2507 2708 ipsis
2549 2637 2934 2692 concedebant.
2977 2635 3109 2691 Nam
3141 2645 3195 2691 et
3227 2637 3320 2701 illi,
3371 2637 3636 2704 inquies,

2038 2741 2234 2782 uxores
2262 2742 2386 2782 suas
2410 2728 2678 2782 amabant.
2701 2729 2811 2782 Hoc
2838 2729 2962 2782 novi
2994 2743 3093 2782 nec
3123 2729 3309 2798 ignoro
3333 2746 3345 2781 :
3370 2729 3464 2783 sed
3501 2745 3635 2783 cum

2041 2827 2094 2874 te
2118 2817 2186 2873 de
2214 2819 2278 2873 iis
2305 2834 2422 2889 qua:
2471 2819 2561 2873 tibi
2607 2820 2934 2874 conveniunt
2961 2819 3330 2882 admonemus,
3364 2833 3470 2872 n0n
3506 2835 3640 2889 qua:

2040 2910 2247 2966 illorum
2278 2920 2404 2965 sunt
2447 2920 2678 2980 spectes.
2733 2910 2864 2965 Nam
2891 2926 3010 2966 cum
3042 2925 3236 2980 pueros
3268 2909 3639 2965 adhortantur

2040 3005 2373 3074 dicimusque
2395 3013 2450 3059 ut
2479 3005 2789 3075 parentibus
2815 3005 3334 3073 obsequantur,quia
3357 3003 3638 3072 scripturn

2040 3107 2122 3150 est
2149 3113 2162 3152 ε
2201 3095 2409 3150 Honora
2435 3107 2628 3166 patrem
2649 3107 2793 3150 tuum
2817 3105 2862 3150 et
2888 3106 3098 3149 matrem
3133 3105 3268 3148 luant
3295 3093 3499 3165 (Exod.
3535 3095 3636 3150 20.

2043 3187 2165 3259 12);
2197 3188 2380 3243 dicunt
2403 3188 2477 3242 illi
2507 3188 2682 3254 nobis,
2713 3187 2900 3244 Profer
2924 3189 3087 3243 etiam
3140 3203 3202 3242 ea
3231 3203 3348 3258 quae
3376 3203 3638 3256 sequun-

2045 3288 2170 3335 tur:
2214 3278 2314 3334 Vos
2353 3281 2913 3350 quoquepatres,nolite
2937 3278 3004 3332 ad
3028 3279 3158 3332 iram
3184 3295 3454 3348 provocare
3488 3280 3643 3347 ﬁlios

2045 3380 2230 3426 uestros
2251 3369 2467 3442 (Ep/tes.
2499 3370 2554 3426 6.
2585 3370 2664 3440 4).
2687 3371 2893 3425 Etcum
2925 3371 3094 3424 servis
3121 3370 3342 3423 dicimus
3362 3371 3641 3438 scriptum

2044 3478 2185 3530 esse,
2213 3463 2354 3533 quod
2383 3463 2736 3519 obcdiendum
2757 3463 2826 3518 sit
2851 3462 3100 3528 dominis,
3126 3478 3298 3529 neque
3319 3462 3382 3515 ad
3410 3464 3641 3517 oculum

2046 3555 2384 3610 serviendum
2413 3570 2533 3610 esse
2558 3555 2662 3609 illis
2686 3553 2819 3623 (Col.
2853 3555 2906 3609 3.
2944 3553 3066 3624 '52);
3098 3564 3152 3609 et
3179 3555 3252 3608 illi
3279 3569 3464 3608 rursus
3511 3571 3644 3625 qua:

2046 3659 2346 3717 sequuntur
2373 3664 2404 3702 a
2428 3647 2582 3702 nobis
2625 3648 2862 3718 exigunt,
2886 3646 3136 3716 iubentes
3158 3647 3384 3701 dominis
3415 3663 3644 3716 quoque

2048 3741 2235 3797 eadem
2281 3740 2525 3796 suadere.
2571 3739 2703 3795 Nam
2747 3739 2850 3794 illis
2899 3754 3133 3808 quoque,
3173 3738 3438 3808 inquiunt,
3484 3754 3644 3807 pra:-

2049 3834 2192 3904 cepit
2218 3832 2434 3898 Paulus,
2481 3831 2652 3885 minas
2681 3831 2973 3884 remittere.
3007 3829 3113 3884 Sed
3153 3843 3220 3883 ne
3244 3829 3319 3883 sic
3346 3828 3640 3894 faciamus,

2049 3940 2223 3995 neque
2251 3939 2313 3978 ea
2338 3939 2455 3993 qua:
2480 3922 2600 3976 aliis
2620 3931 2886 3992 praecepta
2913 3929 3038 3974 sunt
3061 3935 3380 3990 quaeramus,
3417 3922 3643 3988 quando

2050 4016 2118 4071 de
2149 4017 2212 4070 iis
2237 4030 2356 4085 qua:
2371 4015 2437 4068 ad
2462 4029 2560 4068 nos
2583 4015 2852 4084 pertinent
2872 4028 3223 4077 aceusamur;
3265 4028 3438 4082 neque
3462 4014 3638 4075 enim,

2051 4108 2098 4164 si
2128 4108 2332 4164 socium
2359 4107 2643 4161 criminum
2668 4106 2919 4175 accipias,
2939 4121 2966 4159 a
2985 4106 3139 4176 culpa
3163 4105 3508 4159 liberabor-is:
3542 4106 3638 4159 sed

2052 4199 2154 4254 hoc
2203 4213 2364 4252 unum
2391 4206 2574 4266 specta
2622 4206 2680 4252 ut
2722 4205 2775 4252 te
2817 4211 2846 4250 a
2885 4197 3204 4251 criminibus
3243 4197 3463 4252 liberes.
3498 4196 3637 4251 Nam

2053 4292 2222 4346 Adam
2257 4292 2308 4344 in
2337 4290 2619 4345 mulierem
2655 4289 2866 4358 culpam
2895 4288 3192 4352 referebat,
3225 4298 3280 4343 et
3305 4289 3392 4342 illa
3424 4303 3642 4343 rursum

2055 4382 2110 4437 in
2139 4389 2471 4450 serpentem;
2504 4380 2596 4435 sed
2622 4396 2727 4434 non
2757 4379 2879 4433 illos
2906 4379 3008 4433 hoc
3034 4378 3250 4448 eripuit.
3274 4378 3350 4433 Ne
3381 4381 3564 4449 itaque
3585 4389 3638 4433 tu

2056 4475 2158 4530 hoc
2184 4474 2313 4528 mihi
2346 4488 2485 4528 nunc
2513 4472 2678 4536 dicas,
2728 4471 2822 4526 sed
2849 4479 3002 4541 grato
3020 4486 3140 4526 cum
3168 4472 3349 4525 animo
3375 4487 3494 4541 qua:
3521 4487 3637 4525 ma-

2055 4568 2160 4621 rito
2199 4566 2364 4620 debes
2407 4575 2661 4634 praestare
2698 4579 2873 4619 cures.
2904 4563 3037 4618 Nam
3065 4574 3117 4618 et
3143 4565 3359 4634 quando
3388 4565 3636 4619 maritum

2057 4666 2205 4712 tuum
2234 4657 2496 4726 alloquor,
2525 4655 2814 4711 adhortans
2857 4663 2917 4709 ut
2940 4665 2992 4709 te
3035 4655 3218 4725 diligat
3257 4665 3312 4710 et
3344 4656 3416 4709 tui
3456 4671 3636 4710 curam

2056 4756 2226 4820 gerat,
2273 4763 2378 4802 non
2425 4747 2543 4802 sino
2583 4746 2728 4800 illum
2781 4745 2834 4799 in
2865 4745 3096 4800 medium
3128 4745 3317 4800 aﬂ’erre
3351 4747 3522 4816 legem
3575 4747 3639 4800 de

2059 4842 2281 4896 muliere
2310 4841 2490 4902 latam,
2537 4838 2632 4893 sed
2677 4838 2849 4908 legem
2879 4837 2947 4892 de
2975 4837 3068 4895 illo
3094 4837 3347 4907 scriptam
3402 4839 3638 4906 requiro.

2060 4939 2124 4992 Et
2150 4947 2206 4990 tu
2233 4936 2392 5006 igitur
2420 4948 2505 4997 ea,
2540 4947 2659 5002 qua:
2684 4931 2752 4986 ad
2784 4938 2836 4986 te
2870 4938 3135 5001 spectant,
3177 4931 3292 4985 sola
3320 4932 3534 4986 curiose
3562 4931 3638 4985 in-

2058 5029 2229 5097 quire,
2257 5035 2312 5080 et
2339 5034 2392 5080 te
2418 5023 2631 5094 coniugi
2668 5023 2990 5092 morigeram
3017 5021 3216 5091 praebe.
3251 5021 3384 5075 Nam
3424 5022 3472 5076 si
3513 5035 3638 5091 pro-

2060 5128 2176 5188 pter
2203 5118 2371 5172 Deum
2420 5116 2612 5169 marito
2661 5115 2994 5184 obsequeris,
3021 5129 3090 5168 ne
3135 5113 3264 5167 mibi
3297 5113 3539 5184 proferas
3578 5129 3636 5168 ea

2059 5225 2178 5280 qua:
2209 5209 2322 5278 ipse
2348 5215 2608 5277 praestare
2630 5205 2824 5270 debet;
2847 5205 2943 5260 sed
2963 5221 3026 5260 ea
3049 5205 3247 5275 quibus
3276 5215 3328 5259 te
3353 5206 3634 5259 obnoxiam

2061 5299 2335 5370 legislator
2363 5297 2513 5364 fecit,
2553 5296 2670 5352 haec
2697 5295 2981 5366 diligenter
3007 5309 3322 5365 exsequere.
3362 5295 3473 5349 Hoc
3499 5296 3634 5349 enim

2059 5401 2144 5448 est
2172 5391 2404 5446 maxime
2433 5391 2545 5445 Deo
2573 5389 2970 5458 obtemperare,
3013 5388 3224 5443 etiamsi
3252 5388 3517 5442 contraria
3543 5402 3632 5455 pa-

2062 5483 2232 5548 tiaris,
2260 5482 2433 5552 legem
2457 5495 2565 5536 non
2585 5479 2906 5550 transgredi.
2937 5477 3062 5533 Ideo
3083 5481 3225 5533 enim
3254 5478 3342 5545 qui
3378 5493 3436 5531 se
3458 5493 3633 5530 aman-

2062 5585 2168 5630 tem
2212 5582 2376 5640 amat,
2424 5571 2556 5627 nihil
2585 5571 2762 5641 magni
2795 5569 2972 5624 facere
3013 5569 3263 5623 videtur:
3290 5569 3379 5636 qui
3411 5583 3539 5620 vero
3579 5581 3638 5620 se

2061 5665 2329 5721 odientcm
2355 5663 2505 5728 colit,
2535 5662 2622 5718 hic
2649 5662 2882 5717 maxime
2905 5669 2988 5717 est
3007 5661 3094 5730 qui
3116 5670 3418 5716 coronatur.
3441 5656 3637 5709 Eodem

2064 5770 2274 5828 quoque
2297 5754 2457 5812 modo
2483 5761 2538 5810 tu
2566 5762 2743 5810 tecum
2767 5761 2974 5826 reputa,
3003 5751 3144 5823 quod
3175 5752 3220 5807 si
3249 5747 3640 5810 molestumttbi
