3826 6216
208 244 283 323 ειο
1041 263 1109 319 1N
1145 262 1364 320 EPIST.
1417 266 1439 319 ι
1496 263 1586 317 AD
1622 262 1657 319 C

1759 305 1780 315 ..
1823 262 2061 319 HOMIL.
2102 266 2295 325 XXVI.

202 381 345 445 ὶπάγει
366 373 441 445 τὴν
461 373 742 446 διόρθωσιν,
776 376 965 446 λέγων·
993 378 1166 447 Πλὴν
1191 379 1329 433 οὔτε
1358 377 1515 446 ἀνὴρ
1544 396 1657 448 χω-

193 466 265 532 ρίς
280 458 512 532 γυναικὸς,
538 460 671 513 οὔτε
698 461 852 529 γυνὴ
898 462 1071 531 χωρὶς
1102 463 1321 531 ἀνδρὸς
1344 465 1414 516 ἐν
1440 462 1651 531 Κυρίῳ.

192 548 258 614 Μὴ
295 542 379 613 γάρ
415 558 502 612 μοι,
540 544 689 611 φησὶ,
732 544 801 598 τὰ
833 544 1025 615 πρῶτα
1069 546 1286 611 ἐξέταζε
1324 547 1480 616 μόνα.
1524 546 1659 617 μηδέ

190 630 261 697 τὴν
280 625 562 695 δημιουργίαν
591 624 821 695 ἐκείνην
860 626 925 680 ἂν
958 627 1067 697 γὰρ
1095 625 1163 679 τὰ
1196 629 1334 697 μετά
1361 626 1533 681 ταῦτα
1564 629 1659 698 ζη-

184 716 274 779 τῇς,
297 708 503 777 ἑκάτερος
530 707 785 777 ἐκατέρου
819 708 1010 773 αἴτιος,
1042 709 1244 779 μᾶλλον
1264 709 1320 763 δὲ
1344 710 1462 762 οὑδὲ
1487 709 1660 772 οὕτως

183 796 381 863 ἑκάτερος
412 789 659 861 ἐκατέρου,
688 791 803 844 ἀλλ’
825 794 853 845 6
886 792 1017 855 Θεὸς
1053 792 1308 846 ἁπάντων
1330 809 1342 822 °
1370 793 1448 845 διό
1475 810 1656 863 φησιν,

183 879 297 930 θῦτε
318 873 440 941 ἀνὴρ
459 872 614 940 χωρὶς
641 874 941 942 γυναικὸς,
979 874 1120 927 οὔτε
1156 874 1310 943 γυνὴ
1349 874 1524 943 χωρὶς
1551 874 1660 928 ἀν-

178 960 287 1028 δρὸς
307 957 364 1010 ἐν
390 958 567 1023 Κυρίῳ.
598 957 827 1025 Ὠσπερ
854 960 963 1026 γὰρ
1012 958 1050 1025 h
1102 957 1255 1027 γυνὴ
1307 958 1375 1011 ἐκ
1410 957 1517 1010 τοῦ
1551 958 1657 1011 άν-

176 1044 298 1111 ὃρὸς,
322 1040 448 1093 οὕτω
473 1038 553 1092 καὶ
576 1042 608 1093 ό
644 1039 801 1107 ἀνὴρ
828 1040 926 1092 διὰ
957 1039 1069 1107 τῆς
1102 1043 1406 1110 γυναικός.
1443 1040 1557 1093 Οὐκ
1585 1036 1661 1093 εῐ-

171 1145 267 1181 πεν.
293 1122 370 1177 Ἐκ
383 1124 465 1193 τῆς
488 1123 755 1191 γυναικὸς,
784 1122 918 1176 ἀλλά
941 1124 1126 1189 πάλιν,
1169 1124 1264 1176 Ἐκ
1286 1124 1394 1177 τοῦ
1416 1124 1655 1191 ἀνδρός·

168 1212 230 1263 ἔτι
261 1208 349 1277 γὰρ
377 1205 487 1258 αὐτὸ
521 1205 675 1259 τοῦτο
706 1206 964 1276 ἀκέραιον
998 1206 1149 1276 μένει
1191 1206 1345 1276 παρά
1375 1207 1453 1276 τῷ
1483 1206 1655 1276 ἀνδρί.

177 1291 287 1344 Ἀλλ’
309 1290 360 1341 οὐ
393 1288 473 1340 τοῦ
505 1287 687 1359 ἀνδρὸς
736 1288 913 1342 ταῦτα
953 1290 1023 1342 τὰ
1067 1288 1491 1359 κατορθώματα,
1522 1288 1659 1342 ἀλλά

160 1373 234 1428 τοῦ
265 1370 396 1426 Θεοῦο
434 1371 502 1423 διὸ
542 1372 632 1423 καὶ
679 1371 947 1441 ἐπήγαγε,
993 1371 1070 1425 Τὰ
1098 1372 1167 1425 δὲ
1193 1370 1391 1423 πάντα
1433 1371 1503 1424 ἐκ
1552 1369 1659 1424 τοῦ

159 1457 298 1513 θεοῦ.
319 1456 372 1508 Εἰ
391 1455 544 1507 τοίνυν
566 1453 660 1507 τοῦ
688 1454 822 1507 Θεοῦ
853 1456 921 1508 τὰ
946 1456 1142 1520 πάντα,
1174 1455 1339 1517 αὐτὸς
1363 1454 1419 1507 δὲ
1446 1453 1658 1507 κελεύει

155 1543 308 1603 ταῦτα,
340 1538 500 1590 πείθου
545 1538 636 1591 καὶ
673 1538 745 1607 μὴ
776 1537 1044 1606 ἀντίλεγε.
1107 1538 1209 1591 Ἑν
1264 1536 1407 1605 ὑμῖν
1455 1535 1659 1601 αὐτοῖς

155 1626 369 1692 κρίνατε,
409 1619 617 1689 πρέπον
665 1620 797 1673 ἐστί
847 1621 1103 1689 γυναῖκα
1153 1621 1659 1675 ἀκατακάλυπτον

155 1706 208 1771 τῷ
242 1702 349 1769 Θεῷ
382 1704 842 1771 προσεύχεσθαι;
882 1704 1049 1757 Πάλιν
1079 1703 1275 1767 αὑτοὺς
1316 1701 1527 1765 καθίζει
1578 1702 1657 1755 δι-

155 1790 320 1851 ιαστᾶς
344 1788 439 1840 τῶν
467 1788 783 1859 λεγομένων,
808 1788 941 1860 ὅπερ
983 1788 1077 1842 καί
1110 1788 1202 1840 ἐπὶ
1234 1788 1340 1840 τῶν
1374 1787 1658 1840 εἰδωλοθύ-

156 1892 228 1925 των
254 1871 477 1941 ἐποίησε·
516 1873 604 1923 καὶ
630 1871 738 1942 γὰρ
783 1872 899 1923 ἐκεῖ
952 1890 1106 1943 φησι,
1134 1871 1383 1939 Κρίνατε
1416 1870 1585 1940 ὑμεῖς
1625 1871 1659 1924 ὅ

155 1973 291 2025 ῖημιο
325 1957 412 2010 καὶ
447 1955 687 2019 ἐνταῦθα,
733 1958 829 2009 Ἐν
854 1957 997 2027 ὑμῖν
1031 1958 1234 2023 αὐτοῖς
1272 1956 1529 2025 κρίνατε·
1564 1955 1657 2009 καί

160 2038 541 2111 εφοόερώτερον
584 2037 879 2093 αἰνίττεται
904 2040 1157 2093 ἐνταῦθα’
1200 2039 1299 2111 τὴν
1348 2038 1457 2109 γὰρ
1499 2038 1656 2110 ὓϐριν

156 2122 338 2175 νταῦθα
371 2123 445 2185 εἰς
480 2122 564 2175 τὸν
598 2122 730 2174 Θεόν
765 2139 898 2192 φησι
940 2122 1258 2176 διαϐαίνειν.
1324 2121 1463 2174 Ἀλλ’
1514 2121 1657 2177 οὕτω

156 2209 210 2258 ἐν
238 2204 294 2257 οὔ
323 2222 496 2274 φησιν,
521 2203 865 2275 ἡμερώτερον
901 2204 959 2257 δέ
993 2222 1109 2267 πως
1135 2207 1230 2259 καὶ
1257 2206 1657 2276 αἰνιγματωδέ-

155 2306 290 2359 τερον
340 2288 518 2356 λέγων·
550 2288 786 2353 Πρέπον
826 2287 957 2341 ἐστὶ
997 2287 1251 2357 γυναῖκα
1279 2289 1657 2343 ἀκατακάλυ-

156 2390 251 2425 τον
277 2370 356 2435 τῷ
390 2368 501 2435 Θεῷ
527 2371 968 2439 προσεύχεσθαι
992 2387 1010 2433 ;
1045 2374 1121 2426 Ἦ
1144 2371 1288 2425 οὐδὲ
1306 2372 1457 2440 αὕτη
1479 2373 1518 2440 ἡ
1547 2373 1657 2439 φύ-

156 2475 196 2520 ες
254 2453 410 2523 ὑμᾶς
462 2452 743 2519 διδάσκει,
794 2452 883 2506 ὅτι
941 2453 1095 2521 ἀνὴρ
1138 2453 1256 2523 μὲν
1311 2454 1420 2507 ἐὰν
1478 2453 1652 2523 κομᾷ,

155 2539 289 2607 -ιμία
322 2534 477 2601 αὺτῷ
505 2538 649 2590 ἐστι·
681 2534 835 2605 γυνὴ
864 2535 931 2588 δὲ
963 2536 1072 2590 ἐὰν
1106 2536 1280 2605 κομᾷ,
1319 2536 1470 2602 δόξα
1501 2536 1655 2606 αὐτῇ

155 2638 256 2685 ·τι,·
286 2618 373 2671 ὅτι
398 2620 434 2687 ἡ
456 2621 600 2688 κόμη
625 2618 755 2673 ἀντὶ
782 2619 1163 2684 περιϐολαίου
1201 2619 1436 2673 δέδοται
1476 2619 1652 2688 αὐτῇ.

167 2720 266 2772 περ
294 2702 382 2755 ἀεὶ
418 2703 570 2764 ποιεῖ,
596 2702 807 2762 κοινοὺς
829 2699 1119 2770 λογισμοὺς
1146 2701 1332 2766 τιθεὶς,
1372 2701 1531 2754 τοῦτο
1562 2703 1657 2755 καὶ

155 2784 317 2837 ταῦθα
361 2782 507 2855 [2255]
549 2783 858 2853 ἐργάζεται,
897 2785 991 2835 ἐπὶ
1018 2783 1116 2852 τὴν
1147 2784 1331 2853 κοινὴν
1370 2784 1656 2853 συνήθειαν

155 2868 461 2936 ταφεύγων,
495 2866 587 2919 καὶ
623 2866 827 2936 σφόδρα
857 2866 1133 2937 ἐντρέπων
1185 2867 1312 2927 τοὺς
1359 2866 1658 2936 ἀναμένον-

155 2970 175 3015 ;
205 2955 386 3004 ταῦτα
417 2949 700 3021 μανθάνειν
734 2950 867 3021 παρ’
896 2948 1085 3015 αὑτοῦ,
1108 2948 1143 3003 ἃ
1170 2951 1265 3002 καὶ
1290 2950 1398 3002 ἀπὸ
1419 2949 1522 3019 τῆς
1546 2967 1658 3004 κοι-

155 3050 168 3092 ς
230 3030 527 3103 συνηθείας
584 3030 811 3082 δυνατὸν
873 3024 989 3099 [ἦν]
1048 3027 1358 3098 μανθάνειν
1420 3028 1489 3082 τὰ
1548 3028 1660 3101 γὰρ

155 3114 318 3177 αῦτα,
378 3112 507 3166 οὔτε
559 3111 855 3183 βαρϐάρως
904 3112 1178 3179 ἄγνωστα.
1238 3111 1350 3165 Καὶ
1394 3112 1497 3182 ὅρα
1542 3112 1669 3175 πῶς·

155 3196 352 3267 ιταχοῦ
412 3194 727 3265 πληκτικῶς
784 3196 1049 3265 κέχρηται
1116 3196 1237 3257 ταῖς
1274 3194 1484 3259 λέξεσι*
1534 3194 1661 3261 Πᾶς

156 3284 217 3348 7p
252 3279 757 3348 προσευχόμενος
807 3277 1282 3330 κατακαλύπτειν
1313 3276 1500 3342 αὐτοῦ
1545 3277 1660 3344 τὴν

155 3364 373 3427 ιαλὶεν,
424 3362 814 3429 καταισχύνει
866 3359 981 3429 τὴν
1013 3359 1290 3429 κεφαλὴν
1323 3360 1539 3415 αὐτοῦ·
1565 3361 1659 3414 καὶ

156 3465 243 3510 ιν,
278 3447 360 3499 El
394 3444 461 3497 δὲ
490 3445 747 3513 αἰσχρὸν
776 3444 1011 3514 γυναικί
1049 3444 1349 3511 κείρεσθαι
1388 3444 1426 3512 ἢ
1477 3442 1658 3512 ξυρᾶ-

155 3546 212 3591 ιι,
245 3527 840 3580 κατακαλυπτέσθω
882 3526 977 3580 καὶ
1005 3526 1240 3580 ἐνταῦθα
1275 3526 1455 3591 πάλιν,
1489 3524 1659 3593 Ἀνὴρ

195 3610 324 3663 ἐὰν
356 3607 540 3677 κομᾷ,
577 3609 775 3676 ἀτιμία
808 3607 965 3672 αὐτῷ
1003 3607 1134 3660 ἐστι
1164 3621 1177 3636 ·
1235 3607 1390 3677 γυνὴ
1445 3606 1514 3658 δὲ
1551 3606 1660 3660 ἐὰν

156 3692 219 3757 ᾇ,
267 3691 439 3755 δόξα
465 3690 621 3759 αὐτῇ
652 3691 842 3756 ἐστιν,
870 3690 959 3743 ὅτι
988 3690 1027 3757 ἡ
1061 3690 1211 3757 κόμη
1262 3688 1398 3744 ἁντί
1431 3690 1661 3757 περιϐο-

156 3792 223 3828 >υ
287 3773 568 3829 δέδοται.
610 3774 717 3827 Καὶ
766 3776 813 3825 εἰ
861 3773 983 3825 ἀντὶ
1030 3771 1379 3841 περιϐολαίου
1427 3772 1656 3838 δέδοται,

155 3898 185 3922 ,,
217 3858 395 3919 τίνος
435 3856 626 3909 ἕνεκεν
656 3854 736 3908 δεῖ
773 3854 1116 3925 περιὸόλοιιον
1154 3856 1341 3927 ἕτερον
1371 3853 1659 3926 προστιθέ-

178 3940 380 3992 "acts
419 3940 499 4008 μὴ
533 3937 643 3991 ἀπὸ
682 3940 778 4008 τῆς
817 3937 1031 4007 φύσεως
1066 3938 1245 4009 μόνον,
1270 3937 1406 3991 ἀλλά
1433 3940 1525 3991 καὶ
1551 3936 1660 3990 ἀπὸ

155 4022 582 4094 προαιρέσεως
609 4022 708 4091 τὴν
744 4022 1025 4091 ὑποταγὴν
1056 4021 1360 4091 ὁμολογεῖν.
1397 4020 1519 4074 Ὅτι
1550 4020 1658 4093 γὰρ

160 4124 190 4158 ε
241 4104 683 4167 καλύπτεσθαι,
712 4103 1056 4175 προλαϐοῦσα
1083 4105 1177 4157 καί
1207 4106 1241 4175 ἡ
1272 4103 1435 4173 φύσις
1465 4106 1657 4174 ἐνομο-

155 4206 245 4242 re.
282 4186 610 4258 Προστίθει
632 4188 807 4240 τοίνυν
831 4188 925 4240 καὶ
944 4186 1011 4240 τὰ
1035 4186 1184 4256 παρά
1209 4187 1432 4257 σαυτῆς,
1470 4187 1557 4240 ἵνα
1584 4185 1659 4258 μὴ

155 4290 165 4331 :
204 4273 330 4324 καὶ
365 4272 507 4333 τοὺς
532 4270 636 4341 τῆς
666 4269 881 4337 φύσεως
917 4269 1250 4340 ἀνατρέπειν
1281 4270 1495 4340 νόμους·
1522 4271 1659 4340 ὅπερ

155 4355 222 4423 ἧς
287 4355 467 4405 ἐστιν
511 4352 858 4423 ἰταμότητος,
903 4352 977 4421 μὴ
1012 4351 1173 4421 μόνον
1194 4352 1348 4422 ἡμῖν,
1389 4352 1525 4406 ἀλλά
1565 4353 1660 4406 καὶ

155 4440 290 4490 ἱσει
347 4435 688 4492 πυκτεύειν.
718 4437 808 4489 Διὸ
838 4436 933 4489 καὶ
974 4435 1247 4500 Ἰουδαίοις
1274 4437 1303 4487 6
1332 4436 1464 4500 Θεὸς
1496 4437 1659 4505 ἐγκα-

161 4521 400 4588 λεγεν,
437 4519 760 4587 Ἔσφαεας
787 4520 931 4585 τοὺς
956 4518 1126 4585 υἱούς
1152 4534 1268 4572 σου
1289 4519 1388 4571 καὶ
1424 4519 1531 4584 τὰς
1557 4522 1659 4572 θυ-

156 4620 279 4668 ›ας
334 4617 499 4656 σου·
540 4603 720 4657 τοῦτο
753 4602 913 4671 παρά
942 4602 1138 4656 πάντα
1172 4603 1244 4657 τὰ
1269 4603 1659 4672 ωελύγματά

164 4689 321 4739 Καὶ
364 4688 498 4748 τοῖς
533 4687 688 4757 παρά
720 4686 1010 4757 Ῥωμαίοις
1035 4685 1412 4754 ἀσελγαίνουσι
1444 4688 1604 4742 πάλιν
1630 4690 1659 4741 6

155 4789 213 4833 ις
285 4770 633 4838 ἐπιτιμῶν,
663 4769 835 4832 οὕτως
881 4768 1033 4836 αὔξει
1074 4769 1173 4839 τὴν
1210 4770 1541 4840 κατηγορίαν
1575 4771 1660 4823 λέ-

155 4856 265 4906 ὂτι
297 4853 382 4904 οὑ
416 4852 591 4923 παρὰ
621 4852 784 4922 νόμον
808 4852 899 4905 τὸν
923 4852 1017 4905 τοῦ
1040 4852 1176 4906 Θεοῦ
1202 4855 1382 4924 μόνον,
1405 4855 1538 4909 ἀλλά
1566 4857 1659 4913 καὶ

156 4935 392 5005 φύσιν
438 4936 479 5004 ἡ
511 4934 715 5005 χρῆσις
735 4929 822 5004 ἦν·
860 4934 1234 5002 Ἐνήλλαξαν
1266 4937 1377 5006 γὰρ
1406 4937 1519 5005 τὴν
1548 4956 1660 5007 ξου-

155 5036 163 5048 ο
211 5014 515 5085 χρῆσιν
563 5018 652 5081 εἰς
690 5015 807 5084 τὴν
831 5016 989 5085 παρὰ
1018 5018 1226 5087 φύσιν.
1260 5018 1359 5071 Διὰ
1398 5018 1462 5089 δὴ
1504 5019 1660 5073 τοῦτο

155 5098 402 5152 ταῢθα
430 5096 643 5151 τοῦτον
678 5099 941 5167 γυμνάζει
965 5100 1056 5153 τὸν
1087 5100 1266 5169 λόγον,
1300 5102 1458 5155 τοῦτό
1483 5121 1540 5155 τε
1569 5105 1662 5156 αὑ-

156 5184 388 5244 κνὺς,
426 5183 543 5234 καὶ
595 5183 676 5233 ὅτι
726 5183 876 5236 οὑδέν
919 5183 1067 5249 ξένον
1100 5185 1396 5253 νομοτεθεῖ,
1436 5188 1529 5240 καὶ
1577 5189 1659 5241 ὅτι

155 5267 446 5334 Ελλησι
486 5264 571 5317 τὰ
607 5265 708 5332 τῆς
738 5266 1088 5336 καινοτομίας
1115 5267 1330 5322 ἅπαντα
1376 5270 1473 5340 τῆς
1509 5269 1660 5340 παρὰ

184 5348 427 5403 Οὕτω
470 5349 584 5401 καὶ
643 5350 675 5401 6
714 5350 948 5420 Χριστὸς
999 5351 1157 5404 τοῦτο
1191 5352 1404 5415 δεικνὺς
1448 5354 1654 5422 ἔλεγεν·

155 5432 336 5485 ἐὰν
380 5429 635 5498 θέλητε
664 5431 765 5484 ἵνα
798 5431 1052 5487 ποιῶσιν
1080 5435 1219 5502 ὑμῖν
1254 5440 1306 5489 οἱ
1337 5436 1654 5505 ἄνθρωποι,

155 5515 329 5579 ιεῖς
376 5514 640 5568 ποιεῖτε
659 5516 884 5582 αὐτοῖς’
925 5516 1101 5587 δηλῶν
1147 5519 1233 5571 ὅτι
1274 5521 1427 5573 οὐδὲν
1468 5520 1654 5573 καινὸν

155 5617 324 5668 γει-
365 5599 456 5650 El
492 5596 577 5650 δέ
601 5616 691 5664 τις
718 5599 889 5654 δοκεῖ
908 5604 1246 5670 φιλόνεικος
1276 5599 1449 5665 εἶναι,
1484 5604 1656 5672 ἡμεῖς

3228 274 3333 332 2Ἷο

1761 395 1895 445 τοις,
1929 380 2025 434 καὶ
2054 381 2115 433 οὑ
2144 381 2430 452 λογισμοῦ·
2453 383 2593 455 πλὴν
2614 382 2749 436 ἀλλά
2777 384 2868 438 καὶ
2890 384 3032 438 οὕτω
3061 403 3334 458 μεμετρη-

1764 462 1934 531 μένην
1969 462 2070 533 τὴν
2105 464 2419 534 ἐπιτίμησιν
2438 465 2680 536 ἐποίησε,
2705 467 2925 521 πλείονα
2947 466 3045 537 τὴν
3073 470 3335 541 ἐντροπὴν

1758 543 1956 608 ἐνθεὶς,
1984 545 2013 597 ὃ
2054 545 2118 617 δὴ
2144 547 2239 601 καὶ
2270 546 2568 619 βαρύτερον
2601 549 2773 601 ἐποίει
2810 549 2902 601 τὸν
2929 550 3107 618 λόγον.
3145 553 3335 622 Ἡμεῖς

1758 627 1888 694 γὰρ,
1940 629 2094 698 φησὶ,
2152 630 2407 699 τοιαύτην
2458 631 2745 699 συνήθειαν
2802 633 2900 685 οὑκ
2943 633 3161 702 ἔχομεν,
3196 635 3336 688 ὥστε

1759 708 2080 778 φιλονεικεῖν
2152 713 2244 764 καί
2309 712 2508 783 ἐρίζειν
2572 714 2663 766 καὶ
2722 714 3154 769 ἀντιτάττεσθαι.
3226 718 3337 770 Καὶ

1758 792 1878 845 οὐδὲ
1919 794 2082 865 μέχρι
2115 795 2306 848 τούτου
2341 796 2490 865 ἔστη,
2538 797 2673 850 ἀλλά
2706 799 2798 850 καὶ
2841 800 3139 867 ἐπήγαγεν.
3184 799 3339 853 Οὐδὲ

1758 879 1818 928 αἱ
1881 876 2228 944 Ἐκκλησίαι
2283 879 2391 932 τοῦ
2451 880 2599 933 Θεοῦ
2629 894 2643 911 ⁸
2675 880 2887 944 δεικνὺς
2935 883 3015 933 ὅτι
3064 882 3213 954 πάσῃ
3269 886 3335 952 τῇ

1758 958 2051 1031 οἰκουμένῃ
2107 960 2487 1013 ἀντιπίπτουσι
2548 962 2642 1015 καὶ
2702 962 3088 1028 ἐναντιοῦνται,
3146 966 3220 1033 μὴ
3270 966 3339 1015 εἴη

1757 1058 1964 1105 κοντες.
2008 1042 2150 1096 Ἀλλ’
2191 1044 2240 1095 εἰ
2270 1044 2365 1096 καὶ
2396 1043 2515 1097 τότε
2556 1043 2920 1113 ἐφιλονείκουν
2959 1049 3007 1098 οἱ
3036 1048 3333 1116 Κορίνθιοι,

1758 1122 1855 1178 νῦν
1891 1125 2043 1178 πᾶσα
2092 1127 2125 1195 ή
2171 1126 2463 1197 οἰκουμένη
2508 1126 2599 1179 τὸν
2627 1127 2788 1197 νόμον
2841 1128 3027 1181 τοῦτον
3075 1130 3171 1181 καὶ
3208 1146 3336 1183 κατ-

1758 1206 1973 1273 εδέξατο
2016 1209 2108 1261 κειιί⁵
2155 1208 2424 1278 ἐφύλαξε’
2451 1210 2687 1281 τοσαύτη
2730 1210 2824 1264 τοῦ
2860 1210 3269 1281 παυρωθέντος
3299 1215 3332 1281 ἡ

1757 1290 2005 1360 δύναμις.

1833 1373 1905 1440 ς’.
1926 1376 2083 1430 Ἀλλά
2101 1376 2331 1437 δέδοικα,
2351 1378 2563 1448 μήποτε
2585 1379 2647 1433 τὸ
2668 1380 2852 1450 σχῆμα
2877 1379 3333 1450 καταδεξάμεναι,

1758 1457 1851 1510 ἐπὶ
1879 1456 1988 1511 τῶν
2019 1458 2195 1529 ἔργων
2229 1460 2526 1531 εὑρεθῶσιν
2556 1462 3010 1532 ἀναισχυντοῦσαι
3057 1462 3194 1517 ἔνιαι
3227 1464 3336 1517 τῶν

1757 1540 2053 1608 γυναικῶν,
2097 1543 2192 1595 καὶ
2246 1544 2761 1616 ἀνακεκαλυμμέναι
2798 1546 3019 1616 ἑτέρως.
3068 1546 3169 1600 Διὰ
3228 1548 3336 1618 γὰρ

1756 1624 1914 1676 τοῦτο
1945 1625 2039 1677 καὶ
2071 1624 2321 1695 Τιμοθέῳ
2353 1627 2579 1697 γράφων
2625 1628 2724 1679 οὑκ
2773 1628 3017 1701 ἠρκέσθη
3059 1629 3271 1693 τούτοις
3309 1632 3337 1684 6

1758 1707 1993 1773 Παυλος,
2034 1707 2146 1760 ἀλλ’
2196 1708 2359 1778 ἕτερα
2395 1710 2736 1780 προσέθηκεν
2766 1710 2963 1764 εἰπών·
3027 1713 3129 1766 Ἐν
3156 1730 3335 1765 xam-

1757 1788 1952 1858 στολῇ
1990 1791 2220 1859 κοσμίῳ
2240 1790 2391 1859 μετὰ
2433 1792 2639 1858 αἰδοῦς
2666 1793 2764 1846 καὶ
2800 1796 3205 1862 σωφροσύνῃ·
3237 1813 3333 1849 κο-

1758 1872 1935 1942 σμεῖν
1956 1874 2203 1940 ἑαυτὰς,
2228 1874 2313 1944 μὴ
2345 1875 2414 1929 ἐν
2447 1876 2788 1945 πλέγμασιν
2820 1878 2857 1944 ἢ
2886 1876 3112 1945 χρυσῷ.
3135 1878 3198 1931 Εἰ
3220 1878 3327 1949 γὰρ

1757 1955 1968 2027 γυμνὴν
1991 1958 2051 2009 οὑ
2080 1958 2159 2010 δεῖ
2178 1959 2277 2028 τὴν
2305 1959 2547 2031 κεφαλὴν
2572 1960 2736 2031 ἔχειν,
2764 1961 2898 2014 ἀλλά
2938 1963 3037 2031 τῆς
3060 1964 3335 2033 ὑποταγῆς

1756 2039 1818 2092 τὸ
1870 2039 2141 2109 σύμϐολον
2199 2043 2475 2113 πανταχοῦ
2512 2043 2855 2113 περιφέρειν,
2906 2044 3085 2114 πολλῷ
3137 2046 3335 2116 μᾶλλον

1756 2123 1844 2177 διὰ
1886 2125 1995 2177 τῶν
2042 2125 2298 2194 πράξεων
2346 2126 2506 2180 τοῦτο
2548 2128 2953 2181 ἐπιδείκνυσθαι
3011 2131 3140 2199 χρή.
3179 2129 3334 2184 Οὕτω

1757 2206 1888 2274 γοῦν
1917 2208 2010 2261 καὶ
2054 2211 2111 2262 αἰ
2169 2207 2317 2281 [256]
2369 2210 2631 2281 πρότεραι
2685 2214 2944 2278 γυναῖκες
2978 2213 3069 2265 καὶ
3109 2213 3333 2283 κυρίους

1754 2290 1881 2353 τοὺς
1905 2290 2100 2362 ἄνδρας
2127 2291 2378 2355 ἐκάλουν,
2410 2293 2505 2347 καὶ
2533 2292 2643 2346 τῶν
2669 2293 2953 2365 πρωτείων
2980 2295 3164 2358 αὐτοῖς
3192 2313 3333 2366 παρ-

1756 2370 2015 2442 ἐχώρουν.
2056 2375 2167 2427 Καὶ
2196 2375 2306 2447 γὰρ
2327 2378 2547 2440 ἐκεῖνοι,
2584 2377 2737 2446 φησὶ,
2765 2376 2863 2439 τὰς
2901 2380 3162 2444 γυναῖκας
3194 2378 3331 2446 ὴγά-

1758 2470 1875 2507 πων
1915 2456 2015 2519 τὰς
2064 2457 2295 2512 ἑαυτῶν.
2328 2456 2460 2512 Οἶδα
2507 2459 2684 2527 κάγὼ,
2714 2458 2808 2511 καὶ
2838 2460 2938 2512 οὐκ
2970 2459 3148 2527 ἀγνοῶ
3168 2477 3181 2489 θ
3219 2461 3331 2512 ἀλλ’

1756 2536 1882 2590 ὅταν
1906 2538 2044 2609 ὑπὲρ
2070 2540 2178 2593 τῶν
2214 2558 2296 2594 σοι
2326 2541 2713 2612 προσηκόντων
2745 2541 3125 2613 παραινῶμεν,
3166 2542 3240 2612 μὴ
3268 2544 3334 2595 τὰ

1757 2622 1978 2675 ἐκείνων
2016 2625 2230 2679 σκόπει.
2286 2626 2397 2678 Καὶ
2452 2627 2562 2697 γὰρ
2600 2626 2727 2679 ὅταν
2776 2626 2935 2679 παισὶ
2979 2627 3333 2697 παραινῶμεν

1758 2704 2055 2760 ὑπακούειν
2100 2708 2317 2776 γονεῦσι
2367 2709 2639 2777 λέγοντες,
2672 2710 2755 2763 ὅτι
2798 2711 3146 2779 γέγραπται,
3193 2712 3334 2779 Τίμα

1756 2787 1865 2840 τὸν
1915 2782 2140 2857 πατέρα
2178 2805 2294 2844 σου
2345 2791 2444 2845 καί
2506 2791 2622 2858 τὴν
2666 2792 2898 2861 μητέρα
2931 2806 3067 2856 σου,
3116 2790 3334 2859 λέγουσι

1756 2869 1894 2940 πρὸς
1922 2872 2088 2941 ἡμᾶς,
2112 2872 2247 2925 Εἰπέ
2274 2874 2365 2926 καί
2406 2875 2475 2927 τὰ
2504 2874 2653 2944 ἐξῆς,
2695 2876 2775 2927 ὅτι
2802 2876 2909 2929 Καὶ
2947 2875 3133 2945 ὑμεῖς,
3157 2878 3211 2928 οἱ
3233 2894 3332 2943 7-0-

1757 2952 1902 3018 νεῖς,
1937 2953 2023 3021 μὴ
2074 2954 2450 3024 παροργίζετε
2480 2958 2551 3009 τὰ
2596 2956 2810 3010 τέκνα·
2853 2957 2947 3009 καὶ
2988 2960 3099 3019 τοῖς
3129 2956 3333 3017 δούλοις

1759 3035 1885 3089 ὅταν
1912 3037 2174 3107 εἴπωμεν,
2203 3039 2283 3090 ὅτι
2307 3038 2617 3108 γέγραπται
2640 3039 2938 3093 ὑπακούειν
2962 3036 3074 3103 τοῖς
3101 3041 3331 3111 κυρίοις.

1758 3120 1853 3173 καί
1899 3119 1973 3191 μὴ
2011 3123 2130 3175 κατ’
2165 3122 2655 3193 ὀφθαλμοδουλείαν
2702 3123 2994 3187 δουλεύειν,
3051 3124 3144 3177 καὶ
3182 3124 3335 3177 αὐτοὶ

1760 3202 1922 3257 πάλιν
1949 3203 2021 3256 τὰ
2067 3202 2193 3275 ἐξῆς
2225 3206 2374 3274 ἡμᾶς
2397 3204 2713 3269 ἀπαιτοῦσι,
2744 3206 3053 3270 κελεύοντες
3085 3209 3180 3259 καὶ
3220 3210 3333 3268 τοῖς

1759 3285 2045 3349 δεσπόταις
2074 3285 2145 3339 τὰ
2172 3286 2311 3339 αὑτά
2339 3290 2644 3356 παραινεῖν.
2686 3290 2796 3340 Καὶ
2843 3292 2951 3360 γὰρ
2982 3290 3075 3342 καί
3104 3291 3332 3354 ἐκείνοις

1760 3371 1789 3423 6
1836 3370 2048 3433 Παῦλος
2101 3369 2379 3433 ἐκέλευσε,
2429 3371 2613 3440 φησιν,
2670 3372 2875 3425 ἀνιέναι
2934 3375 3031 3443 τὴν
3080 3372 3331 3444 ἀπειλήν.

1774 3452 1932 3505 Ἀλλά
1964 3452 2039 3523 μὴ
2077 3451 2220 3505 οὑτω
2265 3451 2527 3523 ποιῶμεν,
2568 3454 2700 3525 μηδέ
2737 3454 2807 3506 τὰ
2840 3455 3045 3526 ἑτέροις
3078 3456 3332 3509 ἐπιτετα-

1758 3537 1935 3607 γμένα
1978 3535 2250 3607 ζητῶμεν,
2296 3536 2424 3589 ὅταν
2465 3536 2604 3608 ὑπὲρ
2630 3537 2737 3589 τῶν
2770 3539 3051 3608 ἡμετέρων
3090 3539 3331 3606 ἐγκαλὼ-

1762 3621 1904 3692 μεθα
1924 3637 1936 3652 ο
1964 3620 2085 3673 οὐδὲ
2112 3621 2240 3690 γὰρ,
2262 3619 2327 3674 ἂν
2352 3622 2607 3674 κοινωνὸν
2626 3621 2795 3692 λάϐῃς
2823 3621 2930 3674 τῶν
2953 3623 3331 3692 ἐγκλημάτων,

1760 3706 2121 3775 ἀπαλλαγήσῃ
2150 3705 2252 3774 τῆς
2284 3704 2459 3768 αἰτίας
2480 3722 2493 3735 ⁸
2523 3704 2639 3759 ἀλλ’
2666 3705 2722 3757 ἓν
2752 3705 2941 3757 σκόπει
2974 3706 3152 3775 μόνον,
3185 3707 3331 3768 ὅπως

1758 3789 1827 3842 τά
1857 3790 1924 3841 σά
1967 3789 2289 3858 ἐγκλήματα
2336 3788 2602 3860 ἀποδύσῃ.
2649 3790 2804 3842 Ἐπεὶ
2847 3788 2943 3841 καὶ
2970 3790 2999 3840 6
3041 3788 3211 3859 Ἀδὰμ
3242 3790 3335 3841 ἐπὶ

1758 3869 1857 3941 τὴν
1886 3873 2122 3938 γυναῖκα
2149 3870 2249 3941 τὴν
2294 3871 2473 3926 αἰτίαν
2524 3869 2708 3942 ἔφερε,
2749 3871 2845 3924 καὶ
2873 3870 3010 3941 αὕτη
3044 3871 3205 3925 πάλιν
3240 3872 3333 3924 ἐπὶ

1758 3954 1849 4007 τὸν
1893 3954 2037 4022 ὅφιν,
2081 3952 2198 4007 ἀλλ’
2244 3953 2397 4008 οὐδὲν
2443 3953 2640 4017 αὐτοὺς
2696 3952 2855 4007 τοῦτο
2899 3954 3135 4019 ἐξείλετο
3157 3966 3203 4009 ⁸.
3242 3954 3332 4023 Μὴ

1758 4037 1936 4090 τοίνυν
1969 4036 2103 4107 μηδὲ
2132 4036 2195 4089 σὺ
2238 4034 2397 4089 τοῦτο
2444 4036 2570 4104 λέγε
2607 4053 2697 4105 μοι
2731 4036 2850 4102 νῦν,
2883 4036 3018 4089 ἀλλά
3064 4036 3332 4101 σπούδαζε

1762 4120 1901 4191 μετὰ
1925 4119 2346 4191 εὐγνωμοσύνης
2365 4120 2583 4190 ἀπάσης
2606 4119 2886 4190 παρέχειν,
2914 4121 3056 4190 ἅπερ
3076 4119 3328 4187 ὀφείλεις,

1758 4204 1836 4275 τῷ
1888 4203 2060 4275 ἀνδρί.
2125 4204 2279 4257 Ἐπεὶ
2324 4204 2420 4259 καὶ
2451 4205 2580 4258 ὅταν
2626 4202 2704 4273 τῷ
2738 4203 2893 4273 ἀνδρὶ
2939 4204 3016 4273 τῷ
3050 4203 3126 4285 σέξ)
3156 4202 3332 4256 διαλέ-

1758 4304 1965 4357 γωμαι,
1993 4286 2379 4357 συμϐουλεύων
2410 4304 2468 4339 σε
2494 4288 2715 4357 ἀγαπᾷν
2744 4287 2837 4340 καὶ
2863 4262 3206 4357 θεραπεῦὶειν,
3234 4288 3332 4339 οὑκ

1758 4370 1961 4440 ἀφίημι
1998 4369 2161 4422 αὐτὸν
2194 4371 2546 4440 προενεγκεῖν
2579 4372 2658 4433 εἰς
2689 4370 2850 4440 μέσον
2877 4369 2968 4421 τὸν
3003 4372 3069 4440 τῇ
3112 4371 3332 4438 γυναικὶ

1760 4454 2011 4523 κείμενον
2038 4452 2224 4523 νόμον,
2249 4451 2384 4505 ἀ).λά
2406 4452 2497 4505 τὸν
2518 4452 2667 4522 αὐτῷ
2688 4452 3073 4524 γεγραμμένον
3094 4451 3328 4506 ἀπαιτῶ.

1760 4536 1871 4589 Καὶ
1906 4536 1969 4588 σὺ
2002 4535 2183 4589 τοίνυν
2202 4535 2271 4589 τά
2299 4552 2381 4588 σοι
2411 4537 2758 4607 προσήκοντα
2782 4534 3144 4604 περιεργάζου
3176 4535 3330 4603 μόνα,

1761 4621 1856 4673 καὶ
1887 4620 2093 4690 πάρεχε
2125 4620 2328 4687 σαυτὴν
2359 4620 2570 4690 εὐήνιον
2604 4619 2680 4689 τῷ
2709 4617 3060 4672 συνοικοῦντι.
3095 4620 3202 4671 Καὶ
3224 4618 3331 4688 γὰρ

1759 4704 1808 4757 εἰ
1851 4703 1940 4757 διὰ
1971 4703 2062 4757 τὸν
2090 4701 2224 4756 Θεὸν
2254 4701 2415 4774 πείθῃ
2444 4702 2522 4773 τῷ
2553 4703 2726 4772 ἀνδρὶ,
2764 4702 2836 4771 μή
2872 4717 2959 4770 μοι
2993 4700 3235 4770 πρόφερε
3263 4703 3331 4753 τὰ

1758 4787 2041 4857 ὀφείλοντα
2086 4786 2217 4856 παρ’
2256 4786 2423 4839 αὑτοῦ
2455 4786 2723 4855 γίνεσθαι,
2775 4784 2889 4837 ἀλλ’
2925 4776 2999 4837 ὧν
3035 4784 3333 4837 ὑπεύθυνόν

1762 4888 1821 4923 σε
1872 4870 2126 4938 ἐποίησεν
2174 4872 2203 4922 6
2249 4868 2565 4939 νομοθέτης,
2613 4866 2785 4921 ταῦτα
2817 4867 2947 4920 ἄνυε
2983 4867 3120 4935 μετὰ
3172 4866 3333 4937 ἀκρι-

1760 4953 1931 5017 ϐείας.
1978 4952 2149 5005 Τοῦτο
2183 4953 2292 5023 γάρ
2339 4953 2455 5005 ἐστι
2498 4950 2732 5021 μάλιστα
2765 4948 2885 5019 Θεῷ
2933 4948 3238 5010 πείθεσθαι,
3275 4949 3335 5000 τὸ

1760 5035 1854 5089 καὶ
1887 5035 2103 5087 ἐναντία
2153 5034 2466 5102 πάσχουσαν
2503 5034 2577 5104 μὴ
2623 5034 2945 5104 παρακινεῖν
2997 5033 3088 5084 τὸν
3145 5030 3330 5100 νόμον.

1759 5119 1858 5173 Διά
1887 5119 1995 5189 γὰρ
2018 5116 2175 5170 τοῦτο
2204 5120 2230 5170 6
2263 5118 2361 5188 μέν
2384 5116 2474 5170 τὸν
2506 5116 2759 5186 φιλοῦντα
2794 5115 2985 5184 φιλῶν,
3012 5115 3164 5168 οὐδὲν
3189 5115 3336 5167 δοκεῖ

1757 5220 1811 5255 τι
1848 5202 1990 5271 μέγα
2022 5203 2224 5253 ποιεῖν’
2254 5203 2282 5254 6
2310 5200 2366 5253 δέ
2395 5200 2485 5252 τὸν
2518 5200 2781 5270 μισοῦντα
2810 5198 3146 5270 θεραπεύων,
3180 5192 3334 5259 οὗτος

1763 5285 1999 5357 μάλιστά
2050 5286 2199 5337 ἐστιν
2236 5282 2747 5353 δστεφανούμενος.
2793 5284 2898 5335 Τὸν
2924 5282 3085 5335 αὑτὸν
3116 5282 3179 5349 δὴ
3210 5281 3334 5351 τρό-

1760 5386 1861 5421 πον
1890 5369 1984 5421 καὶ
2030 5368 2095 5420 σὺ
2141 5365 2377 5434 λογίζου,
2416 5367 2496 5419 ὅτι
2533 5366 2601 5418 ἂν
2642 5365 2741 5435 μὲν
2781 5365 3038 5435 φορτικὸν
3084 5364 3211 5416 ὅντα
3239 5364 3332 5415 τὸν

1758 5451 1926 5521 ἄνδρα
1964 5450 2213 5522 ἐνέγκῃς,
2247 5449 2496 5519 λαμπρὸν
2525 5437 2679 5519 λήψῃὲ
2706 5447 2798 5501 τὸν
2842 5448 3105 5512 στέφανον
3127 5462 3142 5479 ο
3180 5445 3247 5499 ἂν
3274 5446 3332 5499 δὲ

1756 5534 1964 5605 ἥμερον
1992 5534 2085 5587 καὶ
2126 5534 2320 5604 πρᾶον,
2355 5532 2502 5595 τίνος
2540 5548 2622 5583 σοι
2668 5529 2834 5583 δώσει
2865 5528 3057 5599 μισθὸν
3084 5530 3113 5582 6
3162 5526 3329 5592 836g;

155 5698 296 5749 ην
344 5680 728 5750 συνήθειαν
748 5685 859 5738 οὐκ
890 5684 1129 5753 ἔχομεν,
1155 5683 1296 5739 οὐδὲ
1319 5690 1376 5739 αἱ
1409 5686 1656 5753 Ἐκκλη-
1754 5704 1755 5707 η

156 5765 251 5818 τῦ
313 5764 544 5818 Θεοῦ.
586 5766 726 5837 Ἀρα
750 5768 1076 5837 φιλονεικίας
1102 5768 1160 5821 τὸ
1182 5770 1499 5825 ἀντιτείνειν
1525 5769 1646 5826 τού,-

1824 5785 1847 5812 “
1880 5783 2021 5844 Reg”
2050 5781 2151 5831 ἀλλ’
2174 5781 2343 5831 οὐδένα
2366 5781 2519 5828 αὐτῶν
2534 5778 2681 5845 τοῦτο
2704 5780 2922 5835 ἐξείλετο.
