3826 6216
386 261 489 318 9H

387 382 501 436 Καὶ
557 380 732 435 ταῦτα
805 378 973 449 λέγω,
1026 380 1090 435 06
1153 380 1519 452 θρασύνεσθαι
1578 384 1708 448 τοὺς
1766 382 1985 456 ἄνδρας.

387 470 647 539 κελεύων,
698 470 834 525 ἀλλά
873 469 1077 525 πείθων
1116 470 1218 535 τὰς
1257 476 1525 541 γυναῖκας
1567 474 1662 528 καὶ
1702 473 1966 545 θρασυνο-

388 566 586 636 μένους
632 565 823 637 φέρειν
865 565 993 628 τοὺς
1044 563 1261 637 ἀνδρας.
1310 566 1479 621 Ὅταν
1506 567 1617 638 γὰρ
1646 565 1877 627 ἕκαστος
1905 565 1974 617 τά

384 657 588 712 ἐαυτοῦ
628 657 833 730 σπεύδῃ
870 657 1134 731 πληροῦν,
1162 660 1373 731 ταχέως
1401 660 1498 714 καὶ
1527 660 1598 713 τὰ
1621 658 1717 712 τοῦ
1743 657 1971 729 πλησίον

384 748 614 817 ἔψεταν
658 744 792 814 οἷον,
835 749 965 805 δταν
997 752 1029 823 ή
1061 752 1198 824 γυνὴ
1243 753 1339 806 καὶ
1398 750 1800 824 τραχυνόμενον
1830 765 1971 818 παρο

313 837 322 861 ³
386 841 766 912 ἐσκευασμένη
911 842 1098 913 φέρειν
1139 843 1234 895 τὸν
1261 843 1451 914 ἄνδρα,
1504 843 1598 896 καὶ
1638 843 1667 895 6
1705 840 1845 911 ἀνὴρ
1874 838 1970 894 καὶ

385 930 824 1000 χαλεπαίνουσαν
854 932 1027 1003 αὐτὴν
1057 932 1132 1004 μὴ
1158 932 1376 1007 ὑϐρίζῃ,
1400 934 1522 987 τότε
1549 933 1728 988 πάντα
1754 931 1969 1002 γαλήνη

385 1022 484 1074 καὶ
528 1020 691 1091 λιμὴν
737 1021 998 1091 κυμάτων
1041 1024 1483 1095 ἀπηλλαγμένος.
1543 1024 1705 1078 Οὕτω
1732 1023 1828 1077 καὶ
1872 1020 1967 1074 ἐπὶ

381 1110 493 1165 τῶν
536 1110 785 1166 παλαιῶν
815 1112 1052 1182 ἐγίνετο⁶
1081 1115 1153 1169 τά
1182 1115 1382 1169 ἐαυτοῦ
1414 1116 1646 1180 ἔκαστος
1697 1114 1963 1185 ἐπλήρου,

390 1202 446 1255 δύ
462 1200 531 1255 1&
550 1202 646 1255 τοῦ
663 1202 889 1274 πλησίον
905 1203 1124 1276 ἀπῄτει.
1144 1206 1346 1261 Σκόπει
1362 1206 1418 1260 δέ
1437 1222 1449 1235 ·
1478 1208 1679 1261 Ἐλαϐε
1695 1207 1788 1261 τὸν
1806 1207 1964 1261 ἀδελ-

380 1294 566 1363 φιδοῦν
596 1296 626 1349 ό
668 1296 954 1368 Ἀϐραάμ·
981 1299 1081 1353 ούκ
1120 1298 1439 1353 ἐνεκάλεσεν
1477 1299 1672 1369 ήγυνή
1696 1315 1710 1328 ο
1745 1298 1966 1352 ἐκέλευ-

382 1402 475 1440 σεν
510 1389 680 1456 αὐτὴν
713 1388 834 1442 ὁδὸν
863 1388 1079 1443 ὁδεῦσαι
1122 1389 1375 1461 μακράν·
1423 1388 1524 1441 οὐκ
1551 1391 1807 1443 ἀντεῖπεν
1840 1388 1963 1442 οὐδὲ

380 1477 518 1547 πρὸς
542 1480 719 1543 τοῦτο,
746 1479 861 1532 ἀλλ’
882 1479 1237 1550 ἠκολούθησε.
1268 1479 1438 1533 Πάλιν
1466 1478 1606 1551 μετά
1632 1480 1732 1545 τάς
1758 1479 1962 1544 πολλάς

376 1570 749 1640 ταλαιπωρίας
770 1570 983 1635 ἐκείνας
1012 1572 1107 1626 καὶ
1129 1572 1255 1637 τοὺς
1284 1570 1520 1642 μόχθους
1548 1572 1784 1635 καὶτοὺς
1806 1571 1962 1640 ἱδρῶ-

376 1674 478 1724 τας
501 1662 610 1714 τῶν
640 1664 856 1715 πάντων
894 1662 1085 1733 κύριος
1111 1662 1429 1733 γενόμενος,
1454 1663 1820 1734 παρεχώρησε
1851 1663 1962 1719 τῶν

374 1756 663 1828 πρωτείων
686 1753 834 1827 [εστ]
851 1755 930 1826 τῷ
958 1754 1103 1809 Λώτ·
1137 1756 1233 1809 καὶ
1259 1756 1321 1808 06
1353 1757 1515 1827 μόνον
1543 1755 1644 1809 οὐκ
1668 1755 1959 1827 ἐδυσχέραο

372 1866 463 1903 νεν
498 1851 532 1921 η
561 1849 749 1921 Σάρρα
777 1849 919 1921 πρὸς
958 1847 1142 1914 τοῦτο,
1168 1847 1285 1902 ἀλλ’
1313 1847 1434 1901 οὐδὲ
1467 1848 1528 1902 τὸ
1554 1848 1725 1918 στόμα
1752 1847 1956 1920 διῆρεν,

371 1940 496 1994 οὐδὲ
518 1940 818 2012 ἐφθέγξατό
838 1958 889 1994 τι
915 1939 1177 2006 τοιοῦτον,
1200 1935 1313 1994 οἷον
1340 1939 1535 1994 πολλαὶ
1554 1940 1662 1994 τῶν
1682 1940 1957 2010 γυναικῶν

372 2030 470 2086 νῦν
504 2032 857 2102 φθέγγονται,
893 2033 1023 2087 ὅταν
1073 2031 1257 2086 ῐδωσιν
1289 2031 1713 2102 ἐλαττουμένους
1742 2032 1801 2085 ἐν
1836 2034 1957 2095 ταῖς

370 2124 649 2188 τοιαύταις
690 2124 909 2196 μοίραις
964 2124 1093 2187 τοὺς
1151 2124 1351 2195 ἄνδρας
1398 2124 1525 2186 τοὺς
1574 2123 1806 2188 ἐαυτῶν,
1864 2124 1956 2178 καὶ

375 2213 615 2285 μάλιστα
668 2215 773 2269 ὑπὸ
824 2214 1144 2280 ἐλαττόνων,
1189 2214 1544 2279 όνειδίζουσαι
1596 2214 1691 2267 καὶ
1740 2215 1958 2285 μωροὺς

373 2307 470 2359 καὶ
498 2307 758 2377 ἀνοήτους
790 2305 1055 2360 καλοῦσαι
1100 2308 1194 2361 καὶ
1225 2306 1524 2376 ἀνάνδρους
1563 2305 1660 2359 καὶ
1690 2304 1961 2375 προδότας

374 2399 471 2453 καὶ
509 2398 722 2463 νωθεῖς.
778 2398 919 2452 Ἀλλ’
964 2398 1115 2452 οὐδὲν
1157 2398 1342 2469 ἐκείνη
1375 2396 1621 2451 τοιοῦτον
1652 2397 1776 2450 οὔτε
1801 2395 1957 2451 εἶπεν

372 2490 498 2551 οὕτε
519 2491 821 2562 ἐνενόησεν,
844 2490 959 2545 ἀλλ’
980 2490 1232 2563 ἔστερξεν
1250 2491 1469 2545 ἀπάντα
1486 2489 1555 2544 τὰ
1573 2488 1705 2561 παρ’
1744 2489 1955 2543 ἐκείνου

372 2583 654 2654 γινόμενα.
691 2581 803 2636 Καὶ
847 2581 910 2635 16
951 2582 1015 2653 δὴ
1055 2581 1258 2652 μεῖζονο
1313 2580 1451 2653 μετά
1510 2581 1620 2652 γὰρ
1660 2581 1723 2636 16
1764 2580 1955 2653 κύριον

371 2678 579 2730 ἐκεῖνον
602 2674 856 2745 γενέσθαι
877 2676 977 2746 τῆς
1003 2676 1271 2747 αἱρέσεως
1295 2676 1390 2729 καὶ
1410 2674 1481 2728 τά
1501 2674 1760 2729 ἐλάττονα
1788 2690 1956 2746 προσ-

372 2772 526 2839 ρίψαι
577 2767 655 2839 τῷ
696 2768 847 2839 θείῳ,
896 2768 1141 2832 κίνδυνος
1186 2769 1351 2824 αὑτὸν
1388 2767 1653 2824 κατέλαϐε
1697 2766 1953 2837 χαλεπός.

370 2861 482 2914 Καὶ
502 2860 739 2923 ἀκούσας
767 2861 796 2913 ό
826 2860 1194 2932 πατριάρχης,
1222 2859 1431 2924 πάντας
1468 2858 1783 2913 καθώπλισε
1825 2859 1955 2922 τοὺς

366 2952 556 3015 αὑτοῦ,
586 2953 682 3006 καὶ
709 2951 847 3024 πρὸς
870 2951 991 3006 ὅλον
1019 2952 1079 3005 16
1112 2952 1219 3006 τῶν
1249 2950 1476 3023 Περσῶν
1510 2950 1956 3023 παρεσκευάζετο

366 3044 735 3115 στρατόπεδον
778 3043 919 3115 μετά
949 3043 1061 3097 τῶν
1089 3045 1318 3097 οίκετῶν
1345 3044 1456 3097 τῶν
1506 3043 1703 3097 ἐαυτοῦ
1757 3043 1951 3114 μόνον*

363 3135 462 3189 καὶ
496 3135 620 3188 ούδέ
648 3134 771 3188 τότε
810 3134 973 3189 αὐτὸν
1009 3134 1273 3205 κατέσχεν
1301 3136 1508 3206 ἐκείνη,
1539 3134 1662 3188 ούδέ
1683 3129 1838 3188 εἶπεν
1867 3128 1955 3189 οἷα

365 3228 547 3291 είκόςο
583 3227 896 3299 ΙἌνθρωπε,
936 3229 1029 3280 ποῖ
1061 3226 1224 3300 φέρῃ,
1257 3227 1400 3281 κατά
1426 3227 1690 3299 κρημνῶν
1726 3227 1955 3281 σεαυτὸν

362 3319 521 3373 ὠθῶν
545 3320 641 3373 καὶ
661 3319 939 3384 τοσούτοις
978 3319 1224 3383 ἐκδιδοὺς
1250 3318 1541 3383 κινδύνοις,
1576 3319 1716 3391 ὺπέρ
1759 3320 1955 3391 ἀνδρὸς

364 3410 655 3482 ὑϐρικότος
684 3426 744 3464 σε
772 3411 871 3464 καὶ⁹
900 3411 968 3465 τά
999 3411 1068 3464 σὰ
1094 3410 1408 3482 ἡρπακότος
1442 3409 1680 3472 ᾶπαντα,
1718 3411 1780 3465 16
1813 3406 1956 3483 αἷμα

364 3500 606 3572 ἐκχέων;
664 3500 727 3554 ΕΞ.
773 3502 884 3573 γὰρ
950 3500 1049 3555 καὶ
1105 3499 1305 3554 σαυτοῦ
1372 3504 1771 3573 καταφρονεῖς,
1838 3502 1953 3557 ἀλλ’

364 3593 467 3665 ἐμέ
510 3594 612 3662 τὴν
669 3592 1076 3648 καταλιποῦσαν
1116 3593 1296 3647 οίκίαν
1334 3592 1430 3646 καὶ
1473 3592 1707 3664 πατρίδα
1740 3594 1835 3648 καὶ
1866 3594 1955 3665 φίο

363 3685 493 3750 λους
551 3686 646 3739 καὶ
697 3688 982 3756 συγγενεῖς
1034 3685 1129 3739 καὶ
1180 3684 1449 3757 τοσαύτην
1507 3685 1954 3757 ἀκολουθήσασάν

364 3794 452 3833 σοι
497 3778 807 3849 ἀποδημίαν
852 3777 1096 3850 ἐλέησον,
1129 3775 1225 3830 καὶ
1271 3777 1348 3849 μὴ
1398 3778 1705 3851 περιϐάλῃς
1755 3780 1953 3851 χηρείᾳ

362 3871 460 3925 καὶ
490 3873 603 3934 τοῖς
648 3870 760 3925 ἀπὸ
784 3873 885 3943 τῆς
912 3869 1145 3943 χηρείας
1171 3873 1382 3933 κακοῖς.
1411 3871 1578 3924 Οὐδὲν
1605 3872 1811 3927 τούτων
1850 3872 1953 3926 οὐκ

362 3959 541 4029 εἶπεν,
567 3962 669 4017 οὐκ
709 3963 1016 4034 ἐνενόησεν,
1045 3962 1160 4017 ἀλλ’
1187 3961 1352 4034 ἔφερε
1389 3964 1569 4017 πάντα
1605 3966 1756 4037 σιγῇ.
1792 3964 1951 4019 Μετά

360 4056 538 4110 ταῦτα
588 4057 689 4127 τῆς
724 4055 965 4128 γαστρὸς
997 4056 1195 4125 ἀγόνου
1246 4055 1537 4127 μενούσης,
1566 4056 1705 4129 αὕτη
1754 4057 1854 4128 μὲν
1884 4057 1947 4111 06

362 4151 567 4223 πάσχει
595 4149 665 4204 τά
705 4149 816 4203 τῶν
850 4150 1150 4220 γυναικῶν,
1178 4148 1299 4203 οὐδὲ
1342 4148 1677 4222 ἀποδύρεται
1696 4165 1710 4179 °
1741 4151 1950 4217 ἐκεῖνος

359 4244 418 4297 δέ
456 4240 666 4316 θρηνεῖ,
699 4242 818 4297 ἀλλ’
851 4241 974 4312 οὐχὶ
1011 4240 1149 4313 πρὸς
1180 4240 1281 4314 τήν
1326 4244 1583 4310 γυναῖκα,
1626 4242 1766 4298 ἀλλά
1810 4244 1948 4315 πρὸς

357 4338 451 4389 τὸν
484 4336 639 4390 Θεόν.
674 4335 787 4389 Καὶ
815 4334 919 4405 ὅρα
945 4331 1064 4396 πῶς
1093 4332 1324 4398 ἔκαστος
1350 4333 1412 4387 16
1442 4334 1719 4405 προσῆκον
1750 4335 1945 4405 διαφυ⁴

357 4426 564 4482 λάττει.
617 4424 756 4482 Οὔτε
806 4426 917 4497 γὰρ
946 4424 1109 4488 αὐτὸς
1142 4425 1523 4497 κατεφρόνησε
1583 4427 1679 4497 τῆς
1726 4428 1945 4499 Σάρρας

354 4522 431 4585 ὡς
458 4520 707 4587 ἄπαιδος,
737 4518 863 4574 οὔτε
894 4517 1139 4572 ὠνείδισέ
1168 4534 1222 4570 τι
1251 4518 1490 4573 τοιοῦτον
1523 4519 1690 4592 αύτῇο
1715 4522 1943 4592 κάκείνη

356 4615 518 4669 πάλιν
557 4613 862 4668 ἐσπούδασε
906 4611 1009 4682 τῆς
1047 4610 1300 4675 ἀπαιδίας
1351 4612 1637 4682 ἐπινοῆσαι
1682 4629 1943 4684 παραμυ-

356 4706 478 4759 θίαν
526 4707 677 4775 αὐτῷ
720 4722 843 4759 τινα
899 4704 1010 4759 ἀπὸ
1056 4703 1158 4775 τῆς
1219 4704 1551 4775 παιδίσκηςο
1587 4705 1803 4759 οὐδέπω
1833 4706 1946 4780 7&9

355 4797 531 4849 ταῦτα
557 4797 679 4850 τότε
722 4796 1022 4860 κεκώλυτο,
1058 4794 1204 4851 καθὰ
1237 4795 1358 4853 νῦν.
1401 4797 1517 4850 Νῦν
1555 4797 1665 4869 γὰρ
1692 4797 1816 4851 οὔτε
1846 4816 1945 4867 γυ-

356 4888 501 4954 ναιξὶ
532 4889 759 4943 τοιαῦτα
786 4890 1014 4961 ἀνδράσι
1058 4889 1387 4961 χαρίζεσθαι
1437 4889 1617 4962 θέμις,
1651 4890 1774 4945 ούτε
1801 4894 1945 4948 ἐκεί-

357 4997 491 5044 νοις,
530 4978 652 5033 οὔτε
698 4980 910 5034 είδυιῶν
960 4979 1084 5034 οὕτε
1119 4980 1435 5050 ἀγνοουσῶν
1484 4980 1595 5036 τῶν
1646 4985 1942 5052 γυναικῶν,

355 5072 635 5138 τοιαύταις
689 5072 899 5144 μίξεσιν
951 5074 1271 5145 ἐπιχειρεῖν,
1323 5074 1427 5128 κᾶν
1474 5073 1734 5146 μυριάκις
1781 5077 1944 5148 ἡτῆς

355 5166 619 5229 ἀπαιδίας
666 5166 862 5237 ἐνοχλῇ
894 5164 1073 5235 λύπη·
1115 5165 1236 5219 ἐπεὶ
1276 5165 1598 5221 ἀκούσονται
1628 5167 1723 5221 καὶ
1766 5169 1941 5236 αὐτοὶ,

356 5259 439 5313 δτι
482 5259 537 5312 '0
559 5255 807 5325 σκώληξ
835 5254 1037 5311 αὐτῶν
1067 5257 1140 5310 οὐ
1170 5255 1540 5325 τελευτήσει,
1576 5259 1673 5313 καὶ
1716 5259 1784 5313 τὸ
1822 5259 1944 5330 πῦρ

356 5351 559 5409 αὐτῶν
585 5352 658 5406 οὐ
700 5350 1130 5419 σϐεσθήσεται.
1175 5349 1251 5403 O6
1285 5350 1395 5422 7&9
1422 5352 1634 5421 ἐφεῖται
1667 5351 1784 5417 νῦν,
1817 5354 1944 5407 τότε

356 5445 414 5498 δέ
442 5444 547 5499 οὐκ
583 5441 934 5516 ἀπηγόρευτο
951 5456 967 5473 ⁸
1001 5439 1083 5495 διὸ
1114 5440 1210 5494 καὶ
1233 5440 1268 5511 η
1309 5441 1447 5511 γυνὴ
1472 5441 1629 5496 τοῦτο
1656 5445 1939 5508 ἐπέταττε,

359 5535 613 5596 κάκεῖνος
642 5531 911 5602 ὑπήκουε,
954 5528 1051 5583 καὶ
1096 5527 1220 5582 οὺδέ
1251 5525 1397 5581 οὕτω
1433 5528 1500 5582 δι’
1534 5529 1746 5602 ἡδονήν.
1802 5530 1942 5584 Ἀλλ’

358 5629 483 5696 ὅρα,
520 5624 677 5696 φησι,
709 5622 829 5687 πῶς
848 5621 1020 5694 αὐτὴν
1048 5620 1211 5676 πάλιν
1238 5618 1461 5687 ἐξέϐαλε
1488 5620 1817 5693 κελευούσης
1844 5621 1943 5675 αύ-

358 5716 478 5787 τῆς.
531 5714 642 5769 Καὶ
690 5712 799 5785 7&9
838 5711 952 5783 ἐγὼ
999 5709 1158 5766 τοῦτο
1186 5710 1451 5784 βούλομαι
1496 5710 1687 5778 δεῖξαι,
1728 5711 1811 5765 ὅτι
1850 5711 1944 5767 καὶ

361 5802 513 5873 οὗτος
541 5805 728 5882 ἐκείνῃ
755 5805 971 5863 ἅπαντα
1001 5802 1266 5876 ἐπείθετο,
1295 5802 1389 5859 κα
1419 5801 1601 5875 ἐκείνη
1634 5800 1846 5893 τούτῳ.
1914 5836 1968 5889 “-

1101 261 1157 317 S.
1199 260 1493 319 JOANNIS
1528 258 2024 320 CHRYSOSTOMI
2062 261 2385 320 ARCHIEP.
2422 263 2979 325 CONSTANTINOP.

2144 382 2211 446 ζ’.
2238 383 2384 455 Πλὴν
2433 385 2509 455 μὴ
2555 386 2765 449 τούτοις
2794 387 3030 458 πρόσεχε
3058 387 3240 459 μόνον,
3266 390 3386 446 ἀλλ’
3416 394 3456 461 ἡ
3486 394 3667 453 ταῦτα

2073 474 2305 544 λέγουσα
2335 478 2401 531 σὺ
2428 478 2524 531 καὶ
2544 478 2614 532 τά
2656 479 2900 551 πρότερα
2930 481 3172 547 ἐξέταζε,
3216 484 3298 537 δτι
3325 485 3555 557 ὕϐριζεν
3586 491 3667 553 είς

2071 567 2264 638 αὐτὴν,
2294 568 2377 623 δτι
2414 568 2878 643 κατηλαζονεύετο
2903 572 3005 643 τῆς
3030 575 3246 647 κυρίας,
3283 571 3347 632 οὗ
3373 579 3430 631 τί
3461 581 3665 647 γένοιτ’
3689 570 3699 623 ί

2069 657 2136 711 ἂν
2179 660 2567 733 ὀδυνηρότερον
2611 662 2876 737 ἐλευθέρᾳ
2917 666 3140 734 γυναικὶ
3180 668 3275 722 καὶ
3321 670 3693 743 εὐσχήμονις

2070 747 2164 818 Μὴ
2189 747 2370 802 τοίνυν
2398 749 2493 803 τοῦ
2525 749 2716 821 ἀνδρὸς
2742 752 2841 823 τὴν
2869 752 3070 826 ἀρετὴν
3093 756 3411 826 ἀναμενέτω
3435 761 3473 829 ἡ
3499 762 3662 832 γυνὴ,

2068 840 2165 891 καὶ
2195 839 2318 893 τότε
2365 841 2464 909 τὴν
2511 842 2715 912 ἑαυτῆς
2756 844 3077 915 παρεχέτω·
3134 846 3292 900 τοῦτο
3336 848 3455 920 γὰρ
3506 852 3663 906 οὐδὲν

2071 932 2246 1001 μέγαο
2295 932 2420 1005 μηδ’
2464 929 2532 988 αὖ
2567 934 2729 988 πάλιν
2760 937 2789 988 6
2835 938 2974 1011 ἀνὴρ
3005 938 3105 1010 τὴν
3132 940 3231 1010 τῆς
3276 943 3551 1009 γυναικὸς
3577 946 3667 997 εύ-

2065 1020 2277 1087 ταξίαν,
2311 1022 2409 1075 καὶ
2429 1022 2552 1075 τότε
2588 1023 2947 1093 φιλοσοφείτω
2965 1043 2979 1056 ·
3008 1026 3130 1080 οὐδὲ
3152 1027 3263 1098 7&9
3284 1027 3456 1083 τοῦτο
3477 1029 3665 1085 λοιπδν

2067 1114 2235 1168 αὑτοῦ
2273 1115 2606 1186 κατόρθωμα
2625 1132 2639 1146 ·
2664 1116 2778 1169 ἀλλ’
2806 1116 3055 1193 ἔκαστος,
3084 1120 3221 1192 ὅπερ
3243 1121 3408 1193 ἔφην,
3439 1124 3518 1177 τὰ
3537 1127 3667 1195 παρ’

2066 1211 2260 1265 ἐαυτοῦ
2291 1214 2581 1283 παρεχέτω
2625 1213 2911 1284 πρότερος.
2946 1216 3010 1269 Εί
3050 1216 3149 1288 γὰρ
3174 1221 3286 1282 τοῖς
3319 1218 3538 1284 ἔξωθεν
3573 1224 3667 1291 ῥα-

2065 1303 2284 1366 πίζουσι
2309 1302 2408 1375 τὴν
2429 1302 2630 1369 δεξιάν,
2657 1305 2738 1358 δεῖ
2752 1306 2852 1375 τὴν
2882 1306 3077 1378 ἑτέραν
3097 1309 3367 1364 ἐκδιδόναι
3403 1311 3662 1379 σιαγόνα,

2064 1393 2251 1465 πολλῷ
2285 1394 2485 1465 μᾶλλον
2525 1395 2694 1468 ἄνδρα
2746 1395 3151 1470 θρασυνόμενον
3182 1401 3264 1455 δεῖ
3292 1403 3520 1473 φέρειν.
3557 1406 3666 1459 Καὶ

2063 1485 2126 1539 06
2180 1484 2342 1540 τοῦτο
2390 1485 2544 1560 [258]
2595 1488 2774 1557 λέγω,
2831 1488 2972 1544 ὥστε
3039 1492 3343 1548 τύπτεσθαι
3391 1498 3662 1564 γυναῖκα,

2062 1575 2280 1644 ἄπαγε’
2331 1577 2537 1649 ἐσχάτη
2577 1576 2689 1649 7&9
2714 1578 2874 1633 τοῦτο
2912 1580 3091 1652 ὕϐρις,
3126 1583 3188 1636 06
3212 1586 3279 1656 τῇ
3310 1588 3665 1659 τυπτομένῃ,

2064 1665 2201 1720 ἀλλὰ
2227 1666 2305 1739 τῷ
2335 1667 2622 1722 τύπτοντιο
2657 1668 2794 1723 άλλά
2822 1669 2926 1725 κᾶν
2956 1672 3065 1726 ἀπὸ
3095 1677 3487 1746 περιστάσεώς
3516 1694 3667 1742 τινος

2067 1756 2376 1830 κληρωθῇς,
2410 1752 2455 1813 ὦ
2484 1758 2666 1828 γύναι,
2691 1762 2923 1833 συνοίκῳ
2950 1764 3199 1837 τοιούτῳ,
3240 1768 3315 1840 μὴ
3358 1769 3666 1841 δυσχεραί-

2062 1860 2180 1914 νῃς,
2200 1843 2292 1896 τὸν
2308 1845 2669 1916 ἀποκείμενον
2684 1847 2825 1918 ὑπὲρ
2838 1848 3043 1904 τούτων
3060 1851 3317 1909 ἐννοοῦσα
3338 1857 3551 1926 μισθὸν
3570 1859 3667 1912 καὶ

2063 1935 2157 1987 τὸν
2176 1936 2234 1987 ἐν
2251 1933 2329 2005 τῷ
2352 1935 2579 2008 παρόντι
2601 1936 2702 2010 βίῳ
2726 1938 2971 1994 ἔπαινον.
2992 1942 3106 1995 Καὶ
3130 1944 3264 2015 πρὸς
3281 1946 3431 2016 ὑμᾶς
3446 1946 3513 2001 δέ
3533 1949 3665 2011 τοὺς

2059 2026 2258 2097 ἄνδρας
2289 2026 2467 2082 ἐκεῖνό
2490 2045 2633 2100 φημι
2650 2045 2665 2060 ·
2695 2030 2863 2101 μηδὲν
2890 2031 3033 2086 ἔστω
3049 2034 3288 2089 τοιοῦτον
3313 2038 3663 2110 ἁμάρτημα,

2059 2116 2135 2181 ὼς
2171 2120 2254 2181 είς
2295 2118 2544 2190 ἀνάγκην
2591 2120 2737 2191 ὑμᾶς
2783 2123 2938 2191 ἄγειν
2987 2125 3083 2179 τοῦ
3126 2129 3365 2195 γυναῖκα
3394 2129 3661 2185 τύπτειν.

2068 2210 2178 2292 ιςαὶ
2218 2211 2274 2265 τί
2329 2210 2472 2280 λέγω
2513 2214 2778 2280 γυναῖκα;
2817 2213 2938 2269 οὐδὲ
2991 2216 3347 2287 θεραπαινίδα
3394 2221 3507 2291 μὲν
3564 2218 3665 2276 οὖν

2059 2299 2217 2371 ἀνδρὶ
2244 2300 2471 2355 τύπτειν
2506 2301 2779 2375 ἐλευθέρῳ
2814 2305 2909 2358 καὶ
2939 2309 3129 2379 χεῖρας
3158 2310 3385 2379 ἐπάγειν
3413 2314 3662 2367 ἀνεκτῶ

2058 2390 2125 2446 ἂν
2153 2390 2264 2464 είη.
2297 2395 2361 2447 Εί
2381 2394 2438 2447 δέ
2462 2394 2656 2465 δούλην
2686 2397 2964 2469 τυπτῆσαι
2990 2401 3144 2470 ἀνδρὶ
3167 2403 3301 2460 πολὺ
3330 2405 3394 2459 16
3412 2406 3657 2475 ὄνειδος,

2058 2484 2241 2555 πολλῷ
2290 2486 2491 2555 μᾶλλον
2544 2487 2688 2543 κατά
2730 2491 2828 2562 τῆς
2871 2491 3162 2564 ἐλευθέρας
3215 2496 3497 2553 ἀνατεῖναι
3548 2501 3659 2571 τὴν

2054 2576 2258 2643 δεξιάν.
2312 2578 2422 2632 Καὶ
2472 2578 2628 2634 τοῦτο
2658 2582 2751 2636 καὶ
2799 2584 2866 2638 ἐκ
2898 2584 3008 2639 τῶν
3054 2586 3253 2654 ἔξωθεν
3290 2590 3354 2643 ἀν
3394 2608 3487 2655 τις
3548 2593 3658 2646 ωσι

2056 2669 2383 2741 νομοθετῶν,
2412 2670 2459 2724 οἳ
2489 2672 2586 2743 τὴν
2614 2672 2685 2727 τὰ
2710 2675 2939 2731 τοιαῦτα
2959 2677 3237 2735 παθοῦσαν
3260 2681 3440 2736 οὐκέτι
3468 2683 3659 2754 ἀναγο

2057 2761 2286 2826 κάζουσι
2327 2766 2599 2818 συνοικεῖν
2645 2766 2725 2838 τῷ
2762 2770 3121 2840 τυπτήσαντι,
3159 2774 3256 2827 ἀτε
3289 2775 3497 2848 ἀναξίῳ
3532 2778 3659 2832 ϐντι

2055 2853 2160 2924 τῆς
2200 2854 2339 2926 πρὸς
2365 2855 2536 2927 αὐτὴν
2567 2856 2804 2927 ὁμιλίας.
2846 2859 2960 2913 Καὶ
2990 2860 3100 2933 7&9
3140 2862 3372 2936 ἐσχάτης
3396 2884 3659 2939 παρανο-

2060 2947 2189 3017 μίας
2221 2946 2322 3019 τὴν
2355 2946 2451 3001 τοῦ
2496 2947 2613 3018 βίου
2643 2949 2920 3017 κοινωνὸν,
2962 2952 3063 3023 τὴν
3088 2953 3147 3007 ἐν
3174 2958 3286 3019 τοῖς
3316 2956 3657 3026 ἀναγκαίοις

2054 3040 2153 3093 καὶ
2175 3040 2439 3094 ἀνωτάτω
2461 3056 2546 3092 σοι
2572 3043 3080 3114 συνεφαπτομένην,
3106 3045 3307 3117 ταύτην
3334 3051 3410 3113 ὡς
3434 3050 3657 3123 ἀνδρά-

2055 3130 2218 3184 ποδον
2259 3131 2567 3202 ἀτιμάζειν.
2619 3131 2713 3186 Διὸ
2754 3134 2849 3187 καὶ
2888 3134 2980 3188 τὸν
3009 3135 3245 3191 τοιοῦτον
3276 3140 3463 3211 ἄνδρα,
3499 3143 3563 3195 εἰ
3584 3161 3656 3214 γε

2054 3220 2224 3294 ἄνδρα
2254 3222 2414 3276 αὑτὸν
2437 3221 2518 3275 δεῖ
2544 3222 2755 3290 καλεῖν,
2780 3223 2896 3278 ἀλλ’
2944 3226 3065 3297 οὐχὶ
3103 3228 3312 3301 θηρίον,
3340 3233 3434 3287 καὶ
3455 3250 3657 3309 πατρ-

2054 3314 2240 3368 αλοίου
2269 3315 2362 3367 καὶ
2394 3315 2729 3386 μητραλοίου
2753 3317 2866 3371 ῐσον
2884 3312 3023 3372 εἶναι
3039 3321 3206 3391 φαίην
3222 3323 3383 3378 άν.Εί
3402 3326 3520 3398 γὰρ
3550 3330 3657 3383 καὶ

2056 3406 2266 3478 πατέρα
2285 3407 2380 3461 καὶ
2401 3408 2616 3478 μητέρα
2631 3408 2720 3462 διὰ
2734 3409 2941 3482 ταύτην
2958 3412 3175 3481 ἀφεῖναι
3194 3417 3508 3490 προσετάγη
3516 3438 3653 3489 μεν,

2053 3499 2155 3552 ούκ
2173 3498 2486 3563 ἀδικοῦντες
2499 3499 2761 3567 ἐκείνους,
2780 3502 2919 3557 ἀλλά
2933 3504 3098 3576 νόμον
3117 3505 3259 3559 θεῖον
3277 3508 3652 3580 πληροῦντες,

2054 3590 2148 3644 καὶ
2173 3592 2288 3654 τοῖς
2316 3592 2701 3662 γεγεννηκόσιν
2723 3594 2907 3660 αὐτοῖς
2927 3595 3070 3652 οὕτω
3086 3597 3334 3654 ποθεινὸν
3348 3600 3537 3667 τοῦτο,
3571 3606 3656 3670 ὡς

2053 3688 2147 3740 καὶ
2173 3687 2371 3751 αὐτοὺς
2394 3687 2519 3751 τοὺς
2558 3689 3142 3763 καταλιμπανομένους
3171 3694 3267 3748 καὶ
3298 3694 3459 3765 χάριν
3491 3699 3653 3770 ἔχειν

2053 3781 2150 3834 καὶ
2183 3779 2324 3850 μετά
2353 3779 2553 3850 πολλῆς
2573 3779 2759 3835 ἀνύειν
2786 3782 2919 3836 αὐτὸ
2937 3786 3039 3854 τῆς
3078 3786 3317 3856 σπουδῆς
3338 3800 3354 3814 ⁸
3390 3788 3510 3853 πῶς
3543 3792 3653 3847 οὐκ

2052 3870 2289 3940 ἐσχάτης
2316 3869 2513 3941 μανίας
2534 3870 2741 3941 ταύτην
2763 3871 3027 3943 ὑϐρίζειν,
3067 3874 3135 3928 δι’
3166 3876 3234 3947 ην
3270 3879 3365 3932 καὶ
3389 3881 3522 3945 τοὺς
3546 3899 3651 3950 γε-

2050 3962 2383 4033 γεννηκότας
2410 3964 2439 4015 ὁ
2470 3962 2603 4028 Θεὸς
2632 3964 2849 4033 ἀφεῖναι
2875 3964 3195 4034 ἐκέλευσεν;
3232 3965 3320 4040 ἆρ’
3347 3968 3442 4026 οὖν
3466 3977 3649 4044 μανία

2054 4054 2215 4126 μόνον
2258 4054 2452 4121 τοῦτο;
2494 4054 2604 4126 Τὴν
2626 4053 2685 4107 δὲ
2723 4054 3011 4127 αἰσχύνην,
3046 4058 3167 4112 εἰπέ
3201 4077 3314 4131 μοι,
3348 4063 3434 4129 τίς
3461 4068 3644 4134 olnt;

2051 4151 2204 4213 ποῖος
2240 4147 2297 4202 δέ
2347 4147 2518 4221 αὐτὴν
2565 4148 2913 4219 παραστῆσαι
2955 4149 3243 4222 δυνήσεται
3289 4155 3469 4225 λόγος,
3503 4161 3649 4216 ὅταν

2048 4240 2300 4309 ὀλολυγαὶ
2328 4239 2422 4294 καὶ
2461 4241 2700 4294 κωκυτοὶ
2747 4240 2887 4294 κατὰ
2924 4243 3050 4306 τοὺς
3080 4248 3389 4312 στενωποὺς
3418 4249 3642 4321 φέρων-

2045 4352 2157 4400 ται,
2202 4335 2298 4388 καὶ
2329 4333 2530 4406 δρόμος
2562 4334 2654 4387 ἐπὶ⁵
2686 4332 2785 4403 τὴν
2812 4333 2991 4388 οὶκίαν
3034 4333 3132 4388 τοῦ
3174 4336 3347 4394 ταῦτα
3382 4342 3641 4415 ἀσχημοο

2047 4428 2268 4491 νοῦντος
2297 4427 2393 4480 καὶ
2423 4426 2533 4480 τῶν
2560 4426 2822 4496 γειτόνων
2849 4429 2941 4481 καὶ
2969 4426 3078 4481 τῶν
3106 4431 3434 4502 παριόντων,
3457 4437 3638 4492 καθά-

2048 4535 2156 4590 περ
2193 4518 2337 4581 τινὸς
2373 4517 2562 4589 θηρίου
2605 4517 2674 4572 τά
2719 4516 2867 4572 ἔνδον
2912 4518 3354 4592 λυμαινομένους
3410 4525 3636 4586 Βέλτιον

2045 4611 2330 4683 διαστῆναι
2354 4609 2453 4682 τὴν
2498 4608 2602 4680 γῆν
2630 4608 2709 4681 τῷ
2745 4609 2814 4663 τὰ
2840 4611 3065 4666 τοιαῦτα
3090 4615 3462 4685 παροινοῦντι,
3487 4623 3519 4691 ή
3543 4624 3634 4676 ἐπ’

2044 4704 2250 4776 ἀγορᾶς
2279 4701 2443 4757 αὑτὸν
2484 4700 2718 4770 ὀφθῆναι
2745 4700 2954 4757 λοιπόν.
3012 4703 3176 4757 Ἀλλά
3225 4705 3561 4777 θρασύνεται
3596 4717 3629 4785 η

2044 4795 2204 4866 γυνὴ,
2253 4794 2439 4866 φησίν.
2508 4790 2646 4845 Ἀλλ’
2692 4790 2944 4861 ἐννόησον
2987 4792 3069 4856 ὅτι
3108 4794 3268 4866 γυνὴ,
3295 4796 3360 4851 16
3404 4799 3633 4867 ἀσθενὲς

2047 4887 2260 4954 σκεῦος,
2295 4888 2360 4941 σὺ
2391 4886 2446 4940 δὲ
2476 4886 2637 4956 ἀνήρ.
2669 4882 2770 4936 Διὰ
2813 4883 2925 4954 7&9
2958 4883 3119 4938 τοῦτο
3147 4888 3243 4940 καὶ
3273 4889 3461 4960 ἄρχων
3487 4895 3630 4965 ἐχει.

2046 4980 2362 5053 ροτονήθης,
2405 4979 2501 5032 καὶ
2549 4978 2607 5030 ἐν
2634 4974 2786 5039 τάξει
2830 4976 3076 5047 κεφαλῆς
3103 4978 3310 5050 ἐδόθης,
3340 4983 3429 5036 ῖνα
3459 4988 3629 5059 φέρῃς

2042 5074 2143 5144 τῆς
2170 5070 2483 5143 ἀρχομένης
2526 5068 2625 5141 τὴν
2654 5067 2961 5127 ἀσθένειαν.
2998 5069 3233 5141 Ποίησον
3268 5074 3452 5129 τοίνυν
3488 5079 3627 5150 λαμ.

2042 5165 2188 5237 πράν
2215 5182 2297 5218 σοι
2328 5163 2428 5234 τὴν
2461 5161 2640 5234 ἀρχήν
2660 5176 2675 5192 ⁸
2706 5159 2861 5214 ἔσται
2898 5160 2958 5214 δέ
2995 5160 3246 5234 λαμπρά,
3283 5165 3413 5222 ὅταν
3451 5170 3513 5223 τὸ
3534 5172 3630 5242 ἀρ-

2041 5258 2273 5331 χόμενον
2323 5257 2398 5328 μὴ
2425 5254 2721 5326 ἀτιμάζῃς.
2779 5253 2890 5308 Καὶ
2941 5253 3194 5326 καθάπερ
3242 5256 3273 5309 ό
3330 5256 3628 5329 βασιλεύων

2041 5349 2283 5420 τοσούτῳ
2320 5346 2647 5419 σεμνότερος
2690 5346 2962 5416 φανεῖται,
2998 5346 3109 5417 ὅσῳ
3140 5346 3207 5400 ἃν
3254 5348 3350 5402 16v
3384 5350 3626 5425 ὕπαρχον

2045 5443 2368 5515 σεμνότερον
2393 5439 2647 5511 ἀποφήνῃ
2666 5452 2682 5467 °
2704 5436 2771 5491 ἂν
2796 5436 2854 5491 δέ
2874 5438 3119 5509 ἀτιμάσῃ
3163 5438 3261 5493 καὶ
3288 5445 3625 5520 καταισχύνῃ

2040 5536 2142 5606 τῆς
2172 5534 2334 5599 ἀξίας
2366 5531 2581 5601 ἐκείνης
2602 5528 2664 5584 τὸ
2699 5528 2952 5600 μέγεθος,
2988 5529 3209 5600 καὶτῆς
3236 5532 3434 5587 ἐαυτοῦ
3472 5534 3623 5605 δόξης

2041 5629 2144 5682 οὐκ
2169 5626 2350 5696 ὀλίγον
2375 5622 2742 5695 ὑποτέμνεται
2772 5620 2966 5694 μέροςο
3000 5620 3142 5675 οὕτω
3173 5621 3272 5676 καὶ
3322 5624 3389 5678 σὺ
3436 5626 3506 5680 ἂν
3533 5629 3628 5698 τὴν

2047 5721 2185 5795 μετὰ
2216 5721 2277 5775 σὲ
2307 5718 2584 5792 ἄρχουσαν
2612 5715 2911 5787 ἀτιμάσῃς,
2940 5714 3041 5785 οὐχ
3069 5712 3145 5777 ὡς
3176 5714 3336 5787 ἔτυχε
3369 5717 3626 5788 λυμανεις

2050 5830 2143 5869 σου
2181 5812 2280 5886 τῆς
2310 5810 2485 5885 ἀρχῆς
2520 5808 2619 5882 τὴν
2646 5804 3045 5881 τιμήνῄΐαῦτα
3067 5803 3248 5861 τοίνυν
3284 5808 3626 5883 λογιζόμενος
