3826 6216
174 290 240 344 ut
410 270 446 285 "
1029 274 1096 332 IN
1135 273 1350 331 EPIST.
1389 274 1412 330 ι
1474 271 1568 327 an
1603 271 1764 328 con.
1806 271 2035 330 noutL.
2075 274 2264 332 xxvt.

169 406 286 458 virum
305 395 424 459 feras,
444 391 746 461 Splendidam
771 390 1003 461 accipies
1030 405 1286 446 coronam
1317 408 1329 444 :
1352 390 1432 443 sin
1456 403 1606 442 man-

163 505 311 548 suetum
331 496 371 541 et
393 487 554 551 mitem,
581 499 741 555 quam
785 484 878 539 tibi
909 485 1047 539 Deus
1092 484 1240 538 dabit
1267 481 1609 538 mercedem?

160 586 206 640 Et
223 583 305 636 llth
319 577 411 632 dico
427 591 508 631 non
527 575 712 644 jubens
728 575 955 630 maritos
969 589 1089 629 esse
1113 587 1284 628 saevos
1297 583 1351 628 et
1364 586 1604 641 asperos,

155 675 223 732 sed
241 669 490 742 persuadens
513 668 813 722 mulieribus
839 678 896 721 ut
919 667 1065 721 viros
1095 665 1255 721 etiam
1294 665 1502 720 feroces
1527 663 1609 720 fe-

151 775 251 822 rant.
272 761 374 817 Cum
405 760 517 814 enim
543 759 902 829 unusquisque
929 774 1026 812 sua
1057 757 1278 826 implere
1305 756 1605 822 curaverit,

149 857 278 913 statim
298 860 528 920 sequentur
543 851 702 905 etiam
718 865 780 904 ea
805 865 922 919 qua:
943 857 1067 903 sunt
1093 849 1318 917 proximi
1341 865 1354 901 :
1375 845 1606 916 exempli

144 956 377 1010 causa,cum
409 956 516 994 uxor
540 948 719 1009 parata
748 940 908 994 fuerit
935 939 1003 993 ad
1051 940 1223 992 virum
1251 953 1501 1006 asperum
1525 940 1606 992 fe-

144 1033 330 1096 rendum,
348 1040 390 1086 et
416 1033 480 1084 vir
501 1032 847 1099 importunam
875 1031 1020 1085 illam
1051 1046 1158 1084 non
1186 1029 1504 1084 contumelia
1528 1028 1610 1082 af-

144 1125 293 1188 'ecerit,
314 1132 415 1177 tunc
439 1122 594 1176 omnia
634 1121 899 1177 serenitas
925 1132 1110 1188 erunt,
1154 1131 1208 1176 et
1236 1129 1422 1190 portus
1446 1137 1474 1174 a
1501 1121 1606 1175 flu-

144 1219 261 1272 :tibus
282 1229 461 1269 vacuus.
488 1213 564 1268 Sic
590 1214 748 1269 etiam
782 1229 878 1268 usu
907 1213 1154 1268 veniebat
1192 1213 1331 1283 apud
1361 1215 1566 1284 priscos
1590 1232 1605 1272 :

146 1325 194 1363 ua
216 1309 403 1377 quisque
427 1305 676 1376 implebat,
705 1320 805 1361 nec
847 1321 963 1375 qua:
993 1306 1222 1376 proximi
1249 1316 1403 1362 erant
1431 1307 1610 1377 exige-

144 1409 204 1454 ω.
242 1396 475 1467 Perpende
507 1398 918 1452 autemzfratris
962 1397 1132 1452 filium
1171 1413 1353 1453 secum
1403 1400 1607 1468 accepit

150 1490 362 1554 braham;
390 1504 480 1544 non
503 1490 548 1543 id
579 1490 925 1560 reprehendit
953 1505 1093 1546 uxor
1117 1507 1130 1545 :
1156 1491 1317 1560 jussit
1335 1507 1452 1545 eam
1487 1491 1606 1546 lon-

144 1599 208 1637 um
227 1583 311 1637 iter
332 1582 595 1652 suscipere,
613 1597 784 1653 neque
805 1583 1122 1654 repugnavit
1143 1584 1252 1650 illa,
1273 1583 1367 1638 sed
1384 1593 1607 1653 sequuta

144 1683 183 1727 :t.
211 1673 393 1728 Rursus
416 1683 519 1742 post
564 1673 685 1729 illas
715 1677 909 1730 multas
953 1691 1254 1739 mrumnas,
1293 1675 1506 1730 labores
1554 1683 1609 1732 et

144 1763 304 1826 tdores,
328 1776 436 1817 cum
459 1762 694 1818 dominus
719 1766 957 1818 omnium
984 1773 1148 1831 esset,
1169 1766 1365 1834 primas
1385 1780 1610 1822 conces-

144 1854 322 1909 rLoto:
350 1863 399 1908 et
425 1868 517 1908 non
542 1855 700 1910 modo
745 1855 796 1910 id
828 1870 936 1910 non
978 1871 1120 1925 regre
1156 1857 1273 1911 tulit
1302 1857 1456 1923 Sara,
1511 1857 1607 1912 sed

146 1960 234 2016 que
267 1959 323 1999 os
349 1946 554 2015 aperuit,
605 1961 705 2001 nec
748 1947 1020 2018 quidpiam
1068 1948 1202 2004 dixit
1238 1964 1446 2016 eorum,
1487 1965 1608 2020 qua:

149 2052 207 2091 nc
244 2037 471 2092 mulieres
517 2039 696 2092 multae
745 2039 1054 2109 loquuntur,
1108 2056 1229 2095 cum
1259 2040 1442 2097 vident
1464 2042 1608 2097 viros

144 2143 186 2184 )S
227 2129 275 2182 in
300 2128 582 2198 hujusmodi
626 2131 862 2186 sortibus
904 2133 1082 2187 minus
1125 2133 1344 2199 habere,
1375 2135 1607 2190 maxime

144 2221 262 2275 ando
279 2236 394 2276 cum
421 2221 747 2277 inferioribus
771 2237 861 2278 res
883 2232 988 2289 est,
1007 2226 1396 2294 exprobrantes
1416 2267 1431 2292 ,
1465 2226 1605 2281 stul-

144 2355 157 2376 ,
177 2313 404 2380 insanos,
427 2314 654 2384 ignavos,
675 2314 975 2384 proditores
991 2314 1315 2386 hebetesque
1332 2328 1601 2374 vocantes.

144 2405 300 2459 lnihil
324 2405 490 2461 simile
516 2407 599 2461 illa
629 2407 715 2462 vel
733 2407 965 2462 dixitvel
994 2409 1263 2478 cogitavit,
1288 2409 1382 2464 sed
1410 2424 1608 2479 appro-

148 2499 184 2551 it
207 2498 380 2552 omnia
407 2497 471 2552 ab
493 2501 605 2568 ipso
648 2499 807 2555 facta.
837 2499 1100 2570 Quodque
1129 2501 1305 2571 majus
1323 2510 1426 2568 est,
1459 2511 1604 2573 post-

148 2603 194 2641 m
234 2588 369 2643 Loto
411 2588 522 2644 data
550 2597 634 2645 est
671 2591 889 2660 optandi
935 2591 1160 2647 facultas
1188 2603 1242 2648 et
1276 2595 1481 2648 minora
1514 2595 1603 2651 ille

144 2694 219 2734 ’uo
242 2680 522 2745 concessit,
551 2682 605 2735 in
634 2681 930 2750 periculum
961 2683 1051 2738 ille
1072 2699 1236 2754 grave
1258 2684 1462 2740 incidit.
1484 2685 1602 2752 Quo

144 2771 532 2839 ito,patriarcha
575 2783 764 2828 omnes
794 2788 920 2828 suos
943 2776 1190 2840 armavit,
1222 2787 1275 2831 et
1299 2787 1486 2833 contra
1516 2787 1602 2833 to-

161 2862 451 2917 Persarum
472 2865 765 2919 exercitum
795 2880 915 2920 sese
939 2869 1216 2936 apparavit
1239 2883 1359 2924 cum
1381 2869 1600 2926 domes-

163 2954 279 3008 suis
330 2964 576 3010 tantum:
620 2972 794 3026 neque
824 2966 952 3013 tunc
995 2959 1147 3015 illum
1195 2960 1309 3029 ipsa
1355 2963 1598 3032 retinuit,

144 3061 183 3100 te
201 3045 365 3113 dixit,
401 3056 570 3118 utpar
601 3048 879 3104 videbatur
902 3065 1024 3106 esse
1046 3068 1060 3107 :
1079 3051 1197 3118 Quo
1223 3052 1420 3123 pergis,
1449 3070 1482 3108 o
1504 3055 1601 3109 ho-

144 3151 238 3204 per
255 3137 554 3205 praecipitia
584 3139 952 3213 teimpellens,
978 3149 1034 3195 et
1060 3141 1111 3194 in
1137 3151 1279 3195 tanta
1308 3144 1601 3213 conjiciens

144 3229 265 3295 uia,
315 3245 421 3298 pro
450 3230 562 3284 viro
612 3212 702 3299 qui
733 3241 785 3288 te
810 3234 1130 3288 contumelia
1182 3234 1380 3300 affccit,
1413 3245 1466 3292 et
1512 3246 1599 3292 tua

145 3336 174 3372 a
221 3324 436 3391 rapuit,
469 3325 778 3393 sanguinem
821 3325 1091 3380 fundens?
1132 3327 1264 3382 Nam
1295 3329 1338 3384 si
1371 3330 1599 3400 teipsum

144 3413 266 3477 cis,
314 3429 414 3469 me
463 3415 690 3482 Saltem,
728 3418 818 3485 qui
865 3419 1054 3488 reliqui
1080 3421 1319 3486 domum,
1352 3425 1595 3492 patriam,

144 3520 189 3558 »ε
223 3514 285 3560 et
317 3515 622 3576 cognatos,
669 3518 722 3563 et
773 3510 826 3564 in
874 3519 1019 3567 tanta
1073 3521 1125 3568 te
1171 3516 1598 3584 peregrinatione

144 3608 400 3666 'equuta,
435 3599 715 3666 miserare,
749 3615 848 3656 nec
877 3617 964 3658 me
1004 3604 1260 3673 conjicias
1291 3605 1342 3660 in
1371 3606 1598 3662 viduita-

146 3696 167 3741 t
197 3689 259 3742 in
293 3687 590 3743 viduitatis
617 3691 777 3744 mala.
801 3691 943 3746 Nihil
982 3692 1172 3748 horum
1203 3695 1286 3750 vel
1315 3695 1466 3763 dixit,
1511 3699 1596 3754 vel

151 3782 233 3835 vit
255 3822 276 3848 ,
304 3781 414 3836 sed
447 3796 574 3837 cum
614 3782 829 3838 silentio
857 3784 976 3839 tulit
1000 3787 1198 3840 omnia.
1236 3787 1437 3845 Deinde
1465 3806 1594 3845 vero

191 3883 485 3927 manente
539 3881 713 3939 utero,
757 3874 870 3944 ipsa
914 3875 1128 3945 quidem
1161 3893 1266 3933 non
1302 3879 1504 3949 patitur
1531 3897 1592 3938 ea

144 3965 403 4018 mlieres
433 3965 545 4033 pati
574 3965 766 4032 solent,
802 3982 975 4036 neque
1001 3969 1358 4026 lamentatur:
1385 3972 1476 4028 ille
1501 3989 1596 4028 au-

144 4064 264 4124 get,
304 4056 419 4110 sed
451 4072 564 4110 non
586 4057 725 4126 apud
750 4074 994 4126 uxorem,
1018 4061 1110 4115 sed
1135 4063 1273 4132 apud
1305 4065 1493 4120 Deum.
1527 4068 1594 4124 Et

151 4144 420 4199 lOlllOdO
454 4146 678 4216 singuli,
699 4149 837 4216 qttod
868 4164 966 4219 par
983 4159 1116 4217 erat,
1147 4161 1382 4208 servent.
1407 4154 1592 4227 Neque

156 4237 217 4290 le
257 4237 485 4289 Saram
513 4235 762 4306 despexit
791 4247 848 4292 ut
872 4240 1130 4304 Sterilem,
1165 4258 1336 4312 neque
1365 4245 1438 4299 illi
1470 4247 1592 4302 ideo

144 4344 220 4379 ,m
257 4326 674 4395 exprobravit.
707 4329 802 4384 Illa
847 4345 976 4385 vero
1003 4331 1235 4388 vicissim
1263 4337 1588 4393 consolatio-

144 4421 435 4475 tamdam
464 4436 573 4490 pro
599 4422 830 4478 orbitate
875 4426 1195 4495 excogitavit
1222 4445 1316 4498 per
1340 4431 1586 4487 ancillam

146 4513 454 4568 nondum
500 4515 651 4570 enim
699 4515 786 4571 illa
832 4525 959 4573 tunc
1006 4520 1268 4587 prohibita
1299 4531 1485 4590 erant,
1531 4537 1590 4580 ut

152 4615 262 4658 nt.
305 4605 496 4659 Nunc
524 4605 672 4660 enim
705 4621 877 4674 neque
905 4610 1156 4664 uxoribus
1185 4611 1312 4667 licet
1352 4614 1479 4668 viris
1506 4624 1583 4670 ta-

144 4696 324 4748 tiam
364 4696 630 4762 referre;
665 4712 838 4768 neque
862 4698 988 4765 illis,
1011 4700 1123 4755 sive
1145 4703 1452 4770 scientibus,
1472 4706 1586 4761 sive

144 4790 333 4843 tibus
397 4789 714 4854 uxoribus,
768 4791 901 4846 tales
961 4801 1166 4848 tentare
1233 4797 1580 4865 concubitus,

144 4885 195 4934 is
240 4880 558 4935 orbitatis
579 4881 763 4936 dolore
787 4895 1110 4952 premantur.
1151 4884 1284 4941 Nam
1318 4888 1417 4957 ipsi
1452 4906 1586 4960 quo-

149 4980 327 5034 eut,
385 4969 611 5025 Vermis
639 4988 812 5024 eorum
836 4989 935 5026 non
961 4975 1221 5043 morietur,
1250 4988 1298 5031 et
1321 4980 1452 5049 ignis
1497 4998 1583 5035 eo-

144 5061 811 5133 exslingueturUInrc.
836 5061 887 5118 9.
912 5065 1025 5136 45).
1054 5064 1168 5121 Νοη
1188 5068 1329 5123 enim
1363 5071 1414 5125 id
1439 5087 1580 5128 nunc

144 5168 280 5217 ur,
328 5159 489 5204 tunc
519 5167 656 5206 vero
679 5167 784 5206 non
815 5155 1137 5223 prohibitum
1163 5168 1280 5213 erat
1313 5177 1325 5214 :
1355 5162 1580 5232 ideoque

194 5242 458 5311 jussit,
517 5251 583 5298 et
631 5244 719 5298 ille
757 5243 1166 5317 obtemperavit,
1195 5265 1366 5320 neque
1399 5261 1576 5309 tamen

144 5335 587 5401 uluptatem.
614 5333 720 5390 Sed
744 5336 882 5402 vide,
913 5338 1142 5408 inquies,
1171 5344 1442 5412 quomodo
1460 5349 1572 5415 ipsa

144 5424 500 5483 ancillam
539 5427 722 5498 ejecit.
755 5429 870 5500 Ego
897 5431 1044 5487 enim
1081 5433 1183 5489 hoc
1221 5437 1345 5492 volo
1392 5450 1574 5496 osten-

144 5517 202 5573 d
281 5522 374 5572 et
406 5517 526 5574 ille
580 5520 680 5590 ipsi
709 5519 763 5576 in
794 5522 1039 5579 omnibus
1067 5527 1481 5600 obtemperaret,
1516 5543 1572 5589 et

165 5713 258 5757 ει
299 5703 412 5756 vir
438 5719 571 5758 non
591 5703 768 5760 debent
788 5705 916 5762 alter
932 5708 1140 5766 alterius
1154 5722 1444 5784 exspectare
1464 5719 1564 5773 vir—
1590 5790 1592 5792 ν

3189 289 3296 350 9.2%

1717 395 1869 439 tatem
1894 389 1963 440 ad
2002 390 2504 462 philosoPhandum;
2533 413 2742 453 uxorem
2770 401 3028 461 verberare
3056 416 3296 476 turpissi-

1717 493 1852 529 mum
1881 488 1972 532 est.
2000 509 2070 518 —
2099 479 2362 537 Cancrum
2389 500 2458 540 ne
2491 487 2573 542 his
2598 490 2770 545 solum
2797 495 3046 551 attendas
3065 538 3080 562 ,
3111 501 3205 554 sed
3237 511 3291 555 tu

1712 582 1829 636 quae
1858 568 1973 623 haec
2000 570 2135 626 dicis
2155 573 2315 628 etiam
2342 578 2518 646 priora
2546 583 2815 650 examina,
2842 585 2984 654 quod
3013 597 3294 648 contume-

1713 659 1836 714 liam
1866 661 2086 719 inferret
2114 665 2197 731 ei,
2245 668 2388 736 quod
2419 684 2478 725 se
2507 684 2823 742 arroganter
2849 679 3135 735 extolleret
3161 697 3295 738 con-

1714 763 1792 808 tra
1819 754 2089 810 dominam
2116 775 2129 812 :
2155 774 2261 828 quo
2291 762 2419 831 quid
2446 764 2725 821 molestius
2751 783 2871 824 esse
2898 773 3067 840 possit
3110 774 3293 830 liberte

1713 846 1919 901 mulieri
1952 857 2006 902 et
2035 848 2316 906 honestae?
2361 853 2440 909 Ne
2485 857 2664 928 itaque
2693 861 2793 917 viri
2821 865 3070 920 virtutem
3102 883 3295 938 exspe-

1711 945 1822 990 ctet
1863 954 2033 1003 uxor,
2081 949 2140 994 ut
2185 951 2309 999 tunc
2351 945 2441 1001 illa
2470 964 2622 1004 suam
2667 952 2951 1023 exhibeat;
2993 957 3095 1014 hoc
3149 977 3290 1017 enim

1712 1028 1841 1083 nihil
1869 1046 2115 1102 magnum
2144 1045 2316 1104 eSset;
2375 1055 2548 1110 neque
2578 1059 2761 1100 rursus
2785 1049 2868 1102 vir
2893 1054 3076 1107 uxoris
3107 1055 3294 1110 mode-

1713 1121 1892 1188 stiam,
1921 1134 1978 1177 ut
2008 1133 2132 1182 tunc
2160 1128 2600 1202 philosophetur;
2629 1152 2802 1207 neque
2822 1142 2964 1196 enim
2995 1153 3119 1198 tunc
3147 1155 3293 1203 recte

1714 1215 1908 1269 factum
1937 1217 2065 1274 illud
2089 1220 2258 1290 ipsius
2283 1234 2461 1292 esset;
2499 1228 2593 1283 sed
2625 1233 3024 1304 unusquisque,
3055 1248 3112 1292 ut
3141 1238 3286 1303 dixi,

1712 1321 1830 1376 qua:
1857 1325 1952 1363 sua
1983 1321 2107 1366 sunt
2153 1315 2302 1383 prius
2345 1318 2600 1387 praebeat.
2630 1322 2686 1377 Si
2715 1326 2857 1380 enim
2893 1330 3133 1385 externis
3162 1331 3293 1386 dex-

1714 1407 1882 1454 teram
1908 1394 2178 1459 maxillam
2202 1410 2642 1478 percutientibus,
2662 1426 2872 1484 oportet
2893 1422 3134 1490 praebere
3157 1431 3293 1481 alte-

1712 1507 1863 1557 ram;
1894 1495 2066 1550 multo
2093 1499 2262 1568 magis
2289 1501 2466 1558 virum
2495 1503 2728 1561 ferocem
2758 1509 2898 1567 ferre
2925 1523 3155 1582 oportet.
3185 1516 3291 1572 Sed

1712 1598 1820 1638 non
1847 1584 1962 1641 haec
1990 1587 2112 1643 dico
2135 1597 2195 1643 ut
2220 1591 2537 1650 verberetur
2565 1598 2776 1662 mulier,
2810 1603 2981 1668 absit;
3021 1621 3144 1660 nam
3173 1607 3288 1663 haec

1713 1683 1950 1731 extrema
1979 1681 2306 1735 contumelia
2329 1693 2442 1750 est,
2476 1701 2580 1741 non
2613 1691 2910 1748 verberatae
2932 1735 2947 1761 ,
2978 1697 3073 1751 sed
3096 1700 3285 1754 verbe-

1712 1767 1849 1819 ranti
1871 1783 1884 1831 ;
1904 1767 1999 1822 sed
2018 1770 2062 1824 si
2080 1785 2207 1826 casu
2229 1774 2408 1844 aliquo
2428 1776 2584 1832 talem
2602 1782 2881 1853 conjugem
2897 1789 3084 1844 sortita
3102 1790 3290 1858 fueris,

1714 1870 1748 1908 o
1803 1857 2030 1925 mulier,
2087 1876 2156 1916 ne
2200 1863 2416 1935 indigne
2475 1867 2649 1937 feras,
2701 1875 2941 1944 cogitans
2996 1857 3288 1944 repositam

1714 1947 1807 2002 tibi
1850 1951 2152 2006 mercedem
2174 1995 2188 2020 ,
2219 1963 2272 2008 et
2306 1957 2358 2011 in
2397 1957 2495 2012 hac
2526 1960 2630 2014 vita
2680 1962 2911 2021 laudem.
2946 1968 3111 2025 Vobis
3148 1989 3286 2043 quo-

1711 2053 1818 2106 que
1864 2041 1991 2097 viris
2039 2042 2140 2098 hoc
2191 2044 2352 2101 dico:
2397 2048 2531 2104 nihil
2580 2052 2686 2108 tale
2732 2056 2804 2109 sit
2847 2041 3292 2132 peccatum,iquo

1711 2133 1976 2200 cogamini
2008 2149 2230 2192 uxorem
2259 2138 2566 2197 verberare.
2603 2143 2670 2198 Et
2709 2147 2835 2215 quid
2858 2148 2980 2203 dico
3025 2157 3292 2208 uxorem?

1711 2237 1888 2292 neque
1929 2225 2179 2284 anciilam
2209 2230 2492 2288 verberare
2521 2246 2613 2290 aut
2651 2238 2700 2292 ei
2732 2256 2920 2296 manus
2947 2243 3147 2300 inferre
3173 2248 3290 2302 viro

1711 2312 1942 2380 ingenuo
1967 2315 2125 2371 fuerit
2169 2319 2525 2377 tolerandum.
2553 2325 2705 2392 Quod
2741 2330 2786 2382 si
2831 2332 3078 2387 ancillam
3106 2337 3295 2392 verbe-

1709 2416 1832 2456 rare
1858 2418 2106 2473 magnum
2133 2407 2295 2464 infert
2319 2411 2434 2467 viro
2461 2416 2749 2482 probrum;
2782 2422 2948 2476 multo
2970 2425 3137 2493 magis
3159 2440 3292 2480 con-

1709 2501 1790 2547 tra
1839 2493 2066 2550 liberam
2113 2513 2330 2556 manum
2376 2503 2678 2562 intendere.
2727 2509 2793 2563 Et
2820 2511 2921 2566 hoc
2949 2513 3001 2568 in
3055 2519 3292 2572 externis

1707 2585 1871 2641 etiam
1918 2588 2312 2659 legislatoribus
2359 2595 2544 2652 videre
2576 2607 2690 2665 est,
2725 2601 2814 2671 qui
2845 2618 2962 2659 eam
3009 2622 3130 2676 quae
3163 2610 3287 2664 talia

1708 2692 1866 2747 passa
1921 2679 2022 2736 fuit
2077 2699 2184 2738 non
2237 2698 2432 2758 cogunt
2467 2689 2710 2747 habitare
2756 2710 2878 2751 cum
2922 2712 3284 2768 percussore,

1707 2775 1893 2837 utpote
1919 2772 2009 2840 qui
2051 2772 2194 2830 illius
2235 2781 2510 2835 consortio
2551 2780 2797 2852 indignus
2827 2787 2915 2841 sit.
2949 2789 3160 2846 Etenim
3190 2809 3289 2848 ex-

1708 2864 1894 2914 tremae
1937 2870 2022 2916 est
2061 2862 2356 2933 iniquitatis
2378 2909 2394 2935 ,
2426 2871 2550 2924 vita:
2593 2885 2896 2932 consortem
2917 2921 2933 2945 ,
2967 2896 3087 2951 qua:
3115 2884 3206 2939 tibi
3235 2886 3288 2940 in

1705 2949 1868 3005 rebus
1895 2957 2213 3011 necessariis
2230 2957 2438 3027 jamdiu
2467 2977 2686 3031 operam
2713 2949 3000 3036 praestabat
3017 3014 3032 3038 ,
3057 2985 3112 3029 ut
3131 2991 3289 3032 man-

1706 3039 1906 3109 cipium
1936 3043 2226 3113 ignominia
2264 3048 2502 3106 afficere.
2537 3053 2664 3110 Ideo
2692 3059 2852 3113 etiam
2891 3061 3047 3116 talem
3077 3066 3249 3120 virum
3269 3107 3288 3132 ,

1705 3131 1750 3185 si
1779 3133 1951 3187 virum
1978 3144 2152 3192 tamen
2179 3139 2302 3194 licet
2327 3144 2619 3213 appellare,
2650 3163 2756 3202 non
2788 3149 2974 3218 feram,
3008 3156 3289 3223 parricida:

1706 3230 1761 3277 et
1807 3227 2102 3282 matricida:
2147 3244 2328 3300 parem
2375 3249 2496 3291 esse
2527 3236 2777 3294 dixerim.
2830 3242 2962 3297 Nam
2992 3245 3038 3298 si
3071 3258 3289 3318 propter

1705 3313 1851 3368 illam
1870 3325 1927 3371 et
1943 3327 2148 3387 patrem
2165 3328 2220 3376 et
2235 3333 2460 3380 matrem
2484 3327 2791 3399 relinquere
2805 3332 2939 3400 jussi
2953 3350 3156 3404 sumus,
3179 3355 3286 3395 non

1704 3405 1811 3462 illis
1837 3407 2082 3478 injuriam
2101 3411 2381 3483 facientes,
2408 3419 2500 3473 sed
2525 3419 2759 3477 divinam
2784 3424 2956 3496 legem
2980 3428 3282 3499 implentes,

1704 3495 1834 3567 ipsis
1873 3504 2186 3568 parentibus
2225 3506 2360 3562 adeo
2407 3495 2856 3583 desiderabilem,
2882 3527 2940 3572 ut
2970 3529 3024 3574 et
3057 3495 3165 3591 ipsi
3195 3495 3285 3592 qui

1704 3590 2082 3661 relinquuntur
2122 3597 2346 3666 gratiam
2394 3600 2660 3668 habeant,
2693 3617 2746 3660 et
2789 3607 2891 3663 hoc
2938 3625 3060 3665 cum
3087 3590 3286 3670 studio

1701 3700 1896 3754 magno
1929 3687 2203 3744 efficiant:
2277 3694 2547 3762 quomodo
2577 3712 2684 3752 non
2715 3711 2968 3757 extremae
2999 3705 3285 3764 dementiae

1704 3777 1883 3843 fuerit,
1903 3795 2020 3835 eam
2037 3785 2360 3840 contumelia
2373 3787 2612 3854 afﬁcere,
2636 3803 3017 3864 propterquam
3034 3811 3284 3867 parentes

1706 3868 1852 3923 Deus
1872 3870 2032 3938 jussit
2077 3873 2383 3930 dimittere?
2413 3894 2540 3932 num
2572 3880 2674 3935 hoc
2719 3883 2922 3938 insania
2954 3887 3125 3942 solum
3165 3893 3284 3944 est?

1700 3961 1944 4018 Dedecus
1973 3973 2028 4018 et
2055 3965 2400 4034 ignominiam
2425 3979 2603 4025 autem
2634 3973 2938 4043 ltujusmodi
2963 3980 3084 4047 quis
3111 3981 3282 4036 ferat?

1699 4055 1818 4124 quis
1846 4070 2024 4112 sermo
2052 4060 2220 4128 possit
2250 4077 2366 4116 eam
2397 4065 2692 4133 explicare,
2722 4072 2936 4138 quando
2969 4071 3198 4127 ululatus
3226 4084 3281 4130 et

1697 4149 1927 4218 gemitus
1960 4165 2056 4219 per
2100 4154 2333 4222 compita
2381 4154 2626 4211 feruntur
2650 4199 2665 4223 ,
2704 4167 2761 4213 et
2788 4175 3084 4218 concursus
3113 4175 3194 4219 est
3225 4166 3279 4220 in

1698 4238 1915 4294 domum
1961 4241 2112 4310 ejus,
2157 4247 2244 4314 qui
2290 4256 2396 4300 tam
2450 4247 2708 4304 indecore
2756 4266 2817 4306 se
2861 4255 2997 4323 gerit
3044 4265 3099 4309 et
3139 4256 3278 4311 vici-

1699 4346 1886 4385 norum
1918 4341 1972 4388 et
2000 4338 2434 4402 praetereuntium
2457 4380 2471 4403 ,
2519 4355 2580 4393 ac
2614 4340 2659 4394 si
2707 4342 2818 4396 fera
2860 4347 3123 4414 quaepiam
3154 4363 3276 4416 qua:

1694 4422 1838 4479 intus
1864 4435 1988 4479 sunt
2019 4426 2298 4482 labefactet
2331 4438 2383 4482 et
2412 4431 2636 4499 perdat?
2662 4434 2961 4503 Optabilius
2988 4447 3130 4492 esset
3160 4448 3274 4493 ter-

1694 4531 1808 4569 ram
1837 4515 2115 4572 dehiscere
2143 4520 2191 4572 ei
2223 4520 2313 4588 qui
2362 4530 2466 4574 tam
2499 4521 2700 4577 furiose
2725 4539 2782 4578 se
2808 4534 2996 4594 gerat,
3030 4543 3186 4596 quam
3216 4542 3274 4585 ut

1695 4619 1880 4679 postea
1900 4611 1960 4663 in
1987 4611 2104 4665 foro
2126 4621 2401 4681 appareat.
2433 4612 2534 4667 Sed
2567 4615 2788 4682 mulier,
2822 4616 3061 4686 inquiet,
3082 4616 3271 4676 audax

1691 4709 1746 4754 et
1788 4715 1978 4770 aspera
2010 4711 2110 4756 est.
2161 4700 2268 4758 Sed
2300 4704 2471 4773 cogita
2505 4705 2649 4758 illam
2681 4720 2802 4761 esse
2832 4709 3110 4765 mulierem
3131 4753 3146 4776 ,
3175 4728 3268 4770 vas

1692 4791 1981 4860 infirmum,
2015 4803 2065 4848 te
2091 4804 2269 4850 autem
2295 4797 2488 4851 virum.
2520 4798 2818 4868 Propterea
2847 4801 2988 4856 enim
3019 4804 3262 4875 princeps

1690 4887 2012 4942 constitutus
2041 4902 2098 4941 es
2118 4927 2134 4953 ,
2174 4898 2228 4942 et
2274 4889 2442 4943 instar
2469 4891 2666 4958 capitis
2694 4891 2850 4947 datus
2894 4908 2986 4961 es,
3035 4907 3090 4949 ut
3121 4896 3261 4954 feras

1690 4978 1805 5047 ejus
1866 4993 1984 5047 qum
2017 4978 2108 5033 tibi
2138 4994 2324 5047 parere
2364 4978 2522 5034 debet
2564 4981 3004 5039 imbecillitatem.
3033 4985 3139 5043 Fac
3169 4988 3260 5042 ita«

1686 5087 1790 5142 que
1820 5081 1876 5127 ut
1920 5072 2204 5142 imperium
2245 5082 2389 5127 tuum
2419 5074 2488 5128 sit
2510 5074 2886 5143 splendidum:
2919 5078 3260 5147 splendidum

1685 5174 1860 5219 autem
1884 5165 1988 5220 erit
2008 5205 2023 5229 ,
2050 5179 2171 5220 cum
2195 5179 2313 5220 eam
2340 5165 2424 5220 cui
2451 5165 2682 5236 imperas
2707 5184 2812 5222 non
2843 5168 3108 5225 dedecore
3134 5171 3257 5226 affe~

1685 5257 1845 5312 ceris.
1876 5259 1953 5312 Ac
1977 5257 2115 5312 sicut
2141 5257 2186 5312 is
2233 5257 2326 5327 qui
2353 5267 2540 5328 regnat
2575 5256 2710 5314 tunc
2758 5261 3067 5330 praeclarior
3095 5278 3258 5332 appa-

1683 5349 1823 5405 rebit
1841 5389 1857 5414 ,
1885 5365 2006 5404 cum
2034 5350 2135 5406 sibi
2167 5346 2476 5406 inferiorem
2523 5351 3255 5422 praefectum'prreclariorem

1681 5440 2010 5506 reddiderit;
2037 5441 2083 5495 si
2110 5452 2287 5497 autem
2315 5441 2441 5496 illud
2465 5451 2666 5496 tantum
2696 5459 2888 5497 munus
2915 5444 3179 5501 dedecore
3204 5457 3258 5503 et

1679 5532 1970 5604 ignominia
1993 5531 2252 5597 affecerit,
2272 5539 2402 5587 tunc
2430 5548 2459 5586 a
2491 5533 2664 5603 gloria
2689 5549 2784 5589 sua
2815 5551 2919 5588 non
2943 5551 3128 5604 parum
3153 5537 3252 5590 dc-

1679 5623 1878 5678 mitur:
1911 5623 1988 5678 sic
2017 5630 2072 5678 et
2113 5630 2199 5690 tu,
2229 5623 2276 5678 si
2303 5637 2423 5678 eam
2449 5639 2568 5694 quae
2597 5633 2722 5694 post
2750 5633 2802 5679 te
2832 5625 3054 5695 imperat
3083 5626 3247 5681 dedo-

1679 5731 1806 5778 corc
1847 5718 2120 5787 alfeceris,
2146 5733 2257 5776 non
2280 5717 2391 5776 levi
2416 5717 2612 5775 damno
2649 5716 2900 5774 effeceris
2925 5718 3253 5792 principatus
