3826 6216
453 279 554 340 2‘23

453 405 528 457 tui
583 403 864 460 honorem.
918 405 1044 464 "me
1096 408 1256 478 igitur
1302 409 1480 464 omnia
1528 420 1700 466 tecum
1745 422 2034 480 reputans,

455 504 823 563 temperanter
849 501 1064 568 age,'et
1089 513 1212 553 cum
1241 499 1324 554 his
1354 499 1515 554 etiam
1557 515 1836 571 vesperam
1883 500 2029 554 illam

404 619 409 623 -
451 587 657 654 cogita,
683 601 786 657 qua
817 596 869 643 te
896 588 1160 643 advocato
1193 599 1341 659 pater
1371 591 1533 644 filiam
1564 605 1715 645 suam
1743 591 1893 661 quasi
1936 591 2032 645 de-

453 677 688 747 positum
735 678 1000 747 quoddam
1035 681 1286 746 tradidit,
1319 690 1372 736 et
1402 681 1546 735 illam
1576 681 1644 735 ab
1670 681 1918 736 omnibus
1945 695 2031 736 se-

453 783 652 837 paraus
675 811 690 834 ,
737 784 764 822 a
807 779 975 825 matre
995 812 1010 837 ,
1042 771 1110 827 ab
1152 785 1245 838 se,
1273 786 1303 826 a
1333 771 1496 826 domo
1518 814 1534 839 ,
1565 782 1729 827 totam
1762 771 1854 826 tibi
1885 771 2030 826 illius

452 873 637 914 eiu-am
683 859 902 915 dextera
944 877 1039 916 sua
1084 862 1344 918 tradidit:
1392 865 1570 930 cogita
1598 873 1648 918 te
1685 863 1752 918 ab
1789 862 2030 932 il‘lapost

456 951 620 1007 Deum
653 953 791 1008 filios
816 955 1118 1026 suscepisse
1137 996 1151 1020 ,
1181 964 1236 1011 et
1264 965 1469 1026 patrem
1514 954 1761 1011 effectum
1788 967 1941 1019 esse,
1975 961 2031 1008 et

452 1042 578 1098 inde
603 1059 728 1114 erga
757 1045 897 1099 illam
927 1046 1069 1100 mitis
1093 1055 1229 1100 esto.
1417 1054 1424 1089 ἰ

523 1137 578 1191 8.
611 1136 725 1191 Non
760 1137 911 1193 vides
937 1138 1198 1208 agricolas
1218 1181 1232 1204 ,
1259 1139 1529 1210 quomodo
1571 1147 1768 1195 terram
1801 1152 1917 1209 quae
1946 1151 2031 1191 sc-

451 1228 562 1284 mel
600 1230 805 1284 semina
848 1232 1097 1300 excepit,
1131 1232 1308 1286 colant
1353 1232 1496 1286 omni
1541 1232 1764 1287 culturae
1791 1245 2026 1301 genere,

451 1321 663 1376 etiamsi
706 1322 983 1377 innumera
1032 1323 1227 1378 habeat
1268 1324 1642 1392 incommoda,
1699 1324 1911 1380 etiamsi
1953 1324 2027 1378 sit

451 1414 602 1467 arida
623 1454 640 1480 ,
669 1415 716 1467 si
740 1416 904 1468 malas
937 1415 1065 1468 ferat
1095 1415 1318 1481 herbas,
1348 1417 1392 1470 si
1423 1431 1487 1470 ex
1514 1417 1649 1470 situs
1688 1417 1898 1472 ratione
1924 1415 2027 1469 im-

451 1508 638 1563 bribus
678 1506 996 1561 inundetur?
1026 1507 1138 1560 Hoc
1183 1519 1238 1562 et
1275 1516 1331 1562 tu
1363 1509 1520 1563 facito
1551 1527 1562 1562 :
1607 1512 1678 1564 ita
1708 1510 1849 1565 enim
1885 1510 2031 1579 prior

452 1597 648 1653 frueris
673 1607 727 1652 et
753 1597 1011 1652 fructibus
1041 1607 1096 1651 et
1123 1599 1506 1668 tranquillitate
1534 1617 1547 1653 :
1581 1615 1701 1655 nam
1731 1611 1919 1671 portus
1947 1609 2030 1656 est

454 1703 622 1752 uxor,
652 1699 703 1742 et
733 1690 1074 1756 pbarmacum
1102 1690 1303 1744 lzetitize
1331 1693 1642 1746 maximum.
1669 1692 1724 1747 Si
1751 1708 1880 1763 ergo
1907 1707 2031 1761 por-

451 1789 563 1834 tum
593 1795 622 1834 a
655 1782 827 1836 ventis
856 1791 909 1835 et
933 1779 1185 1835 fluctibus
1214 1791 1384 1836 tutum
1424 1783 1619 1839 reddas
1639 1825 1655 1851 ,
1688 1785 1854 1839 multa
1886 1784 2031 1841 frue-

448 1874 526 1928 ris
550 1875 874 1940 securitate,
903 1888 1026 1928 cum
1055 1889 1083 1927 a
1118 1874 1234 1928 foro
1277 1876 1594 1941 reverteris;
1643 1877 1687 1931 si
1726 1889 1903 1932 autem
1947 1886 2029 1931 tu-

449 1965 623 2020 multu
655 1974 708 2020 et
752 1965 1153 2034 perturbatione
1197 1968 1437 2037 repleas,
1479 1969 1571 2024 tibi
1597 1972 1812 2038 gravius
1854 1969 2030 2039 paries

452 2055 806 2125 naufragium.
839 2056 918 2111 Ne
941 2057 1042 2111 hoc
1072 2073 1199 2128 ergo
1225 2060 1470 2123 eveniat,
1501 2060 1551 2114 id
1579 2062 1719 2130 quod
1747 2061 1867 2117 dico
1893 2061 1985 2114 fiat
2010 2077 2025 2113 :

450 2161 574 2203 cum
604 2147 730 2216 quid
763 2147 1048 2203 molestum
1090 2150 1236 2204 domi
1280 2151 1568 2218 acciderit,
1599 2153 1686 2206 illa
1733 2164 1988 2221 peccante
2011 2193 2026 2220 ,

451 2240 734 2296 consolare
764 2240 908 2296 illam
934 2249 990 2296 et
1022 2257 1088 2297 ue
1115 2243 1356 2298 dolorem
1383 2258 1600 2314 augeas.
1634 2244 1854 2299 Etiamsi
1879 2245 2022 2300 enim

452 2333 631 2386 omnia
652 2333 897 2388 amiseris
914 2376 928 2398 ,
964 2333 1094 2388 nihil
1117 2336 1319 2390 tristius
1345 2346 1427 2390 est
1451 2353 1611 2407 quam
1636 2337 1781 2393 domi
1808 2355 2028 2395 uxorem

455 2421 689 2490 habere,
732 2439 851 2493 quae
891 2425 1006 2480 sine
1050 2427 1420 2482 benevolentia
1448 2445 1567 2483 cum
1597 2431 1711 2484 viro
1741 2431 1932 2501 degat:
1976 2442 2030 2488 et

453 2512 828 2583 quodcumque
855 2527 1126 2584 peccatum
1151 2519 1372 2582 dixeris,
1403 2520 1606 2574 nullum
1638 2520 1819 2577 dicere
1855 2524 2030 2592 possis

453 2603 596 2672 quod
643 2604 901 2673 majorem
951 2603 1142 2660 inferat
1171 2607 1446 2676 dolorem,
1485 2625 1645 2680 quam
1691 2627 1811 2667 cum
1857 2625 2028 2670 uxore

455 2693 688 2765 litigare.
724 2696 903 2764 Itaque
935 2709 1152 2768 prepter
1181 2704 1292 2756 haec
1317 2705 1494 2758 omnia
1522 2705 1638 2774 ejus
1668 2705 1883 2762 dilectio
1909 2724 2030 2763 om-

454 2786 599 2840 nium
638 2786 730 2840 tibi
761 2789 1141 2857 pretiosissima
1176 2792 1265 2847 sit.
1298 2793 1428 2848 Nam
1461 2796 1506 2850 si
1550 2807 1761 2866 oportet
1802 2801 2032 2857 alterum

453 2879 675 2934 alterius
705 2894 868 2936 onera
897 2893 1144 2951 portare,
1175 2886 1344 2941 multo
1374 2889 1541 2960 magis
1571 2892 1786 2958 uxoris;
1818 2894 2029 2951 etiamsi

433 2987 657 3042 pauper
701 2975 805 3040 sit,
861 2990 931 3030 ne
994 2977 1045 3030 id
1117 2979 1440 3047 exprobres;
1489 2983 1701 3040 etiamsi
1755 2989 2033 3061 stulta,ne

453 3063 712 3129 insultes,
744 3064 838 3120 sed
863 3067 1038 3136 potius
1068 3069 1208 3123 illam
1233 3072 1516 3130 moderare
1541 3093 1554 3129 :
1588 3093 1708 3132 nam
1733 3081 2032 3139 membrum

453 3163 602 3210 tuum
644 3168 725 3212 est
753 3167 806 3213 et
837 3173 964 3214 caro
1012 3177 1114 3216 una
1161 3162 1285 3219 facti
1328 3167 1478 3221 estis.
1510 3168 1616 3224 Sed
1655 3175 1865 3242 garrula
1911 3185 2028 3244 est,

453 3246 666 3301 ebriosa
693 3259 749 3302 et
778 3250 1051 3304 iracunda.
1079 3255 1148 3306 At
1189 3257 1355 3326 magis
1385 3270 1670 3330 eapropter
1711 3264 1900 3321 dolere
1935 3283 2032 3338 po-

453 3337 584 3404 tius,
607 3354 765 3407 quam
797 3340 954 3396 irasci
983 3355 1214 3412 oportet,
1239 3347 1511 3419 Deumque
1536 3367 1722 3423 rogare
1741 3397 1755 3421 ,
1783 3357 2034 3430 illamque

454 3427 674 3481 monitis
711 3437 766 3484 et
803 3433 1031 3486 consilio
1057 3435 1312 3503 adjuvare
1334 3479 1348 3505 ,
1381 3441 1622 3510 nihilque
1656 3461 1760 3501 non
1787 3427 2034 3520 agere—ut

452 3516 641 3571 vitium
669 3529 932 3589 amputes.
964 3523 1018 3578 Si
1051 3536 1228 3581 autem
1257 3530 1513 3588 verberes
1546 3544 1601 3590 et
1627 3516 1857 3609 atteras',
1886 3560 2033 3599 mor-

409 3669 415 3675 ,
458 3608 559 3663 bus
590 3626 696 3665 non
733 3623 988 3680 curatur;
1053 3617 1235 3673 feritas
1266 3623 1408 3677 enim
1435 3632 1844 3689 mansuetudine
1869 3637 2030 3694 solvi-

457 3709 580 3767 tur,
621 3718 728 3758 non
760 3706 861 3760 alia
893 3706 1123 3764 feritate.
1175 3713 1308 3768 Cum
1335 3714 1418 3772 his
1448 3729 1502 3774 et
1533 3726 1838 3782 mercedem
1863 3744 1892 3783 a
1923 3712 2034 3789 Deo

453 3802 816 3860 exspectatam
846 3799 1040 3867 cogita.
1069 3801 1294 3866 Quando
1316 3807 1460 3863 enim
1481 3826 1602 3868 cum
1627 3816 1721 3871 tibi
1744 3819 2034 3881 liceateam

452 3882 808 3951 exscindere,
845 3886 946 3942 hoc
995 3905 1100 3946 non
1145 3894 1306 3952 facias
1348 3911 1567 3971 propter
1609 3905 1706 3963 Dei
1746 3911 1990 3970 timorem
2014 3959 2029 3985 ,

451 3973 549 4027 sed
596 3983 674 4030 tot
723 3977 840 4047 ejus
885 3981 1009 4036 vitia
1059 3981 1233 4050 feras,
1266 4000 1509 4049 metuens
1539 3997 1709 4068 legem
1742 4001 1842 4058 hac
1872 4005 1938 4062 de
1974 3973 2034 4064 re

455 4064 681 4132 positam
705 4109 722 4134 ,
756 4085 875 4138 quac
907 4088 1127 4128 uxorem
1159 4077 1353 4147 ejicere
1384 4064 1665 4151 prohibet;
1699 4108 2034 4168 quocumque

454 4155 666 4212 Laudem
691 4166 881 4216 morbo
910 4164 1149 4232 laboret,
1185 4171 1506 4232 ineffabilem
1551 4155 1853 4240 mercedem
1896 4155 2034 4246 reci-

451 4249 601 4318 pies;
629 4260 685 4304 et
710 4262 834 4308 ante
877 4259 1181 4314 mercedem
1224 4267 1453 4322 maxima
1501 4271 1830 4344 lucraberis,
1861 4281 2028 4351 ipsam

1189 289 1246 347 8.
1280 289 1554 350 ιοΑΝΝιδ
1579 293 2030 350 ΕΗΒΥΞΟΞΤΟΜ

2141 294 2402 352 RCHIEP.
2444 298 2976 360 CONSTANTINOP.
3071 271 3075 274 λ
3635 313 3724 371 εει

2147 411 2241 465 tibi
2254 412 2798 482 obtemperantiorem
2820 417 3071 485 reddens,
3088 429 3245 491 teque
3262 437 3390 494 erga
3411 424 3562 478 illam
3580 442 3724 480 utan-

2137 504 2425 559 suetiorem
2456 507 2736 563 exhibens.
2785 508 2790 526 ί

2137 620 2139 622 ·
2209 597 2515 669 Philosophi
2535 601 2726 654 dictum
2753 603 2816 657 de
2839 620 3000 659 uxore
3018 608 3351 664 conviciante.
3377 640 3456 651 —
3477 611 3728 667 Narratur

2127 688 2400 758 quispiam
2449 700 2795 747 externorum
2845 693 3325 766 phil050phorum,
3388 704 3484 772 qui
3539 704 3727 756 malam

2133 778 2358 834 haberet
2386 794 2608 835 uxorem
2640 791 2694 836 et
2724 799 2983 854 nugacem
3019 795 3073 841 et
3099 790 3503 847 conviciantem
3527 836 3544 857 ,
3575 795 3730 847 inter-

2135 869 2445 939 rogantibus
2465 912 2480 936 ,
2508 886 2612 940 qua
2640 873 2708 928 de
2728 889 2915 942 causa,
2949 892 3072 932 cum
3103 880 3262 934 talem
3295 883 3560 946 haberet,
3591 884 3729 938 illam

2135 958 2344 1028 ferret,
2374 963 2718 1032 respondisse
2763 980 2823 1021 se
2869 969 3022 1036 quasi
3069 973 3414 1040 gymnasium
3468 983 3528 1029 et
3582 977 3732 1045 palm.»

2137 1062 2302 1105 stram
2336 1052 2688 1124 pliilOSOphize
2718 1055 2863 1112 domi
2905 1058 3105 1116 habere
3141 1062 3242 1133 (a).
3275 1065 3387 1119 Ero
3417 1065 3596 1132 enim,
3630 1067 3733 1122 aie-

2137 1143 2265 1208 bat,
2315 1146 2435 1202 aliis
2481 1149 2847 1216 mansuetior,
2896 1152 2948 1206 in
2993 1151 3094 1208 hac
3133 1156 3377 1223 quotidie
3426 1158 3732 1214 institutus.

2137 1236 2326 1306 Magna
2346 1253 2477 1293 voce
2499 1239 2876 1297 exclamastis?
2895 1241 2998 1298 Sed
3023 1259 3124 1315 ego
3147 1247 3301 1303 valde
3323 1265 3479 1305 nunc
3500 1250 3732 1320 ingenio,

2135 1344 2255 1384 cum
2284 1329 2492 1386 videam
2523 1330 2740 1388 Graecos
2785 1335 2954 1404 magis
3003 1336 3358 1408 philosophos
3401 1355 3540 1396 esse
3584 1357 3735 1412 quam

2135 1436 2264 1484 nos,
2296 1422 2388 1492 qui
2411 1422 2664 1492 jubemur
2702 1426 2921 1495 angelos
2949 1427 3182 1495 imitari;
3215 1431 3324 1487 imo
3355 1434 3449 1503 qui
3482 1433 3734 1503 jubemur

2136 1513 2309 1580 ipsum
2337 1514 2576 1568 aemulari
2609 1515 2774 1571 Deum
2804 1517 2857 1578 in
2884 1522 3307 1578 mansuetudinis
3335 1528 3589 1580 ratione.
3619 1525 3734 1581 Phi-

2138 1605 2400 1674 losophus
2439 1622 2568 1677 ergo
2598 1609 2685 1663 ille
2715 1608 2911 1665 dicitur
2941 1611 3063 1668 ideo
3092 1615 3286 1670 malam
3316 1617 3470 1672 illam
3505 1635 3734 1674 uxorem

2135 1712 2242 1750 non
2273 1697 2534 1766 ejecisse:
2567 1699 2783 1768 quidam
2807 1710 2988 1756 autem
3013 1704 3197 1759 dicunt
3223 1707 3400 1776 ipsum
3432 1707 3574 1763 ideo
3599 1710 3734 1764 illam

2135 1786 2372 1842 duxisse.
2403 1789 2514 1856 Ego
2542 1805 2672 1844 vero
2699 1794 2821 1861 quia
2865 1793 3017 1848 multi
3058 1794 3302 1853 homines
3331 1811 3538 1854 contra
3583 1817 3733 1871 quam

2136 1879 2273 1932 ratio
2298 1878 2436 1933 ferat
2465 1879 2641 1935 allecti
2671 1892 2796 1937 sunt
2815 1925 2829 1950 ,
2861 1883 3052 1940 hortor
3078 1896 3135 1941 ut
3157 1888 3224 1944 ab
3253 1890 3408 1945 initio
3435 1892 3588 1947 nihil
3633 1909 3730 1948 non

2137 1982 2293 2041 agant
2321 1973 2458 2037 viri,
2489 1983 2546 2027 ut
2575 1974 2710 2029 bene
2741 1986 3003 2033 moratam
3035 1979 3233 2064 ducapt
3264 1999 3499 2038 uxorem
3533 1996 3594 2038 et
3623 2001 3736 2038 om-

2138 2063 2188 2116 ni
2219 2063 2432 2132 plenam
2477 2065 2714 2120 virtute:
2744 2067 2789 2121 si
2833 2083 2962 2123 vero
2988 2063 3270 2142 contigerit
3297 2083 3354 2127 ut
3380 2089 3410 2128 a
3444 2078 3734 2144 proposito

2136 2154 2418 2218 aberrent,
2453 2168 2516 2207 ac
2547 2171 2645 2210 nec
2674 2156 2866 2211 bonam
2898 2175 2998 2215 nec
3025 2162 3353 2218 tolerabilem
3383 2181 3657 2234 sponsam
3687 2170 3732 2222 in

2137 2243 2354 2304 domum
2384 2244 2726 2313 iuduxerint;
2757 2258 2885 2304 tunc
2916 2251 3293 2321 phi1030phum
3319 2255 3470 2310 illum
3507 2257 3729 2312 imiten-

2121 2343 2242 2399 -tur,
2269 2343 2323 2388 et
2366 2335 2448 2388 his
2477 2335 2606 2390 nihil
2667 2338 2941 2406 adjiciant.
2987 2340 3118 2396 Nam
3145 2354 3414 2399 mercator
3438 2358 3732 2416 antequam

2137 2441 2259 2480 cum
2281 2428 2428 2481 socio
2457 2435 2607 2496 pacta
2636 2428 2798 2493 ineat,
2817 2446 2936 2499 quae
2957 2434 3168 2501 possint
3189 2448 3374 2503 pacem
3403 2438 3731 2505 conciliare,

2119 2531 2243 2570 non
2278 2517 2424 2585 prius
2463 2518 2641 2572 navim
2669 2519 2720 2573 in
2751 2535 2900 2577 mare
2932 2523 3143 2588 trahet,
3174 2539 3345 2594 neque
3372 2529 3545 2582 aliam
3579 2531 3733 2585 attin~

2135 2619 2225 2678 get
2247 2609 2684 2678 negotiationem.
2731 2611 2799 2666 Et
2827 2627 2927 2668 nos
2955 2614 3136 2684 itaque
3164 2616 3298 2670 nihil
3327 2633 3434 2672 non
3465 2634 3730 2689 agamus,

2137 2709 2196 2754 ut
2224 2701 2604 2770 negotiationis
2630 2713 2829 2759 nostra:
2855 2707 3053 2760 sociam
3080 2708 3132 2762 in
3162 2708 3261 2762 hac
3291 2711 3414 2763 navi
3445 2727 3582 2765 cum
3619 2727 3730 2768 om-

2137 2793 2194 2848 ni
2217 2808 2348 2863 pace
2378 2794 2518 2848 intus
2547 2803 2844 2852 teneamus.
2871 2797 2944 2852 Ita
2967 2800 3110 2855 enim
3140 2809 3195 2856 et
3224 2801 3324 2856 alia
3351 2803 3544 2857 omnia
3577 2805 3730 2860 nobis

2137 2886 2420 2956 tranquilla
2451 2896 2644 2952 erunt,
2677 2897 2734 2944 et
2787 2903 2910 2944 cum
2958 2892 3248 2948 securitate
3276 2895 3398 2949 vita:
3442 2901 3732 2966 praesentis

2137 2978 2358 3048 pelagus
2384 2978 2734 3048 trajiciemus.
2759 2981 2872 3036 Hoc
2912 2981 3084 3052 pluris
3113 2983 3370 3040 faciamus
3390 3028 3405 3051 ,
3438 3002 3611 3057 quam
3643 2991 3732 3044 do-

2138 3083 2307 3135 mum,
2330 3071 2593 3141 mancipia
2616 3111 2629 3136 ,
2659 3073 2931 3141 pecunias,
2961 3088 3120 3143 agros
3143 3085 3195 3130 et
3221 3076 3360 3145 ipsas
3394 3094 3485 3133 res
3519 3083 3728 3138 civiles.

2140 3159 2302 3231 quue
2337 3164 2568 3218 maxime
2615 3166 2856 3220 omnium
2889 3167 2944 3220 in
2984 3169 3159 3237 pretio
3190 3169 3524 3236 habeamus,
3559 3187 3622 3230 ut
3650 3179 3731 3232 illa

2140 3259 2262 3321 quat
2299 3253 2578 3308 nobiscum
2629 3255 2681 3309 in
2727 3256 2931 3312 aedibus
2986 3259 3222 3328 residet,
3279 3277 3383 3317 non
3439 3267 3729 3321 tumultum

2141 3352 2391 3408 moveat,
2425 3360 2558 3400 neve
2583 3362 2612 3400 a
2646 3347 2798 3403 nobis
2845 3349 3120 3406 dissideat.
3150 3351 3227 3406 Ita
3270 3355 3415 3408 enim
3448 3366 3506 3410 et
3537 3368 3728 3412 cetera

2141 3433 2296 3488 nobis
2345 3436 2582 3490 secundo
2627 3454 2790 3493 cursu
2837 3443 3093 3509 venient,
3143 3453 3197 3498 et
3243 3445 3296 3499 in
3350 3447 3728 3516 spiritualibus

2141 3525 2363 3578 multam
2398 3526 2712 3583 habebimus
2737 3529 3071 3601 facilitatem,
3107 3535 3208 3590 hoc
3230 3536 3415 3607 jugum
3443 3553 3574 3593 cum
3603 3556 3725 3595 cono

2140 3616 2321 3670 cordia
2347 3617 2656 3686 trahentes;
2698 3623 3054 3694 omnibusque
3097 3628 3267 3695 probe
3292 3631 3465 3697 gestis
3490 3637 3726 3702 reposita

2139 3718 2530 3776 consequemur
2563 3709 2703 3764 bona
2736 3729 2749 3766 :
2781 3728 2902 3782 qua:
2928 3729 3029 3769 nos
3055 3733 3246 3773 omnes
3273 3723 3488 3791 assequi
3515 3727 3725 3778 contin-

2139 3806 2231 3865 gat
2249 3838 2264 3864 ,
2287 3799 2455 3868 gratia
2473 3810 2526 3855 et
2551 3800 2875 3872 benignitate
2897 3806 3108 3862 Domini
3137 3811 3307 3866 nostri
3331 3811 3464 3867 Jesu
3485 3813 3722 3881 Christi,

2140 3888 2355 3957 quicum
2384 3888 2526 3945 Patri
2578 3907 2789 3963 unaque
2817 3893 3038 3966 Spiritui
3089 3908 3278 3956 sancto
3315 3902 3489 3972 gloria
3510 3945 3528 3971 ,
3562 3907 3724 3973 impe-

2140 3979 2310 4042 rium,
2340 3978 2548 4049 honor,
2581 4000 2724 4040 nunc
2749 3995 2803 4040 et
2830 4002 3046 4059 semper
3065 4032 3079 4055 ,
3109 4003 3162 4046 et
3183 3993 3238 4048 in
3269 3996 3469 4049 smeula
3497 4000 3720 4053 saculo-

2140 4083 2282 4123 ruut.
2320 4074 2510 4128 Amen.

2201 4181 2280 4252 .(a)
2308 4185 2390 4233 Hic
2411 4184 2712 4262 de_Socrate,
2740 4192 2788 4239 ni
2811 4190 2968 4253 fallor,
2992 4197 3111 4257 agit,
3137 4200 3220 4307 qui
3242 4198 3588 4269 frequentibus
3611 4203 3732 4253 Xan-

2202 4257 2339 4304 Ippes
2361 4258 2528 4296 uxoris
2545 4263 2723 4307 jurgns
2740 4256 3119 4306 exercitabatur.
3190 4261 3274 4307 ide
3294 4261 3571 4307 υιυεςιηεω
3589 4268 3724 4307 πλη-

2141 4241 2339 4352 tliiippes
2361 4249 2528 4359 ἒέοιιίῗ
2545 4241 2723 4313 jurgiis
2740 4241 3119 4306 exercitabafur'.
3143 4241 3274 4310 ᾗὰᾶ
3289 4241 3724 4324 agiagi};

2191 4318 2269 4352 um
2290 4319 2339 4354 In
2421 4321 2502 4358 01⁵3
2527 4325 2574 4359 e.

449 4374 3720 4466 Nm

1756 4491 2103 4560 HOMILIA
2149 4502 2411 4573 XXVII.

444 4600 576 4658 CAP.
604 4605 689 4660 11.
720 4622 768 4661 v.
801 4610 887 4664 17.
921 4609 1034 4665 Hoc
1061 4623 1226 4670 autem
1256 4623 1573 4692 prwcipiens,
1601 4645 1701 4683 non
1729 4631 1880 4688 laudo
1901 4641 2036 4708 quod

625 4713 726 4750 non
757 4701 808 4754 iu
839 4704 1019 4759 melius
1039 4747 1052 4771 ,
1083 4709 1172 4762 sed
1204 4710 1255 4764 in
1285 4715 1502 4770 deterius
1529 4725 1852 4778 conveniatis.

523 4785 572 4838 1.
605 4787 832 4846 Necesse
868 4804 950 4849 est
977 4800 1136 4851 etiam
1180 4808 1458 4870 praesentis
1485 4811 1724 4868 criminis
1754 4832 1849 4872 seu
1877 4834 2035 4878 accu-

447 4877 675 4932 sationis
708 4885 852 4949 prius
880 4901 1095 4944 causam
1134 4891 1314 4950 dicere
1347 4915 1359 4950 :
1393 4898 1462 4954 ita
1493 4903 1634 4958 enim
1664 4921 1784 4977 qua:
1811 4910 2033 4970 dicenda

447 4976 576 5021 sunt
595 4967 800 5027 facilius
819 4977 1141 5037 ediscentur.
1167 4984 1420 5052 Quaenam
1442 5008 1569 5063 ergo
1590 4967 1821 5054 illa-est?
1845 4967 2033 5069 Quem;

447 5058 735 5164 admodum
768 5069 865 5122 tria
892 5071 981 5126 illa
1008 5076 1172 5132 millia
1195 5120 1207 5142 .
1240 5096 1361 5151 qua:
1392 5058 1543 5141 initio
1571 5058 1910 5150 crediderant
1931 5139 1946 5164 ,
1979 5097 2031 5154 iu

448 5155 718 5209 communi
763 5173 948 5216 mensa
989 5168 1375 5241 comedebant,
1416 5185 1470 5231 et
1509 5183 1810 5238 communia
1853 5189 2031 5245 omnia

449 5243 794 5310 possidebant
823 5268 837 5302 :
864 5251 942 5308 sic
967 5255 1124 5310 etiam
1155 5258 1269 5316 fieri
1295 5265 1501 5322 solebat
1525 5284 1646 5326 cum
1675 5272 1789 5329 haec
1817 5278 2032 5347 scripsit

445 5331 769 5437 Apostolus;
802 5348 975 5398 atnon
999 5359 1123 5402 cum
1149 5356 1292 5405 tanta
1317 5360 1676 5428 accuratione,
1699 5364 1792 5419 sed
1817 5331 2030 5437 quidam

446 5421 609 5477 Veluti
639 5423 820 5483 fluxus
842 5431 980 5489 illius
1006 5437 1163 5504 prisci
1191 5447 1444 5500 consortii
1475 5421 1731 5508 remansit
1755 5464 1811 5510 et

442 5523 619 5570 steros
645 5517 938 5578 descendit.
971 5527 1104 5593 Quia
1133 5545 1262 5588 vero
1291 5537 1630 5609 contingebat
1658 5545 1792 5600 alios
1829 5517 2028 5618 paupe-

443 5620 550 5670 res,
573 5609 708 5666 alios
733 5613 926 5672 divites
953 5636 1089 5687 esse,
1114 5639 1208 5680 sua
1234 5628 1410 5682 omnia
1439 5647 1542 5685 non
1571 5634 1622 5688 in
1651 5639 1881 5694 medium
1910 5659 2032 5712 pro-

445 5695 684 5767 ﬁciebant
707 5722 721 5773 ;
747 5721 1061 5768 communes
1090 5725 1264 5773 autem
1288 5725 1609 5792 tim-arabant
1639 5743 1848 5786 mensas
1875 5695 2026 5791 siatis

2139 4647 2355 4716 diebus,
2389 4654 2463 4708 uti
2496 4671 2590 4726 par
2619 4667 2768 4727 erat,
2798 4671 2853 4718 ct
2878 4676 3088 4733 peracta
3118 4672 3304 4740 synaxi
3326 4713 3340 4734 ,
3376 4685 3492 4743 post
3525 4690 3719 4747 myste-

2139 4739 2339 4794 riorum
2367 4748 2800 4805 communionem
2827 4753 2878 4808 in
2905 4770 3188 4815 commune
3212 4777 3403 4818 omnes
3424 4771 3717 4822 convivium

2138 4831 2442 4901 veniebant,
2472 4836 2724 4895 divitibus
2753 4843 2902 4898 cibos
2928 4846 3055 4902 suOs
3083 4849 3452 4920 offerentibus,
3484 4861 3717 4928 pauperi-

2141 4920 2238 4975 bus
2266 4932 2442 4979 autem
2475 4935 2529 4982 et
2555 4929 2686 4985 nihil
2715 4932 3031 4993 habentibus
3059 4939 3126 4995 ab
3156 4941 3285 5010 ipsis
3314 4920 3569 5002 divitibus
3588 4920 3715 5002 iuvi-

2139 5013 2294 5080 tatis,
2331 5019 2684 5091 omnibusque
2726 5025 2885 5081 simul
2926 5031 3356 5089 convivantibus.
3397 5036 3504 5091 Sed
3541 5050 3710 5108 postea

2139 5101 2224 5158 hic
2249 5120 2366 5160 mos
2395 5109 2678 5167 obsolevit.
2703 5116 2872 5171 Causa
2899 5129 3074 5175 autem
3104 5122 3220 5190 fuit,
3247 5126 3390 5195 quod
3414 5101 3606 5183 divulsi
3635 5148 3712 5184 es-

2137 5203 2276 5258 sent.
2307 5211 2370 5252 ac
2399 5214 2519 5254 sese
2547 5203 2914 5264 adscriberent
2937 5211 3026 5266 alii
3054 5212 3153 5280 his,
3185 5217 3277 5271 alii
3306 5218 3429 5285 illis,
3460 5220 3709 5276 dicerent-

2136 5300 2274 5353 que,
2305 5287 2414 5359 Ego
2443 5305 2560 5347 sum
2600 5293 2757 5363 hujus
2777 5341 2791 5364 ,
2824 5316 2924 5371 ego
2955 5303 3130 5371 illius;
3161 5309 3304 5377 quod
3332 5313 3606 5382 corrigens
3634 5316 3707 5366 ille

2137 5376 2288 5432 initio
2309 5385 2549 5450 epistola:
2575 5387 2784 5446 dicebat
2810 5412 2823 5447 :
2857 5376 3218 5466 Signi/Scotum
3240 5412 3314 5456 est
3343 5376 3505 5467 mihi:
3517 5410 3704 5474 fratrea,

2135 5467 2200 5521 de
2223 5469 2358 5526 vobis
2384 5473 2445 5526 ab
2472 5476 2536 5530 iis
2559 5479 2645 5549 qui
2670 5491 2788 5535 sunt
2816 5483 3017 5555 Chloes,
3047 5492 3167 5558 quia
3192 5467 3532 5547 contentiones
3555 5497 3606 5547 iu
3632 5512 3703 5548 ro-

2134 5558 2209 5613 bis
2245 5573 2381 5616 sunt.
2419 5564 2531 5620 Hoc
2567 5581 2734 5626 autem
2767 5574 2915 5642 dico,
2958 5580 3094 5647 quod
3133 5585 3467 5654 unusquisque
3505 5597 3703 5638 reuma

2133 5651 2267 5706 dicat
2291 5669 2310 5707 :
2340 5655 2448 5727 Ego
2481 5662 2682 5728 quidem
2716 5681 2825 5719 sum
2859 5666 3044 5738 Pauli,
3072 5689 3163 5744 ego
3187 5651 3354 5729 autem
3383 5651 3418 5728 ξι
3429 5679 3564 5737 palla
3582 5718 3595 5734 ,
3625 5693 3704 5743 rgo

2133 5757 2246 5799 vero
2285 5747 2468 5818 Cap/ta:
2495 5753 2580 5822 (Ι.
2611 5755 2728 5812 Cor.
2763 5759 2810 5813 l.
2844 5761 2930 5815 ll.
2974 5762 3096 5835 12).
3138 5766 3254 5822 Non
3285 5770 3421 5838 quod
3463 5770 3623 5822 l’aulo
3651 5786 3700 5822 ac
