3826 6216
198 341 287 397 Q93

72 440 95 465 ³’
198 458 385 513 ἅπαντα
414 446 695 516 σωφρόνει,
721 444 813 498 καὶ
845 443 983 513 μετά
1009 442 1211 496 τούτων
1239 445 1330 496 καὶ
1364 444 1461 512 τὴν
1494 442 1733 510 ἑσπέραν

196 536 385 599 ἐκείνην
412 530 599 593 ἐννόει,
630 528 750 580 καθ’
782 530 847 597 ἣν
876 526 1110 587 καλέσας
1144 543 1202 578 σε
1251 527 1279 578 ὁ
1320 527 1515 594 πατὴρ,
1547 522 1735 593 ῶσπερ

79 622 91 631 ⁵
193 619 300 672 τινὰ
339 631 415 665 σοι
460 609 927 681 παρακαταθήκην
964 610 1062 678 τὴν
1112 608 1386 679 θυγατέρα
1428 608 1731 677 παρέδωκε,

137 753 143 765 δ
196 704 273 756 καὶ
312 696 520 748 πάντων
556 693 887 760 ἀποστήσας,
939 694 1033 745 καὶ
1063 690 1267 759 μητρὸς
1309 691 1402 743 καὶ
1435 690 1598 743 αὐτοῦ
1642 690 1735 742 καὶ

16 776 35 783 Η
194 780 370 840 οἰκίας,
407 776 697 845 ὀλόκληρον
748 776 918 844 αὐτῆς
967 774 1064 842 τὴν
1098 774 1396 841 ἐπιτροπὴν
1440 772 1735 841 ἐνεχείρισέ

12 850 91 913 πί
196 883 276 917 σου
301 864 359 931 τῇ
408 859 584 928 δεξιῷ
619 857 866 925 ἐννόησον
894 857 973 909 ὃτι
1006 855 1143 924 μετά
1178 855 1269 906 τὸν
1312 856 1442 906 Θεὸν
1470 855 1536 906 δι’
1565 854 1736 922 αὐτῆς

192 943 325 1018 [2‘59]
360 942 552 1002 παῖδας
581 939 722 1007 ἔχεις
770 941 862 991 καὶ
911 937 1091 1007 πατὴρ
1139 939 1389 1005 γέγονας,
1445 937 1539 989 καὶ
1584 937 1733 1004 γίνου

10 1045 87 1093 μζ,
192 1030 275 1082 καὶ
296 1024 534 1079 ἐντεῦθεν
558 1024 762 1093 ἥμερος
793 1022 927 1091 πρὸς
956 1022 1143 1091 αὐτήν.

252 1172 317 1237 η’.
333 1165 441 1233 Οὐχ
457 1164 586 1233 ὁρᾷς
607 1163 728 1224 τοὺς
745 1163 1041 1231 γεωργοὺς,
1061 1160 1175 1223 πῶς
1194 1159 1291 1230 τήν
1311 1158 1457 1222 ἅπαξ
1474 1156 1735 1222 ὑποδεξα-

34 1244 81 1329 is:
194 1228 342 1326 μέᾴην
362 1228 874 1321 τᾶσζπξρματαίγῆᾀ
905 1228 1262 1320 θεραπεύουσι
1292 1245 1617 1317 παντοδαπῴ
1646 1246 1736 1329 θρε-

18 1325 87 1381 ῗέ⁴>
193 1325 404 1412 ραπείας
443 1336 648 1405 τρόπῳ,
690 1334 795 1386 κᾶν
851 1335 1016 1403 μυρία
1065 1332 1417 1401 ἐλαττώματα
1462 1330 1580 1401 ἔχῃ,
1625 1325 1736 1412 οἷον

190 1411 280 1475 κᾶν
308 1418 620 1488 λυπρόγεως
638 1428 662 1455 ⁸
689 1413 746 1486 ᾗ,
776 1416 878 1468 κᾶν
914 1416 1137 1484 βοτάνας
1166 1414 1306 1485 φέρῃ
1336 1415 1595 1482 πονηράς,
1629 1411 1734 1464 κάν

324 1470 629 1570 ἐπϐμϐρίας
673 1470 1046 1569 ἐιπηρεάζιηται
1077 1470 1141 1568 τ’ξή
1177 1470 1334 1565 φύσθέι
1378 1470 1733 1564 τῆξθέσεωςς

22 1622 29 1653 ζ
50 1632 75 1661 τὲ
188 1585 341 1638 Τοῦτο
365 1586 461 1636 καὶ
488 1584 551 1635 σὺ
575 1582 736 1635 ποίει·
760 1582 902 1635 οὕτω
922 1582 1030 1651 γὰρ
1058 1581 1318 1651 πρότερος
1339 1577 1617 1649 ἀπολαύσῃ
1643 1583 1741 1635 καὶ

185 1670 283 1720 τῶν
309 1667 534 1736 καρπῶν
568 1668 661 1719 καὶ
690 1665 788 1734 τῆς
816 1666 1055 1733 γαλήνης
1076 1681 1087 1693 ’
1123 1664 1216 1716 καὶ
1247 1662 1356 1731 γάρ
1383 1662 1548 1733 λιμήν
1592 1665 1739 1718 ἐστιν

185 1714 532 1821 τελεῖ-εί
566 1714 1468 1818 ιιιριοίξεοξρ-εςιδυίίιας-μέιιξιτωίι
1643 1714 1739 1818 με

184 1832 265 1888 οὖν
295 1834 382 1885 τὸν
409 1832 601 1901 λιμένα
630 1830 952 1900 πνευμάτων
984 1829 1303 1903 ἀπαλλάξῃς
1331 1833 1424 1884 καὶ
1457 1833 1736 1901 κυμάτων,

16 1916 17 1919 “
44 1930 73 1937 “
180 1916 371 1983 πολλῆς
400 1913 681 1985 ἀπολαύσῃ
710 1914 808 1982 τῆς
834 1913 1016 1971 ἀδείας
1040 1913 1102 1979 ἐξ
1134 1912 1336 1984 ἀγορᾶς
1369 1914 1531 1966 ἀνιών
1549 1931 1562 1944 ’
1590 1914 1655 1966 ἂν
1683 1906 1740 1965 δὲ

182 2000 415 2069 θορύϐων
441 1998 534 2050 καὶ
556 1997 795 2067 ταραχῆς
818 1994 1126 2068 ἐμπλήσῃς,
1155 1998 1335 2067 σαυτῷ
1365 1996 1741 2067 χαλεπώτερον

10 2082 73 2121 πῃςλ
179 2080 603 2146 κατασκευάζεις
639 2078 705 2134 τὸ
736 2082 1013 2147 ναυάγιον.
1054 2080 1150 2132 ”1ν’
1181 2077 1272 2132 οῦν
1301 2080 1457 2131 τοῦτο
1494 2079 1567 2148 μὴ
1593 2079 1743 2148 γίνη-

14 2180 65 2211 'Z-P
176 2181 286 2234 ται,
328 2162 488 2220 τοῦτο
516 2167 543 2219 δ
571 2166 714 2233 λέγω
740 2165 980 2232 γενέσθω
998 2181 1011 2193 ·
1041 2165 1167 2216 ὃταν
1195 2181 1247 2215 τι
1276 2162 1456 2232 συμϐῇ
1497 2163 1741 2233 λυπηρὸν

182 2251 316 2306 κατὰ
352 2250 456 2320 τὴν
486 2249 679 2311 οἰκίαν,
716 2248 930 2317 ἐκείνης
973 2245 1342 2316 ἁμαρτούσης,
1392 2244 1741 2314 παραμυθοῦ,

181 2339 268 2388 καὶ
296 2334 370 2404 μὴ
400 2333 638 2386 ἐπίτεινε
664 2331 761 2401 τὴν
789 2330 984 2398 λύπην.
1013 2329 1131 2382 Κᾶν
1156 2329 1264 2398 γάρ
1288 2328 1501 2381 ἅπαντα
1532 2328 1743 2381 ἀποϐά-

534 2384 1040 2484 λυπηρϐτερονιτοῦ
1078 2412 1151 2481 μὴ
1169 2384 1297 2480 ’μέτ’
1346 2413 1558 2474 εὐνοίας
1602 2412 1744 2480 ἔχειν

178 2501 408 2565 γυναῖκα
432 2496 578 2548 ἔνδον
611 2495 991 2548 συνοικοῦσαν·
1036 2494 1138 2547 κᾶν
1168 2493 1347 2546 ὁτιοῦν
1380 2494 1539 2564 εἴπῃς
1563 2493 1745 2563 ἀμάρσ

178 2598 344 2648 τημα,
381 2579 538 2631 οὐδὲν
566 2577 736 2638 οὕτως
777 2577 1157 2645 ὀδυνηρότερον
1196 2578 1359 2644 ἐρεῖς,
1401 2571 1509 2627 οἶόν
1542 2576 1657 2627 ἐστι
1684 2574 1745 2628 τὸ

178 2664 310 2732 πρὸς
330 2661 550 2729 ἐκείνην
576 2657 901 2721 στασιάζειν.
931 2660 1089 2710 Ὥστε
1113 2660 1207 2711 καὶ
1226 2659 1314 2711 διὰ
1334 2657 1504 2711 ταῦτα
1529 2660 1745 2711 πάντων

177 2746 313 2796 ἔστω
339 2742 643 2813 τιμιωτέρα
667 2744 698 2811 ή
731 2741 930 2811 ταύτης
952 2742 1159 2809 ἀγάπη.
1190 2741 1251 2793 Εἰ
1278 2740 1387 2810 γὰρ
1414 2739 1657 2810 ἀλλήλων
1680 2738 1746 2792 τὰ

180 2827 316 2895 βάρη
347 2825 435 2877 δεῖ
481 2824 787 2893 βαστάζειν,
840 2823 1019 2891 ’πολλῴ
1073 2824 1272 2892 μᾶλλον
1320 2824 1418 2892 τῆς
1467 2821 1742 2889 γυναικός.

179 2913 293 2963 Κᾶν
330 2912 581 2979 πένησσα
628 2904 683 2979 ᾗ,
733 2909 807 2978 μὴ
832 2907 1094 2977 ὀνειδίσῃς
1116 2924 1129 2937 ·
1181 2907 1283 2959 κᾶν
1327 2906 1551 2976 ἀνόητος
1578 2900 1633 2975 ᾗ.
1669 2903 1743 2974 μὴ

178 2992 506 3057 ἐπέμϐαινε,
552 2990 687 3043 ἀλλά
738 2990 999 3060 ῥύθμισον
1038 2989 1238 3059 μᾶλλον
1265 3007 1276 3018 ο
1318 2990 1411 3040 καὶ
1453 2987 1559 3056 γάρ
1592 2987 1748 3057 μέλος

175 3076 288 3126 ἐστὶ
315 3077 434 3138 σὸν,
470 3074 563 3126 καὶ
591 3074 723 3141 σάρξ
746 3072 994 3139 ἐγένεσθε
1025 3072 1143 3141 μία.
1185 3071 1343 3122 Ἀλλά
1375 3070 1607 3139 φλύαρός
1633 3072 1747 3121 ἐστι

174 3158 267 3208 καὶ
292 3156 535 3223 μέθυσος
566 3156 660 3207 καὶ
693 3154 925 3224 ὀργίλος.
960 3153 1167 3207 Οὐκοῦν
1187 3153 1372 3220 ἀλγεῖν
1398 3154 1489 3205 ἐπὶ
1518 3152 1745 3217 τούτοις,

171 3242 271 3293 οὐκ
299 3239 624 3310 ὀργίζεσθαι
657 3238 779 3308 χρὴ,
829 3239 921 3290 καὶ
964 3237 1054 3290 τὸν
1096 3237 1227 3289 Θεὸν
1267 3236 1625 3306 παρακαλεῖν,
1659 3238 1751 3292 καὶ

172 3326 470 3391 παραινεῖν
494 3322 630 3392 αὐτῇ
669 3323 763 3373 καὶ
801 3318 1206 3389 συμϐουλεύειν,
1233 3320 1326 3371 καὶ
1354 3321 1527 3372 πάντα
1558 3322 1744 3383 ποιεῖν,

174 3406 315 3458 ὥστε
353 3406 590 3473 ἐκκόψαι
620 3405 679 3457 τὸ
720 3404 909 3466 πάθος.
947 3405 1045 3455 Ἂν
1073 3403 1127 3454 δὲ
1151 3404 1379 3474 τύπτῃς,
1422 3405 1514 3455 καὶ
1543 3404 1751 3474 ἐπιτρί-

171 3493 273 3561 ϐῃς
322 3491 387 3543 τὸ
447 3491 688 3559 νόσημα,
744 3489 802 3540 οὐ
851 3486 1244 3558 θεραπεύεται·
1315 3486 1589 3556 θρασύτης
1642 3488 1751 3558 γάρ

171 3575 454 3644 ἐπιεικείᾳ
481 3573 687 3634 λύεται,
717 3573 812 3640 οὐχ
838 3572 998 3641 ἑτέρᾳ
1026 3570 1341 3639 θρασύτητι.
1372 3570 1525 3622 Μετὰ
1549 3569 1750 3621 τούτων

167 3662 264 3712 καὶ
314 3659 414 3710 τὸν
467 3657 615 3725 παρά
654 3656 746 3708 τοῦ
796 3654 931 3707 Θεοῦ
979 3654 1166 3723 μισθὸν
1204 3654 1392 3706 ἐννόει.
1424 3654 1591 3705 Ὅταν
1622 3655 1748 3724 γὰρ,

168 3744 289 3806 ἐξόν
324 3758 413 3794 σοι
442 3742 693 3809 ἐκτεμεῖν
725 3739 914 3808 αὐτὴν,
949 3740 1022 3808 μὴ
1046 3742 1203 3808 ποιῇς
1231 3737 1387 3790 τοῦτο
1419 3738 1507 3790 διά
1537 3738 1626 3790 τὸν
1657 3736 1751 3791 τοῦ

165 3825 303 3877 Θεοῦ
329 3824 526 3893 φόϐον,
555 3822 689 3875 ἀλλά
718 3823 891 3892 φέρῃς
922 3820 1280 3890 ἐλαττώματα
1307 3820 1565 3885 τοσαῦτα,
1595 3821 1754 3874 δεδοι-

165 3909 280 3969 κὼς
311 3908 411 3959 τὸν
450 3906 545 3958 ἐπὶ
572 3905 779 3968 τούτοις
822 3904 1071 3973 κείμενον
1116 3903 1277 3973 νόμον
1331 3903 1422 3956 τὸν
1477 3903 1755 3957 κωλύοντα

164 3990 431 4042 ἐκϐαλεῖν
484 3991 735 4055 γυναῖκα,
786 3987 891 4040 κάν
930 3986 1104 4040 ὁτιοῦν
1149 3987 1246 4058 ἔχῃ
1292 3987 1521 4057 νόσημα,
1549 3988 1755 4056 ἄφατον

164 4072 313 4142 λήψῃ
368 4070 602 4141 μισθόν⁸
646 4071 738 4123 καὶ
771 4071 877 4141 πρὸ
903 4069 1012 4124 τῶν
1054 4070 1259 4141 μισθῶν
1298 4069 1354 4122 δὲ
1400 4072 1467 4124 τὰ
1523 4070 1755 4141 μέγιστα

230 4205 257 4233 ⁸
286 4204 429 4266 Reg.
440 4238 457 4261 ,
480 4202 776 4262 λεπτόγαιος.

1128 323 1193 379 IN
1233 321 1451 377 EPIST.
1494 320 1515 374 1
1556 319 1648 373 ΑΙ)
1684 317 1843 375 COR.
1882 316 2113 374 HUMIL.
2154 313 2368 370 XXVII.

3292 302 3402 365 Ξεό

1838 438 2132 507 κερδανεῖς,
2178 435 2391 503 ἐκείνην
2419 449 2476 483 τε
2516 429 2934 499 εὐπειθεστέραν
2965 428 3405 493 κατασκευάζων,

1838 522 1928 574 καὶ
1964 519 2122 581 αὐτὸς
2157 518 2563 585 ἐπιεικέστερος
2602 513 2771 583 ταύτῃ
2800 511 3101 580 γινόμενος.

1908 603 2134 667 Λέγεται
2169 599 2297 667 γοῦν
2344 614 2428 660 τις
2462 597 2556 650 καὶ
2596 596 2703 649 τῶν
2735 592 2935 661 ἔξωθεν
2975 593 3279 661 φιλοσόφων
3313 610 3409 662 μο-

1837 683 2045 753 χθηρὰν
2089 683 2227 752 ἔχων
2263 683 2496 749 γυναῖκα
2549 679 2643 732 καὶ
2699 678 2937 747 φλύαρον
2986 677 3080 729 καὶ
3129 677 3404 747 πάροινον,

1838 767 1970 834 πρὸς
2012 766 2137 827 τοὺς
2175 764 2515 833 ἐρωτῶντας,
2558 761 2702 823 τίνος
2747 760 2934 812 ἕνεκεν
2977 756 3234 827 τοιαύτην
3268 757 3408 826 ἔχων

1835 849 2102 916 ἀνέχεται,
2156 848 2349 910 εἰπεῖν,
2391 844 2529 898 ὥστε
2581 844 2878 913 γυμνάσιον
2926 841 3018 894 καὶ
3072 840 3409 909 παλαίστραν

1835 929 1976 997 ἔχειν
2016 928 2333 997 φιλοσοφίας
2379 928 2470 980 ἐπὶ
2506 927 2603 995 τῆς
2652 926 2860 987 οίκίαςο
2901 924 3136 992 Ἔσομαι
3160 921 3269 991 γὰρ
3298 921 3409 982 τοῖς

1834 1010 2039 1073 λοιποῖς
2091 1010 2414 1082 πραότερος,
2462 1009 2646 1079 φησὶν,
2697 1009 2755 1059 ἐν
2795 1005 2969 1077 ταύτῃ
3009 1005 3128 1058 καθ’
3164 1002 3409 1071 ἑκάστην

1835 1092 2223 1162 παιδευόμενος
2250 1092 2346 1162 τὴν
2381 1092 2613 1162 ἡμέραν.
2658 1090 2950 1159 Ἐϐοήσατε
2983 1088 3230 1158 μεγάλα,
3269 1085 3409 1138 Ἀλλ’

1835 1173 1945 1242 ἐγὼ
1980 1173 2075 1227 νῦν
2115 1174 2377 1246 ὀδύρομαι
2418 1174 2577 1243 μέγα,
2628 1171 2751 1225 ’ὁταν
2803 1170 3062 1241 Ἕλληνες
3108 1170 3263 1240 ήμῶν
3308 1164 3410 1223 ὦσι

1836 1256 2280 1328 φιλοσοφώτεροι,
2308 1256 2461 1326 ἡμῶν
2476 1256 2583 1308 τῶν
2609 1254 3006 1308 κελευσθέντων
3028 1252 3297 1320 ἀγγέλους
3324 1270 3411 1321 μι-

1839 1339 2075 1408 μεῖσθαι,
2106 1340 2303 1409 μᾶλλον
2332 1339 2387 1391 δὲ
2415 1338 2521 1391 τῶν
2548 1337 2946 1391 κελευσθέντων
2975 1334 3136 1389 αὐτὸν
3163 1335 3256 1387 τὸν
3277 1334 3411 1387 Θεὸν

1835 1421 2033 1492 ζηλοῦν
2061 1424 2201 1476 κατὰ
2225 1424 2316 1475 τὸν
2336 1424 2434 1493 τῆς
2463 1421 2758 1483 ἐπιεικείας
2780 1421 2956 1487 λόγον.
2994 1420 3051 1472 '0
3077 1418 3172 1488 μὲν
3199 1416 3292 1470 οὐν
3322 1436 3409 1486 φι-

1837 1507 2064 1575 λόσοφος
2087 1505 2302 1572 λέγεται
2343 1504 2428 1556 διὰ
2456 1504 2611 1556 τοῦτο
2629 1520 2761 1572 πονη
2772 1502 2867 1572 ρὰν
2895 1502 3033 1571 ἐχων
3067 1504 3301 1569 γυναῖκα
3335 1501 3409 1570 μὴ

1840 1589 2089 1641 ἐκϐαλεῖν
2107 1603 2119 1615 '
2146 1587 2289 1649 τινὲς
2306 1587 2361 1639 δὲ
2386 1587 2479 1638 καὶ
2502 1586 2587 1638 διὰ
2622 1586 2776 1638 τοῦτο
2797 1583 3099 1652 ἀγαγέσθαι
3122 1584 3281 1637 αὐτὸν
3308 1584 3408 1636 αὐ-

1838 1673 1935 1740 τὴν
1965 1670 2231 1737 λέγουσιν.
2270 1666 2410 1735 Ἐγὼ
2436 1668 2513 1730 δὲ,
2545 1667 2730 1737 ἐπειδὴ
2756 1666 2938 1719 πολλοὶ
2962 1666 3070 1718 τῶν
3105 1664 3410 1734 ἀνθρώπων

1842 1751 1991 1823 [240]
2046 1751 2382 1821 ἀλογώτερόν
2431 1752 2534 1801 εἰσι
2591 1749 2942 1817 διακείμενοι,
2997 1745 3248 1817 παραινῶ
3314 1748 3410 1815 μὲν

1842 1834 2072 1904 ἐξαρχῆς
2108 1835 2283 1887 πάντα
2314 1835 2485 1883 ποιεῖν
2524 1832 2618 1883 καὶ
2646 1830 2964 1893 σπουδάζειν
2995 1832 3141 1893 ὅπως
3172 1830 3409 1899 είθάρμο⁹

1844 1932 1966 1968 στον
1993 1915 2208 1968 λάϐοιεν
2251 1915 2494 1967 σύνοικον
2522 1913 2614 1965 καὶ
2657 1912 2836 1981 πάσης
2875 1913 3150 1979 γέμουσαν
3172 1914 3370 1981 ἀρετῆς
3393 1929 3407 1941 ’

1841 2000 1889 2051 εἰ
1939 1999 1995 2051 δέ
2047 1998 2287 2068 συμϐαίη
2344 1996 2685 2065 διαμαρτεῖν,
2732 1995 2823 2046 καὶ
2869 1995 2941 2062 μὴ
2985 1995 3225 2063 χρηστὴν
3277 1994 3410 2063 μηδὲ

1841 2080 2071 2150 ἀνεκτὴν
2096 2081 2314 2150 νύμφην
2345 2080 2655 2146 εἰσαγαγεῖν
2698 2078 2775 2139 εἰς
2796 2076 2892 2145 τήν
2924 2076 3118 2138 οἰκίαν,
3139 2076 3256 2127 τότε
3282 2076 3411 2144 γοῦν

1842 2164 1931 2217 τὸν
1966 2164 2252 2231 φιλόσοφον
2297 2161 2484 2215 τοῦτον
2526 2159 2741 2229 ζηλοῦν,
2789 2159 2881 2211 καὶ
2918 2156 3197 2228 ῥυθμίζειν
3244 2159 3411 2227 αὐτὴν

1843 2246 2093 2310 πάντοτε,
2132 2245 2226 2299 καὶ
2262 2244 2427 2314 μηδὲν
2463 2242 2665 2294 τούτων
2702 2240 3011 2311 προτιθέναι
3033 2241 3082 2294 ι).
3143 2241 3291 2293 Ἐπεὶ
3320 2241 3412 2293 καὶ

1845 2328 2101 2397 ἔμπορος,
2132 2328 2261 2397 πρὶν
2302 2326 2333 2395 ἢ
2365 2325 2500 2396 πρὸς
2522 2325 2614 2375 τὸν
2640 2322 2894 2376 κοινωνὸν
2926 2321 3195 2392 συνθήκας
3224 2322 3410 2375 θέσθαι

1842 2410 1942 2471 τάς
1982 2408 2286 2477 δυναμένας
2330 2408 2553 2477 είρήνην
2595 2405 2988 2474 πρυτανεύειν,
3038 2405 3099 2457 οὐ
3149 2405 3412 2473 πρότερον

1843 2498 2088 2561 καθέλξει
2114 2498 2173 2551 τὸ
2211 2498 2392 2551 πλοῖον
2420 2499 2499 2560 είς
2536 2497 2598 2549 τὸ
2628 2496 2881 2564 πέλαγος,
2938 2496 3057 2548 οὐδὲ
3099 2495 3199 2566 τῆς
3248 2495 3412 2565 ἄλλης

1845 2580 2037 2648 ἅψεται
2076 2580 2363 2651 ἐμπορίας.
2413 2580 2521 2631 Καλ⁵
2578 2579 2739 2648 ἡμεῖς
2789 2577 2967 2630 τοίνυν
3016 2577 3193 2631 πάντα
3238 2580 3413 2648 πράτ-

1843 2675 2046 2726 τωμεν,
2081 2657 2218 2710 ὥστε
2247 2659 2344 2728 τὴν
2369 2656 2621 2711 κοινωνὸν
2654 2658 2754 2726 τῆς
2774 2657 2870 2708 τοῦ
2896 2657 3009 2726 βίου
3037 2656 3413 2726 πραγματείας

1845 2742 1974 2810 ἡμῖν
2000 2742 2093 2794 καὶ
2111 2739 2206 2793 τοῦ
2226 2734 2407 2793 πλοίου
2429 2739 2617 2792 τούτου
2642 2739 2779 2809 μετὰ
2802 2740 2978 2808 πάσης
3001 2738 3147 2791 ἔνδον
3165 2740 3414 2809 κατέχειν

1844 2824 1945 2891 τῆς
1968 2824 2210 2894 εἰρήνης.
2240 2823 2395 2876 Οὐτω
2414 2822 2522 2893 γὰρ
2545 2822 2639 2876 καὶ
2664 2821 2732 2875 τά
2757 2822 2890 2874 ἀλλα
2922 2823 3097 2875 πάντα
3116 2823 3243 2892 ἡμῖν
3265 2822 3415 2875 ἐσται

1849 2907 2079 2976 γαληνά,
2120 2909 2213 2960 καὶ
2248 2906 2383 2976 μετά
2428 2906 2607 2968 ἁδείας
2638 2906 2700 2957 τὸ
2736 2906 2973 2973 πέλαγος
3008 2904 3101 2958 τοῦ
3150 2907 3416 2976 παρόντος

1849 2989 2251 3059 διαδραμοῦμεν
2281 2989 2417 3058 βίου.
2445 2988 2613 3041 Τοῦτο
2641 2989 2734 3040 καὶ
2763 2987 2870 3057 πρὸ
2898 2987 3073 3049 οἰκίας
3102 2987 3195 3041 καὶ
3220 2988 3415 3057 ἀνδρα·-

1850 3070 2023 3123 πόδων
2044 3072 2137 3124 καὶ
2156 3072 2454 3140 χρημάτων
2476 3071 2572 3123 καὶ
2600 3069 2785 3138 ἀγρῶν
2812 3070 2906 3122 καὶ
2935 3069 3112 3121 αὐτῶν
3136 3068 3244 3120 τῶν
3267 3070 3420 3122 πολι-

1849 3154 2017 3207 τικῶν
2052 3155 2391 3225 πραγμάτων
2424 3155 2679 3221 ἄγωμενο
2725 3153 2820 3206 καὶ
2863 3151 3079 3203 πάντων
3110 3154 3241 3220 ήμῖν
3282 3169 3417 3222 προ-

1848 3238 2133 3308 τιμότερον
2178 3238 2318 3291 ἔστω
2366 3240 2425 3289 τὸ
2468 3237 2566 3306 τὴν
2616 3235 2733 3306 μεθ’
2781 3235 2937 3305 ήμῶν
2976 3235 3209 3288 ἐπὶτῶν
3255 3237 3418 3289 οίκων

1850 3322 2168 3390 καθημένην
2215 3321 2289 3391 μὴ
2342 3321 2655 3383 στασιάζειν
2717 3319 2849 3389 μηδὲ
2903 3318 3233 3387 διχοστατείν
3284 3318 3419 3387 πρὸς

1851 3405 2017 3473 ἡμᾶς.
2047 3403 2201 3457 Οῦτω
2224 3405 2332 3474 γὰρ
2352 3405 2443 3456 καὶ
2464 3403 2533 3455 τὰ
2550 3402 2684 3456 ἀλλα
2709 3404 2840 3472 ἡμῖν
2861 3403 3001 3453 κατὰ
3023 3400 3147 3471 ῥοῦν
3168 3401 3307 3467 ἥξει,
3324 3403 3421 3454 καὶ

1850 3488 1909 3539 ἐν
1934 3488 2043 3549 τοῖς
2074 3490 2464 3555 πνευματικοῖς
2494 3486 2550 3539 δέ
2578 3485 2774 3555 πολλὴν
2808 3485 3000 3553 ἕξομεν
3029 3483 3126 3554 τὴν
3150 3483 3418 3549 εὐκολίαν,

1854 3570 1994 3640 μετὰ
2020 3571 2277 3639 ὁμονοίας
2300 3571 2390 3622 τὸν
2409 3570 2567 3637 ζυγὸν
2593 3568 2779 3622 τοῦτον
2812 3568 3059 3630 ἕλκοντες
3080 3584 3092 3597 ·
3119 3568 3212 3621 καὶ
3244 3568 3422 3643 πάντα

1852 3651 2313 3723 κατορθώσαντες,
2339 3653 2446 3705 τῶν
2475 3654 2850 3723 ἀποκειμένων
2872 3651 3265 3721 ἐπιτευξόμεθα
3287 3656 3418 3719 ἀγα-

1855 3733 1991 3788 θῶνο
2026 3729 2101 3789 ὧν
2129 3737 2341 3803 γένοιτο
2363 3737 2568 3799 πάντας
2598 3738 2745 3807 ἡμᾶς
2784 3737 3083 3805 ἐπιτυχεῖν,
3113 3735 3295 3806 χάριτι
3328 3737 3421 3787 καὶ

1854 3817 2233 3890 φιλανθρωπίᾳ
2254 3818 2346 3870 τοῦ
2370 3818 2576 3888 Κυρίου
2624 3818 2781 3888 ήμῶν
2814 3818 2989 3888 Ἰησοῦ
3014 3818 3270 3887 Χριστοῦ,
3304 3816 3421 3886 μεθ’

1854 3895 1914 3956 οὗ
1939 3901 2015 3973 τῷ
2042 3903 2237 3972 Πατρὶ,
2260 3902 2375 3972 ἅμα
2408 3901 2483 3972 τῷ
2510 3902 2649 3972 ἀγίῳ
2682 3901 2986 3972 Πνεύματι,
3021 3900 3167 3964 δόξαν
3198 3900 3419 3968 κράτος,

1854 3988 2009 4057 τιμὴ,
2046 3987 2139 4041 νῦν
2166 3987 2262 4041 καὶ
2294 3988 2400 4055 ἀεὶ,
2438 3989 2529 4041 καὶ
2572 3989 2652 4051 είς
2679 3989 2801 4051 τοὺς
2832 3986 3035 4051 αἰῶνας
3054 3987 3160 4042 τῶν
3189 3984 3420 4041 αἰώνων.

1870 4069 2061 4140 Ἀμήν.
2099 4110 2103 4113 Α

1921 4207 1949 4236 ³³
1972 4206 2230 4270 Legebatur
2260 4208 2553 4273 προστιθέναι

1604 4481 1843 4535 ΟΜΙΛΙΑ
1870 4484 1994 4536 KZ'.

164 4643 359 4699 Τοῦτο
384 4642 464 4694 δὲ
487 4641 934 4711 παραγγέλλων,
962 4643 1073 4695 οὐκ
1094 4642 1316 4696 ἐπαινῶ
1335 4642 1423 4697 ὅτι
1447 4646 1557 4697 οὐκ
1582 4645 1667 4709 είς
1690 4643 1758 4698 τὸ

292 4725 600 4792 κρεῖττον,
635 4725 768 4778 ἀλλ’
802 4727 889 4789 είς
926 4723 992 4776 τὸ
1020 4719 1202 4792 ἧττον
1229 4725 1623 4795 συνέρχεσθε.

230 4818 308 4865 α’.
331 4810 664 4875 Ἀναγκαῖον
682 4807 772 4860 καὶ
793 4807 886 4859 τοῦ
914 4807 1176 4876 παρόντος
1193 4809 1535 4881 ἐγκλήματος
1560 4808 1756 4880 πρότε-

160 4910 257 4963 ρον
287 4895 401 4962 τὴν
440 4891 619 4945 αἰτίαν
647 4893 820 4943 εἰπεῖν
856 4906 868 4918 ⁸
903 4889 1044 4943 οὕτω
1069 4891 1176 4961 γὰρ
1203 4893 1331 4960 ἡμῖν
1361 4892 1762 4963 εὐμαθέστερος

156 4976 335 5028 πάλιν
355 4974 521 5026 ἔσται
536 4976 563 5025 ὁ
588 4973 762 5040 λόγος.
784 4972 879 5032 Τίς
894 4967 985 5025 οῦν
1007 4974 1153 5025 ἐστιν
1185 4973 1321 5043 αῦτη
1343 4993 1357 5039 ;
1380 4974 1643 5045 Καθάπερ
1671 4976 1762 5028 ἐπὶ

152 5060 272 5111 τῶν
304 5054 639 5126 τρισχιλίων
679 5054 788 5107 τῶν
834 5053 893 5118 ἐξ
935 5055 1108 5124 ἀρχῆς
1154 5058 1558 5111 πιστευσάντων
1607 5060 1759 5129 κοινῇ

156 5143 383 5204 πάντες
417 5139 723 5202 εἱστιῶντο,
759 5138 855 5190 καὶ
886 5139 1037 5191 κοινά
1060 5139 1232 5192 πάντα
1259 5139 1553 5211 ἐκέκτηντο
1577 5158 1589 5171 ·
1622 5140 1762 5193 οὕτω

153 5226 257 5279 καὶ
283 5224 427 5276 τότε
446 5222 538 5274 ὅτε
563 5220 735 5273 ταῦτα
758 5219 995 5290 ἔγραψεν
1013 5222 1041 5272 ό
1072 5221 1389 5283 Ἀπόστολος
1414 5223 1642 5289 ἐγίνετο,
1664 5222 1761 5290 οὐχ

153 5308 311 5362 οῦτω
354 5306 472 5377 μὲν
520 5305 654 5376 μετὰ
689 5304 993 5375 ἀκριϐείας,
1037 5304 1225 5375 ὥσπερ
1271 5305 1326 5357 δέ
1368 5324 1450 5368 τις
1496 5308 1763 5377 ἀπόρροια

150 5395 262 5461 τῆς
307 5389 611 5452 κοινωνίας
654 5388 871 5460 ἐκείνης
906 5388 1328 5457 ἐναπομείνασα,
1371 5390 1462 5443 καὶ
1516 5392 1595 5451 είς
1636 5388 1764 5449 τοὺς

158 5472 314 5543 μετὰ
357 5469 549 5523 ταῦτα
575 5469 801 5540 κατέϐη.
832 5470 942 5523 Καὶ
985 5469 1170 5539 ἐπειδὴ
1204 5470 1479 5523 συνέϐαινε
1508 5471 1632 5534 τοὺς
1663 5471 1762 5542 μὲν

153 5562 431 5625 πένητας
463 5549 619 5617 εῖναι,
648 5556 773 5618 τοῦς
808 5554 865 5608 δέ
894 5553 1204 5617 πλουσίους,
1236 5554 1303 5605 τά
1335 5553 1433 5623 μὲν
1463 5554 1669 5606 ἑαυτῶν
1701 5555 1760 5608 οὐ

152 5633 542 5688 κατετίθεντο
589 5635 760 5688 πάντα
815 5637 893 5697 εἰς
934 5634 1117 5705 μέσον,
1161 5634 1344 5696 κοινάς
1382 5634 1437 5686 δὲ
1486 5635 1763 5688 ἐποιοῦντο

150 5717 263 5781 τὰς
316 5714 620 5786 τραπέζας
662 5720 718 5771 ἐν
764 5717 997 5787 ἡμέραις
1027 5716 1458 5785 νενομισμέναις,
1489 5717 1563 5779 ὡς
1595 5717 1761 5781 εἰκὸς,

154 5802 258 5855 καί
292 5802 411 5871 τῆς
463 5797 729 5863 συνάξεως
768 5798 1192 5872 ἀπαρτισθείσης
1234 5797 1371 5870 μετά
1403 5798 1498 5871 τὴν
1530 5798 1637 5853 τῶν
1667 5817 1765 5870 μυ·

1864 4643 2100 4712 στηρίων
2122 4643 2402 4698 κοινωνίαν
2425 4643 2517 4697 ἐπὶ
2546 4640 2726 4711 κοινὴν
2752 4641 2952 4707 πάντες
2974 4645 3140 4715 ᾔεσαν
3173 4642 3422 4713 εὐωχίαν.

1858 4727 1967 4779 τῶν
2006 4727 2104 4796 μὲν
2142 4728 2509 4780 πλουτούντων
2541 4727 2813 4797 φερόντων
2838 4726 2907 4779 τὰ
2934 4727 3221 4798 ἐδέσματα,
3245 4727 3351 4781 τῶν
3371 4726 3426 4778 δὲ

1862 4809 2172 4879 πενομένων
2200 4811 2292 4862 καὶ
2320 4809 2470 4862 οὐδὲν
2500 4808 2731 4877 ἐχόντων
2751 4808 2841 4860 ὐπ’
2864 4808 3040 4861 αὐτῶν
3060 4810 3426 4879 καλουμένων,

1861 4892 1954 4944 καὶ
1996 4896 2148 4963 κοινῇ
2192 4893 2407 4945 πάντων
2470 4891 2832 4961 ἑστιωμένων.
2884 4892 3025 4944 Ἀλλ’
3072 4891 3300 4963 ὕστερον
3338 4892 3432 4942 καὶ

1859 4972 2017 5026 τοῦτο
2067 4974 2327 5044 διεφθάρη
2362 4974 2438 5026 ητὸ
2472 4973 2612 5035 ἔθος.
2656 4973 2728 5025 Τὸ
2793 4972 2849 5025 δέ
2910 4975 3080 5027 αίτιον
3122 4975 3186 5026 ἐκ
3227 4972 3322 5025 τοῦ
3355 4972 3433 5025 δι-

1861 5056 2127 5109 εσπάσθαι
2154 5058 2247 5109 καὶ
2290 5057 2615 5127 προσνέμειν
2642 5057 2884 5119 ἑαυτοὺς.
2914 5058 3040 5119 τοὺς
3072 5057 3169 5126 μὲν
3201 5056 3430 5117 τούτοις,

1859 5140 1985 5203 τοὺς
2017 5141 2072 5193 δέ
2099 5142 2345 5205 ἐκείνοις,
2386 5141 2481 5194 καὶ
2523 5140 2723 5207 λέγειν*
2765 5139 2905 5207 Ἐγὼ
2936 5142 3034 5210 μέν
3055 5142 3181 5210 ἐίμι
3208 5139 3301 5193 τοῦ
3329 5140 3435 5192 δεῖ·

1861 5240 1968 5285 νος,
2000 5222 2108 5289 ἐγὼ
2137 5224 2192 5276 δὲ
2231 5221 2326 5275 τοῦ
2354 5222 2521 5285 δεῖνος
2542 5239 2553 5250 '
2588 5224 2724 5292 ὅπερ
2752 5224 2843 5274 καὶ
2876 5223 2934 5274 ἐν
2966 5223 3109 5291 ἀρχῇ
3138 5222 3236 5291 τῆς
3282 5222 3433 5274 Ἐπι-

1862 5305 2057 5373 στολῆς
2071 5304 2445 5374 διορθούμενος
2472 5306 2682 5372 ἔλεγεν·
2722 5304 3023 5370 Ἐδηλώθη
3050 5303 3159 5371 γάρ
3179 5319 3280 5371 μοι
3301 5303 3431 5371 περὶ

1860 5385 2027 5456 ὑμῶν
2062 5386 2232 5457 [241],
2263 5386 2531 5456 ιάδελφοί
2566 5405 2700 5452 μου,
2743 5386 2862 5439 ὑπὸ
2908 5384 3029 5439 τῶν
3075 5388 3295 5451 Χλόης,
3344 5378 3433 5437 ὅτι

1860 5470 2050 5534 ἔριδες
2072 5469 2141 5522 ἐν
2168 5468 2309 5537 ὑμῖν
2349 5472 2487 5523 εἰσι.
2524 5470 2686 5538 Λέγω
2724 5469 2792 5522 δὲ
2832 5468 3030 5529 τοῦτο,
3064 5467 3153 5520 ὅτι
3178 5467 3433 5529 ἕκαστος

1860 5550 2027 5620 ὑμῶν
2082 5552 2263 5619 λέγει,
2332 5551 2478 5620 Ἐγὼ
2531 5552 2648 5619 μέν
2694 5554 2814 5619 ειμι
2868 5550 3136 5609 Παύλου,
3196 5547 3311 5616 ἐγὼ
3363 5546 3434 5598 δὲ

1878 5631 2169 5696 Ἀπολλῶ,
2191 5632 2304 5702 ἐγὼ
2331 5632 2399 5685 δὲ
2429 5632 2623 5701 Κηφᾶ.
2665 5634 2777 5686 Οὐκ
2800 5632 2984 5701 ἐπειδὴ
3038 5630 3235 5697 Παύλῳ
3264 5643 3432 5698 προσ-

1869 5715 2059 5785 ένεμον
2083 5714 2306 5777 ἑαυτούς
2345 5729 2357 5742 ·
2397 5716 2516 5767 οὐδὲ
2542 5715 2650 5784 γὰρ
2680 5715 2745 5767 ἂν
2773 5715 3028 5784 ἠνέσχετο
3054 5729 3068 5743 ·
3093 5710 3207 5764 ἀλλ’
3240 5712 3302 5761 ἐκ
3332 5724 3431 5760 πεο

1873 5788 2111 5872 ριουσίας
2136 5797 2432 5871 πρόρριζον
2474 5799 2534 5852 τὸ
2575 5797 2694 5862 ἔθος
2734 5797 3045 5852 ἀνασπάσαι
3082 5793 3426 5866 βουλόμενος.
