3826 6216
436 294 546 353 925

437 410 630 468 ἑαυτὸν
664 404 1028 479 παρενέθηκε,
1061 402 1271 467 δεικνὺς
1297 404 1380 457 ὅτι
1422 404 1471 455 εί
1499 403 1593 455 καὶ
1616 403 1778 456 αὐτόν
1807 419 1891 465 τις
1924 402 2023 453 ἐπ-

430 497 700 567 εγράφετο
730 490 824 545 τοῦ
863 488 1041 544 κοινοῦ
1087 488 1339 567 σώματος
1375 486 1885 559 ἀπορρηγνύμενος,
1916 486 2011 539 καὶ

428 566 599 641 οὕτως
624 576 821 630 ἀτοπον
854 573 915 625 τὸ
940 571 1223 641 γινόμενον
1254 566 1322 641 ἦν
1351 571 1444 623 xal
1466 570 1813 641 παρανομίας
1845 568 2011 638 ἐσχά-

429 680 550 733 της.
600 661 662 713 Εἰ
710 659 767 712 δὲ
813 657 906 710 ἐπὶ
954 654 1143 709 τούτου
1199 654 1537 724 παρανομία,
1585 651 1767 733 πολλῷ
1816 651 2016 722 μᾶλλον

432 730 517 798 ἐπ’
556 743 781 796 ἐκείνων
820 739 927 792 τῶν
976 736 1435 805 καταδεεστέρων.
1482 736 1637 788 Ἐπεὶ
1664 730 1756 787 οὖν
1791 733 2015 786 διεσπά-

436 829 539 898 σθη
568 827 628 879 τὸ
662 824 782 886 ἐθος
800 822 977 883 τοῦτο,
1007 820 1127 881 έθος
1159 817 1447 898 κάλλιστον
1473 832 1566 871 και
1598 816 2016 887 χρησιμώτατον

434 897 552 972 (καὶ
585 908 694 979 7&9
723 906 944 976 ἀγάπης
982 902 1238 964 ὑπόθεσις
1269 897 1357 972 ἦν,
1398 900 1492 953 καὶ
1524 900 1715 963 πενίας
1760 916 2016 969 παραμυ-

434 993 545 1051 θία.
566 992 659 1045 καὶ
677 988 905 1041 πλούτου
924 984 1325 1055 σωφρονισμὸς,
1345 984 1439 1036 καὶ.
1461 982 1775 1051 φιλοσοφίας
1794 980 2015 1051 ἀφορμὴ

432 1078 533 1146 τῆς
572 1074 835 1143 μεγίστης
859 1082 909 1134 ι,
951 1069 1047 1122 καὶ
1094 1066 1596 1136 ταπεινοφροσύνης
1639 1065 2011 1129 διδασκαλία)·

433 1159 556 1214 ἐπεὶ
577 1154 670 1212 οῦν
696 1152 805 1210 εἰδε
833 1154 1073 1208 τοσαῦτα
1103 1152 1283 1220 ἀγαθά
1304 1150 1749 1220 διαφθειρόμενα,
1781 1148 2015 1217 πληκτι-

433 1242 546 1306 κῶς
582 1240 807 1303 εἰκότως
836 1237 915 1308 τῷ
942 1237 1085 1308 λόγῳ
1118 1236 1405 1305 κέχρηται,
1432 1231 1575 1284 οὕτω
1602 1232 1775 1299 λέγων
1797 1248 1809 1260 ·
1838 1232 2017 1285 Τοῦτο

432 1326 503 1379 δὲ
541 1320 995 1393 παραγγέλλων,
1044 1321 1156 1374 οὐκ
1198 1316 1442 1371 ἐπαινῶ.
1499 1316 1587 1368 Ἐν
1642 1314 1743 1385 μὲν
1784 1316 1892 1386 γὰρ
1940 1314 2016 1385 τῷ

432 1408 685 1481 προτέρῳ
715 1406 1037 1476 ἐγκλήματι,
1076 1402 1173 1456 ἀτε
1208 1400 1415 1454 πολλῶν
1443 1398 1613 1452 όντων
1656 1396 1765 1450 τῶν
1808 1399 2017 1481 φυλατέ

432 1478 665 1557 τόντων,
692 1489 895 1561 ἑτέρως
930 1486 1153 1558 ήρξατο,
1184 1483 1359 1553 λέγων
1388 1481 1565 1541 οὕτως
1603 1496 1617 1509 ·
1664 1478 1922 1534 Ἐπαινῶ
1950 1479 2019 1532 δὲ

432 1575 612 1645 ὑμᾶς,
643 1573 732 1627 ὅτι
760 1570 956 1624 πάντα
987 1586 1105 1638 μου
1124 1566 1467 1637 μέμνησθε’
1503 1563 1738 1619 ἐνταῦθα
1769 1564 1825 1617 δὲ
1860 1565 2018 1618 ἐναν-

434 1657 583 1720 τίως,
628 1656 808 1710 Τοῦτο
834 1652 903 1706 δὲ
927 1650 1381 1721 παραγγέλλων,
1416 1650 1529 1704 οὐκ
1550 1646 1793 1703 ἐπαινῶ.
1820 1647 2018 1719 Διόπερ

434 1741 556 1795 οὐδὲ
593 1739 731 1810 μετά
759 1738 859 1809 τὴν
893 1736 1211 1807 ἐπιτίμησιν
1244 1734 1342 1805 τὴν
1375 1732 1517 1787 κατὰ
1555 1731 1666 1784 τῶν
1696 1730 1767 1785 τά
1802 1730 2016 1784 εἰδωλό-

434 1823 571 1877 θυτα
596 1820 882 1875 ἐσθιόντων
912 1819 1045 1873 αὐτὸ
1080 1816 1316 1871 τέθεικεν
1338 1831 1352 1845 ·
1389 1813 1505 1868 ἀλλ’
1534 1812 1723 1884 ἐπειδὴ
1755 1812 2021 1884 τραχύτε-

436 1924 530 1980 ρον
560 1902 628 1976 ἦν
656 1906 853 1969 ἐκεῖνο,
898 1902 1061 1975 μέσον
1096 1896 1470 1972 παρεμϐαλὼν
1502 1897 1594 1952 τδν
1620 1897 1750 1967 περὶ
1785 1896 1891 1980 τῆς
1922 1896 2018 1950 κόο

437 1978 545 2060 in);
573 1988 752 2055 λόγον,
784 1986 871 2040 [va
909 1986 983 2055 μὴ
1004 1983 1065 2048 ἐξ
1094 1981 1455 2053 ἐγκλημάτων
1478 1980 1723 2050 σφοδρῶν
1749 1978 1827 2041 εἰς
1855 1979 2019 2048 ’ἐτερα

436 2071 598 2125 πάλιν
626 2068 842 2138 ἐπαχθῆ
875 2066 1162 2121 διαϐαίνων
1204 2062 1540 2135 τραχύτερος
1574 2062 1855 2133 φαίνηται,
1895 2061 2018 2114 τότε

436 2154 654 2225 ἔρχεται
688 2154 775 2204 ἐπὶ
810 2151 872 2204 τὸ
904 2148 1261 2219 σφοδρότερον
1291 2147 1474 2209 πάλιν,
1503 2144 1594 2199 καί
1631 2161 1786 2217 φησι·
1837 2144 2020 2199 Τοῦτο

436 2238 507 2292 δὲ
556 2234 1008 2306 παραγγέλλων,
1059 2235 1170 2286 οὐκ
1222 2228 1469 2285 ἐπαινῶ.
1512 2230 1672 2283 Ποῖον
1722 2227 1914 2295 τοῦτο;
1954 2231 2019 2282 '0

442 2322 620 2394 μέλλω
646 2321 823 2389 λέγειν
845 2319 957 2373 νῦν.
988 2318 1052 2371 Τί
1076 2321 1212 2382 ἐστι,
1247 2313 1690 2384 Παραγγέλλων
1722 2316 1834 2367 οὐκ
1856 2314 2021 2367 ἐπαι-

437 2406 561 2469 νῶ;
597 2406 709 2459 Ούκ
735 2402 1073 2473 ἀποδέχομαι
1103 2401 1269 2470 ὑμᾶς,
1300 2399 1487 2469 φησὶν,
1512 2399 1595 2450 ὃτι
1632 2413 1699 2468 με
1735 2398 1817 2457 εἰς
1853 2396 2021 2465 ἀνάγ-

438 2505 545 2560 κην
578 2486 950 2556 κατεστήσατε
985 2482 1329 2553 συμϐουλῆς·
1361 2481 1462 2534 οὑκ
1496 2479 1729 2543 ἐπαινῶ,
1753 2480 1835 2532 ὅτι
1870 2478 2021 2550 ἐδεή-

439 2571 572 2641 θητε
617 2568 966 2632 διδασκαλίας
1014 2568 1093 2630 εἰς
1142 2565 1322 2627 τοῦτο,
1363 2565 1446 2618 ὅτι
1490 2563 1679 2635 χρείαν
1728 2562 1882 2634 ἔχετε
1924 2561 2019 2615 τοῦ

439 2652 888 2726 παραγγελθῆναι
941 2651 1033 2705 ὑπ’
1067 2648 1224 2721 ἐμοῦ.
1258 2645 1413 2713 Εἶδες
1457 2648 1575 2711 πῶς
1619 2648 1684 2701 ἐκ
1720 2646 2022 2718 προοιμίων

440 2736 609 2804 ἐδειξε
644 2736 851 2808 σφόδρα
888 2736 1088 2791 ἄτοπον
1126 2734 1185 2788 ὃν
1227 2733 1287 2787 τὸ
1327 2732 1651 2803 γινόμενον;
1696 2731 1866 2784 Ὅταν
1911 2728 2021 2801 7&9

444 2823 577 2895 μηδὲ
605 2820 977 2894 παραγγελίας
997 2818 1186 2889 ὀφείλῃ
1214 2816 1420 2872 δεῖσθαι
1445 2816 1830 2895 όάμαρτάνων
1855 2815 1935 2877 εἰς
1960 2812 2023 2867 τὸ

550 2908 835 2977 ἁμαρτεῖν,
866 2902 1247 2972 ἀσύγγνωστον
1276 2900 1431 2964 εἰκὸς
1456 2894 1595 2955 εἶναι
1624 2899 1685 2953 τὸ
1708 2896 2023 2980 ἀμαρτανότ

444 2979 623 3062 μενον.
662 2988 774 3041 Kal
822 2987 909 3040 ὂιά
952 2986 1003 3039 τί
1043 2986 1143 3039 οὐκ
1186 2985 1463 3047 ἐπαινεῖςς
1516 2982 1650 3037 ’Ὅτι
1689 2984 1802 3036 οὐκ
1835 2983 1924 3045 εἰς
1954 2979 2022 3034 τὸ

439 3072 727 3141 κρεῖττον,
774 3070 910 3125 ἀλλ’
947 3071 1033 3135 εἰς
1077 3067 1143 3122 τὸ
1193 3063 1377 3137 ἧττον
1417 3065 1813 3135 συνέρχεσθε,
1864 3063 2020 3135 φησὶ,

438 3157 737 3221 τουτέστιν,
780 3156 863 3207 ὅτι
902 3153 963 3207 ού
1003 3150 1326 3227 προϐαίνετε
1363 3152 1443 3214 εἰς
1480 3150 1702 3219 ἀρετήν.
1755 3147 1885 3201 Δέον
1914 3148 2023 3220 γὰρ

442 3238 717 3296 ἐπιδοῦναι
764 3238 857 3291 καὶ
921 3235 1142 3289 πλείονα
1215 3232 1470 3302 γενέσθαι
1526 3233 1625 3302 τὴν
1690 3230 2021 3301 φιλοτιμίαν,

442 3324 603 3393 ὑμεῖς
635 3320 692 3374 δέ
729 3322 821 3374 καὶ
847 3319 909 3372 τὸ
935 3320 1035 3389 ήδη
1065 3318 1347 3389 κρατῆσαν
1380 3316 1501 3379 ἔθος
1530 3314 1902 3385 ήλαττώσατε,
1930 3315 2023 3368 καὶ

442 3406 617 3468 οὕτως
657 3402 1025 3473 ήλαττώσατε,
1084 3402 1159 3465 ώς
1210 3401 1302 3454 καὶ
1351 3398 1730 3469 παραγγελίας
1767 3398 2023 3469 δεηθῆναι

444 3489 575 3559 παρ’
608 3485 767 3557 ἐμοῦ,
800 3486 887 3537 ἵνα
915 3486 1007 3537 ἐπὶ
1041 3483 1139 3555 τήν
1167 3483 1442 3554 προτέραν
1470 3481 1805 3551 ἐπανέλθητε
1845 3481 2022 3546 τάξιν.

446 3567 581 3625 Εἶτα
610 3570 697 3622 ῐνα
734 3568 809 3639 μὴ
835 3567 958 3637 δόξῃ
983 3567 1071 3620 διά
1095 3566 1222 3631 τοὺς
1256 3566 1495 3636 πένητας
1519 3564 1690 3618 ταῦτα
1722 3564 1900 3633 λέγειν
1925 3565 2023 3635 μό-

448 3671 561 3716 νον,
594 3652 693 3707 οὐκ
720 3650 922 3714 εὐθέως
960 3652 1039 3714 εἰς
1083 3648 1176 3702 τὸν
1208 3648 1339 3719 περὶ
1366 3647 1475 3701 τῶν
1507 3647 1795 3719 τραπεζῶν
1821 3647 2026 3719 ἐμϐάλ-

447 3736 531 3791 λει
559 3736 736 3804 λόγον,
769 3733 908 3787 ὥστε
958 3734 1032 3803 μὴ
1072 3730 1550 3803 εὐκαταφρόνητον
1587 3730 1759 3802 ταύτῃ
1798 3730 2025 3801 ποιῆσαι

446 3821 548 3893 τὴν
567 3820 882 3888 ἐπιτίμησιν
916 3814 1166 3878 ἐκείνοις,
1195 3813 1334 3868 ἀλλά
1362 3813 1516 3885 ζητεῖ
1542 3813 1686 3878 λέξιν
1712 3814 2027 3884 πληκτικω-

448 3906 617 3971 τάτην
642 3904 736 3956 καὶ
773 3900 937 3955 πολὺν
988 3897 1216 3969 ἔχουσαν
1246 3896 1337 3950 τὸν
1369 3895 1532 3965 φόϐον
1556 3911 1571 3927 σ
1616 3896 1667 3950 τί
1700 3898 1808 3968 γάρ
1845 3914 1979 3969 φησι
2007 3915 2024 3965 ;

447 3985 693 4056 Πρῶτον
723 3984 841 4054 μέν
878 3984 988 4053 γὰρ
1040 3981 1497 4051 συνερχομένων
1526 3980 1692 4051 ὑμῶν
1718 3982 1788 4035 έν
1809 3982 2028 4050 ἐκκλη-

448 4072 579 4139 σίᾳ,
610 4070 807 4123 ἀκούω
830 4066 1140 4135 σχίσματα
1168 4065 1238 4118 ὲν
1278 4062 1421 4133 ὑμῖν
1448 4064 1761 4132 ὑπάρχειν.
1810 4064 1919 4117 Kal
1962 4064 2024 4117 ού

449 4154 621 4222 λέγει,
683 4152 892 4204 Ἀκούω
944 4150 1052 4219 7&9
1110 4148 1185 4220 μὴ
1242 4150 1394 4219 κοινῇ
1450 4148 1596 4218 ὑμᾶς
1656 4149 2023 4203 συνδειπνεῖν

448 4236 634 4290 ἀκούω
664 4234 771 4305 γάρ
802 4233 922 4287 κατ’
961 4232 1097 4285 ἰδίαν
1130 4232 1272 4301 ὑμᾶς
1301 4231 1606 4296 ἑστιᾶσθαι,
1638 4236 1732 4286 καὶ
1776 4233 1851 4303 μὴ
1888 4232 2028 4304 μετά

448 4320 559 4374 τῶν
582 4321 855 4390 πενήτων·
889 4315 1006 4370 ἀλλ’
1032 4315 1060 4368 ὃ
1092 4316 1330 4386 μάλιστα
1370 4316 1552 4369 ἰκανὸν
1578 4312 1646 4386 ἦν
1691 4316 1870 4369 αὐτῶν
1907 4316 2027 4370 δια-

451 4406 628 4457 σεῖσαι
657 4402 755 4473 τήν
782 4392 1045 4463 διάνοιαν,
1074 4398 1234 4452 τοῦτο
1262 4399 1493 4465 τέθεικε,
1515 4399 1575 4452 τὸ
1599 4398 1693 4452 τοῦ
1729 4398 2028 4469 σχίσματος

450 4487 603 4561 [9.42]
633 4488 823 4557 ὄνομα,
854 4484 882 4538 ὃ
911 4486 1007 4538 καὶ
1034 4483 1225 4537 τούτου
1254 4478 1322 4552 ἦν
1349 4484 1542 4548 αῐτιον,
1584 4484 1838 4536 κάκείνου
1866 4482 2029 4538 πάλιν

447 4571 823 4643 ἀνεμίμνησκε
846 4567 941 4621 τοῦ
976 4568 1034 4619 ἐν
1070 4568 1211 4638 ἀρχῇ
1235 4566 1336 4636 τῆς
1388 4566 1706 4637 Ἐπιστολῆς
1734 4567 2027 4637 εἰρημένου

446 4655 543 4710 καὶ
584 4652 917 4725 δηλωθέντος
955 4650 1062 4703 ὑπὸ
1095 4650 1205 4703 τῶν
1242 4649 1441 4719 Χλόης.
1486 4647 1596 4703 Καὶ
1622 4648 1806 4718 μέρος
1833 4666 1889 4704 τι
1927 4664 2027 4703 πι-

447 4737 662 4792 στεύω.
1524 4732 1535 4739 ’

522 4818 586 4889 β’.
607 4820 724 4871 Ἰνα
752 4818 861 4889 γὰρ
890 4817 965 4889 μὴ
995 4816 1217 4886 λέγωσι,
1241 4812 1436 4880 Τίοῦν,
1460 4816 1508 4869 εἰ
1532 4814 1820 4885 ψεύδονται
1845 4815 1895 4869 οἰ
1916 4815 2030 4870 δια-

451 4902 765 4965 ϐάλλοντεςς
788 4901 914 4954 οὔτε
932 4902 1015 4954 ὃτι
1048 4898 1295 4953 πιστεύω
1320 4896 1495 4962 εἶπεν,
1530 4899 1616 4951 ῖνα
1644 4897 1720 4969 μή
1742 4898 2031 4969 ἀναισχυν-

450 4985 706 5057 τοτέρους
732 4986 954 5056 ποιήσῃ,
984 4984 1091 5037 οὐδ’
1122 4980 1191 5038 αὖ
1242 4982 1401 5036 πάλιν
1433 4983 1515 5035 ὅτι
1554 4980 1789 5047 ἀπιστῶ,
1828 4982 1913 5034 ἵνα
1953 4981 2030 5053 μὴ

449 5066 577 5139 δόξῃ
604 5068 779 5139 μάτην
809 5070 1087 5140 ἐπιτιμᾷν,
1113 5066 1269 5133 ἀλλά,
1302 5064 1494 5134 Μέρος
1525 5083 1579 5119 τι
1615 5066 1711 5119 καὶ
1743 5068 2025 5131 πιστεύω,

452 5153 609 5222 φησι,
642 5152 941 5215 τουτέστιν,
973 5152 1037 5204 ἐκ
1071 5152 1269 5222 μέρους
1297 5148 1496 5221 μικροῦ
1528 5147 1792 5213 πιστεύω,
1826 5151 2030 5217 ἐναγω-

452 5236 599 5299 νίους
622 5234 809 5298 ποιῶν,
836 5234 932 5288 καὶ
946 5234 1026 5297 είς
1047 5234 1147 5303 τὴν
1162 5233 1259 5302 τῆς
1284 5231 1623 5301 διορθώσεως
1650 5232 1831 5285 καλῶν
1855 5233 2029 5287 ἐπάν-

450 5317 588 5372 οδον.
632 5317 733 5371 Δεῖ
764 5317 878 5385 γὰρ
917 5316 1014 5369 καί
1049 5316 1309 5383 αίρέσεις
1350 5315 1421 5368 ἐν
1457 5314 1601 5383 ὑμῖν
1635 5312 1812 5379 εἶναι,
1848 5316 1950 5369 ἵνα
1975 5317 2028 5369 οι

449 5402 683 5470 δόκιμοι
722 5399 967 5470 φανεροί
1002 5398 1287 5469 γένωνται
1322 5398 1392 5452 έν
1416 5398 1559 5467 ὑμῖν
1596 5412 1611 5427 ⁸
1656 5400 1899 5470 αἱρέσεις
1936 5401 2029 5452 ἐν-

447 5485 644 5549 ταῦθα,
688 5487 749 5537 ού
788 5483 991 5546 ταύτας
1042 5482 1216 5549 λέγων
1257 5482 1354 5546 τὰς
1387 5480 1497 5535 τῶν
1532 5481 1819 5552 δογμάτων
1841 5524 1857 5546 ,
1894 5483 2031 5537 ἀλλά

447 5568 548 5633 τάς
572 5570 679 5623 τῶν
720 5568 1035 5639 σχισμάτων
1069 5566 1294 5619 τούτων.
1339 5565 1404 5618 Εἰ
1448 5564 1506 5618 δέ
1541 5565 1758 5630 καὶτὰς
1803 5566 1912 5620 τῶν
1943 5567 2030 5620 δο-

507 5777 532 5805 ³
563 5775 631 5824 ιω
654 5775 779 5838 Reg.
804 5775 861 5825 In
883 5776 1031 5827 editis
1053 5775 1179 5837 hac,
1201 5774 1282 5823 καί
1312 5772 1589 5837 φιλοσοφίας
1608 5772 1798 5838 ἀφορμὴ
1833 5782 1913 5834 τῆς
1940 5792 2019 5838 με·

445 5836 630 5895 τίιηης.
648 5836 874 5889 ἀεείἐιοι.

1161 285 1222 343 S.
1265 282 1555 343 JOANNlS
1592 281 2022 341 οηιιῑεοδτοξ

2146 283 2471 345 ARCHIEP.
2513 287 3071 347 CONSTANTINOP.
3618 294 3711 351 εει

2131 403 2360 473 γμάτων
2399 405 2605 475 ἔλεγεν,
2632 407 2753 461 οὐδὲ
2789 406 2933 461 οὕτω
2976 406 3146 478 λαϐὴν
3176 406 3371 462 ἐδίδου.
3412 408 3536 462 Καὶ
3560 410 3663 481 γὰρ
3690 419 3711 465 ξ

2126 488 2363 557 Χριστός
2394 506 2578 562 φησιν,
2619 490 2879 560 Ἀνάγκη
2910 490 3110 544 ἐλθεῖν
3144 490 3219 544 τὰ
3261 491 3627 557 σκάνδαλα,
3661 500 3709 547 ιι

2122 570 2223 639 τὴν
2255 570 2571 643 ἐλευθερίαν
2596 572 2697 643 τῆς
2734 572 3107 644 προαιρέσεως
3140 572 3579 643 λυμαινόμενος,
3603 578 3711 628 055';

2121 652 2367 724 ἀνάγκην
2389 654 2512 708 τινὰ
2541 655 2635 707 κα)⁸
2676 653 2795 724 βίαν
2820 654 3045 723 ἐφιστάς
3073 655 3151 725 τῷ
3186 655 3309 725 βίῳ.
3334 656 3485 710 ἁλλά
3511 657 3574 708 τὸ
3596 660 3708 711 παν.

2120 753 2230 799 τως
2265 737 2520 807 ἐσόμενον
2547 739 2612 791 ἐκ
2645 738 2749 808 τῆς
2785 740 3029 809 πονηρᾶς
3065 739 3178 791 τῶν
3224 738 3552 809 ἀνθρώπιον
3582 744 3711 806 γνῶν

2126 838 2234 890 μης
2263 821 2566 891 προλέγων,
2598 822 2737 891 ὅπερ
2757 822 2950 892 ἔμελλε
2978 822 3247 891 γίνεσθαι,
3276 824 3342 874 οὐ
3372 822 3474 875 διὰ
3507 822 3607 891 τὴν
3633 825 3713 875 a-L.

2123 902 2214 957 τοῦ
2243 904 2569 976 πρόρρησιν,
2608 905 2747 958 ἀλλά
2781 904 2872 957 διὰ
2907 910 3009 975 τὴν
3050 904 3158 957 τῶν
3188 906 3443 967 ἀνιάτως
3483 905 3707 973 ἐχόντων

2124 985 2368 1056 γνώμην.
2429 989 2503 1040 Ού
2556 988 2665 1059 7&9
2713 988 2900 1059 ἐπειδὴ
2954 990 3205 1058 προεῖπε,
3251 987 3441 1041 ταῦτα
3498 987 3713 1053 ἐγίνετο,

2123 1069 2238 1122 ἀλλ’
2264 1070 2453 1139 ἐπειδὴ
2482 1070 2699 1133 πάντως
2736 1070 2929 1139 ἔμελλε
2960 1071 3227 1138 γίνεσθαι,
3261 1071 3355 1123 διά
3391 1068 3572 1123 τοῦτο
3603 1088 3717 1140 προο

2125 1154 2314 1205 εἶπεν⁸
2356 1151 2531 1216 Ἐπεὶ,
2574 1154 2623 1205 εἰ
2667 1154 2912 1225 ἀνάγκης
2948 1148 3017 1224 ἦν
3062 1152 3133 1206 τά
3171 1154 3481 1212 σκάνδαλα.
3522 1154 3616 1204 καὶ
3653 1156 3717 1221 μὴ

2123 1235 2349 1305 γνώμης
2376 1235 2482 1288 τῶν
2499 1237 2828 1305 εἰσαγόντων
2851 1238 3014 1303 αὐτὰ,
3040 1238 3313 1308 περιττῶς
3345 1236 3717 1303 ἔλεγεν,οίιαί

2124 1320 2206 1386 τῷ
2229 1319 2517 1388 ἀνθρώπῳ
2544 1321 2773 1389 ἐκεινῳ,
2814 1322 2889 1374 δι’
2917 1317 2989 1376 οὗ
3013 1322 3084 1375 τὰ
3105 1320 3441 1374 σκάνδαλα
3468 1321 3717 1387 ἔρχεται.

2138 1403 2299 1456 Ἀλλά
2329 1403 2501 1457 ταῦτα
2548 1405 2647 1474 μὲν
2688 1404 2981 1476 εὐρύτερον
3026 1405 3084 1457 ἐν
3121 1404 3268 1474 αὐτῷ
3305 1404 3620 1472 γενόμενοι
3653 1402 3721 1469 τῷ

2126 1487 2310 1557 χωρίῳ
2342 1486 2699 1558 διελέχθημεν
2721 1504 2736 1517 ⁸
2762 1488 2859 1542 νῦν
2887 1488 2943 1541 δὲ
2965 1486 3060 1540 ἐπὶ
3083 1489 3145 1541 τὸ
3174 1487 3568 1558 προκείμενον
3600 1485 3721 1537 ἰέναι

2125 1570 2359 1640 ἀνάγκη.
2402 1570 2526 1622 Ὅτι
2564 1570 2675 1640 γὰρ
2711 1571 2841 1640 περὶ
2887 1570 2996 1623 τῶν
3042 1571 3308 1643 αἱρέσεων
3358 1569 3590 1623 τούτων
3614 1565 3721 1620 εἴτε

2126 1655 2234 1709 τῶν
2261 1655 2403 1709 κατὰ
2438 1655 2539 1718 τάς
2564 1654 2845 1725 τραπέζας
2882 1655 2979 1707 καὶ
3015 1656 3115 1725 τῆς
3136 1653 3490 1723 φιλονεικίας
3523 1651 3721 1721 ταύτης

2126 1739 2222 1792 καὶ
2256 1737 2612 1803 διαστάσεως,
2664 1739 2761 1791 καὶ
2803 1738 2868 1791 ἐκ
2920 1737 3029 1791 τῶν
3062 1738 3188 1807 ἑξῆς
3225 1738 3391 1807 δῆλον
3432 1736 3720 1804 ἐποίησεν.

2127 1822 2312 1876 Είπὼν
2338 1822 2469 1894 7&9.
2505 1823 2589 1875 ὅτι
2646 1821 2868 1875 Ἀκούω
2907 1821 3217 1889 σχίσματα
3256 1821 3329 1874 ἐν
3356 1819 3517 1889 ὑμῖν
3544 1819 3727 1885 ὑπαί-

2127 1923 2278 1977 χειν,
2302 1907 2403 1959 οὐκ
2432 1905 2562 1977 έστη
2595 1904 2757 1975 μέχρι
2791 1904 3004 1967 τούτου,
3040 1903 3175 1958 ἀλλά
3215 1902 3437 1967 δεικνὺς
3471 1906 3616 1955 ποῖα

2126 2008 2214 2060 γει
2252 1990 2547 2061 σχίσματα,
2577 1987 2783 2059 προϊών
2811 2005 2995 2059 φησιν,
3022 1988 3104 2041 ὅτι
3131 1988 3433 2053 Ἕκαστος
3471 1987 3549 2041 τὸ
3578 1987 3727 2039 ἵειεν

2127 2074 2377 2130 δεῖπνον
2399 2071 2803 2143 προλαμϐάνει
2829 2090 2843 2104 ·
2889 2073 2985 2125 καὶ
3018 2071 3200 2132 πάλιν,
3246 2070 3342 2137 Μὴ
3376 2072 3498 2139 γὰρ
3535 2072 3725 2134 οἰκίας

2127 2161 2241 2213 οὐκ
2260 2157 2430 2226 ἔχετε
2466 2158 2555 2223 εἰς
2583 2156 2646 2209 τὸ
2671 2155 2900 2209 ἐσθίειν
2940 2155 3038 2207 καί
3080 2154 3313 2214 πίνειν;
3346 2154 3383 2219 ἢ
3422 2151 3555 2219 τῆς
3600 2153 3725 2205 ἐιε-

2128 2240 2393 2310 κλησίας
2430 2238 2537 2294 τοῦ
2579 2238 2727 2293 Θεοῦ
2760 2236 3218 2306 καταφρονεῖτε;
3278 2236 3421 2289 Ἀλλ’
3480 2237 3573 2289 ὅτι
3632 2236 3729 2305 μὲν

2128 2322 2481 2395 περὶτούτων
2506 2316 2651 2385 εἷπε,
2673 2321 2849 2392 δῆλον.
2878 2322 2939 2374 Εἰ
2962 2321 3019 2373 δὲ
3050 2319 3323 2390 σχίσματα
3354 2318 3507 2371 αύτὰ
3544 2318 3723 2377 καλεῖ,

2132 2408 2208 2478 μὴ
2243 2406 2565 2476 θαυμάσῃς-⁸
2604 2405 2742 2475 ὅπερ
2786 2404 2893 2474 7&9
2927 2402 3085 2472 ἔφην,
3112 2404 3178 2471 τῇ
3208 2401 3350 2468 λέξει
3385 2402 3723 2456 καθικέσθαι

2127 2489 2310 2545 αὐτῶν
2339 2488 2609 2559 βούλεται.
2661 2487 2722 2540 Εἰ
2769 2487 2825 2540 δέ
2871 2486 3157 2556 δογμάτων
3185 2484 3252 2559 ἦν
3299 2486 3369 2539 τά
3408 2486 3725 2555 σχίσματα.

2127 2576 2228 2627 οὐκ
2284 2573 2351 2628 ἂν
2396 2569 2570 2634 οὕτως
2620 2570 2803 2632 αὐτοῖς
2853 2568 3100 2641 διελέχθη
3144 2570 3388 2640 ἡμέρως.
3441 2569 3723 2620 Ἄκουσον

2128 2656 2259 2727 γοῦν
2283 2658 2413 2711 ὅταν
2448 2671 2502 2707 τι
2544 2654 2783 2707 τοιοῦτον
2823 2652 2979 2726 λέγῃ,
3033 2651 3149 2717 πῶς
3184 2644 3307 2705 ’ἐστι
3354 2652 3598 2722 σφοδρὸς
3632 2654 3725 2703 καὶ

2129 2738 2561 2809 ἀσφαλιζόμενος
2618 2737 2713 2789 καὶ
2770 2736 3075 2805 ἐπιτιμῶνο
3118 2734 3564 2805 ἀσφαλιζόμενος
3602 2735 3720 2805 μὲν,

2129 2826 2204 2890 ώς
2234 2825 2363 2881 ὅταν
2406 2823 2562 2894 λέγῃ,
2604 2822 2733 2876 Κᾶν
2771 2819 3027 2890 ἄγγελος
3073 2817 3228 2888 ὑμᾶς
3263 2817 3721 2886 εὐαγγελίζηται

2130 2909 2267 2977 παρ’
2296 2907 2329 2961 ὃ
2358 2904 2739 2975 παρελάϐετε,
2782 2903 3050 2973 ἀνάθεμα
3086 2902 3278 2956 έστω·
3320 2901 3608 2970 ἐπιτιμῶν
3642 2901 3718 2956 δὲ.

2128 2992 2206 3055 ώς
2225 2992 2355 3045 ὅταν
2388 2990 2544 3061 λέγῃ,
2595 2989 2824 3054 Οἵτινες
2868 2988 2940 3041 ἐν
2978 2987 3141 3055 νόμῳ
3180 2984 3558 3047 δικαιοῦσθε,
3615 2984 3721 3049 τῆς

2130 3072 2374 3144 χάριτος
2403 3071 2745 3135 ἐξεπέσετε.
2777 3070 2888 3123 Kal
2920 3067 3015 3123 νῦν
3051 3068 3151 3137 μὲν
3188 3067 3353 3131 κύνας
3388 3068 3560 3119 καλεῖ
3597 3070 3721 3128 τοπ

2130 3158 2536 3229 διαφθείροντας
2561 3156 2756 3222 λέγων,
2797 3153 3059 3206 Βλέπετε
3103 3151 3245 3218 τοὺς
3270 3149 3465 3216 κύνας
3489 3168 3507 3184 ο
3540 3150 3640 3203 νῦν
3667 3152 3720 3202 δὲ

2130 3240 2707 3311 κεκαυτηριασμένους
2758 3236 2858 3308 τήν
2923 3235 3249 3305 συνείδησιν,
3298 3234 3394 3288 καὶ
3445 3235 3722 3301 ἀγγέλους

2130 3324 2378 3379 διαϐόλου
2413 3322 2598 3377 πάλιν.
2656 3320 2797 3374 Ἀλλ’
2844 3320 2945 3373 οὐκ
2992 3318 3227 3373 ἐνταῦθα
3273 3316 3522 3370 τοιοῦτον
3567 3318 3718 3370 0".»th

2131 3406 2304 3469 εἷπεν,
2331 3406 2446 3460 ἀλλ’
2468 3406 2689 3477 ἡμέρως
2719 3404 2812 3457 xal
2840 3402 3164 3473 ὑφειμένως.
3201 3401 3267 3453 Τί
3295 3401 3351 3453 δέ
3372 3402 3553 3463 ἐστιν,
3588 3400 3720 3455 Ἵνα

2131 3495 2185 3546 οι
2214 3491 2449 3558 δόκιμοι
2492 3486 2739 3558 φανεροί
2770 3485 3055 3556 γένωνται
3100 3486 3169 3538 έν
3201 3485 3345 3553 ὑμῖν
3358 3502 3378 3549 ;
3418 3486 3543 3537 Ἰνα
3578 3484 3717 3555 λάμο

2131 3576 2274 3645 ψωσι
2300 3572 2581 3644 μειζόνως.
2623 3572 2689 3623 '0
2714 3570 2771 3623 δέ
2818 3568 3067 3639 βούλεται
3103 3569 3297 3629 εἰπεῖν,
3344 3566 3505 3619 τοῦτό
3550 3568 3717 3629 ἐστιν,

2131 3660 2214 3714 ὃτι
2240 3658 2379 3721 Τοὺς
2408 3653 2844 3725 ἀπεριτρέπτους
2868 3652 2963 3705 καὶ
2991 3652 3250 3722 στερροὺς
3281 3651 3343 3702 οὐ
3370 3651 3537 3719 μόνον
3567 3652 3719 3704 οὐδὲν

2131 3741 2293 3795 τοῦτο
2321 3738 2723 3810 παραϐλάπτει,
2753 3734 2889 3788 ἀλλά
2928 3734 3023 3787 καὶ
3068 3733 3307 3786 δείκνυσι
3344 3733 3580 3802 μᾶλλον,
3630 3736 3719 3785 καὶ

2132 3824 2544 3896 λαμπροτέρους
2566 3819 2877 3889 ἀποφαίνει.
2901 3818 2974 3872 Τὸ
3000 3816 3153 3889 [245]
3182 3818 3313 3887 γὰρ,
3333 3816 3495 3877 Ἵνα,
3538 3816 3715 3880 τοῦτο,

2132 3912 2191 3965 οὺ
2214 3906 2489 3978 πανταχοῦ
2523 3904 2850 3971 αἰτιολογίας
2868 3903 3035 3966 ἐστὶν,
3053 3900 3189 3955 ἀλλά
3216 3899 3489 3970 πολλαχοῦ
3507 3901 3718 3967 καὶτῆς

2133 3995 2242 4049 τῶν
2267 3992 2608 4065 πραγμάτων
2636 3988 2934 4050 ἐκϐάσεως.
2960 3984 3117 4038 Οὕτω
3140 3986 3236 4039 καὶ
3262 3984 3558 4065 όᾼΧριστδς
3591 3985 3721 4037 αὐτὸ

2132 4063 2367 4149 τίθησιν,
2401 4076 2530 4129 ὅταν
2573 4071 2729 4145 λέγῃ,
2774 4072 2880 4136 Εἰς
2924 4069 3100 4138 κρῖμα
3127 4068 3242 4136 ἐγὼ
3272 4063 3468 4137 ἦλθον
3494 4070 3587 4131 εις
3616 4069 3721 4119 τὸν

2134 4162 2366 4231 κόσμον
2410 4156 2647 4219 τοῦτον,
2696 4154 2797 4208 ίνα
2836 4154 2890 4205 οἱ
2922 4151 3009 4221 μὴ
3034 4149 3374 4215 βλέποντες
3408 4149 3719 4213 βλέπωσι,

2134 4245 2232 4300 καί
2261 4246 2318 4297 οι
2342 4241 2682 4307 βλέποντες
2707 4235 2925 4304 τυφλοί
2952 4238 3240 4304 γένωνται
3264 4249 3278 4261 ’
3314 4232 3461 4286 οὕτω
3491 4235 3590 4285 καὶ
3621 4235 3716 4285 a6-

2134 4329 2223 4390 τὸς
2265 4328 2294 4380 ό
2342 4323 2572 4386 Παῦλος,
2612 4322 2741 4375 ὅταν
2780 4319 2911 4390 περὶ
2962 4316 3058 4370 τοῦ
3102 4317 3269 4387 νόμου
3332 4316 3717 4385 διαλεγόμενος

2133 4412 2352 4484 γράψει’
2384 4410 2581 4477 Νόμος
2607 4404 2676 4459 δέ
2710 4400 3138 4471 παρεισῆλθεν,
3176 4402 3278 4453 ἵνα
3300 4399 3621 4484 πλεονασῃ
3652 4402 3711 4451 τὸ

2135 4483 2521 4565 παράπτωμα.
2567 4488 2707 4542 Ἀλλ’
2738 4486 2862 4541 οὐτε
2894 4487 2923 4539 ό
2947 4486 3108 4556 νόμος
3128 4484 3214 4537 διά
3239 4483 3399 4537 τοῦτο
3424 4483 3610 4551 ἐδόθη,
3633 4484 3713 4533 ἵνα

2136 4578 2344 4650 αὐξηθῇ
2368 4578 2435 4630 τά
2465 4574 2839 4645 ἁμαρτήματα
2870 4570 2978 4623 τῶν
3013 4568 3284 4650 Ίορδαίων
3309 4584 3323 4597 ·
3354 4566 3601 4650 τοῦτοᾹῷ
3628 4568 3711 4631 ἐξ-

2137 4664 2237 4735 έϐη
2261 4646 2276 4693 ί
2306 4646 2429 4714 οῦτε
2456 4660 2485 4711 ό
2516 4654 2750 4727 Χριστὸς
2776 4652 2864 4706 διὰ
2894 4650 3052 4735 τοῦτο
3076 4646 3261 4735 ⁴ἰδγλθεν,
3299 4650 3387 4735 ἰνα
3415 4650 3466 4702 οἰ

2133 4730 2237 4812 τες
2252 4743 2443 4813 τυφλοὶ
2464 4740 2747 4809 γένωνται,
2780 4735 2917 4791 ἀλλά
2945 4734 3035 4788 διά
3053 4734 3113 4787 τὸ
3133 4733 3376 4786 ἐναντίον
3390 4746 3406 4760 '
3439 4731 3642 4800 συνέϐη
3663 4730 3715 4782 δὲ

2134 4831 2311 4885 τοῦτο.
2338 4825 2523 4887 Οὕτως
2566 4820 2667 4877 ⁴οῦν
2706 4823 2798 4875 καὶ
2845 4818 3077 4874 ἐνταῦθα
3110 4817 3329 4886 νοητέον
3373 4815 3453 4880 τὸ,
3493 4817 3629 4869 Ἵνα
3663 4818 3711 4866 c1

2136 4913 2367 4982 δόκιμοι
2395 4906 2641 4979 φανεροί
2669 4904 2979 4974 γένωνται.
3011 4899 3145 4953 Οὐδέ
3168 4900 3278 4969 7&9
3304 4896 3393 4950 διὰ
3415 4896 3577 4950 τοῦτο
3600 4898 3712 4982 £770-

2135 4980 2287 5052 νοντο
2310 4992 2570 5066 αἱρέσεις,
2602 4990 2689 5043 ἵνα
2716 4988 2766 5041 οἰ
2790 4987 3004 5057 δόκιμοι
3024 4983 3249 5066 φανεροὶ
3268 4982 3559 5066 γένωνται,
3577 4980 3714 5066 an}:

2134 5080 2245 5134 τῶν
2267 5062 2532 5149 αἱρέσεων
2565 5072 2770 5126 τούτων
2802 5067 3109 5139 γενομένων
3138 5064 3299 5118 τοῦτο
3324 5062 3548 5133 συνέϐη.
3575 5062 3712 5114 Ταῦο

2135 5180 2204 5218 τα
2234 5162 2292 5216 δέ
2322 5146 2465 5223 εἰπε,
2491 5159 2616 5220 τοὺς
2641 5155 2879 5225 πένητας
2910 5146 3407 5220 παραμυθούμενος
3439 5148 3568 5208 τοὺς
3592 5162 3711 5212 γεν-

2136 5246 2302 5309 ναίως
2354 5244 2615 5315 φέροντας
2663 5237 2761 5310 τὴν
2798 5233 3055 5303 τοιαύτην
3089 5230 3410 5315 ύπεροφίαν.
3434 5228 3564 5315 Διὸ.
3597 5227 3709 5279 οιέιδὲ

2137 5326 2311 5393 εἶπεν,
2344 5310 2463 5380 Ἵνα
2491 5324 2704 5393 δόκιμοι
2726 5320 2987 5389 γένωνται
3012 5333 3026 5347 ο
3054 5313 3197 5378 ἀλλ’,
3226 5313 3361 5366 Ἵνα
3390 5314 3445 5365 οἰ
3487 5310 3709 5377 δόκιμοι

2139 5414 2310 5480 ὄντες
2338 5406 2583 5481 φανεροὶ
2613 5404 2921 5474 γένωνται,
2949 5399 3123 5470 δηλῶν
3149 5398 3231 5451 ὅτι
3268 5397 3368 5481 καὶ
3392 5394 3502 5466 πρὸ
3526 5393 3708 5481 τούτου

2136 5478 2364 5551 τοιοῦτοι
2390 5488 2552 5563 ἦσαν,
2582 5488 2696 5542 ἀλλ’
2715 5483 3072 5556 ἀνεμίγνυντο
3088 5482 3202 5543 τοῖς
3226 5478 3463 5563 πολλοῖς,
3486 5478 3583 5563 καὶ
3613 5491 3709 5563 παῖ

2141 5555 2809 5653 ραμυθίαςάπολαύοντες
2854 5566 2954 5637 τῆς
2987 5562 3139 5635 παρά
3177 5562 3287 5653 τῶν
3322 5555 3709 5653 πλουσίωνκού

2141 5638 2343 5732 σφόδρα
2362 5638 2644 5727 ἐφαίνοντο
2665 5670 2678 5686 ·
2709 5652 2827 5707 νυνὶ
2850 5650 2907 5703 δὲ
2935 5651 2970 5719 ή
3000 5648 3191 5732 στάσις
3215 5643 3370 5732 αὕτη.
3386 5643 3482 5696 καὶ
3502 5638 3709 5732 ήῼφιλο-

2138 5719 2316 5802 νέικία
2347 5719 2539 5814 δήλους
2566 5736 2763 5797 αὐτοὺς
2799 5731 3077 5802 ἐποίησεν,
3109 5730 3297 5814 ὥσπερ
3323 5719 3706 5814 τδῖ-κώξωῇ.

2140 5846 2238 5901 την
2276 5830 2306 5884 ὁ
2348 5804 2557 5898 χειμὼν
2601 5821 2861 5877 δείκνυσι.
2908 5817 3018 5871 Καὶ
3054 5814 3155 5868 οὐκ
3190 5807 3364 5881 εἷπεν,
3403 5810 3526 5865 ἰνα
3556 5804 3709 5876 ὑμεῖς
