3776 6314
101 297 183 350 Ψὶῖὶ
1056 274 1124 332 ΙΝ
1163 271 1380 331 EPIST.
1416 266 1438 328 ἰ
1501 271 1592 328 AD

1056 274 1124 332 IN
1163 271 1380 331 EPIST.
1416 266 1438 328 ἰ
1501 271 1594 328 AD
1629 269 1789 330 COR.
1833 270 2062 329 HOMIL.
2104 270 2316 329 XXVII.

98 405 445 465 adscriberent;
493 410 664 468 neque
708 393 855 451 enim
901 390 954 447 id
998 389 1090 446 ille
1136 387 1387 444 tulisset:
1419 384 1514 440 sed
1553 399 1622 440 ex

99 498 371 558 abundanti,
417 492 598 547 volens
638 488 784 543 hunc
826 498 1032 540 morem
1071 480 1326 536 radicitus
1355 477 1620 543 evellere,

97 595 287 660 seipsurn
313 584 567 655 apposuit,
597 578 906 640 ostendens,
934 572 1076 644 quod
1103 571 1148 626 si
1175 585 1234 626 se
1258 569 1375 640 quis
1405 567 1503 637 ipsi
1531 565 1625 620 ad-

97 682 311 736 scriberet
335 691 364 729 a
391 670 655 729 communi
695 681 923 737 corpore
959 663 1262 725 abscissus,
1299 660 1376 714 sic
1413 671 1626 729 quoque

93 787 183 827 rem
205 783 310 824 esse
336 763 612 820 absurdam
640 769 695 814 et
718 768 972 814 extremae
1012 750 1325 822 iniquitatis.
1357 748 1411 804 Si
1447 755 1625 801 autem

95 865 135 916 in
160 862 244 914 hoc
269 865 377 912 erat
399 853 667 924 iniquitas,
698 849 864 903 multo
894 845 1064 914 magis
1091 843 1141 896 in
1171 841 1276 895 illis
1295 839 1382 909 qui
1412 837 1626 892 inferio-

95 969 162 1010 res
193 959 345 1008 erant.
385 947 516 1014 Quia
562 944 722 1014 igitur
761 939 1017 1006 disjectas
1055 942 1111 989 et
1147 932 1348 986 divisus
1385 939 1500 984 erat
1539 927 1627 982 hic

95 1063 202 1108 mos.
221 1040 589 1114 pulcherrimus
617 1035 706 1090 ille
727 1045 780 1088 et
801 1029 1115 1086 utilissimus
1136 1026 1320 1097 (causa
1343 1022 1627 1114 enituerat

94 1111 314 1195 caritatis,
347 1127 668 1200 paupertatis
691 1120 989 1178 consolatio
1008 1159 1024 1184 ,
1053 1116 1354 1172 divitiarum
1383 1111 1628 1166 modera-

96 1229 168 1289 tio,
192 1224 518 1290 maximaeque
545 1213 899 1288 philosophire
920 1209 1157 1273 occasio,
1182 1215 1236 1261 et
1260 1205 1501 1260 doctrina
1530 1202 1628 1256 hu-

95 1317 305 1383 militatis)
334 1334 348 1368 :
373 1316 496 1384 quia
529 1313 690 1381 igitur
714 1306 918 1363 sciebat
949 1313 1095 1358 tanta
1127 1301 1265 1355 bona
1293 1311 1416 1352 esse
1441 1309 1624 1350 corru-

97 1425 186 1483 pta,
220 1411 328 1478 jure
364 1407 471 1460 acri
521 1418 647 1458 usus
695 1411 779 1456 est
819 1397 1096 1460 oratione,
1137 1393 1214 1449 sic
1253 1392 1438 1446 dicens
1470 1406 1484 1441 :
1515 1386 1627 1440 Hoc

96 1516 223 1557 autem
249 1500 551 1570 prwcipiens,
579 1513 679 1550 non
707 1492 880 1548 laudo.
907 1490 962 1545 lu
992 1487 1154 1560 priori
1186 1499 1378 1556 nempe
1404 1495 1626 1538 accusa-

99 1599 223 1657 tione,
243 1593 369 1662 quod
400 1589 609 1660 plurimi
634 1597 812 1641 essent
839 1583 928 1653 qui
950 1581 1316 1673 observarent,
1342 1576 1447 1629 alio
1469 1571 1628 1673 modo

99 1686 250 1754 incepit
284 1683 363 1735 his
394 1680 574 1734 verbis
602 1695 615 1730 :
649 1674 829 1730 Laudo
858 1683 1024 1726 autem
1053 1687 1138 1763 vos
1157 1710 1172 1735 ,
1201 1668 1320 1737 quia
1345 1682 1434 1736 per
1458 1668 1629 1763 omnia

99 1777 168 1829 mei
201 1772 512 1833 meministis;
546 1769 631 1822 hic
657 1781 784 1820 vero
818 1774 1004 1819 contra
1038 1781 1050 1816 :
1089 1759 1200 1814 Hoc
1237 1768 1405 1811 autem
1447 1759 1630 1823 praeci-

97 1869 232 1933 piens,
261 1880 349 1916 non
381 1861 556 1914 tando.
589 1858 794 1913 idcirco
833 1869 1007 1924 neque
1046 1859 1167 1922 post
1208 1847 1628 1917 increpationem

99 1971 242 2008 eorum
269 1956 348 2023 qui
376 1952 675 2020 idolothyta
700 1946 1088 2010 comedebant,
1122 1943 1298 2012 posuit
1335 1937 1503 2000 illud;
1535 1934 1629 1990 sed

95 2049 187 2116 quia
208 2045 432 2114 asperius
463 2041 591 2096 illud
619 2049 754 2104 erat,
783 2037 959 2092 medio
985 2035 1266 2102 interjecto
1292 2043 1543 2086 sermone
1563 2026 1631 2080 de

97 2152 246 2200 coma;
274 2151 336 2190 ne
372 2150 436 2189 ex
480 2132 694 2202 asperis
736 2126 1198 2184 criminationibus
1228 2123 1280 2176 iu
1311 2121 1442 2175 alias
1469 2118 1630 2174 etiam

98 2233 300 2283 ntolestas
329 2227 594 2281 transiens
620 2224 800 2278 acrior
826 2220 1115 2283 videretur,
1147 2226 1270 2270 tunc
1297 2212 1366 2267 ad
1391 2211 1632 2280 aSperitts

98 2335 262 2374 rursum
287 2321 445 2382 venit,
474 2327 532 2372 et
556 2315 631 2369 ait
662 2333 674 2368 :
703 2312 820 2367 Hoc
845 2320 1013 2365 autem
1042 2307 1361 2378 praecipiens,
1390 2319 1492 2357 non
1521 2302 1634 2355 lau-

99 2413 160 2463 do.
192 2409 490 2476 Quodnam?
520 2405 676 2474 Quod
713 2419 853 2458 nunc
879 2403 1121 2456 dicturus
1155 2414 1296 2453 sum.
1326 2395 1464 2464 Quid
1504 2393 1634 2448 illud

98 2512 176 2568 est,
203 2499 493 2571 Prcecipiens
523 2514 630 2551 non
655 2493 848 2549 laudo?
879 2492 985 2547 Vos
1013 2505 1122 2544 non
1149 2486 1410 2559 approbo,
1442 2483 1631 2552 inquit,

99 2593 206 2661 quod
228 2608 303 2647 me
327 2593 394 2645 ad
418 2589 634 2646 consilii
665 2586 824 2641 dandi
853 2583 1228 2639 necessitatem
1255 2577 1586 2634 adduxeritis
1616 2592 1630 2629 :

101 2701 180 2740 non
205 2684 376 2748 laudo,
402 2681 548 2753 quod
578 2680 680 2735 hac
709 2680 762 2732 iu
792 2692 850 2732 re
883 2674 1128 2730 doctrina
1167 2685 1301 2741 opus
1343 2666 1637 2724 habueritis

99 2787 140 2830 et
161 2776 492 2830 admonitione
521 2787 666 2827 mea.
692 2768 878 2824 Viden’
902 2763 1171 2836 quomodo
1192 2762 1260 2817 ab
1280 2760 1433 2815 initio
1458 2766 1638 2813 osten-

101 2867 206 2921 derit
229 2880 328 2921 rem
357 2880 475 2920 esse
513 2860 806 2917 admodum
848 2854 1177 2913 absurdam?
1205 2852 1339 2907 Cum
1369 2850 1511 2905 enim
1540 2847 1637 2903 ad-

103 2959 344 3013 monitione
373 2971 508 3026 Opus
541 2970 649 3008 non
679 2953 876 3007 habere
905 2949 1097 3004 debeat
1138 2947 1183 3002 is
1225 2944 1317 3014 qui
1358 2953 1543 3014 peccat
1569 2941 1637 2996 ad

105 3064 182 3101 non
206 3047 512 3118 peccandum
537 3087 555 3113 ,
584 3055 710 3099 tune
740 3043 889 3096 venia
921 3039 1196 3108 indignum
1225 3046 1306 3091 est
1337 3043 1636 3106 peccatum.

104 3138 152 3192 Et
170 3155 248 3192 cur
271 3154 368 3193 non
397 3136 624 3191 laudas?
653 3134 786 3201 Quia
806 3149 907 3186 non
932 3131 983 3184 in
1007 3130 1205 3193 melius,
1233 3127 1323 3182 sed
1343 3128 1398 3181 in
1423 3127 1640 3180 deterius

104 3232 342 3295 convenitis,
367 3229 562 3299 inquit.
594 3227 706 3281 Hoc
728 3235 831 3291 est,
859 3223 982 3294 quia
1003 3221 1071 3276 ad
1100 3222 1350 3275 virtutem
1380 3234 1486 3273 non
1516 3232 1640 3287 pro-

106 3321 256 3377 lectum
284 3323 502 3377 habetis.
537 3320 673 3374 Cum
704 3323 977 3387 oporteret
1001 3314 1144 3368 enim
1165 3313 1234 3367 ad
1259 3310 1480 3366 meliora
1513 3325 1638 3379 per-

105 3429 217 3484 gere,
233 3425 278 3468 et
303 3414 468 3482 majus
504 3425 632 3466 esse
669 3406 979 3478 proﬁciendi
1011 3404 1370 3468 desiderium;
1402 3416 1497 3455 vos
1520 3416 1636 3454 rno-

106 3523 190 3562 rem
206 3509 278 3578 qui
300 3509 401 3577 jatu
432 3505 732 3560 iuvaluerat
758 3498 1045 3563 minuistis,
1074 3506 1233 3567 atque
1255 3497 1325 3550 ita
1350 3494 1636 3561 minuistis,

108 3608 148 3651 ut
175 3615 273 3654 rueo
312 3599 509 3669 egentis
565 3601 834 3666 praecepto
877 3606 984 3661 quo
1021 3589 1089 3644 ad
1132 3590 1365 3658 priorem
1406 3585 1641 3640 redeatis

106 3691 318 3746 ordinem.
349 3690 557 3745 Deinde
583 3703 652 3740 tte
677 3685 947 3739 videretur
973 3681 1088 3736 haec
1123 3688 1342 3750 propter
1377 3691 1641 3749 pauperes

109 3790 265 3834 tantum
289 3783 459 3837 dicere
480 3822 495 3846 ,
537 3795 648 3833 non
688 3777 868 3831 statim
903 3773 972 3828 ad
1008 3786 1314 3828 sermonem
1342 3769 1411 3824 de
1440 3769 1640 3823 mensis

108 3885 340 3944 properat,
373 3886 524 3929 utne
568 3870 987 3940 increpationem
1035 3866 1262 3919 multum
1307 3861 1512 3916 timoris
1555 3859 1640 3913 in-

108 3975 337 4019 cutientcru
365 3962 700 4032 contemptui
731 3968 979 4030 exponat,
1010 3957 1105 4013 sed
1134 3955 1326 4026 qua'rit
1352 3953 1642 4008 dictionem

109 4059 389 4124 acerrimam,
417 4074 540 4128 qua:
571 4054 794 4109 multum
826 4051 1019 4106 inferat
1048 4050 1312 4103 timorem.
1336 4045 1473 4112 Quid
1498 4045 1641 4098 enim

111 4148 191 4200 ait?
216 4149 289 4203 l8.
317 4149 547 4203 Primum
578 4145 782 4218 quidem
810 4140 1210 4197 conuenientibus
1242 4136 1378 4191 vobis
1405 4137 1459 4189 in
1487 4134 1644 4188 eccle-

111 4238 192 4298 sia,
216 4241 351 4292 audio
388 4241 640 4292 scissuras
677 4251 783 4289 esse
818 4235 949 4287 inter
977 4247 1082 4284 vos.
1118 4227 1236 4282 Non
1265 4226 1432 4292 dicit,
1469 4223 1643 4278 Audio

113 4332 217 4385 enirn
241 4347 324 4386 vos
350 4349 456 4387 non
489 4332 543 4385 in
573 4327 846 4384 communi
885 4337 1137 4387 caenare;
1168 4319 1325 4375 audio
1366 4317 1507 4373 enim
1546 4329 1642 4371 vos

113 4424 286 4478 seorsim
309 4424 615 4485 comedere,
640 4429 695 4475 et
725 4435 829 4473 non
853 4432 973 4471 cum
1000 4413 1354 4486 pauperibus;
1380 4409 1474 4465 sed
1498 4408 1641 4480 quod

115 4519 239 4585 magis
273 4527 471 4587 poterat
510 4517 751 4585 ipsorum
779 4511 1017 4566 animum
1045 4503 1514 4569 cummovere,hoc
1545 4517 1642 4571 po-

113 4611 218 4674 suit,
244 4609 291 4664 id
313 4620 421 4675 est,
454 4605 763 4665 schismatis
789 4617 1018 4665 nomen,
1045 4598 1188 4671 quod
1221 4597 1382 4653 etiam
1420 4594 1643 4664 hujusce

114 4701 170 4754 rei
195 4717 331 4758 causa
374 4711 490 4758 erat
522 4719 536 4755 :
567 4712 857 4768 rursusque
888 4693 1018 4749 illud
1046 4690 1317 4748 revocavit
1350 4689 1401 4743 in
1432 4702 1640 4742 memo-

113 4790 232 4856 riam,
254 4792 314 4849 de
345 4807 449 4864 quo
484 4793 538 4846 iu
567 4788 809 4859 epistola:
849 4783 1110 4856 principio
1137 4781 1339 4835 dictum
1367 4777 1557 4841 fuerat,
1589 4785 1643 4831 et

114 4882 408 4950 significatum
434 4887 502 4939 ab
524 4886 589 4938 iis
610 4883 699 4952 qui
727 4890 881 4935 erant
906 4877 1117 4932 Chloes.
1144 4872 1210 4926 Et
1231 4888 1293 4926 ea:
1313 4878 1456 4940 parte
1471 4869 1639 4923 credo.

167 4965 286 5020 2.Ne
299 4967 532 5020 dicerent
560 4963 730 5024 enim,
753 4957 894 5024 Quid
917 4957 963 5011 si
987 4956 1321 5010 mentiantur
1339 4956 1644 5009 calumnia-

120 5057 259 5110 tores?
285 5073 446 5126 neque
473 5055 608 5110 dicit
641 5068 699 5107 se
724 5050 969 5112 credere,
992 5045 1499 5116 neimpudentiores
1519 5046 1642 5101 illos

121 5148 294 5210 reddat;
319 5163 484 5216 neque
509 5159 727 5198 rursum
751 5155 857 5194 nou
891 5139 1143 5202 credere,
1166 5151 1232 5191 ne
1260 5137 1505 5190 videatur
1531 5136 1645 5190 fru-

124 5240 407 5307 straincrepa
417 5255 472 5292 re
487 5255 502 5303 ;
521 5238 637 5298 sed,
654 5234 867 5288 Partem
887 5230 1170 5302 quamdam
1191 5229 1365 5292 credo,
1381 5231 1575 5299 inquit,
1590 5229 1644 5284 id

128 5336 266 5392 est,ex
291 5331 488 5384 modica
513 5337 665 5399 parte
688 5327 872 5390 credo,
889 5323 1210 5378 anxiosillos
1223 5321 1475 5386 reddens,
1501 5329 1556 5376 et
1576 5323 1645 5376 ad

130 5424 429 5476 correctionis
455 5422 690 5476 reditum
718 5433 939 5473 vocans.
965 5417 1048 5472 l9.
1074 5413 1218 5469 Nam
1239 5423 1289 5468 et
1319 5425 1517 5484 oportet
1539 5414 1648 5470 Irae-

133 5523 236 5561 rem
249 5528 344 5566 esse
363 5515 411 5566 in
431 5514 596 5579 vobis,
621 5523 677 5566 ut
698 5513 787 5581 qui
812 5510 1018 5579 probati
1047 5517 1201 5574 sunt,
1222 5509 1495 5575 manifesti
1512 5510 1647 5579 [iant

133 5599 171 5649 in
181 5602 314 5657 vobis.
331 5603 570 5662 llaereses
596 5606 683 5660 hic
699 5606 852 5670 dicit,
874 5620 981 5658 non
1007 5603 1173 5660 hasce
1191 5618 1311 5672 qua:
1336 5603 1403 5660 de
1424 5604 1648 5675 dogma-

135 5688 247 5748 tibus
272 5707 413 5765 sunt,
449 5699 547 5756 sed
575 5699 771 5758 horum
806 5696 1186 5756 schismatum.
1217 5695 1371 5765 Quod
1403 5697 1448 5752 si
1481 5697 1644 5753 etiam

3200 276 3308 334 226

1733 384 2038 456 dogmatqu
2083 386 2323 452 diceret,
2371 400 2544 457 neque
2592 386 2664 442 ita
2717 402 2902 443 ausam
2950 388 3122 446 daret.
3172 391 3308 449 Nam

1729 475 1975 531 Christus
2002 475 2106 538 ait,
2137 476 2356 532 Necesse
2379 487 2454 532 est
2487 487 2541 532 ut
2574 479 2772 532 veniant
2809 481 3054 534 scandala
3077 481 3308 551 (Matth.

1729 568 1818 624 18.
1841 568 1918 639 7),
1949 585 2051 623 non
2079 568 2282 624 arbitrii
2309 570 2606 625 libertatem
2635 571 2979 633 labefactans.
3010 588 3184 642 neque
3211 592 3309 630 ue-

1728 663 2032 716 cessitatem
2067 662 2350 731 quamdam
2392 671 2447 718 et
2486 663 2594 718 vim
2626 664 2678 718 in
2708 666 2869 719 vitam
2910 664 3185 732 inferens;
3214 668 3310 723 sed

1729 751 1870 820 quod
1900 766 1967 806 ex
1993 753 2131 806 mala
2165 753 2438 808 hominum
2477 763 2656 812 mente
2683 755 2905 810 omnino
2933 755 3166 813 futurum
3193 769 3312 817 erat

1730 842 2028 910 praedicens
2046 883 2060 909 ,
2091 843 2322 899 futurum
2352 861 2576 916 nempe,
2604 863 2710 902 non
2737 847 2808 903 ob
2836 848 2978 905 illius
3005 850 3310 920 praedictio-

1730 947 1874 997 nem,
1908 933 2003 988 sed
2029 950 2096 988 ex
2122 936 2303 990 animo
2341 951 2550 1004 eorum,
2579 939 2668 1009 qui
2707 940 2987 995 insanabili
3019 943 3204 999 morbo
3229 944 3310 1000 la-

1730 1022 2010 1078 borabant.
2041 1025 2224 1096 Neque
2252 1027 2394 1082 enim
2419 1030 2540 1098 quia
2583 1029 2846 1099 praedixit,
2875 1032 2962 1086 illa
2989 1033 3125 1088 facta
3151 1045 3308 1102 sunt,

1730 1114 1824 1167 sed
1850 1116 1970 1183 quia
1997 1118 2215 1172 omnino
2240 1117 2472 1174 futurum
2498 1131 2633 1187 erat,
2659 1121 2780 1178 ideo
2807 1123 3068 1193 prtedixit.
3096 1126 3310 1182 Etenim

1730 1206 1776 1260 si
1802 1221 1867 1259 ex
1898 1210 2216 1264 necessitate
2242 1212 2486 1266 venirent
2521 1214 2791 1281 scandala,
2824 1227 2878 1271 et
2903 1233 3010 1271 non
3039 1234 3103 1273 ex
3131 1221 3312 1276 animo

1731 1311 1916 1351 eorum
1962 1301 2050 1369 qni
2094 1301 2181 1354 illa
2221 1300 2577 1369 induxerunt,
2617 1321 3010 1374 supervacauee
3042 1308 3263 1366 dixisset
3295 1330 3310 1367 :

1741 1387 1830 1444 Va:
1866 1391 2057 1445 homini
2089 1392 2196 1455 illi,
2226 1410 2314 1464 per
2337 1412 2482 1463 quem
2503 1399 2804 1453 scandalum
2824 1402 2953 1456 venit
2989 1401 3177 1474 (Ibid).
3206 1405 3313 1460 Sed

1734 1482 1848 1535 haec
1885 1483 2120 1550 pluribus
2152 1484 2502 1542 disseruimus
2539 1489 2591 1544 in
2629 1490 2746 1558 ipso
2781 1491 2898 1546 loco
2928 1511 2942 1546 :
2971 1509 3111 1548 nunc
3135 1507 3314 1551 autem

1731 1571 1799 1626 ad
1827 1575 2154 1644 propositum
2180 1578 2497 1634 veniendum
2527 1591 2628 1636 est.
2656 1582 2810 1650 Quod
2838 1584 2906 1639 de
2932 1585 2997 1638 iis
3023 1589 3316 1644 haeresibus

1733 1664 1896 1732 dicat,
1921 1683 2041 1737 qua:
2061 1669 2200 1724 circa
2231 1685 2444 1726 mensas
2469 1673 2837 1740 versabantur,
2867 1675 3038 1746 deque
3063 1676 3164 1731 hac
3187 1694 3317 1732 con-

1735 1759 1974 1811 tentione
2015 1770 2071 1813 et
2112 1760 2487 1830 dissensione,
2522 1777 2588 1817 ex
2627 1767 2971 1834 sequentibus
3006 1767 3312 1823 declaravit.

1733 1843 1867 1900 Cum
1894 1846 2156 1903 dixissent
2184 1853 2326 1905 enim
2349 1889 2365 1916 ,
2393 1852 2559 1905 Audio
2593 1853 2866 1908 schismata
2905 1871 3010 1910 esse
3036 1857 3168 1911 inter
3193 1873 3315 1924 vos,

1736 1951 1841 1990 non
1872 1937 1956 1992 hic
1985 1940 2258 2006 constitit,
2291 1940 2385 1995 sed
2419 1942 2710 1998 ostendens
2745 1960 2988 2014 quaenam
3028 1947 3315 2002 schismata

1735 2036 1934 2093 essent,
1960 2045 2274 2099 progressus
2298 2031 2446 2094 dicit,
2473 2033 2562 2088 2i.
2592 2033 2942 2105 Unusquisque
2961 2053 3105 2091 suam
3125 2055 3319 2093 mnam

1735 2121 1993 2188 pra’sumit
2016 2138 2034 2186 ;
2055 2132 2109 2176 et
2139 2137 2371 2189 rursum,
2396 2123 2488 2178 22.
2512 2123 2777 2193 Numquid
2797 2126 2973 2180 domos
2999 2145 3099 2181 non
3130 2116 3320 2184 habetis

1736 2209 1806 2260 ad
1829 2210 2239 2266 manducandum
2263 2223 2308 2267 et
2333 2215 2644 2270 bibendum?
2667 2227 2755 2270 aut
2782 2219 3043 2272 ecclesiam
3074 2219 3172 2275 Dei
3199 2239 3320 2274 con-

1740 2302 1956 2356 temnitis
1977 2300 2123 2357 ?Sed
2150 2304 2292 2373 quod
2330 2303 2398 2361 de
2437 2305 2520 2362 his
2547 2307 2721 2373 dicat,
2754 2311 3091 2379 perspicuum
3133 2323 3230 2367 est.
3265 2314 3319 2368 Si

1738 2400 1914 2445 autem
1937 2393 2222 2448 schismata
2245 2395 2334 2450 illa
2357 2405 2534 2462 vocet,
2559 2412 2627 2454 ne
2653 2399 2865 2454 mireris
2894 2417 2908 2453 :
2937 2416 3081 2467 nam,
3106 2411 3163 2456 ut
3187 2403 3319 2472 dixi,

1740 2480 1840 2536 hac
1877 2482 2110 2539 dictione
2143 2485 2263 2540 illos
2298 2487 2566 2544 incessere
2599 2489 2732 2543 vult.
2768 2489 2824 2545 Si
2855 2506 2982 2546 vero
3016 2493 3322 2564 dogmatum

1740 2572 2026 2629 schismata
2062 2586 2274 2642 essent,
2308 2593 2411 2633 non
2439 2579 2510 2632 ita
2544 2591 2823 2636 mansuete
2847 2597 2966 2638 cum
3002 2584 3107 2638 illis
3132 2586 3323 2656 loquu-

1741 2671 1826 2716 tus
1863 2673 2024 2719 esset.
2057 2666 2195 2720 Audi
2237 2667 2397 2736 igitur
2426 2668 2570 2724 illum
2599 2671 2704 2725 tale
2731 2673 3000 2742 quidpiam
3026 2675 3322 2743 dicentem,

1740 2768 1898 2824 quam
1923 2755 1994 2809 sit
2020 2755 2339 2823 vehemens,
2367 2767 2422 2813 et
2445 2760 2568 2814 dum
2598 2763 2881 2818 confirmat
2909 2773 2963 2820 et
2991 2766 3115 2820 dum
3147 2767 3326 2824 incre-

1742 2853 1868 2913 pat;
1900 2847 2224 2904 confirmans
2249 2850 2495 2918 quidem,
2535 2861 2590 2906 ut
2624 2867 2745 2908 cum
2785 2854 2914 2909 dicit
2943 2873 2957 2910 :
2987 2857 3204 2914 Etiamsi
3227 2877 3324 2913 an-

1742 2935 1883 3006 gelus
1907 2938 2042 2990 vobis
2067 2941 2368 3010 evangelizet
2403 2952 2585 3010 praeter
2619 2943 2674 2996 id
2705 2945 2841 3014 quod
2867 2948 3129 3016 accepistis
3149 2989 3164 3014 ,
3194 2967 3326 3002 ana-

1743 3025 1910 3079 thema
1933 3027 1997 3080 sit
2024 3026 2163 3098 (ϐαι.
2194 3029 2243 3083 1.
2275 3028 2362 3100 8);
2391 3029 2670 3101 increpans
2691 3049 2840 3101 vero,
2865 3043 2921 3088 ut
2941 3051 3062 3090 cum
3088 3038 3163 3092 ait
3188 3056 3199 3091 :
3225 3039 3328 3104 Qui

1742 3115 1795 3169 in
1818 3116 1926 3186 lege
1950 3119 2323 3188 justiﬁcantini,
2349 3139 2379 3173 a
2404 3123 2570 3192 gratia
2594 3125 2850 3179 excidistis
2875 3125 2927 3196 (f
2934 3125 3039 3180 bid.
3072 3128 3125 3182 5.
3157 3131 3231 3200 4).
3259 3132 3326 3186 Et

1744 3224 1886 3264 nunc
1905 3210 2118 3278 quidem
2141 3226 2304 3268 canes
2330 3223 2483 3268 vocat
2503 3230 2595 3270 eos
2615 3216 3092 3288 qni-corrumpunt,
3117 3221 3323 3292 dicens,

1753 3300 1929 3356 Videte
1955 3319 2102 3357 canes
2130 3303 2383 3375 (Philipp.
2408 3307 2461 3361 3.
2488 3306 2545 3378 2)
2571 3325 2586 3362 :
2615 3323 2756 3364 nunc
2783 3319 2957 3366 autem
2985 3315 3220 3368 cauterio
3246 3315 3327 3370 iu-

1744 3402 1917 3447 ustam
1947 3393 2202 3451 habentes
2229 3397 2612 3453 conscientiam
2643 3399 2720 3470 (i.
2751 3399 2886 3454 Tim.
2918 3403 2973 3458 4.
3003 3402 3090 3473 2),
3118 3413 3173 3459 et
3201 3421 3324 3461 rur-

1745 3499 1837 3539 sus
1863 3486 2081 3555 angelos
2107 3487 2325 3543 diaboli.
2355 3490 2424 3544 At
2449 3490 2537 3546 hic
2567 3491 2698 3546 nihil
2727 3493 2832 3547 tale
2861 3494 3025 3561 dixit,
3054 3497 3149 3552 sed
3178 3514 3329 3554 man-

1745 3585 1896 3629 suete
1924 3591 1986 3631 ac
2013 3578 2256 3633 remisse.
2279 3579 2415 3646 Quid
2441 3589 2524 3635 est
2547 3589 2745 3649 autem,
2773 3582 2841 3638 Ut
2860 3585 2947 3653 qui
2974 3586 3169 3654 probati
3188 3598 3326 3656 sunt,

1746 3668 2001 3736 manifesti
2030 3671 2158 3737 ﬁant
2186 3671 2238 3724 in
2264 3671 2440 3726 vobis?
2475 3672 2542 3727 Ut
2577 3674 2748 3743 magis
2788 3677 3183 3746 resplendeant.
3212 3680 3329 3737 Hoc

1745 3769 1829 3814 est
1849 3769 2026 3815 autem
2057 3763 2198 3831 quod
2224 3763 2336 3817 vult
2361 3763 2540 3818 dicere
2570 3783 2584 3818 :
2612 3766 2717 3820 Eos
2745 3766 2834 3835 qui
2864 3768 3082 3822 stabiles
3110 3777 3164 3824 et
3191 3771 3328 3826 firmi

1746 3860 1892 3916 sunt,
1926 3866 2032 3905 non
2064 3852 2224 3906 modo
2251 3852 2384 3907 nihil
2417 3857 2604 3909 horum
2637 3855 2799 3920 laedit,
2832 3858 2925 3911 sed
2966 3860 3126 3913 etiam
3159 3863 3328 3932 magis

1745 3942 1984 3997 ostendit
2010 3943 2288 4012 redditque
2307 3946 2579 4000 clariores.
2611 3946 2744 4002 Illud
2772 3949 2936 4012 enim,
2959 3959 3035 4014 ut,
3060 3965 3163 4004 non
3189 3966 3331 4006 sem-

1748 4045 1844 4100 per
1871 4046 2087 4086 causam
2122 4033 2337 4095 indicat,
2367 4035 2461 4089 sed
2489 4034 2648 4090 etiam
2681 4052 2823 4105 saepe
2853 4053 3028 4093 rerum
3055 4052 3326 4098 eventum.

1747 4120 1822 4175 Ita
1849 4132 1902 4176 et
1925 4122 2169 4178 Christus
2199 4124 2252 4179 id
2281 4125 2497 4181 adhibet
2520 4142 2642 4181 cum
2673 4128 2799 4182 dicit
2830 4146 2846 4183 :
2875 4129 2940 4184 ln
2959 4133 3208 4200 judicium
3237 4151 3329 4203 ego

1746 4214 1858 4268 veni
1886 4215 1937 4268 in
1967 4215 2100 4268 hunc
2128 4217 2373 4270 ntundum
2395 4259 2409 4281 ,
2442 4229 2497 4272 ut
2527 4236 2627 4272 non
2657 4221 2876 4276 videntes
2911 4223 3113 4277 uideant
3136 4265 3151 4289 ,
3182 4236 3229 4279 et
3255 4228 3331 4280 vi-

1747 4306 1918 4360 dentes
1951 4309 2071 4360 caaci
2109 4307 2235 4373 ﬁant
2275 4307 2454 4376 (Joan.
2497 4309 2550 4364 9.
2579 4310 2693 4380 39).
2736 4311 2826 4366 Sic
2863 4323 2918 4368 et
2952 4315 3065 4382 ipse
3096 4315 3327 4382 Paulus,

1747 4411 1867 4451 cum
1906 4397 1974 4450 de
2017 4397 2132 4466 lege
2178 4397 2448 4454 disserens
2490 4401 2722 4455 scribit:
2759 4401 2867 4455 Leu:
2900 4403 3228 4470 subintrauit,
3271 4417 3328 4458 ut

1746 4488 2024 4542 abundaret
2051 4489 2290 4542 delictum
2319 4489 2493 4560 (Rom.
2521 4491 2574 4544 5.
2602 4491 2718 4562 20).
2755 4492 2860 4548 Sed
2892 4509 3064 4563 neque
3093 4497 3174 4549 lex
3206 4496 3327 4551 ideo

1746 4580 1868 4635 data
1897 4589 2000 4646 est,
2031 4589 2086 4634 ut
2113 4589 2326 4650 peccata
2355 4580 2662 4637 Judaeorum
2690 4595 3047 4653 augerentur;
3080 4585 3205 4640 illud
3231 4601 3326 4640 au-

1749 4683 1854 4726 tem
1895 4671 2072 4726 evenit
2102 4688 2115 4725 :
2145 4686 2319 4740 neque
2353 4671 2597 4728 Christus
2635 4672 2756 4728 ideo
2784 4680 2962 4740 venit,
2995 4684 3052 4729 ut
3085 4676 3326 4731 videntes

1745 4765 1872 4818 caeci
1903 4763 2126 4828 ﬁerent;
2156 4762 2249 4818 sed
2291 4775 2508 4834 propter
2553 4765 2877 4819 contrariam
2925 4781 3036 4820 rem
3069 4785 3083 4821 :
3114 4775 3169 4821 at
3197 4767 3325 4823 illud

1747 4855 1818 4908 ita
1841 4855 2081 4925 contigit.
2107 4855 2196 4910 Sic
2225 4855 2384 4926 igitur
2401 4865 2454 4910 et
2478 4855 2578 4911 hoc
2611 4858 2727 4911 loco
2750 4857 3144 4927 intelligendum
3172 4860 3322 4924 illud,

1750 4945 1817 5000 Ut
1843 4947 1928 5016 qui
1956 4946 2150 5014 probati
2174 4957 2321 5011 sunt,
2358 4948 2613 5018 manifesti
2637 4948 2783 5016 ﬁant.
2810 4947 2994 5017 Neque
3032 4950 3175 5004 enim
3208 4953 3328 5005 ideo

1745 5040 1899 5095 factae
1943 5050 2067 5094 sunt
2107 5040 2370 5105 haereses,
2405 5049 2460 5093 ut
2495 5041 2581 5109 qui
2614 5039 2818 5110 probati
2849 5050 3028 5095 essent
3061 5043 3325 5097 manifesti

1747 5134 1974 5199 fierent;
1999 5133 2093 5188 sed
2116 5131 2523 5187 advenientibus
2546 5132 2626 5187 his
2651 5131 2964 5199 hmresibus,
2991 5135 3090 5189 hoc
3113 5135 3325 5191 accidt.

1747 5230 1872 5285 Hice
1903 5244 2060 5298 porro
2082 5229 2231 5294 dicit,
2262 5241 2522 5296 pauperes
2547 5226 2852 5292 consolans,
2881 5228 2972 5297 qui
3004 5228 3163 5282 talem
3194 5243 3327 5282 con-

1747 5330 2008 5390 temptum
2040 5320 2248 5374 fortiter
2279 5318 2500 5373 ferrent.
2534 5316 2657 5372 ideo
2693 5334 2798 5372 non
2829 5318 2994 5383 dixit,
3029 5318 3093 5373 Ut
3123 5319 3327 5385 probati

1746 5414 1894 5480 fiant,
1923 5413 2039 5479 sed,
2073 5412 2140 5469 Ut
2165 5415 2250 5484 qui
2278 5411 2473 5482 probati
2497 5422 2635 5477 sunt,
2666 5413 2924 5480 utanijesti
2950 5412 3077 5480 ﬁant
3108 5429 3127 5465 :
3151 5411 3326 5466 decla-

1745 5523 1870 5562 rans
1896 5507 2018 5563 illos
2042 5506 2201 5562 etiam
2223 5514 2379 5561 antea
2403 5505 2536 5560 tales
2561 5505 2756 5569 fuisse;
2786 5503 2880 5559 sed
2905 5502 3326 5557 commisceban-

1745 5610 1833 5657 tur
1856 5616 1977 5655 cum
2007 5600 2268 5669 plurimis,
2301 5607 2357 5654 et
2382 5598 2803 5654 consolationem
2831 5595 3153 5664 accipientes
3183 5606 3210 5645 a
3241 5592 3325 5645 di-

1747 5695 1942 5752 vitibus
1967 5735 1982 5762 ,
2013 5708 2116 5749 non
2146 5691 2430 5748 admodum
2471 5690 2743 5760 conspicui
2769 5695 2923 5744 erant
2947 5705 2960 5742 :
2984 5700 3125 5742 nunc
3148 5694 3329 5741 autem
