3826 6216
433 259 540 315 9.9.7

436 377 554 431 lure
597 365 864 426 dissensio”
909 369 964 419 et
1007 358 1283 417 contentio
1331 352 1643 410 manifestos
1692 349 1810 401 illos
1859 344 2016 409 fecit;

429 459 888 537 quemadmodum
910 453 1324 525 gubernatorem
1348 439 1908 537 tempestas_ostenoit.
1929 435 2025 491 Ne-

439 529 544 627 que
569 555 723 616 dixit,
751 548 823 604 Ut
845 561 942 601 vos
964 542 1170 615 probati
1198 537 1532 610 appareatis;
1563 533 1677 627 sed,
1708 529 1780 627 Ut
1907 543 2022 627 pro.

443 620 546 704 bati
585 653 735 709 sunt,
764 637 1019 708 manifesti
1060 636 1219 704 fiant,
1250 630 1340 702 qui
1383 641 1577 695 nempe
1615 625 1666 678 in
1700 623 1850 676 vobis
1892 620 2025 672 tales

445 749 590 799 sunt.
624 738 806 805 Neque
834 731 976 787 enim
1006 740 1264 782 accusans
1296 720 1610 777 manifestos
1638 715 1843 776 reddit,
1871 719 1929 805 ut
1957 724 2026 805 ne

448 835 594 905 ipsos
629 804 1050 897 impudentiores
1075 819 1252 883 faciat,
1283 828 1455 884 neque
1478 810 1722 905 laudans,
1749 822 1816 861 ne
1840 804 2028 905 reddat

447 897 721 996 segniores
745 936 759 983 ;
787 916 880 972 sed
907 925 1219 980 suspensam
1247 907 1448 977 profert
1473 903 1790 963 orationem,
1813 908 1868 951 et
1887 897 2028 948 hunc

439 992 697 1072 .et‘illum
738 1007 1065 1078 singulorum
1112 999 1450 1056 conscientiae
1495 992 1849 1064 adaptandum
1888 1003 2028 1057 pra!-

452 1109 602 1160 bens.
645 1099 762 1156 Non
806 1095 966 1152 modo
1007 1101 1183 1148 autem
1221 1089 1349 1144 mihi
1395 1087 1481 1141 hic
1521 1096 1781 1154 pauperes
1821 1080 2030 1162 videtur

449 1175 736 1255 consolari,
763 1188 859 1244 sed
889 1187 1050 1241 etiam
1079 1198 1172 1238 eos
1201 1181 1288 1250 qui
1321 1190 1630 1244 moresvnon
1658 1179 2026 1241 corruperant.

437 1287 584 1342 Nam
608 1280 900 1340 verisimile
927 1276 1121 1333 eratin
1156 1274 1260 1328 illis
1284 1287 1402 1325 esse
1437 1269 1528 1339 qui
1572 1268 1717 1335 ipsos
1755 1270 2031 1318 servarent

454 1378 696 1432 illa‘sos‘:
727 1373 953 1440 ideoque
979 1366 1147 1431 dixit,
1190 1361 1397 1416 Partem
1433 1359 1657 1428 aliquam
1693 1354 1862 1409 credo.
1905 1352 2033 1407 Jure

457 1468 614 1538 igitur
633 1479 728 1520 eos
752 1461 1002 1537 probatos
1025 1457 1176 1520 dicit,
1200 1453 1290 1522 qui
1317 1466 1420 1505 non
1444 1448 1605 1518 modo
1629 1461 1749 1501 cum
1775 1444 1892 1538 aliis
1913 1458 2034 1538 mo-

458 1534 571 1615 rem
601 1534 976 1616 servaverant,
1009 1547 1104 1604 sed
1140 1545 1298 1601 etiam
1343 1542 1550 1610 absque
1578 1539 1683 1593 illis
1709 1535 2033 1591 immobilem

459 1651 596 1705 hanc
623 1645 898 1719 pulchram
927 1638 1214 1695 servabant
1239 1635 1432 1703 legem.
1461 1631 1574 1685 Hoc
1599 1638 1774 1682 autem
1806 1625 1949 1719 facit.
1973 1631 2037 1719 ut

458 1740 558 1794 hos
577 1713 642 1792 et“
655 1735 788 1790 alios
813 1732 896 1786 his
917 1729 1161 1784 laudibus
1185 1724 1469 1782 alacriores
1490 1719 1700 1775 reddat.
1732 1714 1932 1770 Deinde
1956 1713 2038 1767 di-

456 1830 530 1884 cit
551 1826 690 1898 quod
718 1837 886 1895 genus
912 1817 1120 1891 peccati
1149 1817 1219 1870 sit
1244 1812 1394 1868 illud.
1419 1810 1555 1879 Quid
1587 1817 1761 1863 autem
1788 1806 1890 1859 hoc
1914 1804 2037 1858 est?

455 1920 548 1976 20.
576 1912 1014 1975 Convenietttibus,
1045 1907 1236 1977 inquit,
1261 1905 1397 1958 vobis
1422 1904 1475 1955 in
1506 1917 1680 1963 unum,
1700 1899 1814 1966 jam
1843 1912 1942 1949 non
1968 1902 2038 1948 est

462 2009 782 2066 Dominicam
806 2018 1000 2059 canam
1025 1997 1354 2054 manducare.
1383 1993 1548 2048 Vides
1573 1987 1840 2060 quomodo
1868 1984 2038 2055 pudo-

462 2118 578 2158 rem
607 2098 894 2160 incutiens,
917 2091 1184 2149 narrantis
1210 2102 1379 2150 more,
1401 2086 1510 2154 jam
1535 2082 1814 2139 consilium
1844 2080 2042 2133 instru-

463 2192 576 2247 xit?
616 2190 925 2244 Conventus
965 2183 1108 2238 enim
1150 2179 1374 2244 modus,
1417 2174 1614 2246 inquit,
1642 2181 1725 2228 est
1757 2172 1930 2233 alius;
1961 2178 2044 2224 est

465 2281 609 2337 enim
630 2277 868 2333 caritatis
891 2285 943 2329 et
971 2273 1215 2328 fraterna:
1240 2267 1542 2324 dilectionis
1569 2282 1583 2318 :
1612 2279 1744 2317 unus
1771 2273 1916 2317 certe
1949 2274 2044 2314 vos

465 2385 654 2428 omnes
683 2367 878 2437 exeipit
913 2365 1062 2419 locus
1081 2403 1096 2426 ,
1123 2371 1178 2417 et
1206 2360 1359 2415 simul
1391 2353 1782 2428 congregamini
1815 2369 1830 2406 :
1861 2365 2042 2406 mensa

469 2477 597 2518 vero
618 2461 727 2532 jam
756 2474 862 2514 non
888 2457 1080 2513 similis
1107 2463 1189 2510 est
1219 2451 1522 2509 conventui.
1553 2449 1664 2504 Nec
1696 2447 1866 2512 dixit,
1901 2447 2046 2502 Con-

468 2551 803 2611 venientibus
829 2550 980 2604 vobis
1023 2563 1126 2602 non
1169 2546 1222 2600 in
1252 2543 1520 2600 communi
1550 2541 1917 2602 manducatis;
1949 2538 2041 2594 sed

469 2647 574 2701 alio
591 2643 748 2700 modo
767 2652 822 2696 et
843 2641 1010 2696 multo
1033 2637 1324 2694 terribilius
1344 2637 1465 2690 illos
1484 2632 1812 2704 perstringit,
1833 2631 2044 2686 dicens:

473 2737 595 2792 Non
616 2747 684 2791 est
712 2732 1028 2788 Dominicam
1057 2744 1246 2783 caenam
1271 2726 1580 2780 manducare
1603 2740 1620 2787 ;
1643 2724 1760 2776 illos
1783 2722 1848 2775 ad
1881 2723 2049 2790 ipsam

472 2827 839 2885 transmittens
866 2835 1143 2889 vesperam
1163 2859 1180 2884 ,
1207 2833 1311 2888 qua
1347 2814 1624 2872 tremenda
1660 2813 1912 2885 mysteria
1939 2821 2049 2868 tra-

471 2920 606 2976 didit
627 2917 888 2973 Cbristus.
921 2913 1045 2968 Ideo
1070 2912 1229 2966 etiam
1259 2907 1538 2979 prandium
1561 2905 1692 2961 illud
1717 2905 1924 2960 vocavit
1942 2918 2051 2960 οωο

473 3028 598 3068 nam
628 3029 646 3066 :
674 3010 871 3065 etenim
898 3005 1024 3063 illud
1053 3003 1334 3076 prandium
1363 3014 1553 3057 omnes
1575 2997 1932 3053 communiter
1955 2995 2054 3049 ha-

474 3103 589 3158 buit
616 3098 1007 3155 recumbentes.
1047 3093 1208 3163 Atqui
1245 3107 1352 3146 non
1398 3098 1602 3145 tantum
1640 3089 1860 3143 interest
1895 3087 2052 3156 Spatii

473 3194 614 3250 inter
637 3191 834 3247 divites
864 3197 918 3242 et
942 3199 1228 3255 pauperes,
1260 3189 1513 3252 quantum
1541 3180 1680 3234 inter
1703 3179 1974 3233 doctorem
1999 3185 2055 3231 et

473 3283 759 3354 discipulos
788 3299 800 3333 :
831 3281 1150 3334 immensum
1178 3275 1374 3346 quippe
1411 3273 1541 3328 illud
1566 3283 1666 3327 est.
1693 3273 1760 3327 Et
1783 3271 1911 3343 quid
1933 3273 2054 3326 dico

475 3377 616 3430 inter
637 3372 908 3427 doctorem
929 3381 980 3424 et
1001 3366 1338 3435 discipulos?
1362 3365 1533 3434 cogita
1558 3365 1891 3420 intervallum
1913 3363 2054 3433 quod

474 3472 562 3520 est
597 3461 1042 3522 interdoetorem
1078 3465 1136 3512 et
1178 3456 1530 3526 proditorem.
1569 3457 1815 3510 Attamen
1849 3463 1904 3510 et
1942 3456 2056 3525 ipse

476 3571 600 3612 cum
626 3555 730 3610 illis
755 3551 1120 3616 recumbebat,
1151 3563 1328 3619 neque
1357 3547 1504 3602 illum
1531 3547 1710 3616 eiecit,
1743 3547 1837 3602 sed
1857 3557 1911 3602 et
1931 3547 2056 3602 salis

478 3658 782 3706 wnsorteui
813 3645 957 3711 fecit,
988 3653 1042 3700 et
1068 3644 1442 3715 mysteriorum
1479 3643 1812 3715 participem.

551 3739 605 3794 5.
637 3736 838 3793 Deinde
869 3737 1249 3804 interpretatur
1275 3734 1541 3804 quomodo
1567 3749 1672 3788 non
1701 3743 1783 3789 est
1815 3733 2058 3788 Domini-

481 3845 600 3888 cam
627 3843 831 3884 eteuam
870 3826 1218 3880 manducare.
1247 3826 1309 3878 2|
1326 3864 1340 3878 .
1377 3824 1730 3895 Unusquisque
1753 3825 1887 3877 enim
1912 3839 2058 3877 suam

481 3935 676 3974 canam
701 3916 960 3988 praesumit
979 3955 995 3979 ,
1029 3916 1233 3986 inquit,
1268 3915 1337 3968 ad
1361 3915 1766 3968 manducandum
1800 3931 1818 3968 :
1850 3923 1899 3988 et
1925 3916 2059 3968 alius

483 4010 685 4082 quidem
704 3987 893 4073 esurit,
926 4007 1059 4060 alius
1095 4022 1208 4060 vero
1240 4006 1406 4061 ebrius
1441 4017 1537 4060 est.
1581 4005 1763 4060 Viden’
1792 3987 2061 4076 quomodo

487 4105 610 4159 illos
634 4102 869 4158 ostendit
899 4115 1019 4155 sese
1061 4099 1227 4170 magis
1257 4100 1523 4154 dedecore
1552 4098 1888 4154 allicientes?
1929 4098 2060 4152 Nam

487 4193 632 4263 quod
658 4191 988 4246 Dominicum
1018 4201 1168 4256 erat,
1211 4191 1482 4260 proprium
1513 4189 1614 4246 sibi
1640 4188 1874 4256 faciunt;
1904 4189 1976 4243 ita
2007 4197 2064 4242 ut

489 4286 562 4340 illi
591 4286 796 4356 priores
823 4283 930 4338 sint
955 4283 1044 4353 qui
1074 4281 1337 4338 dedecore
1365 4281 1672 4337 afficiuntur
1693 4325 1708 4348 ,
1740 4284 1830 4353 qui
1863 4297 2064 4337 mensa:

487 4391 598 4432 sua:
618 4391 736 4432 eam
759 4389 878 4444 quae
905 4374 1132 4428 maxima
1157 4383 1271 4428 erat
1291 4373 1602 4444 dignitatem
1627 4373 1894 4428 auferunt.
1917 4375 2065 4441 Quo-

488 4467 652 4524 modo
677 4475 734 4522 et
756 4481 862 4536 qua
892 4465 1136 4521 ratione?
1180 4465 1313 4533 Quia
1354 4467 1629 4521 Dominiea
1657 4481 1807 4522 coena
1827 4508 1841 4532 ,
1874 4467 1922 4519 id
1953 4475 2062 4531 est,

485 4558 631 4630 quod
669 4558 880 4614 Domini
919 4566 1040 4625 est,
1079 4572 1365 4613 commune
1405 4558 1566 4614 debet
1603 4573 1742 4613 esse.
1769 4558 1898 4624 Qua:
1925 4559 2066 4612 enim

488 4649 696 4704 domini
724 4656 890 4713 sunt,
926 4663 1033 4702 non
1077 4646 1233 4716 hujus
1259 4648 1478 4717 quidem
1517 4647 1695 4702 famuli
1735 4656 1890 4713 sunt,
1926 4648 2067 4703 illius

490 4755 624 4794 vero
649 4755 759 4794 non
784 4739 934 4802 item,
957 4738 1052 4793 sed
1081 4739 1132 4792 in
1160 4738 1430 4792 communi
1449 4740 1707 4793 omnium.
1741 4739 2065 4793 Dominicum

492 4843 624 4898 ergo
647 4827 750 4882 hoc
771 4829 903 4884 dicit
927 4828 1071 4898 quod
1097 4842 1382 4882 commune
1409 4837 1512 4882 est.
1544 4827 1672 4882 Nam
1695 4829 1738 4882 si
1761 4828 1965 4883 Domini
1993 4830 2070 4884 tui

495 4928 614 4984 est,
650 4927 708 4973 ut
746 4933 933 4974 revera
971 4927 1086 4984 est,
1135 4934 1242 4972 non
1281 4918 1446 4973 debes
1485 4919 1724 4988 quaedam
1765 4928 1821 4973 ut
1861 4922 2070 4988 propria

496 5008 747 5073 avellere,
776 5009 872 5062 sed
904 5024 1022 5077 quae
1045 5009 1254 5063 Domini
1281 5019 1426 5074 sunt,
1448 5009 1801 5063 communiter
1825 5011 2074 5067 omnibus

467 5155 472 5160 _
530 5113 766 5168 pponere
790 5116 804 5151 :
827 5097 930 5152 hoc
949 5107 1032 5152 est
1051 5099 1191 5153 enim
1219 5100 1571 5154 Dominicum.
1594 5098 1745 5154 Nunc
1767 5111 1943 5156 autem
1968 5119 2071 5156 non

497 5188 633 5242 sinis
663 5188 789 5243 illud
815 5203 934 5243 esse
960 5189 1316 5252 Dominicum,
1343 5204 1464 5244 cum
1493 5205 1596 5248 non
1626 5190 1757 5244 sinis
1781 5206 1899 5246 esse
1924 5208 2074 5246 com-

500 5297 694 5347 mune,
733 5281 828 5337 sed
867 5282 1092 5336 seorsim
1135 5281 1386 5350 epularis.
1430 5282 1764 5353 Quapropter
1803 5285 2075 5353 subjungit

466 5419 472 5424 .
499 5373 684 5428 dicens
708 5389 722 5424 :
748 5370 1102 5442 Unusquisque
1129 5371 1261 5424 enim
1281 5387 1427 5426 suam
1454 5388 1645 5428 caenam
1667 5377 1946 5443 prtesttmit.
1966 5375 2077 5430 Nec

499 5465 655 5525 dixit.
679 5463 980 5527 Abscindit,
1003 5463 1097 5519 sed
1127 5462 1412 5528 Prmumit,
1437 5466 1634 5520 sensim
1657 5467 1780 5521 illos
1801 5466 2079 5522 edacitatis

499 5566 555 5612 ct
583 5555 889 5623 petulantiae
917 5569 1199 5611 accusans.
1231 5555 1342 5610 Hoc
1369 5555 1607 5612 declarat
1632 5559 1774 5627 quod
1803 5559 2078 5623 sequitur:

467 5709 470 5714 ,
501 5662 636 5710 tum
665 5644 768 5702 hoc
794 5645 940 5703 enim
967 5645 1226 5714 dixisset,
1256 5660 1466 5703 rursum
1495 5646 1766 5717 subjunxit
1795 5665 1809 5702 :
1841 5647 1906 5703 Et
1947 5651 2078 5706 atius

1200 244 1263 302 S.
1299 239 1577 300 JOANMS
1611 227 2087 293 CIIRYSOSTOMI
2124 225 2442 284 ARCIIIEP.
2482 224 3012 284 CONSTANTINOP.

3619 227 3708 283 ευ

2125 343 2330 412 quidem
2371 343 2558 411 esurit,
2607 342 2739 396 alius
2781 353 2950 396 autem
2991 345 3158 398 ebrius
3197 354 3310 409 est;
3340 360 3466 414 qua:
3500 354 3711 413 utut-pie

2121 449 2235 489 non
2285 443 2511 490 servatae
2551 450 2817 490 mensura:
2854 445 3046 502 erant,
3092 436 3385 506 indigentia
3429 452 3632 505 nempe
3669 454 3715 492 et

2127 541 2398 581 excessus.
2425 527 2562 582 Ecce
2579 529 2815 582 secunda
2833 529 3104 583 accusatio
3121 529 3241 582 illos
3264 530 3418 597 ipsos
3434 531 3712 598 impetens.

2129 618 2328 684 Prima,
2347 617 2486 686 quod
2507 633 2653 670 suam
2672 632 2880 672 etenam
2897 618 3161 674 dedecore
3173 620 3447 686 afﬁciant;
3465 623 3714 684 munda,

2129 707 2274 776 quod
2300 716 2542 761 ventrem
2575 707 2832 776 impleant
2860 716 2916 763 et
2943 709 3308 773 inebrientur;
3338 720 3399 766 et
3427 712 3581 780 quod
3609 728 3718 780 gn.

2130 798 2248 850 vius
2271 805 2372 861 est,
2397 798 2755 852 esurientibus
2776 801 3116 868 pauperibus.
3143 801 3276 868 Quae
3296 802 3452 856 enim
3480 805 3720 859 omnibus

2132 889 2183 943 in
2211 891 2479 943 communi
2508 892 2820 959 apponenda
2849 903 3022 959 erant,
3047 895 3111 948 iis
3133 895 3232 964 ipsi
3257 896 3360 950 soli
3392 897 3720 966 ingurgitati,

2131 988 2186 1033 et
2226 981 2278 1032 in
2323 979 2774 1034 insatiabilitatem
2821 992 2878 1036 et
2919 983 2972 1036 in
3017 983 3333 1040 ebrietatem
3384 987 3719 1043 deferebant.

2133 1075 2260 1131 Ideo
2289 1092 2394 1130 non
2427 1076 2590 1142 dixit,
2620 1077 2772 1131 Alius
2798 1077 3014 1148 quidem
3044 1081 3244 1146 esurit,
3279 1083 3433 1138 alius
3466 1086 3721 1146 satiatur;

2135 1168 2251 1235 sed,
2272 1169 2460 1225 Ebrius
2480 1178 2572 1224 est.
2594 1170 2794 1225 Horum
2816 1179 2993 1226 autem
3013 1181 3302 1245 utrumque
3317 1191 3423 1246 per
3440 1191 3506 1232 se
3520 1178 3723 1248 dignum

2134 1274 2216 1320 est
2269 1263 2742 1334 reprehensione:
2785 1279 2908 1319 nam
2961 1265 3258 1332 inebriari,
3310 1271 3490 1324 etiam
3543 1272 3728 1342 absque

2136 1370 2202 1409 eo
2231 1354 2372 1423 quod
2401 1353 2765 1423 despiciantur
2803 1370 3063 1426 pauperes
3084 1398 3098 1422 ,
3127 1358 3283 1426 culpa
3313 1370 3442 1425 est;
3481 1376 3730 1430 pauperes

2137 1445 2436 1515 deSpicere,
2459 1445 2661 1514 absque
2680 1445 2960 1514 ebrietate,
2978 1458 3061 1503 est
3075 1449 3468 1506 criminatione
3489 1451 3727 1523 dignum:

2137 1552 2258 1592 cum
2283 1547 2459 1593 autem
2489 1540 2602 1595 haec
2628 1542 2786 1595 simul
2816 1543 3099 1612 conjuncta
3124 1553 3267 1610 sunt,
3295 1546 3492 1616 cogita
3517 1557 3731 1615 quantus

2137 1629 2207 1683 sit
2227 1630 2517 1698 iniquitatis
2535 1646 2805 1688 excessus.
2826 1633 3026 1689 Deinde
3044 1646 3326 1707 postquam
3343 1639 3730 1696 absurdith

2147 1720 2400 1785 ostendit,
2432 1737 2552 1776 cum
2582 1738 2768 1792 magna
2795 1725 3049 1795 deinceps
3078 1728 3467 1798 indignatione
3501 1732 3733 1801 inerepa-

2142 1811 2339 1864 tionem
2364 1811 2565 1881 adjicit,
2585 1813 2770 1870 dicens
2791 1834 2803 1869 :
2821 1816 2912 1870 ‘22.
2935 1817 3196 1887 Numquid
3216 1823 3403 1874 domos
3428 1840 3544 1876 non
3570 1825 3737 1879 ιιώαιι

2141 1904 2210 1954 ad
2238 1905 2649 1960 manducandum
2675 1917 2720 1962 et
2747 1909 3052 1964 bibendum?
3075 1923 3162 1966 aut
3188 1915 3478 1968 ecclesiam
3510 1917 3615 1970 Dei
3640 1937 3738 1973 cca-

2143 1996 2380 2064 temnitis,
2399 2007 2446 2051 et
2489 2001 2801 2068 confunditis
2843 2019 2927 2057 eos
3011 2007 3098 2076 qui
3141 2023 3243 2061 non
3289 2009 3546 2065 habent?
3577 2011 3740 2066 Videu’

2127 2087 2410 2155 quomodo
2435 2103 2462 2139 a
2494 2105 2781 2160 pauperum
2809 2097 3128 2152 contumelia
3156 2100 3618 2157 eriminationem
3648 2114 3741 2157 tra-

2153 2177 2312 2232 ducat
2327 2179 2392 2233 ad
2413 2180 2722 2245 Ecelcsiam,
2743 2195 2795 2237 ut
2813 2190 3107 2254 graviorem
3126 2191 3387 2247 redderet
3406 2197 3740 2249 orationem?

2151 2269 2290 2324 Ecce
2314 2270 2472 2340 igitur
2491 2282 2732 2342 quartam
2756 2279 3170 2346 accusationem,
3194 2299 3317 2338 cum
3343 2301 3462 2340 non
3492 2303 3740 2358 pauperes

2151 2361 2335 2426 modo,
2367 2363 2458 2417 sed
2488 2365 2648 2418 etiam
2676 2365 2912 2422 Ecclesia
2951 2376 3272 2429 contumelia
3305 2377 3588 2434 afﬁcitur.
3615 2381 3742 2435 Sicut

2133 2454 2290 2506 enim
2323 2454 2652 2511 Dominicam
2690 2473 2897 2514 orenam
2931 2467 3199 2533 pr0priam
3232 2469 3329 2521 tibi
3376 2469 3522 2525 facis
3550 2514 3567 2537 ,
3602 2474 3675 2526 sic
3699 2483 3743 2527 et

2151 2541 2326 2596 locum
2363 2545 2523 2598 etiam
2548 2587 2563 2611 ,
2607 2549 2832 2604 ecclesia
2869 2560 3025 2607 utens
3063 2564 3121 2609 ut
3159 2555 3321 2612 domo
3357 2568 3475 2614 tua.
3516 2561 3740 2616 Ecdesia

2152 2632 2293 2686 enim
2321 2632 2458 2689 facta
2485 2645 2587 2703 est,
2617 2653 2720 2692 non
2746 2649 2807 2694 ut
2832 2647 3215 2702 convenientes
3237 2649 3394 2705 divisi
3417 2653 3640 2718 simus;
3664 2658 3740 2708 sed

2152 2730 2221 2808 ut
2259 2724 2348 2792 qui
2391 2724 2547 2780 divisi
2589 2738 2714 2782 sunt
2752 2732 3265 2805 conjungantur:et
3308 2741 3414 2796 hoc
3477 2744 3742 2814 signiﬁcat

2151 2822 2464 2869 conventus.
2511 2815 2932 2892 lit-confunditis
2970 2843 3056 2880 eos
3099 2831 3184 2898 qni
3227 2847 3325 2885 non
3368 2832 3592 2888 habent.
3641 2836 3742 2890 Non

2153 2903 2304 2970 dixit,
2336 2914 2392 2960 et
2418 2906 2560 2964 fame
2587 2915 2791 2967 necatis
2817 2930 2912 2970 eos
2939 2919 3029 2986 qui
3060 2936 3163 2974 non
3191 2920 3406 2988 habent,
3435 2926 3549 2980 sed
3585 2929 3742 2996 majo-

2154 3009 2267 3086 rem
2316 2996 2583 3056 incutiens
2629 3003 2920 3074 pudorem,
2969 3007 3319 3081 Confunditis,
3372 3015 3498 3071 sive
3553 3019 3745 3086 pudore

2156 3085 2388 3155 afficitis,
2411 3093 2730 3148 utostendat
2751 3111 2811 3150 se
2834 3111 2941 3152 non
2963 3099 3269 3155 alimentum
3293 3112 3510 3159 tantum
3535 3085 3743 3172 curare,

2156 3188 2413 3245 quantum
2445 3183 2825 3239 contameliam
2867 3187 2998 3256 ipsis
3031 3189 3303 3246 inﬂictam.
3332 3194 3482 3252 Ecce
3510 3201 3745 3268 quintam

2157 3271 2574 3338 accusationem,
2593 3275 2734 3343 quod
2755 3291 2858 3331 non
2879 3286 3082 3335 tantum
3102 3284 3400 3340 esurientes
3419 3286 3746 3357 despiciant.

2159 3359 2252 3414 sed
2281 3361 2441 3416 etiam
2475 3362 2596 3418 illos
2622 3365 2827 3434 pudore
2848 3367 3110 3426 afficiant.
3145 3372 3258 3429 Hoc
3286 3387 3467 3432 autem
3504 3380 3745 3442 dicebat.

2136 3450 2317 3505 simul
2356 3462 2412 3507 et
2449 3469 2511 3509 ea
2552 3470 2673 3524 qua:
2712 3473 2972 3528 pauperes
3011 3465 3321 3532 spectabant
3353 3467 3667 3538 honor-aus,
3705 3486 3747 3528 et

2160 3543 2449 3598 ostendens
2489 3545 2607 3600 illos
2649 3564 2756 3603 non
2801 3558 3001 3605 tantum
3030 3553 3098 3609 de
3129 3567 3344 3621 ventre,
3386 3574 3662 3630 quantum
3691 3568 3749 3619 de

2161 3633 2486 3696 contumelia
2513 3635 2721 3703 dolere,
2752 3639 2907 3694 simul
2935 3652 3110 3698 autem
3141 3646 3439 3704 auditorem
3465 3656 3748 3711 attrahere

2161 3725 2230 3778 ad
2251 3726 2694 3783 misericordiam.
2711 3729 2842 3786 Cum
2865 3748 2993 3804 ergo
3015 3735 3128 3791 haec
3147 3738 3374 3794 absurda
3395 3748 3748 3813 ostendisset,

2163 3818 2630 3874 contumeliam'in
2657 3835 2865 3877 coenam
2891 3865 2905 3888 ,
2934 3830 3308 3885 contumeliam
3336 3833 3390 3887 in
3418 3839 3749 3900 ecclesiam.

2165 3919 2636 3982 contemptumque
2657 3929 2969 3985 pauperum,
2999 3919 3127 3974 lenit
3153 3938 3336 3977 rursus
3364 3928 3750 3999 inmpatinnis

2164 4003 2578 4070 vehementiam,
2600 4007 2787 4062 dicens
2812 4027 2824 4062 :
2848 4009 3091 4066 Laudabo
3112 4029 3196 4068 vos
3214 4016 3240 4068 .’
3257 4017 3310 4070 in
3331 4018 3427 4072 hoc
3446 4038 3556 4075 non
3580 4025 3750 4079 laude.

2167 4093 2320 4158 Quod
2357 4105 2504 4151 certe
2529 4099 2648 4167 quis
2675 4101 2905 4156 maxime
2941 4104 3196 4170 miretur,
3239 4109 3378 4176 quod
3420 4125 3549 4166 cum
3595 4117 3752 4169 vehe-

2169 4187 2402 4242 mentius
2448 4188 2726 4259 increpare
2760 4201 3068 4262 oporteret,
3115 4207 3392 4269 postquam
3427 4213 3504 4257 tot
3538 4221 3750 4274 peccata

2168 4280 2437 4332 recensuit
2464 4289 2520 4334 et
2545 4281 2874 4350 perstrinxit,
2913 4285 2998 4338 hic
3026 4297 3210 4342 contra
3239 4291 3414 4347 lenius
3444 4307 3568 4366 agat
3593 4308 3648 4351 et
3674 4301 3753 4354 det

2169 4370 2467 4439 respirandi
2499 4372 2696 4428 locum.
2736 4376 2976 4442 Quanam
3007 4379 3074 4435 de
3102 4385 3300 4437 causa?
3345 4384 3585 4445 Gravius
3618 4391 3751 4460 ipsos

2171 4462 2560 4529 perstrinxerat
2579 4465 2898 4534 amplificata
2921 4472 3281 4538 accusatione,
3305 4485 3361 4530 et
3379 4492 3500 4531 eum
3525 4484 3751 4548 optimus

2171 4549 2242 4604 sit
2262 4551 2522 4620 medicus,
2543 4567 2922 4626 congruentem
2945 4561 3252 4619 vulneribus
3271 4564 3397 4620 fecit
3417 4569 3749 4636 incisionem,

2175 4655 2350 4712 neque
2377 4658 2438 4698 ea
2466 4659 2586 4714 qua:
2629 4647 2889 4714 profunda
2928 4651 3079 4721 plaga
3118 4667 3254 4723 opus
3289 4657 3560 4713 habebant
3592 4663 3644 4715 in
3674 4679 3752 4717 su-

2177 4733 2397 4801 perfieie
2427 4748 2620 4789 secans
2648 4753 2662 4788 :
2690 4737 2884 4794 audisti
2913 4741 3054 4796 enim
3083 4745 3353 4812 quomodo
3383 4747 3749 4806 fornicator-em

2179 4824 2270 4892 qui
2301 4825 2439 4894 apud
2468 4826 2592 4881 illos
2617 4837 2731 4881 erat
2755 4829 3042 4887 absciderit
3066 4852 3078 4888 :
3103 4850 3276 4905 neque
3297 4853 3383 4900 ea,
3402 4855 3521 4908 qua:
3543 4843 3750 4898 leniori-

2179 4912 2278 4968 bus
2313 4915 2542 4985 egebant
2585 4919 3028 4988 medicamentis,
3079 4925 3223 4981 ferro
3265 4930 3504 4986 tradens.
3547 4933 3673 4989 Ideo
3707 4949 3750 4989 et

2181 5004 2282 5060 hoc
2308 5007 2426 5061 loco
2448 5011 2809 5066 mansuetiore
2831 5016 2997 5068 utitur
3019 5032 3271 5074 sermone
3295 5041 3308 5076 :
3333 5023 3571 5094 alioquin
3600 5030 3747 5081 etiam

2182 5096 2420 5152 mitiores
2461 5099 2582 5155 illos
2627 5116 2752 5173 erga
2795 5120 3055 5174 pauperes
3093 5110 3323 5167 reddere
3351 5117 3676 5180 conabatur;
3705 5133 3747 5171 et

2184 5190 2306 5246 ideo
2341 5206 2462 5246 cum
2494 5193 2610 5248 illis
2651 5195 2824 5250 lenius
2867 5199 3119 5268 loquitur.
3154 5202 3392 5271 Deinde,
3439 5221 3559 5261 cum
3604 5211 3750 5264 vellet

2184 5281 2303 5337 illos
2347 5284 2452 5338 alio
2488 5284 2651 5340 modo
2692 5288 2881 5357 majori
2927 5290 3131 5359 pudore
3168 5293 3496 5364 snﬂ’undere,
3534 5314 3564 5354 a
3605 5305 3748 5357 rebs"

2187 5375 2468 5444 praecipuis
2509 5391 2813 5433 sermonem
2853 5382 2990 5435 texit
3022 5398 3035 5434 :
3065 5381 3155 5438 23.
3201 5383 3315 5454 Ego
3355 5390 3487 5441 enim
3522 5395 3692 5460 accepi
3723 5406 3747 5439 ε

2186 5463 2426 5530 Domino,
2451 5465 2641 5536 inquit,
2659 5470 2798 5537 quod
2815 5479 2862 5524 et
2880 5471 3070 5525 tradidi
3083 5473 3239 5538 vobis,
3257 5479 3494 5542 quoniam
3518 5479 3750 5536 Dominus

2186 5554 2360 5623 Jesus,
2389 5561 2444 5613 in
2481 5575 2582 5628 qua
2609 5571 2755 5616 nocte
2789 5563 3110 5629 tradebatur,
3139 5572 3327 5637 arccpit
3355 5587 3532 5638 panem
3551 5613 3566 5636 ,
3597 5573 3687 5626 2t.
3716 5586 3751 5624 α

2190 5651 2383 5722 gratias
2410 5665 2567 5721 agens
2594 5652 2745 5724 {regit
2769 5663 2820 5708 et
2846 5654 3009 5723 dixit,
3041 5656 3279 5729 Accipite,
3313 5662 3613 5717 manducet:
3632 5682 3650 5718 :
3669 5665 3753 5717 ﬁt:
