3826 6216
207 272 296 327 92⁵1
1170 254 1237 309 IN
1272 248 1493 309 EPIST.
1550 247 1571 301 Ι
1601 242 1707 300 Δί)
1738 252 1742 286 1

1849 260 1894 297 α.
1936 241 2172 298 ιιοΜιι..
2218 242 2430 301 XXVII.

10 350 61 379 εἶτ
90 380 91 383 “
202 390 390 456 δόκιμοι
414 382 640 453 φανῆτε,
668 379 805 445 ἀλλ’,
842 377 977 433 Ἵνα
1013 376 1069 430 οι
1098 373 1337 456 δόκιμοι
1369 366 1616 440 φανεροὶ
1654 363 1749 456 ’ηέ-

202 448 494 529 νωνξαιίοί
544 448 601 517 ἐν
646 464 773 533 ὑμῖν
809 460 1061 514 τοιοῦτοι.
1112 456 1252 510 Οὔτε
1279 454 1389 526 γὰρ
1426 448 1747 520 κατηγορῶν

200 552 372 620 δήλους
402 548 566 607 ποιεῖ,
616 545 757 598 ὥστε
813 544 888 614 μὴ
950 538 1462 620 ἀναισχυντοτέρους
1487 533 1746 620 ποιῆσαι,

200 619 307 690 οὗτε
330 628 703 700 ἐγκωμιάζων,
729 628 869 680 ὥστε
887 624 961 696 μὴ
982 622 1358 695 χαυνοτέρους,
1384 619 1496 673 ἀλλ’
1520 619 1601 700 εἰς
1618 632 1746 685 μετ-

58 734 79 755 ’ν
196 718 348 785 έωρον
371 699 564 782 ἀφίησι
590 711 677 763 τὸν
701 710 878 775 λόγον,
902 708 995 761 καὶ
1019 703 1206 759 τοῦτον
1226 703 1477 785 κάκεῖνον
1511 699 1743 785 ἑκάστου

82 838 87 867 χ
198 781 278 870 τῷ-
290 795 543 850 συνειδότι
568 792 635 845 τά
656 792 922 861 λεγόμενα
944 787 1203 858 ἁρμόζειν
1226 784 1499 870 παρέχων.
1526 782 1599 834 Ού
1619 781 1746 870 τοὺς

198 864 416 949 πένητας
442 876 497 928 δὲ
535 875 766 929 ἐνταῦθά
793 890 882 943 μοι
922 872 1068 924 δοκεῖ
1100 866 1537 940 παραμυθεῖσθαι
1565 864 1743 949 μόνον,

194 946 317 1018 ἀλλά
352 960 444 1013 καί
481 959 607 1020 τοὺς
647 957 710 1009 τὸ
747 955 866 1018 ἔθος
906 954 981 1025 μὴ
1023 952 1450 1021 διαφθείροντας.
1500 948 1611 1001 Καὶ
1638 946 1746 1015 γὰρ

195 1044 326 1106 είκδς
368 1037 505 1094 εἶναι
554 1041 612 1091 ἐν
670 1039 855 1100 αὐτοῖς
910 1035 1008 1089 καὶ
1065 1035 1191 1097 τοὺς
1230 1031 1617 1102 διατηροῦντας
1647 1028 1745 1080 αύ-

4 1101 79 1153 ίίτ
192 1128 247 1181 τό
271 1101 499 1177 ’διὸκαὶ
539 1121 715 1187 ἔλεγε,
746 1119 935 1186 Μέρος
954 1135 1009 1171 τι
1047 1116 1329 1169 πιστεύω.
1363 1101 1599 1173 Εἰκότως
1631 1109 1745 1162 τοί-

192 1225 277 1262 νυν
304 1204 522 1266 τούτους
549 1202 802 1271 δοκίμους
836 1201 989 1270 φησὶ,
1014 1200 1141 1261 τοὺς
1168 1197 1243 1267 μὴ
1274 1196 1432 1265 μόνον
1467 1192 1605 1263 μετά
1635 1190 1744 1244 τῶν

4 1290 79 1337 δ’ῗῖὶ
190 1291 349 1345 ἄλλων
383 1287 813 1355 διατηρήσαντας
849 1282 907 1334 1b
940 1281 1079 1344 ἔθος,
1119 1279 1254 1333 ἀλλὰ
1282 1277 1376 1331 καὶ
1405 1276 1573 1346 χωρὶς
1602 1273 1745 1327 ἐκεί-

189 1388 286 1425 νων
330 1368 582 1437 ἀκίνητον
612 1366 704 1418 τὸν
749 1362 913 1416 καλὸν
948 1361 1135 1415 τοῦτον
1173 1360 1514 1429 φυλάξαντας
1555 1357 1740 1437 νόμον.

192 1454 331 1507 Ποιεί
373 1450 433 1503 δέ
469 1448 625 1501 τοῦτο
666 1446 757 1499 καὶ
795 1444 1055 1514 ἐτέρους⁸
1095 1443 1188 1494 καὶ
1232 1441 1451 1502 τούτους
1500 1438 1588 1491 διὰ
1635 1436 1742 1490 τῶν

187 1532 429 1587 τοιούτων
443 1529 731 1599 ἐγκωμίων
749 1524 1191 1597 προθυμοτέρους
1216 1521 1551 1593 ἐργάσασθαι
1578 1518 1743 1572 σπεύο

182 1619 298 1671 δων.
333 1588 696 1667 Εἶταθοιῖπδν
726 1588 871 1677 λέγει
916 1588 1011 1660 καὶ
1042 1588 1172 1659 αὐτὸ
1212 1588 1305 1657 τοῦ
1352 1604 1743 1674 ἁμαρτήματος

70 1686 75 1701 ί
184 1700 239 1753 1b
273 1694 431 1760 εἶδος.
475 1695 540 1748 Τί
586 1694 642 1746 δὲ
688 1690 845 1745 τοῦτό
896 1692 1047 1754 ἐστι;
1087 1688 1550 1757 Συνερχομένων
1574 1685 1742 1756 ὑμῶν

10 1764 23 1796 Γ
62 1774 69 1791 ²
178 1781 272 1835 ἐπὶ
308 1780 373 1832 τὸ
410 1777 578 1842 αὐτὸ,
614 1776 798 1845 φησιν,
841 1775 951 1827 οὐκ
994 1772 1127 1824 ἔστι
1158 1770 1460 1839 Κυριακὸν
1493 1769 1742 1823 δεῖπνον

72 1874 75 1875 ⁷
179 1862 404 1932 φαγεῖν.
449 1861 611 1930 Ὁρᾷς
653 1856 770 1920 πῶς
804 1853 1191 1925 ἐντρεπτικῶς,
1249 1854 1342 1904 καὶ
1383 1853 1440 1903 ἐν
1475 1850 1625 1915 τάξει
1665 1851 1743 1904 δι-

178 1946 425 2013 ηγήσεως
464 1942 565 2011 ήδη
604 1938 703 2010 τὴν
735 1937 1042 2007 συμϐουλὴν
1074 1933 1486 1999 κατεσκεύασε;
1538 1933 1611 1984 Τὸ
1644 1933 1742 2002 μὲν

8 2048 13 2055 ι
44 2053 67 2081 τρ
179 2027 280 2095 γὰρ
313 2025 501 2093 σχῆμα
534 2024 632 2091 τῆς
661 2021 900 2082 συνόδου,
943 2020 1128 2088 φησὶν,
1168 2016 1296 2070 ἄλλο
1335 2031 1347 2044 ·
1385 2014 1606 2085 ἀγάπης
1633 2015 1741 2085 γάρ

170 2110 285 2160 ἐστι
314 2106 409 2158 καὶ
431 2103 779 2173 φιλαδελφίας
798 2119 812 2136 ο
842 2097 921 2165 εἷς
938 2100 1068 2169 γοῦν
1095 2101 1237 2170 ὑμᾶς
1260 2100 1505 2160 ἅπαντας
1530 2098 1741 2165 δέχεται

62 2244 65 2247 ,
170 2148 1742 2257 Ξὲτέξιςῖῖξῶᾝῇἑῖἷςζῷἒιγζέέιέέςξόεῖᾟὲιῖέράπέξαλὲιπδν

174 2270 265 2339 οὐχ
294 2269 456 2339 ὁμοία
505 2272 569 2338 τῇ
606 2268 827 2334 συνόδῳ,
875 2266 985 2317 Καὶ
1014 2264 1112 2316 οὐκ
1147 2259 1287 2325 εἷπε,
1327 2260 1741 2331 Συνερχομένων

174 2351 321 2421 ὑμῶν
350 2352 455 2403 οὐκ
492 2350 606 2402 ἐστι
640 2352 791 2417 κοινῇ
828 2349 1040 2415 φαγεῖν,
1064 2346 1163 2399 οὐκ
1186 2344 1299 2398 ἔστι
1341 2345 1458 2415 μετ’
1496 2343 1742 2413 ἀλλήλων

172 2433 507 2503 ἐστιαθῆναι,
541 2431 675 2485 ἀλλὰ
722 2431 883 2484 πάλιν
916 2430 1116 2499 ἑτέρως
1161 2429 1255 2480 καλ⁵
1302 2424 1479 2495 πολλῷ
1511 2424 1745 2495 φοϐερώ-

171 2534 323 2586 τερον
361 2515 544 2568 αὐτῶν
577 2513 937 2578 καθάπτεται,
977 2512 1170 2579 λέγων,
1206 2512 1328 2563 Οὐκ
1369 2510 1502 2563 ἐστι
1526 2514 1740 2577 Κυρια-

168 2603 278 2655 κόν
322 2600 574 2656 δεῖπνον
617 2599 850 2670 φαγεῖν,
897 2598 1082 2672 ἐκείνῃ
1116 2596 1503 2667 παραπέμπων
1548 2597 1742 2659 αὐτοὺς

168 2684 417 2738 ἐντεῦθεν
454 2685 555 2755 ήδη
583 2687 648 2753 τῇ
687 2684 917 2754 ἑσπέρᾳ,
945 2683 1066 2735 καθ’
1096 2681 1162 2752 ἢν
1197 2679 1265 2735 τὰ
1298 2679 1499 2750 φρικτὰ
1536 2680 1741 2751 μυστή-

18 2732 55 2825 γ
164 2732 609 2837 ῥὲσῖἑιᾷξὲέδέέῖςᾴ
623 2732 668 2818 Ἱδ
691 2732 1091 2837 κρζὲὲὲξζλὶά
1106 2732 1286 2817 τε.
1308 2732 1412 2817 ’,ἐαι
1442 2732 1652 2832 δεῖπνον
1681 2732 1743 2816 ἑδ

166 2850 387 2922 ἄριστον
434 2850 659 2903 ἐκάλεσε
685 2866 698 2878 ·
736 2851 831 2902 καὶ
868 2849 977 2919 γὰρ
1014 2850 1188 2902 ἐκεῖνο
1225 2848 1286 2900 1b
1329 2848 1541 2900 δεῖπνον
1588 2844 1740 2919 κοινῇ

166 2937 372 2997 πάντας
407 2929 525 3005 εἷχε
554 2933 1067 3003 κατακεκλιμένους.
1100 2931 1291 2984 Καίτοι
1320 2948 1383 2999 γε
1408 2932 1466 2983 ού
1493 2931 1743 2984 τοσοῦτον

166 3018 223 3070 τὸ
248 3019 419 3088 μέσον
451 3018 561 3069 τῶν
588 3015 957 3069 πλουτούντων
991 3014 1085 3067 καὶ
1112 3014 1220 3067 τῶν
1257 3014 1588 3083 πενομένων,
1619 3014 1743 3067 ὅσον

162 3102 255 3154 τοῦ
312 3100 640 3154 διδασκάλου
694 3100 788 3153 καὶ
836 3098 946 3151 τῶν
1012 3096 1299 3167 μαθητῶν·
1360 3096 1585 3166 ἄπειρον
1635 3096 1743 3167 γὰρ

161 3185 360 3237 ἐκεῖνο.
398 3184 513 3236 Καὶ
560 3182 611 3235 τί
649 3181 793 3249 λέγω
820 3179 911 3233 τοῦ
945 3179 1263 3233 διδασκάλου
1295 3179 1387 3230 καὶ
1423 3179 1531 3231 τῶν
1569 3178 1744 3249 μαθη-

159 3267 307 3332 τῶν;
359 3268 619 3337 ἐννόησον
650 3265 711 3317 τὸ
757 3264 920 3335 μέσον
959 3262 1049 3315 τοῦ
1082 3261 1237 3333 [244]
1277 3260 1595 3313 διδασκάλου
1650 3262 1744 3314 καὶ

158 3350 253 3401 τοῦ
298 3349 592 3420 προδότου.
641 3347 778 3399 Ἀλλ’
829 3347 987 3415 ὅμως
1040 3346 1134 3397 καὶ
1181 3344 1342 3406 αὐτὸς
1397 3346 1514 3414 μετ’
1563 3343 1743 3396 αὐτῶν

158 3434 537 3496 κατεκλίνετο,
602 3431 694 3484 καὶ
750 3428 870 3482 οὐδὲ
919 3427 1104 3481 τοῦτον
1147 3425 1418 3492 ἐξέϐαλεν,
1462 3426 1597 3479 ἀλλὰ
1648 3427 1743 3478 καὶ

157 3516 304 3571 ἀλῶν
335 3515 493 3586 αὐτῴ
532 3513 826 3585 μετέδωκε,
867 3513 962 3564 καλ¹
999 3509 1107 3563 τῶν
1148 3509 1461 3581 μυστηρίων
1492 3508 1742 3563 κοινωνὸν

156 3601 445 3669 ἐποίησεν.

225 3732 297 3793 γ’.
320 3722 463 3778 Εἶτα
490 3722 779 3795 ἐρμηνεύει
806 3722 922 3785 πῶς
949 3719 1049 3773 οὐκ
1075 3719 1189 3772 ἐστι
1218 3716 1497 3788 Κυριακδν
1526 3717 1736 3770 δεῖπνον

155 3811 380 3877 φαγεῖν.
412 3808 719 3871 ’Ἕκαστος
748 3807 859 3873 γὰρ
906 3803 971 3856 τὸ
1022 3802 1179 3855 ἴδιον
1206 3801 1453 3854 δεῖπνον
1482 3805 1743 3869 προλαμ-

152 3890 344 3953 ϐάνει,
383 3890 577 3958 φησὶν,
609 3889 679 3940 ἐν
704 3886 784 3951 τῷ
813 3885 1044 3956 φαγεῖνο
1079 3884 1177 3937 καί
1212 3884 1279 3949 ὃς
1304 3883 1419 3953 μὲν
1442 3881 1641 3950 πεινᾷ,
1673 3883 1742 3948 ὃς

151 3973 221 4025 δὲ
250 3974 497 4043 μεθύει.
532 3968 687 4032 Εἶδες
737 3969 853 4032 πῶς
892 3967 1090 4031 ἔδειξεν
1126 3967 1323 4029 αὐτοὺς
1356 3966 1742 4035 καταισχύνον-

146 4073 247 4119 τας
304 4055 548 4115 ἐαυτοὺς
604 4053 831 4122 μᾶλλον;
876 4051 949 4103 Τὸ
988 4050 1095 4120 γὰρ
1128 4049 1426 4119 Κυριακδν,
1477 4049 1740 4102 ἰδιωτικὸν

149 4137 434 4202 ποιοῦσιν,
470 4136 610 4189 ὥστε
642 4135 794 4189 αὐτοὶ
836 4132 1042 4203 πρῶτοί
1077 4133 1212 4184 εἰσιν
1257 4132 1305 4183 οἱ
1338 4131 1739 4200 καθυϐριξόμε-

146 4238 251 4285 νοι,
285 4223 336 4275 οί
366 4222 475 4291 τῆς
502 4219 712 4273 ἐαυτῶν
740 4217 1017 4287 τραπέζης
1048 4214 1109 4267 τὸ
1159 4215 1410 4285 μέγιστον
1444 4214 1739 4283 ἀφαιροῦν-

144 4323 237 4369 τες
260 4306 521 4375 ἀξίωμα.
558 4303 681 4365 Πῶς
713 4303 806 4355 καὶ
833 4301 937 4353 τίνι
962 4300 1147 4369 τρόπῳ
1173 4315 1189 4365 ;
1224 4298 1347 4350 Ὅτι
1374 4298 1434 4350 1b
1464 4298 1740 4368 Κυριακδν

143 4388 399 4455 δεῖπνον,
460 4387 731 4449 τουτέστι,
779 4384 841 4436 τὸ
893 4381 1243 4447 Δεσποτικδν,
1305 4381 1507 4449 ὀφείλει
1564 4382 1739 4433 κοινὸν

143 4468 311 4523 εἶναι.
348 4472 445 4523 Τὰ
472 4470 582 4540 γάρ
609 4467 703 4520 τοῦ
749 4466 1009 4519 δεσπότου
1040 4464 1159 4533 ούχὶ
1190 4462 1342 4515 τοῦδε
1371 4465 1468 4533 μὲν
1497 4462 1611 4516 ἐστι
1642 4462 1737 4516 τοῦ

143 4555 395 4616 οἰκέτου,
426 4552 583 4605 τοῦδε
612 4552 668 4604 δέ
714 4552 813 4603 οὐκ
851 4549 1018 4613 ἔστιν,
1047 4546 1181 4601 ἀλλά
1212 4549 1363 4618 κοινῇ
1393 4547 1628 4600 πάντων.
1666 4544 1739 4599 Τὸ

138 4635 235 4691 οὖν
260 4637 562 4708 Κυριακδν
588 4634 742 4687 τοῦτό
772 4650 904 4703 φησι
947 4632 1007 4685 1b
1044 4630 1241 4684 κοινόν.
1291 4630 1353 4681 Et
1381 4628 1487 4699 γὰρ
1518 4629 1609 4682 τοῦ
1639 4632 1739 4681 Δε-

141 4722 359 4775 σπότου
400 4720 497 4773 σοῦ
530 4722 697 4784 ἐστιν,
730 4717 917 4787 ὥσπερ
943 4711 1033 4769 οὖν
1066 4714 1159 4768 καὶ
1186 4713 1353 4777 ἔστιν,
1381 4714 1479 4765 οὐκ
1507 4714 1741 4782 ὀφείλεις

135 4806 214 4869 ὡς
258 4806 381 4859 ἴδια
426 4803 703 4873 ἀποσπᾷν,
737 4800 851 4853 ἀλλ’
886 4799 960 4862 ῶς
988 4797 1081 4849 τοῦ
1121 4797 1326 4867 Κυρίου
1376 4796 1470 4848 καὶ
1513 4796 1604 4849 τοῦ
1639 4799 1738 4849 Δε-

137 4889 354 4941 σπότου
389 4887 547 4950 ὄντα,
579 4886 728 4955 κοινῇ
762 4884 892 4936 πᾶσι
922 4879 1251 4952 προτιθέναι.
1280 4878 1448 4931 Τοῦτο
1479 4879 1587 4949 γάρ
1624 4882 1739 4932 ἐστι

131 4970 467 5045 Κυριακόν.
496 4968 609 5021 Νῦν
635 4968 689 5020 δὲ
724 4968 823 5021 οὐκ
848 4966 1012 5036 ἀφίης
1028 4964 1158 5017 αὐτὸ
1181 4959 1317 5017 εἶναι
1339 4964 1632 5035 Κυριακὸν,
1664 4964 1739 5036 μὴ

132 5058 306 5123 ἀφεὶς
361 5047 513 5106 εἶναι
573 5050 771 5113 κοινὸν,
828 5048 963 5101 ἀλλὰ
1012 5047 1130 5099 καθ’
1162 5045 1350 5099 ἐαυτὸν
1390 5045 1734 5116 ἑστιώμενος.

132 5140 233 5191 Διὸ
297 5137 407 5190 καὶ
464 5135 657 5202 ἐπάγει
711 5133 925 5201 λέγων’
983 5130 1283 5194 ’Ἕκαστος
1320 5131 1431 5198 γὰρ
1481 5128 1546 5181 τὸ
1586 5130 1739 5183 Ζδιον

131 5222 411 5275 δεῖπνον
444 5216 864 5285 προλαμϐάνει.
920 5213 1029 5266 Καὶ
1064 5214 1164 5265 οὐκ
1198 5209 1369 5277 εἶπεν,
1402 5213 1732 5285 Ἀποσχίζει,

128 5304 301 5367 ἀλλὰ,
340 5299 787 5368 Προλαμόάνει,
823 5296 1006 5367 ἡρέμα
1041 5296 1135 5347 καὶ
1163 5297 1241 5359 εἰς
1275 5296 1612 5367 λαιμαργίαν
1639 5297 1737 5350 αύ-

125 5389 262 5449 τοὺς
304 5387 414 5438 καὶ
444 5385 523 5446 εἰς
565 5382 895 5455 προπέτειαν
920 5378 1238 5432 διαϐάλλων.
1267 5380 1437 5433 Τοῦτο
1472 5380 1603 5448 γοῦν
1638 5381 1732 5433 κα)⁸

124 5470 192 5521 τὸ
220 5468 366 5536 ἐξῆς
434 5466 625 5534 δηλοῖσ
680 5464 849 5517 εἰπὼν
902 5464 1009 5532 γὰρ
1038 5462 1213 5524 τοῦτο,
1258 5463 1502 5533 ἐπήγαγε
1536 5462 1731 5515 πάλινο

123 5551 245 5607 Καὶ
291 5549 371 5617 ὃς
419 5548 541 5617 μὲν
589 5546 784 5613 πεινᾶ,
819 5546 888 5613 ὃς
927 5546 994 5599 δὲ
1021 5547 1257 5617 μεθύει’
1300 5545 1443 5617 ἆπερ
1493 5546 1728 5618 ἑκάτερα

189 5755 209 5783 ⁸
233 5756 329 5810 Βιε
355 5755 495 5817 Reg.
524 5756 648 5805 Edili
673 5770 807 5814 vero,
830 5755 908 5804 καὶ
930 5754 988 5802 δι’
1011 5754 1209 5816 ἑτέρους.

3314 255 3423 313 Ξὶὃ

1856 361 2123 432 ἀμετρίας
2146 356 2237 432 ἦν,
2266 364 2362 418 καὶ
2388 364 2422 434 ἡ
2448 363 2620 417 ἔνδεια
2651 364 2750 420 καὶ
2769 367 2803 436 ή
2839 367 3137 442 ὑπερϐολή.
3167 371 3299 427 Ἰδοὺ
3328 374 3422 428 καὶ

1858 442 2108 515 δεύτερον
2135 445 2387 516 ἔγκλημα
2435 447 2598 502 πάλιν
2626 448 2819 512 αὐτοὺς
2863 451 3106 515 ἐκείνους
3145 458 3423 511 καταϐλά-

1856 544 2008 581 πτον.
2070 528 2294 597 Πρῶτον
2327 527 2446 598 μὲν,
2492 529 2572 582 δτι
2620 529 2680 582 1b
2730 530 2940 585 δεῖπνον
2991 533 3167 588 αὐτῶν
3223 539 3424 608 ἀτιμά-

1854 608 2005 672 ζουσι
2030 626 2043 640 ·
2077 609 2327 679 δεύτερον
2351 612 2429 674 δὲ,
2458 612 2539 665 ὅτι
2567 614 2954 684 γαστρίζονται
2987 620 3081 670 καὶ
3120 619 3419 687 μεθύουσι·

1855 692 1949 744 καὶ
1989 692 2049 744 τὸ
2098 692 2162 763 δὴ
2194 694 2593 764 χαλεπώτερον,
2641 697 2722 750 ὃτι
2754 699 2981 751 καὶτῶν
3026 702 3271 771 πενήτων
3305 721 3424 757 πει-

1852 772 2089 829 νώντων.
2118 776 2185 826 ’Ἀ
2202 776 2306 847 γάρ
2331 775 2523 845 ἔμελλε
2545 782 2697 848 κοινῇ
2724 782 2855 832 πᾶσι
2886 782 3225 849 προκεῖσθαι,
3250 785 3421 838 ταῦτα

1852 852 1996 910 οὗτοι
2055 857 2204 927 μόνοι
2242 858 2569 929 σιτούμενοι,
2626 861 2721 913 καὶ
2767 864 2847 925 είς
2890 864 3189 934 ἀπληστίατ
3220 869 3312 919 καὶ
3341 870 3423 932 εἰς

1857 939 2027 1021 μέθην
2055 940 2347 1003 ἐξέϐαινον,
2384 943 2475 994 Διὸ
2511 943 2629 996 οὐδὲ
2674 940 2848 1010 εἶπεν,
2891 948 2988 1010 Ὃς
3031 948 3128 1017 μὲν
3158 954 3338 1021 πεινᾷ,
3363 953 3423 1015 ὃς

1852 1020 1908 1073 δὲ
1934 1022 2268 1092 κορέννυται,
2293 1023 2449 1087 ἀλλὰ,
2476 1026 2711 1078 Μεθύει.
2742 1026 2958 1080 Τούτων
2989 1028 3045 1081 δὲ
3071 1020 3301 1085 ἕκαστον
3329 1034 3424 1086 καὶ

1852 1104 1973 1184 καθ’
2005 1104 2168 1156 ἑαυτὸ
2204 1106 2301 1174 μὲν
2334 1107 2663 1177 κατηγορίας
2694 1107 2876 1172 ἄξιον·
2919 1112 3014 1163 καὶ
3050 1113 3157 1183 γάρ
3209 1114 3271 1166 τὸ
3325 1131 3423 1184 με·

1853 1183 1999 1237 θύειν
2034 1186 2202 1254 χωρὶς
2229 1186 2322 1239 τοῦ
2357 1190 2602 1259 παρορᾷν
2633 1190 2869 1258 πένητας
2907 1192 3179 1264 ἔγκλημα,
3228 1183 3334 1249 καὶί
3363 1195 3426 1250 τὸ

1851 1269 2099 1338 παρορᾷν
2121 1267 2356 1339 πένητας
2382 1273 2550 1340 χωρὶς
2577 1270 2669 1324 τοῦ
2701 1272 2918 1342 μεθύειν
2941 1278 3262 1346 κατηγορία·
3295 1280 3422 1333 ὃταν

1851 1350 1905 1433 δέ
1934 1351 2027 1403 καὶ
2055 1349 2191 1418 ὁμοῦ
2226 1354 2546 1422 συνημμένα
2574 1351 2629 1426 ᾖ,
2659 1356 2909 1427 ἐννόησον
2933 1359 3028 1429 ὅση
3072 1362 3105 1429 ή
3150 1361 3421 1433 ὑπερϐολὴ

1850 1430 1962 1514 τῆς
2000 1434 2369 1503 παρανομίας.
2420 1434 2553 1489 Εῐτα
2595 1438 2772 1501 δείξας
2821 1439 2916 1507 τὴν
2966 1442 3214 1506 ἀτοπίαν,
3259 1430 3420 1514 μετά

1850 1513 2045 1565 πολλοῦ
2075 1514 2260 1568 λοιπὸν
2288 1516 2381 1569 τυῦ
2423 1516 2595 1588 θυμοῦ
2624 1519 2720 1589 τὴν
2746 1520 3033 1591 ἐπίπληξιν
3064 1513 3290 1592 ἐπάγει,
3335 1528 3422 1581 λέ-

1850 1611 1987 1663 γων’
2015 1595 2113 1663 Μὴ
2148 1597 2257 1665 γὰρ
2299 1598 2491 1664 οἰκίας
2535 1602 2647 1653 οὐκ
2676 1603 2842 1670 ἔχετε
2867 1606 2953 1669 εις
2984 1607 3049 1657 τὸ
3078 1607 3304 1661 ἐσθίειν
3324 1609 3423 1663 καὶ

1849 1678 2082 1741 πίνειν;
2128 1677 2167 1745 ἢ
2215 1677 2326 1745 τῆς
2372 1678 2736 1749 Ἐκκλησίας
2784 1684 2889 1738 τοῦ
2943 1688 3089 1740 Θεοῦ
3132 1706 3423 1759 καταφρο-

1847 1760 2024 1845 νεῖτε,
2055 1762 2153 1845 καὶ
2192 1764 2626 1845 καταισχύνετε
2658 1766 2798 1831 τοὺς
2829 1769 2914 1836 μὴ
2943 1769 3225 1838 ἐχοντας;
3258 1773 3421 1845 Ὀρᾷς

1849 1841 1967 1906 πῶς
1983 1843 2090 1895 ἀπὸ
2109 1846 2209 1914 τῆς
2232 1843 2341 1897 τῶν
2369 1846 2616 1915 πενήτων
2644 1846 2852 1918 ὕϐρεως
2875 1851 2965 1903 ἐπὶ
2984 1852 3082 1920 τὴν
3100 1841 3422 1923 Ἐκκλησίαν

1853 1926 2134 2010 μετήγαγε
2184 1926 2258 2010 1b
2294 1926 2568 2010 ἔγκλημα,
2621 1929 2707 1982 ἵνα
2754 1938 3154 2003 φορτικώτερον
3213 1938 3415 2010 ποιήσῃ

1848 2008 1939 2060 τὸν
1972 2008 2126 2075 λόγον
2151 2027 2165 2075 ;
2205 2009 2334 2062 Ἰδοὺ
2361 2009 2538 2061 τοίνυν
2564 2012 2657 2064 καὶ⁹
2682 2014 2916 2082 τετάρτη
2947 2018 3265 2086 κατηγορία,
3291 2008 3419 2073 ὅταν

1854 2090 1928 2159 μὴ
1962 2091 2191 2161 πένητες
2217 2092 2397 2160 μόνον,
2433 2093 2567 2145 ἀλλὰ
2593 2095 2686 2146 καὶ
2721 2097 2752 2164 ή
2785 2096 3077 2166 Ἐκκλησία
3112 2099 3418 2171 ὑϐρίζηται.

1852 2174 2062 2244 ’Ὠσπερ
2107 2175 2215 2245 γὰρ
2272 2176 2331 2227 1b
2370 2176 2643 2245 Κυριακὸν
2676 2178 2886 2230 δεῖπνον
2917 2179 3180 2233 ἰδιωτικὸν
3223 2186 3417 2247 ποιεῖς,

1850 2257 1991 2308 οὓτω
2021 2256 2114 2309 καὶ
2145 2257 2235 2309 τὸν
2268 2256 2430 2309 τόπον
2452 2258 2649 2329 πάλιν,
2675 2259 2749 2322 ὡς
2774 2261 2919 2330 οἰκίᾳ
2955 2260 3107 2332 [9.45]
3132 2266 3194 2334 τῇ
3225 2265 3420 2335 ἐκκλη-

1853 2338 1943 2408 σίᾳ
1989 2338 2348 2409 κεχρημένος.
2402 2340 2698 2408 Ἐκκλησία
2750 2342 2859 2413 γάρ
2904 2346 3146 2411 γέγονεν,
3192 2348 3289 2416 ούχ
3333 2349 3419 2400 ἴνα

1850 2419 2172 2490 διῃρημένοι
2220 2416 2368 2489 ὦμεν
2398 2424 2444 2473 οί
2480 2422 2846 2488 συνελθόντες,
2875 2425 2988 2476 ἀλλ’
3027 2427 3112 2479 ἵνα
3142 2429 3191 2480 οί
3228 2429 3420 2500 διῃρη-

1854 2503 2003 2570 μένοι
2057 2502 2428 2572 συνημμένοι·
2486 2505 2581 2556 καὶ
2625 2506 2785 2559 τοῦτο
2822 2509 2855 2577 ή
2893 2507 3108 2573 σύνοδος
3157 2509 3417 2567 δείκνυσι.

1849 2584 1960 2636 Καὶ
2018 2586 2452 2653 καταισχύνετε
2503 2588 2645 2656 τοὺς
2691 2589 2775 2660 μὴ
2813 2590 3085 2660 ἔχοντας.
3134 2596 3245 2647 Οὐκ
3277 2594 3419 2663 εἷπε,

1850 2665 1962 2718 Καὶ
2019 2664 2386 2735 λιμοκτονεῖτε
2425 2670 2551 2735 τοὺς
2591 2674 2664 2743 μὴ
2707 2674 2950 2743 ἔχοντας,
2987 2675 3123 2728 ἀλλὰ
3167 2676 3302 2731 πολὺ
3332 2678 3421 2732 ἐν-

1849 2748 2309 2821 τρεπτικώτερον,
2362 2756 2828 2823 Καταισχύνετε,
2888 2757 2975 2810 ἵνα
3023 2758 3171 2831 δείξῃ
3227 2761 3309 2814 ὃτι
3359 2763 3421 2815 ού

1849 2833 2057 2901 τροφῆς
2101 2833 2249 2901 αὐτῷ
2280 2835 2533 2887 τοσοῦτον
2574 2838 2744 2905 μέλει,
2786 2839 2907 2891 ὅσον
2941 2839 3039 2909 τῆς
3084 2840 3296 2911 ὕϐρεως
3321 2845 3423 2915 τῆς

1852 2915 1932 2976 είς
1964 2916 2160 2978 αὐτοὺς
2190 2917 2499 2986 γινομένης.
2536 2919 2664 2971 Ἰδοὺ
2700 2920 2793 2971 καὶ⁹
2836 2920 2987 2990 πέμκ
3020 2928 3419 2997 πτηατηγορία,

1849 2997 1910 3049 τὺ
1942 2996 2016 3068 μὴ
2051 2998 2210 3067 μόνον
2246 2998 2546 3062 πεινῶντας
2598 3003 2878 3072 περιορᾷν,
2928 3003 3065 3057 ἀλλά
3106 3006 3198 3059 καὶ
3233 2996 3425 3062 καταια

1853 3081 2069 3151 σχύνειν
2099 3080 2335 3151 αύτούςη
2368 3080 2537 3134 Τοῦτο
2567 3082 2622 3135 δὲ
2653 3083 2858 3151 ἔλεγεν,
2900 3085 3034 3154 ὁμοῦ
3091 3089 3187 3157 μὲν
3232 3107 3425 3160 σεμνο-

1852 3163 2023 3215 ποιῶν
2056 3163 2127 3216 τὰ
2175 3163 2313 3215 κατὰ
2344 3164 2467 3226 τοὺς
2502 3164 2761 3235 πένητας,
2790 3167 2885 3219 καὶ
2936 3168 3150 3232 δεικνὺς
3196 3172 3278 3225 ὅτι
3326 3176 3424 3245 ούχ

1851 3245 2022 3309 οὕτως
2048 3245 2188 3317 ὑπὲρ
2219 3245 2318 3315 τῆς
2344 3246 2601 3317 γαστρὸς,
2637 3249 2711 3311 ὼς
2741 3249 2882 3319 ὑπὲρ
2910 3251 3008 3321 τῆς
3039 3254 3303 3326 αἰσχύνης
3331 3259 3426 3311 ἀλ-

1851 3328 2059 3397 γοῦσιν,
2113 3331 2249 3398 ὁμοῦ
2306 3327 2362 3380 δὲ
2414 3330 2505 3380 καὶ
2566 3331 2645 3392 είς
2700 3330 2847 3384 ἔλεον
2900 3334 3280 3405 ἐπισπώμενος
3331 3340 3424 3395 τὸν

1850 3411 2146 3481 ἀκροατήν.
2182 3410 2429 3463 Τοσαῦτα
2479 3411 2658 3465 τοίνυν
2695 3412 2872 3478 δείξας
2918 3416 2986 3468 τὰ
3029 3418 3225 3481 ἄτοπα,
3264 3419 3423 3493 ὓϐριν

1850 3494 1930 3557 εἰς
1974 3494 2034 3545 τὺ
2078 3494 2313 3555 δεῖπνον,
2371 3493 2526 3565 ὓϐριν
2579 3497 2658 3558 είς
2704 3497 2804 3565 τὴν
2855 3498 3174 3569 ἐκκλησίαν,
3208 3503 3304 3572 τὴν
3344 3507 3424 3570 είς

1848 3577 1975 3638 τοὺς
2014 3576 2253 3646 πένητας
2279 3576 2569 3647 γινομένην
2604 3578 2923 3649 ὑπεροψίαν,
2958 3582 3097 3653 χαλᾷ
3140 3585 3299 3637 πάλιν
3326 3589 3424 3659 τῆς

1850 3660 2218 3728 ἐπιτιμήσεως
2267 3660 2358 3712 τὸν
2392 3663 2542 3713 τόνον
2592 3661 2786 3733 ἀθρόον
2836 3664 3048 3731 λέγων’
3095 3668 3425 3725 Ἐπαινέσω

1848 3741 2043 3809 ὑμᾶς;
2098 3742 2166 3793 ἐν
2196 3742 2382 3804 τούτῳ
2434 3744 2544 3796 οὐκ
2594 3744 2834 3801 ἐπαινῶ,
2864 3749 2929 3799 Ὃ
2972 3748 3065 3800 καὶ
3099 3750 3336 3818 μάλιστα
3358 3755 3423 3807 ἄν

1851 3842 1932 3886 τις
1965 3824 2130 3877 αὐτοῦ
2157 3824 2506 3895 θαυμάσειεν,
2532 3826 2613 3878 ὅτι
2642 3829 2938 3898 ἐπιπλῆξαι
2977 3830 3096 3885 δέον
3130 3834 3419 3903 σφοδρότε-

1853 3925 1945 3979 ρον
1977 3909 2114 3977 μετὰ
2144 3908 2241 3978 τὴν
2266 3910 2538 3977 ἀπόδειξιν
2569 3911 2673 3964 τῶν
2708 3913 2975 3967 τοσούτων
3006 3916 3421 3987 ἁμαρτημάτων

1850 3993 1944 4045 καὶ
1974 3992 2340 4061 καθάψασθαι,
2364 3995 2391 4045 ὁ
2413 3993 2470 4045 δὲ
2490 3996 2797 4059 τούναντίον
2824 3999 2966 4049 ποιεῖ
2984 3999 3211 4065 μᾶλλον,
3240 4002 3422 4070 ἀνίησι

1850 4074 1944 4125 καὶ
1977 4072 2313 4126 ἀναπνεῦσαι
2347 4075 2551 4127 δίδωσι.
2587 4077 2651 4129 Τί
2695 4078 2812 4129 ποτ’
2855 4076 2950 4132 οῦν
2980 4081 3097 4133 ἐστι
3126 4082 3186 4134 1b
3213 4084 3419 4145 αῖτιονς

1850 4157 2250 4227 Φορτικώτερον
2282 4158 2461 4210 αὐτῶν
2492 4159 2773 4229 καθήψατο
2821 4164 2918 4231 τὴν
2954 4167 3287 4235 κατηγορίαν
3318 4169 3419 4221 αὐ·

1852 4240 2041 4310 ξήσας,
2074 4241 2168 4293 καὶ
2199 4241 2377 4311 ἰατρὸς
2408 4242 2483 4293 ὢν
2511 4244 2731 4313 ἄριστος
2761 4246 3109 4316 καταλλήλως
3131 4252 3240 4311 τοῖς
3262 4252 3423 4319 τραύ.

1851 4340 1986 4392 μασι
2038 4322 2135 4393 τὴν
2183 4325 2356 4392 τομὴν
2389 4326 2606 4391 ἐπάγει,
2639 4325 2763 4379 οὔτε
2811 4329 2880 4381 τὰ
2931 4328 3154 4396 βαθείας
3191 4330 3422 4399 δεόμενα

1850 4407 2064 4475 πληγῆς
2098 4406 2157 4471 ἐξ
2204 4406 2470 4475 ἐπιπολῆς
2516 4408 2767 4476 τέμνωνο
2808 4410 3070 4480 (ἤκουσας
3113 4412 3221 4483 γὰρ
3254 4415 3418 4466 αὐτοῦ

1849 4489 1969 4552 πῶς
1996 4489 2085 4542 τὸν
2121 4489 2533 4558 πεπορνευκότα
2572 4492 2701 4559 παρ’
2750 4492 2931 4555 αὐτοῖς
2967 4492 3173 4557 τούτοις
3210 4497 3417 4550 ἀπέκο-

1847 4572 1967 4643 ψεν)
1990 4613 2005 4638 ,
2033 4572 2156 4625 οὕτε
2182 4574 2251 4626 τά
2284 4573 2734 4643 προσηνεστέρων
2764 4575 3032 4644 χρῄζοντα
3058 4576 3167 4628 τῶν
3195 4583 3418 4649 φαρμά..

1849 4672 1962 4710 κων
1995 4656 2201 4726 σιδήρῳ
2231 4653 2575 4725 παραδιδούς.
2620 4657 2719 4709 Διὰ
2763 4656 2827 4726 δὴ
2854 4656 3012 4710 τοῦτο
3049 4659 3144 4710 καὶ
3182 4659 3417 4715 ἐνταῦθα

1847 4739 2150 4809 πραότερον
2174 4738 2252 4809 τῷ
2278 4737 2420 4808 λόγῳ
2444 4736 2704 4807 κέχρηται
2725 4755 2738 4770 ·
2779 4739 2873 4791 καὶ
2899 4738 3071 4803 ἄλλως
3100 4741 3154 4793 δὲ
3179 4743 3419 4813 ἡμέρους

1849 4823 2052 4886 αὐτοὺς
2085 4822 2319 4892 μάλιστα
2350 4820 2651 4873 ἐσπούδακε
2682 4822 3022 4890 καταστῆσαι
3053 4826 3165 4886 τοῖς
3202 4827 3414 4895 πένησι*

1846 4903 1925 4956 διὸ
1975 4905 2068 4955 καὶ
2114 4903 2416 4974 ὑφειμένως
2464 4903 2772 4970 διαλέγεται
2809 4903 3008 4972 μᾶλλον
3043 4906 3246 4969 αὐτοῖς.
3284 4906 3417 4962 Εἶτα

1848 4987 2014 5039 θέλων
2038 4987 2234 5050 αὐτοὺς
2271 4987 2365 5039 καὶ
2395 4985 2662 5057 ἑτέρωθεν
2695 4986 2950 5056 ἐπιτρέψαι
2989 4989 3267 5057 μειζόνως,
3308 4993 3416 5044 ἀπὸ

1845 5070 1952 5123 τῶν
1984 5072 2329 5140 κυριωτέρων
2359 5073 2449 5123 τὸν
2483 5071 2636 5137 λόγον
2666 5069 2882 5137 ὑφαίνει
2915 5071 3076 5124 πάλιν
3098 5088 3111 5100 ·
3133 5072 3277 5140 Ἐγὼ
3304 5076 3415 5141 γὰρ

1845 5153 2187 5221 παρέλαϐον
2225 5152 2344 5206 ἀπὸ
2383 5152 2489 5205 τοῦ
2551 5154 2796 5219 Κυρίου,
2838 5154 3027 5219 φησιν,
3054 5154 3085 5207 ὂ
3133 5156 3232 5207 καὶ
3265 5173 3415 5223 παρ.

1844 5236 2035 5290 ἐδωκα
2065 5235 2240 5304 ὑμῖν·
2282 5235 2369 5287 ὅτι
2400 5238 2437 5287 ὀ
2467 5236 2677 5301 Κύριος
2724 5236 2953 5302 Ἰησοῦς
2994 5236 3064 5289 ἐν
3107 5237 3179 5303 τῇ
3220 5242 3412 5303 νυκτὶ,

1843 5314 1882 5391 ᾗ
1914 5318 2285 5386 παρεδίδοτο,
2335 5317 2552 5371 ἐλαϐεν
2593 5318 2797 5385 ἄρτον,
2830 5319 2931 5373 καὶ
2961 5323 3415 5388 εὑχίιριστήινας

1831 5404 2068 5458 ’ἔπλασε
2096 5404 2192 5456 καὶ
2220 5399 2370 5467 εἷπε,
2394 5401 2632 5462 Λάϐετε.
2653 5402 2871 5471 φάγετε
2893 5420 2917 5433 ’ν
2940 5406 3118 5459 τοῦτό
3143 5406 3261 5474 μού
3283 5407 3414 5459 ἐστι

1842 5485 1910 5538 τὸ
1935 5485 2104 5553 σῶμα
2131 5484 2195 5537 τό
2229 5484 2378 5551 ὑπὲρ
2423 5485 2587 5554 ὑμῶν
2619 5484 2950 5554 κλώμενον·
2988 5488 3165 5541 τοῦτο
3193 5489 3412 5540 ποιεῖτε

1841 5570 1928 5633 εὶς
1962 5568 2073 5635 τὴν
2119 5568 2272 5637 ἐμὴν
2302 5566 2669 5636 ἀνάμνησιν.
2731 5570 2885 5632 Τίνος
2941 5571 3128 5626 ἕνεκεν
3180 5570 3412 5622 ἐνταῦθα

1842 5652 1948 5705 τῶν
1983 5650 2295 5721 μυστηρίων
2344 5649 2655 5721 μέμνηται;
2690 5650 2811 5705 Ὅτι
2858 5652 3063 5722 σφόδρα
3110 5654 3410 5721 ἀναγκαῖος

1844 5733 1923 5796 είς
1950 5734 2047 5803 τὴν
2105 5731 2378 5804 παροῦσαν
2412 5734 2669 5788 ὑπόθεσιν
2699 5737 2728 5787 ὁ
2761 5734 2920 5803 λόγος
2944 5730 3032 5806 ’ἦν
3058 5730 3211 5799 οὗτος
3237 5732 3407 5806 αὐτῷ.
3506 5810 3507 5813 η
