3826 6216
449 253 560 309 2‘19

450 372 567 428 Καὶ
601 368 713 443 7&9
738 369 770 425 6
796 369 1075 440 Δεσπότης
1106 383 1226 434 σου,
1263 365 1420 438 φησι,
1446 366 1546 437 τῆς
1583 367 1758 437 αὐτῆς
1780 365 2031 430 ἃπαντας

450 455 654 526 ἠξίωσε
682 451 986 526 τραπέζης,
1019 452 1196 507 καίτοι
1232 451 1440 522 σφόδρα
1468 450 1916 520 φρικωδεστάτης
1941 447 2032 502 οὐ-

453 553 577 608 σης,
624 537 724 592 καὶ⁵
753 537 890 590 πολὺ
937 535 1037 608 τήν
1062 535 1319 590 ἀπάντων
1361 533 1803 605 ὐπερϐαινούσης
1837 532 2030 599 ἀξίανο

454 621 523 675 σὺ
553 621 612 674 δέ
639 620 840 684 αὐτοὺς
873 619 969 673 καὶ
1018 619 1118 688 τῆς
1151 619 1251 688 σῆς
1283 615 1536 680 ἀναξίους
1576 611 1717 669 εἷναι
1756 617 1886 686 ήγῇ,
1932 613 2033 683 τῆς

457 707 666 779 μικρᾶς
687 705 894 777 ταύτης
917 705 1014 759 καὶ
1045 701 1317 767 εὐτελοῦς,
1343 701 1440 755 καὶ
1477 703 1536 754 ἐν
1575 704 1690 764 τοῖς
1734 715 2035 768 πνευματι-

454 793 573 854 κοῖς
597 791 751 845 οὐδέν
782 787 962 859 αὐτῶν
987 804 1082 841 σου
1118 783 1604 848 πλεονεκτούντων,
1640 782 1906 851 άρπάζεις
1934 782 2034 835 αὐ·

455 873 582 936 τοὺς
621 873 681 925 ἐν
716 875 830 934 τοῖς
863 869 1179 940 αίσθητοίςο
1233 867 1357 921 οὐδέ
1401 866 1511 937 γάρ
1555 864 1728 918 ταῦτα
1761 865 1848 917 σά.
1889 863 2030 916 Ἀλλ’

454 953 601 1008 οὕτω
639 954 738 1024 μέν
770 955 833 1008 οὐ
863 953 1035 1020 λέγει,
1080 951 1220 1004 ὥστε
1280 950 1355 1020 μη
1388 949 1641 1016 γενέσθαι
1693 948 1897 1017 τραχὺν
1939 947 2032 1001 τὸν

454 1036 640 1106 λόγον·
690 1035 1044 1106 ἡμερώτερον
1090 1032 1148 1086 δὲ
1189 1033 1352 1086 αὐτὸν
1391 1028 1792 1106 κατασκευάζει
1824 1030 2027 1096 λέγων·

455 1119 578 1172 Ὅτι
612 1121 647 1172 ό
677 1105 893 1184 Κύριος
920 1115 1151 1181 Ἰησοῦς
1170 1115 1242 1167 ἐν
1264 1113 1342 1180 τῇ
1367 1112 1562 1174 νυκτί,
1593 1105 1632 1181 ᾗ
1655 1110 2028 1178 παρεδίδοτο,

453 1200 674 1254 ἐλαϐεν
714 1199 914 1267 ἄρτον.
971 1197 1081 1252 Καὶ
1113 1196 1256 1258 τίνος
1283 1195 1470 1247 ἕνεκεν
1511 1193 1606 1246 τοῦ
1651 1192 1844 1262 καιροῦ
1884 1194 2032 1262 ἡμᾶς

453 1281 886 1351 ἀναμιμνήσκει,
909 1279 1004 1332 καὶ
1026 1278 1124 1349 τῆς
1145 1277 1382 1348 ἑσπέρας
1415 1275 1628 1344 ἐκείνης
1660 1276 1751 1327 καὶ
1776 1275 1877 1343 τῆς
1904 1291 2034 1345 προ-

453 1363 674 1429 δοσίας;
714 1362 825 1431 Οὐχ
856 1359 1043 1422 ἁπλῶς
1088 1359 1207 1412 οὐδὲ
1235 1357 1363 1412 ἄνευ
1407 1356 1568 1424 λόγου
1601 1355 1766 1419 τινὸς,
1799 1356 1917 1409 ἀλλ’
1944 1357 2032 1409 ἵνα

459 1445 578 1517 μεθ’
609 1444 914 1515 ὐπερϐολῆς
941 1441 1214 1512 κατανύξη
1263 1440 1356 1492 καὶ
1394 1439 1502 1491 ἀπὸ
1529 1437 1623 1490 τοῦ
1651 1439 1867 1508 καιροῦ.
1911 1438 2030 1492 Κᾶν

454 1531 564 1601 γάρ
599 1528 881 1590 αὐτόλιθος
979 1543 1083 1588 τις,
1120 1525 1381 1590 ἐννοήσας
1426 1523 1644 1592 ἐκείνην
1690 1522 1788 1593 τὴν
1833 1523 2028 1586 νύκτα,

455 1612 578 1674 πῶς
597 1607 666 1682 ἦν
696 1609 833 1680 μετὰ
861 1608 970 1660 τῶν
998 1605 1254 1676 μαθητῶν
1275 1605 1373 1675 άδη
1383 1605 1580 1674 μονῶν,
1601 1605 1718 1668 πῶς
1735 1606 2028 1677 παρεδόθη,

453 1693 573 1758 πῶς
603 1691 779 1763 ἐδέθη,
808 1689 926 1753 πῶς
957 1688 1199 1760 ἀπήχθη,
1229 1687 1346 1750 πῶς
1391 1687 1670 1757 ἐδικάσθη,
1699 1686 1816 1751 πῶς
1845 1689 1938 1741 καὶ
1963 1688 2032 1742 τά

450 1776 580 1847 ἑξῆς
606 1775 807 1830 ἐπαθεν
852 1773 1091 1836 ἅπαντα,
1133 1770 1306 1843 κηροῦ
1349 1769 1562 1838 γίνεται
1613 1769 1766 1841 [246]
1809 1770 2032 1824 ἁπαλώ-

447 1875 627 1930 τερος,
659 1857 754 1911 καὶ
796 1855 900 1925 τῆς
943 1855 1050 1924 γῆς
1095 1852 1501 1906 ἀπαλλάττεται
1531 1852 1624 1905 καὶ
1655 1852 1754 1922 τῆς
1797 1852 2032 1905 ἐνταῦθα

449 1940 755 2011 φαντασίας
796 1939 1033 2008 ἀπάσης.
1075 1935 1175 1988 Διά
1225 1936 1380 1989 τοῦτο
1432 1935 1651 1988 πάντων
1687 1935 1912 1988 ἐκείνων
1952 1938 2031 1999 είς

455 2027 678 2097 μνήμην
710 2023 858 2092 ἡμᾶς
903 2021 1048 2089 άγει,
1079 2019 1166 2073 διὰ
1188 2019 1282 2072 τοῦ
1327 2018 1521 2089 καιροῦ
1556 2019 1652 2071 καί¹
1688 2017 1790 2088 τῆς
1819 2019 2029 2089 τραπέ-

453 2109 552 2178 ζης
586 2107 684 2160 καὶ
715 2106 816 2176 τῆς
858 2103 1147 2175 προδοσίας
1197 2103 1472 2174 ἐντρέπων
1498 2103 1594 2155 καὶ
1620 2102 1813 2167 λέγων,
1843 2104 1924 2156 ὅτι
1971 2102 2030 2156 Ὀ

455 2191 556 2262 μὲν
579 2189 854 2257 Δεσπότης
883 2204 975 2240 σου
1007 2187 1100 2239 καὶ
1139 2185 1332 2239 ἐαυτὸν
1359 2185 1682 2257 παρέδωκεν
1714 2186 1856 2257 ὑπὲρ
1891 2186 1986 2239 σοῦ
2012 2201 2026 2215 ·

454 2277 520 2329 σὺ
552 2275 610 2328 δὲ
639 2272 718 2345 τῷ
746 2269 961 2341 ἀδελφῷ
991 2269 1112 2323 οὐδέ
1145 2269 1330 2323 σιτίων
1365 2269 1665 2340 μεταδίδως
1709 2270 1853 2338 ὐπέρ
1901 2287 2032 2322 σαυ-

450 2375 547 2412 του
571 2375 587 2423 ;

520 2441 585 2496 δ’.
619 2439 746 2504 Πῶς
773 2438 830 2493 δέ
863 2454 996 2508 φησι
1034 2435 1188 2509 παρά
1218 2434 1313 2489 τοῦ
1346 2433 1553 2507 Κυρίου
1601 2433 2025 2504 παρειληφέναις

450 2525 572 2579 οὐδὲ
608 2523 718 2594 γὰρ
749 2522 930 2593 παρῆν
962 2521 1109 2582 τότε,
1148 2519 1285 2574 ἀλλά
1316 2519 1426 2572 τῶν
1470 2518 1774 2572 διωκόντων
1797 2513 1883 2588 ἦν.
1913 2519 2029 2570 Ἵνα

455 2606 634 2677 μάθῃς
663 2605 744 2659 ὃτι
773 2604 925 2657 οὐδὲν
973 2602 1138 2656 πλέον
1184 2601 1296 2671 ἔχει
1341 2600 1525 2671 ἐκείνη
1562 2602 1595 2672 ή
1649 2600 1899 2669 τράπεζα
1930 2599 2030 2670 τῆς

455 2689 594 2759 μετὰ
643 2686 839 2740 ταῦτα.
877 2687 989 2740 Καὶ
1040 2685 1150 2754 γὰρ
1191 2685 1289 2738 καὶ
1336 2685 1577 2755 σήμερον
1627 2683 1790 2747 αὐτός
1827 2685 1972 2735 ἐστιν
2001 2685 2030 2737 6

452 2772 632 2825 πάντα
656 2769 1023 2841 ἐργαζόμενος
1056 2769 1150 2821 καὶ
1179 2767 1529 2837 παραδιδοὺς,
1561 2765 1748 2836 ὥσπερ
1771 2766 1865 2819 καὶ
1882 2766 2026 2821 τότε.

451 2854 527 2908 οὐ
553 2851 643 2905 διά
674 2850 834 2904 τοῦτο
856 2850 912 2904 δέ
936 2849 1096 2920 μόνον
1117 2848 1217 2918 τῆς
1233 2849 1425 2912 νυκτὸς
1447 2848 1851 2919 ἀναμιμνήσκει
1881 2847 2028 2901 ἐκεί-

448 2951 568 3004 νης,
603 2933 718 2987 ἀλλ’
758 2934 846 2986 ίνα
887 2933 982 2986 καὶ
1033 2931 1233 3002 ἑτέρως
1276 2932 1427 3001 ἡμᾶς
1471 2929 1769 3002 κατανύξῃ.
1814 2929 2028 3001 Ὠσπερ

449 3017 559 3088 7&9
587 3016 812 3070 ἐκείνων
844 3014 1081 3086 μάλιστα
1121 3013 1452 3085 μεμνήμεθα
1483 3013 1591 3067 τῶν
1634 3013 1921 3084 ῥημάτων,
1951 3007 2028 3068 ὧν

448 3099 518 3153 ἂν
544 3099 853 3153 τελευταῖον
883 3097 1038 3169 παρὰ
1085 3095 1196 3150 τῶν
1239 3096 1514 3150 ἀπιόντων
1552 3096 1898 3167 ἀκούσωμεν,
1932 3095 2029 3150 καὶ

451 3183 592 3254 πρὸς
612 3185 740 3245 τούς
772 3181 1142 3252 κληρονόμους
1179 3180 1308 3244 τοὺς
1345 3179 1592 3243 ἐκείνων,
1622 3182 1671 3232 εί
1697 3180 2028 3253 τολμήσαιεν

449 3265 634 3320 αὐτῶν
677 3264 995 3335 παραϐῆναι
1025 3263 1123 3326 τὰς
1160 3263 1401 3327 ἐντολάς,
1428 3263 1782 3333 ἐντρέποντες
1827 3265 2028 3330 αὐτοὺς

451 3346 704 3417 λέγομεν,
743 3346 1062 3416 Ἐννοήσατε
1086 3345 1167 3398 ὅτι
1191 3344 1394 3416 ταύτην
1421 3345 1657 3415 ὑστέραν
1679 3347 1860 3416 ἀφῆκε
1890 3348 2028 3421 πρὸς

449 3431 595 3500 ὑμᾶς
627 3429 728 3500 τὴν
757 3428 939 3497 φωνὴν
961 3427 989 3478 6
1021 3426 1222 3497 πατὴρ,
1247 3429 1341 3480 καὶ
1375 3426 1537 3498 μέχρι
1567 3429 1664 3498 τῆς
1695 3430 1932 3502 ἑσπέρας
1959 3426 2026 3502 ἦς

450 3512 676 3582 ἔμελλεν
705 3511 926 3563 ἐκπνεῖν
952 3507 1123 3562 ταῦτα
1149 3509 1515 3579 ἐπέσκηπτεν⁹
1536 3509 1678 3564 οὕτω
1709 3513 1802 3564 καὶ
1831 3515 1858 3567 6
1889 3513 2030 3567 Παῦ-

449 3594 544 3658 λος
595 3593 689 3647 καὶ
732 3591 981 3646 ἐντεῦθεν
1023 3593 1248 3662 φρικτὸν
1281 3592 1506 3662 ποιῆσαι
1528 3591 1620 3646 τὸν
1650 3593 1808 3663 λόγον
1840 3595 2028 3666 βουλό-

452 3693 636 3749 μενος,
691 3675 1124 3746 Ἀναμνήσθητε,
1176 3675 1359 3745 φησὶν,
1409 3675 1493 3728 δτι
1541 3674 1744 3746 ταύτην
1792 3677 2027 3748 ἐσχάτην

449 3759 583 3828 ὑμῖν
615 3757 812 3811 δέδωκε
839 3756 938 3827 τήν
963 3755 1374 3826 μυσταγωγίαν,
1396 3758 1490 3810 καὶ
1517 3758 1575 3810 ἐν
1599 3759 1738 3829 αὐτῇ
1760 3761 1824 3830 τῇ
1847 3762 2024 3824 νυκτὶ,

448 3833 485 3912 ᾖ
515 3840 612 3894 καὶ
634 3839 966 3908 σφάττεσθαι
997 3839 1138 3909 ύπέρ
1173 3839 1327 3908 ὐμῶν
1357 3839 1571 3908 έμελλε,
1604 3840 1781 3893 ταῦτα
1810 3841 2024 3894 ἐνετέλ-

449 3924 593 3988 λετο,
625 3923 722 3976 καὶ
751 3922 1079 3994 παραδιδοὺς
1131 3922 1261 3992 ὑμῖν
1287 3921 1349 3974 τδ
1391 3921 1604 3976 δεῖπνον
1648 3923 1846 3990 ἐκεῖνο,
1905 3927 2024 3996 μετ’

449 4005 628 4058 ἐκεῖνο
673 4003 856 4058 οὐκέτι
907 4004 1251 4074 προσέθηκεν
1303 4003 1511 4076 ἕτερον.
1560 3999 1697 4059 Εἶτά
1743 4006 1840 4059 καὶ
1885 4008 2028 4062 αὐτά

447 4086 635 4139 λοιπὸν
655 4086 922 4156 διηγεῖται
951 4089 1020 4142 τά
1047 4086 1390 4158 γεγενημένα
1430 4086 1604 4154 λέγων
1631 4088 1737 4154 ὅτι,
1764 4090 2026 4144 Ἔλαϐεν

446 4167 656 4236 άρτον,
684 4168 783 4222 καί
807 4169 1258 4240 εὐχαριστήσας
1293 4170 1540 4236 ἕκλασε,
1571 4169 1669 4225 καί
1697 4167 1860 4225 εἶπεο
1908 4173 2014 4228 Ad-

447 4253 600 4315 ὄετε,
651 4251 872 4321 φάγετε
894 4269 908 4283 ο
955 4253 1134 4307 τοῦτό
1161 4253 1280 4322 μού
1306 4253 1440 4305 ἐστι
1469 4253 1537 4306 τὸ
1569 4254 1742 4323 σῶμα
1775 4257 1839 4309 τὸ
1872 4256 2025 4325 ὑπὲρ

447 4333 618 4403 ὑμῶν
661 4336 989 4405 κλώμενυν.
1042 4337 1106 4390 El
1148 4337 1328 4390 τοίνυν
1373 4337 1461 4390 ἐπ’
1504 4337 1823 4411 εὐχαριστίᾳ
1851 4357 2026 4412 προσ-

447 4418 603 4490 έρχῃ,
644 4419 738 4472 καὶ
773 4420 837 4472 σὺ
884 4419 1052 4490 μηδὲν
1084 4418 1302 4485 ἀνάξιον
1337 4419 1480 4473 ποίει
1517 4421 1616 4489 τῆς
1648 4422 2019 4493 εὐχαριστίας,

447 4501 587 4571 μηδὲ
620 4502 946 4571 καταίσχυνε
998 4501 1091 4554 τὸν
1123 4501 1368 4570 ἀδελφὺν,
1427 4503 1562 4574 μηδέ
1619 4506 1848 4577 περιόρα
1899 4524 2022 4560 πει-

443 4585 640 4646 νῶντα,
675 4584 749 4654 μή
786 4583 974 4654 μέθυε,
1006 4584 1078 4654 μὴ
1111 4583 1302 4655 ὕϐριζε
1332 4584 1432 4654 τήν
1464 4586 1812 4657 Ἐκκλησίαν.
1841 4590 2019 4660 Προσ-

445 4665 580 4736 έρχη
610 4665 718 4736 7&9
751 4666 1090 4736 εὐχαριστῶν
1131 4667 1272 4739 ὑπὲρ
1318 4660 1394 4722 ὧν
1439 4667 1774 4732 ἀπέλαυσας.
1808 4669 2020 4726 οὐκοῦν

446 4747 542 4800 καὶ
579 4747 740 4810 αὐτὸς
766 4747 1000 4819 ἀμοιϐὴν
1030 4748 1304 4815 ἀποδίδου,
1345 4750 1439 4804 καὶ
1470 4751 1544 4822 μὴ
1569 4751 1830 4821 ἀπόσχιζε
1861 4770 2020 4806 σεαυ-

445 4829 539 4880 τὸν
571 4827 666 4880 τοῦ
713 4829 960 4899 πλησίον.
1008 4831 1264 4902 Καὶ-γάρ
1305 4832 1334 4883 6
1378 4832 1609 4904 Χριστὸς
1637 4835 1802 4888 πᾶσιν
1834 4833 2020 4907 ἐξίσης

449 4911 616 4963 ἔδωκε
664 4911 859 4979 λέγων,
907 4911 1148 4977 Λάϐετε,
1204 4914 1443 4984 φάγετε.
1482 4915 1718 4980 Ἐκεῖνος
1754 4917 1816 4970 τὸ
1857 4917 2018 4989 σῶμα

448 4993 634 5063 ἐξίσης
679 4993 866 5057 ἔδωκε,
896 4995 961 5046 σὺ
993 4993 1049 5047 δέ
1076 4996 1196 5050 οὐδέ
1229 4997 1320 5050 τὸν
1349 4997 1524 5051 κοινὸν
1549 4997 1715 5069 ἄρτον
1743 4999 1899 5064 δίδως
1927 4999 2017 5066 ἐξ·

449 5075 607 5141 ίαηςς
644 5076 738 5127 καὶ
765 5076 874 5146 7&9
903 5077 1042 5147 ὐπέρ
1071 5079 1324 5133 ἁπάντων
1349 5081 1552 5152 δμοίως
1604 5081 1867 5154 ἐκλάσθη,
1921 5085 2017 5138 καὶ

450 5159 608 5227 σῶμα
637 5159 857 5225 γέγονεν
886 5160 1024 5230 ὑπὲρ
1080 5163 1333 5217 ἁπάντων
1383 5164 1588 5236 ἐξίσης.
1642 5165 1882 5234 Ὁμοίως
1915 5167 2014 5220 καί

446 5241 512 5292 τὸ
543 5241 830 5308 ποτήριον
855 5244 1006 5311 μετά
1028 5243 1095 5296 τὸ
1123 5243 1465 5314 δειπνῆσαι,
1495 5248 1709 5316 λέγων,
1741 5247 1924 5302 Τοῦτο
1949 5251 2015 5302 τὸ

447 5321 735 5390 ποτήριον
774 5325 813 5390 ἠ
863 5325 1041 5392 καινὴ
1069 5323 1323 5395 διαθήκη
1351 5327 1525 5383 ἐστίν
1561 5329 1632 5382 ἐν
1666 5328 1746 5394 τῷ
1772 5329 1892 5399 ἐμῷ
1920 5332 2015 5384 αἵ-

440 5421 581 5473 ματι
606 5421 620 5435 ο
665 5406 838 5460 τοῦτο
869 5406 1108 5471 ποιεῖτε,
1133 5407 1347 5476 ὁσάκις
1378 5409 1455 5464 ἀν
1497 5413 1734 5481 πίνητε,
1773 5417 1863 5480 είς
1893 5403 2011 5482 τὴν

443 5487 601 5556 ἐμὴν
638 5487 1002 5557 ἀνάμνησιν.
1051 5491 1118 5544 Τί
1147 5491 1364 5560 λέγεις;
1420 5495 1722 5565 ἀνάμνησιν
1753 5495 1847 5550 τοῦ
1882 5497 2016 5567 Χρι-

445 5571 572 5624 στοῦ
600 5575 793 5638 ποιεῖς,
835 5573 929 5626 καὶ
964 5573 1202 5646 πένητας
1227 5577 1493 5646 παρορᾷς,
1516 5578 1611 5629 καὶ
1637 5577 1696 5628 οὐ
1736 5577 2011 5648 φρίττεις;

454 5653 598 5708 Ἀλλ’
621 5656 670 5708 εί
704 5654 804 5726 μὲν
831 5654 1003 5728 υίοῦή
1031 5649 1260 5728 ἀδελφοῦ
1281 5658 1727 5730 τετελευτηκότος
1764 5661 2013 5733 ἀνάμνη-

440 5751 531 5793 σιν
562 5737 786 5808 ἐποίεις,
822 5739 1066 5814 ἐπλήγης
1104 5741 1171 5798 ἂν
1220 5741 1326 5798 ὑπὸ
1351 5741 1446 5796 τοῦ
1491 5741 1814 5809 συνειδότος,
1847 5744 1894 5796 εί
1931 5743 2006 5814 μή

1229 249 1291 306 S.
1326 247 1614 306 JOAN‘NIS
1648 247 2135 310 CHRYSOSTOMI
2170 251 2489 312 ARCHIEP.
2519 254 3075 319 CONSTANTINOP.

3622 264 3719 320 2‘5!

2134 380 2197 434 τὸ
2223 380 2345 446 έθος
2390 383 2738 456 ἐπλήρωσας,
2777 387 2873 441 καὶ
2914 389 3157 461 πένητας
3198 389 3498 457 ἐκάλεσαςο
3538 397 3642 463 τὴν
3667 400 3718 451 ἃ

2135 463 2232 546 τοῦ
2263 465 2535 519 Δεσπότου
2585 485 2678 522 σου
2714 470 2886 524 ποιῶν
2911 472 3244 543 ἀνάμνησιν,
3274 474 3399 528 οὐδέ
3439 478 3720 546 τραπέζης

2131 545 2320 610 ἁπλῶς
2356 549 2690 618 μεταδίδως;
2739 552 2805 605 Τί
2832 551 2890 606 δέ
2937 554 3087 608 ἐστιν
3117 556 3148 608 ὃ
3173 572 3364 626 φησιν,
3397 545 3516 621 ὃτι,
3541 559 3718 614 τοῦτο

2131 628 2197 712 τό
2224 629 2516 696 ποτήριον
2542 632 2580 698 ἠ
2615 634 2793 703 καινή
2821 635 3077 706 διαθήκη
3110 639 3323 704 ἐστίν;
3346 638 3467 695 Ἦν
3495 643 3612 712 7&9
3633 648 3715 698 καὶ

2129 711 2230 792 τῆς
2281 712 2520 776 παλαιᾶς
2573 715 2840 789 διαθήκης
2873 721 3152 792 ποτήριον,
3180 724 3237 775 αί
3269 725 3510 778 σπονδαὶ
3538 711 3636 779 καὶ
3665 728 3717 780 τὲ

2131 787 2282 878 αἷμα
2300 794 2411 846 τῶν
2445 795 2656 866 ἀλόγων
2678 813 2690 827 ·
2720 787 2830 878 καὶ
2861 801 2970 872 γὰρ
2999 787 3139 873 μετά
3167 805 3230 858 τὸ
3273 806 3444 860 θῦσαι
3482 809 3718 878 ποτηρίῳ

2133 874 2285 948 [247]
2319 878 2415 930 καὶ
2455 880 2622 952 φιάλῃ
2645 881 2717 956 1:6
2750 876 2890 953 αἷμα
2914 885 3194 956 δεχόμενοι
3217 889 3397 954 οὕτως
3441 874 3718 947 ἔσπενδονξ

2145 957 2298 1042 Ἐπεί
2327 956 2421 1014 οὖν
2451 951 2859 1033 ἀντὶίαῐιῖατος
2913 951 3126 1035 ἀλόγων
3175 966 3320 1040 αἷμα
3367 951 3646 1042 εἰσήγαγε
3668 976 3718 1026 :6

2131 1041 2320 1123 αὐτοῦ,
2349 1043 2435 1095 ἵνα
2469 1045 2542 1115 μή
2571 1062 2658 1109 τις
2681 1046 2959 1120 θορυϐηθῇ
2983 1050 3144 1104 τοῦτο
3167 1051 3406 1118 ἀκούων,
3446 1041 3719 1123 ἀνέμνησε

2128 1121 2230 1206 τῆς
2261 1125 2499 1190 παλαιᾶς
2548 1127 2739 1191 θυσίας
2792 1131 3031 1202 ἐκείνης.
3083 1130 3221 1186 Εἶτα
3251 1132 3428 1187 εἰπὼν
3461 1121 3598 1206 περὶ
3633 1136 3718 1188 τοῦ

2130 1204 2348 1258 δείπνου
2379 1208 2611 1271 ἐκείνου,
2631 1210 2895 1264 συνάπτει
2923 1215 2993 1267 τὰ
3014 1214 3259 1284 παρόντα
3282 1219 3404 1279 τοῖς
3433 1204 3588 1281 τότε,
3619 1218 3716 1280 ενι,

2129 1284 2205 1347 ὡς
2241 1288 2298 1340 ἐν
2331 1289 2467 1360 αὐτῇ
2497 1289 2680 1361 ἐκείνῃ
2714 1294 2781 1362 τῇ
2817 1293 3048 1365 ἑσπέρᾳ,
3074 1298 3168 1349 καὶ
3195 1297 3286 1348 ἐπ’
3325 1297 3512 1367 αὐτῆς
3542 1300 3721 1368 κείμ-

2129 1383 2211 1420 νοι
2251 1369 2520 1435 στιϐάδος,
2546 1372 2640 1424 καὶ
2658 1375 2793 1443 παρ’
2821 1374 2987 1428 αὐτοῦ
3012 1377 3106 1430 τοῦ
3136 1379 3380 1450 Χριστοῦ
3407 1380 3722 1448 λαμϐάνον-

2127 1467 2222 1516 τες
2266 1452 2368 1522 τὴν
2413 1453 2603 1506 θυσίαν
2631 1454 2858 1526 ταύτην,
2905 1458 3048 1512 οῦτω
3087 1463 3180 1513 καὶ
3220 1462 3319 1515 νῦν
3358 1463 3717 1525 διακέωνται,

2129 1534 2225 1586 καί
2276 1551 2475 1604 φησιν·
2513 1535 2758 1602 Ὁσάκις
2811 1539 2926 1608 τὰρ
2973 1541 3050 1593 ἂν
3093 1541 3340 1611 ἐσθίητε
3391 1546 3513 1598 τὸν
3544 1546 3721 1614 ἄρτον

2127 1615 2367 1679 τοῦτον,
2403 1616 2503 1671 καί
2531 1618 2600 1671 τὸ
2632 1619 2923 1688 ποτήριον
2970 1623 3147 1678 τοῦτο
3188 1627 3430 1698 πίνητε,
3465 1628 3586 1681 τὸν
3625 1629 3719 1683 θά-

2126 1715 2314 1752 νατον
2346 1698 2455 1753 τοῦ
2490 1701 2716 1769 Κυρίου
2769 1708 3230 1774 καταγγέλλετε,
3286 1709 3474 1778 ἄχρις
3532 1705 3609 1766 οὗ
3648 1711 3720 1765 ἂν

2127 1781 2298 1849 ἔλθῃ.
2323 1783 2536 1854 Ὥσπερ
2561 1785 2671 1854 7&9
2697 1787 2726 1839 6
2759 1787 2994 1856 Χριστὸς
3031 1791 3126 1843 καὶ
3163 1793 3258 1844 ἐπὶ
3284 1793 3384 1846 τοῦ
3413 1795 3599 1862 ἄρτου
3633 1799 3720 1846 καὶ

2128 1864 2222 1916 ἐπὶ
2288 1864 2382 1917 τοῦ
2455 1867 2741 1938 ποτηρίου,
2817 1872 2924 1936 Είς
2975 1869 3092 1937 τὴν
3152 1873 3308 1943 ἐμὴν
3363 1876 3722 1946 ἀνάμνησιν

2127 1946 2349 2000 ποιεῖτε
2389 1948 2588 2012 τοῦτο,
2639 1949 2766 2021 ἐφη,
2811 1954 2913 2024 τὴν
2944 1955 3122 2008 αἰτίαν
3168 1957 3550 2014 ἐπικαλύπτων
3597 1962 3722 2031 ἡμῖν

2124 2031 2226 2100 τῆς
2249 2031 2344 2082 τοῦ
2379 2033 2682 2103 μυστηρίου
2713 2033 2934 2101 δόσεως,
2964 2036 3060 2089 καὶ
3093 2040 3230 2108 μετά
3269 2040 3383 2095 τῶν
3410 2043 3609 2097 ἄλλων
3633 2047 3724 2096 καὶ

2125 2112 2330 2183 ταύτην
2354 2109 2494 2166 εἶναι
2516 2113 2692 2183 λέγων
2715 2117 2990 2188 ἀρκοῦσαν
3013 2121 3142 2190 ἡμῖν
3163 2123 3244 2186 είς
3265 2124 3574 2188 εὐλαϐείας
3600 2127 3722 2178 ὑπε-

2127 2195 2276 2249 θεσιν
2299 2214 2312 2226 ο
2353 2198 2482 2250 ὅταν
2507 2198 2616 2268 7&9
2649 2200 2916 2271 ἐννοήσῃς
2945 2203 3000 2255 τί
3043 2205 3310 2259 πέπονθεν
3363 2209 3395 2260 6
3433 2209 3724 2278 Δεσπότης

2129 2294 2221 2331 σου
2254 2278 2344 2332 διά
2390 2279 2473 2342 σὲ,
2505 2280 2942 2353 φιλοσοφώτερος
2968 2284 3098 2357 ἔσῃ·
3133 2288 3277 2341 οὕτω
3307 2289 3403 2342 καὶ
3428 2292 3461 2343 6
3507 2291 3723 2354 Παῦλος

2125 2361 2365 2416 ἐνταῦθά
2389 2379 2554 2432 φησιν
2573 2380 2586 2393 ·
2632 2363 2876 2432 Ὁσάκις
2903 2365 2982 2420 ἂν
3012 2369 3276 2437 ἐσθίητε,
3301 2372 3414 2426 τὸν
3447 2374 3724 2427 θάνατον

2124 2446 2312 2500 αὐτοῦ
2349 2448 2801 2517 καταγγέλλετε.
2852 2452 2961 2504 Καὶ
3001 2453 3157 2508 τοῦτο
3183 2457 3358 2509 ἐκεῖνο
3396 2458 3462 2510 τὸ
3500 2458 3723 2512 δεῖπνόν

2125 2531 2294 2584 ἐστιν.
2356 2527 2488 2585 Εἶτα
2543 2533 2756 2596 δεικνὺς
2809 2535 2890 2588 ὅτι
2925 2537 3030 2601 ἕως
3063 2539 3162 2608 τῆς
3214 2542 3539 2604 συντελείας
3587 2544 3717 2596 αὐτὸ

2129 2615 2300 2686 μένει,
2341 2615 2525 2686 φησίνο
2561 2617 2709 2683 Ἕως
2754 2618 2832 2671 ἂν
2866 2619 3038 2688 ἔλθη.
3061 2621 3243 2675 Ὥστε
3288 2622 3357 2689 ὃς
3409 2625 3494 2678 ἀν
3543 2627 3721 2693 ἐσθίῃ

2123 2697 2234 2752 τὸν
2270 2697 2455 2766 ἄρτον
2499 2698 2738 2765 τοῦτον,
2773 2701 2812 2770 ἦ
2847 2704 2993 2771 πίνῃ
3027 2705 3095 2758 τὸ
3136 2708 3427 2776 ποτήριον
3453 2710 3578 2764 τοῦ
3610 2715 3721 2764 Κυ-

2117 2781 2255 2849 ρίου
2288 2780 2566 2848 ὰναξίως,
2597 2781 2816 2854 ἔνοχος
2838 2787 3010 2840 ἔσται
3040 2786 3146 2841 τοῦ
3170 2789 3444 2858 σώματος
3474 2793 3586 2845 καί
3613 2795 3721 2848 τοῦ

2123 2864 2372 2946 αίματος
2405 2863 2514 2918 τοῦ
2546 2867 2790 2934 Κυρίου.
2824 2868 2889 2920 Τί
2926 2868 3162 2940 δήποτε;
3205 2873 3327 2927 ὐτι
3364 2875 3597 2946 ἐξέχεεν
3620 2877 3720 2930 αὐ-

2122 2945 2208 3009 τὸ,
2240 2946 2334 3000 καὶ
2359 2946 2573 3017 σφαγὴν
2596 2948 2658 3001 τὸ
2691 2950 2927 3020 πρᾶγμα
2948 2953 3248 3025 ἀπέφηνεν,
3276 2955 3461 3012 οὐκέτι
3486 2945 3717 3017 θυσίαν.

2125 3028 2338 3100 Ὥσπερ
2366 3025 2460 3083 οὖν
2489 3029 2584 3082 καὶ
2613 3031 2735 3084 τότε
2760 3033 2808 3086 οί
2835 3035 3198 3104 κεντήσαντες
3229 3039 3327 3110 οὐχ
3360 3041 3448 3094 ῑνα
3507 3043 3720 3096 πίωσιν

2124 3111 2443 3182 ἐκέντησαν,
2480 3111 2597 3165 ἀλλ’
2626 3113 2716 3168 ἵνα
2745 3115 3042 3186 ἐκχέωσιν
3084 3119 3226 3174 οὕτω
3269 3122 3366 3175 καὶ
3400 3125 3430 3177 6
3468 3126 3718 3190 ἀναξίως

2126 3192 2347 3264 μετιὼν,
2377 3196 2470 3249 καὶ
2502 3195 2670 3264 μηδὲν
2698 3198 2946 3253 ἐντεῦθεν
2975 3201 3375 3272 καρπούμενος.
3408 3203 3576 3272 Εἶδες
3601 3210 3719 3272 πῶς

2124 3276 2353 3348 φοϐερὸν
2385 3276 2475 3332 τδν
2511 3278 2670 3346 λόγον
2697 3280 2942 3351 ἐποίησε.
2975 3283 3072 3336 καὶ
3102 3285 3224 3356 μεθ’
3262 3288 3591 3359 ὑπερϐολῆς
3621 3294 3719 3345 αὐο

2121 3359 2232 3443 τῶν
2260 3361 2545 3432 καθήψατο
2572 3362 2774 3434 πάσης,
2820 3365 3032 3430 δεικνὺς
3069 3369 3151 3421 ὅτι
3184 3371 3234 3423 εί
3275 3371 3420 3425 οὓτω
3455 3373 3718 3443 μέλλοιεν

2123 3441 2322 3508 πίνειν,
2373 3443 2608 3509 ἀναξίως
2642 3449 2929 3518 μετέχουσι
2979 3448 3087 3503 τῶν
3140 3441 3552 3524 προκειμένων.
3589 3458 3716 3522 Πῶς

2123 3524 2234 3596 γὰρ
2264 3527 2366 3580 οὐκ
2395 3526 2648 3594 ἀναξίως,
2688 3529 2717 3580 6
2754 3529 3028 3600 περιορῶν
3058 3534 3364 3602 πεινῶντα;
3430 3540 3460 3592 6
3511 3558 3715 3593 καται-

2125 3609 2334 3679 σχύνων
2364 3609 2502 3680 πρὸς
2552 3608 2631 3680 τῷ
2679 3613 2982 3683 περιιδεῖνς
3037 3615 3097 3669 EE
3154 3617 3264 3688 γάρ
3298 3619 3359 3672 τδ
3395 3621 3473 3691 μή
3522 3622 3714 3676 δοῦναι

2123 3691 2351 3762 πένησιν
2381 3691 2634 3777 ἐκϐάλλει
2654 3695 2754 3777 τῆς
2779 3694 3076 3765 βασιλείας,
3106 3700 3211 3752 κᾶν
3242 3702 3514 3774 παρθένος
3611 3724 3710 3770 τις.

2125 3775 2327 3846 μᾶλλον
2375 3775 2433 3859 δέ
2484 3775 2544 3829 τὸ
2599 3777 2678 3859 μή
2728 3776 2965 3848 δαψιλῶς
3010 3781 3225 3836 δοῦναι·
3300 3787 3392 3840 καὶ
3439 3775 3581 3859 7&9“
3621 3793 3712 3842 καὶ

2121 3859 2326 3912 ἐκεῖναι
2382 3858 2559 3940 ἔλαιον
2611 3854 2774 3930 εἶχον,
2831 3862 2966 3915 ἀλλά
3012 3864 3235 3932 δαψιλὲς
3269 3868 3370 3920 οὐκ
3408 3854 3562 3940 εἶχον
3588 3889 3606 3902 ·
3650 3874 3712 3925 τὸ

2124 3941 2218 3994 καὶ
2268 3939 2512 3994 τοσαῦτα
2560 3939 2739 3994 ἀτοπα
2794 3944 3156 4014 ἐργάσασθαι,
3196 3949 3455 4021 ἐννόησον
3513 3953 3710 4024 ἡλίκον

2123 4023 2276 4078 ἔσται
2309 4024 2498 4078 κακόν.

2192 4173 2255 4230 ε’.
2275 4175 2410 4229 Ποῖα
2427 4176 2601 4264 άτοπα
2623 4193 2636 4242 ;
2667 4176 2819 4264 φησί.
2845 4179 2912 4232 Τί
2940 4180 3135 4250 λέγεις,
3169 4189 3296 4239 ποῖα
3315 4187 3530 4256 ἄτοπα;
3559 4194 3705 4264 Τρα-

2120 4256 2295 4344 πέζης
2337 4257 2600 4344 μετέσχες
2627 4260 2900 4344 τοιαύτης,
2931 4265 3025 4317 καὶ
3055 4266 3272 4320 πάντων
3303 4269 3539 4335 ὀφείλων
3568 4256 3705 4344 ἠμε-

2121 4337 2364 4426 ρώτερος
2391 4335 2528 4393 εἶναι
2568 4342 2662 4394 καὶ
2707 4343 2816 4396 τῶν
2849 4346 3098 4413 ἀγγέλων
3124 4350 3259 4412 ίσος,
3296 4351 3516 4407 πάντων

2116 4438 2274 4492 τερος
2302 4421 2534 4491 γέγονας
2551 4439 2564 4453 ⁸
2601 4426 2830 4496 αἵματος
2859 4429 3068 4496 ὲγεύσω
3099 4434 3460 4501 Δεσποτικοῦ,
3485 4440 3585 4492 καὶ
3602 4421 3704 4494 *τὸν

2118 4502 2346 4586 ἀδελφὺν
2376 4505 2498 4558 οὐδέ
2544 4506 2720 4571 οὕτως
2751 4511 3164 4578 ἐπιγινώσκεις’
3201 4517 3296 4569 καὶ
3340 4521 3502 4583 ποίας
3552 4522 3701 4586 ἄξιος

2118 4583 2169 4674 ξῖ
2199 4587 2528 4674 {my—70.59.“
2548 4591 2816 4674 ξμ,Καίτοι
2867 4596 2915 4655 εί
2949 4596 3046 4648 καὶ
3093 4596 3200 4666 πρὸ
3228 4599 3422 4654 τούτου
3451 4583 3692 4674 ἠγνόεις.

2117 4668 2228 4753 ἀπὸ
2255 4669 2356 4738 τῆς
2377 4671 2664 4753 τραπέζης
2701 4674 2871 4740 ,αὐτὸν
2914 4677 3211 4746 ἐπιγνῶναι
3263 4683 3436 4753 ἐχρῆν
3454 4668 3488 4715 ’Ἰ
3505 4668 3617 4739 ’νῦν
3644 4689 3696 4741 δὲ

2117 4751 2213 4805 καὶ
2264 4752 2435 4837 αὐτην
2481 4754 2770 4824 ἀτιμάζεις
2824 4757 2922 4829 τὴν
2969 4751 3422 4830 τράπεζανξτδν
3479 4769 3696 4837 ἐκείνης

2116 4833 2530 4920 καταξιωθέντα
2568 4838 2794 4920 μέτοχον
2819 4837 2959 4894 εἶναι
2984 4841 3096 4896 τῶν
3131 4845 3238 4898 σῶν
3263 4847 3361 4917 οὐχ
3389 4833 3692 4920 ήγούμενος

2117 4915 2269 4980 ἀξιον
2295 4912 2433 4970 εἶναι
2487 4919 2693 4973 σιτίων.
2742 4922 2846 4975 Οὐ)
2887 4924 3125 4994 ήκουσας
3161 4928 3302 4981 πόσα
3327 4912 3550 4984 ἔπάθεί
3572 4935 3602 4984 6
3629 4912 3690 4985 τά

2117 5000 2310 5054 ἑκατὸν
2336 5001 2567 5074 δηνάρια
2596 5003 2836 5057 άπαιτῶι
2867 5021 2882 5071 ;
2934 5007 3051 5071 πῶς
3076 5009 3282 5080 δωρεὰν
3319 5013 3688 5084 ἐξενεχθεῖσιν

2115 5085 2319 5151 ἄκυρον
2366 5087 2652 5155 ἐποίησεν;
2706 5090 2806 5142 οὐκ
2848 5092 3046 5155 ἐννοεῖς
3080 5093 3162 5156 τίς
3204 5094 3281 5147 ὢν
3305 5098 3390 5160 τίς
3421 5100 3685 5166 γέγονας;

2113 5169 2215 5222 οὐκ
2240 5169 2679 5240 ἀναμιμνήσκεις
2707 5172 2921 5236 σαυτὸν,
2952 5174 3035 5227 ὅτι
3087 5174 3277 5230 τούτου
3311 5179 3408 5231 τοῦ
3461 5182 3685 5251 πένητος

2115 5251 2172 5303 ἐν
2201 5252 2447 5334 χρήμασι
2499 5254 2636 5307 πολὺ
2683 5255 3029 5326 πτωχότερος
3074 5252 3141 5328 ἧς
3185 5261 3244 5313 ἐν
3273 5263 3682 5334 κατορθώμασι,

2119 5335 2325 5405 μυρίων
2377 5332 2566 5405 γέμων
2613 5336 3062 5407 ἀμαρτημάτων;
3106 5341 3249 5394 Ἀλλ’
3282 5332 3434 5412 ὅμως
3473 5332 3686 5400 πάντων

2115 5434 2175 5470 σε
2203 5417 2425 5471 ἐκείνων
2462 5417 2775 5488 ἀπήλλαξεν
2797 5423 2824 5473 6
2849 5421 3000 5486 Θεὸς,
3035 5423 3130 5477 καὶ
3163 5427 3448 5498 τραπέζης
3488 5430 3684 5498 ἠξίωσε

2113 5499 2404 5584 τοιαύτης·
2438 5501 2502 5552 σύ
2529 5501 2587 5554 δέ
2629 5503 2748 5557 οὐδὲ
2791 5503 2932 5557 οὕτω
2983 5507 3500 5582 φιλανθρωπότερος
3539 5515 3682 5584 γίνῃ,

2113 5583 2323 5636 Οὐκοῦν
2348 5583 2498 5636 οὐδὲν
2534 5585 2722 5655 ἕτερον
2753 5586 3022 5648 λείπεται.
3054 5589 3088 5658 ἢ
3121 5590 3216 5642 καὶ
3258 5593 3320 5646 τό
3356 5609 3417 5646 σε
3451 5583 3684 5663 ’.ιιεειρςιδο⁸

2114 5664 2273 5735 θῆναι
2317 5669 2429 5729 τοῖς
2488 5665 2859 5736 βασανισταῖς.
2907 5669 3057 5742 [2481
3107 5672 3324 5727 Τούτων
3379 5677 3473 5729 καὶ
3526 5679 3684 5745 ἡμεῖς

2113 5749 2436 5821 ἀκούσωμεν
2461 5750 2572 5803 τῶν
2605 5753 2868 5823 ῥημάτων
2895 5754 3113 5821 πάντες,
3151 5755 3266 5809 ὅσοι
3319 5758 3556 5814 ἐνταῦθα
3587 5757 3685 5833 μὲν
