3826 6216
8 379 97 439 me

8 464 99 516 Ῡῖῖινιε.

8 633 91 687 ἶιῗῒιξ

236 400 299 444 est
319 396 488 451 corpus
518 396 702 442 meum,
729 380 864 450 quod
903 396 996 448 pro
1024 382 1162 436 vobis
1188 382 1441 453 frangitur
1463 398 1481 437 :
1503 382 1598 437 hoc
1634 382 1790 453 facite

234 477 281 531 in
306 489 451 529 nteant
474 471 1015 525 commemorationem.
1037 471 1147 527 Cur
1170 473 1256 527 hic
1278 474 1653 545 mysteriorum
1676 491 1795 529 me—

234 562 403 623 minit?
425 561 556 628 Quia
584 560 740 617 valde
766 563 1130 618 necessarium
1152 572 1267 619 erat
1292 564 1357 619 ad
1383 580 1618 635 praesens
1635 576 1794 636 argu-

231 666 447 714 mentum
468 655 559 708 tali
583 654 656 708 uti
681 665 952 709 sermone.
976 651 1108 709 Nam
1135 655 1391 711 Dominus
1412 665 1564 724 tuus,
1594 658 1786 729 inquit,

227 750 395 807 eadem
423 761 610 803 omnes
632 762 815 802 mensa
840 747 1087 818 dignatus
1113 758 1226 816 est;
1259 752 1358 806 etsi
1387 751 1474 806 illa
1499 751 1787 807 admodum

226 837 479 898 tremenda
506 847 645 903 erat,
675 839 1024 910 omniumque
1047 841 1359 912 dignitatem
1385 843 1543 900 valde
1567 859 1791 915 supera-

224 934 336 987 bat:
359 940 410 985 tu
431 945 558 985 vero
584 930 705 986 illos
730 939 817 986 tua
849 932 1095 1004 indignos
1114 949 1235 989 esse
1255 945 1433 1006 putas,
1458 937 1547 992 illa
1571 937 1785 1008 inquam

224 1038 367 1090 parva
410 1029 463 1076 et
500 1021 624 1087 vili;
666 1030 721 1077 et
758 1037 879 1078 cum
912 1023 965 1079 in
996 1025 1360 1095 spiritualibus
1386 1028 1517 1083 nihil
1544 1029 1662 1098 plus
1692 1030 1787 1084 ha-

220 1117 367 1171 beant
390 1128 546 1183 quam
576 1121 631 1167 tu
652 1153 668 1179 ,
712 1114 766 1168 in
807 1115 1156 1171 sensibilibus
1185 1118 1307 1173 illos
1344 1119 1582 1188 spolias:
1609 1132 1784 1190 neque

216 1206 349 1261 enim
380 1204 493 1258 htcc
534 1213 621 1257 tua
665 1213 812 1259 sunt.
855 1204 960 1262 Sed
1008 1221 1113 1263 non
1144 1206 1249 1262 hoc
1275 1209 1490 1277 quidem
1522 1209 1683 1277 dicit,
1717 1225 1784 1267 ne

213 1299 437 1365 asperior
462 1303 606 1350 esset
628 1310 830 1362 sermo,
851 1297 999 1352 illum
1016 1313 1145 1354 vero
1171 1301 1589 1355 mansuetiorem
1617 1301 1784 1359 efficit

210 1392 415 1445 dicens:
442 1387 693 1455 Quoniam
722 1388 969 1445 Dominus
988 1390 1161 1457 Iesus,
1184 1393 1237 1447 in
1256 1410 1356 1463 qua
1380 1402 1523 1449 nocte
1541 1396 1781 1449 tradeba-

209 1492 312 1546 tur,
348 1480 537 1547 accepit
582 1496 784 1549 panem.
818 1480 886 1535 Et
924 1494 1027 1550 qua
1066 1483 1134 1537 de
1175 1497 1333 1539 causa
1378 1494 1587 1554 tempus
1627 1486 1780 1542 nobis

206 1578 618 1637 commemorat,
663 1580 719 1625 et
765 1586 1046 1641 vesperam
1096 1573 1238 1628 illam
1281 1584 1338 1628 et
1383 1575 1779 1644 proditionem?

205 1663 309 1719 Non
334 1661 457 1717 sine
473 1677 635 1717 causa
660 1671 715 1718 et
741 1664 973 1731 ratione,
992 1664 1089 1720 sed
1119 1675 1174 1719 ιιι
1196 1680 1356 1737 supra
1382 1667 1601 1722 modum
1624 1681 1778 1723 com-

203 1764 447 1826 pungeret
475 1754 636 1809 etiam
667 1771 698 1810 a
727 1766 988 1827 tempore.
1016 1757 1243 1824 Etiamsi
1270 1758 1412 1814 enim
1435 1759 1570 1829 lapis
1590 1761 1660 1816 sit
1678 1761 1779 1815 ali-

198 1847 329 1916 quis,
355 1846 399 1901 si
428 1848 627 1917 cogitet
655 1847 798 1902 illam
820 1857 1055 1915 noctem,
1080 1850 1347 1920 quomodo
1364 1866 1485 1906 cum
1502 1850 1778 1922 discipulis

197 1946 305 1991 erat
333 1936 503 1991 tristis
527 1977 543 2003 ,
575 1938 847 2008 quomodo
878 1940 1107 1996 traditus
1129 1951 1214 1997 est
1238 1983 1255 2009 ,
1288 1945 1558 2013 quomodo
1584 1946 1777 2016 ligatus

195 2036 246 2081 et
284 2027 565 2093 abductus,
611 2031 883 2100 quomodo
925 2031 1195 2102 judicatus
1233 2044 1338 2099 est,
1381 2045 1435 2090 et
1474 2051 1581 2107 quo
1618 2048 1775 2109 pacto

192 2127 377 2173 caetera
404 2120 589 2174 omnia
627 2122 905 2191 sequentia
934 2123 1189 2193 pertulit,
1219 2140 1343 2181 cera
1370 2127 1584 2182 mollior
1607 2128 1776 2185 efﬁci-

192 2219 290 2275 tur,
321 2225 353 2265 a
380 2222 523 2265 terra
549 2210 878 2268 abstrahitur
898 2225 950 2269 et
968 2215 1037 2270 ab
1057 2217 1201 2271 omni
1229 2218 1385 2288 hujus
1405 2219 1589 2275 saeculi
1610 2220 1767 2276 fastu.

189 2302 307 2358 Ideo
331 2305 515 2358 omnia
543 2305 628 2359 illa
654 2306 810 2363 nobis
834 2307 887 2361 in
914 2310 1226 2366 memoriam
1252 2322 1486 2380 revocat,
1512 2329 1609 2384 per
1632 2323 1772 2370 tem-

190 2408 282 2462 pus
319 2403 374 2450 et
400 2410 657 2452 mensam
676 2408 731 2453 et
758 2398 1114 2468 proditionem
1146 2401 1352 2472 pudore
1378 2404 1693 2462 suffundens
1717 2417 1771 2463 et

183 2487 362 2543 dicens
382 2506 393 2541 :
416 2488 680 2547 Dominus
703 2500 823 2548 tuus
846 2493 1081 2563 seipsum
1099 2510 1197 2566 pro
1217 2508 1267 2553 te
1288 2498 1538 2566 tradidit;
1564 2510 1621 2557 tu
1641 2516 1772 2558 vero

182 2577 326 2633 fratri
356 2594 539 2650 neque
565 2581 742 2637 cibum
775 2583 871 2639 das
900 2598 998 2654 pro
1025 2585 1235 2656 teipso?

245 2670 299 2724 4.
327 2669 616 2737 Quomodo
654 2684 835 2731 autem
869 2675 1000 2732 dicit
1036 2693 1097 2733 se
1137 2681 1409 2751 accepisse
1432 2697 1463 2738 a
1496 2683 1769 2743 Domino?

178 2776 349 2832 neque
373 2763 526 2818 enim
557 2774 681 2822 tunc
707 2768 928 2836 aderat,
961 2770 1055 2828 sed
1088 2787 1157 2828 ex
1187 2788 1413 2832 numero
1440 2791 1769 2851 persequen-

178 2854 303 2908 tium
330 2866 471 2910 erat.
506 2857 577 2913 Ut
601 2858 776 2917 discas
803 2862 933 2918 nihil
963 2866 1081 2935 plus
1108 2866 1305 2925 habere
1331 2872 1475 2927 illam
1503 2889 1763 2939 mensam.

174 2961 334 3016 quam
376 2948 471 3003 illa
500 2966 621 3020 qua:
662 2962 843 3022 postea
877 2956 991 3011 fuit.
1024 2957 1156 3013 Nam
1184 2971 1239 3015 et
1268 2961 1427 3018 hodie
1453 2964 1543 3020 ille
1571 2974 1655 3021 est
1675 2969 1764 3038 qui

174 3044 346 3095 omnia
381 3042 554 3097 efﬁcit
583 3053 638 3099 et
678 3047 858 3111 tradit,
905 3058 963 3105 ut
1000 3060 1054 3106 et
1080 3060 1228 3108 tunc.
1260 3054 1374 3110 Non
1414 3056 1537 3113 ideo
1563 3067 1764 3115 tantum

174 3132 313 3187 illam
343 3144 565 3189 noctem
594 3151 1016 3209 commemorat,
1045 3144 1139 3200 sed
1174 3154 1229 3199 et
1269 3156 1325 3201 ut
1348 3147 1455 3203 alio
1486 3149 1644 3206 modo
1670 3168 1767 3209 nos

169 3233 524 3295 compungat.
564 3225 634 3282 Ut
671 3229 814 3283 enim
861 3231 1073 3288 illorum
1106 3238 1337 3292 maxime
1367 3239 1652 3296 verborum
1682 3259 1767 3299 re-

166 3316 459 3373 cordamur
485 3361 503 3385 ,
549 3336 670 3390 qua:
700 3323 881 3377 ultima
926 3326 1173 3384 audimus
1203 3345 1233 3385 a
1261 3330 1677 3403 decedentibus;
1711 3349 1767 3396 et

168 3406 461 3465 heredibus
484 3426 698 3480 eorum,
725 3416 769 3470 si
792 3416 1025 3474 audeant
1049 3420 1259 3477 illorum
1293 3438 1558 3498 praecepta
1592 3438 1766 3488 trans-

163 3498 334 3566 gredi,
361 3509 421 3553 ut
443 3503 655 3571 pudore
675 3504 990 3573 afﬁciamus,
1012 3508 1241 3567 dicimus
1260 3531 1275 3568 :
1293 3515 1535 3588 Cogitate
1555 3530 1761 3590 patrem

164 3601 404 3647 vestrum
437 3594 585 3650 hanc
617 3598 854 3655 ultimam
894 3602 1141 3660 emisisse
1166 3618 1354 3663 vocem
1378 3650 1395 3676 ,
1420 3620 1473 3666 et
1501 3629 1668 3685 usque
1694 3617 1761 3671 ad

159 3682 325 3749 diem,
355 3703 467 3756 qua
496 3691 871 3758 exspiraturus
894 3705 1029 3759 erat.
1060 3698 1177 3754 hmo
1204 3701 1543 3761 mandavisse
1566 3724 1580 3759 :
1603 3709 1682 3764 sic
1708 3721 1763 3767 et

160 3774 357 3832 Paulus
383 3779 521 3836 inde
543 3782 727 3840 volens
749 3784 951 3842 dictum
977 3789 1107 3845 illud
1136 3795 1468 3851 tremendum
1499 3800 1758 3866 reddere,

155 3868 555 3928 Recordamini
580 3914 597 3942 ,
629 3876 837 3947 inquit,
880 3882 1024 3951 quod
1057 3883 1191 3942 hanc
1221 3888 1458 3946 ultimam
1489 3894 1641 3949 vobis
1667 3895 1761 3951 de-

154 3960 295 4017 derit
321 3968 581 4036 mysterii
610 3969 1017 4042 institutionem,
1042 3986 1095 4032 et
1120 3979 1171 4033 in
1198 3980 1310 4050 ipsa
1334 3997 1509 4051 nocte,
1535 4003 1637 4057 qua
1664 4006 1762 4059 pro

154 4056 308 4112 vobis
338 4060 685 4118 occidendus
718 4073 833 4121 erat
858 4108 872 4133 ,
908 4068 1021 4124 hac
1052 4077 1368 4143 prmceperit
1389 4117 1402 4141 ,
1450 4090 1505 4133 et
1546 4056 1760 4140 tradens

154 4147 310 4203 nobis
341 4149 500 4206 illam
533 4167 743 4208 coenam
768 4195 782 4218 ,
832 4167 951 4227 post
982 4160 1125 4215 illam
1159 4179 1265 4219 non
1309 4168 1449 4223 aliud
1481 4171 1755 4242 adjecerit.

151 4238 364 4297 Deia..'c
396 4244 499 4299 illa
534 4262 655 4315 quas
682 4257 809 4304 tunc
832 4249 968 4307 facta
1000 4253 1150 4311 fuere
1181 4269 1362 4313 narrat
1393 4280 1407 4315 :
1438 4238 1641 4334 Accepit
1667 4285 1759 4336 pa.

147 4351 260 4388 nem
280 4377 296 4399 ,
331 4346 385 4391 et
413 4355 545 4392 cum
568 4342 757 4411 gratias
781 4345 958 4415 egisset
980 4386 995 4413 ,
1038 4350 1189 4421 fregit
1223 4361 1272 4405 et
1311 4354 1438 4408 dixit
1461 4372 1480 4410 :
1498 4357 1724 4426 Accipite
1740 4402 1755 4428 ,

142 4426 469 4482 manducate
484 4444 510 4494 ,'
538 4431 633 4485 hoc
660 4443 733 4487 est
754 4449 940 4506 corpus
973 4454 1137 4494 meum
1164 4444 1298 4511 quod
1327 4461 1419 4515 pro
1443 4448 1583 4503 vobis
1608 4426 1756 4521 [rane

141 4518 302 4587 gitur.
338 4518 403 4575 Si
441 4536 581 4591 ergo
609 4534 827 4595 propter
847 4528 1225 4587 eucharistiam
1267 4538 1512 4603 accedis,
1547 4518 1757 4599 tu'nihil

139 4609 513 4668 eucharistia:
556 4613 832 4686 indignum
879 4620 1057 4687 facito,
1104 4640 1278 4695 neque
1324 4628 1528 4697 pudore
1556 4634 1758 4691 afﬁcias

139 4700 370 4758 fratrem
395 4745 415 4771 ,
447 4720 558 4762 nec
586 4710 911 4767 esurientem
941 4714 1236 4786 despicias,
1266 4735 1334 4775 ne
1360 4720 1659 4792 inebrieris,
1691 4742 1758 4784 ne

140 4794 463 4852 Ecclesiam
497 4803 823 4858 contumelia
853 4805 1074 4862 afﬁcias.
1107 4810 1335 4867 Accedis
1367 4815 1564 4883 gratias
1593 4833 1757 4889 agens

137 4902 238 4957 pro
264 4889 337 4943 iis
370 4906 508 4960 quae
539 4895 789 4964 accepisti
820 4910 832 4949 :
858 4912 986 4968 ergo
1011 4909 1064 4954 et
1097 4913 1151 4955 tu
1180 4903 1350 4960 vicem
1375 4909 1630 4977 repende,
1663 4926 1759 4967 ne-

132 4996 241 5051 quc
277 4991 334 5038 te
368 4983 676 5041 abscindas
703 5003 732 5041 a
762 4991 1027 5059 proximo.
1058 4994 1263 5051 Etenim
1293 5000 1539 5058 Christus
1574 5007 1750 5061 omni-

131 5071 235 5127 bus
284 5074 594 5145 aqualiter
633 5078 781 5135 dedit
825 5082 1031 5153 dicens,
1074 5089 1318 5160 Accipite,
1358 5098 1618 5153 comedite.
1662 5102 1755 5158 llle

127 5179 340 5235 corpus
371 5168 673 5238 mqualiter
699 5171 845 5228 dedit
871 5191 886 5241 ;
933 5185 987 5231 tu
1017 5194 1145 5235 vero
1172 5198 1239 5236 ne
1268 5199 1606 5247 communem
1632 5196 1755 5263 qni-

127 5256 255 5311 dem
280 5274 503 5329 panem
532 5264 811 5333 aequaliter
826 5267 956 5323 das?
978 5287 1098 5327 nam
1122 5290 1219 5345 pro
1240 5282 1487 5338 omnibus
1509 5256 1754 5346 similiter

127 5350 374 5407 fractum
410 5361 532 5419 est,
559 5362 612 5409 et
634 5372 701 5411 ex
722 5373 877 5430 aequo
900 5360 998 5419 fuit
1020 5379 1212 5437 corpus
1242 5386 1337 5440 pro
1364 5378 1631 5436 omnibus.
1656 5382 1747 5440 25.

126 5442 399 5500 Similiter
442 5455 501 5500 et
535 5448 771 5518 calicem,
807 5465 1069 5526 postquam
1106 5465 1318 5518 ctzuavit
1340 5507 1356 5531 ,
1407 5470 1577 5526 dicens
1606 5490 1625 5528 .·
1652 5472 1751 5531 llic

123 5538 270 5593 calix
296 5554 509 5594 navum
542 5552 891 5601 testamentunt
915 5558 988 5604 est
1018 5553 1072 5605 in
1099 5571 1207 5608 meo
1237 5562 1481 5630 sanguine
1502 5581 1521 5618 :
1543 5565 1636 5619 hoc
1663 5572 1747 5640 fa-

121 5630 243 5693 cite,
283 5633 724 5704 quotiescumque
747 5636 996 5707 biberitis,
1033 5644 1085 5699 in
1121 5664 1282 5702 meam
1312 5663 1746 5716 commemoratio-

124 5735 261 5781 nem.
293 5724 449 5794 Quid
486 5725 665 5783 dicis?
692 5740 1258 5797 commemorationem
1286 5743 1481 5802 Christi
1511 5749 1657 5827 facis.
1687 5764 1743 5811 ct

478 5840 755 5905 Ruunt.
806 5850 918 5909 Gn.
967 5850 1124 5916 LXI.

1210 263 1275 322 ΙΝ
1315 260 1526 323 EPIST.
1572 262 1589 320 Ι
1655 264 1748 319 ΑΙ)
1786 262 1941 319 COR.
1985 260 2219 323 HOMIL.
2263 268 2475 326 XXVII.

3378 276 3486 338 2'50

1913 395 2179 452 pauperes
2204 384 2435 455 despicis
2454 429 2468 452 ,
2503 404 2601 445 nec
2629 388 3007 450 exliorrcscis?
3049 398 3154 455 Sed
3195 402 3239 455 si
3271 401 3366 459 ﬁlii
3398 415 3496 461 aut

1906 471 2088 528 fratris
2136 481 2331 532 mortui
2378 486 2942 542 commemorationem
2996 488 3200 547 faceres
3229 536 3242 559 ,
3288 510 3319 550 ι
3366 510 3496 551 cnn~

1898 565 2123 621 scientia
2152 574 2464 638 pungereris
2486 614 2501 639 ,
2529 574 2575 629 si
2603 589 2707 630 non
2740 592 2943 635 morem
2975 593 3235 652 sequutus
3262 600 3410 643 esses
3441 596 3496 643 et

1899 671 2164 727 pauperes
2186 664 2489 720 vocavisses
2516 684 2528 721 :
2551 682 2671 723 cum
2697 680 2874 727 autem
2902 673 3110 730 Domini
3142 679 3212 732 tui
3243 694 3491 736 comme-

1897 751 2254 807 morationem
2295 754 2424 810 lacis
2444 798 2459 821 ,
2492 771 2668 829 neque
2710 777 2910 819 mensa:
2937 767 3128 823 saltem
3156 777 3485 830 consortium

1892 839 2013 895 das.
2042 840 2179 909 Quid
2208 858 2335 899 vero
2364 846 2465 902 sibi
2489 850 2597 904 vult
2626 851 2755 907 illud
2782 868 2796 906 :
2825 853 2926 909 Hie
2954 857 3090 912 calix
3118 876 3303 916 notum
3331 873 3490 919 testa-

1891 943 2115 987 mentum
2162 934 2292 991 est?
2336 938 2549 996 Veteris
2602 944 2746 999 enim
2796 950 3102 1005 testamenti
3145 953 3283 1009 calix
3328 967 3485 1014 erant

1890 1023 2145 1082 libamina
2169 1037 2224 1083 et
2249 1033 2467 1102 sanguis
2492 1033 2770 1092 brutorum
2798 1056 2812 1093 :
2837 1049 3120 1112 postquam
3141 1046 3286 1102 enim
3312 1051 3483 1104 sacri-

1890 1115 2197 1184 ﬁcaverant,
2220 1120 2272 1175 in
2299 1122 2464 1179 calice
2491 1132 2546 1180 et
2574 1126 2751 1196 phiala
2774 1132 3089 1202 sanguinem
3121 1138 3478 1209 excipientes,

1887 1208 1969 1263 sic
2018 1210 2277 1268 libabant.
2326 1213 2463 1283 Quia
2515 1218 2678 1288 igitur
2720 1237 2819 1290 pro
2885 1227 3143 1295 sanguine
3195 1208 3480 1289 brutorum

1885 1303 2199 1371 sanguinem
2238 1320 2394 1361 suum
2448 1308 2693 1377 induxit;
2739 1328 2809 1369 ne
2857 1317 2980 1385 quis
3020 1320 3325 1379 turbaretur
3377 1325 3480 1384 hoc

1884 1390 2130 1459 audiens,
2148 1394 2199 1449 in
2215 1398 2528 1454 memoriam
2542 1404 2971 1462 revocavitvetus
2983 1409 3111 1465 illud
3129 1413 3476 1472 sacriﬁcium.
3508 1436 3513 1445 ·

1885 1480 2091 1538 Deinde
2117 1483 2184 1539 de
2208 1501 2361 1543 omna
2386 1490 2472 1546 illa
2500 1491 2773 1563 loquutus,
2796 1501 3082 1566 praesentia
3113 1503 3178 1561 iis
3204 1521 3324 1575 qua:
3349 1518 3480 1564 tunc

1882 1582 2037 1628 erant
2065 1576 2342 1649 conjungit
2366 1597 2379 1634 :
2408 1592 2467 1637 ut
2495 1584 2647 1653 quasi
2678 1587 2731 1641 in
2766 1587 2859 1644 illa
2887 1602 3144 1662 vespera,
3181 1595 3232 1652 in
3260 1598 3480 1655 eodem-

1881 1678 1989 1733 que
2015 1675 2186 1722 strato
2213 1673 2613 1742 recumbentes,
2634 1687 2690 1734 et
2709 1680 2778 1734 ab
2802 1680 2918 1752 ipso
2943 1683 3159 1742 Christo
3182 1688 3286 1745 hoc
3309 1694 3479 1747 sacri-

1885 1755 2064 1811 ﬁcium
2106 1761 2470 1830 accipientes,
2514 1768 2584 1822 ita
2632 1778 2689 1826 et
2738 1788 2881 1828 nunc
2909 1775 3240 1844 afﬁciantur;
3273 1792 3328 1836 et
3356 1783 3474 1840 ait:

1881 1845 1971 1903 26.
2008 1849 2429 1926 Quotiescumque
2456 1860 2592 1913 enim
2629 1864 3000 1922 manducabitis
3029 1885 3211 1937 panem
3241 1873 3397 1942 nunc,
3425 1887 3476 1933 et

1878 1940 2086 1995 calicem
2120 1944 2330 2011 bibatis,
2378 1960 2589 2005 mortem
2634 1952 2846 2009 Domini
2881 1963 3278 2029 annuntiabitis,
3315 1967 3474 2025 donec

1879 2032 2065 2087 veniat.
2094 2033 2244 2091 Sicut
2267 2039 2410 2094 enim
2436 2042 2490 2096 in
2522 2058 2660 2113 pane
2687 2054 2742 2100 et
2767 2047 2820 2101 in
2846 2050 3017 2106 calice
3041 2051 3176 2109 dixit
3201 2055 3468 2130 Christus,

1881 2120 1995 2179 [loc
2018 2126 2173 2195 facile
2209 2129 2263 2185 in
2303 2150 2465 2188 meam
2494 2142 3041 2211 commemorationem,
3074 2162 3287 2204 causam
3316 2152 3471 2209 nobis

1875 2217 2124 2283 aperiens
2145 2219 2254 2275 dati
2280 2220 2545 2294 mysterii,
2571 2237 2769 2285 etcum
2798 2232 2916 2288 aliis
2944 2233 3046 2291 hoc
3073 2237 3232 2293 etiam
3260 2240 3465 2309 dicens,

1881 2306 2049 2376 ipsam
2082 2308 2236 2366 nobis
2264 2316 2396 2370 satis
2421 2331 2541 2374 esse
2572 2319 2636 2374 ad
2666 2321 2878 2391 pietatis
2906 2338 3277 2397 argumentum
3306 2306 3465 2390 :cum

1874 2397 2017 2452 enim
2063 2402 2386 2472 cogitaveris
2429 2408 2557 2479 quid
2600 2410 2856 2470 Dominus
2895 2425 3018 2474 tuus
3060 2420 3130 2476 sit
3178 2437 3467 2495 perpessus

1873 2497 2095 2559 propter
2121 2500 2192 2555 te,
2223 2496 2394 2566 magis
2422 2498 2772 2571 philosophus
2796 2506 2907 2561 eris
2931 2524 2945 2562 :
2969 2509 3047 2564 sic
3071 2521 3125 2566 et
3156 2512 3352 2571 Paulus
3378 2517 3468 2575 hic

1875 2577 1972 2649 ait,
2002 2582 2425 2659 Quotiescumque
2451 2592 2859 2665 manducabitis,
2890 2611 3102 2656 mortem
3127 2605 3238 2675 ejus
3265 2624 3467 2664 annun-

1873 2671 2083 2727 tiabin‘s.
2109 2673 2175 2729 Et
2200 2677 2313 2733 haec
2334 2688 2418 2735 est
2442 2681 2529 2737 illa
2552 2698 2725 2739 cmna.
2749 2686 2951 2746 Deinde
2970 2707 3092 2747 cum
3117 2671 3462 2769 ostendisset,

1872 2764 2015 2831 quod
2058 2780 2225 2836 usque
2266 2768 2332 2823 ad
2374 2777 2890 2835 consummationem
2937 2782 3026 2837 illa
3068 2798 3313 2848 maneat.
3356 2794 3459 2860 ait,

1872 2850 2048 2908 Donec
2073 2859 2256 2912 veniat.
2289 2859 2380 2915 27.
2412 2861 2596 2931 Itaque
2624 2870 2930 2941 quicumque
2957 2877 3339 2938 manducauerit

1872 2960 1988 3002 nem
2010 2947 2146 3003 hunc
2171 2951 2249 3004 vel
2276 2952 2453 3007 biberit
2476 2954 2686 3012 calicem
2713 2958 2919 3017 Domini
2958 2966 3193 3040 indigne,
3223 2990 3338 3029 reus
3364 2947 3461 3031 erit

1868 3039 2097 3109 corporis
2122 3051 2170 3095 et
2199 3045 2462 3116 sanguinis
2490 3046 2718 3105 Domini.
2750 3053 2974 3121 Quare?
3004 3060 3137 3126 Quia
3180 3064 3366 3123 eﬂ'udit
3393 3069 3460 3123 ιι.

1869 3129 2001 3196 lum,
2029 3139 2085 3187 et
2110 3147 2173 3188 ea
2203 3149 2291 3189 res
2318 3140 2696 3197 mactationem
2723 3146 2983 3214 exhibuit,
3017 3167 3122 3208 non
3147 3154 3258 3225 jam
3287 3161 3457 3217 sacri-

1871 3218 2067 3275 ﬁcium.
2104 3221 2173 3278 Ut
2199 3240 2327 3295 ergo
2358 3236 2487 3283 tunc
2523 3231 2613 3300 qui
2645 3235 3057 3310 transﬁxerunt,
3090 3218 3195 3301 non
3229 3257 3285 3303 ut
3309 3250 3460 3309 bibe-

1870 3321 1989 3366 rent
2018 3314 2400 3373 transﬁxerunt
2418 3360 2434 3387 ,
2465 3321 2561 3376 sed
2586 3333 2644 3377 ut
2684 3325 3056 3388 eﬂ'underent:
3083 3335 3153 3392 ita
3182 3340 3341 3396 etiam
3366 3345 3458 3415 qui

1871 3402 2086 3475 indigne
2116 3409 2431 3480 participat,
2460 3424 2515 3468 et
2545 3415 2679 3472 nihil
2703 3418 2831 3476 hinc
2855 3421 3061 3483 fructus
3088 3434 3337 3504 percipit.
3368 3402 3459 3492 θὶ-

1866 3495 1989 3550 den’
2033 3513 2193 3568 quam
2244 3504 2537 3562 terribilem
2584 3524 2892 3571 sermonem
2938 3495 3146 3591 fecerit,
3196 3495 3255 3582 et
3296 3545 3457 3602 quam

1867 3588 2044 3644 valide
2072 3590 2193 3646 illos
2223 3597 2615 3668 perstrinxerit,
2648 3607 2938 3666 ostendens
2969 3588 3184 3682 quodsi
3213 3622 3293 3678 sic
3314 3588 3459 3682 bibi;

1870 3679 1975 3734 turi
2003 3680 2128 3745 sint,
2161 3684 2376 3756 indigne
2402 3690 2510 3745 sint
2537 3698 2931 3764 propositorum
2961 3679 3287 3780 participes?

1872 3770 2033 3825 modo
2056 3773 2200 3828 enim
2232 3791 2337 3832 non
2366 3779 2581 3851 indigne
2605 3787 2695 3855 qui
2722 3770 3451 3880 despicitvesurientemrqul

1865 3859 2216 3931 despiciendo
2242 3870 2449 3939 pudore
2478 3874 2770 3934 snﬁ‘nndit?
2798 3883 2928 3939 Nam
2958 3889 3001 3943 si
3029 3907 3135 3947 non
3164 3859 3455 3970 dare'palu;

1867 3953 2085 4020 peribus
2115 3957 2262 4025 ejicit
2300 3975 2367 4015 ex
2411 3978 2577 4034 regno
2616 3971 2909 4041 caelorum.
2953 3981 3115 4038 etiam
3160 3987 3203 4042 si
3242 3953 3345 4059 qua
3385 3996 3457 4051 sit

1870 4043 2057 4115 virgo;
2091 4046 2200 4102 imo
2224 4051 2386 4105 etiam
2412 4055 2457 4108 si
2486 4072 2595 4112 non
2621 4059 2841 4132 largiter
2860 4066 3047 4136 detur;
3078 4091 3198 4131 nam
3223 4043 3327 4134 illae
3350 4086 3454 4139 vir-

1864 4137 2016 4208 gines
2044 4140 2223 4197 oleum
2267 4142 2577 4221 habebant,
2609 4152 2704 4208 sed
2732 4171 2838 4211 non
2880 4158 3102 4233 largiter
3139 4137 3449 4234 habebant:

1867 4238 1973 4285 tam
2004 4233 2172 4288 multa
2202 4235 2433 4295 absurda
2464 4240 2691 4311 fecisse,
2720 4252 2891 4321 cogita
2923 4268 3181 4324 quantum
3209 4266 3312 4321 erit
3340 4233 3454 4323 mai-

1864 4320 1997 4377 lum.

1934 4413 1987 4468 5.
2025 4414 2156 4481 Qum
2199 4417 2448 4488 absurda,
2494 4424 2697 4495 inquit?
2737 4430 2875 4499 Quid
2919 4435 3089 4505 dicis,
3131 4446 3307 4512 qualia
3347 4451 3449 4505 ab-

1862 4504 2062 4559 surda?
2088 4506 2233 4563 Talis
2260 4525 2459 4567 mensae
2487 4518 2751 4591 particeps
2778 4523 2952 4595 fuisti,
2983 4539 3038 4586 et
3206 4543 3444 4599 omnium

1863 4596 2177 4654 mitissimus
2217 4614 2336 4656 esse
2376 4603 2653 4664 debuisses
2696 4623 2749 4666 et
2790 4630 2889 4684 par
2928 4624 3164 4691 angelis,
3204 4633 3445 4692 omnium

1861 4686 2261 4745 crudelissimus
2297 4692 2516 4753 effectus
2546 4714 2625 4755 es.
2655 4702 2889 4763 Gustasti
2920 4686 3230 4784 sanguinem
3262 4722 3445 4782 Domi-

1863 4779 2041 4834 nicum
2064 4821 2078 4847 ,
2107 4792 2160 4836 et
2188 4799 2363 4855 neque
2391 4788 2607 4846 fratrem
2638 4794 2711 4850 ita
2737 4804 2984 4868 agnoscis
3003 4779 3102 4869 {et
3127 4826 3227 4881 qua
3252 4815 3446 4888 dignus

1860 4883 2015 4925 venia
2060 4871 2265 4929 fueris?
2311 4876 2638 4951 Quamquam
2687 4890 2787 4943 etsi
2838 4904 2995 4950 antea
3048 4871 3364 4974 ignorabas,
3407 4928 3441 4967 a

1860 4975 2046 5016 mensa
2076 4962 2222 5019 illum
2250 4981 2543 5038 agnoscere
2567 4979 2804 5045 oportuit
2835 4998 2848 5035 :
2881 4999 3023 5041 nunc
3059 4962 3238 5049 autem
3269 4962 3436 5067 ipsam

1859 5053 2020 5108 etiam
2048 5070 2286 5113 mensam
2314 5059 2625 5133 dedecoras,
2657 5068 2781 5124 dum
2812 5072 2957 5130 illum
2980 5080 3070 5148 qui
3091 5053 3334 5155 dignatus
3359 5100 3444 5146 cst

1860 5143 2001 5201 illius
2045 5150 2310 5221 particeps
2347 5153 2485 5221 ﬁeri,
2527 5173 2595 5213 ne
2643 5162 2776 5218 cibis
2819 5143 3031 5237 quidem
3076 5143 3181 5233 tuis
3219 5143 3437 5253 dignum

1859 5237 2157 5295 existimas.
2188 5242 2304 5298 Non
2332 5247 2524 5304 audisti
2550 5264 2744 5322 quanta
2768 5274 2954 5327 passus
2982 5274 3066 5321 est
3090 5269 3180 5327 ille
3203 5237 3443 5345 quicen-

1861 5336 1971 5383 tum
1998 5330 2249 5424 denarios
2282 5338 2565 5408 exigebat?
2592 5350 2863 5414 quomodo
2903 5355 3004 5411 sibi
3044 5330 3298 5422 collatum

1860 5434 1984 5472 num
2017 5420 2225 5478 irritum
2255 5425 2473 5484 fecerit?
2501 5448 2606 5489 non
2628 5440 2829 5510 cogitas
2848 5446 2967 5514 quis
2986 5464 3107 5505 cum
3129 5470 3297 5526 esses,
3319 5465 3440 5531 quis

1861 5508 2075 5531 AutA-u—
2118 5511 2141 5531 ⁸
2185 5529 2195 5531 Α
2238 5516 2250 5529 ⁹
2297 5517 2322 5531 ⁸
2688 5528 2701 5531 ⁸

1857 5508 2078 5566 eﬂ'ectus
2116 5511 2322 5571 fueris?
2364 5534 2470 5576 non
2516 5508 2815 5589 recordaris
2954 5538 3057 5596 hoc
3102 5508 3437 5616 in‘p‘eeim‘ii;

1856 5606 2269 5714 paupere'longe
2294 5608 2459 5669 fuisse
2485 5622 2855 5689 pauperiorem
2888 5628 2939 5684 in
2970 5631 3121 5690 bonis
3147 5606 3434 5714 operibus,

1858 5707 1981 5749 cum
2005 5697 2148 5755 mille
2169 5704 2401 5770 peccatis
2432 5707 2621 5776 plenus
2648 5717 2836 5772 esses?
2862 5720 3110 5781 Attamen
3131 5697 3301 5786 abhis

1864 5787 2017 5845 nibus
2058 5800 2108 5849 te
2142 5791 2388 5853 liberavit
2433 5799 2589 5873 Dcus,
2628 5814 2788 5877 teque
2834 5811 2922 5871 tali
2963 5830 3148 5874 mensa
3191 5787 3433 5895 dignatus

3031 5910 3103 5970 15
