3776 6318
337 292 450 352 ⁸151

336 410 462 454 est:
492 407 545 451 tu
592 408 720 451 vero
767 406 835 447 ne
883 390 961 445 sic
1004 390 1221 459 quidem
1274 387 1556 459 benignior
1605 387 1832 441 effectus
1855 402 1935 442 es.

345 491 532 560 Itaque
564 488 693 543 nihil
742 485 889 540 aliud
939 492 1130 550 restat,
1159 498 1323 552 quam
1356 490 1414 535 ut
1442 480 1671 536 tradaris
1717 480 1931 535 tortori-

344 583 472 639 bus.
518 581 642 634 Ilzec
669 580 831 633 verba
857 591 957 630 nos
986 589 1202 644 quoque
1232 587 1423 627 omnes
1452 572 1755 634 audiamus,
1782 580 1940 640 qunt-

349 685 483 747 quot
508 689 631 731 cum
659 670 986 742 pauperibus
1011 668 1077 722 ad
1110 680 1319 721 sacram
1354 665 1492 719 hanc
1524 678 1762 718 mensam
1792 677 1946 717 acce-

350 771 553 825 dimus.
580 766 900 821 Hiueautem
923 760 1151 831 egressi,
1167 773 1235 813 ne
1260 756 1382 811 illos
1404 756 1619 826 quidem
1644 756 1947 825 respexisse

354 863 617 923 videmur,
644 858 737 915 sed
769 867 825 912 et
847 855 983 911 ebrii
1007 868 1195 908 sumus
1218 859 1273 907 et
1300 850 1602 905 esurientes
1628 857 1948 917 praetercur-

354 956 527 1012 rimns
554 967 694 1024 :qna
730 952 798 1006 de
837 964 896 1005 re
933 958 1062 1003 tunc
1098 944 1368 1002 Corinthii
1406 942 1821 998 accusabantur.
1880 940 1949 996 Et

355 1049 720 1120 quandonam,
748 1043 976 1114 inquies,
1009 1041 1112 1095 hoc
1158 1038 1253 1092 fit?
1284 1038 1513 1106 Semper
1540 1035 1780 1105 quidem,
1810 1046 1951 1103 prat-

358 1142 518 1210 cipue
556 1154 687 1193 vero
731 1137 784 1191 in
828 1134 1022 1189 diebus
1067 1131 1239 1197 festis,
1268 1145 1389 1185 eum
1435 1130 1675 1183 maxime
1704 1128 1817 1182 fieri
1844 1141 1950 1181 non

356 1248 657 1313 oporteret.
684 1239 837 1293 Tunc
858 1236 1005 1290 enim
1035 1239 1157 1301 post
1179 1228 1616 1285 communionem
1644 1225 1825 1280 statim
1854 1240 1953 1281 ex-

356 1336 493 1406 cipit
516 1334 752 1389 ebrietas
781 1338 836 1384 et
865 1339 1159 1399 paupemm
1190 1331 1534 1391 contemptus
1560 1329 1646 1375 :et
1672 1327 1955 1390 postquam

358 1426 677 1498 sanguinem
709 1420 982 1490 recepisti,
1011 1433 1134 1473 cum
1177 1415 1370 1488 jejunii
1410 1414 1503 1469 tibi
1554 1422 1764 1483 tempus
1792 1421 1876 1468 est
1902 1419 1960 1468 et

364 1519 703 1583 sobrietatis,
734 1511 1090 1571 debaccharis
1130 1518 1187 1565 et
1235 1507 1577 1563 eomessaris.
1628 1505 1693 1559 Et
1739 1503 1785 1558 si
1831 1501 1956 1573 quid

365 1614 495 1669 boni
524 1608 828 1682 perceperis
856 1606 908 1660 in
934 1602 1184 1675 prandio,
1214 1615 1376 1656 caves
1412 1612 1479 1653 ne
1508 1597 1617 1653 alio
1644 1610 1809 1666 pravo
1838 1593 1961 1650 cibo

366 1706 601 1773 priorem
643 1700 971 1755 labefactes:
1003 1709 1128 1751 cum
1171 1703 1352 1747 autem
1401 1688 1741 1760 spiritualem
1781 1687 1959 1742 cibum

366 1797 661 1867 acceperis,
686 1794 952 1849 satanieas
973 1789 1183 1845 inducis
1206 1786 1449 1844 delicias.
1473 1784 1657 1855 Cogita
1681 1784 1805 1855 quid
1826 1798 1959 1853 apo-

367 1890 493 1945 stoli
522 1887 768 1951 fecerint,
800 1899 923 1941 cum
958 1882 1077 1938 illas
1122 1895 1306 1936 sacras
1339 1878 1711 1947 pereepissent
1738 1889 1959 1930 canas:

367 1998 553 2039 nonne
590 1981 658 2036 ad
699 1978 998 2034 orationem
1044 1972 1502 2031 convertebantnr
1545 1981 1599 2025 et
1628 1969 1694 2024 ad
1738 1968 1965 2043 hymnos

364 2077 764 2139 celebrandos?
796 2090 974 2130 nonne
1009 2072 1078 2127 ad
1126 2085 1276 2128 sacra
1320 2067 1642 2139 pervigilia?
1688 2080 1867 2120 nonne
1897 2062 1965 2118 ad

373 2174 673 2230 doctrinam
705 2172 940 2239 longam,
974 2180 1095 2238 qua:
1123 2179 1314 2235 magna
1366 2164 1517 2233 plena
1565 2172 1680 2217 erat
1729 2160 1968 2231 philoso-

368 2268 537 2337 phia?
574 2280 761 2337 magna
793 2264 993 2335 quippe
1018 2269 1075 2316 et
1103 2258 1370 2314 mirabilia
1402 2266 1528 2309 tunc
1566 2255 1644 2309 illi
1680 2253 1971 2308 enarrabat

366 2371 429 2417 et
459 2358 830 2431 praecipiebat,
858 2352 1181 2409 abscedente
1224 2348 1386 2412 Juda,
1414 2347 1479 2401 ad
1526 2345 1802 2401 vocandos
1847 2346 1970 2401 illos

374 2456 465 2525 qui
494 2455 667 2522 ipsum
698 2449 751 2505 in
783 2462 996 2504 erucem
1044 2444 1216 2500 acturi
1246 2449 1422 2498 erant.
1467 2441 1581 2494 Non
1612 2438 1806 2493 audisti
1836 2453 1971 2509 quo-

372 2545 538 2601 modo
558 2543 647 2597 illa
672 2542 772 2596 tria
798 2539 968 2594 millia
995 2536 1296 2599 hominum,
1323 2534 1411 2601 qui
1436 2530 1831 2585 communionis
1853 2544 1973 2600 par-

377 2637 566 2707 ticipes
613 2641 789 2699 erant,
822 2644 1039 2699 semper
1082 2624 1504 2697 perseverabant
1550 2624 1601 2678 in
1644 2623 1888 2678 oratione
1917 2630 1973 2677 et

374 2732 434 2785 in
461 2727 728 2794 doctrina,
748 2739 852 2779 non
878 2722 933 2776 in
955 2719 1329 2779 ebrietatibus,
1355 2733 1461 2772 non
1491 2716 1545 2770 in
1566 2715 1975 2771 comessationi-

372 2822 516 2879 bus?
542 2822 623 2877 Tu
647 2834 774 2875 vero
794 2826 1078 2887 antequam
1105 2812 1369 2885 percipias
1393 2811 1634 2881 quidem,
1660 2809 1894 2879 jejunas,
1919 2817 1977 2864 ut

379 2913 885 2984 quomodocumque
914 2910 1108 2981 dignus
1158 2907 1542 2961 communione
1590 2902 1851 2967 videaris,
1884 2900 1971 2956 ubi

384 3015 565 3061 autem
591 3002 898 3073 percepisti,
921 3016 1041 3056 enm
1070 3007 1344 3070 oporteret
1366 3005 1417 3053 te
1441 2994 1849 3067 temperantiam
1878 3008 1971 3046 au-

385 3112 533 3169 gere,
559 3095 736 3150 omnia
767 3093 966 3165 perdis.
1000 3093 1157 3161 Atqui
1190 3105 1293 3144 non
1324 3103 1419 3157 par
1446 3102 1535 3143 res
1557 3095 1641 3141 est
1661 3094 1814 3141 antea
1840 3087 1965 3153 jeju.

385 3202 539 3255 nare,
572 3194 627 3242 et
654 3196 837 3257 postea
865 3203 878 3239 :
905 3185 957 3239 in
984 3194 1211 3252 utroque
1239 3182 1381 3236 enim
1409 3187 1652 3247 tempore
1674 3186 1979 3248 temperan-

385 3290 496 3336 tem
527 3294 649 3336 esse
674 3285 909 3348 oportet,
941 3275 1174 3329 maxime
1220 3287 1350 3328 vero
1396 3282 1676 3341 postquam
1722 3284 1977 3336 sponsum

385 3371 645 3441 excepisti
673 3378 860 3422 :antea
905 3366 1117 3434 quidem
1137 3406 1150 3428 ,
1181 3372 1239 3441 ut
1263 3363 1462 3441 dignus
1487 3362 1563 3415 sis
1590 3362 1676 3428 qui
1709 3357 1975 3441 accipias;

385 3437 573 3521 postea
604 3461 754 3513 vero,
781 3459 851 3500 ne
878 3446 1126 3513 indignus
1152 3440 1387 3496 videaris
1426 3438 1494 3493 iis
1533 3450 1654 3507 quae
1692 3437 1968 3506 accepisti.

384 3543 522 3611 Quid
553 3554 703 3611 ergo,
733 3534 1153 3608 jejunandumne
1188 3540 1272 3587 est
1311 3537 1595 3601 postquam
1639 3525 1971 3594 acceperim?

386 3634 503 3691 Non
534 3632 637 3686 hoc
665 3630 822 3695 dico,
854 3640 1027 3695 neque
1067 3632 1120 3679 te
1159 3636 1313 3692 cogo.
1362 3620 1567 3675 Bonum
1608 3616 1823 3686 quidem
1871 3616 1973 3671 hoc

386 3739 599 3798 quoque
622 3729 793 3786 esset;
827 3733 1010 3773 verum
1034 3732 1141 3771 non
1165 3716 1269 3769 vim
1292 3712 1484 3776 infero,
1513 3709 1608 3765 sed
1631 3709 1887 3764 adhortor
1906 3724 1974 3764 ne

392 3829 444 3872 te
460 3813 666 3871 deliciis
688 3811 910 3882 impleas
928 3817 1079 3863 extra
1101 3819 1426 3861 mensuram.
1448 3802 1504 3857 Si
1525 3802 1665 3858 enim
1688 3816 1975 3870 numquam

389 3914 635 3978 oporteat
656 3902 925 3965 deliciari;
949 3898 1053 3953 hoc
1073 3898 1215 3952 enim
1238 3894 1525 3951 declaravit
1554 3893 1751 3948 Paulus
1769 3892 1973 3959 dicens,

395 4000 523 4066 Qum
549 4005 718 4050 autem
737 3994 791 4046 in
810 3991 1003 4046 deliciis
1032 3997 1126 4057 est,
1166 3987 1332 4041 vivens
1374 3995 1573 4040 mortua
1611 3993 1681 4039 est
1722 3983 1796 4053 (1.
1840 3982 1973 4037 Tim.

393 4093 447 4146 5.
480 4090 568 4160 6);
596 4086 766 4142 multo
793 4082 962 4152 magis
989 4091 1115 4136 tunc
1143 4080 1421 4135 morietur.
1456 4076 1515 4133 Si
1558 4086 1736 4133 autem
1770 4076 1978 4131 delieim

393 4194 541 4238 mors
564 4185 689 4235 sunt
716 4174 951 4238 mulieri,
979 4174 1149 4228 multo
1177 4171 1348 4242 magis
1375 4170 1526 4236 viro;
1555 4180 1609 4224 et
1637 4169 1681 4223 si
1706 4168 1812 4223 alio
1840 4178 1978 4223 tem-

394 4287 525 4344 pore
564 4269 770 4325 deliciae
814 4265 1061 4336 perdunt,
1090 4264 1261 4318 multo
1302 4261 1471 4332 magis
1514 4269 1632 4330 post
1672 4267 1979 4329 perceptam

394 4361 775 4435 mysteriorum
830 4355 1283 4411 communionem.
1336 4350 1419 4407 Tu
1459 4359 1639 4406 autem
1683 4355 1819 4419 pane
1855 4349 1980 4404 vitae

394 4461 638 4525 accepto,
670 4465 784 4505 rem
810 4456 982 4503 morte
1005 4446 1218 4516 dignam
1250 4443 1402 4508 facis,
1434 4451 1490 4498 et
1528 4456 1634 4497 non
1674 4439 1979 4495 horrescis?

396 4548 577 4604 nescis
602 4559 758 4616 quam
787 4541 951 4597 multa
978 4538 1117 4593 mala
1141 4552 1207 4593 ex
1230 4534 1437 4591 deliciis
1459 4533 1813 4589 inducantur?
1844 4531 1983 4585 risus

399 4637 807 4709 intempestivus
832 4674 846 4698 ,
890 4631 1159 4686 incondita
1188 4628 1373 4694 verba,
1406 4627 1700 4681 scurrilitas
1728 4623 1984 4695 perniciei

401 4734 581 4803 plena,
619 4744 773 4799 nnga:
812 4725 1028 4781 inutiles
1071 4732 1126 4779 et
1168 4722 1270 4776 alia
1309 4736 1427 4790 quae
1458 4719 1636 4775 nefas
1664 4718 1875 4790 quidem
1906 4727 1988 4773 est

403 4824 607 4877 dicere.
652 4820 716 4873 Et
750 4817 864 4871 haec
902 4816 1034 4870 facis
1076 4821 1357 4884 postquam
1398 4810 1463 4864 ad
1505 4809 1702 4864 Christi
1743 4823 1984 4865 mensam

404 4923 669 4982 exceptus
708 4908 885 4972 fuisti,
928 4906 1022 4961 illo
1048 4904 1136 4959 die
1175 4918 1281 4973 quo
1316 4901 1567 4972 dignatus
1612 4901 1756 4955 fuisti
1799 4915 1989 4956 carnes

405 5005 523 5077 ejus
553 5004 727 5071 lingua
758 5011 991 5069 tangere.
1020 4994 1273 5065 Quisquis
1296 5008 1426 5065 ergo
1454 4991 1548 5058 sis,
1582 5007 1649 5047 ne
1675 4991 1790 5046 haec
1819 4991 1946 5046 tiant
1968 5028 1987 5058 ,

1032 281 1090 335 S.
1134 276 1416 333 JUANMS
1454 273 1937 333 CHRYSOSTOMI
1978 272 2287 331 ARCHIEP.
2329 275 2858 335 CONSTANTINOP.

3507 292 3603 352 232

2042 413 2272 468 expnrga
2303 398 2577 453 dexteram
2606 409 2771 465 tuam,
2797 399 3053 470 linguam,
3084 398 3242 457 lahia.
3274 416 3389 470 qnte
3417 400 3601 471 ingres-

2044 491 2123 544 sui
2148 492 2345 548 Christi
2376 492 2636 545 vestibula
2664 492 2841 556 fuere;
2874 500 2928 546 et
2952 492 3195 561 apposita
3231 507 3412 547 mensa
3438 494 3601 548 sensi-

2044 579 2155 645 bilt,
2186 581 2251 634 ad
2292 582 2436 635 illam
2477 597 2718 636 mensam
2756 591 2992 638 mentem
3019 582 3272 649 intende,
3310 583 3374 637 ad
3417 599 3607 639 cenam

2046 673 2397 740 Dnminicam,
2422 674 2486 728 ad
2508 675 2715 745 vigilias
2737 674 3123 746 discipulorum
3153 676 3239 729 illa
3261 690 3409 731 sacra
3434 686 3607 742 nocte;

2044 764 2154 818 imo
2180 780 2344 829 vero,
2383 765 2427 818 si
2457 766 2577 836 quis
2606 776 2856 821 accurate
2893 767 3306 833 examinaverit,
3346 771 3609 836 prmsemia

2045 870 2152 911 nox
2170 866 2315 912 sunt.
2339 856 2633 926 Vigilemus
2650 873 2779 928 ergo
2796 873 2917 913 cum
2944 859 3187 926 Domino,
3210 875 3611 931 contpungatunr

2044 962 2165 1002 cum
2211 948 2508 1018 discipulis.
2553 948 2779 1004 Precum
2818 960 3028 1020 tempus
3052 961 3170 1015 est,
3200 967 3303 1005 non
3334 952 3611 1017 ebrietatis.

2046 1055 2258 1110 semper
2280 1040 2516 1110 quidem,
2545 1042 2782 1096 maxime
2807 1051 2986 1096 autem
3020 1042 3071 1096 in
3094 1042 3181 1097 die
3210 1041 3366 1097 festo.
3401 1043 3517 1098 Dies
3544 1043 3612 1097 fe-

2046 1141 2161 1185 stus
2184 1132 2327 1187 enim
2358 1132 2478 1187 ideo
2502 1132 2773 1188 institutus
2798 1143 2900 1199 est,
2924 1148 3030 1189 non
3054 1144 3112 1188 ut
3143 1135 3366 1203 turpiter
3390 1150 3614 1205 agamus,

2050 1240 2156 1279 non
2191 1236 2248 1279 ut
2280 1235 2496 1294 peccata
2534 1227 2963 1291 accumulcmns,
3005 1226 3101 1282 sed
3140 1236 3198 1281 ut
3240 1243 3359 1296 qnte
3400 1228 3617 1282 admissa

2052 1316 2200 1372 fuere
2216 1317 2285 1372 de
2305 1317 2481 1373 medio
2501 1318 2767 1373 tollamus.
2802 1317 2870 1374 Et
2888 1319 2999 1373 scio
3013 1317 3224 1389 quidem
3247 1334 3334 1373 me
3352 1318 3402 1371 in
3423 1332 3618 1373 cassum

2056 1408 2173 1464 haec
2196 1409 2377 1464 dicere
2400 1450 2417 1476 ,
2461 1409 2556 1463 sed
2588 1424 2693 1463 non
2723 1409 2883 1464 finem
2913 1409 3126 1464 dicendi
3165 1409 3375 1463 faciant.
3423 1410 3620 1464 Etiamsi

2052 1500 2195 1555 enim
2241 1514 2428 1555 omnes
2474 1515 2581 1556 non
2623 1500 2922 1569 audieritis,
2964 1501 3058 1557 sed
3101 1516 3206 1556 non
3256 1516 3445 1556 omnes
3483 1516 3625 1571 repu-

2051 1594 2308 1665 gnabitis;
2341 1595 2449 1650 imo
2469 1608 2609 1651 vero
2624 1596 2669 1650 si
2700 1612 2888 1652 omnes
2914 1597 3245 1668 repugnetis,
3270 1597 3401 1652 mihi
3428 1597 3622 1667 quidem

2053 1686 2225 1756 major
2254 1702 2483 1755 merces,
2506 1687 2659 1743 vobis
2684 1699 2862 1744 autem
2891 1690 3105 1759 gravius
3129 1688 3413 1760 judicium.
3440 1690 3513 1745 Ne
3543 1692 3625 1759 igi-

2055 1788 2144 1834 tur
2171 1782 2384 1849 gravius
2414 1781 2655 1848 eveniat,
2687 1781 2809 1837 ideo
2835 1782 2993 1836 ﬁnem
3022 1781 3233 1838 dicendi
3265 1798 3374 1837 non
3404 1782 3581 1837 faciam
3611 1801 3622 1835 :

2055 1873 2299 1929 fortassis
2323 1875 2466 1929 enim
2492 1916 2507 1940 ,
2547 1874 2791 1930 fortassis
2813 1891 2878 1930 ex
2911 1875 3174 1947 frequenti
3204 1877 3497 1932 monitione
3522 1891 3628 1931 sco-

2057 1982 2183 2038 pum
2204 1970 2483 2039 attingam.
2510 1968 2636 2025 Ideo
2657 1969 2907 2036 obsecro,
2933 1978 2994 2024 ut
3022 1984 3089 2025 ne
3115 1970 3167 2024 in
3189 1969 3448 2039 judicium
3471 1978 3523 2025 et
3543 1969 3629 2023 da-

2058 2077 2240 2117 mnum
2269 2060 2371 2116 ltoc
2395 2062 2668 2129 faciamus,
2693 2062 2989 2116 nutriamus
3016 2060 3310 2127 Christum,
3332 2071 3514 2131 potum
3543 2062 3629 2129 ipsi

2058 2154 2267 2216 demus,
2293 2152 2575 2207 induamus
2596 2151 2744 2207 ilium
2780 2171 2794 2207 :
2822 2152 2942 2208 haec
2961 2152 3059 2207 illa
3090 2169 3271 2208 mensa
3302 2154 3464 2224 digna
3496 2164 3629 2208 sunt.

2059 2243 2267 2299 Audisti
2305 2257 2488 2298 sacros
2530 2243 2798 2315 hymnos?
2825 2245 3008 2299 vidisti
3056 2246 3265 2315 nuptias
3303 2246 3634 2315 spirituales?

2060 2346 2320 2406 exceptus
2342 2334 2483 2389 fuisti
2507 2334 2573 2389 ad
2597 2349 2835 2390 mensam
2859 2335 3057 2404 regiam
3071 2338 3098 2387 7
3118 2336 3353 2405 repletus
3370 2351 3429 2391 es
3452 2336 3632 2407 Spiritu

2060 2428 2279 2483 sancte?
2310 2428 2506 2482 choros
2547 2426 2704 2497 egisti
2750 2441 2871 2480 cum
2916 2424 3260 2495 Seraphinis?
3299 2428 3479 2481 socius
3506 2426 3634 2479 fuisti

2064 2536 2419 2591 supernarum
2451 2520 2806 2591 potestatum?
2832 2519 2908 2575 Ne
2930 2528 3125 2574 tantam
3149 2520 3390 2574 laetitiam
3410 2520 3633 2590 abjiciag

2065 2630 2133 2669 ne
2158 2613 2403 2669 eﬂ'undas
2428 2613 2743 2668 thesaurum
2764 2654 2779 2678 ,
2812 2627 2879 2667 ne
2910 2612 3130 2667 inducas
3156 2612 3472 2669 ebrietatem
3512 2627 3634 2666 ma:-

2065 2708 2204 2762 rnris
2244 2716 2468 2761 matrem
2490 2748 2505 2771 ,
2534 2706 2733 2761 diaboli
2770 2704 3020 2776 gaudium
3044 2747 3059 2769 ,
3093 2705 3238 2760 mille
3266 2705 3408 2760 mala
3436 2706 3637 2775 parien-

2067 2806 2199 2851 tem.
2229 2796 2365 2851 lline
2388 2795 2530 2851 enim
2558 2805 2637 2852 est
2669 2810 2889 2850 somnus
2914 2795 3071 2850 morti
3098 2796 3307 2858 similis,
3338 2795 3466 2850 hinc
3494 2810 3638 2865 snpe-

2066 2902 2177 2954 res,
2215 2888 2410 2953 morbi,
2443 2886 2673 2953 oblivio,
2703 2887 2893 2941 mortis
2922 2886 3121 2957 imago.
3154 2886 3295 2941 Sane
3324 2890 3454 2942 vino
3482 2888 3643 2957 ingur-

2068 2981 2266 3051 gitatus
2306 2979 2546 3035 nolueris
2585 2993 2705 3032 cum
2754 2980 2927 3033 amico
2965 2979 3252 3049 congredi;
3298 2989 3355 3034 et
3393 2980 3640 3034 Christum

2072 3072 2215 3127 intus
2243 3071 2465 3136 habens,
2492 3084 2675 3141 quieso
2698 3080 2769 3134 te,
2796 3079 2997 3125 tantam
3018 3071 3215 3126 audeas
3240 3071 3463 3141 injicere
3488 3082 3643 3127 temu-

2072 3162 2329 3217 lentiam?
2357 3166 2426 3216 At
2451 3161 2669 3216 delicias
2696 3161 2884 3216 amas?
2914 3162 3055 3232 Ergo
3085 3154 3203 3216 ideo
3224 3163 3471 3218 ebrietati
3500 3162 3640 3216 liuent

2075 3256 2312 3326 impone.
2356 3254 2489 3310 Nam
2531 3270 2633 3324 ego
2676 3263 2727 3309 te
2771 3255 2822 3309 in
2858 3255 3001 3308 veris
3043 3254 3246 3310 deliciis
3282 3258 3486 3311 versari
3515 3256 3641 3319 mlo,

2074 3363 2196 3417 quae
2223 3362 2510 3417 numquam
2544 3356 2894 3401 marcescant.
2926 3345 3179 3414 Qumnam
3207 3362 3335 3416 ergo
3368 3359 3490 3401 sunt
3516 3363 3643 3402 vera:

2076 3440 2303 3504 deliciae,
2342 3455 2461 3511 qute
2502 3454 2717 3509 semper
2753 3438 3018 3498 ﬂoreant?
3055 3439 3137 3494 Ad
3177 3440 3459 3510 prandium
3500 3441 3644 3495 invita

2077 3531 2374 3598 Christum,
2404 3541 2488 3585 tua
2517 3531 2589 3585 illi
2624 3532 2855 3601 imperti,
2884 3532 2968 3586 vel
2998 3532 3172 3601 potius
3199 3547 3292 3586 sua
3323 3551 3335 3586 :
3367 3533 3468 3589 hoc
3494 3534 3644 3588 inter-

2079 3625 2386 3680 minabilem
2412 3624 2571 3679 habet
2598 3633 2654 3679 et
2676 3639 2889 3694 semper
2908 3624 3187 3679 florentem
3207 3625 3554 3696 voluptatem.
3585 3629 3644 3680 At

2080 3731 2186 3770 non
2214 3714 2329 3770 haec
2353 3715 2569 3769 sensilia
2596 3733 2609 3768 :
2634 3716 2811 3769 statim
2836 3716 2978 3769 enim
2999 3730 3120 3769 cum
3149 3730 3447 3785 apparuere
3473 3732 3648 3772 evane—

2081 3816 2273 3871 scunt;
2302 3816 2355 3861 et
2378 3806 2466 3877 qui
2489 3806 2697 3861 deliciis
2717 3821 2935 3875 operam
2957 3806 3125 3873 dedit,
3158 3823 3262 3862 non
3291 3810 3515 3864 meliore
3543 3823 3646 3863 con-

2083 3899 2287 3955 ditione
2311 3899 2433 3963 erit,
2465 3913 2621 3968 quam
2649 3899 2738 3968 qui
2769 3913 2874 3952 non
2900 3898 3179 3954 deliciatus
3205 3908 3314 3965 est;
3350 3901 3458 3956 imo
3484 3902 3647 3971 pejora

2083 3992 2206 4047 erit.
2236 3990 2368 4045 Nam
2402 3990 2497 4045 ille
2524 3989 2737 4061 quidem
2769 3992 2920 4061 quasi
2950 3991 3189 4061 in'portu
3215 3993 3400 4059 sedet;
3429 3994 3511 4048 hic
3536 4009 3646 4047 vero

2084 4097 2184 4137 ceu
2226 4090 2521 4136 torrentem
2567 4082 2852 4151 quemdam
2891 4091 2946 4136 et
2988 4083 3296 4137 morborum
3331 4085 3645 4139 obsidionem

2086 4174 2315 4243 excepit,
2344 4182 2399 4227 et
2424 4188 2490 4227 ne
2514 4172 2651 4228 hanc
2672 4172 2884 4243 quidem
2907 4172 3048 4229 ferre
3067 4183 3246 4245 potest
3272 4183 3644 4247 tempestatem.

2085 4265 2164 4321 Ne
2194 4265 2309 4320 hmc
2336 4266 2514 4335 itaque
2540 4266 2888 4335 contingant,
2920 4264 3343 4322 moderationem
3376 4278 3645 4323 sectemur.

2087 4356 2165 4413 Ita
2209 4358 2351 4413 enim
2392 4368 2447 4412 et
2489 4371 2714 4427 corpore
2753 4357 2891 4412 bene
2919 4358 3233 4427 valebimus,
3258 4368 3314 4414 et
3347 4361 3573 4414 animam
3604 4359 3648 4411 in

2089 4460 2205 4507 tuto
2230 4451 2634 4517 collocabimus,
2662 4459 2718 4505 et
2743 4464 2771 4504 a
2800 4450 3153 4519 praesentibus
3190 4451 3488 4523 futurisque
3514 4450 3650 4508 malis

2090 4549 2470 4603 liberabimur:
2498 4563 2535 4609 7a
2558 4546 2751 4616 quibus
2777 4545 2977 4600 utinam
3020 4560 3211 4601 onmes
3250 4548 3411 4615 eruti,
3451 4562 3648 4617 regnum

2093 4654 2508 4711 consequamur,
2552 4638 2720 4708 gratia
2766 4646 2820 4691 et
2869 4636 3198 4707 benignitate
3246 4638 3456 4693 Domini
3501 4636 3652 4693 nostri

2093 4734 2219 4790 Jesu
2246 4732 2466 4799 Christi,
2490 4733 2705 4802 quicum
2730 4731 2870 4785 Patri
2897 4739 2951 4786 et
2980 4745 3081 4784 una
3113 4730 3331 4800 Spiritui
3358 4742 3538 4787 saneto
3555 4731 3652 4801 glo-

2094 4828 2194 4890 ria,
2224 4825 2527 4895 imperium,
2562 4823 2753 4890 honor,
2784 4837 2928 4877 nunc
2954 4830 3009 4877 et
3037 4837 3250 4892 semper
3272 4863 3288 4891 ,
3319 4830 3373 4877 et
3403 4823 3454 4877 in
3482 4819 3651 4877 sa'cula

2096 4918 2438 4975 saeculorum.
2460 4918 2653 4972 Amen.

420 5110 3654 5159 _____________________.________________________——-

1726 5202 2073 5265 HOMILIA
2114 5200 2413 5263 XXVIII.

414 5365 507 5421 28.
538 5359 723 5417 Probet
744 5365 913 5410 autem
935 5359 1154 5420 seipsum
1182 5351 1353 5415 homo,
1373 5359 1422 5404 et
1447 5351 1518 5404 sic
1538 5350 1601 5404 de
1620 5364 1750 5420 pane
1769 5349 1862 5403 illo
1883 5348 1997 5401 edat

966 5456 1013 5500 et
1040 5444 1103 5499 de
1120 5443 1275 5498 calice
1301 5444 1451 5497 bibat.

494 5549 546 5603 1.
576 5543 712 5616 Quid
750 5542 850 5596 sibi
880 5538 1064 5594 volunt
1093 5536 1208 5589 hazc
1239 5534 1420 5597 verba,
1447 5547 1567 5586 cum
1607 5532 1751 5587 aliud
1790 5533 1859 5587 sit
1897 5532 1999 5587 hoc

423 5637 750 5712 propositum
777 5624 1187 5704 argumentum?
1214 5623 1312 5680 llic
1341 5636 1455 5677 mos
1485 5631 1569 5677 est
1597 5622 1779 5687 Paulo,
1814 5632 1870 5676 ut
1891 5623 1999 5690 jam

428 5732 575 5803 prius
603 5727 735 5797 dixi,
760 5743 864 5782 non
888 5723 1061 5781 solum
1091 5719 1181 5776 illa
1209 5724 1434 5775 tractare
1453 5729 1574 5785 quzc
1602 5714 1701 5770 sibi
1734 5714 2001 5786 proposita

2106 5354 2251 5410 sunt,
2275 5342 2370 5398 sed
2401 5343 2445 5397 si
2467 5340 2591 5412 quid
2613 5339 2755 5395 aliud
2777 5338 2891 5394 hmc
2913 5339 3159 5395 tractanti
3183 5336 3450 5402 inciderit,
3477 5334 3523 5390 id
3543 5346 3657 5403 quo.

2104 5454 2211 5509 que
2243 5452 2435 5507 magno
2465 5433 2642 5490 studio
2672 5434 2913 5504 persequi
2944 5453 2959 5502 ;
2987 5433 3221 5489 maxime
3254 5445 3375 5485 cum
3416 5428 3482 5482 de
3519 5425 3657 5481 rebus

2106 5528 2395 5584 admodum
2432 5526 2747 5580 necessariis
2788 5533 2845 5578 et
2885 5521 3196 5592 urgentibus
3225 5522 3417 5591 agitur.
3465 5517 3656 5575 Etenim

2106 5636 2229 5676 cum
2257 5620 2323 5673 de
2350 5619 2412 5674 iis
2436 5617 2522 5687 qni
2557 5616 2767 5686 nuptias
2792 5622 3110 5668 contraxere
3137 5623 3387 5684 ageretur
3406 5653 3421 5675 ,
3463 5619 3515 5665 et
3541 5606 3657 5661 inci-

2110 5711 2190 5767 dit
2229 5710 2283 5765 in
2323 5722 2628 5765 sermonem
2669 5706 2739 5764 de
2779 5704 2971 5771 servis,
2997 5702 3207 5761 fortiter
3241 5715 3296 5761 et
3329 5702 3504 5760 multis
3541 5697 3662 5754 hanc
