3776 6362
138 388 209 444 231
1087 373 1156 433 IN
1191 374 1414 433 EPIST.
1454 376 1475 431 l
1510 377 1603 431 AD
1640 376 1800 434 COR.
1833 376 2073 435 IIOMIL.
2109 377 2349 433 XXVIII.

134 497 350 572 μετὰτῶν
375 494 611 565 πενήτων
656 491 1082 565 προσερχόμεθα
1114 495 1180 564 τῇ
1217 493 1341 565 ίερᾲ
1389 492 1636 565 τραπέζῃ

133 590 283 660 ταύτῃο
312 586 602 652 ἐξελθόντες
637 585 694 638 δὲ
732 584 857 649 ἔξω,
889 583 1011 638 οὑδέ
1042 584 1349 654 ἑωρακέναι
1372 582 1638 653 δοκοῦμεν

126 684 297 745 αὐτοὺς,
319 679 444 733 ἀλλά
479 678 573 731 καὶ
604 675 881 747 μεθύομεν
915 675 1010 729 καὶ
1034 674 1340 738 πεινῶντας
1367 674 1639 745 παρατρέ-

125 788 268 845 χομεν·
293 770 324 824 ἃ
348 770 435 822 καὶ
472 766 749 838 Κορίνθιοι
776 766 899 819 τότε
942 764 1333 831 ἐνεκαλοῦντο;
1369 765 1481 818 Καὶ
1505 764 1636 816 πότε

124 860 243 914 τοῦτο
266 860 486 927 γίνεται;
522 858 710 928 φησίν.
752 855 865 909 Ἀεὶ
920 856 1042 926 μὲν,
1080 855 1318 926 μάλιστα
1338 854 1394 907 δὲ
1428 854 1489 906 ἐν
1514 857 1637 916 ταῖς

123 953 305 1020 ἑορταῖς,
329 950 408 1002 ὅτε
439 949 676 1019 μάλιστα
705 946 954 1016 γίνεσθαι
996 947 1098 999 οὐκ
1137 946 1329 1016 ἐχρῆν.
1380 946 1489 998 Καὶ
1524 943 1636 1015 γὰρ

121 1047 207 1097 τότε
247 1044 367 1114 μετὰ
407 1043 504 1113 τὴν
550 1041 843 1095 κοινωνίαν
878 1039 1085 1104 εὐθέως
1137 1038 1277 1110 μέθη
1306 1038 1633 1109 διαδέχεται,

121 1141 189 1189 καὶ
210 1138 421 1206 πενήτων
445 1133 716 1205 ὑπεροψία
740 1147 756 1161 ο
785 1132 882 1185 καὶ
908 1130 1003 1184 τοῦ
1026 1130 1260 1201 αἵματος
1289 1127 1630 1201 μεταλαϐὼν,

118 1231 183 1280 ὅτε
206 1229 425 1297 νηστείας
472 1243 556 1279 σοι
604 1225 797 1296 καιρὸς
827 1224 923 1277 καὶ
946 1224 1185 1295 νήψεως,
1233 1225 1514 1293 παροινεῖς
1540 1223 1636 1275 καὶ

121 1318 362 1387 κωμάζεις.
397 1318 512 1372 Κᾶν
565 1318 668 1387 μέν
696 1333 750 1369 τι
797 1314 1035 1389 χρηστὸν
1086 1313 1255 1385 τύχῃς
1294 1312 1632 1386 ήριστηκὼς,

118 1412 353 1478 φυλάττεις
376 1410 589 1474 σαυτὸν,
616 1408 759 1463 ὥστε
796 1407 872 1479 μὴ
907 1407 1082 1479 ἐτέρῳ
1119 1408 1379 1477 ἐδέσματι
1410 1406 1634 1478 πονηρῷ

116 1502 397 1573 λυμήνασθαι
443 1502 506 1555 τὸ
540 1502 828 1572 πρότερον
865 1499 1085 1570 πνεῦμα
1110 1499 1168 1552 δὲ
1214 1497 1506 1563 ἑστιαθεὶς,
1535 1516 1631 1552 σα-

112 1597 289 1667 τανικήν
312 1596 623 1663 ἑπεισάγεις
669 1594 901 1666 τρυφήν.
935 1592 1245 1662 Ἐννόησον,
1277 1592 1367 1645 ὅτε
1400 1591 1631 1663 μετέλα-

112 1689 181 1740 ϐον
219 1690 260 1741 οἱ
305 1686 587 1741 ἀπόστολοι
629 1687 741 1739 τῶν
790 1686 953 1759 ίερῶν
1005 1685 1243 1738 δείπνων
1298 1683 1546 1747 ἐκείνων,
1580 1682 1633 1735 τί

111 1780 346 1852 ἐποίησαν·
379 1780 500 1850 οὐχὶ
532 1780 616 1842 είς
649 1778 816 1849 εὐχὰς
849 1778 1169 1848 ἐτράπησαν
1195 1775 1292 1828 καὶ
1325 1773 1630 1846 ύμνῳδίας;

110 1874 197 1941 οόχὶ
223 1875 291 1935 είς
312 1871 637 1942 παννυχίδας
671 1871 856 1941 Epig;
892 1868 1012 1939 οὐχ).
1037 1870 1118 1931 εἰς
1150 1864 1505 1923 διδασκαλίαν
1531 1866 1632 1935 τὴν

108 1963 281 2035 μακράν
325 1964 542 2035 ἐκείνην
574 1962 670 2015 καὶ
716 1962 917 2032 πολλῆς
962 1962 1241 2032 γέμουσαν
1275 1959 1630 2031 φιλοσοφίας;

108 2059 156 2109 τὰ
175 2056 266 2127 γὰρ
297 2056 504 2127 μεγάλα
551 2056 648 2109 καὶ
689 2054 973 2125 παράδοξα
1008 2054 1131 2107 τότε
1180 2054 1366 2117 αὐτοῖς
1390 2052 1635 2123 διηγεῖτο

106 2149 175 2204 ισὶ
222 2148 611 2224 παρήγγελλεν,
669 2148 1004 2211 ἀπελθόντος
1058 2145 1153 2200 τοῦ
1194 2145 1370 2200 ’ἰούδα
1403 2144 1632 2198 καλέσαι

104 2244 196 2307 τοὺς
241 2243 521 2312 μέλλοντας
554 2240 717 2294 αὑτὸν
767 2238 1060 2311 σταυροῦν.
1091 2239 1205 2293 Οὐκ
1240 2239 1480 2310 ἡκούσας
1514 2237 1634 2301 πῶς

103 2336 172 2389 καὶ
192 2335 235 2390 οί
260 2336 540 2408 τρισχίλιοι
570 2336 621 2388 οί
653 2335 754 2406 τῆς
782 2335 1069 2397 κοινωνίας
1100 2332 1469 2397 ἀπολαύοντες
1517 2331 1635 2386 δια-

103 2430 258 2493 raw-b4
285 2425 418 2499 ἦσαν
445 2426 994 2499 προσκαρτεροῦντες
1024 2428 1093 2497 τῇ
1128 2426 1408 2496 προσευχῇ
1441 2424 1539 2478 καὶ
1564 2426 1631 2496 τῇ

101 2521 383 2592 διδασκαλίᾳ,
406 2522 467 2575 οὒ
498 2520 696 2592 μέθαις
729 2520 822 2573 καὶ
852 2518 1093 2588 κώμοις;
1132 2518 1204 2571 Σὺ
1227 2516 1286 2570 δέ
1312 2517 1442 2587 πρὶν
1466 2516 1499 2588 ἢ
1532 2515 1633 2588 μὲν

102 2615 373 2683 μεταλαϐεῖν
396 2614 707 2686 νηστεύεις,
743 2614 832 2667 ἵνα
864 2612 1221 2683 ὁπωσδήποτε
1254 2610 1404 2677 ἄξιος
1457 2612 1635 2681 φανῇς

99 2706 172 2777 τῆς
191 2705 477 2771 κοινωνίας*
515 2708 648 2760 ὅταν
675 2706 732 2758 δέ
764 2703 1100 2775 μεταλάϐης,
1135 2703 1252 2756 δέον
1280 2719 1339 2755 σε
1367 2704 1633 2756 ἐπιτεῖναι

98 2800 169 2867 τήν
198 2798 559 2870 σωφροσύνην,
614 2797 793 2850 πάντα
835 2795 1143 2859 ἀπολλύεις.
1192 2794 1386 2848 Καίτοι
1428 2809 1493 2862 γε
1531 2792 1634 2847 ούκ

100 2890 211 2943 ἔστιν
237 2892 339 2944 ίσον
368 2891 474 2965 πρὸ
520 2889 717 2944 τούτου
764 2890 981 2960 νήφειν,
1011 2888 1106 2942 καὶ
1136 2887 1280 2959 μετὰ
1311 2885 1485 2939 ταῦτα
1505 2902 1520 2917 ο
1554 2887 1635 2940 δεῖ

100 2984 174 3051 μὲν
196 2985 289 3055 γὰρ
320 2986 375 3039 ἐν
403 2983 659 3054 ἐκατέρῳ
693 2983 1016 3053 σωφρονεῖν,
1050 2980 1287 3049 μάλιστα
1314 2978 1372 3031 δέ
1402 2977 1542 3048 μετὰ
1572 2975 1635 3029 τὸ

98 3071 305 3139 δέξασθαι
346 3075 432 3130 τὸν
465 3074 736 3144 νυμφίον’
796 3072 905 3145 πρὸ
948 3071 1138 3125 τούτου
1184 3070 1307 3140 μὲν,
1356 3070 1443 3123 ἶνα
1484 3067 1634 3133 ἄξιος

97 3168 196 3243 γένη
243 3168 330 3222 τοῦ
368 3168 582 3234 λαϐεῖν,
636 3165 777 3238 μετά
818 3166 876 3219 δὲ
910 3164 1105 3227 ταῦτα,
1159 3164 1247 3217 ἶνα
1291 3161 1368 3233 μὴ
1413 3161 1636 3226 ἀνάξιος

99 3263 233 3331 φανῇς
255 3256 323 3315 ὧν
346 3260 565 3325 ἔλαϐες.
596 3259 662 3312 Τί
704 3255 820 3322 οὖν,
851 3256 1135 3329 νηστεύειν
1160 3256 1242 3308 δεῖ
1284 3254 1423 3325 μετὰ
1446 3253 1638 3322 τὸιλα-

96 3356 210 3420 ϐεἰνς
234 3356 302 3408 Οὐ
332 3354 476 3423 λέγω
512 3350 696 3415 τοῦτο,
727 3350 849 3403 οὐδὲ
873 3348 1298 3417 καταναγκάζω.
1329 3346 1509 3400 Καλὸν
1535 3345 1638 3416 μὲν

97 3450 177 3519 γὰρ
199 3450 280 3501 καὶ
304 3448 461 3502 τοῦτο
483 3462 499 3477 ⁸
558 3444 699 3516 πλὴν
724 3443 786 3497 ού
822 3442 1082 3513 βιάζομαι
1110 3440 1292 3505 τοῦτο,
1326 3440 1464 3494 ἀλλὰ
1495 3457 1639 3510 παρ-

96 3542 197 3594 αινῶ
224 3541 290 3613 μὴ
311 3542 523 3613 τρυφᾷν
556 3541 636 3601 εἰς
666 3536 995 3605 ἀπληστίαν·
1017 3535 1080 3587 Εἰ
1107 3534 1217 3606 γὰρ
1246 3534 1500 3587 οὐδέποτε
1532 3531 1639 3603 Χρὴ

96 3635 283 3703 τροφᾷν,
311 3635 403 3686 καὶ
434 3632 600 3685 τοῦτο
628 3632 657 3683 ὁ
689 3628 903 3691 Παῦλος
934 3625 1206 3697 ἐδήλωσεν
1238 3624 1432 3685 εἰπὼν,
1458 3622 1540 3674 ὅτι
1579 3620 1640 3676 Ἠ

95 3722 145 3776 δὲ
170 3724 523 3780 σπαταλῶσα
561 3722 719 3783 ζῶσα
757 3719 1032 3789 τέθνηκε,
1071 3717 1253 3787 πολλῷ
1293 3715 1494 3788 μᾶλλον
1515 3715 1637 3769 τότε

95 3817 383 3889 τεθνήξεται.
428 3820 495 3872 El
532 3816 593 3870 δὲ
621 3815 848 3885 γυναικὶ
882 3814 917 3885 ὴ
961 3813 1145 3883 τρυφή
1176 3810 1427 3874 θάνατος,
1460 3806 1640 3878 πολλῷ

96 3910 255 3978 μᾶλλον
280 3912 465 3984 ἀνδρίο
498 3911 601 3964 καὶ
635 3908 685 3961 εί
718 3910 776 3961 ἐν
824 3906 971 3977 ἄλλῳ
1000 3904 1181 3976 καιρῷ
1221 3903 1383 3957 τοῦτο
1414 3902 1640 3972 γινόμε-

96 4018 163 4053 νον
184 4003 452 4069 ἀπόλλυσι,
507 4000 694 4071 πολλῷ
726 3998 927 4071 μᾶλλον
969 3996 1109 4068 μετὰ
1148 3998 1248 4067 τὴν
1280 3996 1389 4050 τῶν
1426 4012 1639 4066 μυστη-

98 4096 198 4164 ρίων
223 4096 522 4151 κοινωνίαν.
556 4094 632 4146 Σὺ
680 4091 737 4144 δὲ
774 4090 937 4159 ἄρτον
964 4088 1112 4161 ζωῆς
1160 4088 1362 4156 λαϐὼν»
1405 4091 1644 4160 πρᾶγμα

98 4187 280 4242 θανάτου
306 4190 502 4253 ποιεῖς,
544 4184 644 4239 καὶ
670 4184 733 4236 οὐ
758 4183 1004 4254 φρίττεις
1026 4197 1041 4242 ;
1088 4181 1187 4233 οὐκ
1214 4175 1371 4234 οἶσθα
1405 4181 1506 4233 ὅσα
1534 4180 1644 4234 ἀπὸ

94 4282 259 4353 τρυφῆς
303 4281 694 4353 ἐπεισέρχεται
727 4276 874 4330 κακά
895 4292 910 4341 ;
934 4274 1109 4342 γέλως
1133 4276 1382 4345 ἄκαιρος,
1420 4275 1641 4345 ῥήματα

96 4374 276 4441 ἄτακτα,
310 4372 653 4447 εὐτραπελία
684 4369 906 4441 ὀλέθρου
951 4368 1220 4439 γέμουσα,
1270 4366 1508 4438 φλυαρία
1542 4368 1637 4421 ἀν-

94 4465 258 4535 όνητος,
288 4468 353 4521 τά
393 4466 536 4522 ἄλλα
588 4463 625 4517 ἃ.
680 4461 813 4533 μηδέ
866 4462 1041 4514 εἰπεῖν
1083 4460 1265 4514 καλόν.
1312 4461 1421 4513 Καὶ
1459 4459 1635 4515 ταῦτα

96 4556 225 4623 mai;
250 4561 527 4631 τραπέζης
564 4556 879 4621 ἀπολαύσας
902 4554 1163 4627 Χριστοῦ,
1196 4553 1339 4608 κατὰ
1363 4554 1461 4625 τὴν
1491 4554 1630 4626 ἡμέ-

95 4664 169 4717 ραν
185 4650 401 4724 ἐκείνην,
430 4650 561 4705 καθ’
592 4651 659 4721 ἢν
686 4647 928 4719 ἅψασθαι
956 4646 1045 4701 διὰ
1091 4645 1337 4717 γλώττης
1365 4647 1474 4699 τῶν
1503 4662 1635 4717 σαρ-

97 4740 179 4793 κῶν
208 4744 357 4796 αὑτοῦ
390 4740 768 4813 κατηξιώθης.
817 4741 934 4805 Πᾶς
962 4735 1076 4804 οὖν,
1108 4739 1196 4793 ἵνα
1231 4738 1407 4792 ταῦτα
1450 4738 1525 4809 μὴ
1549 4738 1635 4807 γί-

94 4848 231 4903 νηται,
263 4836 565 4906 καθάγνιζέ
608 4851 704 4888 σου
738 4834 839 4906 τὴν
871 4834 1073 4899 δεξιὰν,
1104 4832 1204 4904 τὴν
1244 4831 1513 4901 γλῶτταν,
1565 4831 1636 4884 τὰ

94 4927 232 4998 χείλη,
259 4932 397 5003 ειπερ
423 4930 652 5001 ἐγένετο
690 4928 940 5000 πρόθυρα
970 4930 1038 4999 τῇ
1085 4925 1337 4980 ἐπιϐάσει
1376 4924 1469 4979 τοῦ
1505 4926 1636 4996 Χρι-

97 5014 224 5069 στοῦο
251 5023 338 5075 καὶ
362 5022 652 5091 τράπεζαν
688 5021 958 5088 παραθεὶς
991 5017 1447 5092 αἰσθητὴνλπρδς
1486 5018 1635 5072 ἐκεί-

3213 377 3322 439 262

1749 508 1847 561 νην
1870 492 1970 563 τὴν
1995 491 2275 563 τράπεζαν
2300 490 2391 544 τὸν
2416 488 2541 543 νοῦν
2590 489 2890 555 ἀνάτεινον,
2928 490 3066 563 πρὸς
3114 492 3175 546 τὸ
3214 494 3321 548 δεῖ-

1746 600 1878 636 πνον
1904 584 1964 636 τὸ
1982 581 2279 653 Κυριακδν,
2306 581 2442 652 πρὸς
2471 582 2571 651 τὴν
2589 580 2898 651 ἀγρυπνίαν
2925 582 3036 635 τῶν
3067 582 3329 653 μαθητῶν

1743 673 1842 744 τὴν
1872 673 2015 726 κατά
2041 673 2139 743 τὴν
2165 672 2338 726 νύκτα
2367 671 2584 741 ἐκείνην
2605 670 2701 742 τὴν
2723 670 2871 743 [249]
2907 672 3086 743 ίεράνο
3125 674 3324 743 μᾶλλον

1742 765 1824 826 δὲ,
1857 766 1910 818 εῐ
1945 784 2030 829 τις
2064 765 2308 836 ἀκριϐῶς
2357 764 2657 829 ἐξετάσειε,
2685 764 2779 817 καὶ
2812 764 2880 818 τὰ
2922 763 3168 835 παρόντα
3204 765 3322 831 νύξ.

1743 857 2116 929 Γρηγορῶμεν
2154 858 2336 910 τοίνυν
2380 855 2519 928 μετά
2546 856 2643 908 τοῦ
2677 856 2973 921 Δεσπότου,
3007 858 3323 926 κατανυγῶ-

1747 966 1847 1019 μεν
1874 949 2015 1019 μετὰ
2035 948 2146 1003 τῶν
2174 949 2454 1020 μαθητῶν.
2492 948 2686 1019 Εύχῶν
2715 950 2744 1001 δ
2776 948 2992 1020 καιρὸς,
3021 949 3081 1002 οὐ
3130 949 3326 1021 μέθης,

1742 1041 1831 1094 ἀεὶ
1859 1042 1977 1112 μὲν,
2026 1041 2262 1113 μάλιστα
2284 1041 2344 1095 δὲ
2370 1042 2429 1095 ἐν
2454 1042 2636 1113 ἐορτῇ.
2663 1040 2860 1112 Ἐορτὴ
2903 1041 3014 1113 γὰρ
3036 1040 3128 1095 διὰ
3167 1040 3327 1095 τοῦτο

1742 1133 1975 1202 γίνεται,
2014 1135 2113 1205 οὑχ
2138 1134 2226 1187 ἵνα
2252 1132 2678 1206 ἀσχημονῶμεν,
2707 1134 2807 1203 οὐχ
2836 1133 2926 1187 ἵνα
2948 1134 3327 1205 ἁμαρτήματα

1745 1225 2088 1295 συνάγωμεν,
2121 1224 2237 1277 ἀλλ’
2255 1224 2344 1278 ’ίνα
2371 1224 2467 1277 καὶ
2494 1223 2564 1276 τά
2594 1222 2724 1276 ὄντα
2752 1223 3051 1294 ἀνέλωμεν.
3076 1224 3186 1277 Καὶ
3205 1219 3325 1278 οἶδα

1744 1317 1844 1388 μὲν
1870 1318 1952 1370 ὅτι
1984 1317 2106 1386 είκῆ
2138 1315 2310 1370 ταῦτα
2352 1315 2519 1385 λέγω,
2567 1316 2684 1370 ἀλλ’
2718 1317 2778 1370 οὑ
2815 1316 3096 1387 παύσομαι
3124 1316 3323 1385 λέγων.

1742 1408 1862 1461 Κάν
1885 1408 1994 1477 γὰρ
2044 1406 2117 1479 μὴ
2152 1407 2351 1471 πάντες
2380 1406 2752 1477 ύπακούσητε,
2797 1406 2912 1461 ἀλλ’
2952 1405 3074 1459 οὐδὲ
3119 1406 3324 1467 πάντες

1741 1498 2177 1569 παρακούσεσθε,
2209 1499 2408 1571 μᾶλλον
2433 1499 2509 1561 δὲ,
2548 1499 2651 1553 κᾶν
2677 1499 2880 1563 πάντες
2912 1499 3324 1571 παρακούσητε,

1741 1589 1869 1658 ἐμοὶ⁸
1896 1589 1994 1659 μὲν
2020 1587 2221 1660 μείζων
2263 1591 2292 1643 ὁ
2324 1588 2541 1660 μισθὸς,
2567 1590 2697 1657 ὑμῖν
2740 1589 2796 1642 δὲ
2831 1589 2994 1643 πλέον
3021 1588 3083 1643 τὸ
3125 1593 3324 1662 κρῖμα.

1744 1678 1841 1734 Ἵν’
1867 1677 1961 1735 οὖν
1997 1680 2073 1753 μὴ
2104 1681 2330 1753 γένηται
2373 1682 2558 1744 πλέον,
2604 1681 2694 1735 διὰ
2733 1681 2891 1735 τοῦτο
2931 1684 2991 1735 οὐ
3040 1684 3326 1753 παύσομαι

1740 1773 1914 1844 λέγων
1934 1792 1949 1805 ⁸
1992 1774 2119 1839 ῐσως
2144 1776 2274 1847 γὰρ,
2312 1777 2443 1840 ἴσως
2470 1778 2538 1847 τῇ
2563 1776 2818 1847 συνεχείᾳ
2843 1775 3183 1847 καθάψομαι.
3234 1779 3328 1830 Διὸ

1737 1867 2063 1938 παρακαλῶ,
2089 1868 2177 1921 ἵνα
2212 1867 2287 1939 μὴ
2319 1869 2398 1930 είς
2423 1871 2600 1938 κρῖμα
2626 1867 2786 1920 τοῦτο
2822 1867 3087 1938 ποιῶμεν,
3120 1867 3331 1939 θρέψων

1739 1975 1839 2029 μεν
1868 1962 1958 2013 τὸν
1989 1960 2255 2031 Χριστὸν,
2285 1959 2621 2030 ποτίσωμεν,
2657 1957 2964 2035 ἐνδύσωμεν
2984 1973 2998 1988 '
3029 1958 3203 2013 ταῦτα
3226 1961 3330 2029 τῆς

1734 2051 2018 2124 τραπέζης
2075 2052 2295 2124 ἐκείνης
2351 2050 2499 2117 ἄξια.
2549 2051 2829 2115 Ἤκουσας
2888 2049 3074 2121 ὓμνων
3132 2051 3327 2122 ίερῶν;

1734 2138 1875 2210 εἶδες
1898 2145 2075 2215 γάμον
2110 2142 2510 2216 πνευματικόνς
2560 2142 2878 2207 ἀπέλαυσας
2921 2140 3207 2214 τραπέζης
3238 2143 3329 2212 βα-

1737 2238 1986 2310 σιλικῆς;
2025 2239 2368 2313 ἐνεπλήσθης
2414 2241 2732 2312 Πνεύματος
2761 2242 2957 2312 άγίου;
3007 2240 3328 2312 ωνεχόρευο
3359 2276 3363 2281 .

1736 2348 1835 2396 σας
1860 2334 1973 2396 τοῖς
2000 2333 2272 2405 Σεραφὶμ,
2319 2335 2576 2400 κοινωνὸς
2626 2336 2816 2406 ἐγένου
2853 2336 2964 2392 τῶν
3012 2336 3127 2391 ἀνω
3169 2335 3329 2399 δννάτ

1738 2420 1914 2493 μεων;
1953 2422 2039 2495 Μὴ
2093 2424 2256 2498 ῥίψῃς
2307 2426 2485 2497 χαρὰν
2521 2424 2818 2497 τοσαύτην,
2858 2424 2936 2497 μὴ
2986 2424 3185 2497 ἐκχέῃς
3234 2423 3330 2476 τὸν

1735 2515 2031 2589 θησαυρὸν,
2072 2517 2150 2590 μὴ
2178 2518 2557 2591 ἐπισαγάγης
2602 2519 2776 2593 μέθην
2807 2520 2909 2593 τὴν
2940 2518 3042 2590 τῆς
3080 2518 3321 2589 ἀθυμίας

1738 2608 1971 2680 μητέρα,
1998 2610 2098 2682 τὴν
2127 2611 2222 2665 τοῦ
2260 2611 2509 2666 διαϐόλου
2537 2611 2734 2684 χαρὰν,
2766 2612 2868 2683 τὴν
2905 2612 3077 2684 μυρία
3109 2612 3329 2665 τίκτου-

1737 2719 1837 2755 σαν
1868 2703 2035 2757 κακά.
2087 2705 2199 2757 Καὶ
2235 2704 2345 2775 γὰρ
2374 2703 2542 2767 ὕπνος
2567 2703 2785 2775 θανάτῳ
2833 2702 3027 2768 ἐοικὼς
3070 2701 3323 2756 ἐντεῦθεν

1735 2797 1831 2851 καὶ
1860 2792 2198 2869 καρηϐαρίαι
2230 2798 2323 2851 καὶ
2368 2798 2516 2852 νόσοι
2555 2799 2649 2852 καὶ
2686 2798 2827 2870 λήθη
2872 2798 2968 2851 καὶ
3001 2797 3329 2870 νεκρότητος

1738 2888 1925 2942 εἰκών.
1969 2885 2104 2942 Εἶτα
2151 2889 2291 2962 φίλῳ
2322 2891 2422 2963 μὲν
2444 2892 2544 2945 οὑκ
2589 2892 2655 2945 ἂν
2682 2892 2826 2946 ἐλοιο
2856 2892 3139 2961 συντυχεῖν
3171 2890 3328 2943 οἰνω-

1740 2982 1921 3052 μένος,
1953 2979 2045 3035 τὸν
2076 2981 2134 3035 δὲ
2161 2982 2399 3053 Χριστὸν
2428 2982 2577 3036 ἔνδον
2598 2981 2738 3053 ἔχων
2762 2983 2992 3055 τολμᾷς,
3037 2981 3161 3035 εἰπέ
3209 2998 3325 3053 μοι,

1735 3073 2006 3145 τοσαύτην
2052 3074 2383 3146 ἐπεμϐαλεῖν
2445 3075 2648 3147 μέθην;
2703 3075 2866 3129 Ἀλλὰ
2902 3075 3114 3147 τρυφῆς
3156 3074 3321 3145 ἐρᾷςξ

1736 3168 1948 3221 Οὐκοῦν
1982 3168 2071 3222 διὰ
2101 3168 2260 3222 τοῦτο
2296 3168 2503 3221 παῦσαι
2538 3168 2773 3239 μεθύων.
2822 3168 2934 3222 Καὶ
2966 3167 3076 3239 γὰρ
3108 3165 3220 3236 ἐγώ
3257 3183 3320 3219 σε

1738 3261 1999 3333 βούλομαι
2030 3262 2264 3335 τρυφᾷν,
2316 3260 2453 3315 ἀλλὰ
2483 3260 2584 3333 τὴν
2627 3261 2799 3325 ὅντως
2839 3261 3073 3333 τρυφὴν,
3099 3260 3198 3333 τὴν
3226 3260 3324 3313 ού-

1736 3354 1931 3407 δέποτε
1975 3355 2408 3426 μαραινομένην.
2442 3354 2539 3418 Τίς
2589 3351 2684 3409 οῦν
2712 3357 2746 3426 ὴ
2782 3356 2953 3419 ὅντως
3002 3353 3185 3426 τρυφὴ
3229 3355 3329 3408 καὶ

1740 3442 2008 3514 διηνεκῶς
2037 3445 2307 3513 ἁνθοῦσα;
2333 3447 2578 3501 Κάλεσον
2594 3448 2680 3499 ἐπ’
2708 3448 2930 3516 ἄριστον
2957 3446 3048 3500 τὸν
3069 3445 3325 3517 Χριστὸν,

1742 3538 1976 3609 μετάδος
2007 3537 2155 3611 αὐτῷ
2184 3540 2293 3592 τῶν
2324 3539 2454 3605 σῶν,
2491 3539 2691 3611 μᾶλλον
2715 3539 2773 3593 δὲ
2799 3539 2906 3592 τῶν
2938 3537 3104 3592 αὑτοῦ
3122 3555 3138 3571 ⁸
3168 3537 3329 3592 τοῦτο

1739 3631 1838 3699 τὴν
1880 3631 2074 3702 ἡδονὴν
2114 3631 2419 3704 ἀπέραντον
2452 3633 2565 3703 ἔχει
2612 3632 2706 3687 καὶ
2743 3631 3101 3703 ἀκμάζουσαν
3147 3631 3329 3703 διηνε-

1741 3722 1873 3786 κῶς.
1927 3724 2067 3778 mw
2118 3725 2180 3778 οὐ
2229 3725 2297 3779 τά
2345 3725 2582 3795 αἰσθητὰ
2631 3725 2876 3789 τοιαῦτα,
2927 3724 3041 3778 ἀλλ’
3096 3723 3232 3795 ὁμοῦ
3265 3741 3328 3778 τε

1741 3816 1917 3888 ἐφάνη
1951 3818 2047 3871 καὶ
2084 3817 2386 3889 ἠφανίσθη,
2406 3819 2503 3872 καλ⁴
2530 3820 2559 3873 ό
2589 3819 2874 3891 τρυφήσας
2912 3818 3065 3871 οὐδὲν
3102 3818 3328 3889 ἄμεινον

1740 3910 2074 3964 διακείσεται
2105 3910 2201 3964 τοῦ
2252 3911 2328 3983 μὴ
2359 3914 2760 3984 τρυφήσαντος,
2802 3912 3002 3985 μᾶλλον
3027 3912 3086 3966 δὲ
3117 3915 3321 3985 χεῖρον.

1753 4001 1812 4052 '0
1843 4000 1943 4070 μὲν
1974 4001 2084 4073 γὰρ
2113 4001 2303 4074 ὥσπερ
2334 4004 2392 4056 ἐν
2416 4002 2594 4074 λιμένι
2629 4003 2888 4075 κάθηται,
2935 3996 3091 4067 οὗτος
3120 4003 3177 4057 δὲ
3206 4020 3323 4073 χει-

1746 4098 1993 4169 μάρρουν
2029 4098 2153 4153 τινὰ
2208 4098 2305 4153 καὶ
2353 4099 2672 4171 πολιορκίαν
2708 4100 3034 4172 νοσημάτων
3083 4100 3323 4168 ἐδέξατο,

1745 4190 1839 4243 καὶ
1888 4190 2010 4244 οὑδέ
2066 4192 2312 4260 ἐνεγκεῖν
2340 4192 2441 4263 τὴν
2475 4190 2645 4264 ζάλην
2691 4191 2897 4264 ταύτην
2937 4193 3181 4249 δύναται.
3228 4194 3326 4248 ’ἶν’

1743 4277 1837 4335 οῦν
1874 4282 1949 4355 μὴ
1972 4281 2147 4336 ταῦτα
2199 4285 2444 4354 γένηται,
2489 4284 2587 4356 τὴν
2645 4286 2987 4356 συμμετρίαν
3011 4284 3321 4355 διώκωμεν.

1746 4374 1903 4429 Οὕτω
1936 4376 2046 4447 γὰρ
2098 4377 2191 4429 καὶ
2228 4375 2289 4429 τὸ
2332 4375 2493 4448 σῶμα
2539 4371 2598 4430 εῦ
2641 4377 3052 4449 διακεισόμεθα,
3103 4379 3197 4431 καὶ
3224 4379 3324 4447 τὴν

1742 4469 1922 4541 ψυχὴν
1971 4473 2027 4523 ἐν
2081 4468 2349 4542 ἀσφαλείᾳ
2378 4471 2818 4542 καταστήσομεν,
2858 4470 3087 4524 καὶτῶν
3122 4469 3324 4540 παρόν-

1737 4579 1846 4614 των
1879 4561 1971 4613 m‘.
1998 4558 2108 4613 τῶν
2136 4558 2440 4630 μελλόντων
2471 4558 2973 4631 ἀπαλλαγησόμεθα
3001 4557 3208 4611 κακῶνο
3249 4551 3326 4610 ὧν

1739 4653 1947 4723 γένοιτο
1998 4653 2206 4716 πάντας
2243 4654 2390 4723 ἡμᾶς
2435 4652 2872 4721 ἀπαλλαγέντας,
2915 4651 3013 4722 τῆς
3049 4649 3325 4722 βασιλείας

1747 4747 2045 4816 ἐπιτυχεῖν,
2121 4745 2305 4816 χάριτι
2365 4744 2459 4798 καὶ
2524 4742 2906 4815 φιλανθρωπίᾳ
2958 4740 3054 4796 τοῦ
3114 4740 3324 4812 Κυρίου

1743 4836 1904 4907 ἡμῶν
1937 4836 2114 4908 Ἰησοῦ
2170 4835 2432 4907 Χριστοῦ,
2484 4834 2605 4906 μεθ’
2650 4830 2711 4889 οὗ
2750 4833 2830 4905 τῷ
2862 4835 3040 4906 Πατρὶ
3084 4833 3204 4904 ἅμα
3246 4832 3326 4904 τῷ

1746 4930 1885 5000 ἁγίῳ
1928 4929 2208 4999 Πνεύματι
2252 4929 2403 4996 δόξα,
2458 4930 2678 5001 κράτος,
2727 4928 2884 4999 τιμὴ,
2926 4926 3022 4981 νῦν
3074 4927 3171 4981 καὶ
3213 4926 3324 4992 ἀεὶ,

1744 5021 1841 5073 καὶ
1872 5023 1952 5085 είς
1985 5022 2112 5085 τοὺς
2148 5022 2350 5085 αίῶνας
2373 5020 2484 5074 τῶν
2513 5020 2746 5075 αἰώνων.
2779 5020 2974 5092 Ἀμήν.

1422 5358 1575 5433 [250]
1609 5357 1851 5413 οΜιΑιΑ
1894 5360 2029 5413 KH'.

92 5541 403 5615 Δοκιμαζέτω
459 5546 533 5601 δὲ
602 5547 913 5615 ἅνθρωπος
967 5547 1210 5613 ἑαυτὸν,
1281 5548 1382 5602 καί
1438 5548 1629 5614 οὕτως

140 5612 225 5739 fit
223 5616 319 5672 τοῦ
352 5616 544 5687 ἄρτου
572 5612 821 5673 ἐσθιέτω
842 5612 943 5674 καὶ
974 5620 1043 5673 ὲκ
1078 5612 1505 5687 τοῦίποτηρίου
1530 5612 1631 5673 πιέ-

142 5699 174 5734 r
228 5705 284 5741 ω.

141 5792 200 5849 α’.
214 5794 271 5848 Τί
284 5795 533 5867 βούλεται
556 5797 729 5853 ταῦτα
751 5799 817 5853 τά
841 5800 1081 5872 ῥήματα,
1113 5801 1303 5873 ἐτέρας
1332 5799 1639 5863 ὑποθέσεως

89 5873 166 5935 τῖς
218 5883 583 5953 προκειμένης
646 5882 846 5955 οὕσης;
894 5884 1056 5949 Ἔθος
1112 5885 1377 5956 τοῦτοτῷ
1410 5885 1636 5963 Παύλῳ,

1735 5536 1929 5618 ὥσπερ
1959 5545 2055 5600 καὶ¹
2088 5544 2401 5619 ἔμπροσθεν
2427 5545 2598 5617 ἔφθην
2633 5546 2822 5612 εἰπὼν,
2848 5547 2924 5617 μὴ
2952 5545 3112 5617 μόνον
3142 5547 3325 5600 ἐκεῖνα

1738 5630 2090 5704 ἐργάζεσθαι,
2118 5632 2262 5702 άπερ
2287 5629 2434 5701 αὐτῷ
2472 5631 2811 5702 προκείμενά
2840 5631 3011 5698 ἐστιν,
3058 5629 3193 5683 ἀλλὰ
3217 5630 3323 5682 κᾶν

1738 5714 1925 5787 ἕτερος
1972 5716 2305 5787 παρεμπέσῃ
2362 5714 2520 5778 λόγος
2575 5717 2642 5786 τῇ
2700 5714 2975 5777 ὑποθέσει,
3022 5713 3116 5765 καὶ
3146 5711 3323 5783 τούτῳ

1745 5800 1884 5869 μετὰ
1918 5798 2117 5871 πολλῆς
2179 5799 2454 5864 ἐπεξιέναι
2498 5798 2600 5867 τῆς
2651 5800 2907 5869 σπουδῆς,
2941 5800 3035 5851 καὶ
3084 5796 3322 5867 μάλιστα

1742 5885 1869 5938 ὅταν
1907 5886 2034 5957 περὶ
2071 5884 2271 5958 σφόδρα
2313 5884 2629 5953 ἀναγκαίων
2669 5884 2763 5937 καὶ
2790 5880 3227 5936 κατεπειγόντων
3259 5876 3318 5955 ᾗ.
