3776 6346
495 393 608 448 935

1156 392 1215 447 s.
1253 391 1541 450 JOANNIS
1579 341 2054 450 ειιῐινεοετοιιι

2185 393 2436 452 ιρι-ηερ.
2476 393 2610 450 (ΖοΝ
2619 390 3031 450 STANTINOP.
3613 393 3695 450 SM

459 511 464 516 ’
497 509 611 563 Καὶ
631 509 740 579 γὰρ
768 509 856 563 ὅτε
907 508 1022 571 τοῖς
1063 511 1417 580 γεγαμηκόσι
1444 509 1736 579 διελέγετο,
1785 513 1879 565 καὶ
1919 513 1947 566 6
1977 514 2086 566 τῶν
2193 512 2374 565 οὐκέτι
2419 511 2526 566 ἀπὸ
2571 511 2773 580 ἐτέρων
2806 509 2876 563 τά
2916 507 3331 582 παραδείγματα
3363 505 3526 579 φέρει,
3551 507 3700 580 ὥσπερ

453 597 460 612 ⁸
495 592 724 648 οἰκετῶν
769 591 919 664 αὐτῷ
957 593 1302 663 παρενέπεσε
1345 593 1523 663 λόγος,
1561 594 1769 665 σφόδρα
1812 595 2077 662 γενναίως

457 701 462 710 ·
496 677 596 732 καὶ
639 675 727 731 διὰ
786 675 1000 728 πολλῶν
1035 675 1198 730 αὐτὸν
1244 676 1620 730 κατεσκεύασε
1641 695 1657 710 ·
1699 679 1795 742 καί⁵
1825 677 1914 730 ὅτε
1947 680 2076 750 περὶ

496 759 592 813 τοῦ
627 762 703 831 μὴ
735 760 846 813 δεῖν
877 759 1160 829 κρίνεσθαι
1183 761 1240 812 ἐν
1255 763 1368 824 τοῖς
1393 759 1766 832 δικαστηρίοις
1785 760 1960 826 ἐλεγε,
1981 762 2077 814 καὶ

495 844 620 898 τότε
661 846 742 906 είς
781 843 882 914 τὴν
927 844 1058 912 περὶ
1103 842 1418 908 πλεονεξίας
1467 841 1728 914 ἐμπεσὼν
1769 843 2076 910 νουθεσίαν,

495 926 671 982 πολλὰ
724 928 820 982 καὶ
865 926 996 998 περὶ
1027 926 1232 998 ταύτης
1259 926 1508 996 διελέχθη
1543 928 1642 998 τῆς
1679 925 2007 992 ὑποθέσεως
2048 926 2077 979 δ

497 1010 562 1082 δὴ
594 1005 688 1064 καὶ
721 1007 954 1064 ἐνταῦθα.
983 1010 1308 1079 πεποίηκεν.
1345 1009 1564 1080 Ἐπειδὴ
1622 1009 1730 1082 γάρ
1781 1009 1928 1076 ἅπαξ
1975 1011 2078 1081 τῆς

496 1093 603 1148 τῶν
662 1092 975 1164 μυστηρίων
1041 1091 1236 1164 ἐδεήθη
1299 1093 1547 1164 μνήμης,
1598 1094 1898 1160 ἀναγκαῖον
1937 1088 2076 1150 εῖναι

457 1173 462 1176 ’
497 1175 751 1246 ἐνόμισεν
781 1173 1089 1239 ἐπεξελθεῖν
1115 1177 1183 1248 τῇ
1207 1176 1461 1230 ὑποθέσει
1480 1192 1494 1206 ο
1525 1175 1644 1228 οὐδὲ
1663 1175 1771 1247 γὰρ
1793 1175 2075 1248 ήτυχοῦσα

458 1259 464 1266 ’
493 1255 585 1330 ἦν.
617 1257 708 1311 Διὸ
742 1258 836 1311 καὶ
871 1259 1075 1330 σφόδρα
1097 1258 1344 1330 φοϐερῶς
1371 1257 1500 1329 περὶ
1535 1258 1708 1328 αὐτῆς
1731 1258 2078 1329 διελέχθη,τὺ

497 1341 796 1410 κεφάλαιον
827 1342 933 1394 τῶν
961 1341 1184 1410 ἀγαθῶν
1214 1339 1664 1406 κατασκευάζων,
1709 1341 1770 1394 τὸ
1807 1341 1947 1412 μετὰ
1973 1357 2076 1394 κα-

500 1423 668 1496 θαροῦ
722 1424 1007 1497 προσιέναι
1059 1424 1364 1488 συνειδότος
1401 1424 1607 1488 αὐτοῖς.
1629 1423 1792 1477 Ὅθεν
1817 1423 1936 1477 ούδέ
1963 1427 2076 1485 τοῖς

492 1509 814 1581 ’ἔμπροσθεν
868 1509 1181 1580 εἰρημένοις
1233 1508 1477 1579 ἠρκέσθη
1549 1507 1729 1579 μόνον,
1791 1507 1929 1562 ἀλλά
1982 1507 2076 1561 καλ⁸

497 1593 672 1648 ταῦτα
694 1591 1020 1664 προστίθησι
1053 1591 1248 1658 λέγων·
1278 1589 1640 1661 Δοκιμαζέτω
1667 1589 1736 1644 δὲ
1766 1591 2078 1660 ἅνθρωπος

495 1675 748 1731 ἑαυτόν·
779 1675 808 1728 δ
837 1674 932 1728 καὶ¹
955 1675 1014 1726 ἐν
1041 1676 1108 1745 τῇ
1151 1673 1380 1745 δευτέρᾳ
1409 1672 1594 1745 φησίνο
1631 1671 1917 1740 Ἑαυτοὺς
1949 1689 2075 1726 πει-

494 1757 722 1827 ράζετε,
763 1756 1020 1824 ἑαυτοὺς
1067 1755 1444 1826 δοκιμάζετε·
1488 1756 1550 1810 οὐ
1603 1755 1858 1828 καθά-περ
1912 1757 2076 1826 ἡμεῖς

497 1840 762 1910 ποιοῦμεν
797 1840 914 1904 νῦν,
955 1838 1134 1910 καιρῷ
1169 1839 1486 1911 προσιόντες
1527 1839 1750 1910 μᾶλλον,
1782 1839 1816 1910 ἢ
1869 1837 2074 1908 σπουδῇ

497 1922 747 1994 γνώμης.
791 1923 864 1976 Ού
923 1921 1030 1994 γὰρ
1081 1922 1230 1983 ὅπως
1278 1921 1792 1994 παρεσκευασμένοι
1858 1921 1952 1974 καὶ
2007 1920 2078 1973 τὰ

497 2009 648 2060 κακά
682 2005 888 2059 ἑαυτῶν
922 2003 1331 2076 ἐκκαθάραντες
1357 2006 1452 2058 καὶ
1484 2003 1830 2069 κατανύξεως
1855 2003 2080 2073 πληρω-

499 2090 685 2152 θέντες
739 2087 1137 2159 προσέλθοιμεν
1185 2087 1522 2158 σκοποῦμεν,
1554 2087 1670 2140 ἀλλ’
1698 2089 1848 2150 ὅπως
1873 2086 1931 2138 ἐν
1957 2087 2077 2156 ἐορ-

499 2177 638 2237 ταῖς,
663 2172 758 2226 καὶ
787 2171 949 2242 ἡνίκα
983 2169 1050 2224 ἂν
1078 2171 1337 2234 ἅπαντες.

583 2329 722 2384 Ἀλλ’
749 2329 848 2400 οὐχ
875 2329 1052 2395 οὓτως
1079 2331 1108 2382 6
1137 2329 1346 2394 Παῦλος
1361 2329 1668 2398 ἐκέλευσεν,
1701 2324 1818 2380 ἀλλ’
1841 2324 1936 2377 ἕνα
1957 2339 2078 2377 και-

501 2417 593 2488 ρὸν
619 2411 729 2470 οἶδε
759 2415 1026 2486 προσόδου
1055 2415 1148 2468 καὶ
1176 2413 1483 2478 κοινωνίας,
1525 2411 1620 2465 τοῦ
1653 2409 1952 2471 συνειδότος
1977 2406 2076 2478 τὴν

499 2499 870 2570 καθαρότητα.
924 2498 988 2562 El
1019 2497 1128 2568 γὰρ
1157 2495 1424 2570 αἰσθητῆς
1453 2495 1554 2548 οὐκ
1583 2495 1647 2548 ἄν
1673 2509 1804 2546 ποτε
1841 2491 2073 2562 μεταλά-

501 2585 688 2654 ϐοιμεν
720 2577 1000 2652 τραπέζης
1046 2577 1406 2650 πυρέττοντες
1461 2579 1556 2630 καὶ
1601 2576 1790 2650 χυμῶν
1816 2577 2078 2646 γέμοντες

498 2665 774 2738 πονηρῶν,
802 2664 943 2718 ὥστε
981 2663 1056 2734 μὴ
1086 2661 1404 2716 ἀπολέσθαι·
1438 2659 1617 2731 πολλῷ
1643 2659 1842 2730 μᾶλλον
1873 2657 2078 2728 ταύτης

500 2749 769 2805 ἅπτεσθαι
799 2749 930 2820 ἡμῖν
961 2747 1022 2800 οὐ
1053 2745 1211 2817 θέμις
1249 2744 1386 2816 μετὰ
1415 2743 1719 2814 ἐπιθυμιῶν
1751 2742 1988 2808 ἀτόπων,
2019 2741 2076 2794 αἳ

500 2833 748 2906 πυρετῶν
806 2833 911 2884 εἱσι
986 2827 1384 2902 χαλεπώτεραι.
1431 2829 1602 2883 Ὅταν
1659 2827 1716 2881 δέ
1785 2826 2077 2896 ἐπιθυμίας

500 2917 732 2984 ἀτόπους
766 2916 923 2980 εἴπω,
957 2915 1051 2967 καὶ
1087 2912 1186 2977 τὰς
1224 2911 1331 2966 τῶν
1365 2911 1634 2982 σωμάτων
1667 2909 1810 2980 λέγω
1853 2909 1946 2962 καὶ
1978 2909 2077 2969 τὰς

496 3001 606 3054 τῶν
661 2999 958 3070 χρημάτων
1022 2997 1117 3050 καὶ
1181 2995 1283 3058 τάς
1341 2997 1440 3066 τῆς
1489 2993 1660 3065 όργῆς
1698 2994 1794 3046 καὶ
1831 2992 1930 3055 τὰς
1977 2991 2077 3062 τῆς

503 3083 889 3156 μνησικακίας,
965 3079 1062 3135 καὶ
1140 3078 1322 3142 πάσας
1397 3080 1584 3142 ἁπλῶς
1656 3077 1758 3140 τὰς
1815 3075 2072 3138 ἀτόπους.

499 3169 610 3223 Καὶ
637 3168 718 3219 δεῖ
748 3166 839 3220 τὸν
868 3164 1160 3235 προσιόντα
1182 3201 1198 3226 ,
1229 3162 1408 3216 πάντα
1435 3161 1838 3232 ἐξαντλῆσαντα
1865 3159 2040 3212 ταῦτα
2059 3198 2074 3220 ,

498 3252 640 3305 οῦτω
694 3249 794 3319 τῆς
841 3247 1085 3317 καθαρᾶς
1130 3245 1346 3315 ἐκείνης
1386 3243 1654 3298 ἅπτεσθαι
1713 3241 1936 3304 θυσίας,
1983 3242 2079 3296 καὶ

461 3333 640 3402 ,μήτε
721 3329 980 3401 ῥᾳθύμως
1059 3325 1404 3398 διακείμενον
1495 3326 1591 3378 καί⁹
1679 3323 2076 3394 ταλαιπώρως,

501 3412 906 3482 ἀναγκάζεσθαι
957 3409 1049 3462 διὰ
1095 3408 1194 3479 τὴν
1231 3409 1426 3480 ἑορτὴν
1462 3405 1961 3477 προσιέναι,.μήτε
2009 3403 2076 3460 αὖ

502 3496 875 3566 κατανυγέντα
917 3493 1011 3546 καὶ
1047 3492 1600 3562 παρεσκευασμένον,
1635 3488 1941 3543 κωλύεσθαι
1991 3489 2078 3543 διὰ

504 3581 566 3634 τὺ
623 3579 698 3652 μὴ
753 3573 890 3630 εἶναι
943 3575 1158 3645 ἑορτήν.
1221 3571 1415 3646 Ἐορτὴ
1470 3573 1578 3644 γάρ
1633 3571 1810 3643 ἔργων
1861 3571 2078 3641 ἀγαθῶν

503 3667 650 3718 ἐστιν
687 3660 974 3726 ἐπίδειξις,
1013 3659 1108 3712 καὶ
1144 3657 1323 3729 ψυχῆς
1355 3657 1630 3726 εὐλάϐεια,
1669 3657 1761 3710 καὶ
1801 3656 2076 3720 πολιτείας

502 3745 791 3818 ἀκρίϐεια⁸
841 3743 946 3798 κᾶν
1008 3741 1182 3795 ταῦτα
1235 3741 1400 3812 ἔχῃς,
1451 3740 1745 3803 διαπαντὸς
1798 3737 2078 3811 ἑορτάζειν

503 3831 729 3900 δυνήσῃ,
763 3827 858 3880 καὶ
889 3825 1180 3888 διαπαντὸς
1219 3825 1522 3894 προσιέναι.
1566 3824 1668 3876 Διά
1712 3821 1872 3875 τοῦτό
1920 3839 2076 3892 φησι,

505 3909 858 3980 Δοκιμαζέτω
887 3909 956 3962 δὲ
985 3907 1204 3962 ἑαυτὸν
1229 3907 1510 3972 ἕκαστος,
1541 3907 1636 3960 καὶ
1659 3905 1784 3958 τότε
1814 3905 2074 3975 προσίτω.

507 3997 616 4048 Καὶ
645 3996 742 4063 οὐχ
773 3993 958 4064 ἕτερον
987 3993 1157 4063 ἐτέρῳ
1185 3989 1396 4046 κελεύει
1425 3989 1721 4060 δοκιμάσαι
1751 4001 1801 4056 ι,
1837 3988 1950 4042 ἀλλ’
1979 3989 2078 4042 αύ-

503 4079 596 4132 τὸν
647 4076 872 4141 ἐαυτὸν,
928 4076 1319 4146 ἀδημοσίευτον
1367 4075 1538 4128 ποιῶν
1595 4074 1658 4127 τὸ
1706 4073 2076 4142 δικαστήριον,

503 4162 819 4234 ἀμάρτυρον
850 4159 940 4214 τὸν
972 4160 1216 4230 ἔλεγχον.
1257 4159 1311 4212 '0
1343 4159 1454 4230 τὰρ
1485 4157 1706 4212 ἐσθίων
1745 4157 1841 4212 καὶ
1887 4157 2080 4210 πίνων

503 4243 784 4310 ἀναξίως,
818 4241 966 4315 [251]
983 4243 1088 4298 τοῦ
1115 4242 1334 4312 Κυρίου
1359 4242 1534 4312 κρῖμα
1557 4239 1748 4308 ἐαυτῷ
1769 4241 1958 4296 ἐσθίει
1981 4239 2080 4294 καὶ

473 4325 476 4328 ’
504 4329 684 4384 πίνει.
719 4327 784 4380 Τί
811 4327 1026 4396 λέγεις;
1059 4327 1178 4379 εἰπέ
1215 4343 1339 4397 μοι’
1370 4327 1405 4397 ἡ
1437 4325 1709 4379 τοσούτων
1747 4324 1968 4393 ἀγαθῶν
1995 4326 2080 4378 αἰ-

500 4413 615 4479 τία,
671 4411 764 4466 καὶ
819 4407 963 4482 ζωὴν
1023 4409 1263 4482 βρύουσα
1296 4408 1325 4449 ιι
1379 4409 1645 4481 τράπεζα,
1706 4407 1846 4478 αῦτη
1904 4410 2077 4479 κρῖμα

501 4497 745 4567 γίνεται;
793 4493 867 4548 Ού
916 4493 1067 4565 παρά
1115 4492 1214 4564 τὴν
1264 4492 1436 4563 αὐτῆς
1481 4491 1662 4562 φύσιν,
1707 4492 1892 4561 φησὶν,
1940 4491 2078 4544 ἀλλά

503 4579 656 4652 παρά
685 4577 781 4649 τὴν
812 4575 907 4631 τοῦ
939 4577 1256 4650 προσιόντος
1290 4575 1631 4648 προαίρεσιν.
1663 4575 1876 4646 Ὥσπερ
1901 4573 2012 4646 γὰρ
2043 4575 2077 4643 ή

503 4661 778 4733 παρουσία
811 4661 999 4726 αὐτοῦ,
1029 4662 1066 4731 ἡ
1102 4660 1172 4713 τά
1207 4659 1419 4730 μεγάλα
1445 4660 1630 4712 ἐκεῖνα
1667 4656 1766 4711 καὶ
1791 4656 2079 4729 ἀπόρρητα

503 4745 778 4816 κομίσασα
825 4745 960 4816 ἡμῖν
1015 4742 1216 4812 ἀγαθὰ,
1249 4744 1376 4805 τοὺς
1413 4742 1487 4813 μὴ
1539 4739 1864 4811 δεξαμένους
1909 4739 2079 4810 αὐτὴν

509 4829 709 4897 μᾶλλον
739 4826 1061 4897 κατέκρινεν
1081 4844 1096 4858 ·
1135 4824 1280 4878 οὕτω
1307 4825 1402 4878 καὶ
1429 4825 1500 4877 τά
1531 4825 1804 4894 μυστήρια
1837 4823 2080 4892 μείζονος

507 4911 696 4980 ἐφόδια
719 4909 992 4973 κολάσεως
1011 4909 1223 4978 γίνεται
1251 4909 1363 4970 τοῖς
1388 4907 1621 4972 ἀναξίως
1646 4905 1951 4976 μετέχουσι.
1983 4907 2080 4962 Διά

509 4995 562 5048 τί
592 4994 650 5046 δὲ
681 4997 856 5065 κρῖμα
882 4994 1062 5066 ἐαυτῷ
1089 4993 1292 5060 ἐσθίει;
1324 4991 1421 5060 Μὴ
1451 4991 1773 5060 διακρίνων
1799 4990 1866 5044 τὸ
1907 4989 2081 5061 σῶμα

509 5076 618 5131 τοῦ
643 5078 884 5144 Κυρίου.
914 5075 1196 5141 Τουτέστι,
1224 5078 1315 5148 Μὴ
1339 5075 1630 5142 ἐξετάζων,
1659 5075 1734 5146 μὴ
1761 5076 1974 5136 ἐννοῶν.
2003 5075 2080 5139 ὡς

512 5160 640 5232 χρὴ,
671 5161 734 5212 τὸ
767 5160 990 5231 μέγεθος
1017 5161 1126 5215 τῶν
1157 5161 1534 5233 προκειμένων
1554 5200 1568 5224 ,
1617 5161 1693 5230 μὴ
1735 5157 2080 5230 λογιζόμενος

511 5246 602 5298 τὸν
630 5243 792 5313 ὄγκον
833 5244 931 5315 τῆς
963 5246 1192 5317 δωρεᾶς.
1233 5247 1296 5301 Εἰ
1332 5247 1440 5318 γὰρ
1475 5243 1667 5317 μάθοις
1707 5243 1950 5316 ἀκριϐῶς
1995 5244 2080 5308 τίς

512 5326 646 5380 ποτέ
675 5328 822 5380 ἐστιν
852 5329 880 5380 6
912 5327 1288 5398 προκείμενος,
1317 5329 1412 5382 καὶ
1442 5329 1522 5392 τίς
1547 5328 1622 5382 ὢν
1651 5327 1757 5380 τίνι
1785 5325 1976 5380 ἐαυτὸν
2003 5325 2082 5382 δί-

511 5410 697 5488 δωσιν,
732 5409 942 5473 οὐδενὸς
989 5409 1175 5480 ἐτέρου
1225 5410 1390 5482 δεήσῃ
1431 5410 1614 5479 λόγου,
1659 5411 1774 5464 ἀλλ’
1807 5411 1966 5481 ἀρκεῖ
1999 5426 2081 5464 σοι

510 5493 673 5547 τοῦτο
701 5495 782 5558 εἰς
809 5494 1025 5548 ἅπασαν
1055 5493 1214 5564 νῆψιν
1236 5533 1250 5558 ,
1279 5495 1327 5546 εί
1378 5495 1452 5565 μὴ
1486 5494 1689 5565 σφόδρα
1715 5495 1832 5566 είης
1875 5495 2082 5547 ἀναπε-

512 5576 766 5642 πτωκὼς.
806 5577 907 5631 Διὰ
938 5575 1112 5631 τοῦτο
1148 5578 1217 5631 ἐν
1244 5577 1388 5647 ὑμῖν
1420 5579 1639 5632 πολλοὶ
1671 5577 1946 5644 ἀσθενεῖς
1982 5579 2082 5630 καὶ

511 5660 824 5732 ᾣρωστοι,
854 5661 949 5716 καί
990 5659 1308 5731 κοιμῶνται
1338 5661 1549 5715 ἱκανοί.
1601 5661 1867 5714 Ἐνταῦθα
1895 5661 2080 5714 λοιπὸν

572 5855 600 5883 ³
625 5853 768 5918 Reg,
800 5857 1016 5918 ἕκαστος,
1037 5856 1117 5904 καὶ
1139 5855 1288 5912 οὕτως
1309 5854 1520 5904 ἐσθιέτω.
1561 5856 1666 5918 Οὐχ
1689 5855 1905 5918 ἕτερον...
1949 5858 2078 5906 δοκι-

508 5891 728 5980 parum"
751 5891 874 5981 Bé'i'c
899 5891 1016 5982 ιξέἐῖ
1039 5891 1520 5980 ’ἑῖἐίἷκῖΐιῖῖιᾙΞί-Ξξ
1537 5891 2006 5980 Αΐὲιιῖἑιξῑῖέόὸοσέ.

2191 597 2282 649 ἐπὶ
2321 595 2428 651 τῶν
2463 593 2822 647 εἰδωλοθύτων
2855 593 3100 663 ἐποίησε,
3131 594 3230 656 τὰς
3269 591 3494 654 παλαιὰς
3523 591 3700 662 διηγού-

2189 695 2348 750 μενος
2393 678 2636 748 ἱστορίας
2666 677 2759 729 καὶ
2785 676 2883 738 τὰς
2929 677 2988 728 ἐν
3019 677 3085 746 τῇ
3132 676 3324 746 ἐρήμῳ
3365 674 3579 743 πληγὰς,
3613 675 3702 728 ἀλλ’

2185 765 2282 816 ἀπ’
2311 763 2492 816 αὐτῶν
2517 761 2628 814 τῶν
2665 759 2991 831 Κορινθίων,
3023 759 3164 829 ὅπερ
3194 759 3290 812 καὶ
3317 757 3702 826 πληκτικὼτερον

2185 847 2362 898 ἐποίει
2395 846 2486 898 τὸν
2523 845 2703 913 λόγον.
2747 843 2964 912 Ἐπειδὴ
2997 843 3108 913 γὰρ
3143 843 3316 911 ἔλεγε,
3351 843 3526 910 Κρῑμα
3553 843 3704 904 ἑαυτῴ

2183 929 2390 990 ἐσθίει,
2417 929 2529 989 καὶ,
2569 927 2816 994 Ἓνοχός
2837 927 3034 990 ἐστιν,
3053 925 3140 980 ῖνα
3169 927 3244 995 μὴ
3273 925 3402 994 δοκῇ
3431 926 3622 994 ῥήματα
3641 925 3703 976 λέ.

2185 1027 2322 1079 γειν,
2359 1010 2450 1064 καὶ
2481 1009 2620 1080 ἔργα
2646 1008 2884 1062 δείκνυσι
2911 1009 3007 1060 καὶ
3041 1007 3328 1079 μάρτυρας
3353 1008 3538 1070 αὐτοὺς
3567 1007 3702 1068 καλεῖ,

2181 1095 2318 1166 ὅπερ
2343 1092 2543 1164 μᾶλλον
2557 1089 2655 1162 τοῦ
2679 1091 2975 1160 ἀπειλῆσαι
2999 1093 3356 1156 καθικνεῖται,
3382 1091 3458 1160 τῷ
3476 1091 3624 1154 δεῖξαι
3647 1093 3705 1152 είς

2183 1177 2343 1248 ἔργον
2393 1175 2492 1248 τὴν
2543 1175 2776 1244 ἀπειλὴν
2835 1173 3179 1240 ἐξελθοῦσαν.
3245 1175 3320 1226 υύ
3385 1174 3487 1244 μὴν
3539 1172 3706 1235 τούτοις

2182 1260 2428 1332 ἠρκέσθη
2477 1259 2680 1330 μόνοις,
2715 1258 2834 1311 ἀλλ’
2881 1259 2990 1310 ἀπὸ
3025 1257 3232 1310 τούτων
3265 1259 3357 1310 καὶ
3383 1258 3470 1310 τὸν
3499 1256 3706 1327 περὶτῆς

2181 1344 2406 1414 γεέννης
2443 1341 2708 1413 είσήγαγε
2751 1341 2846 1394 καὶ
2887 1340 3230 1394 ἐπιστώσατο
3281 1339 3468 1407 λόγον,
3513 1338 3707 1408 ἀμφοτέ-

2186 1427 2358 1496 ρωθεν
2387 1425 2587 1496 φοϐῶν,
2623 1425 2716 1478 καὶ
2753 1423 2976 1494 ζητημα
3007 1421 3284 1494 πανταχοῦ
3331 1421 3710 1493 περιφερόμενον

2183 1508 2346 1563 λύων.
2384 1507 2603 1579 Ἐπειδὴ
2647 1507 2757 1577 γὰρ
2799 1507 2984 1560 πολλοὶ
3017 1506 3152 1578 πρὸς
3181 1507 3442 1577 ἀλλήλους
3472 1503 3708 1574 ἀποροῦσι,

2185 1592 2350 1645 πόθεν
2369 1593 2418 1645 οί
2440 1591 2610 1662 ἄωροι
2635 1590 2879 1656 θάνατοι,
2907 1590 3070 1643 πόθεν
3097 1591 3153 1642 αἱ
3181 1589 3392 1666 μακραὶ
3419 1587 3573 1650 νόσοι,
3596 1587 3710 1651 λέγει

2153 1675 2268 1728 ⁴ὅτι
2307 1674 2369 1740 ἐξ
2413 1673 2834 1746 ἁμαρτημάτων
2876 1672 3046 1727 πολλά
3079 1673 3284 1728 τούτων
3329 1672 3440 1726 τῶν
3483 1671 3712 1740 ἀδοκήτων

2182 1759 2282 1830 τὴν
2316 1759 2572 1814 ὑπόθεσιν
2609 1757 2744 1828 ἐχει.

2257 1917 2322 1988 β’.
2355 1916 2419 1968 Τί
2447 1911 2539 1970 οῦν
2568 1915 2615 1967 οί
2650 1907 3013 1982 ὑγιαίνοντες,
3047 1911 3200 1982 φησὶ,
3229 1911 3510 1981 διηνεκῶς,
3539 1911 3618 1964 καὶ
3653 1911 3714 1972 εἰς

2184 2001 2365 2072 γῆρας
2395 2001 2679 2072 ἐρχόμενοι
2703 1997 2956 2068 λιπαρὸν,
2981 1997 3080 2068 ούχ
3107 1996 3508 2066 ἀμαρτάνουσι;
3537 1995 3630 2048 Καὶ
3651 1995 3712 2054 τίς

2185 2086 2250 2139 ἂν
2283 2084 2442 2136 τοῦτο
2471 2083 2649 2146 εἴποις
2691 2081 2818 2144 Πῶς
2859 2077 2973 2145 οὖν,
3013 2081 3210 2151 φησὶν,
3245 2079 3307 2132 ού
3341 2079 3539 2132 διδόασι
3565 2077 3712 2142 δίκην;

2185 2167 2308 2220 Ὅτι
2344 2167 2460 2219 ἐκεῖ
2482 2164 2712 2218 δώσουσι
2744 2161 3151 2235 χαλεπωτέραν.
3197 2161 3390 2232 Ἡμεῖς
3423 2161 3498 2224 δέ,
3528 2161 3570 2213 εί
3599 2158 3715 2212 ἐδου-

2184 2248 2414 2320 λόμεθα,
2446 2249 2554 2302 οὐδ’
2593 2247 2660 2300 ἂν
2700 2246 2956 2310 ἐνταῦθα,
2991 2246 3100 2298 οὐδ’
3132 2245 3198 2297 ἂν
3236 2246 3416 2298 ἐκεῖσε
3455 2242 3714 2310 ἐδώκαμεν.

2157 2335 2256 2388 ·Εί
2288 2333 2396 2400 γὰρ
2426 2331 2680 2397 ἑαυτοὺς
2714 2332 3062 2400 ἐκρίνομεν,
3103 2331 3288 2400 φησιν,
3337 2331 3452 2384 οὐκ
3485 2327 3558 2382 δν
3597 2327 3717 2394 ἐκριο

2183 2418 2421 2485 νόμεθα.
2455 2415 2566 2468 Καὶ
2610 2415 2710 2468 οὑκ
2735 2409 2911 2478 εἶπεν,
2945 2414 3007 2466 Ei
3039 2413 3376 2484 ἐκολάζομεν
3415 2411 3640 2472 ἑαυτοὺς.
3669 2407 3717 2460 Εἰ

2183 2497 2622 2568 ἐτιμωρούμεθα,
2645 2496 2780 2550 ἀλλά
2801 2500 2984 2567 μόνον,
3007 2497 3070 2550 Εἰ
3103 2497 3399 2565 ἐπιγνῶναι
3425 2495 3494 2548 τὰ
3509 2491 3717 2562 ἀμαρτή·

2188 2600 2330 2654 ματα
2360 2581 2752 2653 ἐϐουλήθημεν,
2783 2583 2832 2634 εί
2857 2580 3216 2634 καταδικάσαι
3241 2581 3487 2646 ἑαυτοὺς,
3513 2581 3559 2632 εἰ
3589 2593 3718 2631 κατα-

2183 2664 2385 2734 γνῶναι
2426 2663 2534 2717 τῶν
2574 2663 3141 2734 πεπλημμελημένων,
3165 2662 3546 2732 άπελλάγημεν
3569 2661 3625 2716 ἂν
3649 2659 3717 2712 καὶ

2183 2749 2285 2820 τῆς
2317 2747 2549 2801 ἐνταῦθα
2572 2748 2666 2800 καὶ
2695 2747 2796 2816 τῆς
2821 2749 3000 2799 ἐκεῖσε
3019 2747 3310 2817 τιμωρίας.
3361 2747 3420 2798 '0
3450 2747 3551 2817 γάρ
3577 2760 3713 2798 ama-

2184 2833 2347 2902 γνοὺς
2394 2831 2612 2894 ἐαυτοῦ,
2657 2829 2817 2900 διπλῇ
2857 2829 2946 2882 τὸν
2991 2829 3124 2881 Θεὸν
3159 2827 3500 2894 ὲξιλεοῦται,
3541 2828 3624 2881 καὶ
3659 2823 3716 2891 τῷ

2185 2913 2484 2984 ἐπιγνῶναι
2517 2914 2586 2966 τά
2632 2915 3003 2985 ἁμαρτήματα
3024 2953 3039 2970 .
3067 2914 3158 2966 καὶ
3187 2913 3264 2982 τῷ
3295 2913 3434 2984 πρὸς
3462 2912 3522 2964 τὸ
3564 2909 3720 2982 μέλλον

2183 2999 2542 3070 ὀκνηρότερος
2568 2999 2835 3068 γίνεσθαι.
2875 2997 3094 3069 Ἐπειδὴ
3120 2997 3176 3051 δέ
3203 2997 3324 3050 ούδέ
3355 2997 3516 3051 τοῦτο
3539 2997 3593 3048 τὸ
3619 2993 3714 3048 κοῦ-

2187 3101 2285 3152 φον
2335 3083 2633 3154 βουλόμεθα
2677 3085 2872 3146 ποιεῖν,
2913 3083 2987 3147 ὡς
3039 3082 3147 3153 χρὴ
3189 3085 3385 3145 ποιεῖν,
3434 3081 3548 3134 οὐδὲ
3583 3079 3717 3138 οὕτως

2185 3169 2332 3236 ἡμᾶς
2367 3168 2504 3237 μετά
2531 3169 2629 3237 τῆς
2659 3168 2984 3237 οἰκουμένης
3027 3166 3276 3231 κολάζειν
3319 3166 3588 3236 ἀνέχεται,
3614 3163 3718 3215 ἀλλὰ

2187 3254 2283 3308 καὶ
2309 3251 2454 3304 οὕτω
2481 3252 2743 3320 φείδεται,
2771 3249 3004 3303 ἐνταῦθα
3031 3250 3188 3320 δίκην
3211 3249 3482 3310 ἀπαιτῶν,
3507 3241 3564 3300 οῦ
3589 3246 3718 3316 πρόσ-

2185 3351 2376 3404 καιρος
2405 3337 2438 3404 ἡ
2480 3333 2718 3404 τιμωρία
2746 3333 2840 3387 καὶ
2879 3332 3050 3403 πολλὴ
3085 3334 3118 3404 ἠ
3149 3332 3498 3404 παραμυθία⁸
3533 3332 3616 3386 καὶ
3637 3331 3718 3400 γὰρ

2185 3418 2602 3488 ἁμαρτημάτων
2635 3415 2925 3486 ἀπαλλαγὴ
2955 3416 3018 3470 τὸ
3049 3417 3358 3486 γινόμενον,
3410 3417 3502 3470 καὶ
3548 3413 3718 3486 χρηστὴ

2184 3501 2294 3556 τῶν
2321 3500 2624 3572 μελλόντων
2649 3500 2803 3564 ἐλπὶς
2836 3497 3166 3568 κουφίζουσα
3195 3499 3264 3554 τὰ
3285 3500 3550 3574 παρόντα.
3573 3497 3718 3552 Ταῦτα

2183 3583 2240 3636 δέ
2263 3583 2432 3650 λέγει,
2457 3583 2592 3653 ὁμοῦ
2627 3583 2723 3653 μὲν
2751 3581 3244 3652 παραμυθούμενος
3273 3585 3403 3646 τοὺς
3425 3581 3716 3653 ἀρρώστους,

2185 3667 2320 3738 ὁμοῦ
2339 3667 2394 3719 δέ
2419 3667 2545 3729 τοὺς
2578 3665 2768 3728 ἄλλους
2796 3663 2948 3738 [252]
2978 3663 3430 3736 σπουδαιοτέρους
3455 3665 3628 3719 ποιῶν.
3653 3663 3718 3714 Διό

2187 3767 2340 3822 φησι’
2356 3750 2506 3804 Νυνὶ
2521 3747 2589 3802 δὲ
2609 3749 2962 3818 κρινόμενοι,
2976 3749 3095 3802 ὑπὸ
3111 3749 3331 3816 Κυρίου
3345 3749 3718 3818 παιδευόμεθα.

2186 3833 2299 3887 Οὔκ
2323 3829 2466 3896 εἳπε,
2482 3832 2861 3902 Κολαζόμεθα,
2879 3833 2978 3885 οὐκ
2999 3827 3140 3896 εἷπε,
3159 3832 3578 3903 Τιμωρούμεθα,
3595 3827 3718 3888 ἀλλὰ,

2185 3912 2594 3982 Παιδευόμεθα
2615 3927 2628 3941 ·
2659 3911 2939 3974 νουθεσίας
2971 3911 3080 3980 γάρ
3117 3910 3314 3980 μᾶλλόν
3345 3913 3492 3966 ἐστιν
3523 3911 3552 3981 ἢ
3585 3925 3720 3962 κατε-

2149 4017 2156 4020 ·
2183 3997 2342 4067 δίκης
2369 3996 2428 4048 τὸ
2457 3994 2760 4066 γινόμενον,
2789 3993 3032 4064 ἰατρείας
3055 3993 3086 4062 ἠ
3108 3995 3398 4064 τιμωρίας,
3429 3994 3720 4064 διορθώσεως

2186 4079 2220 4150 ἢ
2252 4078 2546 4140 κολάσεως.
2575 4077 2649 4128 Οὐ
2685 4074 2861 4146 ταύτῃ
2887 4075 2946 4128 δέ
2973 4075 3154 4145 μόνον,
3187 4076 3324 4129 ἀλλά
3347 4077 3442 4132 καὶ
3471 4079 3534 4146 τῇ
3561 4073 3720 4140 ἀπειλῇ

2185 4161 2280 4216 τοῦ
2319 4160 2560 4232 μείζονος
2589 4159 2790 4229 κοῦφον
2817 4160 2880 4212 τὸ
2909 4159 3084 4230 παρὸν
3107 4161 3268 4222 ποιεῖ,
3295 4159 3490 4229 λέγων·
3527 4162 3634 4216 Ἵνα
3655 4157 3719 4224 μὴ

2187 4245 2308 4300 σὺν
2341 4243 2420 4309 τῷ
2451 4245 2657 4314 κόσμῳ
2685 4241 3146 4312 κατακριθῶμεν.
3193 4240 3347 4306 Εἶδες
3381 4244 3501 4308 πῶς
3537 4245 3620 4296 καὶ
3646 4243 3722 4310 τὴν

2186 4330 2409 4398 γέενναν
2427 4329 2716 4398 ἐπέστησε,
2745 4329 2924 4382 καὶτὸ
2945 4327 3170 4398 φρικτὸν
3193 4329 3370 4382 ἐκεῖνο
3393 4329 3720 4398 δικαστήριον,

2188 4413 2281 4466 καὶ
2307 4413 2605 4478 ἀναγκαῖον
2625 4410 2792 4478 ἔδειξε
2815 4412 2908 4464 καὶ
2929 4411 3144 4473 πάντως
3165 4411 3432 4484 ἐσομένην
3453 4412 3548 4482 τὴν
3565 4411 3722 4477 ἐξέτα-

2188 4512 2272 4548 σιν
2298 4494 2514 4564 ἐκείνην
2541 4493 2637 4546 καὶ
2659 4493 2757 4564 τὴν
2783 4494 3052 4563 τιμωρίαν
3075 4510 3088 4554 ;
3123 4495 3185 4546 Εί
3213 4495 3320 4566 γὰρ
3355 4498 3406 4549 οί
3443 4494 3612 4549 πιστοὶ
3649 4491 3722 4545 καὶ

2186 4579 2264 4651 τῷ
2291 4579 2412 4649 Θεῷ
2444 4578 2898 4650 περισπούδαστοι
2917 4579 3012 4630 οὐκ
3045 4578 3353 4648 ἀτιμωρητὶ
3378 4580 3721 4647 διαφεύγουσιν

2187 4667 2246 4719 ἐν
2271 4659 2352 4729 οἷς
2383 4665 2450 4718 ἀν
2483 4661 2919 4734 πλημμελήσωσι
2939 4701 2954 4724 ,
2995 4662 3091 4714 καὶ
3121 4661 3280 4731 δῆλον
3309 4664 3374 4714 ἐκ
3405 4663 3508 4716 τῶν
3552 4659 3720 4734 παρόν-

2185 4765 2316 4814 των,
2348 4747 2529 4820 πολλῷ
2581 4746 2780 4818 μᾶλλον
2826 4745 2877 4798 οί
2918 4746 3135 4799 ἄπιστοι
3181 4746 3276 4798 καὶ
3303 4747 3353 4798 οί
3385 4747 3454 4799 τὰ
3482 4746 3718 4814 ἀνήκεστα

2187 4832 2282 4886 καὶ¹
2307 4831 2500 4886 ἀνίατα
2527 4831 2882 4902 ἁμαρτόντες.
2913 4830 3097 4883 ’Ὥστε
3121 4832 3548 4900 συνερχόμενοι
3571 4825 3716 4892 alca)

2185 4918 2418 4987 φαγεῖν,
2444 4916 2756 4981 ἀλλήλους
2777 4914 3119 4984 ἐκδέχεσθε.
3145 4916 3266 4969 Ἔτι
3288 4917 3400 4986 γὰρ
3419 4915 3718 4988 ἀκμάζοντος

2188 5000 2374 5064 αὐτοῖς
2405 5001 2500 5076 τοῦ
2531 4998 2718 5066 φόϐου,
2757 5001 2850 5052 καὶ
2879 4997 2974 5051 τοῦ
3007 4998 3206 5070 τρόμου
3243 4999 3494 5069 μένοντος
3525 4997 3608 5050 τοῦ
3639 4993 3717 5061 τῆς

2189 5084 2434 5154 γεέννης,
2467 5083 2712 5153 βούλεται
2757 5083 2918 5136 πάλιν
2945 5081 3044 5154 τὴν
3075 5082 3215 5154 ὑπὲρ
3241 5081 3348 5135 τῶν
3373 5085 3604 5154 πενήτων
3629 5080 3717 5131 εἱσ-

2189 5169 2416 5233 αγαγεῖν
2469 5166 2825 5236 παραίνεσιν,
2875 5165 2942 5218 δι’
2973 5165 3042 5234 ἣν
3078 5165 3292 5219 ἅπαντα
3319 5165 3493 5218 ταῦτα
3539 5164 3714 5231 εἴρηκε.

2187 5251 2401 5312 δεικνὺς
2443 5249 2528 5302 ὅτι
2559 5249 2719 5303 τοῦτο
2749 5251 2824 5320 μὴ
2855 5249 3146 5312 ποιοῦντας
3171 5248 3404 5315 ἀναξίως
3431 5248 3544 5300 ἐστὶ
3575 5259 3714 5316 μετα·

2187 5331 2502 5402 λαμϐάνειν.
2540 5331 2600 5384 El
2633 5332 2692 5384 δὲ
2717 5333 2775 5384 τὸ
2803 5332 2876 5403 μὴ
2913 5331 3235 5402 μεταδοῦναι
3255 5331 3362 5384 τῶν
3389 5331 3550 5384 όντων
3571 5329 3714 5398 εἴργει

2187 5417 2284 5487 τῆς
2324 5416 2602 5487 τραπέζης
2634 5416 2868 5487 ἐκείνης.
2917 5415 3096 5486 πολλῷ
3133 5416 3328 5486 μᾶλλον
3367 5415 3427 5467 τὸ
3462 5411 3710 5484 ἁρπάζειν.

2187 5502 2298 5554 Καὶ
2349 5499 2450 5553 οὑκ
2490 5495 2665 5565 εἶπεν,
2716 5501 2882 5568 Ὥστε
2915 5499 3296 5570 συνερχόμενοι
3343 5496 3586 5568 μετάδοτε
3625 5493 3714 5570 τοξς

2186 5579 2478 5649 δεομένοις,
2518 5579 2632 5634 ἀλλ’
2666 5579 2696 5633 δ
2728 5567 3060 5650 σεμνότερον
3081 5567 3181 5650 γῆν,
3233 5567 3549 5644 Ἁλλήλους
3576 5567 3714 5626 ἐκδέ-

2187 5667 2385 5731 χεσθε.
2417 5664 2588 5717 Τοῦτο
2613 5663 2722 5734 γὰρ
2751 5664 2846 5718 καὶ
2873 5665 3050 5718 ἐκεῖνο
3091 5661 3450 5724 κατεσκεύαζε
3483 5653 3713 5734 15.11131151-

2185 5765 2326 5813 τετο,
2358 5749 2452 5801 καὶ
2482 5748 2622 5818 μετά
2651 5748 2746 5802 τοῦ
2781 5748 3080 5820 πρέποντος
3111 5746 3382 5816 σχήματος
3421 5741 3516 5810 τὴν
3547 5731 3714 5806 παραίο

2185 5849 2330 5886 νεσιν
2356 5835 2662 5904 εἰσήγαγεν.
2692 5827 2826 5886 Εἶτα
2851 5831 3036 5886 λοιπὸν
3063 5825 3440 5904 ἐντρεπτικῶς·
3469 5825 3538 5878 Εί
3560 5821 3621 5873 δέ
3642 5833 3712 5904 τις

2187 5913 2379 5983 πεινᾷ,
2411 5899 2664 5980 5110819)
2701 5915 2965 5972 ἐσθιέτω.
3009 5899 3330 5985 Ἐπίτρέψας
3360 5907 3612 5971 ἐκώλυσε,
3637 5899 3710 5956 καὶ
