3826 6216
155 302 261 360 233

0 436 53 473 .:::
155 434 271 474 rem
302 416 648 487 pertractavit
676 432 689 470 :
724 423 925 472 etcum
952 416 1245 474 dissereret
1272 428 1326 475 et
1353 420 1605 492 probaret
1629 436 1737 478 non

0 522 62 561 ::;
150 519 405 578 oportere
430 508 483 562 in
504 506 719 578 judiciis
739 508 973 578 litigare,
999 518 1122 565 tunc
1152 509 1392 567 incidens
1415 514 1469 567 in
1494 511 1737 569 admoni-

44 614 61 641 τ·
150 600 356 654 tionem
386 599 525 654 circa
548 599 845 663 avaritiam,
878 599 1042 655 multa
1069 600 1136 656 de
1156 600 1258 657 hoc
1281 612 1597 674 argumento
1616 619 1742 675 pro-

4 693 61 726 ετ
146 689 271 742 tulit
302 707 318 743 :
349 689 402 744 id
430 688 573 759 quod
600 690 763 745 etiam
792 689 877 746 hic
907 690 1047 746 facit.
1079 692 1210 761 Quia
1238 695 1379 749 enim
1408 696 1573 751 semel
1603 711 1737 767 opus

0 772 49 815 ῖί
142 780 345 846 fuerat,
374 790 431 836 ut
456 781 522 836 de
548 782 817 853 mysteriis
844 783 1206 851 meminisset,
1240 787 1606 842 necessarium
1634 802 1736 863 pu-

141 874 279 928 tavit
303 889 426 929 esse
448 874 549 929 hoc
566 848 815 945 persequi
831 886 1224 946 argumentum;
1246 893 1418 948 neque
1439 880 1581 935 enim
1605 878 1737 935 levis

7 954 53 983 “³
137 968 406 1021 momenti
454 976 573 1033 est;
599 965 827 1038 ideoque
854 968 1142 1025 admodum
1171 970 1488 1027 terribiliter
1527 971 1595 1028 de
1640 971 1735 1027 illo

10 1034 47 1064 ³)
135 1056 417 1125 disseruit,
442 1058 702 1113 bonorum
732 1034 894 1130 caput
923 1075 1043 1117 esse
1091 1062 1361 1131 probans,
1392 1063 1459 1119 ad
1609 1080 1732 1120 cum

14 1128 51 1214 ;f
130 1163 275 1219 pura
299 1150 625 1206 conscientia
638 1128 914 1208 accedere.
931 1151 1085 1209 Unde
1106 1169 1212 1208 non
1232 1164 1515 1211 contentus
1537 1156 1601 1211 iis
1613 1172 1733 1228 quae

130 1216 291 1310 prius
308 1240 535 1307 dixerat,
561 1242 675 1296 haec
690 1257 901 1313 quoque
922 1242 1104 1313 adjicit
1125 1243 1329 1311 dicens,
1354 1245 1543 1301 Probet
1564 1257 1733 1301 autem

22 1374 43 1404 τ
125 1334 364 1403 seipsum
387 1334 560 1401 homo;
581 1335 632 1389 id
649 1334 791 1406 quod
810 1336 973 1390 etiam
991 1337 1048 1391 in
1071 1338 1304 1393 secunda
1327 1340 1552 1410 epistola
1570 1340 1727 1398 dicit:

24 1398 54 1407 κ
139 1398 247 1479 Vos
269 1426 409 1496 ipsos
427 1398 628 1490 tentate,
645 1398 732 1481 v-os
754 1427 894 1497 ipsos
915 1429 1146 1499 probate;
1166 1446 1272 1484 non
1302 1430 1436 1487 sicut
1462 1446 1560 1488 nos
1588 1447 1730 1490 nunc

10 1544 49 1572 ;;ν
122 1515 386 1583 facimus,
405 1527 645 1589 tempore
665 1519 984 1575 conditionis
1001 1524 1177 1592 potius
1197 1524 1348 1589 moti,
1372 1540 1529 1596 quam
1552 1524 1729 1582 studio

16 1627 33 1657 ι
120 1608 322 1663 animi.
345 1608 457 1664 Non
479 1611 621 1665 enim
640 1610 689 1665 id
712 1626 982 1680 curamus,
1002 1624 1058 1668 ut
1080 1616 1273 1685 parati,
1293 1631 1321 1668 a
1343 1617 1496 1672 malis
1519 1620 1726 1690 purgati

116 1710 179 1754 et
204 1704 624 1773 compunctione
657 1705 798 1774 pleni
825 1706 1143 1763 accedamus
1164 1748 1180 1774 ,
1204 1707 1302 1764 sed
1345 1718 1403 1765 ut
1443 1709 1497 1765 in
1537 1709 1726 1767 diebus

117 1793 285 1847 festis
306 1804 508 1849 etcum
536 1811 726 1851 omnes
754 1797 1038 1854 accedunt.

18 1874 33 1901 ἒ
194 1885 541 1941 Conscientiae
570 1890 765 1959 paritas
790 1893 1187 1947 communicanti
1211 1896 1513 1953 necessaria.
1536 1926 1607 1936 —
1630 1897 1726 1954 Ve-

108 1993 247 2032 rum
276 1994 389 2033 non
416 1984 484 2034 ita
507 1980 665 2050 jussit
688 1982 921 2048 Paulus;
952 1984 1045 2039 sed
1071 2001 1234 2040 unum
1264 1989 1411 2043 novit
1436 1990 1724 2047 accedendi

4 2046 40 2117 .3
104 2080 171 2125 et
215 2046 656 2127 communicandi
688 2084 1047 2143 opportunum
1092 2085 1335 2148 tempus,
1380 2083 1723 2139 conscientiae

103 2176 327 2232 nempe
362 2161 664 2231 puritatem.
709 2163 841 2219 Nam
882 2167 927 2220 si
972 2166 1071 2222 hac
1110 2170 1298 2224 sensili
1339 2187 1521 2227 mensa
1564 2191 1721 2228 num-

6 2236 17 2239 ’
98 2268 286 2323 quam
319 2252 549 2310 fruimur
580 2255 713 2311 febri
743 2255 1051 2314 laborantes
1078 2273 1171 2315 aut
1193 2261 1507 2319 humoribus
1540 2267 1679 2336 plcni
1700 2308 1718 2335 ,

0 2384 29 2411 ,;
100 2357 167 2400 ut
206 2362 284 2402 ne
318 2361 631 2417 pereamus;
663 2350 834 2405 multo
855 2352 1030 2407 minus
1058 2352 1197 2410 hanc
1225 2364 1444 2427 tangere
1474 2358 1628 2413 nobis
1660 2360 1721 2414 li-

0 2468 29 2493 ;-.
96 2452 203 2496 cet
234 2457 367 2495 cum
395 2443 571 2511 pravis
601 2443 1053 2513 concupiscentiis
1078 2486 1093 2511 ,
1124 2462 1245 2518 qua:
1286 2450 1419 2504 febri
1447 2459 1572 2504 sunt
1598 2466 1719 2521 gra-

0 2556 21 2581 μ
94 2534 328 2587 viores.
375 2532 505 2587 Cum
548 2543 724 2589 autem
762 2550 954 2605 pravas
998 2536 1119 2593 dico
1156 2540 1637 2610 concupiscentias,
1664 2554 1719 2599 et

90 2639 416 2693 corporum
452 2625 574 2680 dico
612 2627 930 2695 cupiditates
954 2614 1009 2684 et
1046 2633 1391 2701 pecuniarum
1434 2644 1489 2690 et
1532 2636 1626 2691 irae
1664 2646 1719 2693 et

89 2717 443 2786 injuriarum
473 2720 878 2786 recordationis,
909 2731 964 2778 et
992 2738 1202 2791 omnes,
1229 2735 1286 2781 ut
1313 2744 1418 2783 uno
1441 2730 1604 2784 verbo
1634 2730 1717 2784 di-

0 2807 7 2835 ³
86 2825 271 2875 cam,
311 2826 433 2881 qua:
475 2828 649 2882 pravae
677 2814 1030 2886 absurdzeque
1073 2828 1215 2872 sunt.
1267 2819 1489 2888 Oportet
1534 2832 1714 2878 autem

83 2902 471 2957 accedentem
492 2944 508 2967 ,
540 2903 623 2959 his
645 2906 894 2961 omnibus
920 2907 1195 2964 exhaustis
1221 2925 1283 2964 ac
1310 2910 1587 2982 depositis.
1614 2930 1714 2985 pu-

84 3010 234 3047 rum
264 2993 398 3047 illud
426 2996 685 3066 attingere
710 2998 1061 3067 sacrificium;
1094 3017 1269 3071 neque
1293 3005 1527 3073 segniter
1543 3016 1596 3061 et
1615 3009 1714 3063 mi-

80 3100 233 3140 scre
284 3085 537 3141 allectum
586 3099 804 3159 propter
844 3090 1036 3147 festum
1074 3095 1192 3164 cogi
1220 3094 1284 3150 ad
1313 3098 1709 3167 accedendum;

76 3193 295 3246 neque
341 3193 528 3232 rursus
554 3190 934 3249 compunctum
960 3195 1009 3238 et
1038 3195 1280 3254 paratum
1309 3190 1613 3257 prohiberi,
1646 3207 1712 3248 eo

75 3270 261 3341 quod
297 3286 409 3325 non
439 3272 507 3325 sit
536 3272 651 3327 dies
677 3274 864 3330 festus.
916 3276 1038 3333 Dies
1065 3279 1209 3334 enim
1239 3280 1406 3337 festus
1431 3294 1513 3338 est
1538 3285 1710 3340 bono-

70 3380 228 3418 rum
257 3378 487 3433 Operum
510 3365 744 3421 exhibita
769 3367 944 3437 copia,
976 3370 1139 3424 animi
1167 3372 1337 3441 pietas
1357 3416 1372 3439 ,
1397 3387 1704 3433 accuratum

67 3458 230 3511 vita:
284 3457 591 3511 institutum
624 3476 637 3513 :
669 3459 712 3513 si
764 3459 879 3515 haec
925 3462 1163 3529 habeas,
1210 3475 1468 3537 perpetuo
1513 3468 1706 3526 festum

64 3565 271 3620 agere
314 3549 538 3618 poteris,
572 3559 626 3605 et
653 3566 869 3623 semper
903 3554 1180 3611 accedere.
1216 3557 1341 3612 ideo
1369 3560 1443 3615 ait
1474 3577 1489 3614 :
1516 3561 1706 3619 Probet

61 3654 279 3698 autem
306 3644 528 3713 seipsum
556 3647 915 3717 unusquisque,
939 3656 993 3702 et
1023 3658 1147 3704 tunc
1176 3653 1415 3708 accedat.
1438 3653 1549 3711 Nec
1571 3670 1705 3727 prat-

58 3740 231 3808 cipit
262 3746 325 3791 ut
351 3738 487 3791 alter
512 3738 737 3793 alterum
768 3741 977 3809 probet,
1001 3742 1095 3796 scd
1121 3752 1176 3797 ut
1195 3745 1419 3817 quisque
1443 3749 1699 3817 seipsum,

49 3831 375 3901 judicium
407 3839 644 3884 statuens
671 3830 811 3901 quod
840 3849 946 3887 non
977 3835 1045 3888 sit
1071 3837 1341 3906 publicum
1364 3881 1377 3903 ,
1412 3849 1463 3895 et
1506 3843 1702 3912 proba-

54 3926 311 3976 tionem
346 3920 464 3974 sine
501 3923 741 3977 testibus.
778 3923 868 3978 29.
910 3924 1008 3991 Qui
1040 3928 1174 3981 enim
1210 3932 1483 3986 manducet
1510 3946 1557 3988 et
1584 3936 1702 3990 bibit

51 4015 338 4085 indigne,
363 4013 620 4082 judicium
651 4013 859 4070 Domini
885 4017 977 4071 sibi
1000 4020 1270 4075 manducet
1300 4034 1344 4077 et
1370 4025 1510 4079 bibit.
1540 4028 1696 4096 Quid,

47 4122 309 4179 (μείρεο,
341 4104 519 4160 dicis?
554 4116 629 4161 tot
655 4110 920 4166 bonorum
945 4128 1103 4168 causa
1128 4156 1143 4180 ,
1178 4116 1447 4188 vitamque.
1477 4122 1697 4190 profun-

48 4205 231 4256 dons
281 4214 501 4265 mensa,
533 4201 645 4270 ipsa
666 4200 926 4272 judicium
964 4207 1233 4263 efﬁcitur?
1272 4210 1384 4266 Non
1413 4232 1480 4268 ex
1511 4226 1697 4274 natura

42 4308 197 4357 sua,
252 4291 459 4360 inquit,
490 4292 585 4346 sed
625 4306 689 4347 ex
731 4295 848 4365 ejus
889 4298 977 4366 qui
1015 4300 1221 4355 accedit
1262 4304 1503 4369 arbitrio.
1550 4309 1699 4366 Sicut

38 4385 234 4440 enim
270 4383 565 4450 prmsentia
604 4384 751 4452 ejus,
789 4403 906 4456 quae
952 4405 1143 4461 magna
1191 4393 1278 4448 illa
1317 4405 1371 4449 et
1411 4397 1694 4456 ineffabilia

34 4474 249 4530 nobis
282 4471 503 4527 confert
532 4475 692 4542 bona,
718 4492 812 4532 eos
842 4480 928 4548 qui
958 4496 1063 4535 non
1091 4484 1354 4553 accipiunt
1382 4489 1547 4559 magis
1569 4506 1697 4547 con-

30 4569 321 4621 demnat
359 4581 375 4617 :
401 4563 478 4618 sic
506 4572 559 4618 et
585 4568 838 4637 mysteria
864 4570 931 4623 ad
961 4571 1131 4640 majus
1157 4576 1475 4645 snppliciunt
1506 4579 1694 4637 viatica

23 4668 203 4714 sunt
248 4656 323 4710 iis
356 4656 447 4725 qui
481 4656 695 4727 indigne
718 4662 1056 4731 participant.
1087 4663 1195 4720 Cur
1224 4677 1400 4722 autem
1432 4671 1695 4741 judicium

19 4750 165 4807 sibi
212 4746 564 4803 manducat?
595 4748 717 4804 Non
736 4752 1019 4823 dijudicans
1039 4773 1223 4827 corpus
1249 4759 1477 4817 Domini.
1508 4766 1561 4820 ld
1589 4777 1690 4834 est,

16 4860 170 4900 non
215 4839 582 4906 examinans,
615 4858 720 4897 non
751 4845 1013 4914 cogitans,
1044 4858 1099 4903 ut
1125 4862 1415 4920 oporteret,
1445 4859 1689 4927 propOsi-

14 4949 271 4992 torum
323 4933 745 5003 magnitudinem
792 4947 846 4991 et
892 4938 1017 4993 doni
1063 4943 1456 5006 excellentiam.
1487 4949 1618 5005 Nam
1647 4953 1692 5007 si

6 5033 352 5083 accurate
383 5022 656 5093 didiceris,
685 5029 804 5098 quis
844 5030 915 5084 sit
960 5030 1048 5087 ille
1095 5034 1183 5105 qui
1229 5030 1454 5107 prostat,
1489 5053 1542 5096 et
1573 5043 1692 5113 quis

3 5134 187 5177 cum
259 5116 366 5180 sit,
418 5116 501 5169 cui
543 5115 634 5170 dat
674 5120 930 5189 seipsum,
972 5123 1117 5179 nullo
1147 5126 1253 5182 alio
1290 5136 1424 5200 opus
1468 5132 1691 5190 habebis

0 5220 391 5270 scrtllone;
421 5206 514 5260 sed
555 5208 656 5263 hoc
686 5209 778 5264 tibi
808 5211 938 5266 satis
966 5215 1068 5269 erit
1096 5215 1163 5271 ad
1192 5218 1548 5292 vigilantiam,
1585 5226 1689 5281 nisi

0 5301 235 5356 valde
267 5296 465 5365 lapsus
494 5296 679 5353 fueris.
712 5300 800 5356 30.
828 5301 958 5358 Ideo
986 5305 1115 5360 inter
1139 5325 1225 5363 vos
1251 5313 1399 5366 multi
1422 5315 1615 5385 inﬁrmi
1641 5328 1689 5372 et

0 5388 390 5453 imbecilles,
416 5396 463 5441 et
486 5391 742 5445 dormiunt
769 5396 935 5449 multi.
966 5396 1060 5452 llic
1081 5398 1190 5468 jam
1219 5418 1323 5457 non
1353 5405 1421 5460 ab
1444 5407 1561 5464 aliis
1582 5408 1688 5466 fert

0 5479 339 5550 Exempla
371 5519 386 5542 ,
419 5488 477 5532 ut
504 5479 629 5536 fecit
659 5484 800 5538 circa
829 5501 915 5553 ea,
942 5503 1061 5558 qua:
1090 5490 1361 5550 immolata
1390 5504 1544 5553 erant
1567 5500 1681 5556 ido-

0 5583 127 5643 lis,
171 5580 423 5628 veteres
463 5589 688 5630 narrans
716 5576 989 5646 historias,
1021 5592 1075 5638 et
1104 5584 1285 5656 plagas
1315 5588 1366 5643 in
1395 5592 1684 5651 solitudine

0 5675 359 5736 acceptas,
387 5663 483 5718 sed
512 5666 578 5720 ab
608 5667 736 5736 ipsis
759 5669 1068 5740 Corinthiis,
1097 5675 1148 5730 id
1180 5680 1321 5748 quod
1346 5683 1505 5738 etiam
1531 5688 1681 5743 vehe-

0 5758 415 5819 mentiorem
459 5756 714 5816 reddebat
740 5775 1063 5822 sermonem.
1105 5770 1238 5838 Quia
1267 5774 1409 5831 enim
1441 5776 1670 5836 diccbat.

1154 304 1218 361 ΙΝ
1254 304 1476 367 EPIST.
1515 307 1558 363 Ι.
1601 306 1696 364 AD
1734 307 1891 365 COR.
1935 310 2163 371 HOMIL.
2197 317 2434 379 XXVIII.

3326 340 3447 398 25K—

1845 422 2110 484 Judicium
2136 432 2233 488 sibi
2260 438 2567 506 manducet;
2615 452 2687 509 ct,
2710 444 2845 502 Reus
2875 458 2981 516 est;
3022 468 3089 510 ne
3113 457 3274 515 verba
3302 476 3432 531 pro-

1846 515 1985 573 ferre
2006 519 2268 593 videatur,
2300 525 2435 583 facta
2466 530 2670 602 adjicit,
2696 545 2750 590 et
2773 547 2937 595 testes
2961 515 3080 600 illos
3108 515 3354 619 advoca‘t,
3382 553 3432 610 id

1846 608 1989 678 quod
2041 614 2211 684 magis
2259 632 2418 689 quam
2466 624 2809 682 comminatio
2860 636 3209 707 perstringit,
3258 644 3435 700 minas
3478 663 3516 673 "

1842 698 2125 770 proferens
2168 705 2221 761 in
2253 724 2388 778 Opus
2411 725 2690 771 exeuntes.
2729 717 2912 792 Neque
2944 723 3028 781 his
3060 736 3264 786 tantum
3297 748 3432 789 con-

1845 799 2022 818 ,ηηη
2356 806 2361 811 .
2579 810 2595 818 -
2724 812 2739 818 -

1845 799 2045 864 tentus,
2071 797 2195 855 hine
2226 806 2530 862 sermonem
2560 810 2627 865 de
2657 812 2898 884 gehenna
2929 820 3131 879 inducit
3158 824 3431 901 iidemque
3481 809 3500 850 ἦ

1845 883 2006 953 facit;
2039 890 2305 963 utrimque
2329 906 2555 961 terrens.
2586 911 2640 957 et
2668 910 3017 975 quaestionem
3043 917 3276 988 solvens,
3308 939 3447 995 quae.

1838 1066 2108 1139 qurerunt,
2141 1078 2404 1135 undenam
2436 1083 2734 1145 immatura:
2765 1106 2989 1168 mortes,
3018 1103 3159 1161 unde
3188 1109 3426 1171 diuturni
3474 1166 3488 1182 ,

1841 1160 2010 1182 mn“
2417 1172 2430 1182 .
2519 1177 2530 1182 -

1838 1160 2034 1230 morbi,
2054 1164 2183 1221 dicit
2208 1166 2302 1225 illo
2324 1172 2488 1230 multa
2518 1177 2877 1252 inexspectata
2902 1160 3241 1261 peccatorum
3263 1219 3426 1264 causa

1838 1252 2100 1310 accidere.

1909 1345 1964 1401 2.
1997 1348 2134 1419 Quid
2164 1367 2312 1425 ergo,
2342 1357 2574 1431 inquies,
2605 1365 2681 1422 illi
2711 1372 2802 1441 qui
2846 1389 3110 1449 perpetuo
3142 1384 3281 1445 bene
3327 1408 3419 1449 va-

1834 1434 1969 1504 lent,
1998 1449 2053 1495 et
2076 1442 2143 1498 ad
2178 1457 2423 1518 vegetam
2469 1434 2790 1525 perveniunt
2838 1434 3173 1533 senectutem
3200 1522 3213 1546 ,
3238 1497 3419 1542 annon

1835 1529 1937 1601 ipsi
1984 1539 2253 1603 peccant?
2281 1540 2477 1614 Ecquis
2520 1548 2622 1606 hoc
2664 1529 3213 1630 dixerit?Quomodd

2938 1620 2973 1630 ..ρ
3026 1620 3203 1625 κνντη
3256 1620 3421 1646 υτυνο

1834 1620 2064 1693 inquies,
2094 1642 2198 1682 non
2230 1629 2359 1688 dant
2389 1641 2616 1705 poenas?
2646 1643 2780 1711 Quia
2813 1650 2924 1708 illic
2944 1660 3222 1726 graviores
3243 1666 3427 1726 daturi

1832 1722 1978 1769 sunt.
2011 1716 2121 1773 Nos
2150 1731 2329 1777 autem
2358 1728 2401 1781 si
2434 1731 2695 1801 velimus,
2745 1756 2921 1813 neque
2955 1746 3045 1804 hic
3092 1769 3266 1825 neque
3311 1759 3419 1817 illic

1836 1802 2005 1825 J-..--9
2060 1823 2071 1825 ς
2307 1816 2365 1825 ⁵·
2447 1820 2499 1825 -“

2830 1802 2847 1813 ι
3024 1802 3041 1804 ν
3092 1802 3266 1825 η-ηην
3311 1802 3415 1817 "ne

1831 1802 2007 1861 daturi
2054 1823 2261 1868 sumus.
2306 1816 2396 1871 51.
2436 1820 2499 1876 Si
2538 1826 2673 1880 enim
2720 1847 2812 1886 nos
2852 1835 2993 1906 ipsos
3028 1843 3415 1920 judicaremus,

2874 1895 2885 1906 ,
3028 1895 3050 1912 ι,
3101 1895 3415 1920 ν--,η.ν......,

1830 1895 2037 1967 inquit,
2086 1918 2189 1956 non
2237 1907 2412 1978 utique
2446 1914 2820 1983 judicaremur.
2858 1925 2967 1984 Nec
3011 1933 3180 2004 dixit,
3212 1937 3270 1996 Si
3317 1948 3415 2000 nos

1829 1985 1976 2058 ipsos
2016 1994 2413 2064 corriperemus
2450 2013 2505 2059 et
2543 2012 2960 2088 castigaremus;
2985 2026 3077 2080 sed
3129 2037 3334 2090 tantum
3371 2038 3416 2092 si

1828 2094 2048 2152 peccata
2096 2105 2391 2161 agnoscere
2431 2102 2691 2162 vellemus
2716 2151 2731 2176 ,
2761 2114 2804 2167 si
2836 2132 2933 2172 nos
2974 2118 3122 2191 ipsos
3161 2124 3417 2188 damnare

1828 2181 1881 2227 et
1908 2175 2214 2247 improbare
2241 2189 2380 2245 mala
2408 2206 2594 2263 Opera,
2619 2199 2975 2264 liberaremur
3016 2224 3070 2268 et
3097 2230 3126 2269 a
3160 2227 3413 2288 prumettti

1829 2272 1880 2288 Α.
1932 2282 1955 2288 -
2009 2268 2033 2288 ι’
2071 2281 2081 2288 -
2377 2282 2408 2288 “
2449 2285 2458 2288 ‘
2555 2286 2567 2288 Α

1827 2272 1883 2319 et
1929 2282 1960 2321 a
2006 2268 2189 2328 futuro
2232 2282 2518 2350 supplicio.
2551 2286 2682 2345 Nam
2735 2295 2824 2364 qui
2867 2300 3104 2372 seipsum
3155 2309 3408 2377 damnat,

1830 2354 1973 2377 ,,___,.
2010 2362 2043 2377 ._
2156 2367 2190 2377 λ
2328 2370 2333 2373 .
2414 2375 2423 2377 -

1824 2354 2110 2428 dupliciter
2154 2367 2333 2424 Deum
2376 2375 2584 2447 placat,
2619 2392 2673 2438 et
2725 2354 2868 2456 quod
2902 2354 3117 2463 peccata
3161 2416 3415 2473 agnoscat

1824 2456 1881 2502 et
1919 2455 2063 2520 quod
2111 2457 2163 2512 in
2207 2459 2391 2520 futuro
2428 2470 2499 2523 sit
2546 2474 2613 2527 ad
2666 2455 2995 2546 peccandum
3029 2455 3249 2549 tardio‘r.
3276 2495 3420 2565 Quia.

1824 2554 1953 2599 vero
1995 2560 2063 2601 ne
2106 2549 2210 2606 hoc
2255 2556 2469 2624 quidem
2518 2563 2589 2619 ita
2638 2567 2758 2625 leve
2810 2572 2984 2632 facere
3024 2582 3302 2657 volumus,
3352 2604 3413 2648 ut

3072 2634 3302 2657 ηψπ,
3353 2634 3410 2648 ς..

1822 2634 1997 2693 facere
2037 2654 2344 2717 Oporteret;
2375 2668 2444 2708 ne
2471 2657 2550 2711 sic
2583 2660 2797 2730 quidem
2830 2682 2929 2724 nos
2974 2673 3087 2729 vult
3111 2692 3233 2734 cum
3276 2683 3410 2742 orbe

1823 2737 2085 2788 terrarum
2107 2739 2315 2808 punire,
2345 2746 2441 2801 sed
2455 2748 2531 2803 sic
2546 2766 2760 2824 quoque
2789 2763 2979 2830 parcit,
3008 2765 3096 2823 hic
3114 2786 3299 2839 ptenas
3319 2792 3409 2832 re-

1825 2834 2045 2893 petens,
2080 2830 2166 2885 ubi
2212 2838 2530 2906 supplicium
2560 2856 2640 2901 est
2687 2857 3091 2921 temporaneum
3134 2874 3188 2919 et
3214 2882 3408 2939 magna

1825 2919 2111 2939 ..Α-»ηΑΙΑιξλ
2613 2938 2621 2939 ί

2802 2919 2811 2921 ἡ
3217 2919 3221 2920 ,
3303 2919 3407 2939 οη

1820 2919 2120 2976 consolatio
2153 2939 2166 2975 :
2202 2942 2322 2981 nam
2351 2945 2382 2984 a
2421 2938 2653 3001 peccatis
2705 2941 2950 3002 liberatio
3002 2961 3130 3021 est,
3168 2965 3226 3011 et
3267 2959 3407 3017 bona

1819 3006 2124 3068 futurorum
2177 3032 2304 3087 spes
2347 3038 2467 3093 qua:
2513 3035 2797 3097 praesentia
2847 3037 3031 3099 leniat.
3064 3044 3192 3103 llzec
3241 3066 3405 3121 porro

1824 3100 1943 3121 μη,
2051 3106 2062 3118 .
2164 3109 2222 3121 ..
2275 3112 2298 3121 η

3140 3100 3187 3103 η
3241 3100 3403 3121 ,----

1818 3100 1985 3170 dicit,
2020 3106 2178 3164 simul
2211 3112 2451 3172 infirmos
2491 3125 2811 3197 consolans,
2842 3141 2897 3187 et
2942 3134 3078 3192 alios
3100 3140 3405 3213 diligentia»

1818 3209 1905 3248 res
1932 3197 2181 3256 reddens.
2215 3202 2339 3262 Ideo
2365 3210 2437 3264 ait
2466 3231 2479 3267 ε
2512 3215 2599 3269 52.
2628 3217 2781 3275 Nunc
2820 3236 2990 3283 autem
3033 3248 3149 3287 cum
3186 3238 3402 3306 judica-

1816 3302 1930 3341 mur
1953 3331 1968 3355 ,
2018 3308 2050 3345 a
2080 3293 2300 3354 Domino
2346 3307 2661 3376 corripimur.
2687 3313 2804 3371 Non
2836 3319 3007 3389 dixit,
3032 3326 3415 3403 Castigamur,

1820 3396 1919 3403 ---_
1963 3383 2005 3403 λς
2050 3386 2083 3403 ο-
2139 3389 2170 3403 η
2291 3394 2323 3403 ··
2364 3398 2375 3403 -
2481 3400 2509 3403 ’⁷

1816 3396 1922 3435 non
1954 3383 2108 3455 dixit,
2138 3389 2413 3463 Supplicio
2436 3400 2725 3473 afficimur,
2743 3415 2860 3482 sed,
2887 3383 3208 3489 Corripimu:
3231 3442 3252 3481 :
3275 3383 3399 3486 naui

1813 3476 1953 3544 quod
1984 3477 2042 3533 fit
2068 3486 2236 3554 magis
2276 3499 2356 3544 est
2386 3493 2767 3557 admonitionis
2818 3523 2975 3578 quam
2998 3514 3356 3579 damnationis
3380 3568 3396 3593 ,

1813 3567 2088 3593 mn.l:-!--_
2130 3592 2137 3593 ,
2204 3591 2212 3593 Α
2452 3585 2485 3593 ..
2526 3587 2556 3593 --

2834 3567 2849 3578 ,
3039 3567 3356 3579 __-_---_-.-...-
3380 3568 3396 3593 ,

1811 3567 2092 3626 medicina:
2121 3591 2279 3645 quam
2311 3585 2581 3656 supplicii,
2606 3599 2958 3657 correctionis
2986 3620 3144 3675 quam
3172 3615 3402 3687 castiga-

1811 3660 1972 3687 ἰη-εει.
2021 3662 2132 3687 ΗΑ*
2174 3667 2266 3687 ΙμΑΑ
2375 3683 2383 3687 -

1811 3660 1994 3714 tionis.
2020 3662 2137 3720 Non
2172 3667 2273 3724 hoc
2299 3683 2476 3730 autem
2507 3688 2910 3759 tantummodo,
2957 3697 3050 3751 sed
3076 3710 3131 3755 et
3174 3660 3399 3762 commi-

1811 3753 2029 3812 natione
2060 3759 2280 3827 majoris
2308 3781 2482 3835 paena:
2510 3772 2623 3830 leve
2652 3779 2827 3837 reddit
2854 3753 2978 3843 illud
3002 3832 3016 3856 ,
3049 3793 3234 3851 dicens
3262 3815 3275 3852 :
3328 3800 3395 3857 Ut

1808 3857 1910 3897 non
1955 3862 2070 3902 cum
2114 3855 2305 3911 mundo
2352 3860 2669 3922 damnentur.
2709 3870 3188 3950 Viden’quomodo
3217 3899 3392 3964 ctge-

1808 3934 2039 3964 l.............
2084 3941 2172 3964 2...:
2201 3963 2226 3964 η
2263 3963 2267 3964 ,
2319 3950 2351 3964 ,Α
2523 3956 2536 3964 .

1807 3934 2042 3994 bennam
2084 3941 2391 4019 induxerit,
2438 3964 2493 4009 et
2521 3956 2782 4019 horribile
2829 3934 2960 4025 illud
3016 3934 3393 4049 tribunalch

1806 4033 2118 4090 necessario
2145 4035 2377 4097 futuram
2413 4050 2712 4108 ostenderit
2757 4057 2900 4115 illam
2950 4071 3391 4138 perquisitioncm

1806 4126 1860 4172 ct
1890 4123 2222 4190 punitionem
2246 4131 2269 4185 ’ἶ
2290 4131 2423 4189 Nam
2451 4137 2497 4192 si
2532 4139 2719 4200 fideles
2756 4158 2810 4203 et
2830 4153 2916 4222 qui
2945 4123 3221 4218 beolcura:
3241 4180 3387 4233 sunt,

2847 4213 2863 4222 -
3149 4213 3162 4216 ν
3179 4213 3218 4218 η
3241 4213 3387 4233 --υ--ι

1806 4225 1912 4265 non
1944 4213 2163 4284 impune
2188 4219 2391 4293 fugient
2422 4242 2763 4299 peccatorum
2788 4256 2976 4311 poenas
3002 4289 3016 4313 ,
3068 4259 3123 4305 ut
3152 4269 3216 4309 ex
3248 4274 3391 4327 prae-

1806 4304 2047 4327 ..,....o!l---_
2097 4324 2119 4327 λ
2166 4311 2179 4327 ι
2571 4325 2579 4327 “

2788 4304 2803 4311 -
3003 4304 3015 4313 ν
3110 4304 3117 4305 ί
3160 4304 3216 4309 "'
3248 4304 3357 4327 [ην

1804 4304 2048 4363 sentibus
2095 4311 2267 4380 palam
2299 4328 2421 4386 est,
2475 4325 2642 4379 multo
2691 4330 2867 4389 minus
2915 4339 3155 4399 infideles
3200 4359 3253 4402 et
3299 4354 3391 4422 qui

1803 4397 1983 4464 gravia
2015 4399 2440 4481 insanabiliaque
2484 4418 2686 4474 scelera
2736 4424 3041 4485 admittunt.
3070 4397 3390 4512 55.1tttque,

1804 4506 1920 4545 cum
1961 4498 2235 4554 convenitis
2264 4503 2333 4556 ad
2374 4510 2819 4585 manducandum,
2843 4521 3056 4580 invicem
3082 4545 3385 4601 exspectate.

1804 4582 1847 4601 ιγ
1988 4588 2001 4601 .
2164 4593 2173 4601 -
2332 4599 2341 4601 -

1802 4582 1935 4640 Nam
1970 4588 2095 4645 dum
2127 4593 2269 4664 viget
2309 4599 2467 4655 timor
2493 4612 2548 4659 et
2589 4608 2852 4676 gehennae
2896 4624 3099 4676 tremor
3138 4640 3390 4694 persevc—

1804 4687 1923 4747 rat,
1957 4683 2069 4738 vult
2098 4684 2291 4744 iterum
2338 4707 2436 4763 pro
2475 4702 2795 4770 pauperibus
2837 4683 3257 4774 admonitionem
3303 4722 3387 4777 in-

1802 4769 2034 4841 ducere,
2079 4778 2232 4849 cujus
2278 4798 2436 4841 causa
2481 4787 2598 4846 haec
2641 4796 2821 4855 omnia
2866 4800 3040 4873 dixit,
3095 4813 3387 4871 ostendens

1802 4864 1946 4935 illos,
1977 4870 2022 4924 si
2050 4871 2100 4926 id
2132 4890 2240 4931 non
2267 4890 2506 4950 servent,
2540 4884 2787 4959 indignos
2812 4909 2936 4951 esse
2964 4899 3054 4968 qui
3085 4910 3386 4964 communi-

1801 4968 1944 5014 cent.
1970 4960 2123 5028 Quod
2170 4967 2213 5022 si
2245 4968 2312 5023 de
2359 4970 2702 5034 facultatibus
2757 4998 2861 5039 non
2892 4960 3109 5061 elargiri
3128 5035 3144 5061 ,
3176 4997 3245 5053 ab

1801 5066 1983 5106 mensa
2009 5068 2191 5123 arcet;
2225 5062 2394 5119 multo
2423 5069 2594 5138 magis
2624 5087 2819 5143 rapere
2840 5094 3041 5139 arceat.
3070 5086 3180 5143 Nec
3204 5090 3371 5165 dixit,

1801 5140 1978 5165 l--_---
2013 5161 2053 5165 ιγ
2112 5164 2117 5165 ν
2216 5152 2227 5162 ⁸
2309 5163 2317 5165 Α
2421 5155 2434 5165 “
2688 5164 2693 5165 ⁷

1800 5140 1982 5213 itaque
2005 5152 2385 5211 convenientes
2402 5155 2525 5214 date
2543 5140 2727 5232 egenis
2752 5183 2768 5233 ;
2808 5170 2904 5226 sed
2935 5177 3077 5246 quod
3104 5140 3395 5241 honestius.

1799 5247 1937 5305 erat,
1969 5237 2115 5295 Alter
2142 5246 2359 5301 alterunt
2386 5265 2690 5322 exspectate.
2714 5259 2823 5317 lloc
2844 5237 2985 5322 enim
3018 5272 3146 5328 illud
3172 5292 3384 5351 quoque

1799 5331 2097 5398 apparabat
2126 5346 2177 5390 et
2208 5341 2612 5413 subindicabat,
2642 5366 2708 5409 ac
2751 5368 3064 5430 congruenti
3097 5331 3259 5427 modo
3287 5331 3383 5430 Ξά-

1800 5423 2149 5482 monitionem
2172 5429 2397 5491 induxit.
2422 5439 2623 5499 Deinde
2641 5462 2824 5503 rursus
2842 5454 3102 5524 pudorem
3126 5462 3381 5523 inferens:

1796 5511 1884 5567 54.
1914 5513 1975 5569 Si
2002 5519 2115 5585 quis
2132 5534 2303 5580 autem
2324 5532 2504 5599 esurit,
2536 5535 2673 5591 domi
2703 5548 2989 5603 manducet.
3014 5551 3395 5615 Permittendo

1794 5601 2074 5679 impedivit
2103 5614 2266 5671 etiam
2298 5620 2671 5685 vehementius
2692 5672 2707 5693 .
2736 5648 2896 5705 quam
2924 5640 2969 5694 si
2999 5644 3360 5713 prohibuisset

1796 5692 1836 5713 ,ς
2004 5700 2015 5713 .
2088 5704 2098 5713 .
2254 5711 2263 5713 -

2698 5692 2701 5693 ν
2752 5692 2770 5705 _
2934 5692 2968 5694 ἡ-
2999 5692 3360 5713 ,--..-_.......-.

1795 5692 1872 5749 Ex
1906 5700 2133 5760 ecclesia
2177 5711 2321 5766 enim
2354 5714 2513 5773 illum
2556 5722 2778 5793 eduxit,
2807 5730 2940 5787 etin
2972 5733 3189 5794 domum
3216 5744 3374 5799 remi-

1795 5787 1896 5863 sit;
1922 5792 2016 5853 hoc
2042 5799 2144 5857 ritu
2172 5803 2289 5864 illos
2318 5809 2669 5876 vehementer
2689 5810 3057 5898 perstringens
3082 5842 3239 5905 atque
3267 5840 3381 5917 tra.
