3776 6378
465 413 575 470 155

464 526 692 590 ducens,
717 519 869 592 quasi
886 516 1090 574 ventris
1109 529 1318 583 servos,
1335 513 1428 584 qui
1448 527 1548 568 nec
1572 510 1790 567 diﬂ'erre
1811 518 2054 580 possent.

463 617 654 688 Neque
691 615 836 671 enim
862 611 1016 679 dixit,
1042 609 1099 666 Si
1119 609 1242 680 quis
1264 619 1530 678 pauperes
1555 603 1816 674 despicit;
1847 601 1964 667 sed,
1992 599 2058 655 Si

460 711 574 782 quis
591 707 764 770 esurit,
789 705 941 776 quasi
960 715 1156 774 pueros
1172 698 1366 755 famem
1382 713 1489 752 non
1507 697 1740 752 ferentes
1755 693 2053 764 alloquens,

460 815 738 872 tamquam
786 800 943 853 bruta
993 793 1168 851 ventri
1220 790 1534 848 servientis.
1565 787 1866 843 Ridiculum
1908 785 2054 841 enim

457 895 691 962 fuisset,
719 891 768 950 si
813 890 884 946 ob
913 888 1150 946 esuriem
1194 885 1341 942 domi
1383 883 1820 940 manducassent.
1847 878 1958 935 Sed
1998 886 2056 934 et

459 986 608 1043 aliud
646 982 938 1041 terribilius
986 979 1260 1050 subiunxit
1281 1020 1298 1044 ,
1325 977 1512 1032 dicens
1545 992 1560 1030 :
1593 973 1662 1031 Ut
1700 990 1802 1028 non
1828 973 1881 1026 in
1899 971 2052 1043 judi-

461 1079 595 1134 cium
625 1075 973 1139 conveniatis;
999 1081 1059 1128 ut
1086 1086 1196 1127 non
1222 1070 1276 1124 in
1301 1065 1708 1138 castigationem
1729 1105 1746 1132 ,
1779 1071 1838 1119 ut
1861 1078 1966 1119 non
1995 1062 2051 1118 in

455 1169 816 1243 supplicium,
846 1166 977 1224 dum
1016 1163 1304 1221 ecclesiam
1347 1158 1672 1218 contumelia
1712 1154 1963 1223 afficitis,
1993 1163 2052 1214 et

454 1263 680 1321 fratrem
710 1262 766 1317 in
799 1259 1064 1332 pudorem
1085 1254 1373 1326 conjicitis.
1405 1251 1539 1308 Nam
1570 1249 1692 1306 ideo
1717 1247 2045 1316 convenitis,

455 1354 669 1428 inquit,
694 1362 754 1410 ut
781 1367 880 1408 vos
909 1358 1096 1406 mutuo
1129 1345 1398 1417 diligatis,
1441 1352 1499 1398 ut
1521 1339 1786 1412 juvemini
1815 1347 1870 1396 et
1890 1338 2048 1408 juve-

455 1451 566 1506 tis:
597 1449 643 1506 si
688 1461 820 1503 vero
858 1441 1186 1504 contrarium
1225 1439 1350 1504 fiat,
1399 1436 1592 1492 melius
1639 1443 1785 1491 esset
1823 1432 1869 1488 si
1898 1430 2046 1488 domi

456 1540 836 1599 comederetis.
861 1537 974 1598 lIoc
998 1544 1175 1594 autem
1221 1531 1473 1598 dicebat,
1529 1538 1588 1584 ut
1613 1528 1735 1587 illos
1762 1526 1932 1596 magis
1957 1534 2046 1580 at-

457 1633 719 1691 traheret.
742 1630 866 1688 ideo
891 1629 1035 1685 enim
1057 1627 1310 1682 damnum
1333 1623 1456 1680 inde
1481 1635 1763 1691 emergens
1786 1617 2042 1686 ostendit,

457 1739 516 1784 et
541 1727 753 1798 culpam
783 1723 918 1778 dixit
958 1735 1079 1777 esse
1117 1735 1226 1774 non
1270 1731 1532 1786 parvam;
1573 1723 1734 1785 atque
1779 1711 1925 1767 omni
1969 1726 2042 1767 ex

452 1830 609 1892 parte
632 1815 892 1874 deterruit
922 1855 938 1882 ,
970 1828 999 1866 a
1032 1810 1332 1885 mysteriis,
1355 1809 1422 1870 ab
1453 1805 1698 1873 infirmis,
1724 1819 1752 1858 a
1781 1802 2006 1859 mortuis
2025 1844 2042 1870 ,

453 1911 525 1966 ab
553 1910 672 1966 aliis
698 1922 861 1978 supra
887 1904 1064 1961 dictis.
1098 1902 1300 1959 Deinde
1314 1900 1419 1956 alio
1439 1912 1653 1971 quoque
1678 1895 1839 1952 modo
1857 1904 2040 1962 terret,

452 2007 639 2062 dicens
669 2021 683 2057 :
712 2001 905 2057 Cretera
929 2010 1100 2053 autem
1147 2013 1261 2052 cum
1290 2010 1471 2049 venero
1501 1992 1814 2064 disponam;
1842 1999 1935 2044 aut
1975 1988 2043 2043 ad

454 2093 700 2168 quaedam
731 2092 835 2146 alia
855 2131 872 2158 ,
900 2099 992 2144 aut
1020 2088 1086 2143 ad
1125 2086 1226 2141 hoc
1269 2086 1466 2156 ipsum.
1493 2083 1628 2152 Quia
1658 2083 1803 2138 enim
1851 2081 2042 2137 verisi-

455 2187 586 2242 mile
615 2193 699 2240 est
745 2183 890 2254 ipsos
919 2180 1119 2236 dixisse
1162 2177 1294 2233 alias
1335 2191 1548 2247 quoque
1584 2190 1807 2241 causas,
1837 2183 1892 2228 et
1933 2187 2040 2228 non

450 2277 695 2352 potuisse
741 2275 920 2330 omnia
956 2288 1053 2343 per
1082 2271 1264 2325 literas
1292 2267 1490 2339 corrigi
1525 2265 1698 2334 :Qna:
1744 2265 2039 2332 admonui,

449 2369 662 2440 inquit,
692 2367 907 2421 interim
957 2371 1250 2420 serventur
1283 2378 1297 2415 :
1329 2360 1372 2414 si
1403 2358 1533 2430 quid
1577 2366 1757 2413 autem
1782 2355 1925 2412 aliud
1954 2355 2040 2412 di-

445 2451 682 2517 cendum
733 2455 1060 2521 habueritis,
1104 2453 1157 2508 id
1200 2466 1369 2522 usque
1413 2450 1479 2505 ad
1524 2450 1813 2505 adventum
1860 2463 2040 2506 meum

450 2561 701 2609 servetur
724 2567 740 2618 ;
763 2557 854 2605 aut
879 2549 946 2603 de
974 2547 1074 2602 hac
1101 2561 1160 2601 re
1188 2546 1436 2616 loquens,
1470 2551 1528 2599 ut
1556 2543 1685 2604 dixi.
1712 2551 1804 2603 aut
1824 2541 1892 2598 de
1919 2540 2040 2597 aliis

448 2643 794 2715 quibusdam,
823 2656 945 2712 quae
972 2654 1077 2694 non
1103 2636 1391 2692 admodum
1420 2634 1702 2705 urgebant.
1722 2633 1835 2690 Hoc
1860 2642 2038 2696 autem

438 2735 596 2800 facit,
628 2745 684 2789 ιιι
712 2734 835 2789 illos
857 2731 982 2787 inde
1005 2727 1358 2789 studiosiores
1387 2726 1579 2783 reddat
1610 2743 1623 2779 :
1654 2740 1776 2781 nam
1795 2724 1863 2785 de
1889 2724 2036 2782 illius

445 2831 682 2885 adventu
712 2825 966 2892 solliciti,
999 2833 1219 2894 peccata
1263 2819 1602 2877 emendaturi
1650 2827 1824 2875 erant.
1857 2817 2038 2890 Neque

445 2922 592 2977 enim
621 2919 756 2976 levis
782 2933 870 2974 res
895 2925 1046 2984 erat,
1077 2913 1220 2988 quod
1251 2915 1449 2969 Paulus
1477 2927 1545 2970 eo
1565 2922 1826 2969 venturus
1849 2922 1994 2968 esset
2019 2927 2035 2978 ;

441 3013 608 3084 idque
632 3009 924 3076 ostendens
945 3008 1160 3074 dicebat
1188 3025 1205 3065 :
1237 3008 1311 3062 Ac
1337 3007 1382 3062 si
1418 3023 1520 3062 non
1562 3015 1801 3060 venturus
1842 3005 1941 3060 sim
1969 3006 2038 3060 ad

434 3094 554 3171 'vos,
581 3106 655 3159 sic
679 3103 866 3173 'in/lati
899 3109 1017 3158 sunt
1057 3099 1265 3170 quidam
1311 3099 1388 3168 (i.
1414 3099 1536 3154 Cor.
1568 3099 1620 3153 4.
1654 3099 1780 3168 l8);
1809 3108 1864 3152 et
1906 3097 2034 3152 alibi

440 3213 684 3264 rursum,
717 3195 837 3250 Non
868 3208 1127 3264 tamquam
1163 3193 1219 3248 in
1246 3192 1513 3263 praesentia
1535 3207 1646 3252 mea
1683 3199 1882 3246 tantum
1901 3232 1916 3256 ,
1944 3191 2038 3245 sed

443 3289 608 3344 multo
638 3286 801 3357 magis
825 3286 880 3339 in
907 3285 1156 3351 absentia,
1174 3300 1289 3337 cum
1316 3283 1492 3339 timore
1518 3293 1564 3336 et
1591 3293 1804 3338 tremore
1823 3295 2036 3338 vestram

378 3377 380 3380 ’
445 3380 663 3434 salutent
692 3364 969 3449 operamini
994 3373 1254 3446 (Philipp.
1284 3373 1484 3444 2.12).
1539 3373 1662 3428 Ideo
1709 3389 1814 3429 non
1860 3374 2034 3434 solum

441 3470 700 3544 promisit
728 3485 789 3527 se
814 3478 1100 3525 venturum
1131 3481 1252 3524 esse
1278 3508 1295 3535 ,
1326 3482 1392 3522 ne
1418 3482 1523 3522 non
1550 3467 1835 3532 crederent
1859 3477 1915 3523 et
1943 3484 2036 3526 nea

443 3564 798 3634 gligentiores
849 3560 1184 3626 evaderent;
1228 3559 1322 3617 sed
1373 3569 1430 3615 et
1477 3560 1840 3616 necessariam
1884 3561 2034 3618 addit

445 3657 715 3712 adventus
746 3669 967 3711 causam
1005 3652 1219 3719 dicens,
1249 3650 1444 3706 Caetera
1487 3669 1603 3706 cum
1647 3669 1828 3709 venero
1857 3655 2034 3726 dispo-

444 3767 607 3815 nant,-
645 3746 938 3804 ostendens
989 3753 1310 3801 cacterorum
1357 3746 1749 3801 correctionem
1775 3789 1791 3814 ,
1824 3747 2033 3803 etiamsi

443 3860 557 3902 non
610 3841 832 3908 omnino
894 3838 1205 3906 festinaret,
1257 3838 1431 3915 ipsum
1498 3838 1636 3896 istuc
1686 3848 2033 3904 attracturam

442 3936 632 3998 fuisse.

519 4031 574 4086 5.
608 4026 823 4083 Horatia
861 4025 1166 4085 exhortatio.
1217 4023 1409 4082 Luctus
1455 4025 1820 4091 immoderatus
1859 4030 2034 4092 vitan-

448 4125 568 4178 dus.
591 4119 710 4175 Jobi
733 4118 978 4199 patientia
1007 4116 1328 4177 describitur.
1355 4147 1425 4158 —
1451 4116 1577 4174 liam
1599 4133 1728 4190 ergo
1757 4117 2035 4176 audientes

445 4215 663 4278 omnia,
707 4223 760 4268 et
810 4224 1104 4286 pauperum
1151 4223 1396 4280 magnam
1439 4223 1622 4264 curam
1668 4223 1950 4280 geramus,
1983 4219 2037 4264 et

445 4315 690 4362 ventrem
727 4301 1072 4361 moderemur
1095 4343 1110 4368 ,
1142 4309 1302 4371 atque
1323 4300 1390 4356 ab
1414 4299 1676 4356 ebrietate
1717 4301 2032 4370 liberemur,

446 4407 504 4456 et
553 4395 824 4470 mysteriis
875 4393 1038 4464 digne
1084 4392 1407 4464 participare
1452 4392 1794 4458 Studeamus;
1825 4407 1887 4448 ea
1915 4407 2035 4463 qua:

444 4488 594 4563 passi
619 4486 880 4544 fuerimus
901 4526 916 4551 ,
944 4500 1050 4539 non
1080 4499 1224 4555 aegre
1253 4482 1487 4540 feramus
1505 4525 1520 4550 ,
1552 4499 1729 4554 neque
1759 4485 1811 4538 in
1838 4484 1992 4539 nobis
2016 4526 2031 4551 ,

445 4597 626 4654 neque
667 4580 721 4635 in
747 4579 868 4634 aliis
896 4595 911 4633 :
939 4577 1086 4634 verbi
1117 4577 1287 4648 gratia
1330 4579 1784 4639 cumimmaturze
1833 4587 2034 4637 mortes

445 4673 732 4738 accidunt,
763 4685 886 4726 cum
936 4669 1175 4724 diuturni
1222 4667 1417 4723 morbi.
1450 4669 1564 4725 Hoc
1593 4669 1735 4725 enim
1775 4678 1858 4724 est
1896 4669 2034 4726 libe-

445 4765 586 4821 ratio
610 4761 958 4833 asupplicio,
993 4761 1092 4815 hoc
1118 4760 1416 4824 correctio,
1451 4759 1554 4815 hoc
1595 4760 1890 4818 admonitio
1933 4776 2034 4832 op-

448 4857 600 4909 tima.
629 4853 760 4923 Quis
790 4852 907 4908 haec
931 4851 1096 4907 dicit?
1120 4851 1221 4918 Qui
1251 4849 1525 4905 Christum
1551 4850 1604 4904 in
1634 4865 1692 4906 se
1724 4837 2030 4922 loquentem

449 4945 703 5002 habebat.
735 4945 984 5000 Attamen
1031 4944 1193 5000 etiam
1241 4951 1364 5013 post
1392 4941 1510 4998 haec
1556 4945 1810 5001 mulieres
1855 4947 2035 5003 multa:

449 5038 525 5093 ita
557 5050 722 5092 sensu
748 5035 1018 5091 destitutae
1058 5043 1218 5101 sunt,
1255 5043 1313 5090 ut
1343 5034 1396 5089 in
1443 5035 1618 5092 luctus
1660 5038 2035 5107 exsuperantia

449 5131 600 5201 ipsos
647 5127 810 5184 etiam
858 5127 1098 5183 infideles
1142 5137 1404 5197 superent
1448 5145 1461 5183 :
1503 5138 1558 5184 et
1603 5129 1721 5184 alia:
1760 5131 2035 5200 quidemn

448 5223 598 5277 luctu
638 5220 789 5291 quasi
822 5219 1056 5276 tenebris
1103 5219 1311 5275 obrutae
1355 5220 1458 5276 hoc
1489 5220 1728 5278 faciunt:
1755 5223 1874 5283 alia:
1905 5239 2034 5280 vero

451 5314 522 5369 ad
549 5314 965 5371 ostentationem
989 5352 1004 5376 ,
1036 5321 1090 5366 et
1135 5321 1192 5367 ut
1216 5322 1562 5369 externorum
1608 5316 2036 5378 criminationem

450 5409 664 5476 vitent,
712 5420 846 5477 quas
886 5405 1031 5461 omni
1081 5406 1233 5461 venia
1282 5407 1512 5474 privatas
1558 5406 1698 5462 dico.
1723 5407 1794 5464 Ut
1833 5425 1902 5464 nc
1947 5410 2038 5466 ille

449 5504 578 5561 talis
605 5503 836 5568 incuset,
864 5499 1133 5569 inquiunt,
1155 5499 1364 5554 incuset
1391 5498 1572 5565 Deus;
1603 5511 1665 5555 ut
1695 5516 1763 5555 ne
1792 5500 2037 5562 homines

450 5597 623 5654 brutis
648 5593 974 5649 amentiores
1000 5604 1099 5647 nos
1126 5589 1405 5655 damnent,
1436 5590 1522 5646 lex
1549 5591 1709 5662 Regis
1754 5591 2037 5648 universo-

452 5705 573 5750 rum
623 5687 990 5743 conculcetur.
1016 5685 1082 5740 Et
1111 5692 1242 5756 quot
1263 5682 1582 5741 fulminibus
1605 5685 1722 5741 haec
1747 5686 1906 5758 digna
1929 5702 2035 5743 non

455 5781 688 5841 fuerint?
715 5780 768 5838 Si
793 5789 915 5852 post
936 5780 1138 5838 luctum
1169 5787 1220 5836 te
1247 5779 1510 5852 quispiam
1538 5780 1604 5836 ad
1625 5796 1832 5837 ctenam
1861 5792 2034 5850 vocet,

451 5889 617 5942 nemo
641 5883 722 5954 est
751 5875 840 5954 qui
873 5885 1086 5946 renuat,
1119 5873 1242 5948 quia
1267 5873 1354 5933 lcx
1371 5872 1602 5932 humana
1629 5874 1731 5933 hoc
1759 5874 2032 5950 praecipit;

1181 403 1242 461 S.
1277 399 1556 459 JOANNIS
1591 395 2034 457 CHRYSOSTOM

2146 396 2428 454 tRCllIEP.
2455 397 2984 456 (ΖΟΝΒΤᾹΝΤΙΝΟΡ.
3596 407 3678 467 εδδ

2171 508 2282 566 Deo
2318 519 2495 566 autem
2522 511 2591 567 de
2618 527 2724 567 non
2757 512 2987 582 lugendo
3014 509 3184 582 legem
3207 509 3428 571 ferente.
3457 511 3518 566 ita
3534 527 3675 570 omnes

2165 601 2556 658 contradicunt.
2593 603 2710 658 Non
2752 603 2955 673 cogitas
2999 601 3233 669 Jobum,
3274 617 3309 658 ο
3355 604 3562 660 mulier?
3597 623 3674 663 non

2164 693 2466 750 recordaris
2485 709 2674 751 vocum
2703 695 2820 766 ejus
2846 695 2899 750 in
2927 695 3232 751 calamitate
3256 697 3552 753 amissorum
3575 699 3678 752 ﬁlio-

2162 799 2304 851 rum,
2326 801 2446 856 qure
2473 787 2742 841 sexcentis
2767 787 2985 842 coronis
3013 801 3226 842 sacrum
3255 787 3385 842 illud
3411 797 3551 857 caput
3564 789 3678 843 redi-

2161 875 2414 942 mierunt,
2442 885 2498 932 et
2522 876 2852 947 splendidius
2878 892 3038 948 quam
3082 877 3223 933 tubte
3249 878 3428 933 multa:
3465 878 3682 948 depudi-

2160 966 2391 1022 carunt?
2415 983 2521 1023 non
2549 967 2752 1040 cogitas
2779 969 3102 1024 calamitatis
3144 970 3541 1040 magnitudinem
3560 1012 3573 1037 ,
3608 987 3680 1026 no-

2158 1073 2284 1115 vum
2315 1059 2445 1120 illud
2477 1061 2809 1133 naufragium
2836 1103 2852 1128 ,
2882 1075 2946 1118 ac
2975 1077 3165 1116 novam
3203 1063 3493 1133 miramque
3527 1073 3681 1132 tragm-

2157 1148 2347 1205 diam?
2375 1150 2508 1206 Nam
2537 1161 2592 1206 tu
2622 1141 3020 1222 quidem'unum
3048 1152 3346 1222 perdidisti,
3369 1162 3454 1208 aut
3476 1154 3679 1217 alterum,

2155 1249 2250 1296 aut
2281 1243 2528 1304 tertium;
2563 1242 2653 1302 ille
2679 1253 2860 1298 autem
2889 1254 2996 1300 tam
3024 1246 3219 1300 multos
3267 1254 3322 1302 et
3367 1255 3468 1302 tam
3510 1248 3682 1302 multas.

2155 1331 2226 1388 Et
2253 1333 2344 1404 qui
2373 1333 2570 1389 multos
2594 1333 2824 1389 habebat
2868 1335 3067 1391 liberos
3085 1377 3100 1402 ,
3128 1346 3354 1408 repente
3381 1338 3532 1395 orbus
3572 1337 3681 1404 fuit;

2155 1441 2329 1498 neque
2368 1427 2619 1497 paulatim
2659 1427 2863 1484 viscera
2918 1429 3036 1500 ejus
3076 1430 3552 1495 consumebantur,
3592 1431 3683 1496 sed,

2154 1517 2446 1590 derepente
2503 1517 2707 1576 fructus
2778 1529 2919 1577 totus
2991 1522 3390 1592 abripiebatur;
3436 1538 3590 1594 neque
3634 1541 3682 1578 cx

2153 1610 2424 1666 communi
2469 1611 2588 1683 lege
2630 1623 2870 1680 naturae,
2915 1629 3088 1684 neque
3130 1629 3253 1670 cum
3283 1615 3352 1670 ad
3399 1625 3683 1671 senectutem

2152 1701 2544 1770 pervenissent,
2573 1702 2668 1760 sed
2694 1705 2978 1759 immatura
3005 1716 3058 1760 et
3078 1685 3313 1761 violenta
3331 1715 3516 1775 morte,
3535 1722 3684 1762 omnes

2151 1793 2349 1860 simul;
2381 1809 2554 1865 neque
2597 1806 2863 1865 praesente
2895 1796 2987 1852 illo
3011 1839 3025 1861 ,
3061 1811 3162 1853 nec
3211 1797 3484 1854 assidente
3507 1840 3520 1866 ,
3548 1808 3598 1852 ut
3618 1799 3685 1854 vel

2150 1895 2423 1943 extremas
2466 1903 2627 1943 voces
2652 1889 2874 1943 audiens
2901 1889 3132 1960 aliquam
3178 1891 3582 1947 consolationem
3615 1891 3686 1945 ha-

2149 1979 2302 2036 beret
2345 1978 2414 2035 de
2461 1988 2570 2034 tam
2618 1979 2811 2036 acerba
2863 1989 3072 2048 morte;
3129 1982 3224 2037 sed
3271 1992 3468 2054 praeter
3511 1998 3686 2038 omnem

2148 2087 2322 2144 spem,
2363 2087 2484 2128 cum
2511 2073 2643 2128 nihil
2685 2083 2957 2145 gestorum
2985 2075 3098 2146 ipse
3129 2078 3329 2144 sciret,
3357 2077 3512 2132 simul
3536 2092 3687 2132 omnes

2140 2157 2273 2221 bsunt
2323 2167 2536 2234 obruti,
2587 2168 2790 2234 fuitque
2839 2168 2943 2223 illis
2988 2168 3179 2225 domus
3217 2179 3273 2226 et
3316 2171 3603 2242 sepulcntm
3647 2180 3688 2226 et

2149 2255 2391 2328 laqueus.
2419 2258 2605 2329 Neque
2635 2259 2917 2313 immatura
2950 2274 3098 2315 mors
3129 2269 3333 2315 tantum
3362 2304 3378 2328 ,
3427 2261 3515 2318 sed
3557 2263 3687 2318 etiam

2147 2349 2314 2404 multa
2343 2363 2466 2404 cum
2489 2350 2574 2404 illa
2588 2360 2742 2405 erant
2770 2365 2890 2421 qua:
2911 2351 3151 2407 dolorem
3182 2351 3474 2409 all'crrcnt:
3501 2353 3688 2425 utquod

2146 2456 2336 2498 omnes
2373 2443 2425 2496 in
2455 2443 2587 2499 flore
2613 2443 2912 2513 juventutis
2942 2456 3161 2513 essent,
3188 2451 3330 2517 quod
3364 2449 3552 2504 virtute
3577 2464 3689 2518 prae-

2148 2530 2243 2587 diti
2269 2567 2289 2599 ,
2356 2534 2498 2603 quod
2542 2535 2802 2590 amabiles
2821 2578 2836 2601 ,
2867 2535 3012 2606 quod
3037 2551 3226 2592 omnes
3251 2539 3445 2607 simul,
3487 2540 3611 2610 quod
3639 2554 3688 2594 es

2148 2632 2376 2696 utroque
2425 2639 2558 2680 sexu
2608 2641 2676 2682 nc
2724 2641 2859 2682 unus
2900 2612 3116 2697 quidem
3157 2629 3400 2700 reliquus
3437 2632 3530 2697 sit;
3576 2631 3690 2701 quod

2145 2737 2252 2778 non
2281 2723 2553 2778 communi
2603 2722 2719 2792 lege
2770 2731 2996 2790 naturae,
3029 2723 3173 2794 quod
3219 2734 3344 2795 post
3390 2734 3582 2781 tantmn
3615 2724 3691 2779 da-

2143 2830 2328 2871 mnum
2350 2855 2368 2881 ,
2397 2815 2541 2887 quod
2587 2831 2710 2872 cum
2743 2816 2941 2872 nullius
2976 2818 3100 2873 mali
3134 2818 3232 2874 sibi
3267 2821 3516 2875 conscius
3542 2829 3686 2883 esset,

2142 2924 2245 2971 nec
2292 2909 2368 2968 illi
2407 2910 2640 2980 peccatis
2688 2918 2869 2965 essent
2912 2910 3165 2978 obnoxii,
3211 2911 3327 2969 bmc
3359 2924 3530 2969 tamen
3567 2923 3689 2984 pate-

2142 3011 2354 3062 rentur.
2388 3003 2590 3058 Horum
2621 3003 2830 3074 singula
2865 3018 2961 3075 per
2989 3019 3048 3060 se
3073 3016 3299 3076 possunt
3325 3007 3569 3074 turbare;
3595 3021 3703 3062 cum.

2141 3105 2323 3150 autem
2342 3110 2447 3150 una
2464 3097 2642 3151 omnia
2668 3105 3020 3162 concurrunt,
3044 3098 3217 3168 cogita
3243 3110 3445 3170 quanta
3472 3100 3688 3155 fluctuum

2141 3185 2410 3251 altitudo,
2467 3203 2624 3257 quam
2684 3188 2872 3260 ingens
2917 3197 3209 3260 tempestas
3247 3202 3418 3248 esset.
3469 3191 3692 3260 Quodque

2141 3278 2315 3349 majus
2354 3288 2517 3335 estet
2542 3280 2658 3350 ipso
2681 3280 2823 3335 luctu
2847 3279 3086 3337 deterius
3109 3323 3124 3347 ,
3147 3282 3286 3352 quod
3315 3284 3550 3340 nesciret
3577 3282 3693 3337 unde

2142 3371 2265 3430 talia
2293 3371 2632 3428 obvenirent.
2657 3371 2800 3436 Ideo,
2830 3388 2953 3428 cum
2983 3373 3182 3428 nullam
3214 3373 3412 3432 afferre
3434 3384 3605 3447 posset
3625 3389 3694 3428 ca-

2140 3464 2397 3536 lamitatis
2438 3480 2654 3521 causam
2678 3507 2694 3534 ,
2725 3465 2792 3521 ad
2823 3466 2916 3522 Dei
2943 3467 3194 3538 placitum
3220 3471 3495 3538 ascendit,
3522 3481 3571 3526 et
3596 3471 3657 3525 ait
3681 3487 3691 3522 :

2142 3557 2393 3618 Dominus
2436 3559 2572 3612 dedit
2615 3599 2631 3623 ,
2702 3556 2953 3614 Dominus
2993 3559 3200 3614 abstulit
3251 3579 3266 3616 :
3314 3565 3451 3618 sicut
3507 3562 3696 3618 Domino

2141 3653 2336 3725 placuit
2359 3695 2372 3716 ,
2405 3653 2478 3708 ita
2504 3653 2698 3722 factum
2725 3664 2833 3716 est;
2857 3653 2922 3707 sit
2951 3669 3134 3708 nomen
3161 3651 3377 3710 Domini
3415 3656 3694 3712 benedictum

2138 3746 2193 3805 in
2229 3745 2557 3816 sacutanb
2580 3746 2632 3800 1.
2658 3743 2776 3818 2|).
2806 3744 2875 3800 Et
2917 3744 3034 3801 haec
3079 3745 3247 3812 dixit,
3273 3763 3400 3804 cum
3445 3763 3505 3805 se
3543 3748 3591 3804 in
3617 3763 3690 3803 ex-

2141 3840 2329 3895 tremis
2361 3839 2590 3910 positum
2613 3837 2840 3904 videret,
2867 3838 2958 3909 qui
2980 3838 3233 3894 virtutem
3250 3855 3468 3897 omnem
3493 3850 3698 3896 sectatus

2141 3932 2355 4000 fuerat;
2392 3932 2654 3989 scelestos
2689 3941 2869 3987 autem
2910 3933 3157 3990 homines
3203 3943 3258 3990 et
3301 3935 3697 4006 praestigiatores

2142 4042 2402 4098 prospere
2441 4034 2693 4097 agentes,
2723 4025 3038 4084 deliciantes
3067 4034 3123 4082 et
3149 4027 3537 4098 gloriabundos
3566 4026 3696 4080 undi-

2139 4135 2264 4192 qne.
2289 4119 2472 4190 Neque
2496 4118 2630 4174 dixit
2646 4117 2916 4188 quidpiam
2936 4133 3144 4183 eorum,
3172 4134 3291 4190 quae
3314 4120 3494 4176 solent
3513 4118 3698 4191 quidam

2140 4212 2464 4268 infirmiores
2508 4211 2728 4270 dicere:
2759 4211 2839 4266 Ad
2886 4210 3096 4267 hancne
3131 4227 3245 4268 rem
3275 4212 3420 4270 filios
3460 4213 3697 4275 enutrivi,

2139 4313 2194 4361 et
2237 4319 2357 4360 cum
2400 4305 2746 4365 accuratione
2785 4303 2932 4364 omni
2977 4304 3334 4361 educavi?ad
3373 4323 3562 4363 eamne
3605 4319 3701 4361 rem

2138 4396 2357 4453 domum
2389 4377 2576 4465 apei’ui
2624 4397 3098 4467 praetereuntibus,
3131 4407 3185 4453 ut
3214 4409 3335 4470 post
3377 4401 3574 4479 multos
3601 4400 3700 4454 illos

2139 4504 2330 4546 cursus
2351 4504 2448 4559 pro
2474 4489 2678 4560 egenis,
2714 4505 2811 4560 pro
2837 4489 3029 4555 nudis,
3060 4505 3156 4559 pro
3178 4492 3396 4561 pupillis
3422 4500 3696 4562 susceptos,

2141 4579 2280 4636 hanc
2325 4580 2630 4636 mercedem
2686 4581 2948 4651 excipiam
2976 4582 3001 4634 ?
3049 4581 3156 4638 Sed
3214 4583 3410 4643 horum
3466 4585 3580 4640 loco
3629 4582 3698 4635 illa

2138 4673 2301 4729 verba
2336 4673 2584 4743 protulit,
2619 4674 2764 4728 omni
2790 4674 3058 4729 sacrificio
3079 4677 3478 4744 przestantiora,
3507 4676 3695 4731 dicens:

2142 4765 2331 4821 Nudus
2378 4781 2607 4837 egressus
2633 4783 2747 4819 sunt
2788 4765 2850 4819 de
2876 4775 3020 4822 utero
3057 4768 3245 4827 matris,
3272 4785 3402 4824 mea:
3422 4811 3438 4835 ,
3472 4779 3518 4823 et
3556 4768 3700 4821 nudus

2139 4867 2379 4912 revertar.
2405 4856 2558 4923 Quod
2605 4857 2650 4912 si
2694 4857 3011 4912 vestimenta
3057 4857 3370 4924 disciderit,
3413 4869 3470 4915 et
3515 4872 3701 4916 comam

2142 4949 2472 5014 totonderit,
2517 4965 2584 5007 ne
2634 4950 2884 5005 mireris:
2920 4957 3070 5019 pater
3110 4951 3251 5008 enim
3293 4962 3451 5016 erat,
3481 4964 3536 5009 et
3576 4963 3706 5023 pater

2141 5042 2310 5118 prolis
2330 5055 2535 5107 amans,
2558 5042 2945 5114 oportebatque
2965 5053 3167 5098 natura:
3195 5045 3700 5102 commiserationem

2142 5132 2405 5199 exhiberi,
2439 5134 2741 5204 mentisque
2762 5133 3176 5205 philosOphiam.
3207 5135 3362 5206 Quod
3393 5138 3441 5192 si
3489 5138 3588 5191 hoc
3614 5150 3702 5189 non

2143 5225 2398 5292 fecisset,
2451 5225 2586 5281 forte
2632 5226 2898 5297 quispiam
2957 5228 3257 5297 putavisset
3298 5229 3442 5286 hanc
3491 5229 3705 5301 philoso-

2151 5318 2331 5386 phiam
2360 5334 2424 5372 cx
2453 5326 2671 5387 stupore
2702 5318 2985 5388 proficisci.
3011 5319 3136 5376 Ideo
3155 5331 3209 5376 ct
3232 5337 3443 5378 viscera
3471 5320 3703 5381 ostendit.

2143 5419 2199 5466 et
2248 5411 2460 5480 pictatis
2510 5411 2949 5478 accurationem,
2999 5424 3053 5468 et
3104 5412 3296 5469 dolens
3345 5430 3458 5470 non
3507 5425 3706 5469 eversus

2143 5509 2259 5566 est;
2288 5500 2382 5556 sed
2407 5501 2566 5555 etiam
2592 5516 2713 5556 cum
2744 5502 2968 5559 ulterius
2995 5503 3113 5574 ejus
3143 5514 3420 5561 certamen
3465 5505 3707 5576 procede.

2144 5603 2262 5660 ret,
2294 5609 2484 5648 rursus
2525 5593 2647 5648 aliis
2697 5594 2978 5650 redimitur
3029 5596 3244 5652 coronis
3283 5613 3350 5654 ex
3395 5598 3576 5654 verbis
3603 5608 3709 5666 qua;

2145 5685 2295 5740 uxori
2317 5684 2451 5740 dixit
2478 5704 2491 5740 :
2517 5685 2578 5741 Si
2599 5685 2731 5740 bona
2753 5690 3060 5758 suscepimus
3101 5706 3132 5742 a
3159 5688 3380 5745 Domino
3403 5732 3418 5756 ,
3447 5691 3582 5743 mala
3624 5703 3711 5740 non

2143 5781 2498 5838 sustinebimus
2525 5781 2644 5856 (Job
2665 5781 2719 5836 2.
2752 5781 2834 5852 lO)
2865 5782 2888 5836 ?
2919 5783 3046 5838 Nam
3078 5799 3212 5840 uxor
3237 5783 3349 5838 sola
3398 5783 3502 5853 ipsi
3543 5781 3709 5836 relicta

2151 5889 2226 5935 est
2253 5923 2264 5949 ,
2301 5879 2524 5936 sublatis
2546 5876 2824 5947 omnibus,
2848 5887 2899 5933 et
2928 5876 3048 5933 filiis
3070 5887 3121 5934 et
3150 5877 3363 5951 praediis
3389 5887 3444 5932 et
3473 5877 3588 5948 ipso
3613 5889 3708 5931 cnt-
