3826 6216
213 356 303 411 εὖ,
1241 339 1307 394 1N
1350 339 1573 396 EPIST.
1614 342 1637 396 ι
1675 339 1749 396 AI

1855 337 1965 395 ΟΒ.
2009 335 2244 394 ιιοιιη..
2289 337 2528 396 XXVIII.

213 465 532 539 σφοδρότερον
576 463 609 532 ἢ
653 463 702 516 εἰ
751 461 1120 532 ἀπηγόρευσε.
1155 461 1268 532 Τῆς
1313 462 1422 530 γάρ
1457 459 1751 531 ἐκκλησίας

207 551 347 607 αὐτὸν
370 546 624 617 ἐξήγαγε,
648 547 740 599 καὶ
768 549 850 610 εἰς
879 547 979 618 τὴν
1007 546 1186 600 οἰκίαν
1207 550 1552 617 παρέπεμψε,
1578 543 1752 614 ταύτῃ

207 630 590 700 καθαπτόμενος
614 629 877 701 σφοδρῶς,
900 631 994 683 καὶ
1014 630 1295 701 κωμῳδῶν
1319 631 1514 694 αὐτοὺς
1536 629 1612 692 ὼς
1630 626 1752 681 δού-

204 721 313 782 λους
346 714 576 786 γαστρὸς
613 715 708 766 καὶ
763 715 1192 785 ἀκαρτερήτους.
1241 713 1377 767 Οὐδὲ
1417 712 1526 784 γάρ
1573 707 1748 771 εἶπεν,

202 801 263 856 Et
285 815 360 862 τις
395 798 637 868 ὑπερορᾷ
673 796 782 850 τῶν
821 798 1089 867 πενήτων,
1125 797 1263 864 ἀλλ’,
1304 797 1377 850 Et
1411 815 1503 863 τις
1548 792 1746 861 πεινᾷ.

202 886 268 948 ὡς
301 881 424 953 πρὸς
467 881 655 934 παιδία
685 880 1190 951 δυσανασχετοῦντα
1233 879 1634 951 διαλεγόμενος,
1673 877 1750 939 ὡς

201 969 323 1041 πρδς
359 967 526 1034 ἀλογα
564 965 764 1036 γαστρὶ
797 964 1134 1018 δουλεύοντα.
1183 964 1295 1018 Καὶ
1343 963 1454 1035 γὰρ
1505 962 1672 1024 πολὺς
1721 962 1751 1013 ό

197 1053 372 1121 γέλως,
406 1051 456 1102 εἰ
487 1049 575 1102 διά
611 1048 673 1102 16
707 1051 900 1120 πεινῇν
931 1047 1154 1119 έμελλον
1185 1049 1322 1101 οἴκοι
1345 1046 1564 1100 ἐσθίειν.
1609 1044 1750 1097 Ἀλλ’

194 1136 284 1190 οὐκ
307 1130 545 1203 ἠρκέσθη
571 1133 767 1199 τούτῳ,
793 1130 931 1184 ἀλλά
953 1131 1049 1184 καὶ
1077 1131 1359 1199 ἐπήγαγεν
1378 1130 1563 1200 ἕτερον
1588 1126 1752 1196 φοϐε-

198 1215 434 1288 ρώτερον,
466 1213 662 1282 λέγων·
709 1213 842 1267 Ἵνα
883 1212 970 1282 μὴ
1013 1215 1102 1280 είς
1141 1211 1318 1283 κρῖμα
1346 1211 1748 1280 συνέρχησθε

195 1299 272 1354 ίνα
297 1296 368 1368 μὴ
389 1297 468 1359 εἰς
488 1296 730 1361 κόλασιν,
747 1297 833 1349 ἴνα
866 1295 941 1367 μὴ
967 1297 1046 1360 εἰς
1068 1297 1362 1368 τιμωρίαν,
1383 1295 1482 1367 τὴν
1521 1294 1751 1364 Ἐκκλη-

191 1382 300 1437 σίαν
342 1380 686 1451 ὑϐρίζοντες,
725 1380 817 1433 τὸν
859 1380 1089 1449 ἀδελφὸν
1137 1379 1607 1450 καταισχύνοντες.
1643 1377 1751 1431 Καὶ

190 1467 290 1538 γὰρ
315 1465 399 1519 διά
417 1464 576 1517 τοῦτο
604 1463 950 1534 συνέρχεσθε,
977 1465 1160 1535 φησὶν,
1187 1464 1277 1518 ἵνα
1300 1462 1565 1533 στέργητε
1587 1460 1752 1531 ἀλλή-

186 1547 320 1611 λους,
369 1543 457 1596 ἵνα
485 1541 772 1612 ώφελῆσθε
794 1583 810 1608 ,
842 1543 932 1596 ἵνα
958 1541 1206 1611 ώφελῆτε
1224 1557 1238 1570 ·
1273 1543 1322 1594 εἰ
1349 1541 1408 1594 δὲ
1439 1539 1749 1594 τούναντίον

183 1630 398 1699 γίνεται,
419 1627 630 1696 βέλτιον
644 1627 789 1697 ὑμᾶς
806 1628 943 1682 οἶκοι
963 1628 1248 1680 σιτεῖσθαι.
1269 1625 1442 1680 Τοῦτο
1456 1625 1514 1678 δέ
1538 1625 1746 1693 ἔλεγεν,

182 1713 264 1768 ῐνα
289 1709 658 1782 ἐφελκύσηται
687 1709 872 1765 πλέον.
895 1710 996 1763 Διά
1023 1711 1134 1781 γάρ
1159 1710 1320 1764 τοῦτο
1343 1709 1522 1764 καὶτὸ
1552 1709 1750 1780 βλάϐος

179 1795 338 1862 ιδειξε
358 1793 420 1847 16
439 1791 711 1858 ἐντεῦθεν,
738 1795 835 1848 καὶ
854 1797 1028 1866 κρῖμα
1051 1795 1253 1866 ἔφησεν
1275 1791 1417 1850 εῖναι
1439 1795 1501 1847 οὐ
1529 1794 1746 1864 μικρὸν,

177 1880 266 1934 καὶ
294 1877 634 1948 πανταχόθεν
666 1877 955 1947 ἐφόϐησεν,
989 1879 1099 1932 ἀπὸ
1124 1879 1232 1932 τῶν
1269 1878 1607 1950 μυστηρίων,
1640 1879 1750 1931 ἀπὸ

173 1962 276 2015 τῶν
309 1960 640 2032 ἀρρώστων,
678 1960 788 2014 ἀπὸ
814 1961 921 2014 τῶν
959 1960 1427 2032 τετελευτηκότων
1447 1999 1462 2026 ,
1501 1960 1612 2014 ἀπὸ
1641 1959 1749 2015 τῶν

173 2047 342 2100 ἀλλων
381 2045 497 2098 τῶν
539 2045 852 2116 ἔμπροσθεν
885 2046 1214 2116 εἰρημένων.
1252 2040 1387 2099 Εἶτα
1418 2046 1513 2098 καὶ
1546 2045 1749 2114 ἐτέρως

170 2131 329 2185 πάλιν
359 2130 540 2200 φοϐεῖ,
566 2130 760 2198 λέγων·
795 2129 872 2184 Τὰ
894 2129 962 2182 δὲ
987 2131 1191 2195 λοιπὰ,
1217 2129 1298 2196 ὡς
1319 2129 1398 2184 ἂν
1422 2129 1596 2191 ἔλθω,
1624 2128 1750 2184 διαί

167 2215 436 2285 τάξομαι’
459 2215 496 2286 ἢ
529 2215 610 2277 είς
632 2215 795 2287 ἐτερά
817 2215 1016 2286 τινα,ῆ
1044 2217 1124 2278 εἰς
1151 2215 1285 2268 αὐτὸ
1311 2214 1488 2269 τοῦτο.
1531 2213 1747 2282 Ἐπειδὴ

161 2298 270 2367 γάρ
294 2297 449 2361 εἰκὸς
474 2292 546 2368 ἦν
573 2298 770 2362 αὐτοὺς
798 2297 980 2367 λέγειν
1005 2298 1101 2351 καὶ
1123 2298 1304 2360 αἰτίας
1326 2297 1498 2361 τινάς,
1533 2300 1628 2350 καὶ
1648 2299 1749 2350 οὐκ

162 2382 288 2451 ἐνῆν
316 2380 502 2434 πάντα
536 2379 626 2433 διά
654 2380 1001 2452 γραμμάτων
1036 2379 1374 2451 κατορθοῦν,
1403 2380 1440 2435 ἃ
1467 2381 1566 2450 μὲν
1600 2397 1746 2450 παρ-

159 2468 346 2536 ῄνεσα,
397 2463 758 2533 φυλαττέσθω
799 2465 962 2528 τέως,
1014 2464 1214 2536 φησιν’
1265 2466 1314 2517 εἰ
1355 2464 1413 2517 δέ
1458 2481 1510 2517 τι
1561 2463 1747 2534 ἕτερον

155 2549 333 2617 ἔχοιτε
366 2545 578 2616 λέγειν,
607 2548 782 2600 ἐκεῖνο
813 2550 880 2619 τῇ
916 2547 1189 2619 παρουσίᾳ
1216 2547 1491 2618 τηρείσθω
1517 2549 1584 2617 τῇ
1613 2547 1744 2617 ἐμῇ·

156 2633 188 2703 ἢ
224 2630 358 2703 περὶ
406 2630 604 2684 τούτου
647 2629 743 2685 τοῦ
782 2632 1108 2702 πράγματος
1159 2631 1353 2699 λέγων,
1396 2629 1472 2692 ὡς
1505 2629 1674 2699 ἐφην,
1711 2629 1744 2701 ἢ

150 2716 281 2788 περὶ
313 2715 531 2786 ἐτέρων
568 2713 720 2786 [255]
752 2714 916 2768 τινῶν
949 2715 1010 2767 οὐ
1047 2713 1256 2786 σφόδρα
1289 2715 1743 2782 κατεπειγόντων.

151 2800 307 2852 Ποιεῖ
336 2799 398 2852 δὲ
422 2797 609 2861 τοῦτο,
641 2797 727 2851 ἵνα
759 2796 1054 2850 κάντεῦθεν
1095 2795 1546 2867 σπουδαιοτέρους
1578 2795 1746 2866 ἐργά-

148 2899 335 2951 σηταιο
368 2879 756 2952 μεριμνῶντες
778 2878 888 2950 γὰρ
917 2878 1082 2934 αὐτοῦ
1108 2877 1208 2949 τὴν
1239 2879 1563 2949 παρουσίαν,
1593 2878 1750 2948 ἐμελ-

144 2964 237 3017 λον
263 2963 530 3035 διορθοῦν
561 2963 623 3015 16
647 2963 1062 3034 ἡμαρτημένον.
1093 2962 1230 3018 Οὐδέ
1257 2962 1368 3034 γάρ
1402 2963 1464 3016 τὸ
1491 2963 1652 3034 τυχὸν
1678 2959 1748 3034 ἦν

107 3049 174 3117 ’ἠ
214 3047 444 3101 Παύλου
481 3047 780 3118 ἐπιδημία·
812 3044 1094 3101 καὶτοῦτο
1131 3045 1346 3109 δεικνὺς
1388 3045 1595 3116 έλεγεν,
1651 3047 1748 3114 Ὠς

135 3128 223 3200 μὴ
246 3128 595 3199 ἐρχομένου
620 3129 688 3182 δέ
705 3147 825 3198 μου
848 3128 1000 3197 πρὸς
1019 3127 1195 3198 ὑμᾶς,
1215 3127 1644 3198 ἐφυσιώθησάν
1665 3146 1748 3184 τι-

136 3229 265 3281 reg“
313 3215 422 3268 καὶ
470 3213 709 3284 ἀλλαχοῦ
747 3213 932 3275 πάλιν,
964 3211 1062 3282 Μὴ
1105 3213 1187 3279 ὡς
1218 3213 1289 3266 ἐν
1324 3210 1401 3281 τῇ
1442 3214 1749 3282 παρουσίᾳ

127 3315 256 3368 μου
288 3297 526 3367 μόνον,
560 3296 721 3352 ἀλλὰ
758 3293 970 3361 πολλῷ
1009 3293 1252 3365 μᾶλλον
1277 3295 1348 3349 ἐν
1376 3290 1452 3364 τῇ
1481 3295 1749 3364 ἀπουσίᾳ

127 3398 276 3450 μου,
293 3380 463 3450 μετὰ
487 3380 680 3449 φόϐου
699 3377 800 3433 καί
813 3380 1033 3448 τρόμου
1055 3378 1172 3447 τὴν
1195 3377 1427 3433 ἑαυτῶν
1447 3379 1747 3445 σωτηρίαν

127 3461 608 3534 κατεργάζεσθε.
649 3464 749 3516 Διά
779 3461 938 3516 τοῦτο
983 3460 1108 3515 οὐδὲ
1156 3461 1345 3525 ἁπλῶς
1385 3454 1747 3532 ἐπηγγείλατο

126 3546 311 3615 ἥξειν,
344 3547 446 3600 ἵνα
478 3546 559 3616 μὴ
579 3545 926 3617 ἀπιστήσωσι
949 3545 1045 3598 καὶ
1068 3544 1432 3616 ῥαθυμότεροι
1458 3545 1742 3613 γένωνται,

120 3627 271 3682 ἀλλά
309 3630 415 3684 καὶ
460 3628 651 3682 αἰτίαν
687 3627 870 3702 τίθησι
903 3630 968 3698 τῇ
1009 3627 1277 3699 ἐπιδημίᾳ
1306 3627 1630 3696 ἀναγκαίαν,
1665 3627 1746 3680 λέ-

119 3730 265 3779 γων,
289 3714 383 3766 ὅτι
418 3714 507 3767 Τὰ
534 3711 736 3776 λοιπά,
755 3713 834 3778 ὡς
850 3711 926 3765 ἂν
948 3712 1124 3778 ἔλθω,
1149 3711 1518 3787 διατάξομαιο
1532 3710 1746 3774 δεικνὺς

116 3797 204 3852 ὅτι
237 3799 270 3868 η
308 3796 430 3850 τῶν
465 3795 739 3850 λιπόντων
769 3793 1076 3865 διόρθωσις,
1101 3795 1152 3849 εί
1182 3794 1278 3850 καὶ
1311 3795 1387 3866 μὴ
1419 3794 1744 3848 ἐσπουδάκει

115 3882 383 3946 ⁸πάντως,
414 3879 597 3939 αὐτὸν
627 3873 811 3936 εἷλκεν
840 3879 1039 3932 ἐκεῖσε.

182 4051 261 4114 γ’.
281 4042 506 4102 Ταῦτα
521 4040 702 4095 τοίνυν
716 4037 1006 4101 ἀκούοντες
1020 4036 1254 4110 ἅπαντα.
1268 4037 1363 4094 καὶ
1377 4036 1484 4092 τῶν
1501 4039 1745 4110 πενήτων

111 4129 338 4200 πολλὴν
376 4122 686 4196 ποιώμεθα
717 4122 974 4194 σπουδὴν,
1002 4121 1099 4175 καὶ
1123 4121 1362 4191 γαστρὸς
1399 4121 1742 4192 κατέχωμεν,

105 4215 211 4272 καὶ
237 4213 441 4286 μέθης
471 4205 976 4278 ἀπαλλαττωεθα,
995 4204 1224 4260 καὶτῶν
1248 4207 1560 4286 μυρτηρίων
1579 4205 1746 4272 ἀξίως

104 4283 558 4366 σπουδάζῶμεν
582 4291 1038 4364 μεταλαμϐάνειν,
1062 4290 1158 4344 καὶ.
1175 4289 1261 4360 ἐφ’
1283 4283 1365 4351 οἷς
1381 4290 1447 4342 ἂν
1459 4291 1741 4362 πάθωμεν,

102 4380 186 4452 μὴ
243 4376 575 4446 ἀλγῶμεν,
632 4370 893 4452 μήτεᾼέφ’
936 4371 1170 4452 ἑαυτοῖς,
1216 4370 1355 4452 μήτε
1397 4370 1742 4452 ἐφῗᾉέτέροις·

96 4447 221 4511 οἷον
256 4458 414 4511 ὅταν
446 4454 510 4506 οἱ
539 4452 708 4524 ἄωροι
739 4450 996 4519 γίνωνται
1029 4447 1270 4513 θάνατοι,
1294 4449 1421 4502 ὅταν
1443 4449 1743 4520 ἀρρωστίαι

97 4541 364 4615 μακραί.
400 4537 598 4592 Τοῦτο
626 4534 734 4604 γὰρ
762 4533 1054 4603 ἀπαλλαγὴ
1089 4532 1382 4596 κολάσεως,
1413 4532 1575 4586 τοῦτο
1603 4533 1744 4605 διόρ-

91 4627 302 4690 θωσις,
341 4622 540 4676 τοῦτο
569 4617 818 4672 νουθεσία
847 4617 1067 4689 ἀρίστη.
1100 4617 1196 4679 Τίς
1224 4616 1395 4670 ταῦτά
1425 4633 1631 4686 φησιν;
1685 4620 1742 4671 '0

87 4709 192 4760 τὸν
234 4704 527 4780 Χριστὸν
570 4702 709 4772 ἔχων
754 4703 811 4754 ἐν
849 4698 1029 4770 ἐαυτῷ
1078 4699 1362 4754 λαλοῦντα.
1415 4699 1555 4753 Ἀλλ’
1593 4700 1744 4770 ὅμως

83 4795 191 4850 καὶ
229 4789 402 4864 μετὰ
433 4785 632 4841 ταῦτα
654 4783 798 4838 οῦτω
826 4783 1020 4838 πολλαὶ
1043 4783 1152 4836 τῶν
1181 4781 1456 4851 γυναικῶν
1478 4783 1741 4853 ἀναισθή-

82 4895 206 4940 τως
246 4875 638 4933 διάκεινται,
671 4868 746 4934 ώς
776 4868 871 4920 καὶ
901 4868 1030 4931 τοὺς
1073 4866 1337 4930 ἀπίστους
1375 4867 1742 4938 παρατρέχειν

78 4963 153 5032 τῇ
183 4957 296 5013 τοῦ
332 4953 606 5016 πένθους
634 4951 930 5023 ὑπερϐολῇο
953 4950 1050 5005 καὶ
1074 4949 1132 5006 αί
1161 4950 1260 5020 μὲν
1287 4948 1394 5003 ὑπὸ
1418 4949 1512 5003 τοῦ
1537 4949 1741 5013 πάθους

78 5039 541 5112 ἐσκοτωμένοιι
583 5034 742 5089 τοῦτο
793 5032 1076 5097 ποιοῦσιν,
1110 5034 1167 5086 αί
1214 5033 1272 5086 δέ
1316 5032 1454 5104 πρὸς
1484 5033 1742 5098 ἐπίδειξιν

77 5129 187 5184 καὶ
232 5127 410 5198 ὑπὲρ
449 5118 566 5175 τοῦ
597 5121 666 5174 τά
693 5118 800 5174 τῶν
823 5117 1021 5183 ἔξωθεν
1043 5117 1356 5187 διαφεύγειν
1385 5116 1706 5188 ἐγκλήματα
1724 5157 1740 5179 ,

72 5215 147 5275 ἃς
193 5213 493 5283 μάλιστα,
549 5205 730 5276 πάσης
773 5200 1105 5272 συγγνώμης
1133 5200 1542 5272 ἀπεστερῆσθαί
1577 5217 1740 5272 φημι.

77 5297 214 5348 Ἵνα
251 5293 390 5364 γὰρ
433 5289 533 5360 μὴ
577 5289 604 5340 ό
632 5287 778 5343 δεῖνα
820 5285 1117 5356 ἐγκαλέσῃ,
1153 5285 1339 5355 φησὶν,
1375 5284 1677 5352 ἐγκαλείτω
1715 5287 1743 5337 6

67 5381 248 5445 Θεόςο
320 5378 436 5431 ἵνα.
521 5371 602 5443 μὴ
653 5371 928 5442 ἅνθρωποι
985 5369 1097 5422 τῶν
1144 5368 1355 5437 ἀλόγων
1399 5367 1743 5438 ἀνοητότεροι

68 5461 495 5533 καταγνῶσιν
524 5495 546 5522 ,
590 5457 618 5509 6
669 5456 763 5510 106
818 5453 1083 5524 βασιλέως
1129 5452 1238 5505 τῶν
1282 5452 1419 5506 ὅλων
1467 5451 1743 5506 ωτείσθω

63 5551 284 5622 νόμος.
349 5542 498 5598 Καὶ
547 5539 724 5592 πόσων
764 5539 864 5622 οὐκ
908 5536 1036 5602 ἀξια
1075 5534 1248 5622 ταῦτα
1291 5533 1588 5622 σκηπτῶνξ
1624 5534 1742 5622 ίὶἂν

66 5617 186 5704 μέν
217 5635 318 5695 εἰς
352 5622 743 5696 περίδειπνόν
781 5621 840 5674 σέ
884 5636 968 5704 τις
1003 5619 1208 5704 καλέσῃ
1246 5617 1478 5704 μετάιτὸ
1523 5617 1740 5704 πένθος,

56 5700 272 5782 οὐδεὶς
319 5716 358 5769 ὁ
402 5705 705 5776 ἀντερῶν,
738 5703 927 5774 ἐπειδὴ
967 5703 1131 5774 νόμος
1169 5700 1470 5773 ἀνθρώπων
1519 5702 1668 5755 ἐστὶν
1714 5703 1742 5755 6

54 5803 264 5857 ταῦτα
317 5791 636 5853 κελεύων·
667 5787 802 5843 Θεοῦ
843 5787 902 5841 δὲ
929 5786 1346 5858 νομοθετοῦντος
1387 5785 1463 5855 μὴ
1501 5785 1738 5850 πενθεῖν,

3324 348 3432 403 956

1856 450 1902 512 ὦ
1931 455 2128 526 γύναι;
2156 457 2256 511 οὐκ
2287 457 2680 530 ἀναμιμνήσκῃ
2709 455 2813 510 τῶν
2840 458 3099 530 ῥημάτων
3126 460 3291 516 αὐτοῦ
3326 465 3434 517 τῶν

1859 539 1955 593 ἐπὶ
1999 543 2067 611 τῇ
2119 543 2374 613 συμφορᾷ
2422 540 2530 594 τῶν
2568 541 2794 605 παίδων,
2825 541 2862 595 ά
2894 543 3102 614 μυρίων
3153 548 3434 616 στεφάνων

1862 621 2065 693 μᾶλλον
2097 623 2324 693 ἀνέδησε
2350 623 2449 695 τῆν
2465 623 2625 693 ἀγίαν
2649 625 2890 696 κεφαλὴν
2910 625 3147 696 ἐκείνην,
3178 629 3274 683 καὶ
3309 631 3436 684 σαλ-

1858 705 2072 775 πίγγων
2102 707 2312 761 πολλῶν
2339 708 2720 779 λαμπρότερον
2748 708 3115 780 ἀνεκήρυξεν;
3149 711 3209 765 οὐ
3243 713 3434 784 λογίζῃ

1857 788 1919 842 16
1948 790 2178 861 μέγεθος
2205 793 2306 862 τῆς
2332 793 2640 863 συμφορᾶς,
2669 791 2765 846 καὶ
2791 792 2852 846 16
2889 794 3078 848 καινὸν
3106 795 3282 849 ἐκεῖνο
3316 813 3437 849 ναυ-

1857 871 2033 940 άγιον,
2064 875 2157 933 καὶ
2183 875 2281 944 τῆν
2313 873 2468 947 ξένην
2509 877 2602 930 καὶ
2639 875 2942 946 παράδοξον
2971 878 3318 950 τραγῳδίαν;
3360 880 3434 932 Σὺ

1859 954 1962 1024 μὲν
1999 956 2108 1028 γὰρ
2149 959 2277 1020 ἴσως
2310 957 2408 1009 ἕνα
2449 957 2757 1021 ἀπώλεσας,
2799 958 2832 1028 ἢ
2863 959 3135 1031 δεύτερον,
3167 960 3200 1031 ἢ
3229 962 3430 1031 τρίτονο

1857 1037 2064 1103 ἐκεῖνος
2101 1040 2157 1093 δὲ
2194 1041 2479 1105 τοσούτους
2512 1045 2607 1096 καὶ
2648 1043 2950 1106 τοσαύταςὸ
2974 1045 3070 1097 καὶ
3105 1047 3133 1098 6
3164 1045 3435 1108 πολύπαις

1858 1119 2117 1193 ἐξαίφνης
2142 1123 2309 1188 ἄπαις
2339 1126 2574 1194 ἐγένετο,
2604 1127 2699 1180 καὶ
2727 1126 2847 1180 0666
2877 1128 3018 1181 κατά
3051 1128 3245 1199 μικρὸν
3282 1131 3435 1200 αὐτῷ

1857 1207 1927 1256 16
1953 1205 2237 1277 σπλάγχνα
2264 1209 2606 1278 ἀνηλίσκετο,
2634 1209 2749 1262 ἀλλ’
2773 1211 2968 1282 ἀθρόον
2994 1210 3140 1275 ἅπας
3163 1213 3192 1264 ό
3221 1214 3436 1284 καρπὸς

1857 1287 2224 1358 ἀνηρπάζετοθ
2270 1291 2364 1344 καὶ
2404 1291 2524 1345 οὐδέ
2561 1293 2640 1362 τῷ
2682 1293 2844 1364 κοινῷ
2888 1296 2988 1364 τῆς
3021 1294 3236 1363 φύσεως
3284 1297 3435 1365 νόμῳ

1856 1369 1980 1422 οὐδέ
2005 1372 2084 1435 είς
2118 1371 2295 1442 γῆρας
2327 1373 2592 1439 ἐλθόντες,
2632 1375 2769 1429 ἀλλὰ
2810 1375 2905 1429 καὶ
2934 1376 3098 1448 ἀώρῳ
3139 1378 3234 1430 καὶ
3273 1377 3435 1447 βιαίῳ

1859 1451 2074 1525 θανάτῳ
2095 1493 2110 1517 ,
2140 1456 2234 1509 καὶ
2263 1456 2465 1520 πάντες
2489 1457 2624 1528 ὁμοῦ
2648 1499 2661 1520 ,
2704 1459 2798 1511 καὶ
2847 1458 2969 1511 οὐδὲ
2999 1459 3268 1530 παρόντος
3313 1461 3434 1514 οὐδὲ

1858 1535 2327 1607 παρακαθημένου
2353 1582 2367 1604 ,
2391 1539 2478 1592 ἵνα
2509 1541 2612 1593 κᾶν
2639 1541 2880 1610 ἐσχάτων
2905 1541 3145 1606 ἀκούσας
3173 1544 3435 1615 ῥημάτων

1857 1617 1956 1689 ἔχῃ
1974 1619 2097 1672 τινὰ
2112 1621 2469 1691 παραμυθίαν
2494 1623 2594 1694 τῆς
2615 1623 2756 1678 οὕτω
2779 1627 2982 1694 πικρᾶς
3003 1626 3280 1697 τελευτῆς,
3299 1627 3437 1681 ἀλλά

1858 1701 1988 1771 παρ’
2035 1701 2228 1755 ἐλπίδα
2272 1706 2472 1767 πᾶσαν,
2510 1707 2605 1759 καὶ
2658 1707 2824 1778 μηδὲν
2862 1708 2972 1761 τῶν
3017 1710 3317 1778 γινομένων
3357 1713 3438 1763 εἰ-

1856 1782 2044 1848 δότος,
2083 1784 2279 1854 ἀθρόον
2327 1787 2564 1851 ἅπαντες
2595 1788 3016 1859 κατεχώννυντο,
3070 1795 3165 1846 καὶ
3207 1794 3239 1862 ἡ
3287 1794 3434 1846 οἰκία

1855 1866 2025 1934 τάφος
2052 1868 2233 1928 αὐτοῖς
2256 1868 2465 1940 ἐγίνετο
2492 1871 2586 1924 καὶ
2610 1871 2796 1938 παγίς.
2819 1873 2937 1926 Καί
2954 1874 3053 1926 οὐκ
3080 1874 3230 1946 [254]
3257 1876 3436 1946 ἄωρος

1861 1949 2019 2018 μόνον
2072 1950 2318 2016 Θάνατος,
2374 1954 2511 2007 άλλά
2556 1956 2650 2008 καὶ
2705 1954 2874 2009 πολλά
2929 1957 3066 2026 μετά
3118 1957 3306 2010 τούτου
3367 1961 3437 2012 τὰ

1857 2031 2131 2088 λυποῦντα
2160 2029 2250 2104 ἦν,
2294 2029 2404 2089 οἷον
2432 2038 2492 2089 τὸ
2531 2039 2587 2090 ἐν
2626 2037 2777 2109 ἀκμῇ
2817 2039 3025 2102 πάντας
3054 2038 3212 2104 εἶναι,
3246 2042 3308 2095 16
3349 2042 3436 2094 ὲν-

1857 2115 2085 2186 αρέτους
2138 2117 2366 2184 πάντας,
2405 2120 2466 2174 16
2509 2120 2781 2189 φιλικοὺς,
2829 2123 2888 2175 τὸ
2917 2124 3126 2188 πάντες
3166 2125 3324 2194 ὁμοῦ,
3375 2126 3435 2177 16

1855 2197 1956 2268 τῆς
2005 2198 2219 2267 φύσεως
2256 2201 2520 2274 ἑκατέρας
2559 2202 2681 2274 μηδ’
2729 2203 2823 2257 ἕνα
2863 2206 3336 2276 παραλειφθῆναι,
3373 2209 3436 2260 16

1860 2281 1936 2352 μὴ
1965 2281 2042 2350 τῷ
2093 2282 2259 2354 κοινῷ
2297 2285 2446 2357 νόμῳ
2483 2289 2582 2356 τῆς
2628 2285 2861 2354 φύσεως,
2906 2289 2966 2342 τὸ
2997 2291 3136 2358 μετά
3167 2291 3436 2360 τοσαύτην

1858 2363 2095 2435 ζημίαν,
2142 2366 2204 2419 16
2245 2368 2409 2439 μηδὲν
2459 2369 2637 2439 ἐαυτῷ
2682 2371 2962 2427 συνειδότα
3004 2373 3240 2446 πονηρὸν
3299 2375 3436 2446 μηδέ

1856 2448 2088 2513 ἐκείνοις
2115 2450 2291 2506 ταῦτα
2330 2451 2543 2507 παθεῖν.
2587 2454 2804 2509 Τούτων
2841 2456 2950 2527 γάρ
2978 2457 3208 2512 ςέκαστον
3253 2460 3437 2512 ἱκανὸν

1859 2530 1960 2600 μὲν
2005 2533 2100 2587 καὶ
2139 2533 2262 2588 καθ’
2304 2536 2465 2590 ἐαυτὺ
2507 2536 2838 2609 θορυϐῆσαιο
2892 2541 3019 2594 ὅταν
3060 2541 3116 2595 δέ
3167 2543 3260 2596 καὶ
3297 2543 3434 2615 ὁμοῦ

1857 2617 2115 2689 φαίνηται
2174 2621 2556 2692 συντρέχοντα,
2608 2623 2860 2694 ἐννόησον
2912 2625 3022 2678 τῶν
3060 2627 3322 2697 κυμάτων
3373 2629 3435 2682 τὸ

1858 2699 2012 2770 ὕψος,
2035 2702 2132 2774 ὅση
2155 2703 2250 2761 τοῦ
2278 2705 2544 2775 χειμῶνος
2565 2707 2597 2776 ἡ
2621 2707 2916 2778 ὑπερϐολή.
2945 2711 3055 2764 Καὶ
3078 2711 3137 2764 16
3156 2712 3220 2783 δὴ
3248 2713 3438 2783 μεῖξον

1857 2785 1952 2839 καὶ
1997 2785 2092 2840 τοῦ
2128 2787 2358 2852 πένθους
2386 2791 2588 2860 χεῖρον,
2617 2790 2700 2844 ὅτι
2747 2792 2871 2845 0666
2903 2793 3019 2864 ᾔδει
3063 2795 3206 2858 τίνος
3249 2797 3434 2851 ἐνεκεν

1856 2867 2033 2925 ταῦτα,
2059 2868 2289 2938 ἐγίνετο.
2319 2872 2417 2925 Διά
2447 2872 2512 2944 δὴ
2543 2873 2722 2939 τοῦτο,
2752 2875 2852 2928 οὐκ
2884 2874 3024 2946 ἔχων
3053 2877 3310 2939 οὐδεμίαν
3343 2882 3433 2934 αί-

1855 2952 1976 3005 τίαν
2005 2953 2270 3009 ἐπιθεῖναι
2315 2959 2384 3029 τῇ
2416 2959 2706 3028 συμφορᾷ,
2749 2958 2842 3011 ἐπὶ
2870 2959 2931 3012 τὸ
2961 2959 3038 3030 τῷ
3082 2960 3201 3032 Θεῷ
3242 2964 3434 3018 δολοῦν

1855 3033 2156 3101 ἀναϐαίνει,
2189 3036 2283 3090 καί
2312 3055 2495 3108 φησιν·
2535 3040 2597 3093 '0
2628 3041 2841 3109 Κύριος
2871 3041 3114 3108 ἔδωκεν,
3147 3046 3182 3097 ὀ
3218 3047 3435 3114 Κύριος

1855 3118 2158 3188 ἀφείλετο·
2187 3121 2266 3187 ὡς
2292 3120 2370 3187 τῷ
2398 3123 2590 3192 Κυρίῳ
2618 3123 2850 3190 ἔδοξεν,
2873 3123 3026 3178 οὕτω
3046 3126 3145 3180 καί
3171 3127 3442 3197 ἐγένετο·-

1855 3200 1947 3269 είη
1975 3203 2038 3255 τὸ
2061 3202 2247 3273 ὄνομα
2271 3207 2316 3256 Κ
2320 3204 2487 3272 ιιρίου
2503 3205 2910 3276 εὺλογημένον
2926 3209 3014 3273 είς
3034 3207 3175 3275 τοὺς
3193 3210 3430 3278 αἰῶνας.

1855 3285 1967 3338 Καὶ
1993 3283 2168 3342 ταῦτα
2195 3285 2399 3354 ἔλεγεν,
2431 3287 2621 3341 ἐαυτὸν
2653 3288 2751 3358 μὲν
2785 3290 2842 3341 ἐν
2870 3291 2983 3353 τοῖς
3022 3290 3271 3362 ἐσχάτοις
3304 3293 3450 3353 ὅντα»

1854 3367 1996 3436 όρῶν
2025 3369 2116 3422 τὸν
2156 3371 2336 3427 πᾶσαν
2376 3371 2669 3430 ἐπελθόντα
2703 3372 2924 3444 ἀρετὴν,
2955 3375 3226 3446 πονηροὺς
3252 3375 3310 3428 δέ
3341 3377 3437 3430 άν-

1857 3449 2111 3522 θρώπους
2159 3454 2255 3507 καὶ
2322 3455 2526 3524 γόητας
2591 3454 3028 3528 εὐημεροῦντας.
3087 3458 3432 3529 τρυφῶντας,

1855 3534 2147 3604 κομῶντας
2185 3536 2470 3594 πάντοθεν.
2518 3538 2626 3593 Καὶ
2667 3537 2768 3594 οὐκ
2799 3532 2954 3592 εἶπεν
2985 3539 3136 3595 οὐδὲν
3169 3542 3434 3610 τοιοῦτον,

1854 3611 1966 3671 οἷον
1996 3619 2143 3682 εἰκός
2173 3636 2325 3684 τινας
2349 3621 2456 3674 τῶν
2484 3621 2889 3694 ἀσθενεστέρων
2911 3623 3107 3676 εἰπεῖν’
3155 3624 3278 3678 Ἐπί
3305 3625 3435 3679 τού-

1853 3718 1966 3765 τοις
1990 3702 2196 3774 ἕθρεψα
2221 3705 2346 3768 τοὺς
2373 3705 2589 3768 παῖδας,
2618 3707 2712 3759 καὶ
2739 3705 2878 3777 μετά
2905 3707 3192 3779 ἀκριϐείας
3216 3709 3436 3782 ῆσκησα

1856 3786 2108 3856 άπάσης;
2139 3787 2230 3840 ἐπὶ
2256 3787 2465 3852 τούτοις
2494 3789 2712 3859 ῆνέῳξα
2731 3789 2830 3862 τὴν
2851 3790 3028 3846 οἰκίαν
3051 3795 3165 3856 τοῖς
3197 3794 3431 3865 παριοῦ-

1823 3877 1962 3934 σιν,
2000 3870 2087 3924 ἵνα
2129 3871 2269 3942 μετὰ
2300 3872 2426 3937 τούς
2460 3872 2686 3937 πολλοὺς
2729 3874 2967 3946 δρόμους
3015 3875 3256 3942 ἐκείνους
3305 3878 3439 3943 τοὺς,

1855 3953 1994 4023 ὑπὲρ
2030 3953 2137 4007 τῶν
2178 3953 2468 4027 δεομένων,
2502 3957 2629 4020 τοὺς
2674 3957 2814 4030 ὐπέρ
2857 3958 2966 4012 τῶν
3011 3959 3256 4030 γυμνῶν,
3304 3962 3435 4027 τοὺς

1856 4036 1997 4107 ὑπὲρ
2029 4036 2139 4090 τῶν
2165 4039 2437 4111 ὀρφανῶν,
2475 4040 2679 4106 ταύτας
2714 4041 2973 4096 ἀπολάϐω
3006 4043 3106 4106 τὰς
3156 4043 3432 4113 ἀμοιϐάς;

1867 4119 2008 4172 Ἀλλ’
2043 4121 2164 4174 ἀντὶ
2207 4121 2414 4176 τούτων
2459 4123 2527 4178 τά
2563 4125 2744 4195 πάσης
2783 4124 2972 4188 θυσίας
3012 4125 3297 4195 κρείττονα
3337 4129 3434 4199 ῥή-

1857 4219 2007 4272 ματα
2029 4203 2326 4276 ἀνήνεγκεν
2347 4207 2551 4273 ἐκεῖνα,
2585 4205 2779 4276 λέγων·
2811 4208 3054 4277 Γυμνὸς
3074 4208 3340 4275 ἐξῆλθον
3363 4210 3434 4264 ἐκ

1854 4287 2089 4352 κοιλίας
2135 4290 2364 4356 μητρός
2393 4306 2513 4359 μου
2535 4329 2551 4356 ,
2585 4289 2811 4360 γυμνὸς
2852 4289 2948 4346 καί
2995 4291 3430 4363 ἀπελεύσομαι.

1854 4371 1917 4424 Εἰ
1944 4371 2002 4424 δὲ
2028 4370 2278 4443 διέρρηξε
2303 4372 2372 4425 τά
2399 4373 2609 4443 ίμάτια,
2639 4373 2733 4426 καὶ
2758 4372 2857 4445 τὴν
2881 4374 3054 4446 κόμην
3075 4377 3430 4448 ἀπεκείρατο,

1858 4455 1932 4524 μὴ
1962 4453 2247 4526 θαυμάσῃς
2268 4472 2282 4486 ·
2310 4455 2492 4528 πατὴρ
2531 4456 2638 4528 γάρ
2671 4453 2770 4528 ἦν,
2805 4459 2899 4511 καὶ
2927 4458 3111 4530 πατὴρ
3143 4459 3430 4531 φιλόστορ-

1853 4553 1970 4605 γος,
2014 4539 2109 4590 καὶ
2133 4537 2240 4591 ἔδει
2274 4539 2367 4592 καὶ
2391 4538 2488 4610 τὴν
2521 4539 2619 4609 τῆς
2651 4538 2865 4609 φύσεως
2905 4539 3186 4610 δειχθῆναι
3213 4543 3432 4612 συμπά-

1854 4622 2040 4688 θειαν,
2067 4621 2162 4676 καὶ
2192 4623 2292 4694 τῆν
2321 4622 2420 4693 τῆς
2449 4622 2676 4696 γνώμης
2698 4623 3037 4693 φιλοσοφίαν.
3060 4623 3124 4677 Εἰ
3153 4625 3262 4696 γάρ
3295 4626 3430 4696 μηδέ

1853 4705 2010 4761 τοῦτο
2056 4705 2304 4778 ἐποίησε,
2349 4707 2491 4778 τάχα
2539 4707 2634 4761 καὶ
2668 4705 3024 4778 ἀναισθησίας
3067 4708 3318 4780 ἐνόμιζεν
3362 4710 3429 4764 ἀν

1851 4805 1936 4851 τις
1974 4785 2113 4845 εἶναι
2146 4788 2244 4860 τὴν
2280 4788 2599 4860 φιλοσοφίαν
2635 4789 2861 4862 ταύτην.
2896 4790 2997 4844 Διά
3034 4790 3194 4844 τοῦτο
3226 4793 3317 4846 καὶ
3359 4795 3430 4846 16

1855 4871 2142 4943 σπλάγχνα
2169 4871 2404 4925 δείκνυσι
2433 4873 2529 4924 καὶ⁹
2553 4873 2653 4941 τῆς
2687 4873 2968 4936 εὐσεϐείας
2994 4873 3091 4945 τὴν
3116 4875 3426 4945 ἀκρίϐειαν,

1853 4955 1948 5009 καὶ
1989 4955 2234 5026 ἀλγήσας
2271 4955 2333 5008 οὐ
2377 4957 2753 5026 περιετράπηο
2799 4955 2938 5009 άλλά
2980 4958 3074 5010 καὶ
3113 4959 3428 5030 περαιτέρω

1854 5040 2133 5108 προϊόντος
2157 5037 2306 5108 αὐτῷ
2329 5038 2423 5090 τοῦ
2453 5038 2682 5107 ἀγῶνος,
2710 5039 2872 5092 πάλιν
2907 5039 3126 5111 ἐτέρους
3156 5042 3427 5097 ἀναδεῖται

1855 5121 2153 5189 στεφάνους
2197 5124 2261 5176 ἐκ
2297 5122 2408 5175 τῶν
2449 5121 2581 5192 πρὸς
2616 5122 2714 5194 τὴν
2751 5125 2983 5191 γυναῖκα
3017 5125 3299 5194 ῥημάτων,
3343 5126 3428 5179 λέ-

1851 5221 1996 5273 γων·
2041 5206 2111 5257 Εἰ
2156 5204 2228 5258 τὰ
2255 5204 2447 5276 ἀγαθὰ
2482 5204 2808 5276 ἐδεξάμεθα
2859 5208 3018 5275 παρὰ
3050 5209 3292 5276 Κυρίου,
3356 5212 3429 5262 τὰ

1818 5305 1824 5316 ·
1852 5287 2008 5341 κακὰ
2032 5289 2144 5356 οὐχ
2178 5289 2541 5358 ὑποίσομεν;
2566 5290 2676 5342 Καὶ
2707 5290 2815 5360 γάρ
2841 5291 2884 5365 ἡ.
2907 5290 3044 5361 γυνὴ
3074 5289 3207 5362 μόνη
3243 5292 3428 5345 λοιπὸν

1853 5372 2184 5442 ὑπελείφθη,
2229 5371 2448 5431 πάντων
2488 5373 2894 5443 ἀφανισθέντων
2949 5373 3132 5444 αὐτῷ,
3169 5377 3262 5428 καὶ
3318 5375 3427 5429 τῶν

1853 5454 2058 5509 παίδων
2088 5455 2182 5509 καὶ
2212 5455 2320 5509 τῶν
2367 5455 2662 5530 κτημάτων
2699 5457 2794 5511 καὶ
2820 5456 2982 5514 αὐτοῦ
3020 5456 3114 5509 τοῦ
3151 5457 3423 5528 σώματος,

1853 5539 1948 5594 καὶ
1972 5538 2111 5610 αῦτη
2139 5539 2275 5612 πρὸς
2311 5543 2507 5614 πεῖραν
2538 5540 2634 5595 καὶ
2658 5540 2973 5611 ἐπιϐουλήν.
3009 5540 3107 5594 Διά
3146 5541 3302 5595 τοῦτο
3330 5544 3426 5595 καὶ

1852 5623 2021 5694 αὐτὴν
2071 5624 2209 5695 μετὰ
2253 5625 2361 5679 τῶν
2408 5625 2613 5684 τέκνων
2651 5625 2751 5679 οὐκ
2788 5627 3051 5695 ἠφάνισεν
3097 5627 3125 5678 6
3158 5624 3422 5690 διάϐολος,

1851 5705 1970 5758 οὐδὲ
1999 5706 2200 5778 ᾔτησεν
2225 5708 2398 5778 αὐτῆς
2426 5707 2524 5778 τὴν
2549 5709 2785 5779 σφαγὴν,
2813 5707 2999 5777 ἐπειδὴ
3029 5706 3424 5779 προσεδόκησεν

1853 5790 2066 5860 μεγάλα
2087 5789 2234 5861 αὐτῷ
2259 5790 2529 5845 συντελεῖν
2557 5791 2694 5862 πρὸς
2715 5791 2814 5862 τὴν
2837 5790 3129 5860 ἐπιϐουλὴν
3150 5788 3241 5842 τοῦ
3269 5788 3422 5857 ἁγίου

52 5888 226 5947 οὕτω
268 5882 540 5946 πάντες
573 5871 1042 5947 ἀντιφθέγγονται·
1073 5869 1185 5932 Οὐκ
1228 5867 2061 5978 έΐίθεῖί»τδνῗω-διξετοὺτουο
2110 5873 2209 5932 Διά
2248 5874 2408 5930 τοῦτο
2447 5873 2636 5952 ὥσπερ
2677 5891 2729 5929 τι
2773 5875 3028 5948 μέγιστον
3054 5873 3218 5933 ὅπλον
3255 5873 3435 5945 αὐτὴν

113 5945 120 5948 ·
207 5945 223 5948 ⁷·
316 5945 321 5946 ⁷
367 5958 377 5962 -
577 5950 660 5958 ·τ·--
707 5945 714 5947 ‘
797 5945 820 5958 π
871 5954 914 5975 α.
1165 5950 1354 5980 πυτ-τ..
1397 5953 1431 5964 ~~
1626 5949 1652 5963 ο·
1748 5945 1749 5948 ‘

1861 5969 1866 5972 .
1961 5970 1994 5977 ,_
2051 5971 2114 5980 _,_
2177 5973 2268 5979 A_-A.__
2319 5958 2342 5970 Ρ
2377 5969 2480 5976 ,.-›
