  <div class='ocr_page' id='page_1' title='image "/cluster/home/n/w/nwhite01/storage/ocr_20150623/61/hvd.32044019190461/244.png"; bbox 0 0 3826 6216; ppageno 0'>
   <div class='ocr_carea' id='block_1_1' title="bbox 157 302 2359 375">
    <p class='ocr_par' dir='ltr' id='par_1_1' title="bbox 157 302 2359 375">
     <span class='ocr_line' id='line_1_1' title="bbox 157 302 2359 375; baseline 0.011 -27"><span class='ocrx_word' id='word_1_1' title='bbox 157 319 241 375; x_wconf 55' lang='grc' dir='ltr'><strong>ρετ</strong></span> <span class='ocrx_word' id='word_1_2' title='bbox 1083 312 1145 367; x_wconf 73' lang='lat' dir='ltr'><strong>1a</strong></span> <span class='ocrx_word' id='word_1_3' title='bbox 1186 308 1450 368; x_wconf 55' lang='lat'><strong>£91311</strong></span> <span class='ocrx_word' id='word_1_4' title='bbox 1513 306 1605 362; x_wconf 85' lang='lat' dir='ltr'><strong>AD</strong></span> <span class='ocrx_word' id='word_1_5' title='bbox 1641 302 1801 361; x_wconf 84' lang='lat' dir='ltr'><strong>con.</strong></span> <span class='ocrx_word' id='word_1_6' title='bbox 1844 305 2076 365; x_wconf 69' lang='lat'><strong>1101111..</strong></span> <span class='ocrx_word' id='word_1_7' title='bbox 2120 312 2359 372; x_wconf 78' lang='lat' dir='ltr'><strong>xxvm.</strong></span> 
     </span>
    </p>
   </div>
   <div class='ocr_carea' id='block_1_2' title="bbox 50 416 1688 508">
    <p class='ocr_par' dir='ltr' id='par_1_2' title="bbox 50 416 1688 508">
     <span class='ocr_line' id='line_1_2' title="bbox 50 416 1688 508; baseline 0.001 -31"><span class='ocrx_word' id='word_1_8' title='bbox 50 416 101 477; x_wconf 50' lang='lat'><strong>79-.</strong></span> <span class='ocrx_word' id='word_1_9' title='bbox 157 448 284 508; x_wconf 67' lang='grc' dir='ltr'><strong>νοτε,</strong></span> <span class='ocrx_word' id='word_1_10' title='bbox 323 436 370 484; x_wconf 88' lang='lat' dir='ltr'><strong>et</strong></span> <span class='ocrx_word' id='word_1_11' title='bbox 402 427 514 496; x_wconf 86' lang='lat' dir='ltr'><strong>ipsa</strong></span> <span class='ocrx_word' id='word_1_12' title='bbox 560 426 607 481; x_wconf 89' lang='lat' dir='ltr'><strong>ei</strong></span> <span class='ocrx_word' id='word_1_13' title='bbox 650 424 716 480; x_wconf 86' lang='lat' dir='ltr'><strong>ad</strong></span> <span class='ocrx_word' id='word_1_14' title='bbox 744 425 1092 482; x_wconf 89' lang='lat' dir='ltr'><strong>tentationem</strong></span> <span class='ocrx_word' id='word_1_15' title='bbox 1138 434 1195 482; x_wconf 91' lang='lat' dir='ltr'><strong>et</strong></span> <span class='ocrx_word' id='word_1_16' title='bbox 1237 423 1458 479; x_wconf 85' lang='lat' dir='ltr'><strong>insidias</strong></span> <span class='ocrx_word' id='word_1_17' title='bbox 1499 422 1688 480; x_wconf 90' lang='lat' dir='ltr'><strong>relicta</strong></span> 
     </span>
    </p>
   </div>
   <div class='ocr_carea' id='block_1_3' title="bbox 48 515 1695 589">
    <p class='ocr_par' dir='ltr' id='par_1_3' title="bbox 48 515 1695 589">
     <span class='ocr_line' id='line_1_3' title="bbox 48 515 1695 589; baseline -0.007 -9"><span class='ocrx_word' id='word_1_18' title='bbox 151 537 234 584; x_wconf 83' lang='lat' dir='ltr'><strong>est.</strong></span> <span class='ocrx_word' id='word_1_19' title='bbox 258 522 465 589; x_wconf 88' lang='lat' dir='ltr'><strong>Ideoque</strong></span> <span class='ocrx_word' id='word_1_20' title='bbox 504 517 649 573; x_wconf 85' lang='lat' dir='ltr'><strong>illam</strong></span> <span class='ocrx_word' id='word_1_21' title='bbox 694 534 800 572; x_wconf 91' lang='lat' dir='ltr'><strong>non</strong></span> <span class='ocrx_word' id='word_1_22' title='bbox 841 534 963 572; x_wconf 90' lang='lat' dir='ltr'><strong>cum</strong></span> <span class='ocrx_word' id='word_1_23' title='bbox 998 516 1118 572; x_wconf 86' lang='lat' dir='ltr'><strong>filiis</strong></span> <span class='ocrx_word' id='word_1_24' title='bbox 1158 518 1373 572; x_wconf 76' lang='lat' dir='ltr'><strong>sustulit</strong></span> <span class='ocrx_word' id='word_1_25' title='bbox 1406 515 1695 583; x_wconf 82' lang='lat' dir='ltr'><strong>diabolus,</strong></span> 
     </span>
    </p>
   </div>
   <div class='ocr_carea' id='block_1_4' title="bbox 52 606 1694 689">
    <p class='ocr_par' dir='ltr' id='par_1_4' title="bbox 52 606 1694 689">
     <span class='ocr_line' id='line_1_4' title="bbox 52 606 1694 689; baseline -0.008 -14"><span class='ocrx_word' id='word_1_26' title='bbox 152 633 299 689; x_wconf 86' lang='lat' dir='ltr'><strong>neque</strong></span> <span class='ocrx_word' id='word_1_27' title='bbox 344 612 502 683; x_wconf 87' lang='lat' dir='ltr'><strong>ipsius</strong></span> <span class='ocrx_word' id='word_1_28' title='bbox 542 611 747 667; x_wconf 57' lang='lat' dir='ltr'><strong>caedem</strong></span> <span class='ocrx_word' id='word_1_29' title='bbox 784 610 1039 680; x_wconf 83' lang='lat' dir='ltr'><strong>expetiit,</strong></span> <span class='ocrx_word' id='word_1_30' title='bbox 1087 611 1211 682; x_wconf 87' lang='lat' dir='ltr'><strong>quia</strong></span> <span class='ocrx_word' id='word_1_31' title='bbox 1243 610 1499 680; x_wconf 89' lang='lat' dir='ltr'><strong>sperabat</strong></span> <span class='ocrx_word' id='word_1_32' title='bbox 1547 608 1694 664; x_wconf 86' lang='lat' dir='ltr'><strong>illam</strong></span> 
     </span>
    </p>
   </div>
   <div class='ocr_carea' id='block_1_5' title="bbox 70 703 1695 791">
    <p class='ocr_par' dir='ltr' id='par_1_5' title="bbox 70 703 1695 791">
     <span class='ocr_line' id='line_1_5' title="bbox 70 703 1695 791; baseline -0.006 -24"><span class='ocrx_word' id='word_1_33' title='bbox 70 714 89 791; x_wconf 61' lang='grc' dir='ltr'><em>ξ</em></span> <span class='ocrx_word' id='word_1_34' title='bbox 150 723 365 781; x_wconf 79' lang='lat' dir='ltr'><strong>magnam</strong></span> <span class='ocrx_word' id='word_1_35' title='bbox 404 704 503 759; x_wconf 91' lang='lat' dir='ltr'><strong>sibi</strong></span> <span class='ocrx_word' id='word_1_36' title='bbox 548 720 703 775; x_wconf 85' lang='lat' dir='ltr'><strong>epem</strong></span> <span class='ocrx_word' id='word_1_37' title='bbox 732 720 852 760; x_wconf 88' lang='lat' dir='ltr'><strong>esse</strong></span> <span class='ocrx_word' id='word_1_38' title='bbox 887 705 1114 759; x_wconf 89' lang='lat' dir='ltr'><strong>laturam</strong></span> <span class='ocrx_word' id='word_1_39' title='bbox 1140 703 1207 759; x_wconf 90' lang='lat' dir='ltr'><strong>ad</strong></span> <span class='ocrx_word' id='word_1_40' title='bbox 1254 704 1476 760; x_wconf 86' lang='lat' dir='ltr'><strong>insidias</strong></span> <span class='ocrx_word' id='word_1_41' title='bbox 1506 712 1695 759; x_wconf 86' lang='lat' dir='ltr'><strong>sancto</strong></span> 
     </span>
    </p>
   </div>
   <div class='ocr_carea' id='block_1_6' title="bbox 59 796 1696 868">
    <p class='ocr_par' dir='ltr' id='par_1_6' title="bbox 59 796 1696 868">
     <span class='ocr_line' id='line_1_6' title="bbox 59 796 1696 868; baseline -0.002 -12"><span class='ocrx_word' id='word_1_42' title='bbox 59 796 93 865; x_wconf 55' lang='grc' dir='ltr'>Ϊ</span> <span class='ocrx_word' id='word_1_43' title='bbox 150 806 253 862; x_wconf 81' lang='lat' dir='ltr'><strong>huic</strong></span> <span class='ocrx_word' id='word_1_44' title='bbox 275 800 379 855; x_wconf 87' lang='lat' dir='ltr'><strong>viro</strong></span> <span class='ocrx_word' id='word_1_45' title='bbox 412 796 691 866; x_wconf 89' lang='lat' dir='ltr'><strong>parandas.</strong></span> <span class='ocrx_word' id='word_1_46' title='bbox 727 796 958 868; x_wconf 89' lang='lat' dir='ltr'><strong>Ideoque</strong></span> <span class='ocrx_word' id='word_1_47' title='bbox 986 798 1152 866; x_wconf 88' lang='lat' dir='ltr'><strong>ipsam</strong></span> <span class='ocrx_word' id='word_1_48' title='bbox 1178 839 1191 861; x_wconf 87' lang='lat'><strong>,</strong></span> <span class='ocrx_word' id='word_1_49' title='bbox 1225 808 1496 868; x_wconf 83' lang='lat' dir='ltr'><strong>tamquam</strong></span> <span class='ocrx_word' id='word_1_50' title='bbox 1525 797 1696 852; x_wconf 89' lang='lat' dir='ltr'><strong>maxi-</strong></span> 
     </span>
    </p>
   </div>
   <div class='ocr_carea' id='block_1_7' title="bbox 48 874 1695 959">
    <p class='ocr_par' dir='ltr' id='par_1_7' title="bbox 48 874 1695 959">
     <span class='ocr_line' id='line_1_7' title="bbox 48 874 1695 959; baseline -0.01 -3"><span class='ocrx_word' id='word_1_51' title='bbox 146 910 272 953; x_wconf 89' lang='lat' dir='ltr'><strong>mum</strong></span> <span class='ocrx_word' id='word_1_52' title='bbox 319 890 473 946; x_wconf 90' lang='lat' dir='ltr'><strong>telum</strong></span> <span class='ocrx_word' id='word_1_53' title='bbox 528 889 628 943; x_wconf 86' lang='lat' dir='ltr'><strong>sibi</strong></span> <span class='ocrx_word' id='word_1_54' title='bbox 706 899 1068 959; x_wconf 86' lang='lat' dir='ltr'><strong>opportunum</strong></span> <span class='ocrx_word' id='word_1_55' title='bbox 1120 889 1356 959; x_wconf 84' lang='lat' dir='ltr'><strong>reliquit.</strong></span> <span class='ocrx_word' id='word_1_56' title='bbox 1407 888 1463 945; x_wconf 89' lang='lat' dir='ltr'><strong>Si</strong></span> <span class='ocrx_word' id='word_1_57' title='bbox 1508 889 1695 956; x_wconf 90' lang='lat' dir='ltr'><strong>enim,</strong></span> 
     </span>
    </p>
   </div>
   <div class='ocr_carea' id='block_1_8' title="bbox 48 970 1699 1059">
    <p class='ocr_par' dir='ltr' id='par_1_8' title="bbox 48 970 1699 1059">
     <span class='ocr_line' id='line_1_8' title="bbox 48 970 1699 1059; baseline -0.002 -18"><span class='ocrx_word' id='word_1_58' title='bbox 48 970 83 1059; x_wconf 44' lang='grc' dir='ltr'>ξ</span> <span class='ocrx_word' id='word_1_59' title='bbox 146 988 325 1059; x_wconf 79' lang='lat' dir='ltr'><strong>inquit,</strong></span> <span class='ocrx_word' id='word_1_60' title='bbox 353 982 619 1037; x_wconf 90' lang='lat' dir='ltr'><strong>hominem</strong></span> <span class='ocrx_word' id='word_1_61' title='bbox 650 998 745 1052; x_wconf 88' lang='lat' dir='ltr'><strong>per</strong></span> <span class='ocrx_word' id='word_1_62' title='bbox 775 983 919 1036; x_wconf 87' lang='lat' dir='ltr'><strong>illam</strong></span> <span class='ocrx_word' id='word_1_63' title='bbox 964 997 1027 1038; x_wconf 90' lang='lat' dir='ltr'><strong>ex</strong></span> <span class='ocrx_word' id='word_1_64' title='bbox 1058 982 1306 1052; x_wconf 83' lang='lat' dir='ltr'><strong>paradiso</strong></span> <span class='ocrx_word' id='word_1_65' title='bbox 1333 982 1497 1055; x_wconf 89' lang='lat' dir='ltr'><strong>ejeci,</strong></span> <span class='ocrx_word' id='word_1_66' title='bbox 1530 982 1699 1038; x_wconf 91' lang='lat' dir='ltr'><strong>multo</strong></span> 
     </span>
    </p>
   </div>
   <div class='ocr_carea' id='block_1_9' title="bbox 44 1074 1338 1151">
    <p class='ocr_par' dir='ltr' id='par_1_9' title="bbox 44 1074 1338 1151">
     <span class='ocr_line' id='line_1_9' title="bbox 44 1074 1338 1151; baseline -0.005 -15"><span class='ocrx_word' id='word_1_67' title='bbox 44 1118 49 1127; x_wconf 72' lang='grc' dir='ltr'><strong>ι</strong></span> <span class='ocrx_word' id='word_1_68' title='bbox 84 1124 87 1151; x_wconf 44' lang='grc' dir='ltr'>ς</span> <span class='ocrx_word' id='word_1_69' title='bbox 142 1081 291 1150; x_wconf 67' lang='lat' dir='ltr'><strong>magis</strong></span> <span class='ocrx_word' id='word_1_70' title='bbox 318 1080 366 1131; x_wconf 93' lang='lat' dir='ltr'><strong>in</strong></span> <span class='ocrx_word' id='word_1_71' title='bbox 394 1074 735 1145; x_wconf 76' lang='lat' dir='ltr'><strong>sterquilinio</strong></span> <span class='ocrx_word' id='word_1_72' title='bbox 760 1084 948 1146; x_wconf 85' lang='lat' dir='ltr'><strong>potero</strong></span> <span class='ocrx_word' id='word_1_73' title='bbox 974 1075 1338 1147; x_wconf 89' lang='lat' dir='ltr'><strong>supplantare.</strong></span> 
     </span>
    </p>
   </div>
   <div class='ocr_carea' id='block_1_10' title="bbox 62 1167 1699 1240">
    <p class='ocr_par' dir='ltr' id='par_1_10' title="bbox 62 1167 1699 1240">
     <span class='ocr_line' id='line_1_10' title="bbox 62 1167 1699 1240; baseline -0.005 -9"><span class='ocrx_word' id='word_1_74' title='bbox 62 1208 89 1237; x_wconf 35' lang='grc' dir='ltr'><em>λζ</em></span> <span class='ocrx_word' id='word_1_75' title='bbox 201 1175 247 1229; x_wconf 69' lang='grc' dir='ltr'><strong>ι,</strong></span> <span class='ocrx_word' id='word_1_76' title='bbox 286 1171 346 1227; x_wconf 86' lang='lat' dir='ltr'><strong>Et</strong></span> <span class='ocrx_word' id='word_1_77' title='bbox 369 1168 488 1224; x_wconf 90' lang='lat' dir='ltr'><strong>vide</strong></span> <span class='ocrx_word' id='word_1_78' title='bbox 509 1168 875 1223; x_wconf 89' lang='lat' dir='ltr'><strong>calliditatem.</strong></span> <span class='ocrx_word' id='word_1_79' title='bbox 905 1167 1087 1240; x_wconf 86' lang='lat' dir='ltr'><strong>Neque</strong></span> <span class='ocrx_word' id='word_1_80' title='bbox 1120 1168 1261 1223; x_wconf 90' lang='lat' dir='ltr'><strong>enim</strong></span> <span class='ocrx_word' id='word_1_81' title='bbox 1294 1178 1575 1239; x_wconf 83' lang='lat' dir='ltr'><strong>postquam</strong></span> <span class='ocrx_word' id='word_1_82' title='bbox 1603 1167 1699 1222; x_wconf 89' lang='lat' dir='ltr'><strong>bo-</strong></span> 
     </span>
    </p>
   </div>
   <div class='ocr_carea' id='block_1_11' title="bbox 42 1246 1699 1337">
    <p class='ocr_par' dir='ltr' id='par_1_11' title="bbox 42 1246 1699 1337">
     <span class='ocr_line' id='line_1_11' title="bbox 42 1246 1699 1337; baseline 0 -22"><span class='ocrx_word' id='word_1_83' title='bbox 42 1268 51 1315; x_wconf 76' lang='grc' dir='ltr'>ζ</span> <span class='ocrx_word' id='word_1_84' title='bbox 70 1292 77 1321; x_wconf 82' lang='grc'><em>;</em></span> <span class='ocrx_word' id='word_1_85' title='bbox 142 1282 219 1323; x_wconf 80' lang='lat' dir='ltr'><strong>res</strong></span> <span class='ocrx_word' id='word_1_86' title='bbox 244 1264 532 1337; x_wconf 88' lang='lat' dir='ltr'><strong>perierant,</strong></span> <span class='ocrx_word' id='word_1_87' title='bbox 563 1260 700 1316; x_wconf 91' lang='lat' dir='ltr'><strong>hanc</strong></span> <span class='ocrx_word' id='word_1_88' title='bbox 732 1260 1033 1315; x_wconf 86' lang='lat' dir='ltr'><strong>machinam</strong></span> <span class='ocrx_word' id='word_1_89' title='bbox 1063 1259 1326 1327; x_wconf 87' lang='lat' dir='ltr'><strong>adhibuit,</strong></span> <span class='ocrx_word' id='word_1_90' title='bbox 1357 1246 1533 1330; x_wconf 83' lang='lat' dir='ltr'><strong>neque</strong></span> <span class='ocrx_word' id='word_1_91' title='bbox 1578 1268 1699 1330; x_wconf 87' lang='lat' dir='ltr'><strong>post</strong></span> 
     </span>
    </p>
   </div>
   <div class='ocr_carea' id='block_1_12' title="bbox 42 1351 1699 1422">
    <p class='ocr_par' dir='ltr' id='par_1_12' title="bbox 42 1351 1699 1422">
     <span class='ocr_line' id='line_1_12' title="bbox 42 1351 1699 1422; baseline -0.008 -4"><span class='ocrx_word' id='word_1_92' title='bbox 42 1369 73 1383; x_wconf 79' lang='grc'><strong>’“</strong></span> <span class='ocrx_word' id='word_1_93' title='bbox 138 1360 352 1417; x_wconf 83' lang='lat' dir='ltr'><strong>sublatos</strong></span> <span class='ocrx_word' id='word_1_94' title='bbox 380 1356 558 1410; x_wconf 90' lang='lat' dir='ltr'><strong>asinos</strong></span> <span class='ocrx_word' id='word_1_95' title='bbox 588 1356 671 1409; x_wconf 85' lang='lat' dir='ltr'><strong>vel</strong></span> <span class='ocrx_word' id='word_1_96' title='bbox 718 1354 952 1409; x_wconf 86' lang='lat' dir='ltr'><strong>camelos</strong></span> <span class='ocrx_word' id='word_1_97' title='bbox 976 1395 992 1420; x_wconf 93' lang='lat'><strong>,</strong></span> <span class='ocrx_word' id='word_1_98' title='bbox 1026 1368 1126 1409; x_wconf 91' lang='lat' dir='ltr'><strong>nec</strong></span> <span class='ocrx_word' id='word_1_99' title='bbox 1156 1361 1278 1422; x_wconf 89' lang='lat' dir='ltr'><strong>post</strong></span> <span class='ocrx_word' id='word_1_100' title='bbox 1305 1352 1566 1421; x_wconf 89' lang='lat' dir='ltr'><strong>dejectam</strong></span> <span class='ocrx_word' id='word_1_101' title='bbox 1596 1351 1699 1406; x_wconf 89' lang='lat' dir='ltr'><strong>do-</strong></span> 
     </span>
    </p>
   </div>
   <div class='ocr_carea' id='block_1_13' title="bbox 137 1443 1698 1518">
    <p class='ocr_par' dir='ltr' id='par_1_13' title="bbox 137 1443 1698 1518">
     <span class='ocr_line' id='line_1_13' title="bbox 137 1443 1698 1518; baseline -0.007 -9"><span class='ocrx_word' id='word_1_102' title='bbox 137 1468 302 1517; x_wconf 85' lang='lat' dir='ltr'><strong>mum,</strong></span> <span class='ocrx_word' id='word_1_103' title='bbox 332 1463 502 1518; x_wconf 90' lang='lat' dir='ltr'><strong>neque</strong></span> <span class='ocrx_word' id='word_1_104' title='bbox 546 1456 667 1517; x_wconf 89' lang='lat' dir='ltr'><strong>post</strong></span> <span class='ocrx_word' id='word_1_105' title='bbox 696 1445 916 1500; x_wconf 91' lang='lat' dir='ltr'><strong>obrutos</strong></span> <span class='ocrx_word' id='word_1_106' title='bbox 947 1444 1124 1510; x_wconf 90' lang='lat' dir='ltr'><strong>ﬁlios;</strong></span> <span class='ocrx_word' id='word_1_107' title='bbox 1170 1443 1264 1499; x_wconf 85' lang='lat' dir='ltr'><strong>sed</strong></span> <span class='ocrx_word' id='word_1_108' title='bbox 1297 1445 1508 1498; x_wconf 91' lang='lat' dir='ltr'><strong>interim</strong></span> <span class='ocrx_word' id='word_1_109' title='bbox 1536 1444 1698 1498; x_wconf 90' lang='lat' dir='ltr'><strong>silere</strong></span> 
     </span>
    </p>
   </div>
   <div class='ocr_carea' id='block_1_14' title="bbox 40 1538 1695 1615">
    <p class='ocr_par' dir='ltr' id='par_1_14' title="bbox 40 1538 1695 1615">
     <span class='ocr_line' id='line_1_14' title="bbox 40 1538 1695 1615; baseline -0.007 -11"><span class='ocrx_word' id='word_1_110' title='bbox 40 1540 77 1571; x_wconf 55' lang='grc'>⁵³</span> <span class='ocrx_word' id='word_1_111' title='bbox 134 1558 180 1603; x_wconf 92' lang='lat' dir='ltr'><strong>et</strong></span> <span class='ocrx_word' id='word_1_112' title='bbox 217 1545 437 1615; x_wconf 87' lang='lat' dir='ltr'><strong>quietem</strong></span> <span class='ocrx_word' id='word_1_113' title='bbox 483 1556 641 1613; x_wconf 81' lang='lat' dir='ltr'><strong>agere</strong></span> <span class='ocrx_word' id='word_1_114' title='bbox 678 1542 802 1596; x_wconf 88' lang='lat' dir='ltr'><strong>sivit</strong></span> <span class='ocrx_word' id='word_1_115' title='bbox 826 1540 1080 1595; x_wconf 90' lang='lat' dir='ltr'><strong>athletam</strong></span> <span class='ocrx_word' id='word_1_116' title='bbox 1129 1538 1350 1605; x_wconf 89' lang='lat' dir='ltr'><strong>videns;</strong></span> <span class='ocrx_word' id='word_1_117' title='bbox 1384 1538 1473 1593; x_wconf 91' lang='lat' dir='ltr'><strong>ubi</strong></span> <span class='ocrx_word' id='word_1_118' title='bbox 1516 1549 1695 1592; x_wconf 90' lang='lat' dir='ltr'><strong>autem</strong></span> 
     </span>
    </p>
   </div>
   <div class='ocr_carea' id='block_1_15' title="bbox 40 1626 1697 1717">
    <p class='ocr_par' dir='ltr' id='par_1_15' title="bbox 40 1626 1697 1717">
     <span class='ocr_line' id='line_1_15' title="bbox 40 1626 1697 1717; baseline -0.002 -30"><span class='ocrx_word' id='word_1_119' title='bbox 40 1626 109 1712; x_wconf 61' lang='grc'><strong>⁵,</strong></span> <span class='ocrx_word' id='word_1_120' title='bbox 136 1636 369 1694; x_wconf 87' lang='lat' dir='ltr'><strong>vermium</strong></span> <span class='ocrx_word' id='word_1_121' title='bbox 410 1631 531 1692; x_wconf 92' lang='lat' dir='ltr'><strong>fons</strong></span> <span class='ocrx_word' id='word_1_122' title='bbox 558 1633 853 1699; x_wconf 90' lang='lat' dir='ltr'><strong>scaturivit,</strong></span> <span class='ocrx_word' id='word_1_123' title='bbox 895 1647 1017 1687; x_wconf 90' lang='lat' dir='ltr'><strong>cum</strong></span> <span class='ocrx_word' id='word_1_124' title='bbox 1068 1639 1381 1702; x_wconf 90' lang='lat' dir='ltr'><strong>putrescens</strong></span> <span class='ocrx_word' id='word_1_125' title='bbox 1409 1629 1562 1699; x_wconf 88' lang='lat' dir='ltr'><strong>pellis</strong></span> <span class='ocrx_word' id='word_1_126' title='bbox 1591 1627 1697 1717; x_wconf 84' lang='lat' dir='ltr'><strong>dif-</strong></span> 
     </span>
    </p>
   </div>
   <div class='ocr_carea' id='block_1_16' title="bbox 40 1712 1699 1801">
    <p class='ocr_par' dir='ltr' id='par_1_16' title="bbox 40 1712 1699 1801">
     <span class='ocr_line' id='line_1_16' title="bbox 40 1712 1699 1801; baseline -0.005 -15"><span class='ocrx_word' id='word_1_127' title='bbox 40 1712 51 1801; x_wconf 35' lang='grc' dir='ltr'>ἱ</span> <span class='ocrx_word' id='word_1_128' title='bbox 132 1731 301 1787; x_wconf 82' lang='lat' dir='ltr'><strong>ﬂueret</strong></span> <span class='ocrx_word' id='word_1_129' title='bbox 323 1770 337 1793; x_wconf 96' lang='lat'><strong>,</strong></span> <span class='ocrx_word' id='word_1_130' title='bbox 370 1739 424 1781; x_wconf 88' lang='lat' dir='ltr'><strong>et</strong></span> <span class='ocrx_word' id='word_1_131' title='bbox 454 1737 787 1797; x_wconf 80' lang='lat' dir='ltr'><strong>consumpta:</strong></span> <span class='ocrx_word' id='word_1_132' title='bbox 814 1740 1008 1781; x_wconf 88' lang='lat' dir='ltr'><strong>carnes</strong></span> <span class='ocrx_word' id='word_1_133' title='bbox 1030 1726 1232 1780; x_wconf 88' lang='lat' dir='ltr'><strong>saniem</strong></span> <span class='ocrx_word' id='word_1_134' title='bbox 1259 1724 1606 1791; x_wconf 88' lang='lat' dir='ltr'><strong>emitterent,</strong></span> <span class='ocrx_word' id='word_1_135' title='bbox 1634 1712 1699 1778; x_wconf 78' lang='lat' dir='ltr'><strong>ac</strong></span> 
     </span>
    </p>
   </div>
   <div class='ocr_carea' id='block_1_17' title="bbox 38 1798 1698 1890">
    <p class='ocr_par' dir='ltr' id='par_1_17' title="bbox 38 1798 1698 1890">
     <span class='ocr_line' id='line_1_17' title="bbox 38 1798 1698 1890; baseline -0.004 -13"><span class='ocrx_word' id='word_1_136' title='bbox 131 1819 469 1890; x_wconf 82' lang='lat' dir='ltr'><strong>sartaginihus</strong></span> <span class='ocrx_word' id='word_1_137' title='bbox 502 1817 916 1889; x_wconf 79' lang='lat' dir='ltr'><strong>fornacibusque</strong></span> <span class='ocrx_word' id='word_1_138' title='bbox 944 1827 1000 1872; x_wconf 92' lang='lat' dir='ltr'><strong>et</strong></span> <span class='ocrx_word' id='word_1_139' title='bbox 1025 1818 1214 1888; x_wconf 87' lang='lat' dir='ltr'><strong>quavis</strong></span> <span class='ocrx_word' id='word_1_140' title='bbox 1246 1818 1459 1872; x_wconf 83' lang='lat' dir='ltr'><strong>ﬂamma</strong></span> <span class='ocrx_word' id='word_1_141' title='bbox 1483 1817 1698 1887; x_wconf 73' lang='lat' dir='ltr'><strong>gravior</strong></span> 
     </span>
    </p>
   </div>
   <div class='ocr_carea' id='block_1_18' title="bbox 38 1902 1698 1983">
    <p class='ocr_par' dir='ltr' id='par_1_18' title="bbox 38 1902 1698 1983">
     <span class='ocr_line' id='line_1_18' title="bbox 38 1902 1698 1983; baseline -0.004 -13"><span class='ocrx_word' id='word_1_142' title='bbox 38 1902 67 1971; x_wconf 50' lang='grc' dir='ltr'><strong>ξ’</strong></span> <span class='ocrx_word' id='word_1_143' title='bbox 129 1916 283 1983; x_wconf 86' lang='lat' dir='ltr'><strong>ipsum</strong></span> <span class='ocrx_word' id='word_1_144' title='bbox 314 1911 511 1965; x_wconf 89' lang='lat' dir='ltr'><strong>diaboli</strong></span> <span class='ocrx_word' id='word_1_145' title='bbox 547 1926 735 1964; x_wconf 92' lang='lat' dir='ltr'><strong>manus</strong></span> <span class='ocrx_word' id='word_1_146' title='bbox 763 1918 1146 1975; x_wconf 91' lang='lat' dir='ltr'><strong>consumeret,</strong></span> <span class='ocrx_word' id='word_1_147' title='bbox 1192 1910 1381 1981; x_wconf 90' lang='lat' dir='ltr'><strong>quavis</strong></span> <span class='ocrx_word' id='word_1_148' title='bbox 1410 1908 1521 1964; x_wconf 87' lang='lat' dir='ltr'><strong>fera</strong></span> <span class='ocrx_word' id='word_1_149' title='bbox 1565 1908 1698 1965; x_wconf 77' lang='lat' dir='ltr'><strong>effe-</strong></span> 
     </span>
    </p>
   </div>
   <div class='ocr_carea' id='block_1_19' title="bbox 36 1987 1695 2077">
    <p class='ocr_par' dir='ltr' id='par_1_19' title="bbox 36 1987 1695 2077">
     <span class='ocr_line' id='line_1_19' title="bbox 36 1987 1695 2077; baseline -0.001 -20"><span class='ocrx_word' id='word_1_150' title='bbox 36 1987 63 2077; x_wconf 46' lang='grc' dir='ltr'><em>εί</em></span> <span class='ocrx_word' id='word_1_151' title='bbox 129 2006 279 2060; x_wconf 89' lang='lat' dir='ltr'><strong>ratior</strong></span> <span class='ocrx_word' id='word_1_152' title='bbox 308 2003 407 2072; x_wconf 82' lang='lat' dir='ltr'><strong>ipsi</strong></span> <span class='ocrx_word' id='word_1_153' title='bbox 452 2018 649 2073; x_wconf 89' lang='lat' dir='ltr'><strong>corpus</strong></span> <span class='ocrx_word' id='word_1_154' title='bbox 696 2001 931 2073; x_wconf 87' lang='lat' dir='ltr'><strong>undique</strong></span> <span class='ocrx_word' id='word_1_155' title='bbox 956 2016 1283 2056; x_wconf 90' lang='lat' dir='ltr'><strong>consumens</strong></span> <span class='ocrx_word' id='word_1_156' title='bbox 1306 2009 1361 2057; x_wconf 89' lang='lat' dir='ltr'><strong>et</strong></span> <span class='ocrx_word' id='word_1_157' title='bbox 1388 2000 1653 2056; x_wconf 90' lang='lat' dir='ltr'><strong>devorans</strong></span> <span class='ocrx_word' id='word_1_158' title='bbox 1678 2041 1695 2068; x_wconf 95' lang='lat'><strong>,</strong></span> 
     </span>
    </p>
   </div>
   <div class='ocr_carea' id='block_1_20' title="bbox 49 2074 1698 2165">
    <p class='ocr_par' dir='ltr' id='par_1_20' title="bbox 49 2074 1698 2165">
     <span class='ocr_line' id='line_1_20' title="bbox 49 2074 1698 2165; baseline -0.003 -12"><span class='ocrx_word' id='word_1_159' title='bbox 49 2074 59 2165; x_wconf 51' lang='grc' dir='ltr'><em>ξ</em></span> <span class='ocrx_word' id='word_1_160' title='bbox 122 2114 231 2153; x_wconf 92' lang='lat' dir='ltr'><strong>cum</strong></span> <span class='ocrx_word' id='word_1_161' title='bbox 276 2099 327 2151; x_wconf 91' lang='lat' dir='ltr'><strong>in</strong></span> <span class='ocrx_word' id='word_1_162' title='bbox 355 2095 457 2151; x_wconf 90' lang='lat' dir='ltr'><strong>hac</strong></span> <span class='ocrx_word' id='word_1_163' title='bbox 482 2096 785 2151; x_wconf 81' lang='lat' dir='ltr'><strong>calamitate</strong></span> <span class='ocrx_word' id='word_1_164' title='bbox 816 2095 1042 2149; x_wconf 91' lang='lat' dir='ltr'><strong>multum</strong></span> <span class='ocrx_word' id='word_1_165' title='bbox 1074 2094 1331 2165; x_wconf 91' lang='lat' dir='ltr'><strong>temporis</strong></span> <span class='ocrx_word' id='word_1_166' title='bbox 1371 2095 1698 2164; x_wconf 91' lang='lat' dir='ltr'><strong>insumptum</strong></span> 
     </span>
    </p>
   </div>
   <div class='ocr_carea' id='block_1_21' title="bbox 46 2188 1700 2260">
    <p class='ocr_par' dir='ltr' id='par_1_21' title="bbox 46 2188 1700 2260">
     <span class='ocr_line' id='line_1_21' title="bbox 46 2188 1700 2260; baseline -0.001 -14"><span class='ocrx_word' id='word_1_167' title='bbox 46 2224 59 2247; x_wconf 50' lang='grc' dir='ltr'><em>μ</em></span> <span class='ocrx_word' id='word_1_168' title='bbox 124 2193 333 2254; x_wconf 89' lang='lat' dir='ltr'><strong>fuisset,</strong></span> <span class='ocrx_word' id='word_1_169' title='bbox 363 2199 493 2246; x_wconf 91' lang='lat' dir='ltr'><strong>tunc</strong></span> <span class='ocrx_word' id='word_1_170' title='bbox 524 2205 748 2245; x_wconf 84' lang='lat' dir='ltr'><strong>uxorem</strong></span> <span class='ocrx_word' id='word_1_171' title='bbox 775 2189 840 2245; x_wconf 92' lang='lat' dir='ltr'><strong>ad</strong></span> <span class='ocrx_word' id='word_1_172' title='bbox 882 2188 1032 2245; x_wconf 92' lang='lat' dir='ltr'><strong>illum</strong></span> <span class='ocrx_word' id='word_1_173' title='bbox 1062 2189 1281 2245; x_wconf 86' lang='lat' dir='ltr'><strong>adducit</strong></span> <span class='ocrx_word' id='word_1_174' title='bbox 1320 2189 1431 2260; x_wconf 90' lang='lat' dir='ltr'><strong>jam</strong></span> <span class='ocrx_word' id='word_1_175' title='bbox 1461 2190 1700 2245; x_wconf 81' lang='lat' dir='ltr'><strong>exsicca-</strong></span> 
     </span>
    </p>
   </div>
   <div class='ocr_carea' id='block_1_22' title="bbox 38 2282 1699 2339">
    <p class='ocr_par' dir='ltr' id='par_1_22' title="bbox 38 2282 1699 2339">
     <span class='ocr_line' id='line_1_22' title="bbox 38 2282 1699 2339; baseline 0.003 -6"><span class='ocrx_word' id='word_1_176' title='bbox 38 2303 54 2333; x_wconf 76' lang='lat'><strong>.~</strong></span> <span class='ocrx_word' id='word_1_177' title='bbox 122 2293 220 2338; x_wconf 89' lang='lat' dir='ltr'><strong>tum</strong></span> <span class='ocrx_word' id='word_1_178' title='bbox 242 2293 294 2337; x_wconf 92' lang='lat' dir='ltr'><strong>et</strong></span> <span class='ocrx_word' id='word_1_179' title='bbox 312 2282 637 2337; x_wconf 90' lang='lat' dir='ltr'><strong>confectum.</strong></span> <span class='ocrx_word' id='word_1_180' title='bbox 664 2282 719 2337; x_wconf 92' lang='lat' dir='ltr'><strong>Si</strong></span> <span class='ocrx_word' id='word_1_181' title='bbox 750 2282 892 2337; x_wconf 91' lang='lat' dir='ltr'><strong>enim</strong></span> <span class='ocrx_word' id='word_1_182' title='bbox 924 2282 1077 2337; x_wconf 89' lang='lat' dir='ltr'><strong>initio</strong></span> <span class='ocrx_word' id='word_1_183' title='bbox 1098 2282 1418 2337; x_wconf 89' lang='lat' dir='ltr'><strong>calamitatis</strong></span> <span class='ocrx_word' id='word_1_184' title='bbox 1440 2283 1699 2339; x_wconf 84' lang='lat' dir='ltr'><strong>accessis-</strong></span> 
     </span>
    </p>
   </div>
   <div class='ocr_carea' id='block_1_23' title="bbox 34 2374 1700 2445">
    <p class='ocr_par' dir='ltr' id='par_1_23' title="bbox 34 2374 1700 2445">
     <span class='ocr_line' id='line_1_23' title="bbox 34 2374 1700 2445; baseline 0 -16"><span class='ocrx_word' id='word_1_185' title='bbox 34 2390 53 2417; x_wconf 74' lang='grc' dir='ltr'><strong>ῖ-</strong></span> <span class='ocrx_word' id='word_1_186' title='bbox 120 2385 222 2439; x_wconf 85' lang='lat' dir='ltr'><strong>set,</strong></span> <span class='ocrx_word' id='word_1_187' title='bbox 255 2389 427 2442; x_wconf 90' lang='lat' dir='ltr'><strong>neque</strong></span> <span class='ocrx_word' id='word_1_188' title='bbox 469 2374 538 2428; x_wconf 90' lang='lat' dir='ltr'><strong>ita</strong></span> <span class='ocrx_word' id='word_1_189' title='bbox 591 2374 737 2428; x_wconf 90' lang='lat' dir='ltr'><strong>illum</strong></span> <span class='ocrx_word' id='word_1_190' title='bbox 784 2385 1098 2428; x_wconf 87' lang='lat' dir='ltr'><strong>enervatum</strong></span> <span class='ocrx_word' id='word_1_191' title='bbox 1146 2374 1475 2445; x_wconf 89' lang='lat' dir='ltr'><strong>reperisset,</strong></span> <span class='ocrx_word' id='word_1_192' title='bbox 1525 2389 1700 2444; x_wconf 89' lang='lat' dir='ltr'><strong>neque</strong></span> 
     </span>
    </p>
   </div>
   <div class='ocr_carea' id='block_1_24' title="bbox 34 2465 1698 2537">
    <p class='ocr_par' dir='ltr' id='par_1_24' title="bbox 34 2465 1698 2537">
     <span class='ocr_line' id='line_1_24' title="bbox 34 2465 1698 2537; baseline -0.001 -14"><span class='ocrx_word' id='word_1_193' title='bbox 34 2474 49 2499; x_wconf 50' lang='grc' dir='ltr'><strong>’ί</strong></span> <span class='ocrx_word' id='word_1_194' title='bbox 116 2468 467 2524; x_wconf 77' lang='lat' dir='ltr'><strong>calamitatem</strong></span> <span class='ocrx_word' id='word_1_195' title='bbox 502 2467 640 2522; x_wconf 89' lang='lat' dir='ltr'><strong>adeo</strong></span> <span class='ocrx_word' id='word_1_196' title='bbox 671 2465 934 2535; x_wconf 84' lang='lat' dir='ltr'><strong>potuisset</strong></span> <span class='ocrx_word' id='word_1_197' title='bbox 958 2480 1285 2537; x_wconf 75' lang='lat' dir='ltr'><strong>exaggerare</strong></span> <span class='ocrx_word' id='word_1_198' title='bbox 1308 2481 1372 2521; x_wconf 93' lang='lat' dir='ltr'><strong>ac</strong></span> <span class='ocrx_word' id='word_1_199' title='bbox 1400 2467 1580 2522; x_wconf 81' lang='lat' dir='ltr'><strong>verbis</strong></span> <span class='ocrx_word' id='word_1_200' title='bbox 1601 2482 1698 2522; x_wconf 88' lang='lat' dir='ltr'><strong>ex—</strong></span> 
     </span>
    </p>
   </div>
   <div class='ocr_carea' id='block_1_25' title="bbox 32 2558 1699 2631">
    <p class='ocr_par' dir='ltr' id='par_1_25' title="bbox 32 2558 1699 2631">
     <span class='ocr_line' id='line_1_25' title="bbox 32 2558 1699 2631; baseline 0.001 -16"><span class='ocrx_word' id='word_1_201' title='bbox 32 2578 41 2589; x_wconf 69' lang='lat'><strong><em>&#39;</em></strong></span> <span class='ocrx_word' id='word_1_202' title='bbox 116 2561 295 2615; x_wconf 83' lang='lat' dir='ltr'><strong>tollere</strong></span> <span class='ocrx_word' id='word_1_203' title='bbox 336 2575 531 2615; x_wconf 91' lang='lat' dir='ltr'><strong>:nunc</strong></span> <span class='ocrx_word' id='word_1_204' title='bbox 583 2566 761 2614; x_wconf 91' lang='lat' dir='ltr'><strong>autem</strong></span> <span class='ocrx_word' id='word_1_205' title='bbox 811 2560 903 2616; x_wconf 90' lang='lat' dir='ltr'><strong>ubi</strong></span> <span class='ocrx_word' id='word_1_206' title='bbox 951 2558 1084 2615; x_wconf 86' lang='lat' dir='ltr'><strong>vidit</strong></span> <span class='ocrx_word' id='word_1_207' title='bbox 1128 2560 1277 2617; x_wconf 92' lang='lat' dir='ltr'><strong>illum</strong></span> <span class='ocrx_word' id='word_1_208' title='bbox 1325 2560 1395 2615; x_wconf 91' lang='lat' dir='ltr'><strong>ob</strong></span> <span class='ocrx_word' id='word_1_209' title='bbox 1442 2561 1699 2631; x_wconf 88' lang='lat' dir='ltr'><strong>temporis</strong></span> 
     </span>
    </p>
   </div>
   <div class='ocr_carea' id='block_1_26' title="bbox 32 2644 1698 2708">
    <p class='ocr_par' dir='ltr' id='par_1_26' title="bbox 32 2644 1698 2708">
     <span class='ocr_line' id='line_1_26' title="bbox 32 2644 1698 2708; baseline 0.002 -3"><span class='ocrx_word' id='word_1_210' title='bbox 32 2648 33 2653; x_wconf 59' lang='grc'><em>“</em></span> <span class='ocrx_word' id='word_1_211' title='bbox 114 2653 518 2706; x_wconf 83' lang='lat' dir='ltr'><strong>diuturnitatem</strong></span> <span class='ocrx_word' id='word_1_212' title='bbox 548 2650 921 2707; x_wconf 90' lang='lat' dir='ltr'><strong>liberationem</strong></span> <span class='ocrx_word' id='word_1_213' title='bbox 953 2652 1106 2707; x_wconf 88' lang='lat' dir='ltr'><strong>sitire</strong></span> <span class='ocrx_word' id='word_1_214' title='bbox 1147 2660 1203 2707; x_wconf 90' lang='lat' dir='ltr'><strong>et</strong></span> <span class='ocrx_word' id='word_1_215' title='bbox 1229 2651 1495 2708; x_wconf 91' lang='lat' dir='ltr'><strong>malorum</strong></span> <span class='ocrx_word' id='word_1_216' title='bbox 1536 2644 1698 2708; x_wconf 84' lang='lat' dir='ltr'><strong>ﬁnem</strong></span> 
     </span>
    </p>
   </div>
   <div class='ocr_carea' id='block_1_27' title="bbox 30 2742 1701 2821">
    <p class='ocr_par' dir='ltr' id='par_1_27' title="bbox 30 2742 1701 2821">
     <span class='ocr_line' id='line_1_27' title="bbox 30 2742 1701 2821; baseline 0 -19"><span class='ocrx_word' id='word_1_217' title='bbox 30 2742 33 2821; x_wconf 63' lang='grc' dir='ltr'><em>ρ</em></span> <span class='ocrx_word' id='word_1_218' title='bbox 113 2747 451 2815; x_wconf 87' lang='lat' dir='ltr'><strong>desiderare,</strong></span> <span class='ocrx_word' id='word_1_219' title='bbox 484 2755 610 2802; x_wconf 90' lang='lat' dir='ltr'><strong>tunc</strong></span> <span class='ocrx_word' id='word_1_220' title='bbox 633 2746 924 2802; x_wconf 89' lang='lat' dir='ltr'><strong>vehemens</strong></span> <span class='ocrx_word' id='word_1_221' title='bbox 963 2746 1188 2802; x_wconf 90' lang='lat' dir='ltr'><strong>accedit.</strong></span> <span class='ocrx_word' id='word_1_222' title='bbox 1216 2745 1348 2814; x_wconf 89' lang='lat' dir='ltr'><strong>Quia</strong></span> <span class='ocrx_word' id='word_1_223' title='bbox 1374 2747 1517 2802; x_wconf 93' lang='lat' dir='ltr'><strong>enim</strong></span> <span class='ocrx_word' id='word_1_224' title='bbox 1546 2747 1701 2802; x_wconf 86' lang='lat' dir='ltr'><strong>valde</strong></span> 
     </span>
    </p>
   </div>
   <div class='ocr_carea' id='block_1_28' title="bbox 111 2838 1701 2911">
    <p class='ocr_par' dir='ltr' id='par_1_28' title="bbox 111 2838 1701 2911">
     <span class='ocr_line' id='line_1_28' title="bbox 111 2838 1701 2911; baseline 0.001 -18"><span class='ocrx_word' id='word_1_225' title='bbox 111 2838 381 2893; x_wconf 88' lang='lat' dir='ltr'><strong>confectus</strong></span> <span class='ocrx_word' id='word_1_226' title='bbox 412 2847 567 2904; x_wconf 86' lang='lat' dir='ltr'><strong>erat,</strong></span> <span class='ocrx_word' id='word_1_227' title='bbox 612 2852 788 2911; x_wconf 92' lang='lat' dir='ltr'><strong>neque</strong></span> <span class='ocrx_word' id='word_1_228' title='bbox 830 2838 1101 2907; x_wconf 85' lang='lat' dir='ltr'><strong>respirare</strong></span> <span class='ocrx_word' id='word_1_229' title='bbox 1141 2838 1281 2893; x_wconf 89' lang='lat' dir='ltr'><strong>ultra</strong></span> <span class='ocrx_word' id='word_1_230' title='bbox 1326 2846 1573 2908; x_wconf 87' lang='lat' dir='ltr'><strong>poterat,</strong></span> <span class='ocrx_word' id='word_1_231' title='bbox 1605 2838 1701 2896; x_wconf 88' lang='lat' dir='ltr'><strong>sed</strong></span> 
     </span>
    </p>
   </div>
   <div class='ocr_carea' id='block_1_29' title="bbox 112 2928 1700 3007">
    <p class='ocr_par' dir='ltr' id='par_1_29' title="bbox 112 2928 1700 3007">
     <span class='ocr_line' id='line_1_29' title="bbox 112 2928 1700 3007; baseline 0.002 -23"><span class='ocrx_word' id='word_1_232' title='bbox 112 2938 162 2984; x_wconf 88' lang='lat' dir='ltr'><strong>et</strong></span> <span class='ocrx_word' id='word_1_233' title='bbox 188 2929 321 2983; x_wconf 92' lang='lat' dir='ltr'><strong>mori</strong></span> <span class='ocrx_word' id='word_1_234' title='bbox 348 2929 625 2999; x_wconf 88' lang='lat' dir='ltr'><strong>cupiebat,</strong></span> <span class='ocrx_word' id='word_1_235' title='bbox 656 2928 778 2984; x_wconf 87' lang='lat' dir='ltr'><strong>audi</strong></span> <span class='ocrx_word' id='word_1_236' title='bbox 808 2929 935 2999; x_wconf 92' lang='lat' dir='ltr'><strong>quid</strong></span> <span class='ocrx_word' id='word_1_237' title='bbox 966 2928 1111 2985; x_wconf 90' lang='lat' dir='ltr'><strong>dicat</strong></span> <span class='ocrx_word' id='word_1_238' title='bbox 1130 2929 1305 3007; x_wconf 75' lang='lat' dir='ltr'><strong>:[Nam</strong></span> <span class='ocrx_word' id='word_1_239' title='bbox 1334 2929 1381 2985; x_wconf 90' lang='lat' dir='ltr'><strong>si</strong></span> <span class='ocrx_word' id='word_1_240' title='bbox 1411 2930 1542 2986; x_wconf 88' lang='lat' dir='ltr'><strong>mihi</strong></span> <span class='ocrx_word' id='word_1_241' title='bbox 1570 2946 1700 3002; x_wconf 91' lang='lat' dir='ltr'><strong>pos-</strong></span> 
     </span>
    </p>
   </div>
   <div class='ocr_carea' id='block_1_30' title="bbox 108 3021 1704 3093">
    <p class='ocr_par' dir='ltr' id='par_1_30' title="bbox 108 3021 1704 3093">
     <span class='ocr_line' id='line_1_30' title="bbox 108 3021 1704 3093; baseline 0.003 -18"><span class='ocrx_word' id='word_1_242' title='bbox 108 3036 215 3077; x_wconf 89' lang='lat' dir='ltr'><strong>sem</strong></span> <span class='ocrx_word' id='word_1_243' title='bbox 264 3036 492 3076; x_wconf 90' lang='lat' dir='ltr'><strong>manum</strong></span> <span class='ocrx_word' id='word_1_244' title='bbox 542 3021 740 3076; x_wconf 87' lang='lat' dir='ltr'><strong>inferre</strong></span> <span class='ocrx_word' id='word_1_245' title='bbox 762 3064 777 3088; x_wconf 90' lang='lat'><strong>,</strong></span> <span class='ocrx_word' id='word_1_246' title='bbox 810 3029 903 3076; x_wconf 92' lang='lat' dir='ltr'><strong>aut</strong></span> <span class='ocrx_word' id='word_1_247' title='bbox 942 3022 1105 3077; x_wconf 89' lang='lat' dir='ltr'><strong>alium</strong></span> <span class='ocrx_word' id='word_1_248' title='bbox 1152 3036 1378 3093; x_wconf 83' lang='lat' dir='ltr'><strong>rogare,</strong></span> <span class='ocrx_word' id='word_1_249' title='bbox 1409 3022 1572 3079; x_wconf 87' lang='lat' dir='ltr'><strong>etiam</strong></span> <span class='ocrx_word' id='word_1_250' title='bbox 1598 3022 1704 3080; x_wconf 86' lang='lat' dir='ltr'><strong>hoc</strong></span> 
     </span>
    </p>
   </div>
   <div class='ocr_carea' id='block_1_31' title="bbox 108 3108 1703 3184">
    <p class='ocr_par' dir='ltr' id='par_1_31' title="bbox 108 3108 1703 3184">
     <span class='ocr_line' id='line_1_31' title="bbox 108 3108 1703 3184; baseline 0.003 -17"><span class='ocrx_word' id='word_1_251' title='bbox 108 3113 335 3168; x_wconf 78' lang='lat' dir='ltr'><strong>facerem</strong></span> <span class='ocrx_word' id='word_1_252' title='bbox 374 3108 583 3183; x_wconf 82' lang='lat' dir='ltr'><strong>(a).]Et</strong></span> <span class='ocrx_word' id='word_1_253' title='bbox 608 3112 729 3168; x_wconf 84' lang='lat' dir='ltr'><strong>vide</strong></span> <span class='ocrx_word' id='word_1_254' title='bbox 757 3112 885 3167; x_wconf 90' lang='lat' dir='ltr'><strong>mihi</strong></span> <span class='ocrx_word' id='word_1_255' title='bbox 932 3113 1222 3184; x_wconf 88' lang='lat' dir='ltr'><strong>nequitiam</strong></span> <span class='ocrx_word' id='word_1_256' title='bbox 1249 3114 1491 3170; x_wconf 91' lang='lat' dir='ltr'><strong>mulieris</strong></span> <span class='ocrx_word' id='word_1_257' title='bbox 1517 3156 1532 3180; x_wconf 92' lang='lat'><strong>,</strong></span> <span class='ocrx_word' id='word_1_258' title='bbox 1560 3115 1703 3172; x_wconf 90' lang='lat' dir='ltr'><strong>unde</strong></span> 
     </span>
    </p>
   </div>
   <div class='ocr_carea' id='block_1_32' title="bbox 108 3203 1698 3275">
    <p class='ocr_par' dir='ltr' id='par_1_32' title="bbox 108 3203 1698 3275">
     <span class='ocr_line' id='line_1_32' title="bbox 108 3203 1698 3275; baseline 0.003 -17"><span class='ocrx_word' id='word_1_259' title='bbox 108 3205 283 3258; x_wconf 86' lang='lat' dir='ltr'><strong>statim</strong></span> <span class='ocrx_word' id='word_1_260' title='bbox 336 3204 587 3259; x_wconf 83' lang='lat' dir='ltr'><strong>ordiatur</strong></span> <span class='ocrx_word' id='word_1_261' title='bbox 628 3221 641 3257; x_wconf 93' lang='lat'><strong>:</strong></span> <span class='ocrx_word' id='word_1_262' title='bbox 674 3218 705 3258; x_wconf 90' lang='lat' dir='ltr'><strong>a</strong></span> <span class='ocrx_word' id='word_1_263' title='bbox 747 3203 1098 3260; x_wconf 88' lang='lat' dir='ltr'><strong>diuturnitate</strong></span> <span class='ocrx_word' id='word_1_264' title='bbox 1146 3207 1404 3275; x_wconf 88' lang='lat' dir='ltr'><strong>temporis</strong></span> <span class='ocrx_word' id='word_1_265' title='bbox 1427 3248 1441 3272; x_wconf 90' lang='lat'><strong>,</strong></span> <span class='ocrx_word' id='word_1_266' title='bbox 1473 3206 1659 3261; x_wconf 91' lang='lat' dir='ltr'><strong>dicens</strong></span> <span class='ocrx_word' id='word_1_267' title='bbox 1683 3251 1698 3264; x_wconf 94' lang='lat'><strong>.</strong></span> 
     </span>
    </p>
   </div>
   <div class='ocr_carea' id='block_1_33' title="bbox 108 3293 1702 3368">
    <p class='ocr_par' dir='ltr' id='par_1_33' title="bbox 108 3293 1702 3368">
     <span class='ocr_line' id='line_1_33' title="bbox 108 3293 1702 3368; baseline 0.004 -21"><span class='ocrx_word' id='word_1_268' title='bbox 108 3293 381 3366; x_wconf 81' lang='lat' dir='ltr'><strong>Quousque</strong></span> <span class='ocrx_word' id='word_1_269' title='bbox 404 3295 647 3349; x_wconf 74' lang='lat' dir='ltr'><strong>tolerabis</strong></span> <span class='ocrx_word' id='word_1_270' title='bbox 673 3293 793 3365; x_wconf 83' lang='lat' dir='ltr'><strong>(Job</strong></span> <span class='ocrx_word' id='word_1_271' title='bbox 815 3295 870 3349; x_wconf 78' lang='lat'><strong>2.</strong></span> <span class='ocrx_word' id='word_1_272' title='bbox 901 3295 1000 3366; x_wconf 83' lang='lat'><strong>9)?</strong></span> <span class='ocrx_word' id='word_1_273' title='bbox 1019 3296 1074 3352; x_wconf 90' lang='lat' dir='ltr'><strong>Si</strong></span> <span class='ocrx_word' id='word_1_274' title='bbox 1101 3311 1330 3368; x_wconf 89' lang='lat' dir='ltr'><strong>namque</strong></span> <span class='ocrx_word' id='word_1_275' title='bbox 1355 3312 1520 3368; x_wconf 74' lang='lat' dir='ltr'><strong>smpe,</strong></span> <span class='ocrx_word' id='word_1_276' title='bbox 1542 3300 1702 3354; x_wconf 89' lang='lat' dir='ltr'><strong>etiam</strong></span> 
     </span>
    </p>
   </div>
   <div class='ocr_carea' id='block_1_34' title="bbox 104 3386 1705 3458">
    <p class='ocr_par' dir='ltr' id='par_1_34' title="bbox 104 3386 1705 3458">
     <span class='ocr_line' id='line_1_34' title="bbox 104 3386 1705 3458; baseline 0.004 -21"><span class='ocrx_word' id='word_1_277' title='bbox 104 3402 221 3440; x_wconf 87' lang='lat' dir='ltr'><strong>cum</strong></span> <span class='ocrx_word' id='word_1_278' title='bbox 242 3386 429 3457; x_wconf 83' lang='lat' dir='ltr'><strong>gravia</strong></span> <span class='ocrx_word' id='word_1_279' title='bbox 456 3401 567 3441; x_wconf 92' lang='lat' dir='ltr'><strong>non</strong></span> <span class='ocrx_word' id='word_1_280' title='bbox 595 3387 859 3442; x_wconf 78' lang='lat' dir='ltr'><strong>instarent</strong></span> <span class='ocrx_word' id='word_1_281' title='bbox 881 3387 1119 3458; x_wconf 82' lang='lat' dir='ltr'><strong>negOtia,</strong></span> <span class='ocrx_word' id='word_1_282' title='bbox 1149 3389 1313 3445; x_wconf 91' lang='lat' dir='ltr'><strong>verba</strong></span> <span class='ocrx_word' id='word_1_283' title='bbox 1340 3390 1513 3445; x_wconf 89' lang='lat' dir='ltr'><strong>solum</strong></span> <span class='ocrx_word' id='word_1_284' title='bbox 1538 3390 1705 3446; x_wconf 85' lang='lat' dir='ltr'><strong>emol-</strong></span> 
     </span>
    </p>
   </div>
   <div class='ocr_carea' id='block_1_35' title="bbox 102 3480 1705 3553">
    <p class='ocr_par' dir='ltr' id='par_1_35' title="bbox 102 3480 1705 3553">
     <span class='ocr_line' id='line_1_35' title="bbox 102 3480 1705 3553; baseline 0.005 -22"><span class='ocrx_word' id='word_1_285' title='bbox 102 3480 197 3532; x_wconf 86' lang='lat' dir='ltr'><strong>lire</strong></span> <span class='ocrx_word' id='word_1_286' title='bbox 225 3487 567 3549; x_wconf 89' lang='lat' dir='ltr'><strong>potuerunt;</strong></span> <span class='ocrx_word' id='word_1_287' title='bbox 609 3480 784 3549; x_wconf 85' lang='lat' dir='ltr'><strong>cogita</strong></span> <span class='ocrx_word' id='word_1_288' title='bbox 832 3481 961 3551; x_wconf 89' lang='lat' dir='ltr'><strong>quid</strong></span> <span class='ocrx_word' id='word_1_289' title='bbox 1004 3481 1370 3538; x_wconf 87' lang='lat' dir='ltr'><strong>verisimiliter</strong></span> <span class='ocrx_word' id='word_1_290' title='bbox 1412 3484 1526 3553; x_wconf 91' lang='lat' dir='ltr'><strong>ipse</strong></span> <span class='ocrx_word' id='word_1_291' title='bbox 1576 3494 1705 3539; x_wconf 90' lang='lat' dir='ltr'><strong>tunc</strong></span> 
     </span>
    </p>
   </div>
   <div class='ocr_carea' id='block_1_36' title="bbox 103 3569 1703 3647">
    <p class='ocr_par' dir='ltr' id='par_1_36' title="bbox 103 3569 1703 3647">
     <span class='ocr_line' id='line_1_36' title="bbox 103 3569 1703 3647; baseline 0.006 -22"><span class='ocrx_word' id='word_1_292' title='bbox 103 3573 449 3645; x_wconf 84' lang='lat' dir='ltr'><strong>patiebatur,</strong></span> <span class='ocrx_word' id='word_1_293' title='bbox 498 3588 617 3628; x_wconf 91' lang='lat' dir='ltr'><strong>cum</strong></span> <span class='ocrx_word' id='word_1_294' title='bbox 647 3581 703 3628; x_wconf 88' lang='lat' dir='ltr'><strong>et</strong></span> <span class='ocrx_word' id='word_1_295' title='bbox 745 3569 859 3628; x_wconf 70' lang='lat' dir='ltr'><strong>haec</strong></span> <span class='ocrx_word' id='word_1_296' title='bbox 896 3574 1060 3629; x_wconf 91' lang='lat' dir='ltr'><strong>verba</strong></span> <span class='ocrx_word' id='word_1_297' title='bbox 1092 3585 1144 3629; x_wconf 88' lang='lat' dir='ltr'><strong>et</strong></span> <span class='ocrx_word' id='word_1_298' title='bbox 1174 3589 1262 3630; x_wconf 89' lang='lat' dir='ltr'><strong>res</strong></span> <span class='ocrx_word' id='word_1_299' title='bbox 1308 3576 1423 3647; x_wconf 90' lang='lat' dir='ltr'><strong>ipse</strong></span> <span class='ocrx_word' id='word_1_300' title='bbox 1461 3576 1703 3635; x_wconf 86' lang='lat' dir='ltr'><strong>dolorem</strong></span> 
     </span>
    </p>
   </div>
   <div class='ocr_carea' id='block_1_37' title="bbox 100 3664 1702 3739">
    <p class='ocr_par' dir='ltr' id='par_1_37' title="bbox 100 3664 1702 3739">
     <span class='ocr_line' id='line_1_37' title="bbox 100 3664 1702 3739; baseline 0.002 -18"><span class='ocrx_word' id='word_1_301' title='bbox 100 3668 197 3735; x_wconf 73' lang='lat' dir='ltr'><strong>ipsi</strong></span> <span class='ocrx_word' id='word_1_302' title='bbox 244 3666 543 3721; x_wconf 79' lang='lat' dir='ltr'><strong>inferrent.</strong></span> <span class='ocrx_word' id='word_1_303' title='bbox 596 3664 861 3736; x_wconf 88' lang='lat' dir='ltr'><strong>Quodque</strong></span> <span class='ocrx_word' id='word_1_304' title='bbox 890 3667 1127 3720; x_wconf 92' lang='lat' dir='ltr'><strong>omnium</strong></span> <span class='ocrx_word' id='word_1_305' title='bbox 1174 3668 1504 3723; x_wconf 88' lang='lat' dir='ltr'><strong>teterrimum</strong></span> <span class='ocrx_word' id='word_1_306' title='bbox 1549 3680 1702 3739; x_wconf 90' lang='lat' dir='ltr'><strong>erat,</strong></span> 
     </span>
    </p>
   </div>
   <div class='ocr_carea' id='block_1_38' title="bbox 99 3757 1707 3832">
    <p class='ocr_par' dir='ltr' id='par_1_38' title="bbox 99 3757 1707 3832">
     <span class='ocr_line' id='line_1_38' title="bbox 99 3757 1707 3832; baseline 0.003 -19"><span class='ocrx_word' id='word_1_307' title='bbox 99 3758 237 3827; x_wconf 88' lang='lat' dir='ltr'><strong>quod</strong></span> <span class='ocrx_word' id='word_1_308' title='bbox 262 3769 318 3814; x_wconf 91' lang='lat' dir='ltr'><strong>et</strong></span> <span class='ocrx_word' id='word_1_309' title='bbox 348 3773 499 3813; x_wconf 89' lang='lat' dir='ltr'><strong>uxor</strong></span> <span class='ocrx_word' id='word_1_310' title='bbox 526 3757 642 3828; x_wconf 89' lang='lat' dir='ltr'><strong>ejus</strong></span> <span class='ocrx_word' id='word_1_311' title='bbox 671 3757 787 3812; x_wconf 67' lang='lat' dir='ltr'><strong>haec</strong></span> <span class='ocrx_word' id='word_1_312' title='bbox 817 3757 1149 3828; x_wconf 88' lang='lat' dir='ltr'><strong>loqueretur,</strong></span> <span class='ocrx_word' id='word_1_313' title='bbox 1182 3768 1237 3815; x_wconf 91' lang='lat' dir='ltr'><strong>et</strong></span> <span class='ocrx_word' id='word_1_314' title='bbox 1261 3776 1399 3816; x_wconf 85' lang='lat' dir='ltr'><strong>uxor</strong></span> <span class='ocrx_word' id='word_1_315' title='bbox 1425 3777 1545 3832; x_wconf 68' lang='lat' dir='ltr'><strong>qua:</strong></span> <span class='ocrx_word' id='word_1_316' title='bbox 1577 3777 1707 3818; x_wconf 86' lang='lat' dir='ltr'><strong>con-</strong></span> 
     </span>
    </p>
   </div>
   <div class='ocr_carea' id='block_1_39' title="bbox 96 3850 1709 3925">
    <p class='ocr_par' dir='ltr' id='par_1_39' title="bbox 96 3850 1709 3925">
     <span class='ocr_line' id='line_1_39' title="bbox 96 3850 1709 3925; baseline 0.004 -20"><span class='ocrx_word' id='word_1_317' title='bbox 96 3852 303 3905; x_wconf 85' lang='lat' dir='ltr'><strong>ciderat</strong></span> <span class='ocrx_word' id='word_1_318' title='bbox 350 3860 413 3906; x_wconf 92' lang='lat' dir='ltr'><strong>et</strong></span> <span class='ocrx_word' id='word_1_319' title='bbox 460 3850 701 3906; x_wconf 90' lang='lat' dir='ltr'><strong>animum</strong></span> <span class='ocrx_word' id='word_1_320' title='bbox 745 3850 1148 3919; x_wconf 91' lang='lat' dir='ltr'><strong>despondebat;</strong></span> <span class='ocrx_word' id='word_1_321' title='bbox 1182 3851 1411 3925; x_wconf 89' lang='lat' dir='ltr'><strong>ideoque</strong></span> <span class='ocrx_word' id='word_1_322' title='bbox 1458 3855 1709 3912; x_wconf 87' lang='lat' dir='ltr'><strong>studebat</strong></span> 
     </span>
    </p>
   </div>
   <div class='ocr_carea' id='block_1_40' title="bbox 96 3942 1708 4013">
    <p class='ocr_par' dir='ltr' id='par_1_40' title="bbox 96 3942 1708 4013">
     <span class='ocr_line' id='line_1_40' title="bbox 96 3942 1708 4013; baseline 0.004 -17"><span class='ocrx_word' id='word_1_323' title='bbox 96 3953 150 3996; x_wconf 88' lang='lat' dir='ltr'><strong>et</strong></span> <span class='ocrx_word' id='word_1_324' title='bbox 202 3944 385 4011; x_wconf 85' lang='lat' dir='ltr'><strong>ipsum</strong></span> <span class='ocrx_word' id='word_1_325' title='bbox 439 3944 497 3996; x_wconf 92' lang='lat' dir='ltr'><strong>in</strong></span> <span class='ocrx_word' id='word_1_326' title='bbox 542 3942 974 4011; x_wconf 79' lang='lat' dir='ltr'><strong>deSperationem</strong></span> <span class='ocrx_word' id='word_1_327' title='bbox 1024 3944 1315 4013; x_wconf 87' lang='lat' dir='ltr'><strong>conjicere.</strong></span> <span class='ocrx_word' id='word_1_328' title='bbox 1348 3945 1615 4002; x_wconf 64' lang='lat' dir='ltr'><strong>Cancrum</strong></span> <span class='ocrx_word' id='word_1_329' title='bbox 1650 3958 1708 4004; x_wconf 93' lang='lat' dir='ltr'><strong>ut</strong></span> 
     </span>
    </p>
   </div>
   <div class='ocr_carea' id='block_1_41' title="bbox 95 4033 1708 4102">
    <p class='ocr_par' dir='ltr' id='par_1_41' title="bbox 95 4033 1708 4102">
     <span class='ocr_line' id='line_1_41' title="bbox 95 4033 1708 4102; baseline 0.004 -13"><span class='ocrx_word' id='word_1_330' title='bbox 95 4044 285 4102; x_wconf 80' lang='lat' dir='ltr'><strong>aperte</strong></span> <span class='ocrx_word' id='word_1_331' title='bbox 314 4033 611 4089; x_wconf 81' lang='lat' dir='ltr'><strong>videamus</strong></span> <span class='ocrx_word' id='word_1_332' title='bbox 632 4035 935 4088; x_wconf 88' lang='lat' dir='ltr'><strong>machinam</strong></span> <span class='ocrx_word' id='word_1_333' title='bbox 963 4034 1014 4088; x_wconf 94' lang='lat' dir='ltr'><strong>in</strong></span> <span class='ocrx_word' id='word_1_334' title='bbox 1049 4034 1190 4090; x_wconf 91' lang='lat' dir='ltr'><strong>hunc</strong></span> <span class='ocrx_word' id='word_1_335' title='bbox 1213 4052 1427 4092; x_wconf 90' lang='lat' dir='ltr'><strong>murum</strong></span> <span class='ocrx_word' id='word_1_336' title='bbox 1451 4039 1708 4096; x_wconf 88' lang='lat' dir='ltr'><strong>adaman-</strong></span> 
     </span>
    </p>
   </div>
   <div class='ocr_carea' id='block_1_42' title="bbox 96 4128 1707 4199">
    <p class='ocr_par' dir='ltr' id='par_1_42' title="bbox 96 4128 1707 4199">
     <span class='ocr_line' id='line_1_42' title="bbox 96 4128 1707 4199; baseline 0.006 -19"><span class='ocrx_word' id='word_1_337' title='bbox 96 4128 267 4182; x_wconf 89' lang='lat' dir='ltr'><strong>tinnm</strong></span> <span class='ocrx_word' id='word_1_338' title='bbox 301 4128 594 4184; x_wconf 88' lang='lat' dir='ltr'><strong>admotam</strong></span> <span class='ocrx_word' id='word_1_339' title='bbox 616 4169 632 4196; x_wconf 95' lang='lat'><strong>,</strong></span> <span class='ocrx_word' id='word_1_340' title='bbox 662 4128 776 4199; x_wconf 89' lang='lat' dir='ltr'><strong>ipsa</strong></span> <span class='ocrx_word' id='word_1_341' title='bbox 808 4128 967 4183; x_wconf 89' lang='lat' dir='ltr'><strong>verba</strong></span> <span class='ocrx_word' id='word_1_342' title='bbox 1000 4129 1301 4185; x_wconf 89' lang='lat' dir='ltr'><strong>audiamus.</strong></span> <span class='ocrx_word' id='word_1_343' title='bbox 1330 4130 1707 4199; x_wconf 62' lang='lat' dir='ltr'><strong>Quasnam‘illa</strong></span> 
     </span>
    </p>
   </div>
   <div class='ocr_carea' id='block_1_43' title="bbox 90 4222 1707 4297">
    <p class='ocr_par' dir='ltr' id='par_1_43' title="bbox 90 4222 1707 4297">
     <span class='ocr_line' id='line_1_43' title="bbox 90 4222 1707 4297; baseline 0.006 -23"><span class='ocrx_word' id='word_1_344' title='bbox 90 4222 261 4275; x_wconf 87' lang='lat' dir='ltr'><strong>sunt?</strong></span> <span class='ocrx_word' id='word_1_345' title='bbox 312 4222 607 4292; x_wconf 75' lang='lat' dir='ltr'><strong>Quousque</strong></span> <span class='ocrx_word' id='word_1_346' title='bbox 650 4222 887 4276; x_wconf 65' lang='lat' dir='ltr'><strong>tolerabis</strong></span> <span class='ocrx_word' id='word_1_347' title='bbox 915 4222 1093 4277; x_wconf 82' lang='lat' dir='ltr'><strong>dicens</strong></span> <span class='ocrx_word' id='word_1_348' title='bbox 1112 4266 1125 4288; x_wconf 93' lang='lat'><strong>,</strong></span> <span class='ocrx_word' id='word_1_349' title='bbox 1158 4223 1293 4279; x_wconf 79' lang='lat' dir='ltr'><strong>Ecce</strong></span> <span class='ocrx_word' id='word_1_350' title='bbox 1319 4226 1586 4297; x_wconf 71' lang='lat' dir='ltr'><strong>prwstolor</strong></span> <span class='ocrx_word' id='word_1_351' title='bbox 1610 4229 1707 4283; x_wconf 55' lang='lat' dir='ltr'><strong>ad-</strong></span> 
     </span>
    </p>
   </div>
   <div class='ocr_carea' id='block_1_44' title="bbox 92 4313 1707 4389">
    <p class='ocr_par' dir='ltr' id='par_1_44' title="bbox 92 4313 1707 4389">
     <span class='ocr_line' id='line_1_44' title="bbox 92 4313 1707 4389; baseline 0.004 -20"><span class='ocrx_word' id='word_1_352' title='bbox 92 4313 193 4370; x_wconf 79' lang='lat' dir='ltr'><strong>huc</strong></span> <span class='ocrx_word' id='word_1_353' title='bbox 222 4315 505 4369; x_wconf 87' lang='lat' dir='ltr'><strong>modicum</strong></span> <span class='ocrx_word' id='word_1_354' title='bbox 534 4315 776 4385; x_wconf 80' lang='lat' dir='ltr'><strong>temporis</strong></span> <span class='ocrx_word' id='word_1_355' title='bbox 814 4331 954 4385; x_wconf 84' lang='lat' dir='ltr'><strong>spem</strong></span> <span class='ocrx_word' id='word_1_356' title='bbox 997 4316 1178 4370; x_wconf 85' lang='lat' dir='ltr'><strong>salutis</strong></span> <span class='ocrx_word' id='word_1_357' title='bbox 1208 4317 1397 4374; x_wconf 84' lang='lat' dir='ltr'><strong>habens</strong></span> <span class='ocrx_word' id='word_1_358' title='bbox 1440 4317 1602 4389; x_wconf 84' lang='lat' dir='ltr'><strong>(Ibid.</strong></span> <span class='ocrx_word' id='word_1_359' title='bbox 1652 4323 1707 4377; x_wconf 87' lang='lat' dir='ltr'><strong>in</strong></span> 
     </span>
    </p>
   </div>
   <div class='ocr_carea' id='block_1_45' title="bbox 88 4405 1707 4483">
    <p class='ocr_par' dir='ltr' id='par_1_45' title="bbox 88 4405 1707 4483">
     <span class='ocr_line' id='line_1_45' title="bbox 88 4405 1707 4483; baseline 0.006 -25"><span class='ocrx_word' id='word_1_360' title='bbox 88 4405 338 4477; x_wconf 59' lang='lat' dir='ltr'><strong>Greco)?</strong></span> <span class='ocrx_word' id='word_1_361' title='bbox 369 4406 533 4471; x_wconf 86' lang='lat' dir='ltr'><strong>Tua,</strong></span> <span class='ocrx_word' id='word_1_362' title='bbox 580 4406 784 4477; x_wconf 86' lang='lat' dir='ltr'><strong>inquit,</strong></span> <span class='ocrx_word' id='word_1_363' title='bbox 835 4406 999 4462; x_wconf 85' lang='lat' dir='ltr'><strong>verba</strong></span> <span class='ocrx_word' id='word_1_364' title='bbox 1046 4406 1243 4463; x_wconf 78' lang='lat' dir='ltr'><strong>refellit</strong></span> <span class='ocrx_word' id='word_1_365' title='bbox 1289 4417 1533 4481; x_wconf 89' lang='lat' dir='ltr'><strong>tempus,</strong></span> <span class='ocrx_word' id='word_1_366' title='bbox 1565 4413 1707 4483; x_wconf 91' lang='lat' dir='ltr'><strong>quod</strong></span> 
     </span>
    </p>
   </div>
   <div class='ocr_carea' id='block_1_46' title="bbox 86 4497 1706 4563">
    <p class='ocr_par' dir='ltr' id='par_1_46' title="bbox 86 4497 1706 4563">
     <span class='ocr_line' id='line_1_46' title="bbox 86 4497 1706 4563; baseline 0.007 -14"><span class='ocrx_word' id='word_1_367' title='bbox 86 4497 413 4552; x_wconf 87' lang='lat' dir='ltr'><strong>diuturnius</strong></span> <span class='ocrx_word' id='word_1_368' title='bbox 459 4499 657 4552; x_wconf 91' lang='lat' dir='ltr'><strong>factum</strong></span> <span class='ocrx_word' id='word_1_369' title='bbox 680 4540 694 4563; x_wconf 91' lang='lat'><strong>,</strong></span> <span class='ocrx_word' id='word_1_370' title='bbox 727 4498 929 4552; x_wconf 82' lang='lat' dir='ltr'><strong>nullam</strong></span> <span class='ocrx_word' id='word_1_371' title='bbox 965 4500 1181 4554; x_wconf 81' lang='lat' dir='ltr'><strong>exhibet</strong></span> <span class='ocrx_word' id='word_1_372' title='bbox 1208 4500 1551 4559; x_wconf 88' lang='lat' dir='ltr'><strong>solutionem.</strong></span> <span class='ocrx_word' id='word_1_373' title='bbox 1582 4505 1706 4561; x_wconf 79' lang='lat' dir='ltr'><strong>llaec</strong></span> 
     </span>
    </p>
   </div>
   <div class='ocr_carea' id='block_1_47' title="bbox 83 4588 1705 4665">
    <p class='ocr_par' dir='ltr' id='par_1_47' title="bbox 83 4588 1705 4665">
     <span class='ocr_line' id='line_1_47' title="bbox 83 4588 1705 4665; baseline 0.007 -26"><span class='ocrx_word' id='word_1_374' title='bbox 83 4599 271 4644; x_wconf 89' lang='lat' dir='ltr'><strong>autem</strong></span> <span class='ocrx_word' id='word_1_375' title='bbox 309 4588 578 4653; x_wconf 89' lang='lat' dir='ltr'><strong>dicebat,</strong></span> <span class='ocrx_word' id='word_1_376' title='bbox 608 4604 712 4643; x_wconf 90' lang='lat' dir='ltr'><strong>non</strong></span> <span class='ocrx_word' id='word_1_377' title='bbox 764 4590 924 4643; x_wconf 91' lang='lat' dir='ltr'><strong>modo</strong></span> <span class='ocrx_word' id='word_1_378' title='bbox 968 4591 1019 4644; x_wconf 91' lang='lat' dir='ltr'><strong>in</strong></span> <span class='ocrx_word' id='word_1_379' title='bbox 1051 4590 1482 4663; x_wconf 89' lang='lat' dir='ltr'><strong>desperationem</strong></span> <span class='ocrx_word' id='word_1_380' title='bbox 1532 4596 1705 4665; x_wconf 87' lang='lat' dir='ltr'><strong>ipsum</strong></span> 
     </span>
    </p>
   </div>
   <div class='ocr_carea' id='block_1_48' title="bbox 55 1456 83 1490">
    <p class='ocr_par' dir='ltr' id='par_1_48' title="bbox 55 1456 83 1490">
     <span class='ocr_line' id='line_1_48' title="bbox 55 1456 83 1469; baseline 0 -4"><span class='ocrx_word' id='word_1_381' title='bbox 55 1456 83 1469; x_wconf 63' lang='grc' dir='ltr'><strong>...τ</strong></span> 
     </span>
     <span class='ocr_line' id='line_1_49' title="bbox 58 1478 83 1490; baseline 0 0"><span class='ocrx_word' id='word_1_382' title='bbox 58 1478 83 1490; x_wconf 43' lang='grc' dir='ltr'><strong>ἡ</strong></span> 
     </span>
    </p>
   </div>
   <div class='ocr_carea' id='block_1_49' title="bbox 40 1540 69 1549">
    <p class='ocr_par' dir='ltr' id='par_1_49' title="bbox 40 1540 69 1549">
     <span class='ocr_line' id='line_1_50' title="bbox 40 1540 69 1549; baseline 0 -2"><span class='ocrx_word' id='word_1_383' title='bbox 40 1540 69 1549; x_wconf 77' lang='grc' dir='ltr'><strong>ι...</strong></span> 
     </span>
    </p>
   </div>
   <div class='ocr_carea' id='block_1_50' title="bbox 84 4680 1717 4751">
    <p class='ocr_par' dir='ltr' id='par_1_50' title="bbox 84 4680 1717 4751">
     <span class='ocr_line' id='line_1_51' title="bbox 84 4680 1717 4751; baseline 0.008 -20"><span class='ocrx_word' id='word_1_384' title='bbox 84 4680 401 4749; x_wconf 89' lang='lat' dir='ltr'><strong>conjiciens</strong></span> <span class='ocrx_word' id='word_1_385' title='bbox 430 4722 446 4747; x_wconf 98' lang='lat'><strong>,</strong></span> <span class='ocrx_word' id='word_1_386' title='bbox 503 4682 596 4735; x_wconf 81' lang='lat' dir='ltr'><strong>sed</strong></span> <span class='ocrx_word' id='word_1_387' title='bbox 628 4682 965 4751; x_wconf 81' lang='lat' dir='ltr'><strong>exprobrans</strong></span> <span class='ocrx_word' id='word_1_388' title='bbox 1010 4685 1059 4738; x_wconf 90' lang='lat' dir='ltr'><strong>ei</strong></span> <span class='ocrx_word' id='word_1_389' title='bbox 1106 4694 1161 4739; x_wconf 90' lang='lat' dir='ltr'><strong>et</strong></span> <span class='ocrx_word' id='word_1_390' title='bbox 1205 4686 1486 4743; x_wconf 89' lang='lat' dir='ltr'><strong>traducens</strong></span> <span class='ocrx_word' id='word_1_391' title='bbox 1534 4689 1717 4744; x_wconf 86' lang='lat' dir='ltr'><strong>illum.</strong></span> 
     </span>
    </p>
   </div>
   <div class='ocr_carea' id='block_1_51' title="bbox 86 4772 1707 4849">
    <p class='ocr_par' dir='ltr' id='par_1_51' title="bbox 86 4772 1707 4849">
     <span class='ocr_line' id='line_1_52' title="bbox 86 4772 1707 4849; baseline 0.007 -24"><span class='ocrx_word' id='word_1_392' title='bbox 86 4772 313 4827; x_wconf 83' lang='lat' dir='ltr'><strong>Etenim</strong></span> <span class='ocrx_word' id='word_1_393' title='bbox 352 4773 457 4827; x_wconf 88' lang='lat' dir='ltr'><strong>ille</strong></span> <span class='ocrx_word' id='word_1_394' title='bbox 486 4773 783 4827; x_wconf 89' lang='lat' dir='ltr'><strong>molestiam</strong></span> <span class='ocrx_word' id='word_1_395' title='bbox 813 4784 1087 4830; x_wconf 90' lang='lat' dir='ltr'><strong>creantem</strong></span> <span class='ocrx_word' id='word_1_396' title='bbox 1116 4776 1285 4846; x_wconf 91' lang='lat' dir='ltr'><strong>ipsam</strong></span> <span class='ocrx_word' id='word_1_397' title='bbox 1316 4780 1624 4849; x_wconf 90' lang='lat' dir='ltr'><strong>consolans,</strong></span> <span class='ocrx_word' id='word_1_398' title='bbox 1651 4791 1707 4837; x_wconf 91' lang='lat' dir='ltr'><strong>et</strong></span> 
     </span>
    </p>
   </div>
   <div class='ocr_carea' id='block_1_52' title="bbox 78 4864 1706 4941">
    <p class='ocr_par' dir='ltr' id='par_1_52' title="bbox 78 4864 1706 4941">
     <span class='ocr_line' id='line_1_53' title="bbox 78 4864 1706 4941; baseline 0.008 -25"><span class='ocrx_word' id='word_1_399' title='bbox 78 4865 198 4932; x_wconf 79' lang='lat' dir='ltr'><strong>ejus</strong></span> <span class='ocrx_word' id='word_1_400' title='bbox 230 4866 411 4920; x_wconf 88' lang='lat' dir='ltr'><strong>verba</strong></span> <span class='ocrx_word' id='word_1_401' title='bbox 441 4864 721 4937; x_wconf 86' lang='lat' dir='ltr'><strong>depellcns</strong></span> <span class='ocrx_word' id='word_1_402' title='bbox 741 4908 755 4932; x_wconf 91' lang='lat'><strong>,</strong></span> <span class='ocrx_word' id='word_1_403' title='bbox 783 4866 907 4919; x_wconf 88' lang='lat' dir='ltr'><strong>talia</strong></span> <span class='ocrx_word' id='word_1_404' title='bbox 937 4866 1290 4939; x_wconf 88' lang='lat' dir='ltr'><strong>loquebatur:</strong></span> <span class='ocrx_word' id='word_1_405' title='bbox 1318 4869 1582 4941; x_wconf 84' lang='lat' dir='ltr'><strong>Exspecta</strong></span> <span class='ocrx_word' id='word_1_406' title='bbox 1608 4873 1706 4929; x_wconf 88' lang='lat' dir='ltr'><strong>ad-</strong></span> 
     </span>
    </p>
   </div>
   <div class='ocr_carea' id='block_1_53' title="bbox 80 4956 1708 5037">
    <p class='ocr_par' dir='ltr' id='par_1_53' title="bbox 80 4956 1708 5037">
     <span class='ocr_line' id='line_1_54' title="bbox 80 4956 1708 5037; baseline 0.008 -28"><span class='ocrx_word' id='word_1_407' title='bbox 80 4956 188 5013; x_wconf 87' lang='lat' dir='ltr'><strong>huc</strong></span> <span class='ocrx_word' id='word_1_408' title='bbox 238 4958 571 5028; x_wconf 89' lang='lat' dir='ltr'><strong>paululum,</strong></span> <span class='ocrx_word' id='word_1_409' title='bbox 616 4967 672 5012; x_wconf 89' lang='lat' dir='ltr'><strong>et</strong></span> <span class='ocrx_word' id='word_1_410' title='bbox 718 4958 826 5012; x_wconf 90' lang='lat' dir='ltr'><strong>cito</strong></span> <span class='ocrx_word' id='word_1_411' title='bbox 853 4958 974 5015; x_wconf 86' lang='lat' dir='ltr'><strong>ﬁnis</strong></span> <span class='ocrx_word' id='word_1_412' title='bbox 1003 4960 1192 5015; x_wconf 88' lang='lat' dir='ltr'><strong>horum</strong></span> <span class='ocrx_word' id='word_1_413' title='bbox 1221 4962 1420 5018; x_wconf 89' lang='lat' dir='ltr'><strong>veniet.</strong></span> <span class='ocrx_word' id='word_1_414' title='bbox 1470 4965 1548 5019; x_wconf 88' lang='lat' dir='ltr'><strong>Illi</strong></span> <span class='ocrx_word' id='word_1_415' title='bbox 1579 4981 1708 5037; x_wconf 83' lang='lat' dir='ltr'><strong>ergo</strong></span> 
     </span>
    </p>
   </div>
   <div class='ocr_carea' id='block_1_54' title="bbox 78 5049 1704 5126">
    <p class='ocr_par' dir='ltr' id='par_1_54' title="bbox 78 5049 1704 5126">
     <span class='ocr_line' id='line_1_55' title="bbox 78 5049 1704 5126; baseline 0.005 -22"><span class='ocrx_word' id='word_1_416' title='bbox 78 5051 451 5119; x_wconf 69' lang='lat' dir='ltr'><strong>exprobrans</strong></span> <span class='ocrx_word' id='word_1_417' title='bbox 480 5049 610 5105; x_wconf 89' lang='lat' dir='ltr'><strong>dicit</strong></span> <span class='ocrx_word' id='word_1_418' title='bbox 637 5050 751 5121; x_wconf 90' lang='lat' dir='ltr'><strong>ipsa</strong></span> <span class='ocrx_word' id='word_1_419' title='bbox 784 5068 796 5105; x_wconf 92' lang='lat'><strong>:</strong></span> <span class='ocrx_word' id='word_1_420' title='bbox 829 5053 909 5105; x_wconf 88' lang='lat' dir='ltr'><strong>An</strong></span> <span class='ocrx_word' id='word_1_421' title='bbox 939 5067 1081 5107; x_wconf 88' lang='lat' dir='ltr'><strong>nunc</strong></span> <span class='ocrx_word' id='word_1_422' title='bbox 1118 5068 1329 5124; x_wconf 90' lang='lat' dir='ltr'><strong>quoque</strong></span> <span class='ocrx_word' id='word_1_423' title='bbox 1356 5056 1586 5126; x_wconf 89' lang='lat' dir='ltr'><strong>idipsum</strong></span> <span class='ocrx_word' id='word_1_424' title='bbox 1618 5059 1704 5112; x_wconf 87' lang='lat' dir='ltr'><strong>di-</strong></span> 
     </span>
    </p>
   </div>
   <div class='ocr_carea' id='block_1_55' title="bbox 76 5142 1707 5215">
    <p class='ocr_par' dir='ltr' id='par_1_55' title="bbox 76 5142 1707 5215">
     <span class='ocr_line' id='line_1_56' title="bbox 76 5142 1707 5215; baseline 0.007 -19"><span class='ocrx_word' id='word_1_425' title='bbox 76 5157 169 5196; x_wconf 90' lang='lat' dir='ltr'><strong>ces</strong></span> <span class='ocrx_word' id='word_1_426' title='bbox 191 5142 216 5195; x_wconf 85' lang='lat'><strong>?</strong></span> <span class='ocrx_word' id='word_1_427' title='bbox 240 5144 498 5197; x_wconf 88' lang='lat' dir='ltr'><strong>multum</strong></span> <span class='ocrx_word' id='word_1_428' title='bbox 527 5144 668 5197; x_wconf 91' lang='lat' dir='ltr'><strong>enim</strong></span> <span class='ocrx_word' id='word_1_429' title='bbox 701 5144 957 5214; x_wconf 89' lang='lat' dir='ltr'><strong>temporis</strong></span> <span class='ocrx_word' id='word_1_430' title='bbox 986 5144 1096 5215; x_wconf 90' lang='lat' dir='ltr'><strong>jam</strong></span> <span class='ocrx_word' id='word_1_431' title='bbox 1122 5148 1407 5215; x_wconf 64' lang='lat' dir='ltr'><strong>praeteriit,</strong></span> <span class='ocrx_word' id='word_1_432' title='bbox 1434 5160 1491 5205; x_wconf 92' lang='lat' dir='ltr'><strong>et</strong></span> <span class='ocrx_word' id='word_1_433' title='bbox 1521 5150 1707 5208; x_wconf 90' lang='lat' dir='ltr'><strong>nullus</strong></span> 
     </span>
    </p>
   </div>
   <div class='ocr_carea' id='block_1_56' title="bbox 76 5236 1703 5310">
    <p class='ocr_par' dir='ltr' id='par_1_56' title="bbox 76 5236 1703 5310">
     <span class='ocr_line' id='line_1_57' title="bbox 76 5236 1703 5310; baseline 0.006 -20"><span class='ocrx_word' id='word_1_434' title='bbox 76 5236 283 5292; x_wconf 63' lang='lat' dir='ltr'><strong>herum</strong></span> <span class='ocrx_word' id='word_1_435' title='bbox 322 5238 467 5291; x_wconf 84' lang='lat' dir='ltr'><strong>finis</strong></span> <span class='ocrx_word' id='word_1_436' title='bbox 503 5236 649 5291; x_wconf 87' lang='lat' dir='ltr'><strong>visus</strong></span> <span class='ocrx_word' id='word_1_437' title='bbox 674 5248 774 5292; x_wconf 90' lang='lat' dir='ltr'><strong>est.</strong></span> <span class='ocrx_word' id='word_1_438' title='bbox 806 5238 873 5293; x_wconf 87' lang='lat' dir='ltr'><strong>Et</strong></span> <span class='ocrx_word' id='word_1_439' title='bbox 898 5238 1019 5293; x_wconf 90' lang='lat' dir='ltr'><strong>vide</strong></span> <span class='ocrx_word' id='word_1_440' title='bbox 1046 5241 1334 5310; x_wconf 89' lang='lat' dir='ltr'><strong>nequitiam</strong></span> <span class='ocrx_word' id='word_1_441' title='bbox 1362 5262 1375 5299; x_wconf 90' lang='lat'><strong>:</strong></span> <span class='ocrx_word' id='word_1_442' title='bbox 1409 5259 1515 5299; x_wconf 93' lang='lat' dir='ltr'><strong>non</strong></span> <span class='ocrx_word' id='word_1_443' title='bbox 1542 5245 1703 5301; x_wconf 89' lang='lat' dir='ltr'><strong>boum</strong></span> 
     </span>
    </p>
   </div>
   <div class='ocr_carea' id='block_1_57' title="bbox 72 5332 1708 5403">
    <p class='ocr_par' dir='ltr' id='par_1_57' title="bbox 72 5332 1708 5403">
     <span class='ocr_line' id='line_1_58' title="bbox 72 5332 1708 5403; baseline 0.009 -20"><span class='ocrx_word' id='word_1_444' title='bbox 72 5332 397 5395; x_wconf 87' lang='lat' dir='ltr'><strong>meminit,</strong></span> <span class='ocrx_word' id='word_1_445' title='bbox 464 5345 574 5385; x_wconf 90' lang='lat' dir='ltr'><strong>non</strong></span> <span class='ocrx_word' id='word_1_446' title='bbox 622 5333 844 5398; x_wconf 89' lang='lat' dir='ltr'><strong>ovium,</strong></span> <span class='ocrx_word' id='word_1_447' title='bbox 898 5347 1006 5388; x_wconf 91' lang='lat' dir='ltr'><strong>non</strong></span> <span class='ocrx_word' id='word_1_448' title='bbox 1061 5333 1445 5403; x_wconf 87' lang='lat' dir='ltr'><strong>camelorum;</strong></span> <span class='ocrx_word' id='word_1_449' title='bbox 1504 5340 1708 5397; x_wconf 89' lang='lat' dir='ltr'><strong>sciebat</strong></span> 
     </span>
    </p>
   </div>
   <div class='ocr_carea' id='block_1_58' title="bbox 70 5423 1704 5513">
    <p class='ocr_par' dir='ltr' id='par_1_58' title="bbox 70 5423 1704 5513">
     <span class='ocr_line' id='line_1_59' title="bbox 70 5423 1704 5513; baseline 0.006 -35"><span class='ocrx_word' id='word_1_450' title='bbox 70 5425 219 5478; x_wconf 89' lang='lat' dir='ltr'><strong>enim</strong></span> <span class='ocrx_word' id='word_1_451' title='bbox 257 5425 434 5479; x_wconf 87' lang='lat' dir='ltr'><strong>illum</strong></span> <span class='ocrx_word' id='word_1_452' title='bbox 471 5439 577 5479; x_wconf 92' lang='lat' dir='ltr'><strong>non</strong></span> <span class='ocrx_word' id='word_1_453' title='bbox 608 5423 895 5480; x_wconf 91' lang='lat' dir='ltr'><strong>admodum</strong></span> <span class='ocrx_word' id='word_1_454' title='bbox 924 5423 1071 5482; x_wconf 88' lang='lat' dir='ltr'><strong>hisce</strong></span> <span class='ocrx_word' id='word_1_455' title='bbox 1100 5426 1364 5497; x_wconf 87' lang='lat' dir='ltr'><strong>morderi;</strong></span> <span class='ocrx_word' id='word_1_456' title='bbox 1405 5429 1499 5513; x_wconf 75' lang='lat' dir='ltr'><strong>sed</strong></span> <span class='ocrx_word' id='word_1_457' title='bbox 1525 5432 1704 5487; x_wconf 90' lang='lat' dir='ltr'><strong>statim</strong></span> 
     </span>
    </p>
   </div>
   <div class='ocr_carea' id='block_1_59' title="bbox 147 5605 1709 5671">
    <p class='ocr_par' dir='ltr' id='par_1_59' title="bbox 147 5605 1709 5671">
     <span class='ocr_line' id='line_1_60' title="bbox 147 5605 1709 5671; baseline -0.003 -11"><span class='ocrx_word' id='word_1_458' title='bbox 147 5612 225 5671; x_wconf 89' lang='grc' dir='ltr'><strong>(α)</strong></span> <span class='ocrx_word' id='word_1_459' title='bbox 250 5609 449 5671; x_wconf 79' lang='lat' dir='ltr'><strong>Verba</strong></span> <span class='ocrx_word' id='word_1_460' title='bbox 476 5606 667 5671; x_wconf 82' lang='lat' dir='ltr'><strong>uncinis</strong></span> <span class='ocrx_word' id='word_1_461' title='bbox 700 5608 896 5671; x_wconf 65' lang='lat' dir='ltr'><strong>clausa,</strong></span> <span class='ocrx_word' id='word_1_462' title='bbox 916 5619 1028 5668; x_wconf 68' lang='lat' dir='ltr'><strong>quae</strong></span> <span class='ocrx_word' id='word_1_463' title='bbox 1051 5605 1366 5671; x_wconf 83' lang='lat' dir='ltr'><strong>desperantis</strong></span> <span class='ocrx_word' id='word_1_464' title='bbox 1396 5618 1508 5671; x_wconf 69' lang='lat' dir='ltr'><strong>esse</strong></span> <span class='ocrx_word' id='word_1_465' title='bbox 1535 5605 1709 5656; x_wconf 82' lang='lat' dir='ltr'><strong>viden-</strong></span> 
     </span>
    </p>
   </div>
   <div class='ocr_carea' id='block_1_60' title="bbox 81 5667 1709 5741">
    <p class='ocr_par' dir='ltr' id='par_1_60' title="bbox 81 5667 1709 5741">
     <span class='ocr_line' id='line_1_61' title="bbox 81 5667 1709 5741; baseline -0.002 -20"><span class='ocrx_word' id='word_1_466' title='bbox 81 5667 189 5732; x_wconf 86' lang='lat' dir='ltr'><strong>tur,</strong></span> <span class='ocrx_word' id='word_1_467' title='bbox 210 5667 272 5723; x_wconf 80' lang='lat' dir='ltr'><strong>in</strong></span> <span class='ocrx_word' id='word_1_468' title='bbox 288 5668 587 5741; x_wconf 41' lang='lat' dir='ltr'><strong>‘bodiernis</strong></span> <span class='ocrx_word' id='word_1_469' title='bbox 606 5667 983 5741; x_wconf 65' lang='lat' dir='ltr'><strong>exemplaribus</strong></span> <span class='ocrx_word' id='word_1_470' title='bbox 1007 5682 1102 5717; x_wconf 91' lang='lat' dir='ltr'><strong>non</strong></span> <span class='ocrx_word' id='word_1_471' title='bbox 1126 5667 1389 5741; x_wconf 57' lang='lat' dir='ltr'><strong>habentur.</strong></span> <span class='ocrx_word' id='word_1_472' title='bbox 1405 5668 1709 5741; x_wconf 48' lang='lat' dir='ltr'><strong>Possuntta:</strong></span> 
     </span>
    </p>
   </div>
   <div class='ocr_carea' id='block_1_61' title="bbox 79 5729 1706 5800">
    <p class='ocr_par' dir='ltr' id='par_1_61' title="bbox 79 5729 1706 5800">
     <span class='ocr_line' id='line_1_62' title="bbox 79 5729 1706 5800; baseline -0.005 -15"><span class='ocrx_word' id='word_1_473' title='bbox 79 5729 203 5785; x_wconf 81' lang='lat' dir='ltr'><strong>men</strong></span> <span class='ocrx_word' id='word_1_474' title='bbox 226 5733 340 5784; x_wconf 88' lang='lat' dir='ltr'><strong>alio</strong></span> <span class='ocrx_word' id='word_1_475' title='bbox 362 5746 530 5800; x_wconf 73' lang='lat' dir='ltr'><strong>sensu</strong></span> <span class='ocrx_word' id='word_1_476' title='bbox 556 5729 747 5781; x_wconf 89' lang='lat' dir='ltr'><strong>mitiore</strong></span> <span class='ocrx_word' id='word_1_477' title='bbox 765 5729 1006 5793; x_wconf 81' lang='lat' dir='ltr'><strong>intelligi,</strong></span> <span class='ocrx_word' id='word_1_478' title='bbox 1028 5742 1232 5800; x_wconf 75' lang='lat' dir='ltr'><strong>nempe:</strong></span> <span class='ocrx_word' id='word_1_479' title='bbox 1251 5729 1369 5777; x_wconf 85' lang='lat' dir='ltr'><strong>Nam</strong></span> <span class='ocrx_word' id='word_1_480' title='bbox 1390 5729 1706 5800; x_wconf 47' lang='lat' dir='ltr'><strong>2si.liceret,si</strong></span> 
     </span>
    </p>
   </div>
   <div class='ocr_carea' id='block_1_62' title="bbox 80 5790 1701 5861">
    <p class='ocr_par' dir='ltr' id='par_1_62' title="bbox 80 5790 1701 5861">
     <span class='ocr_line' id='line_1_63' title="bbox 80 5790 1701 5861; baseline -0.004 -16"><span class='ocrx_word' id='word_1_481' title='bbox 80 5798 155 5847; x_wconf 79' lang='lat' dir='ltr'><strong>fas</strong></span> <span class='ocrx_word' id='word_1_482' title='bbox 182 5806 358 5861; x_wconf 85' lang='lat' dir='ltr'><strong>esset,</strong></span> <span class='ocrx_word' id='word_1_483' title='bbox 376 5796 425 5845; x_wconf 87' lang='lat' dir='ltr'><strong>si</strong></span> <span class='ocrx_word' id='word_1_484' title='bbox 454 5791 565 5845; x_wconf 87' lang='lat' dir='ltr'><strong>sine</strong></span> <span class='ocrx_word' id='word_1_485' title='bbox 586 5800 791 5859; x_wconf 77' lang='lat' dir='ltr'><strong>peccato</strong></span> <span class='ocrx_word' id='word_1_486' title='bbox 811 5790 1005 5856; x_wconf 72' lang='lat' dir='ltr'><strong>possem</strong></span> <span class='ocrx_word' id='word_1_487' title='bbox 1027 5790 1365 5843; x_wconf 85' lang='lat' dir='ltr'><strong>mihimauum</strong></span> <span class='ocrx_word' id='word_1_488' title='bbox 1386 5790 1591 5853; x_wconf 82' lang='lat' dir='ltr'><strong>inferre,</strong></span> <span class='ocrx_word' id='word_1_489' title='bbox 1606 5796 1701 5843; x_wconf 84' lang='lat' dir='ltr'><strong>etc.</strong></span> 
     </span>
    </p>
   </div>
   <div class='ocr_carea' id='block_1_63' title="bbox 3286 330 3400 388">
    <p class='ocr_par' dir='ltr' id='par_1_63' title="bbox 3286 330 3400 388">
     <span class='ocr_line' id='line_1_64' title="bbox 3286 330 3400 388; baseline 0.018 -2"><span class='ocrx_word' id='word_1_490' title='bbox 3286 330 3400 388; x_wconf 67' lang='lat'><strong>338</strong></span> 
     </span>
    </p>
   </div>
   <div class='ocr_carea' id='block_1_64' title="bbox 1803 424 3396 502">
    <p class='ocr_par' dir='ltr' id='par_1_64' title="bbox 1803 424 3396 502">
     <span class='ocr_line' id='line_1_65' title="bbox 1803 424 3396 502; baseline 0.016 -24"><span class='ocrx_word' id='word_1_491' title='bbox 1803 424 1950 479; x_wconf 88' lang='lat' dir='ltr'><strong>venit</strong></span> <span class='ocrx_word' id='word_1_492' title='bbox 1979 424 2045 482; x_wconf 89' lang='lat' dir='ltr'><strong>ad</strong></span> <span class='ocrx_word' id='word_1_493' title='bbox 2094 438 2375 498; x_wconf 90' lang='lat' dir='ltr'><strong>naturam,</strong></span> <span class='ocrx_word' id='word_1_494' title='bbox 2409 443 2464 488; x_wconf 89' lang='lat' dir='ltr'><strong>et</strong></span> <span class='ocrx_word' id='word_1_495' title='bbox 2504 432 2639 489; x_wconf 86' lang='lat' dir='ltr'><strong>ﬁlios</strong></span> <span class='ocrx_word' id='word_1_496' title='bbox 2668 434 2723 490; x_wconf 94' lang='lat' dir='ltr'><strong>in</strong></span> <span class='ocrx_word' id='word_1_497' title='bbox 2768 438 3081 497; x_wconf 84' lang='lat' dir='ltr'><strong>memoriam</strong></span> <span class='ocrx_word' id='word_1_498' title='bbox 3126 456 3341 501; x_wconf 83' lang='lat' dir='ltr'><strong>revocat</strong></span> <span class='ocrx_word' id='word_1_499' title='bbox 3379 465 3396 502; x_wconf 92' lang='lat'><strong>:</strong></span> 
     </span>
    </p>
   </div>
   <div class='ocr_carea' id='block_1_65' title="bbox 1801 515 3395 603">
    <p class='ocr_par' dir='ltr' id='par_1_65' title="bbox 1801 515 3395 603">
     <span class='ocr_line' id='line_1_66' title="bbox 1801 515 3395 603; baseline 0.015 -34"><span class='ocrx_word' id='word_1_500' title='bbox 1801 515 2007 572; x_wconf 86' lang='lat' dir='ltr'><strong>viderat</strong></span> <span class='ocrx_word' id='word_1_501' title='bbox 2030 520 2173 574; x_wconf 90' lang='lat' dir='ltr'><strong>enim</strong></span> <span class='ocrx_word' id='word_1_502' title='bbox 2202 521 2373 592; x_wconf 91' lang='lat' dir='ltr'><strong>ipsum</strong></span> <span class='ocrx_word' id='word_1_503' title='bbox 2398 524 2610 581; x_wconf 90' lang='lat' dir='ltr'><strong>amissis</strong></span> <span class='ocrx_word' id='word_1_504' title='bbox 2640 525 2762 583; x_wconf 80' lang='lat' dir='ltr'><strong>ﬁliis</strong></span> <span class='ocrx_word' id='word_1_505' title='bbox 2806 539 3009 586; x_wconf 88' lang='lat' dir='ltr'><strong>vestem</strong></span> <span class='ocrx_word' id='word_1_506' title='bbox 3055 532 3335 592; x_wconf 88' lang='lat' dir='ltr'><strong>discidisse</strong></span> <span class='ocrx_word' id='word_1_507' title='bbox 3376 580 3395 603; x_wconf 92' lang='lat'><strong>,</strong></span> 
     </span>
    </p>
   </div>
   <div class='ocr_carea' id='block_1_66' title="bbox 1800 613 3390 698">
    <p class='ocr_par' dir='ltr' id='par_1_66' title="bbox 1800 613 3390 698">
     <span class='ocr_line' id='line_1_67' title="bbox 1800 613 3390 698; baseline 0.016 -38"><span class='ocrx_word' id='word_1_508' title='bbox 1800 615 1856 660; x_wconf 91' lang='lat' dir='ltr'><strong>et</strong></span> <span class='ocrx_word' id='word_1_509' title='bbox 1881 622 2089 665; x_wconf 88' lang='lat' dir='ltr'><strong>comam</strong></span> <span class='ocrx_word' id='word_1_510' title='bbox 2120 613 2433 670; x_wconf 81' lang='lat' dir='ltr'><strong>tetendisse.</strong></span> <span class='ocrx_word' id='word_1_511' title='bbox 2464 616 2649 685; x_wconf 82' lang='lat' dir='ltr'><strong>Neque</strong></span> <span class='ocrx_word' id='word_1_512' title='bbox 2695 619 2851 686; x_wconf 81' lang='lat' dir='ltr'><strong>dixit,</strong></span> <span class='ocrx_word' id='word_1_513' title='bbox 2882 618 3005 677; x_wconf 82' lang='lat' dir='ltr'><strong>Filii</strong></span> <span class='ocrx_word' id='word_1_514' title='bbox 3043 625 3120 680; x_wconf 91' lang='lat' dir='ltr'><strong>tui</strong></span> <span class='ocrx_word' id='word_1_515' title='bbox 3153 628 3390 698; x_wconf 88' lang='lat' dir='ltr'><strong>periere,</strong></span> 
     </span>
    </p>
   </div>
   <div class='ocr_carea' id='block_1_67' title="bbox 1800 698 3389 784">
    <p class='ocr_par' dir='ltr' id='par_1_67' title="bbox 1800 698 3389 784">
     <span class='ocr_line' id='line_1_68' title="bbox 1800 698 3389 784; baseline 0.013 -31"><span class='ocrx_word' id='word_1_516' title='bbox 1800 698 1897 754; x_wconf 90' lang='lat' dir='ltr'><strong>sed</strong></span> <span class='ocrx_word' id='word_1_517' title='bbox 1929 701 2089 757; x_wconf 89' lang='lat' dir='ltr'><strong>modo</strong></span> <span class='ocrx_word' id='word_1_518' title='bbox 2128 704 2194 759; x_wconf 91' lang='lat' dir='ltr'><strong>ad</strong></span> <span class='ocrx_word' id='word_1_519' title='bbox 2224 707 2750 767; x_wconf 87' lang='lat' dir='ltr'><strong>commiserationem</strong></span> <span class='ocrx_word' id='word_1_520' title='bbox 2777 716 3075 784; x_wconf 87' lang='lat' dir='ltr'><strong>composito</strong></span> <span class='ocrx_word' id='word_1_521' title='bbox 3104 735 3117 772; x_wconf 91' lang='lat'><strong>:</strong></span> <span class='ocrx_word' id='word_1_522' title='bbox 3152 716 3389 775; x_wconf 75' lang='lat' dir='ltr'><strong>Deletum</strong></span> 
     </span>
    </p>
   </div>
   <div class='ocr_carea' id='block_1_68' title="bbox 1802 795 3392 878">
    <p class='ocr_par' dir='ltr' id='par_1_68' title="bbox 1802 795 3392 878">
     <span class='ocr_line' id='line_1_69' title="bbox 1802 795 3392 878; baseline 0.013 -31"><span class='ocrx_word' id='word_1_523' title='bbox 1802 803 1876 847; x_wconf 84' lang='lat' dir='ltr'><strong>est</strong></span> <span class='ocrx_word' id='word_1_524' title='bbox 1914 795 2207 851; x_wconf 85' lang='lat' dir='ltr'><strong>memoriale</strong></span> <span class='ocrx_word' id='word_1_525' title='bbox 2234 807 2377 852; x_wconf 86' lang='lat' dir='ltr'><strong>tuum</strong></span> <span class='ocrx_word' id='word_1_526' title='bbox 2404 799 2466 855; x_wconf 90' lang='lat' dir='ltr'><strong>de</strong></span> <span class='ocrx_word' id='word_1_527' title='bbox 2495 809 2663 869; x_wconf 88' lang='lat' dir='ltr'><strong>terra,</strong></span> <span class='ocrx_word' id='word_1_528' title='bbox 2695 814 2920 877; x_wconf 91' lang='lat' dir='ltr'><strong>propter</strong></span> <span class='ocrx_word' id='word_1_529' title='bbox 2950 808 3090 878; x_wconf 89' lang='lat' dir='ltr'><strong>quod</strong></span> <span class='ocrx_word' id='word_1_530' title='bbox 3120 808 3216 865; x_wconf 80' lang='lat' dir='ltr'><strong>lilii</strong></span> <span class='ocrx_word' id='word_1_531' title='bbox 3242 811 3392 868; x_wconf 88' lang='lat' dir='ltr'><strong>desi-</strong></span> 
     </span>
    </p>
   </div>
   <div class='ocr_carea' id='block_1_69' title="bbox 1802 876 3452 963">
    <p class='ocr_par' dir='ltr' id='par_1_69' title="bbox 1802 876 3452 963">
     <span class='ocr_line' id='line_1_70' title="bbox 1802 876 3452 963; baseline 0.012 -24"><span class='ocrx_word' id='word_1_532' title='bbox 1802 882 2071 942; x_wconf 89' lang='lat' dir='ltr'><strong>derabiles</strong></span> <span class='ocrx_word' id='word_1_533' title='bbox 2098 898 2243 943; x_wconf 88' lang='lat' dir='ltr'><strong>sunt.</strong></span> <span class='ocrx_word' id='word_1_534' title='bbox 2277 888 2492 946; x_wconf 86' lang='lat' dir='ltr'><strong>Etenim</strong></span> <span class='ocrx_word' id='word_1_535' title='bbox 2513 893 2560 948; x_wconf 88' lang='lat' dir='ltr'><strong>si</strong></span> <span class='ocrx_word' id='word_1_536' title='bbox 2590 894 2751 950; x_wconf 86' lang='lat' dir='ltr'><strong>etiam</strong></span> <span class='ocrx_word' id='word_1_537' title='bbox 2780 876 2921 953; x_wconf 83' lang='lat' dir='ltr'><strong>nunc</strong></span> <span class='ocrx_word' id='word_1_538' title='bbox 2944 876 3113 963; x_wconf 23' lang='lat' dir='ltr'><strong>,vcum</strong></span> <span class='ocrx_word' id='word_1_539' title='bbox 3143 917 3390 959; x_wconf 82' lang='lat' dir='ltr'><strong>resurre-</strong></span> <span class='ocrx_word' id='word_1_540' title='bbox 3446 876 3452 894; x_wconf 44' lang='grc'><strong><em>⁵</em></strong></span> 
     </span>
    </p>
   </div>
   <div class='ocr_carea' id='block_1_70' title="bbox 1802 978 3391 1063">
    <p class='ocr_par' dir='ltr' id='par_1_70' title="bbox 1802 978 3391 1063">
     <span class='ocr_line' id='line_1_71' title="bbox 1802 978 3391 1063; baseline 0.012 -30"><span class='ocrx_word' id='word_1_541' title='bbox 1802 981 1912 1033; x_wconf 94' lang='lat' dir='ltr'><strong>ctio</strong></span> <span class='ocrx_word' id='word_1_542' title='bbox 1943 978 2117 1035; x_wconf 85' lang='lat' dir='ltr'><strong>futura</strong></span> <span class='ocrx_word' id='word_1_543' title='bbox 2156 983 2432 1051; x_wconf 87' lang='lat' dir='ltr'><strong>creditur,</strong></span> <span class='ocrx_word' id='word_1_544' title='bbox 2476 985 2603 1042; x_wconf 88' lang='lat' dir='ltr'><strong>hinc</strong></span> <span class='ocrx_word' id='word_1_545' title='bbox 2653 986 2747 1043; x_wconf 85' lang='lat' dir='ltr'><strong>lilii</strong></span> <span class='ocrx_word' id='word_1_546' title='bbox 2794 989 3178 1050; x_wconf 81' lang='lat' dir='ltr'><strong>desiderabiles</strong></span> <span class='ocrx_word' id='word_1_547' title='bbox 3225 1005 3391 1063; x_wconf 89' lang='lat' dir='ltr'><strong>sunt,</strong></span> 
     </span>
    </p>
   </div>
   <div class='ocr_carea' id='block_1_71' title="bbox 1802 1070 3393 1155">
    <p class='ocr_par' dir='ltr' id='par_1_71' title="bbox 1802 1070 3393 1155">
     <span class='ocr_line' id='line_1_72' title="bbox 1802 1070 3393 1155; baseline 0.013 -33"><span class='ocrx_word' id='word_1_548' title='bbox 1802 1070 1947 1140; x_wconf 90' lang='lat' dir='ltr'><strong>quod</strong></span> <span class='ocrx_word' id='word_1_549' title='bbox 2004 1088 2192 1128; x_wconf 89' lang='lat' dir='ltr'><strong>eorum</strong></span> <span class='ocrx_word' id='word_1_550' title='bbox 2238 1075 2327 1145; x_wconf 93' lang='lat' dir='ltr'><strong>qui</strong></span> <span class='ocrx_word' id='word_1_551' title='bbox 2374 1075 2726 1134; x_wconf 89' lang='lat' dir='ltr'><strong>decesserunt</strong></span> <span class='ocrx_word' id='word_1_552' title='bbox 2768 1084 3084 1139; x_wconf 88' lang='lat' dir='ltr'><strong>memoriam</strong></span> <span class='ocrx_word' id='word_1_553' title='bbox 3130 1096 3393 1155; x_wconf 81' lang='lat' dir='ltr'><strong>servent,</strong></span> 
     </span>
    </p>
   </div>
   <div class='ocr_carea' id='block_1_72' title="bbox 1802 1162 3394 1235">
    <p class='ocr_par' dir='ltr' id='par_1_72' title="bbox 1802 1162 3394 1235">
     <span class='ocr_line' id='line_1_73' title="bbox 1802 1162 3394 1235; baseline 0.012 -20"><span class='ocrx_word' id='word_1_554' title='bbox 1802 1162 1973 1217; x_wconf 91' lang='lat' dir='ltr'><strong>multo</strong></span> <span class='ocrx_word' id='word_1_555' title='bbox 2003 1165 2171 1235; x_wconf 81' lang='lat' dir='ltr'><strong>magis</strong></span> <span class='ocrx_word' id='word_1_556' title='bbox 2202 1173 2347 1221; x_wconf 87' lang='lat' dir='ltr'><strong>tunc.</strong></span> <span class='ocrx_word' id='word_1_557' title='bbox 2380 1166 2507 1222; x_wconf 82' lang='lat' dir='ltr'><strong>Ideo</strong></span> <span class='ocrx_word' id='word_1_558' title='bbox 2536 1167 2662 1224; x_wconf 89' lang='lat' dir='ltr'><strong>hinc</strong></span> <span class='ocrx_word' id='word_1_559' title='bbox 2693 1171 3001 1228; x_wconf 90' lang='lat' dir='ltr'><strong>maledictio</strong></span> <span class='ocrx_word' id='word_1_560' title='bbox 3030 1176 3279 1232; x_wconf 90' lang='lat' dir='ltr'><strong>acerbior</strong></span> <span class='ocrx_word' id='word_1_561' title='bbox 3306 1176 3394 1234; x_wconf 84' lang='lat' dir='ltr'><strong>ef-</strong></span> 
     </span>
    </p>
   </div>
   <div class='ocr_carea' id='block_1_73' title="bbox 1803 1254 3395 1330">
    <p class='ocr_par' dir='ltr' id='par_1_73' title="bbox 1803 1254 3395 1330">
     <span class='ocr_line' id='line_1_74' title="bbox 1803 1254 3395 1330; baseline 0.012 -23"><span class='ocrx_word' id='word_1_562' title='bbox 1803 1254 1999 1310; x_wconf 77' lang='lat' dir='ltr'><strong>ficitur.</strong></span> <span class='ocrx_word' id='word_1_563' title='bbox 2031 1256 2214 1327; x_wconf 85' lang='lat' dir='ltr'><strong>Neque</strong></span> <span class='ocrx_word' id='word_1_564' title='bbox 2239 1260 2381 1313; x_wconf 88' lang='lat' dir='ltr'><strong>enim</strong></span> <span class='ocrx_word' id='word_1_565' title='bbox 2409 1260 2498 1330; x_wconf 89' lang='lat' dir='ltr'><strong>qui</strong></span> <span class='ocrx_word' id='word_1_566' title='bbox 2526 1260 2637 1317; x_wconf 91' lang='lat' dir='ltr'><strong>illic</strong></span> <span class='ocrx_word' id='word_1_567' title='bbox 2656 1274 2968 1320; x_wconf 79' lang='lat' dir='ltr'><strong>exsecratur</strong></span> <span class='ocrx_word' id='word_1_568' title='bbox 2993 1265 3122 1322; x_wconf 89' lang='lat' dir='ltr'><strong>dicit</strong></span> <span class='ocrx_word' id='word_1_569' title='bbox 3146 1285 3159 1323; x_wconf 93' lang='lat'><strong>:</strong></span> <span class='ocrx_word' id='word_1_570' title='bbox 3198 1268 3395 1326; x_wconf 81' lang='lat' dir='ltr'><strong>Exter-</strong></span> 
     </span>
    </p>
   </div>
   <div class='ocr_carea' id='block_1_74' title="bbox 1803 1347 3391 1428">
    <p class='ocr_par' dir='ltr' id='par_1_74' title="bbox 1803 1347 3391 1428">
     <span class='ocr_line' id='line_1_75' title="bbox 1803 1347 3391 1428; baseline 0.011 -28"><span class='ocrx_word' id='word_1_571' title='bbox 1803 1347 2076 1402; x_wconf 90' lang='lat' dir='ltr'><strong>minentur</strong></span> <span class='ocrx_word' id='word_1_572' title='bbox 2100 1347 2192 1405; x_wconf 82' lang='lat' dir='ltr'><strong>lilii</strong></span> <span class='ocrx_word' id='word_1_573' title='bbox 2216 1391 2234 1416; x_wconf 97' lang='lat'><strong>,</strong></span> <span class='ocrx_word' id='word_1_574' title='bbox 2261 1350 2356 1406; x_wconf 90' lang='lat' dir='ltr'><strong>sed</strong></span> <span class='ocrx_word' id='word_1_575' title='bbox 2377 1392 2392 1418; x_wconf 93' lang='lat'><strong>,</strong></span> <span class='ocrx_word' id='word_1_576' title='bbox 2424 1350 2722 1409; x_wconf 76' lang='lat' dir='ltr'><strong>Hemoriale</strong></span> <span class='ocrx_word' id='word_1_577' title='bbox 2770 1356 2879 1427; x_wconf 84' lang='lat' dir='ltr'><strong>ejus</strong></span> <span class='ocrx_word' id='word_1_578' title='bbox 2908 1373 2936 1411; x_wconf 79' lang='grc' dir='ltr'><em>ε</em></span> <span class='ocrx_word' id='word_1_579' title='bbox 2960 1367 3095 1413; x_wconf 86' lang='lat' dir='ltr'><strong>terra</strong></span> <span class='ocrx_word' id='word_1_580' title='bbox 3132 1358 3255 1428; x_wconf 79' lang='lat' dir='ltr'><strong>(Job</strong></span> <span class='ocrx_word' id='word_1_581' title='bbox 3281 1362 3348 1417; x_wconf 76' lang='grc'><strong>18</strong></span> <span class='ocrx_word' id='word_1_582' title='bbox 3374 1403 3391 1419; x_wconf 95' lang='grc'><strong>.</strong></span> 
     </span>
    </p>
   </div>
   <div class='ocr_carea' id='block_1_75' title="bbox 1803 1440 3394 1521">
    <p class='ocr_par' dir='ltr' id='par_1_75' title="bbox 1803 1440 3394 1521">
     <span class='ocr_line' id='line_1_76' title="bbox 1803 1440 3394 1521; baseline 0.009 -26"><span class='ocrx_word' id='word_1_583' title='bbox 1803 1440 1893 1509; x_wconf 78' lang='grc'><strong>1⁸1)</strong></span> <span class='ocrx_word' id='word_1_584' title='bbox 1916 1482 1933 1508; x_wconf 86' lang='grc'><em>,</em></span> <span class='ocrx_word' id='word_1_585' title='bbox 1966 1457 2159 1513; x_wconf 90' lang='lat' dir='ltr'><strong>nempe</strong></span> <span class='ocrx_word' id='word_1_586' title='bbox 2190 1443 2286 1497; x_wconf 85' lang='lat' dir='ltr'><strong>filii</strong></span> <span class='ocrx_word' id='word_1_587' title='bbox 2316 1445 2390 1499; x_wconf 91' lang='lat' dir='ltr'><strong>tui</strong></span> <span class='ocrx_word' id='word_1_588' title='bbox 2418 1453 2474 1500; x_wconf 92' lang='lat' dir='ltr'><strong>et</strong></span> <span class='ocrx_word' id='word_1_589' title='bbox 2497 1446 2619 1502; x_wconf 67' lang='lat' dir='ltr'><strong>tilia:</strong></span> <span class='ocrx_word' id='word_1_590' title='bbox 2652 1456 2773 1502; x_wconf 66' lang='lat' dir='ltr'><strong>tute.</strong></span> <span class='ocrx_word' id='word_1_591' title='bbox 2801 1448 2934 1504; x_wconf 90' lang='lat' dir='ltr'><strong>Cum</strong></span> <span class='ocrx_word' id='word_1_592' title='bbox 2969 1450 3194 1509; x_wconf 84' lang='lat' dir='ltr'><strong>dixisset</strong></span> <span class='ocrx_word' id='word_1_593' title='bbox 3223 1454 3394 1521; x_wconf 89' lang='lat' dir='ltr'><strong>enim,</strong></span> 
     </span>
    </p>
   </div>
   <div class='ocr_carea' id='block_1_76' title="bbox 1804 1531 3391 1613">
    <p class='ocr_par' dir='ltr' id='par_1_76' title="bbox 1804 1531 3391 1613">
     <span class='ocr_line' id='line_1_77' title="bbox 1804 1531 3391 1613; baseline 0.01 -28"><span class='ocrx_word' id='word_1_594' title='bbox 1804 1531 2106 1588; x_wconf 79' lang='lat' dir='ltr'><strong>Memoriale</strong></span> <span class='ocrx_word' id='word_1_595' title='bbox 2129 1576 2147 1602; x_wconf 96' lang='lat'><strong>,</strong></span> <span class='ocrx_word' id='word_1_596' title='bbox 2174 1546 2423 1593; x_wconf 87' lang='lat' dir='ltr'><strong>accurate</strong></span> <span class='ocrx_word' id='word_1_597' title='bbox 2445 1553 2632 1594; x_wconf 90' lang='lat' dir='ltr'><strong>rursus</strong></span> <span class='ocrx_word' id='word_1_598' title='bbox 2654 1548 2940 1613; x_wconf 88' lang='lat' dir='ltr'><strong>utrumque</strong></span> <span class='ocrx_word' id='word_1_599' title='bbox 2966 1560 3152 1600; x_wconf 83' lang='lat' dir='ltr'><strong>sexum</strong></span> <span class='ocrx_word' id='word_1_600' title='bbox 3186 1562 3391 1600; x_wconf 88' lang='lat' dir='ltr'><strong>memo-</strong></span> 
     </span>
    </p>
   </div>
   <div class='ocr_carea' id='block_1_77' title="bbox 1802 1626 3393 1704">
    <p class='ocr_par' dir='ltr' id='par_1_77' title="bbox 1802 1626 3393 1704">
     <span class='ocr_line' id='line_1_78' title="bbox 1802 1626 3393 1704; baseline 0.009 -25"><span class='ocrx_word' id='word_1_601' title='bbox 1802 1636 1925 1687; x_wconf 85' lang='lat' dir='ltr'><strong>rat:</strong></span> <span class='ocrx_word' id='word_1_602' title='bbox 1954 1626 2011 1681; x_wconf 90' lang='lat' dir='ltr'><strong>Si</strong></span> <span class='ocrx_word' id='word_1_603' title='bbox 2037 1636 2216 1682; x_wconf 85' lang='lat' dir='ltr'><strong>autetn</strong></span> <span class='ocrx_word' id='word_1_604' title='bbox 2254 1627 2369 1683; x_wconf 71' lang='lat' dir='ltr'><strong>lucc</strong></span> <span class='ocrx_word' id='word_1_605' title='bbox 2389 1670 2405 1695; x_wconf 92' lang='lat'><strong>,</strong></span> <span class='ocrx_word' id='word_1_606' title='bbox 2434 1631 2643 1701; x_wconf 93' lang='lat' dir='ltr'><strong>inquit,</strong></span> <span class='ocrx_word' id='word_1_607' title='bbox 2675 1648 2783 1688; x_wconf 94' lang='lat' dir='ltr'><strong>non</strong></span> <span class='ocrx_word' id='word_1_608' title='bbox 2813 1635 2905 1690; x_wconf 91' lang='lat' dir='ltr'><strong>tibi</strong></span> <span class='ocrx_word' id='word_1_609' title='bbox 2934 1650 3077 1691; x_wconf 75' lang='lat' dir='ltr'><strong>cura:</strong></span> <span class='ocrx_word' id='word_1_610' title='bbox 3107 1648 3271 1704; x_wconf 92' lang='lat' dir='ltr'><strong>sunt,</strong></span> <span class='ocrx_word' id='word_1_611' title='bbox 3304 1654 3393 1694; x_wconf 88' lang='lat' dir='ltr'><strong>me</strong></span> 
     </span>
    </p>
   </div>
   <div class='ocr_carea' id='block_1_78' title="bbox 1803 1718 3395 1802">
    <p class='ocr_par' dir='ltr' id='par_1_78' title="bbox 1803 1718 3395 1802">
     <span class='ocr_line' id='line_1_79' title="bbox 1803 1718 3395 1802; baseline 0.009 -30"><span class='ocrx_word' id='word_1_612' title='bbox 1803 1718 1992 1773; x_wconf 90' lang='lat' dir='ltr'><strong>saltem</strong></span> <span class='ocrx_word' id='word_1_613' title='bbox 2031 1728 2283 1790; x_wconf 83' lang='lat' dir='ltr'><strong>spectes:</strong></span> <span class='ocrx_word' id='word_1_614' title='bbox 2335 1720 2481 1778; x_wconf 86' lang='lat' dir='ltr'><strong>Uteri</strong></span> <span class='ocrx_word' id='word_1_615' title='bbox 2524 1726 2621 1779; x_wconf 88' lang='lat' dir='ltr'><strong>mei</strong></span> <span class='ocrx_word' id='word_1_616' title='bbox 2663 1725 2864 1782; x_wconf 83' lang='lat' dir='ltr'><strong>dolores</strong></span> <span class='ocrx_word' id='word_1_617' title='bbox 2900 1727 3221 1801; x_wconf 76' lang='lat' dir='ltr'><strong>laboresque,</strong></span> <span class='ocrx_word' id='word_1_618' title='bbox 3267 1747 3395 1802; x_wconf 89' lang='lat' dir='ltr'><strong>quos</strong></span> 
     </span>
    </p>
   </div>
   <div class='ocr_carea' id='block_1_79' title="bbox 1804 1815 3391 1893">
    <p class='ocr_par' dir='ltr' id='par_1_79' title="bbox 1804 1815 3391 1893">
     <span class='ocr_line' id='line_1_80' title="bbox 1804 1815 3391 1893; baseline 0.006 -27"><span class='ocrx_word' id='word_1_619' title='bbox 1804 1815 1998 1886; x_wconf 80' lang='lat' dir='ltr'><strong>frustra</strong></span> <span class='ocrx_word' id='word_1_620' title='bbox 2023 1831 2136 1869; x_wconf 86' lang='lat' dir='ltr'><strong>sum</strong></span> <span class='ocrx_word' id='word_1_621' title='bbox 2162 1832 2429 1886; x_wconf 83' lang='lat' dir='ltr'><strong>perpessa.</strong></span> <span class='ocrx_word' id='word_1_622' title='bbox 2463 1816 2517 1872; x_wconf 94' lang='lat' dir='ltr'><strong>ld</strong></span> <span class='ocrx_word' id='word_1_623' title='bbox 2548 1826 2631 1873; x_wconf 87' lang='lat' dir='ltr'><strong>est</strong></span> <span class='ocrx_word' id='word_1_624' title='bbox 2655 1859 2672 1886; x_wconf 94' lang='lat'><strong>,</strong></span> <span class='ocrx_word' id='word_1_625' title='bbox 2714 1836 2834 1889; x_wconf 72' lang='lat' dir='ltr'><strong>qua:</strong></span> <span class='ocrx_word' id='word_1_626' title='bbox 2878 1822 3137 1893; x_wconf 87' lang='lat' dir='ltr'><strong>majorem</strong></span> <span class='ocrx_word' id='word_1_627' title='bbox 3171 1823 3263 1878; x_wconf 92' lang='lat' dir='ltr'><strong>tuli</strong></span> <span class='ocrx_word' id='word_1_628' title='bbox 3292 1823 3391 1876; x_wconf 82' lang='lat' dir='ltr'><strong>do-</strong></span> 
     </span>
    </p>
   </div>
   <div class='ocr_carea' id='block_1_80' title="bbox 1803 1903 3392 1983">
    <p class='ocr_par' dir='ltr' id='par_1_80' title="bbox 1803 1903 3392 1983">
     <span class='ocr_line' id='line_1_81' title="bbox 1803 1903 3392 1983; baseline 0.007 -24"><span class='ocrx_word' id='word_1_629' title='bbox 1803 1903 1997 1973; x_wconf 91' lang='lat' dir='ltr'><strong>lorem,</strong></span> <span class='ocrx_word' id='word_1_630' title='bbox 2029 1906 2222 1977; x_wconf 84' lang='lat' dir='ltr'><strong>injuria</strong></span> <span class='ocrx_word' id='word_1_631' title='bbox 2255 1918 2475 1978; x_wconf 85' lang='lat' dir='ltr'><strong>prepter</strong></span> <span class='ocrx_word' id='word_1_632' title='bbox 2502 1921 2552 1964; x_wconf 88' lang='lat' dir='ltr'><strong>te</strong></span> <span class='ocrx_word' id='word_1_633' title='bbox 2579 1909 2771 1965; x_wconf 79' lang='lat' dir='ltr'><strong>affecta</strong></span> <span class='ocrx_word' id='word_1_634' title='bbox 2798 1928 2920 1967; x_wconf 89' lang='lat' dir='ltr'><strong>sum</strong></span> <span class='ocrx_word' id='word_1_635' title='bbox 2944 1932 2956 1967; x_wconf 92' lang='lat'><strong>:</strong></span> <span class='ocrx_word' id='word_1_636' title='bbox 2987 1914 3205 1970; x_wconf 89' lang='lat' dir='ltr'><strong>dolores</strong></span> <span class='ocrx_word' id='word_1_637' title='bbox 3230 1916 3392 1983; x_wconf 86' lang='lat' dir='ltr'><strong>subii,</strong></span> 
     </span>
    </p>
   </div>
   <div class='ocr_carea' id='block_1_81' title="bbox 1803 1996 3391 2076">
    <p class='ocr_par' dir='ltr' id='par_1_81' title="bbox 1803 1996 3391 2076">
     <span class='ocr_line' id='line_1_82' title="bbox 1803 1996 3391 2076; baseline 0.007 -26"><span class='ocrx_word' id='word_1_638' title='bbox 1803 2003 1863 2051; x_wconf 85' lang='lat' dir='ltr'><strong>et</strong></span> <span class='ocrx_word' id='word_1_639' title='bbox 1886 1996 2148 2053; x_wconf 88' lang='lat' dir='ltr'><strong>fructibus</strong></span> <span class='ocrx_word' id='word_1_640' title='bbox 2180 2013 2298 2053; x_wconf 86' lang='lat' dir='ltr'><strong>sum</strong></span> <span class='ocrx_word' id='word_1_641' title='bbox 2325 2000 2554 2070; x_wconf 87' lang='lat' dir='ltr'><strong>privata.</strong></span> <span class='ocrx_word' id='word_1_642' title='bbox 2588 1999 2655 2057; x_wconf 83' lang='lat' dir='ltr'><strong>Et</strong></span> <span class='ocrx_word' id='word_1_643' title='bbox 2682 2002 2802 2058; x_wconf 88' lang='lat' dir='ltr'><strong>vide</strong></span> <span class='ocrx_word' id='word_1_644' title='bbox 2827 2004 3098 2073; x_wconf 89' lang='lat' dir='ltr'><strong>quomodo</strong></span> <span class='ocrx_word' id='word_1_645' title='bbox 3121 2004 3391 2076; x_wconf 86' lang='lat' dir='ltr'><strong>jacturam</strong></span> 
     </span>
    </p>
   </div>
   <div class='ocr_carea' id='block_1_82' title="bbox 1804 2090 3396 2170">
    <p class='ocr_par' dir='ltr' id='par_1_82' title="bbox 1804 2090 3396 2170">
     <span class='ocr_line' id='line_1_83' title="bbox 1804 2090 3396 2170; baseline 0.008 -27"><span class='ocrx_word' id='word_1_646' title='bbox 1804 2090 2155 2158; x_wconf 85' lang='lat' dir='ltr'><strong>pecuniarum</strong></span> <span class='ocrx_word' id='word_1_647' title='bbox 2184 2108 2359 2163; x_wconf 88' lang='lat' dir='ltr'><strong>neque</strong></span> <span class='ocrx_word' id='word_1_648' title='bbox 2389 2104 2695 2161; x_wconf 90' lang='lat' dir='ltr'><strong>memoret,</strong></span> <span class='ocrx_word' id='word_1_649' title='bbox 2732 2112 2905 2167; x_wconf 91' lang='lat' dir='ltr'><strong>neque</strong></span> <span class='ocrx_word' id='word_1_650' title='bbox 2937 2105 3111 2154; x_wconf 83' lang='lat' dir='ltr'><strong>taceat</strong></span> <span class='ocrx_word' id='word_1_651' title='bbox 3132 2100 3217 2155; x_wconf 89' lang='lat' dir='ltr'><strong>vel</strong></span> <span class='ocrx_word' id='word_1_652' title='bbox 3260 2115 3396 2170; x_wconf 68' lang='lat' dir='ltr'><strong>prte-</strong></span> 
     </span>
    </p>
   </div>
   <div class='ocr_carea' id='block_1_83' title="bbox 1805 2184 3395 2262">
    <p class='ocr_par' dir='ltr' id='par_1_83' title="bbox 1805 2184 3395 2262">
     <span class='ocr_line' id='line_1_84' title="bbox 1805 2184 3395 2262; baseline 0.009 -27"><span class='ocrx_word' id='word_1_653' title='bbox 1805 2188 2101 2249; x_wconf 87' lang='lat' dir='ltr'><strong>tercurrat,</strong></span> <span class='ocrx_word' id='word_1_654' title='bbox 2129 2184 2224 2240; x_wconf 90' lang='lat' dir='ltr'><strong>sed</strong></span> <span class='ocrx_word' id='word_1_655' title='bbox 2256 2194 2312 2240; x_wconf 93' lang='lat' dir='ltr'><strong>ut</strong></span> <span class='ocrx_word' id='word_1_656' title='bbox 2339 2185 2536 2242; x_wconf 88' lang='lat' dir='ltr'><strong>licebat</strong></span> <span class='ocrx_word' id='word_1_657' title='bbox 2573 2188 2716 2244; x_wconf 92' lang='lat' dir='ltr'><strong>illam</strong></span> <span class='ocrx_word' id='word_1_658' title='bbox 2743 2190 3121 2247; x_wconf 88' lang='lat' dir='ltr'><strong>miserabiliter</strong></span> <span class='ocrx_word' id='word_1_659' title='bbox 3153 2202 3395 2262; x_wconf 81' lang='lat' dir='ltr'><strong>tangere.</strong></span> 
     </span>
    </p>
   </div>
   <div class='ocr_carea' id='block_1_84' title="bbox 1803 2273 3396 2353">
    <p class='ocr_par' dir='ltr' id='par_1_84' title="bbox 1803 2273 3396 2353">
     <span class='ocr_line' id='line_1_85' title="bbox 1803 2273 3396 2353; baseline 0.006 -26"><span class='ocrx_word' id='word_1_660' title='bbox 1803 2273 1974 2345; x_wconf 87' lang='lat' dir='ltr'><strong>ipsam</strong></span> <span class='ocrx_word' id='word_1_661' title='bbox 2005 2276 2331 2333; x_wconf 85' lang='lat' dir='ltr'><strong>subindicet.</strong></span> <span class='ocrx_word' id='word_1_662' title='bbox 2382 2276 2515 2333; x_wconf 88' lang='lat' dir='ltr'><strong>Cum</strong></span> <span class='ocrx_word' id='word_1_663' title='bbox 2547 2281 2689 2335; x_wconf 90' lang='lat' dir='ltr'><strong>enim</strong></span> <span class='ocrx_word' id='word_1_664' title='bbox 2722 2280 2889 2349; x_wconf 92' lang='lat' dir='ltr'><strong>dicit,</strong></span> <span class='ocrx_word' id='word_1_665' title='bbox 2921 2281 2988 2335; x_wconf 85' lang='lat' dir='ltr'><strong>Et</strong></span> <span class='ocrx_word' id='word_1_666' title='bbox 3018 2298 3109 2353; x_wconf 85' lang='lat' dir='ltr'><strong>ego</strong></span> <span class='ocrx_word' id='word_1_667' title='bbox 3149 2283 3396 2337; x_wconf 84' lang='lat' dir='ltr'><strong>errabun-</strong></span> 
     </span>
    </p>
   </div>
   <div class='ocr_carea' id='block_1_85' title="bbox 1806 2367 3394 2437">
    <p class='ocr_par' dir='ltr' id='par_1_85' title="bbox 1806 2367 3394 2437">
     <span class='ocr_line' id='line_1_86' title="bbox 1806 2367 3394 2437; baseline 0.004 -17"><span class='ocrx_word' id='word_1_668' title='bbox 1806 2367 1873 2419; x_wconf 89' lang='lat' dir='ltr'><strong>da</strong></span> <span class='ocrx_word' id='word_1_669' title='bbox 1922 2376 1971 2422; x_wconf 88' lang='lat' dir='ltr'><strong>et</strong></span> <span class='ocrx_word' id='word_1_670' title='bbox 2013 2384 2191 2434; x_wconf 83' lang='lat' dir='ltr'><strong>serva,</strong></span> <span class='ocrx_word' id='word_1_671' title='bbox 2236 2386 2268 2422; x_wconf 82' lang='grc' dir='ltr'><em>α</em></span> <span class='ocrx_word' id='word_1_672' title='bbox 2307 2369 2418 2424; x_wconf 90' lang='lat' dir='ltr'><strong>loco</strong></span> <span class='ocrx_word' id='word_1_673' title='bbox 2447 2371 2501 2425; x_wconf 88' lang='lat' dir='ltr'><strong>in</strong></span> <span class='ocrx_word' id='word_1_674' title='bbox 2530 2371 2697 2425; x_wconf 86' lang='lat' dir='ltr'><strong>locum</strong></span> <span class='ocrx_word' id='word_1_675' title='bbox 2722 2414 2737 2437; x_wconf 96' lang='lat'><strong>,</strong></span> <span class='ocrx_word' id='word_1_676' title='bbox 2772 2383 2814 2426; x_wconf 86' lang='lat' dir='ltr'><strong>et</strong></span> <span class='ocrx_word' id='word_1_677' title='bbox 2854 2391 2886 2426; x_wconf 89' lang='lat' dir='ltr'><strong>a</strong></span> <span class='ocrx_word' id='word_1_678' title='bbox 2928 2374 3158 2428; x_wconf 89' lang='lat' dir='ltr'><strong>domoin</strong></span> <span class='ocrx_word' id='word_1_679' title='bbox 3188 2374 3394 2428; x_wconf 88' lang='lat' dir='ltr'><strong>domum</strong></span> 
     </span>
    </p>
   </div>
   <div class='ocr_carea' id='block_1_86' title="bbox 1803 2458 3394 2536">
    <p class='ocr_par' dir='ltr' id='par_1_86' title="bbox 1803 2458 3394 2536">
     <span class='ocr_line' id='line_1_87' title="bbox 1803 2458 3394 2536; baseline 0.006 -24"><span class='ocrx_word' id='word_1_680' title='bbox 1803 2458 2239 2527; x_wconf 75' lang='lat' dir='ltr'><strong>circumcursans,</strong></span> <span class='ocrx_word' id='word_1_681' title='bbox 2272 2469 2326 2515; x_wconf 88' lang='lat' dir='ltr'><strong>et</strong></span> <span class='ocrx_word' id='word_1_682' title='bbox 2367 2462 2631 2531; x_wconf 88' lang='lat' dir='ltr'><strong>jacturam</strong></span> <span class='ocrx_word' id='word_1_683' title='bbox 2678 2464 2982 2519; x_wconf 88' lang='lat' dir='ltr'><strong>subindieat</strong></span> <span class='ocrx_word' id='word_1_684' title='bbox 3007 2507 3021 2529; x_wconf 91' lang='lat'><strong>,</strong></span> <span class='ocrx_word' id='word_1_685' title='bbox 3052 2474 3103 2520; x_wconf 91' lang='lat' dir='ltr'><strong>et</strong></span> <span class='ocrx_word' id='word_1_686' title='bbox 3146 2478 3394 2536; x_wconf 79' lang='lat' dir='ltr'><strong>magnam</strong></span> 
     </span>
    </p>
   </div>
   <div class='ocr_carea' id='block_1_87' title="bbox 1804 2547 3394 2630">
    <p class='ocr_par' dir='ltr' id='par_1_87' title="bbox 1804 2547 3394 2630">
     <span class='ocr_line' id='line_1_88' title="bbox 1804 2547 3394 2630; baseline 0.006 -28"><span class='ocrx_word' id='word_1_687' title='bbox 1804 2547 2023 2604; x_wconf 75' lang='lat' dir='ltr'><strong>exhibet</strong></span> <span class='ocrx_word' id='word_1_688' title='bbox 2063 2551 2582 2609; x_wconf 88' lang='lat' dir='ltr'><strong>commiserationem</strong></span> <span class='ocrx_word' id='word_1_689' title='bbox 2612 2572 2625 2607; x_wconf 88' lang='lat'><strong>:</strong></span> <span class='ocrx_word' id='word_1_690' title='bbox 2658 2570 2781 2609; x_wconf 90' lang='lat' dir='ltr'><strong>nam</strong></span> <span class='ocrx_word' id='word_1_691' title='bbox 2812 2556 2926 2626; x_wconf 89' lang='lat' dir='ltr'><strong>ipsa</strong></span> <span class='ocrx_word' id='word_1_692' title='bbox 2976 2558 3137 2612; x_wconf 84' lang='lat' dir='ltr'><strong>verba</strong></span> <span class='ocrx_word' id='word_1_693' title='bbox 3167 2568 3394 2630; x_wconf 87' lang='lat' dir='ltr'><strong>possunt</strong></span> 
     </span>
    </p>
   </div>
   <div class='ocr_carea' id='block_1_88' title="bbox 1806 2643 3396 2722">
    <p class='ocr_par' dir='ltr' id='par_1_88' title="bbox 1806 2643 3396 2722">
     <span class='ocr_line' id='line_1_89' title="bbox 1806 2643 3396 2722; baseline 0.006 -25"><span class='ocrx_word' id='word_1_694' title='bbox 1806 2643 2164 2699; x_wconf 87' lang='lat' dir='ltr'><strong>calamitatem</strong></span> <span class='ocrx_word' id='word_1_695' title='bbox 2196 2645 2569 2716; x_wconf 89' lang='lat' dir='ltr'><strong>ampliﬁcare:</strong></span> <span class='ocrx_word' id='word_1_696' title='bbox 2600 2648 2682 2703; x_wconf 82' lang='lat' dir='ltr'><strong>Ad</strong></span> <span class='ocrx_word' id='word_1_697' title='bbox 2714 2649 2978 2717; x_wconf 85' lang='lat' dir='ltr'><strong>aliorum,</strong></span> <span class='ocrx_word' id='word_1_698' title='bbox 3012 2652 3185 2722; x_wconf 87' lang='lat' dir='ltr'><strong>inquit</strong></span> <span class='ocrx_word' id='word_1_699' title='bbox 3211 2694 3226 2719; x_wconf 93' lang='lat'><strong>,</strong></span> <span class='ocrx_word' id='word_1_700' title='bbox 3258 2652 3396 2708; x_wconf 86' lang='lat' dir='ltr'><strong>ostia</strong></span> 
     </span>
    </p>
   </div>
   <div class='ocr_carea' id='block_1_89' title="bbox 1804 2736 3397 2809">
    <p class='ocr_par' dir='ltr' id='par_1_89' title="bbox 1804 2736 3397 2809">
     <span class='ocr_line' id='line_1_90' title="bbox 1804 2736 3397 2809; baseline 0.004 -19"><span class='ocrx_word' id='word_1_701' title='bbox 1804 2736 1985 2793; x_wconf 90' lang='lat' dir='ltr'><strong>venio.</strong></span> <span class='ocrx_word' id='word_1_702' title='bbox 2033 2736 2219 2808; x_wconf 86' lang='lat' dir='ltr'><strong>Neque</strong></span> <span class='ocrx_word' id='word_1_703' title='bbox 2248 2738 2391 2793; x_wconf 89' lang='lat' dir='ltr'><strong>enim</strong></span> <span class='ocrx_word' id='word_1_704' title='bbox 2422 2738 2598 2794; x_wconf 89' lang='lat' dir='ltr'><strong>solum</strong></span> <span class='ocrx_word' id='word_1_705' title='bbox 2630 2740 2880 2796; x_wconf 88' lang='lat' dir='ltr'><strong>mendico</strong></span> <span class='ocrx_word' id='word_1_706' title='bbox 2907 2783 2922 2809; x_wconf 92' lang='lat'><strong>,</strong></span> <span class='ocrx_word' id='word_1_707' title='bbox 2955 2741 3049 2797; x_wconf 89' lang='lat' dir='ltr'><strong>sed</strong></span> <span class='ocrx_word' id='word_1_708' title='bbox 3077 2743 3240 2797; x_wconf 86' lang='lat' dir='ltr'><strong>etiam</strong></span> <span class='ocrx_word' id='word_1_709' title='bbox 3270 2758 3397 2799; x_wconf 86' lang='lat' dir='ltr'><strong>erro</strong></span> 
     </span>
    </p>
   </div>
   <div class='ocr_carea' id='block_1_90' title="bbox 1806 2826 3397 2902">
    <p class='ocr_par' dir='ltr' id='par_1_90' title="bbox 1806 2826 3397 2902">
     <span class='ocr_line' id='line_1_91' title="bbox 1806 2826 3397 2902; baseline 0.005 -22"><span class='ocrx_word' id='word_1_710' title='bbox 1806 2835 1862 2881; x_wconf 90' lang='lat' dir='ltr'><strong>et</strong></span> <span class='ocrx_word' id='word_1_711' title='bbox 1892 2826 2205 2883; x_wconf 78' lang='lat' dir='ltr'><strong>servitutem</strong></span> <span class='ocrx_word' id='word_1_712' title='bbox 2245 2830 2412 2885; x_wconf 87' lang='lat' dir='ltr'><strong>subeo</strong></span> <span class='ocrx_word' id='word_1_713' title='bbox 2442 2846 2549 2885; x_wconf 89' lang='lat' dir='ltr'><strong>non</strong></span> <span class='ocrx_word' id='word_1_714' title='bbox 2575 2842 2940 2902; x_wconf 78' lang='lat' dir='ltr'><strong>exspectatam</strong></span> <span class='ocrx_word' id='word_1_715' title='bbox 2970 2841 3028 2889; x_wconf 92' lang='lat' dir='ltr'><strong>et</strong></span> <span class='ocrx_word' id='word_1_716' title='bbox 3055 2847 3269 2899; x_wconf 85' lang='lat' dir='ltr'><strong>novatn,</strong></span> <span class='ocrx_word' id='word_1_717' title='bbox 3297 2848 3397 2889; x_wconf 57' lang='lat' dir='ltr'><strong>un.</strong></span> 
     </span>
    </p>
   </div>
   <div class='ocr_carea' id='block_1_91' title="bbox 1805 2918 3393 2996">
    <p class='ocr_par' dir='ltr' id='par_1_91' title="bbox 1805 2918 3393 2996">
     <span class='ocr_line' id='line_1_92' title="bbox 1805 2918 3393 2996; baseline 0.005 -22"><span class='ocrx_word' id='word_1_718' title='bbox 1805 2918 1967 2990; x_wconf 82' lang='lat' dir='ltr'><strong>dique</strong></span> <span class='ocrx_word' id='word_1_719' title='bbox 1993 2922 2319 2977; x_wconf 88' lang='lat' dir='ltr'><strong>circumiens</strong></span> <span class='ocrx_word' id='word_1_720' title='bbox 2345 2933 2399 2978; x_wconf 90' lang='lat' dir='ltr'><strong>et</strong></span> <span class='ocrx_word' id='word_1_721' title='bbox 2427 2924 2747 2980; x_wconf 85' lang='lat' dir='ltr'><strong>calamitatis</strong></span> <span class='ocrx_word' id='word_1_722' title='bbox 2774 2927 2923 2996; x_wconf 74' lang='lat' dir='ltr'><strong>signa</strong></span> <span class='ocrx_word' id='word_1_723' title='bbox 2967 2926 3354 2983; x_wconf 77' lang='lat' dir='ltr'><strong>circumferens</strong></span> <span class='ocrx_word' id='word_1_724' title='bbox 3375 2967 3393 2995; x_wconf 91' lang='lat'><strong>,</strong></span> 
     </span>
    </p>
   </div>
   <div class='ocr_carea' id='block_1_92' title="bbox 1807 3014 3397 3087">
    <p class='ocr_par' dir='ltr' id='par_1_92' title="bbox 1807 3014 3397 3087">
     <span class='ocr_line' id='line_1_93' title="bbox 1807 3014 3397 3087; baseline 0.004 -20"><span class='ocrx_word' id='word_1_725' title='bbox 1807 3024 2101 3083; x_wconf 90' lang='lat' dir='ltr'><strong>omnesque</strong></span> <span class='ocrx_word' id='word_1_726' title='bbox 2128 3014 2268 3067; x_wconf 85' lang='lat' dir='ltr'><strong>mals</strong></span> <span class='ocrx_word' id='word_1_727' title='bbox 2315 3029 2435 3069; x_wconf 89' lang='lat' dir='ltr'><strong>mea</strong></span> <span class='ocrx_word' id='word_1_728' title='bbox 2464 3014 2701 3081; x_wconf 88' lang='lat' dir='ltr'><strong>docens;</strong></span> <span class='ocrx_word' id='word_1_729' title='bbox 2732 3016 2878 3087; x_wconf 87' lang='lat' dir='ltr'><strong>quod</strong></span> <span class='ocrx_word' id='word_1_730' title='bbox 2917 3018 3158 3073; x_wconf 91' lang='lat' dir='ltr'><strong>omnium</strong></span> <span class='ocrx_word' id='word_1_731' title='bbox 3199 3020 3397 3074; x_wconf 86' lang='lat' dir='ltr'><strong>miser-</strong></span> 
     </span>
    </p>
   </div>
   <div class='ocr_carea' id='block_1_93' title="bbox 1807 3105 3401 3183">
    <p class='ocr_par' dir='ltr' id='par_1_93' title="bbox 1807 3105 3401 3183">
     <span class='ocr_line' id='line_1_94' title="bbox 1807 3105 3401 3183; baseline 0.006 -24"><span class='ocrx_word' id='word_1_732' title='bbox 1807 3105 2002 3159; x_wconf 87' lang='lat' dir='ltr'><strong>rimum</strong></span> <span class='ocrx_word' id='word_1_733' title='bbox 2045 3115 2163 3175; x_wconf 89' lang='lat' dir='ltr'><strong>est,</strong></span> <span class='ocrx_word' id='word_1_734' title='bbox 2194 3106 2413 3163; x_wconf 88' lang='lat' dir='ltr'><strong>domum</strong></span> <span class='ocrx_word' id='word_1_735' title='bbox 2461 3108 2773 3180; x_wconf 88' lang='lat' dir='ltr'><strong>frequenter</strong></span> <span class='ocrx_word' id='word_1_736' title='bbox 2818 3122 3045 3166; x_wconf 88' lang='lat' dir='ltr'><strong>mutare.</strong></span> <span class='ocrx_word' id='word_1_737' title='bbox 3100 3110 3285 3183; x_wconf 83' lang='lat' dir='ltr'><strong>Neque</strong></span> <span class='ocrx_word' id='word_1_738' title='bbox 3315 3112 3401 3168; x_wconf 87' lang='lat' dir='ltr'><strong>hie</strong></span> 
     </span>
    </p>
   </div>
   <div class='ocr_carea' id='block_1_94' title="bbox 1808 3197 3399 3273">
    <p class='ocr_par' dir='ltr' id='par_1_94' title="bbox 1808 3197 3399 3273">
     <span class='ocr_line' id='line_1_95' title="bbox 1808 3197 3399 3273; baseline 0.006 -21"><span class='ocrx_word' id='word_1_739' title='bbox 1808 3197 2133 3254; x_wconf 82' lang='lat' dir='ltr'><strong>lamentandi</strong></span> <span class='ocrx_word' id='word_1_740' title='bbox 2163 3200 2322 3256; x_wconf 86' lang='lat' dir='ltr'><strong>ﬁnem</strong></span> <span class='ocrx_word' id='word_1_741' title='bbox 2370 3200 2533 3269; x_wconf 87' lang='lat' dir='ltr'><strong>fecit,</strong></span> <span class='ocrx_word' id='word_1_742' title='bbox 2562 3203 2657 3259; x_wconf 85' lang='lat' dir='ltr'><strong>sed</strong></span> <span class='ocrx_word' id='word_1_743' title='bbox 2684 3203 2963 3273; x_wconf 83' lang='lat' dir='ltr'><strong>subjunxit</strong></span> <span class='ocrx_word' id='word_1_744' title='bbox 2998 3204 3185 3261; x_wconf 88' lang='lat' dir='ltr'><strong>dicens</strong></span> <span class='ocrx_word' id='word_1_745' title='bbox 3225 3222 3239 3260; x_wconf 93' lang='lat'><strong>:</strong></span> <span class='ocrx_word' id='word_1_746' title='bbox 3286 3205 3399 3261; x_wconf 68' lang='lat' dir='ltr'><strong>Es-</strong></span> 
     </span>
    </p>
   </div>
   <div class='ocr_carea' id='block_1_95' title="bbox 1806 3292 3402 3367">
    <p class='ocr_par' dir='ltr' id='par_1_95' title="bbox 1806 3292 3402 3367">
     <span class='ocr_line' id='line_1_96' title="bbox 1806 3292 3402 3367; baseline 0.003 -22"><span class='ocrx_word' id='word_1_747' title='bbox 1806 3300 2040 3361; x_wconf 84' lang='lat' dir='ltr'><strong>spectans</strong></span> <span class='ocrx_word' id='word_1_748' title='bbox 2068 3292 2224 3347; x_wconf 87' lang='lat' dir='ltr'><strong>solem</strong></span> <span class='ocrx_word' id='word_1_749' title='bbox 2252 3294 2459 3363; x_wconf 80' lang='lat' dir='ltr'><strong>quando</strong></span> <span class='ocrx_word' id='word_1_750' title='bbox 2498 3296 2709 3362; x_wconf 82' lang='lat' dir='ltr'><strong>occidet,</strong></span> <span class='ocrx_word' id='word_1_751' title='bbox 2736 3306 2782 3351; x_wconf 77' lang='lat' dir='ltr'><strong>et</strong></span> <span class='ocrx_word' id='word_1_752' title='bbox 2810 3296 3121 3367; x_wconf 83' lang='lat' dir='ltr'><strong>requiescam</strong></span> <span class='ocrx_word' id='word_1_753' title='bbox 3148 3314 3180 3353; x_wconf 88' lang='lat' dir='ltr'><strong>a</strong></span> <span class='ocrx_word' id='word_1_754' title='bbox 3208 3299 3402 3353; x_wconf 59' lang='lat' dir='ltr'><strong>labori.</strong></span> 
     </span>
    </p>
   </div>
   <div class='ocr_carea' id='block_1_96' title="bbox 1808 3384 3399 3459">
    <p class='ocr_par' dir='ltr' id='par_1_96' title="bbox 1808 3384 3399 3459">
     <span class='ocr_line' id='line_1_97' title="bbox 1808 3384 3399 3459; baseline 0.005 -22"><span class='ocrx_word' id='word_1_755' title='bbox 1808 3384 1902 3437; x_wconf 87' lang='lat' dir='ltr'><strong>bus</strong></span> <span class='ocrx_word' id='word_1_756' title='bbox 1928 3385 2049 3439; x_wconf 87' lang='lat' dir='ltr'><strong>meis</strong></span> <span class='ocrx_word' id='word_1_757' title='bbox 2075 3394 2122 3439; x_wconf 85' lang='lat' dir='ltr'><strong>et</strong></span> <span class='ocrx_word' id='word_1_758' title='bbox 2150 3402 2184 3439; x_wconf 89' lang='lat' dir='ltr'><strong>a</strong></span> <span class='ocrx_word' id='word_1_759' title='bbox 2209 3384 2475 3442; x_wconf 79' lang='lat' dir='ltr'><strong>doloribus</strong></span> <span class='ocrx_word' id='word_1_760' title='bbox 2512 3390 2597 3459; x_wconf 86' lang='lat' dir='ltr'><strong>qui</strong></span> <span class='ocrx_word' id='word_1_761' title='bbox 2620 3405 2699 3443; x_wconf 87' lang='lat' dir='ltr'><strong>me</strong></span> <span class='ocrx_word' id='word_1_762' title='bbox 2727 3390 3047 3445; x_wconf 78' lang='lat' dir='ltr'><strong>circumdant</strong></span> <span class='ocrx_word' id='word_1_763' title='bbox 3071 3400 3118 3446; x_wconf 88' lang='lat' dir='ltr'><strong>et</strong></span> <span class='ocrx_word' id='word_1_764' title='bbox 3153 3391 3399 3445; x_wconf 79' lang='lat' dir='ltr'><strong>detinent.</strong></span> 
     </span>
    </p>
   </div>
   <div class='ocr_carea' id='block_1_97' title="bbox 1810 3476 3401 3551">
    <p class='ocr_par' dir='ltr' id='par_1_97' title="bbox 1810 3476 3401 3551">
     <span class='ocr_line' id='line_1_98' title="bbox 1810 3476 3401 3551; baseline 0.004 -21"><span class='ocrx_word' id='word_1_765' title='bbox 1810 3476 1962 3542; x_wconf 83' lang='lat' dir='ltr'><strong>Quod</strong></span> <span class='ocrx_word' id='word_1_766' title='bbox 1991 3478 2135 3532; x_wconf 88' lang='lat' dir='ltr'><strong>enim</strong></span> <span class='ocrx_word' id='word_1_767' title='bbox 2161 3478 2284 3533; x_wconf 91' lang='lat' dir='ltr'><strong>aliis</strong></span> <span class='ocrx_word' id='word_1_768' title='bbox 2312 3494 2478 3534; x_wconf 84' lang='lat' dir='ltr'><strong>suave</strong></span> <span class='ocrx_word' id='word_1_769' title='bbox 2507 3489 2591 3535; x_wconf 89' lang='lat' dir='ltr'><strong>est</strong></span> <span class='ocrx_word' id='word_1_770' title='bbox 2616 3522 2632 3546; x_wconf 94' lang='lat'><strong>,</strong></span> <span class='ocrx_word' id='word_1_771' title='bbox 2673 3482 2888 3551; x_wconf 89' lang='lat' dir='ltr'><strong>inquit,</strong></span> <span class='ocrx_word' id='word_1_772' title='bbox 2930 3482 3141 3537; x_wconf 87' lang='lat' dir='ltr'><strong>radium</strong></span> <span class='ocrx_word' id='word_1_773' title='bbox 3169 3480 3356 3537; x_wconf 89' lang='lat' dir='ltr'><strong>videre</strong></span> <span class='ocrx_word' id='word_1_774' title='bbox 3383 3520 3401 3548; x_wconf 90' lang='lat'><strong>,</strong></span> 
     </span>
    </p>
   </div>
   <div class='ocr_carea' id='block_1_98' title="bbox 1812 3566 3404 3640">
    <p class='ocr_par' dir='ltr' id='par_1_98' title="bbox 1812 3566 3404 3640">
     <span class='ocr_line' id='line_1_99' title="bbox 1812 3566 3404 3640; baseline 0.006 -18"><span class='ocrx_word' id='word_1_775' title='bbox 1812 3566 1916 3623; x_wconf 87' lang='lat' dir='ltr'><strong>hoc</strong></span> <span class='ocrx_word' id='word_1_776' title='bbox 1943 3568 2071 3623; x_wconf 91' lang='lat' dir='ltr'><strong>mihi</strong></span> <span class='ocrx_word' id='word_1_777' title='bbox 2103 3584 2265 3640; x_wconf 76' lang='lat' dir='ltr'><strong>grave</strong></span> <span class='ocrx_word' id='word_1_778' title='bbox 2290 3586 2304 3636; x_wconf 93' lang='lat'><strong>;</strong></span> <span class='ocrx_word' id='word_1_779' title='bbox 2334 3571 2720 3627; x_wconf 81' lang='lat' dir='ltr'><strong>desiderabiles</strong></span> <span class='ocrx_word' id='word_1_780' title='bbox 2746 3580 2924 3629; x_wconf 87' lang='lat' dir='ltr'><strong>autem</strong></span> <span class='ocrx_word' id='word_1_781' title='bbox 2953 3572 3086 3629; x_wconf 88' lang='lat' dir='ltr'><strong>mihi</strong></span> <span class='ocrx_word' id='word_1_782' title='bbox 3122 3583 3251 3631; x_wconf 87' lang='lat' dir='ltr'><strong>sunt</strong></span> <span class='ocrx_word' id='word_1_783' title='bbox 3295 3588 3404 3633; x_wconf 73' lang='lat' dir='ltr'><strong>nox</strong></span> 
     </span>
    </p>
   </div>
   <div class='ocr_carea' id='block_1_99' title="bbox 1811 3660 3402 3739">
    <p class='ocr_par' dir='ltr' id='par_1_99' title="bbox 1811 3660 3402 3739">
     <span class='ocr_line' id='line_1_100' title="bbox 1811 3660 3402 3739; baseline 0.004 -23"><span class='ocrx_word' id='word_1_784' title='bbox 1811 3670 1867 3716; x_wconf 86' lang='lat' dir='ltr'><strong>et</strong></span> <span class='ocrx_word' id='word_1_785' title='bbox 1893 3660 2129 3717; x_wconf 66' lang='lat' dir='ltr'><strong>tenebrae</strong></span> <span class='ocrx_word' id='word_1_786' title='bbox 2156 3678 2173 3723; x_wconf 90' lang='lat'><strong>:</strong></span> <span class='ocrx_word' id='word_1_787' title='bbox 2214 3662 2296 3718; x_wconf 69' lang='lat' dir='ltr'><strong>ha:</strong></span> <span class='ocrx_word' id='word_1_788' title='bbox 2327 3664 2456 3719; x_wconf 88' lang='lat' dir='ltr'><strong>mihi</strong></span> <span class='ocrx_word' id='word_1_789' title='bbox 2486 3680 2516 3718; x_wconf 93' lang='lat' dir='ltr'><strong>a</strong></span> <span class='ocrx_word' id='word_1_790' title='bbox 2553 3666 2843 3723; x_wconf 86' lang='lat' dir='ltr'><strong>sudoribus</strong></span> <span class='ocrx_word' id='word_1_791' title='bbox 2869 3668 3105 3738; x_wconf 87' lang='lat' dir='ltr'><strong>quietem</strong></span> <span class='ocrx_word' id='word_1_792' title='bbox 3145 3669 3362 3739; x_wconf 87' lang='lat' dir='ltr'><strong>pariunt</strong></span> <span class='ocrx_word' id='word_1_793' title='bbox 3384 3709 3402 3734; x_wconf 91' lang='lat'><strong>,</strong></span> 
     </span>
    </p>
   </div>
   <div class='ocr_carea' id='block_1_100' title="bbox 1812 3754 3413 3818">
    <p class='ocr_par' dir='ltr' id='par_1_100' title="bbox 1812 3754 3413 3818">
     <span class='ocr_line' id='line_1_101' title="bbox 1812 3754 3413 3818; baseline 0.006 -9"><span class='ocrx_word' id='word_1_794' title='bbox 1812 3754 1897 3809; x_wconf 77' lang='lat' dir='ltr'><strong>ha:</strong></span> <span class='ocrx_word' id='word_1_795' title='bbox 1926 3755 2059 3810; x_wconf 91' lang='lat' dir='ltr'><strong>mihi</strong></span> <span class='ocrx_word' id='word_1_796' title='bbox 2112 3766 2240 3811; x_wconf 91' lang='lat' dir='ltr'><strong>sunt</strong></span> <span class='ocrx_word' id='word_1_797' title='bbox 2284 3758 2337 3812; x_wconf 89' lang='lat' dir='ltr'><strong>in</strong></span> <span class='ocrx_word' id='word_1_798' title='bbox 2381 3758 2539 3813; x_wconf 89' lang='lat' dir='ltr'><strong>malis</strong></span> <span class='ocrx_word' id='word_1_799' title='bbox 2566 3760 2884 3816; x_wconf 89' lang='lat' dir='ltr'><strong>consolatio.</strong></span> <span class='ocrx_word' id='word_1_800' title='bbox 2928 3760 3038 3817; x_wconf 85' lang='lat' dir='ltr'><strong>Sed</strong></span> <span class='ocrx_word' id='word_1_801' title='bbox 3080 3762 3165 3818; x_wconf 87' lang='lat' dir='ltr'><strong>dic</strong></span> <span class='ocrx_word' id='word_1_802' title='bbox 3200 3762 3413 3818; x_wconf 81' lang='lat' dir='ltr'><strong>verbum</strong></span> 
     </span>
    </p>
   </div>
   <div class='ocr_carea' id='block_1_101' title="bbox 1812 3847 3413 3915">
    <p class='ocr_par' dir='ltr' id='par_1_101' title="bbox 1812 3847 3413 3915">
     <span class='ocr_line' id='line_1_102' title="bbox 1812 3847 3413 3915; baseline 0.006 -13"><span class='ocrx_word' id='word_1_803' title='bbox 1812 3858 1991 3902; x_wconf 85' lang='lat' dir='ltr'><strong>contra</strong></span> <span class='ocrx_word' id='word_1_804' title='bbox 2026 3847 2300 3903; x_wconf 85' lang='lat' dir='ltr'><strong>Dominum</strong></span> <span class='ocrx_word' id='word_1_805' title='bbox 2324 3892 2337 3915; x_wconf 91' lang='lat'><strong>,</strong></span> <span class='ocrx_word' id='word_1_806' title='bbox 2371 3858 2418 3904; x_wconf 88' lang='lat' dir='ltr'><strong>el</strong></span> <span class='ocrx_word' id='word_1_807' title='bbox 2450 3867 2665 3906; x_wconf 86' lang='lat' dir='ltr'><strong>morere.</strong></span> <span class='ocrx_word' id='word_1_808' title='bbox 3412 3872 3413 3877; x_wconf 79' lang='lat'>‘</span> 
     </span>
    </p>
   </div>
   <div class='ocr_carea' id='block_1_102' title="bbox 1908 3941 3405 4020">
    <p class='ocr_par' dir='ltr' id='par_1_102' title="bbox 1908 3941 3405 4020">
     <span class='ocr_line' id='line_1_103' title="bbox 1908 3941 3405 4020; baseline 0.005 -23"><span class='ocrx_word' id='word_1_809' title='bbox 1908 3942 1961 3997; x_wconf 82' lang='grc'><strong>5.</strong></span> <span class='ocrx_word' id='word_1_810' title='bbox 2003 3941 2249 3999; x_wconf 84' lang='lat' dir='ltr'><strong>Vidistin’</strong></span> <span class='ocrx_word' id='word_1_811' title='bbox 2300 3945 2388 4000; x_wconf 92' lang='lat' dir='ltr'><strong>hic</strong></span> <span class='ocrx_word' id='word_1_812' title='bbox 2436 3959 2649 4015; x_wconf 91' lang='lat' dir='ltr'><strong>quoque</strong></span> <span class='ocrx_word' id='word_1_813' title='bbox 2695 3948 3031 4018; x_wconf 82' lang='lat' dir='ltr'><strong>nequitiam?</strong></span> <span class='ocrx_word' id='word_1_814' title='bbox 3083 3964 3193 4020; x_wconf 92' lang='lat' dir='ltr'><strong>quo</strong></span> <span class='ocrx_word' id='word_1_815' title='bbox 3245 3956 3405 4019; x_wconf 87' lang='lat' dir='ltr'><strong>pacto</strong></span> 
     </span>
    </p>
   </div>
   <div class='ocr_carea' id='block_1_103' title="bbox 1814 4032 3403 4111">
    <p class='ocr_par' dir='ltr' id='par_1_103' title="bbox 1814 4032 3403 4111">
     <span class='ocr_line' id='line_1_104' title="bbox 1814 4032 3403 4111; baseline 0.006 -24"><span class='ocrx_word' id='word_1_816' title='bbox 1814 4032 1867 4088; x_wconf 87' lang='lat' dir='ltr'><strong>in</strong></span> <span class='ocrx_word' id='word_1_817' title='bbox 1914 4034 2141 4090; x_wconf 90' lang='lat' dir='ltr'><strong>consilio</strong></span> <span class='ocrx_word' id='word_1_818' title='bbox 2182 4050 2281 4090; x_wconf 92' lang='lat' dir='ltr'><strong>suo</strong></span> <span class='ocrx_word' id='word_1_819' title='bbox 2328 4051 2435 4094; x_wconf 90' lang='lat' dir='ltr'><strong>non</strong></span> <span class='ocrx_word' id='word_1_820' title='bbox 2486 4038 2667 4092; x_wconf 90' lang='lat' dir='ltr'><strong>statim</strong></span> <span class='ocrx_word' id='word_1_821' title='bbox 2726 4039 2999 4096; x_wconf 84' lang='lat' dir='ltr'><strong>induxerit</strong></span> <span class='ocrx_word' id='word_1_822' title='bbox 3044 4042 3403 4111; x_wconf 86' lang='lat' dir='ltr'><strong>perniciosam</strong></span> 
     </span>
    </p>
   </div>
   <div class='ocr_carea' id='block_1_104' title="bbox 1813 4124 3406 4201">
    <p class='ocr_par' dir='ltr' id='par_1_104' title="bbox 1813 4124 3406 4201">
     <span class='ocr_line' id='line_1_105' title="bbox 1813 4124 3406 4201; baseline 0.006 -23"><span class='ocrx_word' id='word_1_823' title='bbox 1813 4124 2273 4191; x_wconf 82' lang='lat' dir='ltr'><strong>adhortationem,</strong></span> <span class='ocrx_word' id='word_1_824' title='bbox 2323 4127 2417 4183; x_wconf 85' lang='lat' dir='ltr'><strong>sed</strong></span> <span class='ocrx_word' id='word_1_825' title='bbox 2472 4143 2593 4184; x_wconf 90' lang='lat' dir='ltr'><strong>cum</strong></span> <span class='ocrx_word' id='word_1_826' title='bbox 2645 4132 2795 4201; x_wconf 82' lang='lat' dir='ltr'><strong>prius</strong></span> <span class='ocrx_word' id='word_1_827' title='bbox 2850 4133 3185 4188; x_wconf 87' lang='lat' dir='ltr'><strong>calamitates</strong></span> <span class='ocrx_word' id='word_1_828' title='bbox 3240 4133 3406 4189; x_wconf 79' lang='lat' dir='ltr'><strong>mise-</strong></span> 
     </span>
    </p>
   </div>
   <div class='ocr_carea' id='block_1_105' title="bbox 1812 4215 3409 4293">
    <p class='ocr_par' dir='ltr' id='par_1_105' title="bbox 1812 4215 3409 4293">
     <span class='ocr_line' id='line_1_106' title="bbox 1812 4215 3409 4293; baseline 0.005 -22"><span class='ocrx_word' id='word_1_829' title='bbox 1812 4215 2055 4271; x_wconf 81' lang='lat' dir='ltr'><strong>rabiliter</strong></span> <span class='ocrx_word' id='word_1_830' title='bbox 2120 4226 2474 4287; x_wconf 89' lang='lat' dir='ltr'><strong>enarrasset,</strong></span> <span class='ocrx_word' id='word_1_831' title='bbox 2531 4230 2586 4275; x_wconf 87' lang='lat' dir='ltr'><strong>et</strong></span> <span class='ocrx_word' id='word_1_832' title='bbox 2649 4222 2961 4291; x_wconf 65' lang='lat' dir='ltr'><strong>tragcediam</strong></span> <span class='ocrx_word' id='word_1_833' title='bbox 3026 4222 3409 4293; x_wconf 71' lang='lat' dir='ltr'><strong>ostendisset,</strong></span> 
     </span>
    </p>
   </div>
   <div class='ocr_carea' id='block_1_106' title="bbox 1813 4309 3411 4384">
    <p class='ocr_par' dir='ltr' id='par_1_106' title="bbox 1813 4309 3411 4384">
     <span class='ocr_line' id='line_1_107' title="bbox 1813 4309 3411 4384; baseline 0.004 -22"><span class='ocrx_word' id='word_1_834' title='bbox 1813 4309 1998 4379; x_wconf 87' lang='lat' dir='ltr'><strong>paucis</strong></span> <span class='ocrx_word' id='word_1_835' title='bbox 2026 4309 2210 4365; x_wconf 84' lang='lat' dir='ltr'><strong>verbis</strong></span> <span class='ocrx_word' id='word_1_836' title='bbox 2258 4310 2691 4367; x_wconf 84' lang='lat' dir='ltr'><strong>adhortationem</strong></span> <span class='ocrx_word' id='word_1_837' title='bbox 2736 4316 2923 4382; x_wconf 87' lang='lat' dir='ltr'><strong>ponit,</strong></span> <span class='ocrx_word' id='word_1_838' title='bbox 2956 4330 3129 4384; x_wconf 89' lang='lat' dir='ltr'><strong>neque</strong></span> <span class='ocrx_word' id='word_1_839' title='bbox 3156 4315 3301 4370; x_wconf 89' lang='lat' dir='ltr'><strong>clare</strong></span> <span class='ocrx_word' id='word_1_840' title='bbox 3346 4315 3411 4369; x_wconf 86' lang='lat' dir='ltr'><strong>il-</strong></span> 
     </span>
    </p>
   </div>
   <div class='ocr_carea' id='block_1_107' title="bbox 1813 4401 3410 4475">
    <p class='ocr_par' dir='ltr' id='par_1_107' title="bbox 1813 4401 3410 4475">
     <span class='ocr_line' id='line_1_108' title="bbox 1813 4401 3410 4475; baseline 0.005 -18"><span class='ocrx_word' id='word_1_841' title='bbox 1813 4402 1916 4457; x_wconf 91' lang='lat' dir='ltr'><strong>lam</strong></span> <span class='ocrx_word' id='word_1_842' title='bbox 1946 4401 2171 4469; x_wconf 89' lang='lat' dir='ltr'><strong>indicat,</strong></span> <span class='ocrx_word' id='word_1_843' title='bbox 2203 4403 2297 4458; x_wconf 88' lang='lat' dir='ltr'><strong>sed</strong></span> <span class='ocrx_word' id='word_1_844' title='bbox 2325 4404 2671 4462; x_wconf 89' lang='lat' dir='ltr'><strong>subindieans</strong></span> <span class='ocrx_word' id='word_1_845' title='bbox 2704 4407 2852 4462; x_wconf 89' lang='lat' dir='ltr'><strong>illam</strong></span> <span class='ocrx_word' id='word_1_846' title='bbox 2880 4449 2895 4475; x_wconf 96' lang='lat'><strong>,</strong></span> <span class='ocrx_word' id='word_1_847' title='bbox 2926 4410 3164 4465; x_wconf 83' lang='lat' dir='ltr'><strong>maxime</strong></span> <span class='ocrx_word' id='word_1_848' title='bbox 3189 4409 3410 4465; x_wconf 77' lang='lat' dir='ltr'><strong>deside~</strong></span> 
     </span>
    </p>
   </div>
   <div class='ocr_carea' id='block_1_108' title="bbox 1812 4495 3407 4568">
    <p class='ocr_par' dir='ltr' id='par_1_108' title="bbox 1812 4495 3407 4568">
     <span class='ocr_line' id='line_1_109' title="bbox 1812 4495 3407 4568; baseline 0.004 -17"><span class='ocrx_word' id='word_1_849' title='bbox 1812 4495 2035 4551; x_wconf 87' lang='lat' dir='ltr'><strong>rabilem</strong></span> <span class='ocrx_word' id='word_1_850' title='bbox 2079 4497 2178 4567; x_wconf 88' lang='lat' dir='ltr'><strong>ipsi</strong></span> <span class='ocrx_word' id='word_1_851' title='bbox 2218 4499 2470 4567; x_wconf 88' lang='lat' dir='ltr'><strong>proponit</strong></span> <span class='ocrx_word' id='word_1_852' title='bbox 2504 4498 2876 4557; x_wconf 87' lang='lat' dir='ltr'><strong>liberationem</strong></span> <span class='ocrx_word' id='word_1_853' title='bbox 2903 4543 2919 4568; x_wconf 95' lang='lat'><strong>,</strong></span> <span class='ocrx_word' id='word_1_854' title='bbox 2950 4512 3006 4557; x_wconf 92' lang='lat' dir='ltr'><strong>et</strong></span> <span class='ocrx_word' id='word_1_855' title='bbox 3044 4513 3272 4557; x_wconf 90' lang='lat' dir='ltr'><strong>mortem</strong></span> <span class='ocrx_word' id='word_1_856' title='bbox 3302 4502 3407 4558; x_wconf 50' lang='lat' dir='ltr'><strong>de.</strong></span> 
     </span>
    </p>
   </div>
   <div class='ocr_carea' id='block_1_109' title="bbox 1816 4589 3406 4667">
    <p class='ocr_par' dir='ltr' id='par_1_109' title="bbox 1816 4589 3406 4667">
     <span class='ocr_line' id='line_1_110' title="bbox 1816 4589 3406 4667; baseline 0.006 -24"><span class='ocrx_word' id='word_1_857' title='bbox 1816 4589 2029 4643; x_wconf 88' lang='lat' dir='ltr'><strong>nuntiat</strong></span> <span class='ocrx_word' id='word_1_858' title='bbox 2048 4630 2063 4655; x_wconf 93' lang='lat'><strong>,</strong></span> <span class='ocrx_word' id='word_1_859' title='bbox 2094 4605 2256 4659; x_wconf 90' lang='lat' dir='ltr'><strong>quam</strong></span> <span class='ocrx_word' id='word_1_860' title='bbox 2282 4606 2629 4662; x_wconf 88' lang='lat' dir='ltr'><strong>summopere</strong></span> <span class='ocrx_word' id='word_1_861' title='bbox 2652 4595 2913 4664; x_wconf 84' lang='lat' dir='ltr'><strong>optabat?</strong></span> <span class='ocrx_word' id='word_1_862' title='bbox 2942 4595 3009 4650; x_wconf 78' lang='lat' dir='ltr'><strong>Et</strong></span> <span class='ocrx_word' id='word_1_863' title='bbox 3040 4596 3166 4651; x_wconf 90' lang='lat' dir='ltr'><strong>hinc</strong></span> <span class='ocrx_word' id='word_1_864' title='bbox 3190 4612 3406 4667; x_wconf 89' lang='lat' dir='ltr'><strong>quoque</strong></span> 
     </span>
    </p>
   </div>
   <div class='ocr_carea' id='block_1_110' title="bbox 1812 4680 3409 4756">
    <p class='ocr_par' dir='ltr' id='par_1_110' title="bbox 1812 4680 3409 4756">
     <span class='ocr_line' id='line_1_111' title="bbox 1812 4680 3409 4756; baseline 0.006 -21"><span class='ocrx_word' id='word_1_865' title='bbox 1812 4680 2039 4736; x_wconf 89' lang='lat' dir='ltr'><strong>observa</strong></span> <span class='ocrx_word' id='word_1_866' title='bbox 2084 4681 2283 4736; x_wconf 89' lang='lat' dir='ltr'><strong>diaboli</strong></span> <span class='ocrx_word' id='word_1_867' title='bbox 2332 4682 2599 4739; x_wconf 86' lang='lat' dir='ltr'><strong>vafritiem</strong></span> <span class='ocrx_word' id='word_1_868' title='bbox 2646 4694 2703 4740; x_wconf 90' lang='lat' dir='ltr'><strong>et</strong></span> <span class='ocrx_word' id='word_1_869' title='bbox 2747 4687 3027 4742; x_wconf 85' lang='lat' dir='ltr'><strong>malitiam.</strong></span> <span class='ocrx_word' id='word_1_870' title='bbox 3076 4689 3210 4756; x_wconf 88' lang='lat' dir='ltr'><strong>Quia</strong></span> <span class='ocrx_word' id='word_1_871' title='bbox 3258 4690 3409 4745; x_wconf 81' lang='lat' dir='ltr'><strong>enim</strong></span> 
     </span>
    </p>
   </div>
   <div class='ocr_carea' id='block_1_111' title="bbox 1814 4772 3411 4846">
    <p class='ocr_par' dir='ltr' id='par_1_111' title="bbox 1814 4772 3411 4846">
     <span class='ocr_line' id='line_1_112' title="bbox 1814 4772 3411 4846; baseline 0.009 -20"><span class='ocrx_word' id='word_1_872' title='bbox 1814 4772 2016 4827; x_wconf 88' lang='lat' dir='ltr'><strong>sciebat</strong></span> <span class='ocrx_word' id='word_1_873' title='bbox 2043 4772 2164 4828; x_wconf 80' lang='lat' dir='ltr'><strong>Jobi</strong></span> <span class='ocrx_word' id='word_1_874' title='bbox 2190 4789 2431 4831; x_wconf 85' lang='lat' dir='ltr'><strong>amorem</strong></span> <span class='ocrx_word' id='word_1_875' title='bbox 2458 4791 2583 4846; x_wconf 77' lang='lat' dir='ltr'><strong>erga</strong></span> <span class='ocrx_word' id='word_1_876' title='bbox 2608 4776 2795 4843; x_wconf 83' lang='lat' dir='ltr'><strong>Deum,</strong></span> <span class='ocrx_word' id='word_1_877' title='bbox 2822 4794 2927 4834; x_wconf 92' lang='lat' dir='ltr'><strong>non</strong></span> <span class='ocrx_word' id='word_1_878' title='bbox 2955 4780 3081 4835; x_wconf 89' lang='lat' dir='ltr'><strong>sinit</strong></span> <span class='ocrx_word' id='word_1_879' title='bbox 3120 4781 3411 4842; x_wconf 79' lang='lat' dir='ltr'><strong>mulierem.</strong></span> 
     </span>
    </p>
   </div>
   <div class='ocr_carea' id='block_1_112' title="bbox 1813 4863 3415 4942">
    <p class='ocr_par' dir='ltr' id='par_1_112' title="bbox 1813 4863 3415 4942">
     <span class='ocr_line' id='line_1_113' title="bbox 1813 4863 3415 4942; baseline 0.007 -24"><span class='ocrx_word' id='word_1_880' title='bbox 1813 4863 1982 4919; x_wconf 88' lang='lat' dir='ltr'><strong>Deum</strong></span> <span class='ocrx_word' id='word_1_881' title='bbox 2024 4879 2315 4933; x_wconf 89' lang='lat' dir='ltr'><strong>accusare,</strong></span> <span class='ocrx_word' id='word_1_882' title='bbox 2363 4882 2431 4922; x_wconf 89' lang='lat' dir='ltr'><strong>ne</strong></span> <span class='ocrx_word' id='word_1_883' title='bbox 2471 4867 2647 4924; x_wconf 25' lang='lat' dir='ltr'><strong>illerut</strong></span> <span class='ocrx_word' id='word_1_884' title='bbox 2696 4870 2964 4926; x_wconf 90' lang='lat' dir='ltr'><strong>inimicam</strong></span> <span class='ocrx_word' id='word_1_885' title='bbox 3010 4872 3179 4942; x_wconf 87' lang='lat' dir='ltr'><strong>ipsam</strong></span> <span class='ocrx_word' id='word_1_886' title='bbox 3221 4875 3415 4930; x_wconf 82' lang='lat' dir='ltr'><strong>statim</strong></span> 
     </span>
    </p>
   </div>
   <div class='ocr_carea' id='block_1_113' title="bbox 1813 4960 3409 5041">
    <p class='ocr_par' dir='ltr' id='par_1_113' title="bbox 1813 4960 3409 5041">
     <span class='ocr_line' id='line_1_114' title="bbox 1813 4960 3409 5041; baseline 0.01 -31"><span class='ocrx_word' id='word_1_887' title='bbox 1813 4969 2175 5015; x_wconf 88' lang='lat' dir='ltr'><strong>aversaretur.</strong></span> <span class='ocrx_word' id='word_1_888' title='bbox 2211 4960 2336 5017; x_wconf 89' lang='lat' dir='ltr'><strong>ldeo</strong></span> <span class='ocrx_word' id='word_1_889' title='bbox 2377 4963 2495 5032; x_wconf 89' lang='lat' dir='ltr'><strong>ejus</strong></span> <span class='ocrx_word' id='word_1_890' title='bbox 2524 4979 2783 5034; x_wconf 88' lang='lat' dir='ltr'><strong>nusquam</strong></span> <span class='ocrx_word' id='word_1_891' title='bbox 2832 4967 3107 5036; x_wconf 88' lang='lat' dir='ltr'><strong>meminit,</strong></span> <span class='ocrx_word' id='word_1_892' title='bbox 3141 4968 3236 5024; x_wconf 87' lang='lat' dir='ltr'><strong>sed</strong></span> <span class='ocrx_word' id='word_1_893' title='bbox 3278 4984 3409 5041; x_wconf 72' lang='lat' dir='ltr'><strong>quin</strong></span> 
     </span>
    </p>
   </div>
   <div class='ocr_carea' id='block_1_114' title="bbox 1812 5052 3405 5131">
    <p class='ocr_par' dir='ltr' id='par_1_114' title="bbox 1812 5052 3405 5131">
     <span class='ocr_line' id='line_1_115' title="bbox 1812 5052 3405 5131; baseline 0.009 -25"><span class='ocrx_word' id='word_1_894' title='bbox 1812 5052 2121 5108; x_wconf 86' lang='lat' dir='ltr'><strong>acciderant</strong></span> <span class='ocrx_word' id='word_1_895' title='bbox 2165 5069 2257 5110; x_wconf 85' lang='lat' dir='ltr'><strong>sus</strong></span> <span class='ocrx_word' id='word_1_896' title='bbox 2301 5054 2479 5126; x_wconf 88' lang='lat' dir='ltr'><strong>deque</strong></span> <span class='ocrx_word' id='word_1_897' title='bbox 2522 5067 2722 5113; x_wconf 89' lang='lat' dir='ltr'><strong>versat.</strong></span> <span class='ocrx_word' id='word_1_898' title='bbox 2776 5059 2856 5115; x_wconf 88' lang='lat' dir='ltr'><strong>Tu</strong></span> <span class='ocrx_word' id='word_1_899' title='bbox 2903 5072 3119 5131; x_wconf 91' lang='lat' dir='ltr'><strong>autem,</strong></span> <span class='ocrx_word' id='word_1_900' title='bbox 3164 5079 3288 5119; x_wconf 91' lang='lat' dir='ltr'><strong>cum</strong></span> <span class='ocrx_word' id='word_1_901' title='bbox 3331 5064 3405 5120; x_wconf 84' lang='lat' dir='ltr'><strong>iis</strong></span> 
     </span>
    </p>
   </div>
   <div class='ocr_carea' id='block_1_115' title="bbox 1811 5145 3409 5225">
    <p class='ocr_par' dir='ltr' id='par_1_115' title="bbox 1811 5145 3409 5225">
     <span class='ocr_line' id='line_1_116' title="bbox 1811 5145 3409 5225; baseline 0.009 -27"><span class='ocrx_word' id='word_1_902' title='bbox 1811 5160 1930 5212; x_wconf 73' lang='lat' dir='ltr'><strong>qua:</strong></span> <span class='ocrx_word' id='word_1_903' title='bbox 1953 5145 2091 5201; x_wconf 91' lang='lat' dir='ltr'><strong>dicta</strong></span> <span class='ocrx_word' id='word_1_904' title='bbox 2122 5157 2248 5201; x_wconf 90' lang='lat' dir='ltr'><strong>sunt</strong></span> <span class='ocrx_word' id='word_1_905' title='bbox 2272 5189 2288 5213; x_wconf 93' lang='lat'><strong>,</strong></span> <span class='ocrx_word' id='word_1_906' title='bbox 2310 5148 2448 5204; x_wconf 91' lang='lat' dir='ltr'><strong>adde</strong></span> <span class='ocrx_word' id='word_1_907' title='bbox 2473 5150 2754 5207; x_wconf 90' lang='lat' dir='ltr'><strong>mulierem</strong></span> <span class='ocrx_word' id='word_1_908' title='bbox 2780 5152 2942 5210; x_wconf 87' lang='lat' dir='ltr'><strong>fuisse</strong></span> <span class='ocrx_word' id='word_1_909' title='bbox 2973 5170 3093 5225; x_wconf 80' lang='lat' dir='ltr'><strong>qua:</strong></span> <span class='ocrx_word' id='word_1_910' title='bbox 3114 5155 3217 5212; x_wconf 89' lang='lat' dir='ltr'><strong>hoc</strong></span> <span class='ocrx_word' id='word_1_911' title='bbox 3240 5156 3409 5213; x_wconf 72' lang='lat' dir='ltr'><strong>dabas</strong></span> 
     </span>
    </p>
   </div>
   <div class='ocr_carea' id='block_1_116' title="bbox 1811 5239 3400 5320">
    <p class='ocr_par' dir='ltr' id='par_1_116' title="bbox 1811 5239 3400 5320">
     <span class='ocr_line' id='line_1_117' title="bbox 1811 5239 3400 5320; baseline 0.01 -29"><span class='ocrx_word' id='word_1_912' title='bbox 1811 5239 2099 5294; x_wconf 89' lang='lat' dir='ltr'><strong>consilium</strong></span> <span class='ocrx_word' id='word_1_913' title='bbox 2125 5280 2142 5305; x_wconf 95' lang='lat'><strong>,</strong></span> <span class='ocrx_word' id='word_1_914' title='bbox 2172 5240 2550 5298; x_wconf 89' lang='lat' dir='ltr'><strong>vehementem</strong></span> <span class='ocrx_word' id='word_1_915' title='bbox 2599 5254 2870 5302; x_wconf 78' lang='lat' dir='ltr'><strong>emtorem</strong></span> <span class='ocrx_word' id='word_1_916' title='bbox 2899 5248 2965 5303; x_wconf 93' lang='lat' dir='ltr'><strong>ad</strong></span> <span class='ocrx_word' id='word_1_917' title='bbox 2996 5264 3091 5305; x_wconf 88' lang='lat' dir='ltr'><strong>eos</strong></span> <span class='ocrx_word' id='word_1_918' title='bbox 3120 5250 3400 5320; x_wconf 77' lang='lat' dir='ltr'><strong>pellicien-</strong></span> 
     </span>
    </p>
   </div>
   <div class='ocr_carea' id='block_1_117' title="bbox 1811 5327 3399 5413">
    <p class='ocr_par' dir='ltr' id='par_1_117' title="bbox 1811 5327 3399 5413">
     <span class='ocr_line' id='line_1_118' title="bbox 1811 5327 3399 5413; baseline 0.01 -31"><span class='ocrx_word' id='word_1_919' title='bbox 1811 5327 1909 5383; x_wconf 92' lang='lat' dir='ltr'><strong>dos</strong></span> <span class='ocrx_word' id='word_1_920' title='bbox 1935 5329 2026 5400; x_wconf 92' lang='lat' dir='ltr'><strong>qui</strong></span> <span class='ocrx_word' id='word_1_921' title='bbox 2053 5346 2158 5385; x_wconf 93' lang='lat' dir='ltr'><strong>non</strong></span> <span class='ocrx_word' id='word_1_922' title='bbox 2186 5332 2491 5390; x_wconf 90' lang='lat' dir='ltr'><strong>attendunt.</strong></span> <span class='ocrx_word' id='word_1_923' title='bbox 2522 5335 2670 5391; x_wconf 83' lang='lat' dir='ltr'><strong>Multi</strong></span> <span class='ocrx_word' id='word_1_924' title='bbox 2696 5347 2844 5393; x_wconf 90' lang='lat' dir='ltr'><strong>certe</strong></span> <span class='ocrx_word' id='word_1_925' title='bbox 2885 5340 3046 5395; x_wconf 89' lang='lat' dir='ltr'><strong>etiam</strong></span> <span class='ocrx_word' id='word_1_926' title='bbox 3073 5342 3276 5413; x_wconf 88' lang='lat' dir='ltr'><strong>absque</strong></span> <span class='ocrx_word' id='word_1_927' title='bbox 3304 5357 3399 5398; x_wconf 52' lang='lat' dir='ltr'><strong>can</strong></span> 
     </span>
    </p>
   </div>
   <div class='ocr_carea' id='block_1_118' title="bbox 1809 5421 3401 5503">
    <p class='ocr_par' dir='ltr' id='par_1_118' title="bbox 1809 5421 3401 5503">
     <span class='ocr_line' id='line_1_119' title="bbox 1809 5421 3401 5503; baseline 0.011 -26"><span class='ocrx_word' id='word_1_928' title='bbox 1809 5421 2137 5479; x_wconf 86' lang='lat' dir='ltr'><strong>lantitatibtts</strong></span> <span class='ocrx_word' id='word_1_929' title='bbox 2166 5441 2195 5477; x_wconf 91' lang='lat' dir='ltr'><strong>a</strong></span> <span class='ocrx_word' id='word_1_930' title='bbox 2224 5427 2339 5481; x_wconf 90' lang='lat' dir='ltr'><strong>solo</strong></span> <span class='ocrx_word' id='word_1_931' title='bbox 2368 5427 2651 5483; x_wconf 91' lang='lat' dir='ltr'><strong>mulierum</strong></span> <span class='ocrx_word' id='word_1_932' title='bbox 2682 5430 2910 5486; x_wconf 90' lang='lat' dir='ltr'><strong>consilio</strong></span> <span class='ocrx_word' id='word_1_933' title='bbox 2936 5432 3128 5503; x_wconf 86' lang='lat' dir='ltr'><strong>dejecti</strong></span> <span class='ocrx_word' id='word_1_934' title='bbox 3160 5433 3401 5495; x_wconf 78' lang='lat' dir='ltr'><strong>fuerunt.</strong></span> 
     </span>
    </p>
   </div>
   <div class='ocr_carea' id='block_1_119' title="bbox 1809 5512 3405 5586">
    <p class='ocr_par' dir='ltr' id='par_1_119' title="bbox 1809 5512 3405 5586">
     <span class='ocr_line' id='line_1_120' title="bbox 1809 5512 3405 5586; baseline 0.009 -19"><span class='ocrx_word' id='word_1_935' title='bbox 1809 5512 1946 5581; x_wconf 93' lang='lat' dir='ltr'><strong>Quid</strong></span> <span class='ocrx_word' id='word_1_936' title='bbox 1974 5515 2131 5585; x_wconf 78' lang='lat' dir='ltr'><strong>igitur</strong></span> <span class='ocrx_word' id='word_1_937' title='bbox 2156 5516 2244 5573; x_wconf 88' lang='lat' dir='ltr'><strong>hic</strong></span> <span class='ocrx_word' id='word_1_938' title='bbox 2270 5519 2351 5572; x_wconf 88' lang='lat' dir='ltr'><strong>vir</strong></span> <span class='ocrx_word' id='word_1_939' title='bbox 2384 5519 2594 5586; x_wconf 86' lang='lat' dir='ltr'><strong>beatus,</strong></span> <span class='ocrx_word' id='word_1_940' title='bbox 2623 5530 2677 5577; x_wconf 90' lang='lat' dir='ltr'><strong>et</strong></span> <span class='ocrx_word' id='word_1_941' title='bbox 2697 5521 2980 5578; x_wconf 86' lang='lat' dir='ltr'><strong>adamante</strong></span> <span class='ocrx_word' id='word_1_942' title='bbox 2998 5522 3225 5581; x_wconf 76' lang='lat' dir='ltr'><strong>fortior?</strong></span> <span class='ocrx_word' id='word_1_943' title='bbox 3249 5526 3405 5580; x_wconf 69' lang='grc' dir='ltr'><strong>Δεῖ-ὗσε</strong></span> 
     </span>
    </p>
   </div>
   <div class='ocr_carea' id='block_1_120' title="bbox 1812 5606 3405 5686">
    <p class='ocr_par' dir='ltr' id='par_1_120' title="bbox 1812 5606 3405 5686">
     <span class='ocr_line' id='line_1_121' title="bbox 1812 5606 3405 5686; baseline 0.008 -26"><span class='ocrx_word' id='word_1_944' title='bbox 1812 5615 1896 5661; x_wconf 89' lang='lat' dir='ltr'><strong>ter</strong></span> <span class='ocrx_word' id='word_1_945' title='bbox 1925 5606 2067 5661; x_wconf 90' lang='lat' dir='ltr'><strong>illam</strong></span> <span class='ocrx_word' id='word_1_946' title='bbox 2094 5608 2318 5665; x_wconf 88' lang='lat' dir='ltr'><strong>intuitus</strong></span> <span class='ocrx_word' id='word_1_947' title='bbox 2337 5652 2350 5676; x_wconf 93' lang='lat'><strong>,</strong></span> <span class='ocrx_word' id='word_1_948' title='bbox 2396 5625 2426 5665; x_wconf 89' lang='lat' dir='ltr'><strong>a</strong></span> <span class='ocrx_word' id='word_1_949' title='bbox 2467 5612 2586 5667; x_wconf 89' lang='lat' dir='ltr'><strong>solo</strong></span> <span class='ocrx_word' id='word_1_950' title='bbox 2614 5623 2830 5683; x_wconf 87' lang='lat' dir='ltr'><strong>aspectu</strong></span> <span class='ocrx_word' id='word_1_951' title='bbox 2852 5656 2867 5680; x_wconf 93' lang='lat'><strong>,</strong></span> <span class='ocrx_word' id='word_1_952' title='bbox 2898 5623 3180 5686; x_wconf 82' lang='lat' dir='ltr'><strong>antequam</strong></span> <span class='ocrx_word' id='word_1_953' title='bbox 3210 5630 3405 5674; x_wconf 81' lang='lat' dir='ltr'><strong>vocem</strong></span> 
     </span>
    </p>
   </div>
   <div class='ocr_carea' id='block_1_121' title="bbox 1809 5698 3399 5775">
    <p class='ocr_par' dir='ltr' id='par_1_121' title="bbox 1809 5698 3399 5775">
     <span class='ocr_line' id='line_1_122' title="bbox 1809 5698 3399 5775; baseline 0.006 -21"><span class='ocrx_word' id='word_1_954' title='bbox 1809 5698 2111 5765; x_wconf 85' lang='lat' dir='ltr'><strong>emitteret,</strong></span> <span class='ocrx_word' id='word_1_955' title='bbox 2143 5700 2421 5757; x_wconf 90' lang='lat' dir='ltr'><strong>machinas</strong></span> <span class='ocrx_word' id='word_1_956' title='bbox 2464 5703 2691 5773; x_wconf 84' lang='lat' dir='ltr'><strong>depulit.</strong></span> <span class='ocrx_word' id='word_1_957' title='bbox 2740 5704 2830 5760; x_wconf 88' lang='lat' dir='ltr'><strong>Illa</strong></span> <span class='ocrx_word' id='word_1_958' title='bbox 2863 5707 3005 5761; x_wconf 92' lang='lat' dir='ltr'><strong>enim</strong></span> <span class='ocrx_word' id='word_1_959' title='bbox 3036 5708 3289 5775; x_wconf 85' lang='lat' dir='ltr'><strong>sperabat</strong></span> <span class='ocrx_word' id='word_1_960' title='bbox 3334 5721 3399 5763; x_wconf 85' lang='lat' dir='ltr'><strong>se</strong></span> 
     </span>
    </p>
   </div>
   <div class='ocr_carea' id='block_1_122' title="bbox 1810 5791 3401 5869">
    <p class='ocr_par' dir='ltr' id='par_1_122' title="bbox 1810 5791 3401 5869">
     <span class='ocr_line' id='line_1_123' title="bbox 1810 5791 3401 5869; baseline 0.007 -19"><span class='ocrx_word' id='word_1_961' title='bbox 1810 5791 2171 5869; x_wconf 77' lang='lat' dir='ltr'><strong>lacryiuarum</strong></span> <span class='ocrx_word' id='word_1_962' title='bbox 2199 5795 2373 5855; x_wconf 85' lang='lat' dir='ltr'><strong>fontes</strong></span> <span class='ocrx_word' id='word_1_963' title='bbox 2401 5804 2666 5854; x_wconf 85' lang='lat' dir='ltr'><strong>moturam</strong></span> <span class='ocrx_word' id='word_1_964' title='bbox 2712 5812 2832 5857; x_wconf 83' lang='lat' dir='ltr'><strong>esse</strong></span> <span class='ocrx_word' id='word_1_965' title='bbox 2878 5816 2890 5857; x_wconf 95' lang='lat'><strong>:</strong></span> <span class='ocrx_word' id='word_1_966' title='bbox 2942 5798 3028 5857; x_wconf 92' lang='lat' dir='ltr'><strong>hic</strong></span> <span class='ocrx_word' id='word_1_967' title='bbox 3066 5814 3195 5857; x_wconf 81' lang='lat' dir='ltr'><strong>vero</strong></span> <span class='ocrx_word' id='word_1_968' title='bbox 3242 5799 3401 5861; x_wconf 77' lang='lat' dir='ltr'><strong>leone</strong></span> 
     </span>
    </p>
   </div>
  </div>
