3826 6216
479 317 591 385 περ

481 434 855 488 vehementior
882 431 1002 500 fuit,
1029 433 1106 487 ira
1151 442 1207 488 et
1266 434 1632 505 indignatione
1676 438 1866 507 plenus
1893 482 1908 502 ,
1955 456 2062 495 non

479 540 579 593 pro
621 524 688 578 iis
729 541 848 593 qua:
896 525 1233 595 patiebatur,
1282 526 1377 581 sed
1425 537 1643 597 propter
1687 532 1907 585 consilia
1945 549 2066 602 qua:

476 614 742 671 diabolice
768 616 836 671 ab
864 617 953 671 illa
984 617 1106 671 data
1134 628 1293 683 sunt;
1327 627 1382 675 et
1409 621 1525 690 ipso
1554 632 1773 691 aspectu
1820 624 2064 695 indigna—

478 706 680 761 tionem
709 706 969 761 exhibens
989 748 1003 771 ,
1045 708 1319 763 moderata
1352 711 1518 765 utitur
1549 713 1913 782 increpatione
1939 733 1951 767 :
1982 726 2056 770 et-

476 798 622 852 enim
648 801 811 854 etiam
838 800 888 852 in
917 800 1312 857 calamitatibus
1337 803 1645 858 moderatus
1674 818 1806 859 erat.
1838 807 1903 861 Et
1934 810 2060 877 quid

474 892 593 945 ait?
621 890 726 947 Cur
766 894 893 946 sicut
920 910 1022 946 una
1050 910 1112 948 ea:
1136 895 1489 963 insipientibus
1533 898 1825 952 mulieribus
1852 900 2061 968 loquuta

474 999 530 1036 es
573 982 692 1053 (Job
729 982 783 1036 2.
820 983 952 1053 l0)?
994 984 1109 1039 Non
1139 985 1216 1041 sic
1246 996 1298 1042 te
1327 987 1532 1041 erudivi
1559 1029 1574 1054 ,
1608 988 1813 1058 inquit,
1848 1007 1952 1045 non
1982 993 2061 1046 sic

473 1084 527 1127 te
570 1073 788 1128 educavi
832 1091 845 1127 :
898 1076 1039 1131 unde
1090 1092 1187 1132 nec
1233 1089 1536 1132 consortem
1584 1096 1754 1132 meam
1802 1095 2054 1149 agnoseo.

471 1164 598 1219 llaec
638 1166 833 1235 quippe
861 1166 1001 1220 dicta
1038 1177 1163 1221 sunt
1208 1169 1406 1221 insanae
1437 1169 1716 1233 mulieris,
1748 1180 1802 1224 et
1831 1169 2056 1225 furentis

467 1259 753 1313 consilium
795 1269 897 1314 est.
928 1259 1121 1315 Viden’
1147 1262 1439 1333 sectionem
1468 1262 1820 1327 moderatam,
1844 1265 2052 1333 plagam

469 1365 588 1419 qua:
616 1361 797 1420 posset
826 1351 1071 1406 morbum
1098 1367 1305 1407 curare.
1349 1352 1551 1407 Deinde
1580 1363 1698 1422 post
1724 1355 2052 1424 increpatio-

467 1454 591 1494 nem
633 1442 913 1495 consilium
943 1458 1126 1496 rursus
1157 1443 1344 1509 alfert,
1371 1443 1513 1512 quod
1547 1445 1713 1513 possit
1744 1445 1885 1497 illaut
1915 1461 2049 1500 con-

464 1533 655 1596 solari,
686 1542 740 1588 et
784 1535 975 1588 rationi
1006 1534 1160 1589 valde
1209 1545 1631 1589 consentaneum
1657 1577 1670 1601 ,
1700 1537 1884 1591 dicens
1932 1554 1944 1590 :
1988 1536 2051 1590 Si

462 1623 595 1676 bona
620 1625 931 1695 suscepimus
970 1626 1033 1679 de
1056 1642 1211 1679 manu
1250 1625 1461 1681 Domini
1486 1668 1500 1693 ,
1530 1629 1667 1681 mola
1697 1644 1799 1681 non
1824 1629 2046 1682 sustine-

461 1715 667 1770 bimus?
710 1716 1014 1773 Recordare
1039 1719 1216 1781 enim,
1248 1719 1453 1789 inquit,
1504 1721 1742 1788 priorum
1789 1719 2000 1773 illorttm
2028 1760 2045 1786 ,

460 1816 517 1863 et
568 1817 744 1862 tecum
795 1819 982 1879 reputa
1032 1818 1339 1875 auctorem,
1382 1820 1435 1864 et
1464 1810 1581 1864 htec
1629 1810 1837 1865 fortiter
1881 1810 2043 1865 feres.

458 1898 704 1952 Vidistin‘
731 1899 1156 1954 moderationem
1207 1901 1345 1954 viri?
1392 1900 1502 1956 Nec
1546 1901 1693 1955 enim
1740 1900 2041 1956 fortitudini

452 2003 566 2043 suae
592 1991 904 2059 patientiam
932 2006 1084 2046 suam
1110 1991 1389 2059 adscribit,
1424 1992 1520 2046 sed
1551 2007 1617 2047 ex
1645 2008 1824 2046 rerum
1847 2007 2042 2048 conse-

453 2083 673 2149 quentia
706 2081 871 2140 fuisse
901 2085 1046 2139 illam
1075 2074 1223 2140 dicit.
1272 2084 1379 2139 Pro
1408 2085 1724 2154 quibusnam
1770 2085 1914 2139 enim
1947 2085 2039 2139 illa

1222 314 1281 373 8.
1318 315 1595 376 JOANNIS
1632 321 2096 380 CllllYSOSTOMl
2134 329 2448 389 ARClllEP.
2489 338 3021 406 CONSTANTINOP.
3625 371 3691 428 ω

2176 446 2329 540 nobis
2351 447 2498 504 dedit
2530 453 2705 510 Deus?
2729 476 2886 528 quam
2911 466 3211 534 rependens
3231 481 3690 540 remunerationem?

2171 537 2411 609 Nullam;
2444 545 2537 599 sed
2578 563 2643 602 ex
2676 552 2787 605 sola
2836 554 3164 628 benignitate
3189 579 3285 619 sua
3325 584 3339 619 :

3316 950 3329 986 :
3378 945 3433 988 et
3472 934 3688 999 historiam

2165 996 2426 1089 malorum
2468 1002 2585 1071 ejus
2605 1046 2620 1070 ,
2650 1007 2796 1063 velut
2827 1011 3116 1083 imaginem
3147 1019 3201 1074 in
3242 1034 3477 1080 mentem
3507 996 3687 1089 nostrain

2164 1086 2548 1185 inscribentes,
2593 1096 2857 1167 jacturam
2900 1106 3020 1162 dico
3063 1114 3688 1185 pecuniarum,liliossuli-

2156 1175 2311 1279 latos.
2336 1224 2353 1251 ,
2428 1191 2672 1279 corporis
2721 1194 2928 1264 plagam
2955 1238 2972 1264 ,
3022 1204 3310 1271 cpprobria
3344 1248 3361 1272 ,
3411 1212 3685 1279 irrisioncs,

2161 1273 2343 1363 uxoris
2373 1276 2682 1348 machinas,
2714 1284 2910 1342 diaboli
2943 1289 3195 1359 insidias,
3224 1311 3420 1353 omnes
3449 1317 3547 1356 uno
3570 1273 3687 1363 verba

2152 1360 2281 1429 justi
2312 1366 2642 1426 calamitates
2665 1415 2681 1439 ,
2714 1377 2866 1432 nobis
2908 1380 2959 1433 in
2993 1376 3203 1451 portum
3252 1391 3539 1445 maximum
3565 1360 3685 1466 app;

2157 1468 2335 1549 remus
2363 1475 2376 1512 :
2414 1470 2471 1514 ιιι
2515 1465 2693 1519 omnia
2723 1466 2934 1525 fortiter
2959 1483 3014 1528 et
3058 1491 3179 1531 cum
3207 1483 3501 1549 gratiarum
3527 1465 3684 1547 actione

2154 1544 2387 1604 ferentes
2409 1592 2423 1614 ,
2454 1560 2510 1606 et
2548 1555 2600 1608 in
2649 1564 2897 1625 prresenti
2930 1564 3036 1619 vita
3066 1544 3357 1627 mmrorem
3404 1590 3599 1633 omnem
3621 1584 3685 1636 dc-

2154 1640 2415 1708 pellamus
2437 1685 2453 1710 ,
2481 1656 2534 1700 et
2565 1647 2631 1703 de
2659 1649 2759 1705 hac
2783 1653 3159 1717 benedictione
3190 1667 3499 1723 mercedem
3532 1672 3683 1727 refera-

2150 1745 2292 1831 mus,
2311 1736 2478 1803 gratia
2500 1747 2553 1792 et
2577 1738 2905 1813 benignitate
2936 1749 3147 1808 Domini
3170 1760 3342 1812 nostri
3364 1759 3493 1816 Jesu
3513 1764 3683 1831 Christi,

2150 1823 2374 1925 quicum-
2409 1826 2552 1882 Patri
2583 1839 2636 1885 et
2668 1849 2771 1889 una
2818 1836 3039 1906 Spiritui
3085 1857 3273 1901 sancto
3317 1850 3489 1919 gloria
3511 1895 3526 1917 ,
3561 1823 3683 1925 imp:

2149 1913 2288 1968 rium
2313 1957 2327 1979 ,
2359 1915 2563 1987 honor,
2603 1939 2743 1980 nunc
2768 1938 2821 1983 et
2859 1945 3107 2002 semper,
3147 1946 3203 1992 et
3242 1937 3296 1993 in
3320 1913 3531 1997 vsaacula

2148 2004 2343 2062 lorum.
2374 2011 2566 2067 Amen.

1786 2268 2135 2331 HOMILIA
2182 2273 2422 2340 XXIX.

445 2410 577 2469 CAP.
616 2413 706 2469 12.
745 2432 797 2470 v.
840 2417 891 2471 1.
932 2414 1011 2470 De
1034 2416 1383 2486 spiritualibus
1410 2424 1576 2469 autem
1601 2454 1617 2482 ,
1648 2416 1833 2486 fratres
1855 2454 1872 2479 ,
1911 2414 2029 2467 nolo

516 2523 605 2563 vos
628 2509 879 2578 ignorare.
908 2507 962 2563 2.
992 2508 1150 2564 Scitis
1170 2517 1339 2561 autem
1362 2508 1498 2579 quod
1516 2524 1629 2561 cum
1649 2515 1819 2578 gentes
1838 2507 2029 2573 essetis,

514 2602 585 2655 ad
609 2602 882 2657 simulacra
909 2611 1046 2655 muta
1075 2610 1222 2671 prout
1251 2600 1569 2655 ducebamini
1594 2609 1788 2654 euntes.

515 2694 569 2747 1.
612 2692 710 2748 Hie
737 2702 879 2749 totus
904 2693 1052 2748 locus
1082 2693 1236 2747 valde
1280 2692 1544 2747 obscurus
1570 2701 1655 2747 est
1683 2708 1698 2745 :
1729 2691 2029 2746 obscurita-

442 2794 552 2840 tem
578 2800 705 2840 vero
735 2786 873 2855 parit
920 2785 1182 2856 ignoratio
1210 2800 1395 2840 eorum
1429 2800 1545 2855 qua:
1584 2793 1710 2839 tunc
1748 2785 2027 2854 continge-

440 2876 601 2943 bant,
635 2894 775 2932 nunc
802 2887 979 2933 autem
1008 2893 1113 2931 non
1147 2878 1301 2932 ﬁunt.
1333 2877 1403 2932 Et
1427 2893 1521 2932 cur
1542 2890 1685 2931 nunc
1716 2891 1821 2930 non
1849 2876 2026 2930 ﬁunt?

440 2967 581 3024 Ecce
611 2983 839 3038 namque
877 2968 1219 3024 obscuritatis
1262 2984 1423 3025 causa
1453 2968 1615 3026 aliam
1658 2967 1811 3022 nobis
1874 2982 2029 3037 qua:-

430 3057 666 3115 stionem
686 3061 912 3132 peperit.
953 3060 1061 3117 Cur
1103 3061 1246 3116 enim
1279 3070 1403 3116 tunc
1433 3060 1667 3127 ﬁebant,
1710 3075 1854 3116 nunc
1892 3074 2024 3115 vero

432 3154 632 3209 secus?
660 3153 765 3209 Sed
793 3153 897 3209 hoc
920 3163 1107 3224 postea
1137 3152 1421 3210 dicendum
1449 3154 1725 3208 mittamus
1753 3171 1766 3208 :
1802 3153 2021 3208 interim

431 3260 564 3302 vero
588 3262 706 3316 qua:
736 3255 864 3302 tunc
895 3247 1093 3302 ﬁebant
1121 3261 1520 3303 recenseamus.
1559 3246 1696 3311 Quid
1722 3262 1851 3317 ergo
1894 3256 2020 3302 tunc

430 3338 817 3409 contingebat?
862 3338 919 3395 Si
978 3339 1097 3409 quis
1153 3340 1551 3408 baptizaretur,
1600 3339 1796 3410 linguis
1835 3338 2016 3394 statim

432 3430 750 3499 loquebatur
775 3470 790 3495 ,
817 3440 874 3486 et
903 3446 1009 3485 non
1040 3431 1234 3501 linguis
1261 3438 1466 3486 tantum
1493 3471 1507 3497 ,
1551 3431 1645 3488 sed
1676 3432 1835 3487 etiam
1862 3432 2016 3487 multi

429 3522 841 3593 prophetabant,
868 3523 1085 3593 quidam
1110 3539 1239 3578 vero
1261 3523 1393 3579 alias
1411 3523 1589 3594 plures
1610 3524 1835 3581 virtutes
1863 3525 2016 3581 exhi~

428 3612 646 3668 hebant.
688 3610 821 3680 Quia
861 3614 1004 3669 enim
1043 3614 1113 3669 ab
1150 3613 1306 3669 idolis
1334 3616 1687 3682 accedentes,
1729 3631 1849 3672 cum
1881 3617 2013 3672 nihil

426 3703 574 3760 clare
614 3706 848 3773 scirent,
882 3721 1057 3776 neque
1086 3706 1137 3760 in
1167 3707 1399 3777 antiquis
1427 3707 1614 3764 Bibliis
1653 3720 1837 3764 essent
1873 3711 2011 3764 edu-

425 3796 570 3863 cati,
601 3797 847 3866 baptizati
878 3799 1057 3852 statim
1086 3798 1343 3869 Spiritum
1361 3800 1722 3871 accipiebant,
1752 3800 2009 3872 Spiritum

422 3905 557 3946 vero
583 3906 686 3946 non
717 3891 970 3947 videbant
991 3932 1006 3956 ,
1048 3892 1331 3948 invisibilis
1359 3907 1481 3948 cum
1510 3895 1615 3961 sit;
1653 3895 1813 3950 dabat
1837 3898 2008 3966 gratia

422 3982 622 4038 sensile
678 3982 948 4053 quoddam
1003 3995 1375 4055 argumentum
1432 3987 1575 4043 illius
1637 3991 2004 4058 operationis;

421 4073 666 4144 aliusque
691 4074 903 4131 Persica
933 4116 949 4143 ,
975 4076 1113 4133 alius
1138 4076 1380 4134 Romana
1404 4121 1419 4145 ,
1448 4080 1585 4134 alius
1622 4080 1801 4135 indica
1824 4123 1838 4147 ,
1870 4082 2007 4138 alius

419 4168 524 4222 alia
554 4167 730 4239 lingua
775 4169 953 4224 statim
999 4169 1312 4241 loquebatur
1350 4194 1363 4228 :
1397 4182 1452 4229 et
1495 4173 1597 4229 hoc
1624 4176 1862 4230 externis
1903 4190 2005 4229 no-

420 4270 533 4316 tum
556 4260 801 4328 iaciebat,
823 4262 1079 4332 Spiritum
1100 4274 1341 4319 sanctum
1364 4266 1416 4320 in
1438 4267 1555 4336 ipso
1582 4268 1833 4338 loquente
1860 4284 2002 4324 esse.

417 4354 545 4410 ldco
591 4356 668 4410 sic
715 4356 887 4425 ipsum
935 4356 1168 4426 appellat
1214 4356 1400 4413 dicens
1444 4376 1457 4413 :
1508 4358 1791 4428 Unicuique
1836 4371 2004 4414 autem

414 4450 757 4521 manifestalio
787 4450 1015 4520 Spiritus
1043 4451 1195 4504 datur
1222 4452 1290 4505 ad
1317 4452 1586 4507 utilitatem
1608 4494 1625 4520 ,
1679 4453 2000 4509 charismata

413 4556 510 4597 seu
535 4541 676 4597 dona
698 4558 895 4598 vocans
917 4543 1399 4599 manifestationcm
1420 4543 1672 4615 Spiritus.
1698 4545 1831 4613 Quia
1858 4545 2003 4600 enim

412 4636 642 4705 apostoli
696 4637 797 4691 hoc
850 4637 1083 4706 primum
1132 4637 1342 4708 signum
1386 4648 1753 4708 acceperunt,
1815 4638 2002 4693 ﬁdeles

414 4741 630 4796 quoque
675 4738 1003 4798 acceperunt
1046 4729 1347 4798 linguarum
1396 4729 1630 4795 donum;
1682 4745 1854 4800 neque
1893 4729 1997 4786 hoc

414 4822 589 4873 solum
614 4859 631 4884 ,
680 4819 774 4875 sed
802 4831 856 4875 et
884 4821 986 4875 alia
1020 4822 1266 4891 plurima.
1308 4821 1438 4876 Nam
1480 4831 1535 4877 et
1564 4833 1802 4876 mortuos
1845 4822 1997 4877 multi

413 4910 780 4979 suscitabant,
822 4920 877 4965 et
918 4912 1191 4967 dremonas
1239 4912 1542 4983 pellebant,
1590 4922 1646 4968 et
1690 4913 1793 4967 alia
1827 4914 1994 4969 multa

413 5001 610 5056 similia
656 5004 972 5060 mirabiliter
1006 5007 1367 5077 operabantur
1399 5024 1414 5063 :
1444 5007 1693 5076 donaque
1725 5007 1997 5064 habebant

413 5093 505 5149 alii
532 5094 749 5164 quidem
781 5098 1024 5166 pauciora
1047 5139 1062 5160 .
1106 5098 1197 5154 alii
1234 5114 1364 5155 vero
1393 5101 1564 5170 plura.
1610 5100 1776 5171 Magis
1819 5110 1997 5157 autem

411 5205 572 5261 quam
598 5190 702 5244 alia
734 5191 912 5245 omnia
945 5192 1083 5261 apud
1112 5193 1231 5247 illos
1269 5202 1387 5249 erat
1432 5193 1631 5249 donum
1664 5196 1995 5265 linguarum.

484 5283 714 5355 Spiritus
757 5285 919 5337 sancti
962 5286 1095 5338 dona
1142 5302 1296 5340 causa
1337 5287 1639 5342 schismatis.
1681 5318 1751 5328 —
1784 5289 1851 5344 Et
1882 5289 1996 5344 lucc

410 5390 573 5431 causa
602 5375 907 5431 schismatis
950 5376 1055 5430 illis
1082 5376 1210 5442 fuit,
1263 5393 1369 5431 non
1398 5393 1465 5433 ex
1493 5389 1679 5435 natura
1721 5396 1816 5435 sua
1838 5421 1852 5445 ,
1900 5380 1996 5436 sed

409 5481 481 5522 ex
527 5466 737 5538 ingrato
783 5468 1157 5537 accipientium
1205 5469 1406 5522 animo.
1464 5469 1598 5525 Nam
1646 5472 1735 5542 qui
1790 5472 1995 5542 majora
2055 5536 2057 5538 η

412 5558 721 5626 habebant,
785 5560 1153 5616 ell‘crebantur
1200 5561 1458 5616 adversus
1504 5578 1599 5618 eos
1644 5563 1734 5633 qni
1785 5565 1992 5620 minora

407 5652 757 5726 possidebant
783 5669 800 5711 :
827 5653 882 5711 hi
908 5670 1035 5711 vero
1065 5670 1249 5710 rursus
1270 5654 1559 5723 dolebant,
1590 5664 1645 5711 et
1672 5657 1738 5711 iis
1757 5658 1846 5727 qui
1879 5673 1992 5713 ma-

413 5746 530 5808 iora
579 5746 838 5807 baberent
876 5748 1185 5807 invidebant
1216 5767 1228 5808 :
1259 5748 1417 5815 idque
1446 5750 1499 5808 in
1527 5749 1873 5820 sequentibus
1898 5748 2003 5810 os"

2146 2418 2313 2514 tendit
2339 2420 2451 2514 ipse
2478 2423 2687 2481 Paulus.
2732 2430 2864 2497 Quia
2897 2432 3056 2504 igitur
3082 2435 3206 2493 hinc
3236 2439 3459 2498 letalem
3486 2445 3675 2514 accipie-

2143 2507 2271 2564 bant
2318 2512 2568 2585 plagam,
2617 2518 2745 2575 dum
2799 2524 2851 2577 in
2904 2526 2985 2579 eis
3038 2530 3234 2585 caritas
3285 2507 3675 2599 dissolveretur,

2140 2604 2366 2698 multum
2409 2609 2643 2666 studium
2675 2616 2824 2682 ponit
2868 2626 2924 2671 ut
2968 2619 3021 2675 id
3061 2623 3315 2693 corrigat.
3357 2626 3676 2698 Coutigitlmc

2137 2695 2298 2751 etiam
2326 2697 2540 2765 Rome,
2573 2702 2666 2757 sed
2705 2720 2811 2760 non
2843 2706 2946 2763 hoc
2974 2712 3152 2767 modo.
3194 2695 3536 2787 Quapropter
3552 2723 3673 2773 etiam

2138 2788 2189 2842 iu
2222 2790 2456 2860 Epistula
2505 2794 2574 2850 ad
2620 2796 2892 2855 Romanos
2935 2802 3065 2858 illud
3107 2817 3289 2863 movet
3320 2812 3530 2880 quidem
3554 2856 3569 2879 ,
3606 2816 3672 2869 sed

2133 2880 2448 2941 adumbrate
2474 2895 2528 2941 et
2554 2887 2810 2957 breviter,
2841 2894 2920 2947 sic
2944 2894 3128 2952 dicens
3159 2915 3174 2953 :
3208 2899 3363 2955 Sicut
3386 2905 3512 2956 enim
3538 2907 3582 2958 in
3601 2924 3672 2959 tm

2131 2987 2341 3045 corpore
2368 2977 2528 3031 multa
2553 2981 2773 3035 membra
2801 2985 3041 3041 habemus
3063 3028 3079 3054 ,
3109 2992 3333 3045 membra
3358 3005 3522 3048 autem
3543 2999 3672 3048 omnia

2130 3082 2231 3121 non
2251 3069 2477 3124 eamdem
2492 3071 2673 3127 habent
2688 3078 3028 3144 Operationem
3049 3098 3069 3133 :
3088 3081 3159 3136 sic
3185 3084 3333 3138 multi
3356 3103 3511 3140 unum
3528 3105 3671 3157 corpus

2126 3176 2302 3217 sumus
2353 3163 2407 3216 in
2459 3164 2662 3220 Christo
2690 3208 2707 3235 ,
2758 3171 2946 3241 singuli
2990 3184 3159 3228 autem
3209 3177 3426 3232 invicem
3471 3181 3667 3233 nimim.

2129 3249 2386 3308 Habentes
2421 3266 2592 3310 autem
2622 3257 2758 3313 dona
2782 3263 3056 3316 secundum
3086 3267 3307 3336 gratiam
3346 3286 3462 3339 qua!
3487 3272 3593 3323 data
3616 3285 3669 3324 ea

2124 3345 2266 3399 nobis
2295 3346 2492 3401 diversa
2513 3363 2534 3410 ;
2561 3348 2664 3404 sive
2691 3353 3007 3422 praphetiam
3032 3397 3050 3423 ,
3096 3360 3385 3415 secundum
3422 3366 3667 3433 proportio-

2122 3452 2236 3491 nem
2260 3438 2382 3508 ﬁdei
2403 3482 2420 3507 ,
2450 3442 2555 3497 sive
2588 3445 2922 3502 ministerium
2946 3490 2961 3516 ,
3007 3452 3062 3505 in
3087 3455 3430 3511 ministrando
3447 3500 3464 3525 ,
3491 3462 3583 3513 sive
3602 3462 3665 3527 qui

2122 3530 2294 3597 docet,
2328 3530 2379 3587 in
2410 3534 2639 3593 doctrina
2665 3539 2857 3611 (Rom.
2890 3543 2977 3600 12.
3010 3546 3065 3601 4.
3095 3547 3185 3618 7).
3227 3550 3386 3616 Quod
3418 3563 3582 3609 autem
3610 3556 3663 3608 illi

2119 3618 2244 3713 inde
2266 3625 2316 3677 in
2343 3630 2703 3698 arrogantiam
2730 3632 3045 3701 inciderent,
3073 3638 3123 3693 id
3147 3640 3198 3694 in
3229 3643 3493 3713 principio
3514 3648 3662 3700 subin-

2117 3711 2314 3772 dicavit
2342 3717 2411 3771 ita
2438 3718 2623 3777 dicens
2656 3739 2669 3776 :
2701 3722 2831 3779 Dico
2860 3738 3027 3782 autem
3056 3731 3194 3785 vobis
3219 3751 3311 3803 per
3353 3711 3558 3805 gratiam
3577 3753 3663 3803 qua

2117 3805 2239 3859 data
2279 3807 2369 3863 est'
2394 3811 2553 3877 mihi,
2585 3814 2817 3870 omnibus
2854 3819 2940 3887 qui
2975 3829 3091 3875 sunt
3133 3823 3186 3875 in
3228 3825 3372 3879 vobis
3398 3869 3414 3892 ,
3456 3844 3547 3881 non
3573 3830 3659 3896 plus

2114 3912 2293 3967 sapere
2318 3915 2468 3969 quant
2497 3916 2690 3974 Oportet
2718 3923 2916 3976 sapere,
2945 3911 3034 3965 sed
3059 3928 3241 3981 sapere
3264 3916 3334 3968 ad
3357 3918 3656 3977 sobrietatem,

2114 3991 2385 4058 unicuique
2436 4004 2492 4048 ut
2542 3996 2682 4052 Deus
2726 4000 2980 4056 distribuit
3028 4022 3318 4061 mensuram
3366 4011 3487 4077 ﬁdei
3512 4010 3654 4080 (Ibid.

2112 4096 2167 4137 v.
2208 4083 2306 4152 3).
2346 4084 2529 4156 Itaque
2572 4104 2695 4145 cum
2742 4092 2849 4148 illis
2877 4094 2896 4164 (
2928 4111 3100 4166 neque
3141 4100 3285 4153 enim
3334 4117 3550 4172 magnus
3571 4112 3658 4156 erat

2112 4174 2334 4230 morbus
2360 4176 2561 4234 dissidii
2586 4190 2640 4237 et
2658 4187 2976 4255 arrogantia:
2995 4189 3015 4258 )
3038 4189 3115 4244 sic
3133 4189 3392 4249 disseruit
3419 4212 3432 4248 :
3459 4194 3538 4249 hic
3560 4208 3655 4249 vero

2110 4277 2230 4319 cum
2260 4268 2430 4323 multo
2458 4270 2675 4339 studio;
2709 4290 2833 4331 nam
2864 4279 3085 4335 morbus
3111 4282 3267 4338 valde
3310 4284 3652 4340 invalescehat.

2110 4356 2182 4411 At
2202 4373 2306 4411 non
2328 4359 2429 4416 hoc
2456 4370 2662 4419 tantum
2685 4366 2805 4423 illos
2834 4372 3208 4441 eonturhahat,
3239 4376 3337 4430 sed
3363 4377 3507 4431 multi
3533 4384 3651 4431 erant

2109 4446 2229 4504 istic
2269 4450 2569 4509 divinantes
2591 4495 2608 4521 ,
2637 4458 2779 4526 quod
2807 4460 2934 4514 urbs
2977 4463 3066 4518 illa
3098 4463 3414 4521 Graecorum
3442 4470 3644 4522 moribus

2107 4539 2316 4596 addicta
2343 4553 2505 4611 esset,
2534 4558 2589 4602 et
2615 4564 2737 4603 cum
2760 4551 2880 4607 aliis
2908 4552 3010 4608 hoc
3034 4570 3251 4627 quoque
3278 4558 3402 4613 illos
3431 4560 3647 4630 supplan-

2110 4634 2254 4689 tabat
2280 4646 2330 4692 et
2364 4639 2628 4696 turbabat.
2669 4642 3003 4715 Quapropter
3030 4648 3240 4704 orditur
3278 4660 3517 4705 statuens
3548 4650 3647 4719 quid

2106 4727 2391 4785 interesset
2415 4732 2740 4789 discriminis
2768 4736 3148 4793 divinationem
3182 4742 3322 4796 inter
3358 4752 3415 4797 et
3445 4744 3644 4813 prephe-

2107 4822 2256 4877 tiam.
2299 4823 2585 4894 Propterea
2614 4828 2775 4883 etiam
2813 4828 3167 4887 discretiones
3208 4834 3490 4904 spirituum
3520 4848 3644 4887 acce-

2106 4922 2332 4981 perunt,
2365 4925 2423 4968 ut
2449 4915 2820 4974 discernerent
2857 4928 2912 4975 ct
2956 4922 3194 4987 scirent,
3228 4924 3349 4992 quis
3375 4926 3643 4994 loqueretur

2103 5020 2202 5074 per
2230 5007 2484 5061 mundum
2529 5010 2772 5080 Spiritum
2801 5054 2818 5080 ,
2865 5015 2985 5082 quis
3013 5030 3107 5084 per
3156 5016 3503 5073 immundum.
3539 5016 3641 5084 Qui:

2103 5098 2244 5153 enim
2276 5115 2340 5155 ex
2372 5102 2485 5170 ipsa
2529 5118 2589 5158 re
2630 5119 2735 5158 non
2768 5115 2976 5175 poterat
3004 5108 3268 5163 dictorum
3296 5111 3642 5167 demonstratio

2102 5192 2328 5261 prreberi
2359 5194 2376 5264 (
2404 5194 2680 5265 prophetia
2708 5200 2852 5253 enim
2902 5216 3006 5255 non
3038 5203 3093 5256 in
3134 5211 3381 5274 tempore
3420 5221 3521 5276 quo
3542 5219 3640 5275 prae

2102 5282 2305 5349 fertur,
2356 5287 2450 5340 sed
2498 5287 2553 5342 in
2601 5298 2843 5360 tempore
2886 5302 3109 5347 eventus
3157 5298 3507 5364 pronuntiata:
3545 5294 3639 5353 rei.

2102 5375 2342 5431 veritatis
2388 5392 2499 5434 suae
2546 5393 2918 5451 argumentum
2974 5386 3259 5458 prebet);
3306 5404 3475 5459 neque
3514 5387 3638 5441 facile

2100 5476 2216 5521 erat
2256 5468 2399 5524 illam
2446 5471 2814 5532 internoscere
2839 5518 2853 5541 ,
2895 5478 3181 5549 dicereque
3216 5482 3336 5551 quis
3377 5481 3635 5552 propheta.

2100 5557 2220 5627 quis
2259 5562 2487 5618 mendax
2524 5576 2669 5622 esset
2713 5567 2951 5640 (etenim
3000 5586 3122 5626 cum
3171 5574 3429 5628 scelestus
3471 5582 3519 5627 et
3556 5572 3634 5624 im-

2100 5651 2330 5707 mundus
2358 5656 2424 5709 sit
2452 5656 2732 5728 diabolus,
2783 5664 2835 5717 ln
2876 5662 3164 5733 prophetas
3206 5680 3327 5719 sese
3369 5663 3635 5731 injiciebat.

2101 5745 2260 5803 falsos
2319 5750 2583 5812 inducens
2623 5753 2960 5830 prophetas,
3011 5768 3069 5815 ut
3108 5760 3201 5831 qui
3252 5772 3309 5818 ct
3356 5758 3449 5830 ipsi
3492 5758 3636 5813 futura
