  <div class='ocr_page' id='page_1' title='image "/cluster/home/n/w/nwhite01/storage/ocr_20150623/61/hvd.32044019190461/246.png"; bbox 0 0 3826 6216; ppageno 0'>
   <div class='ocr_carea' id='block_1_1' title="bbox 25 2252 55 2265">
    <p class='ocr_par' dir='ltr' id='par_1_1' title="bbox 25 2252 55 2265">
     <span class='ocr_line' id='line_1_1' title="bbox 25 2252 55 2265; baseline 0 -2"><span class='ocrx_word' id='word_1_1' title='bbox 25 2252 55 2265; x_wconf 47' lang='grc' dir='ltr'><strong>η</strong></span> 
     </span>
    </p>
   </div>
   <div class='ocr_carea' id='block_1_2' title="bbox 200 297 291 357">
    <p class='ocr_par' dir='ltr' id='par_1_2' title="bbox 200 297 291 357">
     <span class='ocr_line' id='line_1_2' title="bbox 200 297 291 357; baseline -0.055 0"><span class='ocrx_word' id='word_1_2' title='bbox 200 297 291 357; x_wconf 70' lang='lat'>2&#39;59</span> 
     </span>
    </p>
   </div>
   <div class='ocr_carea' id='block_1_3' title="bbox 198 398 1749 488">
    <p class='ocr_par' dir='ltr' id='par_1_3' title="bbox 198 398 1749 488">
     <span class='ocr_line' id='line_1_3' title="bbox 198 398 1749 488; baseline -0.012 -15"><span class='ocrx_word' id='word_1_3' title='bbox 198 420 416 488; x_wconf 83' lang='grc' dir='ltr'>νόσημα;</span> <span class='ocrx_word' id='word_1_4' title='bbox 448 405 581 464; x_wconf 83' lang='grc' dir='ltr'>Εἶτα</span> <span class='ocrx_word' id='word_1_5' title='bbox 615 410 754 482; x_wconf 88' lang='grc' dir='ltr'>μετά</span> <span class='ocrx_word' id='word_1_6' title='bbox 805 411 907 481; x_wconf 79' lang='grc' dir='ltr'>τὴν</span> <span class='ocrx_word' id='word_1_7' title='bbox 949 407 1240 479; x_wconf 75' lang='grc' dir='ltr'>ἐπίπληξιν</span> <span class='ocrx_word' id='word_1_8' title='bbox 1298 405 1393 460; x_wconf 66' lang='grc' dir='ltr'>καλ⁵</span> <span class='ocrx_word' id='word_1_9' title='bbox 1437 398 1749 473; x_wconf 79' lang='grc' dir='ltr'>συμϐουλὴν</span> 
     </span>
    </p>
   </div>
   <div class='ocr_carea' id='block_1_4' title="bbox 197 492 1753 575">
    <p class='ocr_par' dir='ltr' id='par_1_4' title="bbox 197 492 1753 575">
     <span class='ocr_line' id='line_1_4' title="bbox 197 492 1753 575; baseline -0.015 -8"><span class='ocrx_word' id='word_1_10' title='bbox 197 510 382 575; x_wconf 72' lang='grc' dir='ltr'>εἰσάγει</span> <span class='ocrx_word' id='word_1_11' title='bbox 410 504 570 557; x_wconf 83' lang='grc' dir='ltr'>πάλιν</span> <span class='ocrx_word' id='word_1_12' title='bbox 602 501 879 574; x_wconf 90' lang='grc' dir='ltr'>ἀρκοῦσαν</span> <span class='ocrx_word' id='word_1_13' title='bbox 909 502 1080 570; x_wconf 81' lang='grc' dir='ltr'>αὐτὴν</span> <span class='ocrx_word' id='word_1_14' title='bbox 1115 493 1620 571; x_wconf 80' lang='grc' dir='ltr'>παραμυθήσασθαι</span> <span class='ocrx_word' id='word_1_15' title='bbox 1655 492 1753 545; x_wconf 74' lang='grc' dir='ltr'>καὶ</span> 
     </span>
    </p>
   </div>
   <div class='ocr_carea' id='block_1_5' title="bbox 197 585 1752 665">
    <p class='ocr_par' dir='ltr' id='par_1_5' title="bbox 197 585 1752 665">
     <span class='ocr_line' id='line_1_5' title="bbox 197 585 1752 665; baseline -0.013 -7"><span class='ocrx_word' id='word_1_16' title='bbox 197 604 314 658; x_wconf 82' lang='grc' dir='ltr'>πολὺ</span> <span class='ocrx_word' id='word_1_17' title='bbox 372 598 430 650; x_wconf 88' lang='lat'>16</span> <span class='ocrx_word' id='word_1_18' title='bbox 484 595 705 663; x_wconf 76' lang='grc' dir='ltr'>εὔλογον</span> <span class='ocrx_word' id='word_1_19' title='bbox 759 595 1009 665; x_wconf 76' lang='grc' dir='ltr'>ἔχουσαν,</span> <span class='ocrx_word' id='word_1_20' title='bbox 1068 593 1279 659; x_wconf 85' lang='grc' dir='ltr'>λέγων·</span> <span class='ocrx_word' id='word_1_21' title='bbox 1336 591 1407 643; x_wconf 82' lang='lat' dir='ltr'><strong><em>El</em></strong></span> <span class='ocrx_word' id='word_1_22' title='bbox 1459 587 1532 640; x_wconf 85' lang='grc' dir='ltr'>τὰ</span> <span class='ocrx_word' id='word_1_23' title='bbox 1561 585 1752 656; x_wconf 79' lang='grc' dir='ltr'>ἀγαθὰ</span> 
     </span>
    </p>
   </div>
   <div class='ocr_carea' id='block_1_6' title="bbox 195 679 1753 761">
    <p class='ocr_par' dir='ltr' id='par_1_6' title="bbox 195 679 1753 761">
     <span class='ocr_line' id='line_1_6' title="bbox 195 679 1753 761; baseline -0.012 -15"><span class='ocrx_word' id='word_1_24' title='bbox 195 689 493 761; x_wconf 80' lang='grc' dir='ltr'>ἐδεξάμεθα</span> <span class='ocrx_word' id='word_1_25' title='bbox 539 687 700 755; x_wconf 78' lang='grc' dir='ltr'>παρὰ</span> <span class='ocrx_word' id='word_1_26' title='bbox 737 687 979 753; x_wconf 81' lang='grc' dir='ltr'>Κυρίου,</span> <span class='ocrx_word' id='word_1_27' title='bbox 1028 683 1101 737; x_wconf 83' lang='grc' dir='ltr'>τὰ</span> <span class='ocrx_word' id='word_1_28' title='bbox 1144 682 1301 738; x_wconf 80' lang='grc' dir='ltr'>κακὰ</span> <span class='ocrx_word' id='word_1_29' title='bbox 1353 682 1466 747; x_wconf 88' lang='grc' dir='ltr'>οὐχ</span> <span class='ocrx_word' id='word_1_30' title='bbox 1499 679 1753 733; x_wconf 78' lang='grc' dir='ltr'>ὑποίσο-</span> 
     </span>
    </p>
   </div>
   <div class='ocr_carea' id='block_1_7' title="bbox 192 766 1752 858">
    <p class='ocr_par' dir='ltr' id='par_1_7' title="bbox 192 766 1752 858">
     <span class='ocr_line' id='line_1_7' title="bbox 192 766 1752 858; baseline -0.012 -21"><span class='ocrx_word' id='word_1_31' title='bbox 192 800 327 858; x_wconf 80' lang='grc' dir='ltr'>μεν;</span> <span class='ocrx_word' id='word_1_32' title='bbox 367 778 763 849; x_wconf 80' lang='grc' dir='ltr'>’Δναμνήσθητι</span> <span class='ocrx_word' id='word_1_33' title='bbox 792 780 923 848; x_wconf 79' lang='grc' dir='ltr'>γὰρ,</span> <span class='ocrx_word' id='word_1_34' title='bbox 960 776 1115 845; x_wconf 64' lang='grc' dir='ltr'>φησι,</span> <span class='ocrx_word' id='word_1_35' title='bbox 1146 773 1256 827; x_wconf 86' lang='grc' dir='ltr'>τῶν</span> <span class='ocrx_word' id='word_1_36' title='bbox 1287 772 1570 844; x_wconf 81' lang='grc' dir='ltr'>προτέρων</span> <span class='ocrx_word' id='word_1_37' title='bbox 1605 766 1752 821; x_wconf 83' lang='grc' dir='ltr'>ἐκεί-</span> 
     </span>
    </p>
   </div>
   <div class='ocr_carea' id='block_1_8' title="bbox 194 860 1753 940">
    <p class='ocr_par' dir='ltr' id='par_1_8' title="bbox 194 860 1753 940">
     <span class='ocr_line' id='line_1_8' title="bbox 194 860 1753 940; baseline -0.013 -8"><span class='ocrx_word' id='word_1_38' title='bbox 194 894 305 939; x_wconf 90' lang='grc' dir='ltr'>νων,</span> <span class='ocrx_word' id='word_1_39' title='bbox 349 873 438 926; x_wconf 78' lang='grc' dir='ltr'>καὶ</span> <span class='ocrx_word' id='word_1_40' title='bbox 471 871 688 940; x_wconf 81' lang='grc' dir='ltr'>λογίζου</span> <span class='ocrx_word' id='word_1_41' title='bbox 732 870 824 923; x_wconf 79' lang='grc' dir='ltr'>τὸν</span> <span class='ocrx_word' id='word_1_42' title='bbox 871 870 1063 933; x_wconf 74' lang='grc' dir='ltr'>αἴτιον,</span> <span class='ocrx_word' id='word_1_43' title='bbox 1098 868 1194 920; x_wconf 73' lang='grc' dir='ltr'>καὶ</span> <span class='ocrx_word' id='word_1_44' title='bbox 1240 866 1408 929; x_wconf 82' lang='grc' dir='ltr'>οίσεις</span> <span class='ocrx_word' id='word_1_45' title='bbox 1445 864 1540 917; x_wconf 69' lang='grc' dir='ltr'>καὶ</span> <span class='ocrx_word' id='word_1_46' title='bbox 1578 860 1753 914; x_wconf 85' lang='grc' dir='ltr'>ταῦτα</span> 
     </span>
    </p>
   </div>
   <div class='ocr_carea' id='block_1_9' title="bbox 191 951 1754 1038">
    <p class='ocr_par' dir='ltr' id='par_1_9' title="bbox 191 951 1754 1038">
     <span class='ocr_line' id='line_1_9' title="bbox 191 951 1754 1038; baseline -0.014 -15"><span class='ocrx_word' id='word_1_47' title='bbox 191 966 451 1038; x_wconf 82' lang='grc' dir='ltr'>γενναίως.</span> <span class='ocrx_word' id='word_1_48' title='bbox 496 959 649 1026; x_wconf 83' lang='grc' dir='ltr'>Εἶδες</span> <span class='ocrx_word' id='word_1_49' title='bbox 706 957 1175 1033; x_wconf 82' lang='grc' dir='ltr'>μετριοφροσύνην</span> <span class='ocrx_word' id='word_1_50' title='bbox 1207 955 1435 1027; x_wconf 86' lang='grc' dir='ltr'>ἀνδρός;</span> <span class='ocrx_word' id='word_1_51' title='bbox 1482 951 1618 1005; x_wconf 79' lang='grc' dir='ltr'><strong>Οὐδὲ</strong></span> <span class='ocrx_word' id='word_1_52' title='bbox 1647 951 1754 1019; x_wconf 85' lang='grc' dir='ltr'>γὰρ</span> 
     </span>
    </p>
   </div>
   <div class='ocr_carea' id='block_1_10' title="bbox 190 1043 1755 1132">
    <p class='ocr_par' dir='ltr' id='par_1_10' title="bbox 190 1043 1755 1132">
     <span class='ocr_line' id='line_1_10' title="bbox 190 1043 1755 1132; baseline -0.013 -16"><span class='ocrx_word' id='word_1_53' title='bbox 190 1064 249 1132; x_wconf 82' lang='grc' dir='ltr'>τῇ</span> <span class='ocrx_word' id='word_1_54' title='bbox 276 1056 484 1129; x_wconf 82' lang='grc' dir='ltr'>ἀνδρείᾳ</span> <span class='ocrx_word' id='word_1_55' title='bbox 512 1055 678 1110; x_wconf 82' lang='grc' dir='ltr'>αὑτοῦ</span> <span class='ocrx_word' id='word_1_56' title='bbox 718 1052 996 1122; x_wconf 79' lang='grc' dir='ltr'>λογίζεται</span> <span class='ocrx_word' id='word_1_57' title='bbox 1027 1051 1126 1121; x_wconf 85' lang='grc' dir='ltr'>τὴν</span> <span class='ocrx_word' id='word_1_58' title='bbox 1159 1048 1458 1120; x_wconf 83' lang='grc' dir='ltr'>ὑπομονὴν,</span> <span class='ocrx_word' id='word_1_59' title='bbox 1489 1045 1625 1100; x_wconf 88' lang='grc' dir='ltr'>ἀλλά</span> <span class='ocrx_word' id='word_1_60' title='bbox 1656 1043 1755 1114; x_wconf 82' lang='grc' dir='ltr'>τῆς</span> 
     </span>
    </p>
   </div>
   <div class='ocr_carea' id='block_1_11' title="bbox 189 1133 1756 1218">
    <p class='ocr_par' dir='ltr' id='par_1_11' title="bbox 189 1133 1756 1218">
     <span class='ocr_line' id='line_1_11' title="bbox 189 1133 1756 1218; baseline -0.013 -12"><span class='ocrx_word' id='word_1_61' title='bbox 189 1150 285 1206; x_wconf 87' lang='grc' dir='ltr'>τῶν</span> <span class='ocrx_word' id='word_1_62' title='bbox 310 1147 647 1218; x_wconf 81' lang='grc' dir='ltr'>πραγμάτων</span> <span class='ocrx_word' id='word_1_63' title='bbox 671 1142 994 1206; x_wconf 80' lang='grc' dir='ltr'>ἀκολουθίας</span> <span class='ocrx_word' id='word_1_64' title='bbox 1016 1140 1187 1210; x_wconf 80' lang='grc' dir='ltr'>αὐτὴν</span> <span class='ocrx_word' id='word_1_65' title='bbox 1209 1134 1350 1191; x_wconf 85' lang='grc' dir='ltr'>εἶναί</span> <span class='ocrx_word' id='word_1_66' title='bbox 1373 1153 1557 1208; x_wconf 87' lang='grc' dir='ltr'>φησιν.</span> <span class='ocrx_word' id='word_1_67' title='bbox 1606 1133 1756 1187; x_wconf 79' lang='grc' dir='ltr'>Ἀντὶ</span> 
     </span>
    </p>
   </div>
   <div class='ocr_carea' id='block_1_12' title="bbox 190 1227 1757 1309">
    <p class='ocr_par' dir='ltr' id='par_1_12' title="bbox 190 1227 1757 1309">
     <span class='ocr_line' id='line_1_12' title="bbox 190 1227 1757 1309; baseline -0.013 -13"><span class='ocrx_word' id='word_1_68' title='bbox 190 1243 335 1298; x_wconf 72' lang='grc' dir='ltr'>τίνων</span> <span class='ocrx_word' id='word_1_69' title='bbox 360 1239 466 1309; x_wconf 84' lang='grc' dir='ltr'>γὰρ</span> <span class='ocrx_word' id='word_1_70' title='bbox 494 1240 676 1291; x_wconf 85' lang='grc' dir='ltr'>ἐκεῖνα</span> <span class='ocrx_word' id='word_1_71' title='bbox 720 1237 856 1308; x_wconf 79' lang='grc' dir='ltr'>ἡμῖν</span> <span class='ocrx_word' id='word_1_72' title='bbox 889 1235 1089 1290; x_wconf 77' lang='grc' dir='ltr'>ἔδωκεν</span> <span class='ocrx_word' id='word_1_73' title='bbox 1121 1235 1150 1286; x_wconf 99' lang='lat'>6</span> <span class='ocrx_word' id='word_1_74' title='bbox 1187 1230 1351 1295; x_wconf 84' lang='grc' dir='ltr'>Θεός;</span> <span class='ocrx_word' id='word_1_75' title='bbox 1386 1228 1546 1281; x_wconf 87' lang='grc' dir='ltr'>ποίαν</span> <span class='ocrx_word' id='word_1_76' title='bbox 1577 1227 1757 1279; x_wconf 88' lang='grc' dir='ltr'>ἐκτιν-</span> 
     </span>
    </p>
   </div>
   <div class='ocr_carea' id='block_1_13' title="bbox 189 1318 1751 1403">
    <p class='ocr_par' dir='ltr' id='par_1_13' title="bbox 189 1318 1751 1403">
     <span class='ocr_line' id='line_1_13' title="bbox 189 1318 1751 1403; baseline -0.022 -2"><span class='ocrx_word' id='word_1_77' title='bbox 189 1338 275 1399; x_wconf 79' lang='grc' dir='ltr'>νὺς</span> <span class='ocrx_word' id='word_1_78' title='bbox 297 1332 565 1403; x_wconf 71' lang='grc' dir='ltr'>ἀμοιϐήν;</span> <span class='ocrx_word' id='word_1_79' title='bbox 598 1330 871 1400; x_wconf 67' lang='grc' dir='ltr'>(ὶύδεμίαν</span> <span class='ocrx_word' id='word_1_80' title='bbox 889 1345 904 1359; x_wconf 75' lang='grc' dir='ltr'><strong>ο</strong></span> <span class='ocrx_word' id='word_1_81' title='bbox 934 1325 1051 1382; x_wconf 81' lang='grc' dir='ltr'>ἀλλ’</span> <span class='ocrx_word' id='word_1_82' title='bbox 1080 1324 1139 1391; x_wconf 77' lang='grc' dir='ltr'>ἐξ</span> <span class='ocrx_word' id='word_1_83' title='bbox 1170 1323 1509 1393; x_wconf 88' lang='grc' dir='ltr'>ἀγαθότητος</span> <span class='ocrx_word' id='word_1_84' title='bbox 1548 1318 1718 1390; x_wconf 88' lang='grc' dir='ltr'>μόνης</span> <span class='ocrx_word' id='word_1_85' title='bbox 1737 1337 1751 1349; x_wconf 79' lang='grc' dir='ltr'><strong>ο</strong></span> 
     </span>
    </p>
   </div>
   <div class='ocr_carea' id='block_1_14' title="bbox 188 1410 1752 1499">
    <p class='ocr_par' dir='ltr' id='par_1_14' title="bbox 188 1410 1752 1499">
     <span class='ocr_line' id='line_1_14' title="bbox 188 1410 1752 1499; baseline -0.012 -17"><span class='ocrx_word' id='word_1_86' title='bbox 188 1427 350 1499; x_wconf 85' lang='grc' dir='ltr'>δωρεά</span> <span class='ocrx_word' id='word_1_87' title='bbox 375 1425 486 1496; x_wconf 84' lang='grc' dir='ltr'>γὰρ</span> <span class='ocrx_word' id='word_1_88' title='bbox 506 1419 598 1497; x_wconf 74' lang='grc' dir='ltr'>ἦν,</span> <span class='ocrx_word' id='word_1_89' title='bbox 618 1424 721 1476; x_wconf 85' lang='grc' dir='ltr'>οὐκ</span> <span class='ocrx_word' id='word_1_90' title='bbox 746 1420 972 1493; x_wconf 86' lang='grc' dir='ltr'>ἀμοιϐὴ,</span> <span class='ocrx_word' id='word_1_91' title='bbox 1004 1419 1100 1473; x_wconf 67' lang='grc' dir='ltr'>καὶ</span> <span class='ocrx_word' id='word_1_92' title='bbox 1120 1417 1302 1487; x_wconf 87' lang='grc' dir='ltr'>χάρις,</span> <span class='ocrx_word' id='word_1_93' title='bbox 1335 1414 1437 1467; x_wconf 81' lang='grc' dir='ltr'>οὐκ</span> <span class='ocrx_word' id='word_1_94' title='bbox 1460 1410 1752 1471; x_wconf 75' lang='grc' dir='ltr'>ἀντίδοσις.</span> 
     </span>
    </p>
   </div>
   <div class='ocr_carea' id='block_1_15' title="bbox 187 1501 1757 1584">
    <p class='ocr_par' dir='ltr' id='par_1_15' title="bbox 187 1501 1757 1584">
     <span class='ocr_line' id='line_1_15' title="bbox 187 1501 1757 1584; baseline -0.013 -11"><span class='ocrx_word' id='word_1_95' title='bbox 187 1519 384 1575; x_wconf 76' lang='grc' dir='ltr'>Οὐκοῦν</span> <span class='ocrx_word' id='word_1_96' title='bbox 434 1517 531 1570; x_wconf 75' lang='grc' dir='ltr'>καὶ</span> <span class='ocrx_word' id='word_1_97' title='bbox 577 1514 750 1569; x_wconf 88' lang='grc' dir='ltr'>ταῦτα</span> <span class='ocrx_word' id='word_1_98' title='bbox 783 1513 1041 1584; x_wconf 83' lang='grc' dir='ltr'>φέρωμεν</span> <span class='ocrx_word' id='word_1_99' title='bbox 1088 1508 1372 1580; x_wconf 85' lang='grc' dir='ltr'>γενναίως.</span> <span class='ocrx_word' id='word_1_100' title='bbox 1410 1502 1613 1558; x_wconf 87' lang='grc' dir='ltr'>Τοῦτον</span> <span class='ocrx_word' id='word_1_101' title='bbox 1661 1501 1757 1554; x_wconf 81' lang='grc' dir='ltr'>καὶ</span> 
     </span>
    </p>
   </div>
   <div class='ocr_carea' id='block_1_16' title="bbox 186 1595 1757 1684">
    <p class='ocr_par' dir='ltr' id='par_1_16' title="bbox 186 1595 1757 1684">
     <span class='ocr_line' id='line_1_16' title="bbox 186 1595 1757 1684; baseline -0.014 -16"><span class='ocrx_word' id='word_1_102' title='bbox 186 1614 362 1684; x_wconf 79' lang='grc' dir='ltr'>ἄνδρες</span> <span class='ocrx_word' id='word_1_103' title='bbox 387 1612 486 1664; x_wconf 72' lang='grc' dir='ltr'>καὶ</span> <span class='ocrx_word' id='word_1_104' title='bbox 514 1611 775 1679; x_wconf 86' lang='grc' dir='ltr'>γυναῖκες</span> <span class='ocrx_word' id='word_1_105' title='bbox 801 1606 893 1660; x_wconf 81' lang='grc' dir='ltr'>τὸν</span> <span class='ocrx_word' id='word_1_106' title='bbox 922 1604 1085 1675; x_wconf 90' lang='grc' dir='ltr'>λόγον</span> <span class='ocrx_word' id='word_1_107' title='bbox 1138 1600 1487 1671; x_wconf 81' lang='grc' dir='ltr'>ἀνάγραπτον</span> <span class='ocrx_word' id='word_1_108' title='bbox 1519 1595 1757 1666; x_wconf 73' lang='grc' dir='ltr'>ἔχωμεν,</span> 
     </span>
    </p>
   </div>
   <div class='ocr_carea' id='block_1_17' title="bbox 185 1684 1756 1774">
    <p class='ocr_par' dir='ltr' id='par_1_17' title="bbox 185 1684 1756 1774">
     <span class='ocr_line' id='line_1_17' title="bbox 185 1684 1756 1774; baseline -0.015 -15"><span class='ocrx_word' id='word_1_109' title='bbox 185 1706 271 1761; x_wconf 75' lang='grc' dir='ltr'>καὶ</span> <span class='ocrx_word' id='word_1_110' title='bbox 301 1704 367 1757; x_wconf 81' lang='grc' dir='ltr'>τά</span> <span class='ocrx_word' id='word_1_111' title='bbox 396 1704 620 1774; x_wconf 74' lang='grc' dir='ltr'>ῥήματα</span> <span class='ocrx_word' id='word_1_112' title='bbox 660 1698 833 1754; x_wconf 89' lang='grc' dir='ltr'>ταῦτα</span> <span class='ocrx_word' id='word_1_113' title='bbox 863 1694 1259 1767; x_wconf 79' lang='grc' dir='ltr'>ἐγκολάψωμεν</span> <span class='ocrx_word' id='word_1_114' title='bbox 1290 1693 1359 1762; x_wconf 82' lang='grc' dir='ltr'>τῇ</span> <span class='ocrx_word' id='word_1_115' title='bbox 1398 1686 1628 1759; x_wconf 78' lang='grc' dir='ltr'>διανοίᾳ,</span> <span class='ocrx_word' id='word_1_116' title='bbox 1660 1684 1756 1737; x_wconf 75' lang='grc' dir='ltr'>καὶ</span> 
     </span>
    </p>
   </div>
   <div class='ocr_carea' id='block_1_18' title="bbox 183 1774 1755 1862">
    <p class='ocr_par' dir='ltr' id='par_1_18' title="bbox 183 1774 1755 1862">
     <span class='ocr_line' id='line_1_18' title="bbox 183 1774 1755 1862; baseline -0.016 -9"><span class='ocrx_word' id='word_1_117' title='bbox 183 1796 349 1853; x_wconf 87' lang='grc' dir='ltr'>ταῦτα</span> <span class='ocrx_word' id='word_1_118' title='bbox 382 1795 482 1851; x_wconf 76' lang='grc' dir='ltr'>καὶ</span> <span class='ocrx_word' id='word_1_119' title='bbox 507 1794 578 1847; x_wconf 90' lang='grc' dir='ltr'>τά</span> <span class='ocrx_word' id='word_1_120' title='bbox 623 1792 730 1862; x_wconf 84' lang='grc' dir='ltr'>πρὸ</span> <span class='ocrx_word' id='word_1_121' title='bbox 770 1789 977 1845; x_wconf 84' lang='grc' dir='ltr'>τούτων</span> <span class='ocrx_word' id='word_1_122' title='bbox 999 1803 1013 1818; x_wconf 86' lang='grc'><strong>·</strong></span> <span class='ocrx_word' id='word_1_123' title='bbox 1063 1787 1161 1841; x_wconf 76' lang='grc' dir='ltr'>καὶ</span> <span class='ocrx_word' id='word_1_124' title='bbox 1187 1783 1285 1856; x_wconf 80' lang='grc' dir='ltr'>τὴν</span> <span class='ocrx_word' id='word_1_125' title='bbox 1319 1779 1561 1853; x_wconf 80' lang='grc' dir='ltr'>ἱστορίαν</span> <span class='ocrx_word' id='word_1_126' title='bbox 1589 1774 1755 1832; x_wconf 82' lang='grc' dir='ltr'>αὐτοῦ</span> 
     </span>
    </p>
   </div>
   <div class='ocr_carea' id='block_1_19' title="bbox 1134 282 2360 346">
    <p class='ocr_par' dir='ltr' id='par_1_19' title="bbox 1134 282 2360 346">
     <span class='ocr_line' id='line_1_19' title="bbox 1134 282 2360 346; baseline -0.004 0"><span class='ocrx_word' id='word_1_127' title='bbox 1134 290 1203 346; x_wconf 76' lang='grc' dir='ltr'>ΙΝ</span> <span class='ocrx_word' id='word_1_128' title='bbox 1241 286 1463 344; x_wconf 87' lang='lat' dir='ltr'>EPIST.</span> <span class='ocrx_word' id='word_1_129' title='bbox 1506 286 1524 342; x_wconf 90' lang='grc'><strong>1</strong></span> <span class='ocrx_word' id='word_1_130' title='bbox 1569 284 1661 340; x_wconf 82' lang='lat' dir='ltr'><strong>AD</strong></span> <span class='ocrx_word' id='word_1_131' title='bbox 1696 283 1857 341; x_wconf 72' lang='grc' dir='ltr'>(ΞΟΠ.</span> <span class='ocrx_word' id='word_1_132' title='bbox 1885 282 2123 342; x_wconf 75' lang='lat' dir='ltr'>nom.</span> <span class='ocrx_word' id='word_1_133' title='bbox 2164 285 2360 342; x_wconf 75' lang='lat' dir='ltr'><strong>XXlX.</strong></span> 
     </span>
    </p>
   </div>
   <div class='ocr_carea' id='block_1_20' title="bbox 3331 282 3441 339">
    <p class='ocr_par' dir='ltr' id='par_1_20' title="bbox 3331 282 3441 339">
     <span class='ocr_line' id='line_1_20' title="bbox 3331 282 3441 339; baseline -0.018 -2"><span class='ocrx_word' id='word_1_134' title='bbox 3331 282 3441 339; x_wconf 63' lang='lat'>260</span> 
     </span>
    </p>
   </div>
   <div class='ocr_carea' id='block_1_21' title="bbox 1852 395 3441 473">
    <p class='ocr_par' dir='ltr' id='par_1_21' title="bbox 1852 395 3441 473">
     <span class='ocr_line' id='line_1_21' title="bbox 1852 395 3441 473; baseline -0.005 -18"><span class='ocrx_word' id='word_1_135' title='bbox 1852 402 1961 457; x_wconf 88' lang='grc' dir='ltr'>τῶν</span> <span class='ocrx_word' id='word_1_136' title='bbox 2009 402 2386 473; x_wconf 86' lang='grc' dir='ltr'>παθημάτων⁶</span> <span class='ocrx_word' id='word_1_137' title='bbox 2436 401 2691 473; x_wconf 86' lang='grc' dir='ltr'>καθάπερ</span> <span class='ocrx_word' id='word_1_138' title='bbox 2723 399 2907 453; x_wconf 80' lang='grc' dir='ltr'>εἰκόνα</span> <span class='ocrx_word' id='word_1_139' title='bbox 2941 398 3034 452; x_wconf 70' lang='grc' dir='ltr'>ἐπὶ</span> <span class='ocrx_word' id='word_1_140' title='bbox 3074 396 3174 469; x_wconf 82' lang='grc' dir='ltr'>τῆς</span> <span class='ocrx_word' id='word_1_141' title='bbox 3201 395 3441 457; x_wconf 86' lang='grc' dir='ltr'>διανοίας</span> 
     </span>
    </p>
   </div>
   <div class='ocr_carea' id='block_1_22' title="bbox 1854 486 3442 562">
    <p class='ocr_par' dir='ltr' id='par_1_22' title="bbox 1854 486 3442 562">
     <span class='ocr_line' id='line_1_22' title="bbox 1854 486 3442 562; baseline -0.004 -18"><span class='ocrx_word' id='word_1_142' title='bbox 1854 491 2296 562; x_wconf 74' lang='grc' dir='ltr'>ὑπογράψαντες,</span> <span class='ocrx_word' id='word_1_143' title='bbox 2326 491 2426 562; x_wconf 80' lang='grc' dir='ltr'>τὴν</span> <span class='ocrx_word' id='word_1_144' title='bbox 2453 491 2657 562; x_wconf 82' lang='grc' dir='ltr'>ζημίαν</span> <span class='ocrx_word' id='word_1_145' title='bbox 2687 490 2831 559; x_wconf 87' lang='grc' dir='ltr'>λέγω</span> <span class='ocrx_word' id='word_1_146' title='bbox 2858 490 2971 543; x_wconf 89' lang='grc' dir='ltr'>τῶν</span> <span class='ocrx_word' id='word_1_147' title='bbox 2996 488 3314 558; x_wconf 88' lang='grc' dir='ltr'>χρημάτων,</span> <span class='ocrx_word' id='word_1_148' title='bbox 3341 486 3442 554; x_wconf 73' lang='grc' dir='ltr'>τὴν</span> 
     </span>
    </p>
   </div>
   <div class='ocr_carea' id='block_1_23' title="bbox 1853 575 3442 649">
    <p class='ocr_par' dir='ltr' id='par_1_23' title="bbox 1853 575 3442 649">
     <span class='ocr_line' id='line_1_23' title="bbox 1853 575 3442 649; baseline -0.001 -20"><span class='ocrx_word' id='word_1_149' title='bbox 1853 578 2145 648; x_wconf 78' lang='grc' dir='ltr'>ἀφαίρεσιν</span> <span class='ocrx_word' id='word_1_150' title='bbox 2174 579 2283 633; x_wconf 86' lang='grc' dir='ltr'>τῶν</span> <span class='ocrx_word' id='word_1_151' title='bbox 2313 580 2545 644; x_wconf 84' lang='grc' dir='ltr'>παίδων,</span> <span class='ocrx_word' id='word_1_152' title='bbox 2568 580 2668 649; x_wconf 82' lang='grc' dir='ltr'>τὴν</span> <span class='ocrx_word' id='word_1_153' title='bbox 2700 578 2918 649; x_wconf 81' lang='grc' dir='ltr'>πληγὴν</span> <span class='ocrx_word' id='word_1_154' title='bbox 2948 576 3043 629; x_wconf 86' lang='grc' dir='ltr'>τοῦ</span> <span class='ocrx_word' id='word_1_155' title='bbox 3075 575 3344 645; x_wconf 85' lang='grc' dir='ltr'>σώματος,</span> <span class='ocrx_word' id='word_1_156' title='bbox 3372 575 3442 627; x_wconf 86' lang='grc' dir='ltr'>τά</span> 
     </span>
    </p>
   </div>
   <div class='ocr_carea' id='block_1_24' title="bbox 1854 666 3437 742">
    <p class='ocr_par' dir='ltr' id='par_1_24' title="bbox 1854 666 3437 742">
     <span class='ocr_line' id='line_1_24' title="bbox 1854 666 3437 742; baseline -0.003 -19"><span class='ocrx_word' id='word_1_157' title='bbox 1854 671 2030 742; x_wconf 86' lang='grc' dir='ltr'>ὀνείδη</span> <span class='ocrx_word' id='word_1_158' title='bbox 2050 709 2065 732; x_wconf 90' lang='grc'>,</span> <span class='ocrx_word' id='word_1_159' title='bbox 2097 670 2194 733; x_wconf 82' lang='grc' dir='ltr'>τάς</span> <span class='ocrx_word' id='word_1_160' title='bbox 2244 671 2566 741; x_wconf 84' lang='grc' dir='ltr'>χλευασίας,</span> <span class='ocrx_word' id='word_1_161' title='bbox 2597 672 2697 735; x_wconf 81' lang='grc' dir='ltr'>τὰς</span> <span class='ocrx_word' id='word_1_162' title='bbox 2737 670 2840 741; x_wconf 78' lang='grc' dir='ltr'>τῆς</span> <span class='ocrx_word' id='word_1_163' title='bbox 2871 667 3130 738; x_wconf 73' lang='grc' dir='ltr'>γυναικὸς</span> <span class='ocrx_word' id='word_1_164' title='bbox 3172 666 3437 736; x_wconf 85' lang='grc' dir='ltr'>μηχανὰς,</span> 
     </span>
    </p>
   </div>
   <div class='ocr_carea' id='block_1_25' title="bbox 1852 758 3441 833">
    <p class='ocr_par' dir='ltr' id='par_1_25' title="bbox 1852 758 3441 833">
     <span class='ocr_line' id='line_1_25' title="bbox 1852 758 3441 833; baseline -0.004 -18"><span class='ocrx_word' id='word_1_165' title='bbox 1852 761 1951 833; x_wconf 82' lang='grc' dir='ltr'>τὴν</span> <span class='ocrx_word' id='word_1_166' title='bbox 2003 763 2097 815; x_wconf 89' lang='grc' dir='ltr'>τοῦ</span> <span class='ocrx_word' id='word_1_167' title='bbox 2151 763 2399 816; x_wconf 85' lang='grc' dir='ltr'>διαϐόλου</span> <span class='ocrx_word' id='word_1_168' title='bbox 2458 762 2772 832; x_wconf 81' lang='grc' dir='ltr'>ἐπιϐουλὴν,</span> <span class='ocrx_word' id='word_1_169' title='bbox 2830 761 3009 814; x_wconf 77' lang='grc' dir='ltr'>πάντα</span> <span class='ocrx_word' id='word_1_170' title='bbox 3064 758 3252 820; x_wconf 85' lang='grc' dir='ltr'>ἁπλῶς</span> <span class='ocrx_word' id='word_1_171' title='bbox 3303 758 3441 824; x_wconf 81' lang='grc' dir='ltr'>μετά</span> 
     </span>
    </p>
   </div>
   <div class='ocr_carea' id='block_1_26' title="bbox 1856 850 3440 928">
    <p class='ocr_par' dir='ltr' id='par_1_26' title="bbox 1856 850 3440 928">
     <span class='ocr_line' id='line_1_26' title="bbox 1856 850 3440 928; baseline -0.004 -19"><span class='ocrx_word' id='word_1_172' title='bbox 1856 855 2146 928; x_wconf 87' lang='grc' dir='ltr'>ἀκριϐείας</span> <span class='ocrx_word' id='word_1_173' title='bbox 2182 855 2250 909; x_wconf 87' lang='grc' dir='ltr'>τά</span> <span class='ocrx_word' id='word_1_174' title='bbox 2278 856 2428 927; x_wconf 86' lang='grc' dir='ltr'>πάθη</span> <span class='ocrx_word' id='word_1_175' title='bbox 2457 854 2551 909; x_wconf 86' lang='grc' dir='ltr'>τοῦ</span> <span class='ocrx_word' id='word_1_176' title='bbox 2590 854 2826 920; x_wconf 86' lang='grc' dir='ltr'>δικαίου,</span> <span class='ocrx_word' id='word_1_177' title='bbox 2869 852 3064 922; x_wconf 79' lang='grc' dir='ltr'>λιμένα</span> <span class='ocrx_word' id='word_1_178' title='bbox 3094 850 3440 904; x_wconf 87' lang='grc' dir='ltr'>κατασκευά-</span> 
     </span>
    </p>
   </div>
   <div class='ocr_carea' id='block_1_27' title="bbox 1860 942 3445 1021">
    <p class='ocr_par' dir='ltr' id='par_1_27' title="bbox 1860 942 3445 1021">
     <span class='ocr_line' id='line_1_27' title="bbox 1860 942 3445 1021; baseline -0.006 -18"><span class='ocrx_word' id='word_1_179' title='bbox 1860 968 2041 1021; x_wconf 88' lang='grc' dir='ltr'>σωμεν</span> <span class='ocrx_word' id='word_1_180' title='bbox 2095 950 2351 1020; x_wconf 87' lang='grc' dir='ltr'>μέγιστον</span> <span class='ocrx_word' id='word_1_181' title='bbox 2382 952 2517 1021; x_wconf 77' lang='grc' dir='ltr'>ἡμῖν</span> <span class='ocrx_word' id='word_1_182' title='bbox 2537 965 2551 979; x_wconf 91' lang='grc'><strong>·</strong></span> <span class='ocrx_word' id='word_1_183' title='bbox 2597 949 2684 1002; x_wconf 82' lang='grc' dir='ltr'>ἵνα</span> <span class='ocrx_word' id='word_1_184' title='bbox 2721 949 2898 1003; x_wconf 86' lang='grc' dir='ltr'>πάντα</span> <span class='ocrx_word' id='word_1_185' title='bbox 2928 945 3191 1015; x_wconf 82' lang='grc' dir='ltr'>γενναίως</span> <span class='ocrx_word' id='word_1_186' title='bbox 3238 944 3331 997; x_wconf 73' lang='grc' dir='ltr'>καὶ</span> <span class='ocrx_word' id='word_1_187' title='bbox 3354 942 3445 995; x_wconf 83' lang='grc' dir='ltr'>εὐ-</span> 
     </span>
    </p>
   </div>
   <div class='ocr_carea' id='block_1_28' title="bbox 1857 1036 3442 1114">
    <p class='ocr_par' dir='ltr' id='par_1_28' title="bbox 1857 1036 3442 1114">
     <span class='ocr_line' id='line_1_28' title="bbox 1857 1036 3442 1114; baseline -0.003 -21"><span class='ocrx_word' id='word_1_188' title='bbox 1857 1042 2131 1113; x_wconf 82' lang='grc' dir='ltr'>χαρίστως</span> <span class='ocrx_word' id='word_1_189' title='bbox 2162 1042 2441 1114; x_wconf 86' lang='grc' dir='ltr'>φέροντες,</span> <span class='ocrx_word' id='word_1_190' title='bbox 2478 1041 2573 1094; x_wconf 79' lang='grc' dir='ltr'>καὶ</span> <span class='ocrx_word' id='word_1_191' title='bbox 2620 1042 2677 1094; x_wconf 84' lang='grc' dir='ltr'>ἐν</span> <span class='ocrx_word' id='word_1_192' title='bbox 2719 1039 2797 1111; x_wconf 89' lang='grc' dir='ltr'>τῷ</span> <span class='ocrx_word' id='word_1_193' title='bbox 2841 1039 3070 1110; x_wconf 82' lang='grc' dir='ltr'>παρόντι</span> <span class='ocrx_word' id='word_1_194' title='bbox 3112 1036 3211 1106; x_wconf 84' lang='grc' dir='ltr'>βίῳ</span> <span class='ocrx_word' id='word_1_195' title='bbox 3260 1037 3442 1088; x_wconf 83' lang='grc' dir='ltr'>πᾶσαν</span> 
     </span>
    </p>
   </div>
   <div class='ocr_carea' id='block_1_29' title="bbox 1859 1126 3442 1205">
    <p class='ocr_par' dir='ltr' id='par_1_29' title="bbox 1859 1126 3442 1205">
     <span class='ocr_line' id='line_1_29' title="bbox 1859 1126 3442 1205; baseline -0.006 -17"><span class='ocrx_word' id='word_1_196' title='bbox 1859 1135 2331 1205; x_wconf 87' lang='grc' dir='ltr'>ἀποκρουσώμεθα</span> <span class='ocrx_word' id='word_1_197' title='bbox 2351 1134 2610 1205; x_wconf 88' lang='grc' dir='ltr'>ἀθυμίαν,</span> <span class='ocrx_word' id='word_1_198' title='bbox 2632 1134 2727 1187; x_wconf 76' lang='grc' dir='ltr'>καὶ</span> <span class='ocrx_word' id='word_1_199' title='bbox 2747 1133 2874 1196; x_wconf 80' lang='grc' dir='ltr'>τοὺς</span> <span class='ocrx_word' id='word_1_200' title='bbox 2894 1131 3023 1202; x_wconf 77' lang='grc' dir='ltr'>περὶ</span> <span class='ocrx_word' id='word_1_201' title='bbox 3046 1130 3141 1199; x_wconf 81' lang='grc' dir='ltr'>τῆς</span> <span class='ocrx_word' id='word_1_202' title='bbox 3168 1126 3442 1197; x_wconf 74' lang='grc' dir='ltr'>εὐφημίας</span> 
     </span>
    </p>
   </div>
   <div class='ocr_carea' id='block_1_30' title="bbox 1856 1218 3443 1300">
    <p class='ocr_par' dir='ltr' id='par_1_30' title="bbox 1856 1218 3443 1300">
     <span class='ocr_line' id='line_1_30' title="bbox 1856 1218 3443 1300; baseline -0.008 -18"><span class='ocrx_word' id='word_1_203' title='bbox 1856 1229 2063 1300; x_wconf 79' lang='grc' dir='ltr'>ταύτης</span> <span class='ocrx_word' id='word_1_204' title='bbox 2079 1228 2443 1298; x_wconf 86' lang='grc' dir='ltr'>ἀπολάϐωμεν</span> <span class='ocrx_word' id='word_1_205' title='bbox 2469 1227 2715 1298; x_wconf 75' lang='grc' dir='ltr'>μισθοὺς,</span> <span class='ocrx_word' id='word_1_206' title='bbox 2741 1225 2925 1295; x_wconf 84' lang='grc' dir='ltr'>χάριτι</span> <span class='ocrx_word' id='word_1_207' title='bbox 2946 1224 3041 1276; x_wconf 79' lang='grc' dir='ltr'>καὶ</span> <span class='ocrx_word' id='word_1_208' title='bbox 3061 1218 3443 1291; x_wconf 78' lang='grc' dir='ltr'>φιλανθρωπίᾳ</span> 
     </span>
    </p>
   </div>
   <div class='ocr_carea' id='block_1_31' title="bbox 1857 1308 3444 1390">
    <p class='ocr_par' dir='ltr' id='par_1_31' title="bbox 1857 1308 3444 1390">
     <span class='ocr_line' id='line_1_31' title="bbox 1857 1308 3444 1390; baseline -0.006 -18"><span class='ocrx_word' id='word_1_209' title='bbox 1857 1318 1953 1372; x_wconf 89' lang='grc' dir='ltr'>τοῦ</span> <span class='ocrx_word' id='word_1_210' title='bbox 1985 1319 2193 1390; x_wconf 81' lang='grc' dir='ltr'>Κυρίου</span> <span class='ocrx_word' id='word_1_211' title='bbox 2225 1319 2384 1390; x_wconf 82' lang='grc' dir='ltr'>ἡμῶν</span> <span class='ocrx_word' id='word_1_212' title='bbox 2421 1318 2597 1389; x_wconf 88' lang='grc' dir='ltr'>Ἰησοῦ</span> <span class='ocrx_word' id='word_1_213' title='bbox 2629 1314 2889 1388; x_wconf 82' lang='grc' dir='ltr'>Χριστοῦ,</span> <span class='ocrx_word' id='word_1_214' title='bbox 2924 1314 3042 1386; x_wconf 87' lang='grc' dir='ltr'>μεθ’</span> <span class='ocrx_word' id='word_1_215' title='bbox 3076 1308 3136 1367; x_wconf 76' lang='grc' dir='ltr'>οὗ</span> <span class='ocrx_word' id='word_1_216' title='bbox 3163 1312 3241 1383; x_wconf 86' lang='grc' dir='ltr'>τῷ</span> <span class='ocrx_word' id='word_1_217' title='bbox 3267 1312 3444 1380; x_wconf 66' lang='grc' dir='ltr'>Πατρὶ</span> 
     </span>
    </p>
   </div>
   <div class='ocr_carea' id='block_1_32' title="bbox 1860 1404 3443 1485">
    <p class='ocr_par' dir='ltr' id='par_1_32' title="bbox 1860 1404 3443 1485">
     <span class='ocr_line' id='line_1_32' title="bbox 1860 1404 3443 1485; baseline -0.006 -18"><span class='ocrx_word' id='word_1_218' title='bbox 1860 1414 1978 1485; x_wconf 81' lang='grc' dir='ltr'>ἅμα</span> <span class='ocrx_word' id='word_1_219' title='bbox 2009 1413 2088 1484; x_wconf 87' lang='grc' dir='ltr'>τῷ</span> <span class='ocrx_word' id='word_1_220' title='bbox 2114 1413 2256 1484; x_wconf 83' lang='grc' dir='ltr'>ἁγίῳ</span> <span class='ocrx_word' id='word_1_221' title='bbox 2282 1412 2563 1483; x_wconf 77' lang='grc' dir='ltr'>Πνεῦματι</span> <span class='ocrx_word' id='word_1_222' title='bbox 2598 1411 2746 1477; x_wconf 81' lang='grc' dir='ltr'>δόξα,</span> <span class='ocrx_word' id='word_1_223' title='bbox 2786 1409 3011 1479; x_wconf 83' lang='grc' dir='ltr'>κράτος,</span> <span class='ocrx_word' id='word_1_224' title='bbox 3043 1406 3201 1477; x_wconf 76' lang='grc' dir='ltr'>τιμὴ,</span> <span class='ocrx_word' id='word_1_225' title='bbox 3224 1409 3318 1458; x_wconf 81' lang='grc' dir='ltr'>νῦν</span> <span class='ocrx_word' id='word_1_226' title='bbox 3347 1404 3443 1457; x_wconf 66' lang='grc' dir='ltr'>καὶ</span> 
     </span>
    </p>
   </div>
   <div class='ocr_carea' id='block_1_33' title="bbox 1859 1501 3192 1572">
    <p class='ocr_par' dir='ltr' id='par_1_33' title="bbox 1859 1501 3192 1572">
     <span class='ocr_line' id='line_1_33' title="bbox 1859 1501 3192 1572; baseline -0.006 -12"><span class='ocrx_word' id='word_1_227' title='bbox 1859 1507 1968 1572; x_wconf 75' lang='grc' dir='ltr'>ἀεὶ,</span> <span class='ocrx_word' id='word_1_228' title='bbox 1998 1507 2093 1559; x_wconf 71' lang='grc' dir='ltr'>καὶ</span> <span class='ocrx_word' id='word_1_229' title='bbox 2117 1507 2196 1570; x_wconf 86' lang='grc' dir='ltr'>είς</span> <span class='ocrx_word' id='word_1_230' title='bbox 2221 1506 2348 1569; x_wconf 78' lang='grc' dir='ltr'>τοὺς</span> <span class='ocrx_word' id='word_1_231' title='bbox 2373 1504 2577 1569; x_wconf 85' lang='grc' dir='ltr'>αίῶνας</span> <span class='ocrx_word' id='word_1_232' title='bbox 2599 1504 2707 1558; x_wconf 90' lang='grc' dir='ltr'>τῶν</span> <span class='ocrx_word' id='word_1_233' title='bbox 2728 1502 2958 1558; x_wconf 87' lang='grc' dir='ltr'>αίώνων.</span> <span class='ocrx_word' id='word_1_234' title='bbox 2999 1501 3192 1572; x_wconf 83' lang='grc' dir='ltr'>Ἀμήν.</span> 
     </span>
    </p>
   </div>
   <div class='ocr_carea' id='block_1_34' title="bbox 1926 1774 2754 1843">
    <p class='ocr_par' dir='ltr' id='par_1_34' title="bbox 1926 1774 2754 1843">
     <span class='ocr_line' id='line_1_34' title="bbox 1926 1774 2754 1843; baseline -0.007 -13"><span class='ocrx_word' id='word_1_235' title='bbox 1926 1782 1952 1810; x_wconf 73' lang='grc'>⁸</span> <span class='ocrx_word' id='word_1_236' title='bbox 1978 1777 2242 1843; x_wconf 81' lang='lat' dir='ltr'>Legebalur</span> <span class='ocrx_word' id='word_1_237' title='bbox 2266 1778 2505 1841; x_wconf 82' lang='grc' dir='ltr'>μαθητῶν,</span> <span class='ocrx_word' id='word_1_238' title='bbox 2529 1774 2754 1827; x_wconf 74' lang='grc' dir='ltr'>νὶάὶαιίε.</span> 
     </span>
    </p>
   </div>
   <div class='ocr_carea' id='block_1_35' title="bbox 859 1928 2006 1959">
    <p class='ocr_par' dir='ltr' id='par_1_35' title="bbox 859 1928 2006 1959">
     <span class='ocr_line' id='line_1_35' title="bbox 859 1928 2006 1959; baseline -0.012 -2"><span class='ocrx_word' id='word_1_239' title='bbox 859 1928 2006 1959; x_wconf 68' lang='lat'>__________...__.__.._.——————~</span> 
     </span>
    </p>
   </div>
   <div class='ocr_carea' id='block_1_36' title="bbox 1670 2003 2093 2063">
    <p class='ocr_par' dir='ltr' id='par_1_36' title="bbox 1670 2003 2093 2063">
     <span class='ocr_line' id='line_1_36' title="bbox 1670 2003 2093 2063; baseline 0 0"><span class='ocrx_word' id='word_1_240' title='bbox 1670 2007 1919 2063; x_wconf 79' lang='lat' dir='ltr'><strong>OMIAIA</strong></span> <span class='ocrx_word' id='word_1_241' title='bbox 1956 2003 2093 2063; x_wconf 82' lang='grc' dir='ltr'>ΚΘ’.</span> 
     </span>
    </p>
   </div>
   <div class='ocr_carea' id='block_1_37' title="bbox 181 2128 1758 2231">
    <p class='ocr_par' dir='ltr' id='par_1_37' title="bbox 181 2128 1758 2231">
     <span class='ocr_line' id='line_1_37' title="bbox 181 2128 1758 2231; baseline -0.006 10"><span class='ocrx_word' id='word_1_242' title='bbox 181 2152 313 2231; x_wconf 59' lang='grc' dir='ltr'>περὶ</span> <span class='ocrx_word' id='word_1_243' title='bbox 336 2150 466 2231; x_wconf 48' lang='grc' dir='ltr'>,δὲ</span> <span class='ocrx_word' id='word_1_244' title='bbox 487 2138 1096 2231; x_wconf 61' lang='grc' dir='ltr'>τῶν-πνειέιιαῑξκιῐιῖν</span> <span class='ocrx_word' id='word_1_245' title='bbox 1142 2132 1425 2231; x_wconf 49' lang='grc' dir='ltr'>Ξείῖςίῗέν</span> <span class='ocrx_word' id='word_1_246' title='bbox 1454 2132 1562 2231; x_wconf 58' lang='grc'>39..</span> <span class='ocrx_word' id='word_1_247' title='bbox 1604 2128 1758 2231; x_wconf 60' lang='grc' dir='ltr'>ε’,έέθέ</span> 
     </span>
    </p>
   </div>
   <div class='ocr_carea' id='block_1_38' title="bbox 240 2198 1759 2355">
    <p class='ocr_par' dir='ltr' id='par_1_38' title="bbox 240 2198 1759 2355">
     <span class='ocr_line' id='line_1_38' title="bbox 240 2198 1759 2355; baseline -0.017 -8"><span class='ocrx_word' id='word_1_248' title='bbox 240 2198 945 2355; x_wconf 56' lang='grc' dir='ltr'>Ξαὲέῖῖιὶδῖιιιξέβξε</span> <span class='ocrx_word' id='word_1_249' title='bbox 960 2198 1407 2348; x_wconf 59' lang='grc' dir='ltr'>ὠὶτινδξιέξιιτ</span> <span class='ocrx_word' id='word_1_250' title='bbox 1454 2198 1759 2342; x_wconf 53' lang='grc' dir='ltr'>ἐλεγείας</span> 
     </span>
    </p>
   </div>
   <div class='ocr_carea' id='block_1_39' title="bbox 241 2381 356 2419">
    <p class='ocr_par' dir='ltr' id='par_1_39' title="bbox 241 2381 356 2419">
     <span class='ocr_line' id='line_1_39' title="bbox 241 2381 356 2419; baseline -0.009 0"><span class='ocrx_word' id='word_1_251' title='bbox 241 2381 356 2419; x_wconf 85' lang='grc' dir='ltr'>νοι.</span> 
     </span>
    </p>
   </div>
   <div class='ocr_carea' id='block_1_40' title="bbox 240 2536 1761 2624">
    <p class='ocr_par' dir='ltr' id='par_1_40' title="bbox 240 2536 1761 2624">
     <span class='ocr_line' id='line_1_40' title="bbox 240 2536 1761 2624; baseline -0.019 -6"><span class='ocrx_word' id='word_1_252' title='bbox 240 2570 311 2618; x_wconf 90' lang='grc' dir='ltr'>α’.</span> <span class='ocrx_word' id='word_1_253' title='bbox 340 2559 519 2615; x_wconf 88' lang='grc' dir='ltr'>Τοῦτο</span> <span class='ocrx_word' id='word_1_254' title='bbox 532 2557 679 2613; x_wconf 68' lang='grc' dir='ltr'>ἅπαν</span> <span class='ocrx_word' id='word_1_255' title='bbox 697 2554 758 2607; x_wconf 87' lang='lat'>16</span> <span class='ocrx_word' id='word_1_256' title='bbox 772 2549 972 2624; x_wconf 89' lang='grc' dir='ltr'>χωρίον</span> <span class='ocrx_word' id='word_1_257' title='bbox 996 2546 1202 2619; x_wconf 85' lang='grc' dir='ltr'>σφόδρα</span> <span class='ocrx_word' id='word_1_258' title='bbox 1221 2542 1370 2599; x_wconf 70' lang='grc' dir='ltr'>ἐστὶν</span> <span class='ocrx_word' id='word_1_259' title='bbox 1394 2539 1603 2611; x_wconf 86' lang='grc' dir='ltr'>ἀσαφές</span> <span class='ocrx_word' id='word_1_260' title='bbox 1623 2554 1637 2569; x_wconf 74' lang='grc' dir='ltr'><strong><em>ο</em></strong></span> <span class='ocrx_word' id='word_1_261' title='bbox 1660 2536 1761 2607; x_wconf 77' lang='grc' dir='ltr'>τὴν</span> 
     </span>
    </p>
   </div>
   <div class='ocr_carea' id='block_1_41' title="bbox 173 2630 1764 2722">
    <p class='ocr_par' dir='ltr' id='par_1_41' title="bbox 173 2630 1764 2722">
     <span class='ocr_line' id='line_1_41' title="bbox 173 2630 1764 2722; baseline -0.019 -11"><span class='ocrx_word' id='word_1_262' title='bbox 173 2659 225 2711; x_wconf 82' lang='grc' dir='ltr'>δὲ</span> <span class='ocrx_word' id='word_1_263' title='bbox 254 2653 531 2722; x_wconf 86' lang='grc' dir='ltr'>ἀσάφειαν</span> <span class='ocrx_word' id='word_1_264' title='bbox 561 2651 596 2721; x_wconf 85' lang='grc' dir='ltr'><strong>ή</strong></span> <span class='ocrx_word' id='word_1_265' title='bbox 628 2646 739 2702; x_wconf 91' lang='grc' dir='ltr'>τῶν</span> <span class='ocrx_word' id='word_1_266' title='bbox 770 2642 1113 2716; x_wconf 82' lang='grc' dir='ltr'>πραγμάτων</span> <span class='ocrx_word' id='word_1_267' title='bbox 1142 2636 1337 2707; x_wconf 80' lang='grc' dir='ltr'>ἀγνοιά</span> <span class='ocrx_word' id='word_1_268' title='bbox 1368 2651 1430 2687; x_wconf 90' lang='grc' dir='ltr'>τε</span> <span class='ocrx_word' id='word_1_269' title='bbox 1460 2632 1557 2686; x_wconf 71' lang='grc' dir='ltr'>καὶ</span> <span class='ocrx_word' id='word_1_270' title='bbox 1588 2630 1764 2683; x_wconf 77' lang='grc' dir='ltr'>ἐλλει-</span> 
     </span>
    </p>
   </div>
   <div class='ocr_carea' id='block_1_42' title="bbox 172 2723 1766 2825">
    <p class='ocr_par' dir='ltr' id='par_1_42' title="bbox 172 2723 1766 2825">
     <span class='ocr_line' id='line_1_42' title="bbox 172 2723 1766 2825; baseline -0.019 -22"><span class='ocrx_word' id='word_1_271' title='bbox 172 2756 260 2825; x_wconf 72' lang='grc' dir='ltr'>ψις</span> <span class='ocrx_word' id='word_1_272' title='bbox 294 2746 446 2800; x_wconf 82' lang='grc' dir='ltr'>ποιεῖ</span> <span class='ocrx_word' id='word_1_273' title='bbox 476 2743 587 2797; x_wconf 89' lang='grc' dir='ltr'>τῶν</span> <span class='ocrx_word' id='word_1_274' title='bbox 630 2741 756 2794; x_wconf 84' lang='grc' dir='ltr'>τότε</span> <span class='ocrx_word' id='word_1_275' title='bbox 785 2736 885 2809; x_wconf 88' lang='grc' dir='ltr'>μέν</span> <span class='ocrx_word' id='word_1_276' title='bbox 915 2731 1349 2805; x_wconf 86' lang='grc' dir='ltr'>συμϐαινόντων,</span> <span class='ocrx_word' id='word_1_277' title='bbox 1378 2726 1474 2780; x_wconf 83' lang='grc' dir='ltr'>νῦν</span> <span class='ocrx_word' id='word_1_278' title='bbox 1493 2725 1550 2778; x_wconf 77' lang='grc' dir='ltr'>δὲ</span> <span class='ocrx_word' id='word_1_279' title='bbox 1583 2723 1645 2777; x_wconf 79' lang='grc' dir='ltr'>οὐ</span> <span class='ocrx_word' id='word_1_280' title='bbox 1677 2738 1766 2791; x_wconf 87' lang='grc' dir='ltr'>γι-</span> 
     </span>
    </p>
   </div>
   <div class='ocr_carea' id='block_1_43' title="bbox 174 2815 1765 2913">
    <p class='ocr_par' dir='ltr' id='par_1_43' title="bbox 174 2815 1765 2913">
     <span class='ocr_line' id='line_1_43' title="bbox 174 2815 1765 2913; baseline -0.018 -18"><span class='ocrx_word' id='word_1_281' title='bbox 174 2815 436 2913; x_wconf 65' lang='grc' dir='ltr'>νομένων.</span> <span class='ocrx_word' id='word_1_282' title='bbox 466 2834 579 2889; x_wconf 70' lang='grc' dir='ltr'>Καὶ</span> <span class='ocrx_word' id='word_1_283' title='bbox 604 2833 750 2897; x_wconf 90' lang='grc' dir='ltr'>τίνος</span> <span class='ocrx_word' id='word_1_284' title='bbox 770 2832 958 2885; x_wconf 83' lang='grc' dir='ltr'>ἐνεκεν</span> <span class='ocrx_word' id='word_1_285' title='bbox 991 2827 1054 2881; x_wconf 86' lang='grc' dir='ltr'>οὑ</span> <span class='ocrx_word' id='word_1_286' title='bbox 1083 2824 1299 2895; x_wconf 89' lang='grc' dir='ltr'>γίνεται</span> <span class='ocrx_word' id='word_1_287' title='bbox 1323 2820 1454 2887; x_wconf 88' lang='grc' dir='ltr'>νῦν;</span> <span class='ocrx_word' id='word_1_288' title='bbox 1497 2816 1632 2871; x_wconf 81' lang='grc' dir='ltr'>Ἰδοὺ</span> <span class='ocrx_word' id='word_1_289' title='bbox 1654 2815 1765 2887; x_wconf 79' lang='grc' dir='ltr'>γάρ</span> 
     </span>
    </p>
   </div>
   <div class='ocr_carea' id='block_1_44' title="bbox 168 2908 1768 3004">
    <p class='ocr_par' dir='ltr' id='par_1_44' title="bbox 168 2908 1768 3004">
     <span class='ocr_line' id='line_1_44' title="bbox 168 2908 1768 3004; baseline -0.018 -16"><span class='ocrx_word' id='word_1_290' title='bbox 168 2908 261 2988; x_wconf 73' lang='grc' dir='ltr'>καὶ</span> <span class='ocrx_word' id='word_1_291' title='bbox 294 2933 330 3004; x_wconf 76' lang='grc' dir='ltr'><strong>ἡ</strong></span> <span class='ocrx_word' id='word_1_292' title='bbox 364 2930 524 2985; x_wconf 86' lang='grc' dir='ltr'>αίτία</span> <span class='ocrx_word' id='word_1_293' title='bbox 557 2926 721 2982; x_wconf 88' lang='grc' dir='ltr'>πάλιν</span> <span class='ocrx_word' id='word_1_294' title='bbox 748 2924 847 2996; x_wconf 87' lang='grc' dir='ltr'>τῆς</span> <span class='ocrx_word' id='word_1_295' title='bbox 880 2918 1152 2989; x_wconf 85' lang='grc' dir='ltr'>ἀσαφείας</span> <span class='ocrx_word' id='word_1_296' title='bbox 1178 2916 1369 2986; x_wconf 73' lang='grc' dir='ltr'>ἕτερον</span> <span class='ocrx_word' id='word_1_297' title='bbox 1389 2912 1525 2983; x_wconf 78' lang='grc' dir='ltr'>ἡμῖν</span> <span class='ocrx_word' id='word_1_298' title='bbox 1545 2908 1768 2979; x_wconf 79' lang='grc' dir='ltr'>ζήτημα</span> 
     </span>
    </p>
   </div>
   <div class='ocr_carea' id='block_1_45' title="bbox 169 3000 1768 3091">
    <p class='ocr_par' dir='ltr' id='par_1_45' title="bbox 169 3000 1768 3091">
     <span class='ocr_line' id='line_1_45' title="bbox 169 3000 1768 3091; baseline -0.019 -9"><span class='ocrx_word' id='word_1_299' title='bbox 169 3000 347 3085; x_wconf 66' lang='grc' dir='ltr'>ἔτεκε.</span> <span class='ocrx_word' id='word_1_300' title='bbox 380 3023 452 3076; x_wconf 88' lang='grc' dir='ltr'>Τί</span> <span class='ocrx_word' id='word_1_301' title='bbox 492 3021 695 3091; x_wconf 80' lang='grc' dir='ltr'>δήποτε</span> <span class='ocrx_word' id='word_1_302' title='bbox 727 3016 838 3087; x_wconf 87' lang='grc' dir='ltr'>γὰρ</span> <span class='ocrx_word' id='word_1_303' title='bbox 868 3014 994 3067; x_wconf 88' lang='grc' dir='ltr'>τότε</span> <span class='ocrx_word' id='word_1_304' title='bbox 1027 3010 1126 3083; x_wconf 87' lang='grc' dir='ltr'>μέν</span> <span class='ocrx_word' id='word_1_305' title='bbox 1159 3008 1392 3077; x_wconf 86' lang='grc' dir='ltr'>ἐγίνετο,</span> <span class='ocrx_word' id='word_1_306' title='bbox 1418 3002 1514 3058; x_wconf 87' lang='grc' dir='ltr'>νῦν</span> <span class='ocrx_word' id='word_1_307' title='bbox 1546 3001 1606 3054; x_wconf 85' lang='grc' dir='ltr'>δὲ</span> <span class='ocrx_word' id='word_1_308' title='bbox 1637 3000 1768 3053; x_wconf 85' lang='grc' dir='ltr'>οὑκ-</span> 
     </span>
    </p>
   </div>
   <div class='ocr_carea' id='block_1_46' title="bbox 170 3092 1766 3185">
    <p class='ocr_par' dir='ltr' id='par_1_46' title="bbox 170 3092 1766 3185">
     <span class='ocr_line' id='line_1_46' title="bbox 170 3092 1766 3185; baseline -0.019 -12"><span class='ocrx_word' id='word_1_309' title='bbox 170 3120 279 3185; x_wconf 78' lang='grc' dir='ltr'>έτι;</span> <span class='ocrx_word' id='word_1_310' title='bbox 324 3113 497 3173; x_wconf 75' lang='grc' dir='ltr'>Ἀλλά</span> <span class='ocrx_word' id='word_1_311' title='bbox 546 3111 705 3166; x_wconf 87' lang='grc' dir='ltr'>τοῦτο</span> <span class='ocrx_word' id='word_1_312' title='bbox 764 3108 863 3179; x_wconf 82' lang='grc' dir='ltr'>μὲν</span> <span class='ocrx_word' id='word_1_313' title='bbox 914 3106 996 3169; x_wconf 89' lang='grc' dir='ltr'>είς</span> <span class='ocrx_word' id='word_1_314' title='bbox 1050 3098 1207 3165; x_wconf 82' lang='grc' dir='ltr'>αὖθις</span> <span class='ocrx_word' id='word_1_315' title='bbox 1252 3092 1685 3164; x_wconf 87' lang='grc' dir='ltr'>ἀναϐαλλώμεθα</span> <span class='ocrx_word' id='word_1_316' title='bbox 1714 3102 1766 3157; x_wconf 80' lang='grc' dir='ltr'>ι,</span> 
     </span>
    </p>
   </div>
   <div class='ocr_carea' id='block_1_47' title="bbox 167 3182 1768 3275">
    <p class='ocr_par' dir='ltr' id='par_1_47' title="bbox 167 3182 1768 3275">
     <span class='ocr_line' id='line_1_47' title="bbox 167 3182 1768 3275; baseline -0.017 -11"><span class='ocrx_word' id='word_1_317' title='bbox 167 3182 305 3274; x_wconf 78' lang='grc' dir='ltr'>τὲως</span> <span class='ocrx_word' id='word_1_318' title='bbox 335 3208 399 3261; x_wconf 80' lang='grc' dir='ltr'>δὲ</span> <span class='ocrx_word' id='word_1_319' title='bbox 428 3206 505 3260; x_wconf 83' lang='grc' dir='ltr'>τὰ</span> <span class='ocrx_word' id='word_1_320' title='bbox 539 3201 911 3275; x_wconf 87' lang='grc' dir='ltr'>συμϐαίνοντα</span> <span class='ocrx_word' id='word_1_321' title='bbox 941 3197 1065 3250; x_wconf 89' lang='grc' dir='ltr'>τότε</span> <span class='ocrx_word' id='word_1_322' title='bbox 1112 3194 1385 3262; x_wconf 87' lang='grc' dir='ltr'>λέγωμεν.</span> <span class='ocrx_word' id='word_1_323' title='bbox 1431 3187 1497 3242; x_wconf 84' lang='grc' dir='ltr'>Τί</span> <span class='ocrx_word' id='word_1_324' title='bbox 1527 3182 1621 3240; x_wconf 80' lang='grc' dir='ltr'>οὖν</span> <span class='ocrx_word' id='word_1_325' title='bbox 1643 3184 1768 3238; x_wconf 89' lang='grc' dir='ltr'>τότε</span> 
     </span>
    </p>
   </div>
   <div class='ocr_carea' id='block_1_48' title="bbox 168 3277 1769 3363">
    <p class='ocr_par' dir='ltr' id='par_1_48' title="bbox 168 3277 1769 3363">
     <span class='ocr_line' id='line_1_48' title="bbox 168 3277 1769 3363; baseline -0.019 -4"><span class='ocrx_word' id='word_1_326' title='bbox 168 3300 526 3363; x_wconf 87' lang='grc' dir='ltr'>συνέϐαινεν;</span> <span class='ocrx_word' id='word_1_327' title='bbox 586 3293 654 3349; x_wconf 66' lang='lat' dir='ltr'>Et</span> <span class='ocrx_word' id='word_1_328' title='bbox 701 3310 787 3357; x_wconf 88' lang='grc' dir='ltr'>τις</span> <span class='ocrx_word' id='word_1_329' title='bbox 832 3288 1190 3352; x_wconf 87' lang='grc' dir='ltr'>ἐϐαπτίσατο,</span> <span class='ocrx_word' id='word_1_330' title='bbox 1244 3282 1523 3354; x_wconf 86' lang='grc' dir='ltr'>γλώσσαις</span> <span class='ocrx_word' id='word_1_331' title='bbox 1565 3277 1769 3341; x_wconf 76' lang='grc' dir='ltr'>εὐθέως</span> 
     </span>
    </p>
   </div>
   <div class='ocr_carea' id='block_1_49' title="bbox 168 3369 1770 3458">
    <p class='ocr_par' dir='ltr' id='par_1_49' title="bbox 168 3369 1770 3458">
     <span class='ocr_line' id='line_1_49' title="bbox 168 3369 1770 3458; baseline -0.017 -9"><span class='ocrx_word' id='word_1_332' title='bbox 168 3394 374 3458; x_wconf 82' lang='grc' dir='ltr'>ἐλάλει,</span> <span class='ocrx_word' id='word_1_333' title='bbox 417 3390 521 3444; x_wconf 83' lang='grc' dir='ltr'>καὶ</span> <span class='ocrx_word' id='word_1_334' title='bbox 573 3387 635 3441; x_wconf 81' lang='grc' dir='ltr'>οὐ</span> <span class='ocrx_word' id='word_1_335' title='bbox 687 3384 965 3454; x_wconf 88' lang='grc' dir='ltr'>γλώσσαις</span> <span class='ocrx_word' id='word_1_336' title='bbox 1006 3380 1191 3452; x_wconf 91' lang='grc' dir='ltr'>μόνον,</span> <span class='ocrx_word' id='word_1_337' title='bbox 1241 3375 1381 3429; x_wconf 91' lang='grc' dir='ltr'>ἀλλά</span> <span class='ocrx_word' id='word_1_338' title='bbox 1431 3371 1621 3428; x_wconf 72' lang='grc' dir='ltr'>πολλοὶ</span> <span class='ocrx_word' id='word_1_339' title='bbox 1674 3369 1770 3422; x_wconf 74' lang='grc' dir='ltr'>καὶ</span> 
     </span>
    </p>
   </div>
   <div class='ocr_carea' id='block_1_50' title="bbox 167 3462 1769 3563">
    <p class='ocr_par' dir='ltr' id='par_1_50' title="bbox 167 3462 1769 3563">
     <span class='ocr_line' id='line_1_50' title="bbox 167 3462 1769 3563; baseline -0.019 -20"><span class='ocrx_word' id='word_1_340' title='bbox 167 3487 579 3563; x_wconf 72' lang='grc' dir='ltr'>προεφήτευον,</span> <span class='ocrx_word' id='word_1_341' title='bbox 617 3478 770 3553; x_wconf 72' lang='lat'>[258]</span> <span class='ocrx_word' id='word_1_342' title='bbox 802 3476 950 3539; x_wconf 80' lang='grc' dir='ltr'>τινὲς</span> <span class='ocrx_word' id='word_1_343' title='bbox 975 3474 1033 3529; x_wconf 84' lang='grc' dir='ltr'>δέ</span> <span class='ocrx_word' id='word_1_344' title='bbox 1072 3472 1168 3527; x_wconf 72' lang='grc' dir='ltr'>καὶ</span> <span class='ocrx_word' id='word_1_345' title='bbox 1194 3468 1389 3536; x_wconf 82' lang='grc' dir='ltr'>ἐτέρας</span> <span class='ocrx_word' id='word_1_346' title='bbox 1420 3465 1640 3527; x_wconf 89' lang='grc' dir='ltr'>πλείους</span> <span class='ocrx_word' id='word_1_347' title='bbox 1674 3462 1769 3515; x_wconf 87' lang='grc' dir='ltr'>δυ-</span> 
     </span>
    </p>
   </div>
   <div class='ocr_carea' id='block_1_51' title="bbox 172 3555 1771 3651">
    <p class='ocr_par' dir='ltr' id='par_1_51' title="bbox 172 3555 1771 3651">
     <span class='ocr_line' id='line_1_51' title="bbox 172 3555 1771 3651; baseline -0.016 -18"><span class='ocrx_word' id='word_1_348' title='bbox 172 3555 385 3651; x_wconf 32' lang='grc' dir='ltr'>νάμεις-</span> <span class='ocrx_word' id='word_1_349' title='bbox 406 3572 816 3629; x_wconf 88' lang='grc' dir='ltr'>ἐπεδείκνυντο.</span> <span class='ocrx_word' id='word_1_350' title='bbox 868 3564 1091 3635; x_wconf 85' lang='grc' dir='ltr'>Ἐπειδὴ</span> <span class='ocrx_word' id='word_1_351' title='bbox 1115 3563 1224 3634; x_wconf 92' lang='grc' dir='ltr'>γάρ</span> <span class='ocrx_word' id='word_1_352' title='bbox 1249 3561 1357 3615; x_wconf 85' lang='grc' dir='ltr'>ἀπὸ</span> <span class='ocrx_word' id='word_1_353' title='bbox 1394 3556 1505 3610; x_wconf 88' lang='grc' dir='ltr'>τῶν</span> <span class='ocrx_word' id='word_1_354' title='bbox 1534 3555 1771 3611; x_wconf 79' lang='grc' dir='ltr'>εἰδώλων</span> 
     </span>
    </p>
   </div>
   <div class='ocr_carea' id='block_1_52' title="bbox 166 3649 1773 3744">
    <p class='ocr_par' dir='ltr' id='par_1_52' title="bbox 166 3649 1773 3744">
     <span class='ocr_line' id='line_1_52' title="bbox 166 3649 1773 3744; baseline -0.017 -15"><span class='ocrx_word' id='word_1_355' title='bbox 166 3649 525 3744; x_wconf 78' lang='grc' dir='ltr'>προσιόντες,</span> <span class='ocrx_word' id='word_1_356' title='bbox 560 3663 715 3719; x_wconf 76' lang='grc' dir='ltr'>οὐδὲν</span> <span class='ocrx_word' id='word_1_357' title='bbox 750 3660 952 3725; x_wconf 80' lang='grc' dir='ltr'>εἰδότες</span> <span class='ocrx_word' id='word_1_358' title='bbox 981 3656 1191 3727; x_wconf 82' lang='grc' dir='ltr'>σαφῶς,</span> <span class='ocrx_word' id='word_1_359' title='bbox 1214 3654 1335 3711; x_wconf 83' lang='grc' dir='ltr'>οὐδὲ</span> <span class='ocrx_word' id='word_1_360' title='bbox 1364 3653 1486 3714; x_wconf 87' lang='grc' dir='ltr'>ταῖς</span> <span class='ocrx_word' id='word_1_361' title='bbox 1508 3649 1773 3712; x_wconf 80' lang='grc' dir='ltr'>παλαιαῖς</span> 
     </span>
    </p>
   </div>
   <div class='ocr_carea' id='block_1_53' title="bbox 168 3741 1774 3836">
    <p class='ocr_par' dir='ltr' id='par_1_53' title="bbox 168 3741 1774 3836">
     <span class='ocr_line' id='line_1_53' title="bbox 168 3741 1774 3836; baseline -0.017 -17"><span class='ocrx_word' id='word_1_362' title='bbox 168 3741 552 3836; x_wconf 69' lang='grc' dir='ltr'>ἐντραφέντες</span> <span class='ocrx_word' id='word_1_363' title='bbox 584 3756 810 3829; x_wconf 86' lang='grc' dir='ltr'>βίϐλοις,</span> <span class='ocrx_word' id='word_1_364' title='bbox 866 3749 1260 3824; x_wconf 79' lang='grc' dir='ltr'>βαπτισθέντες</span> <span class='ocrx_word' id='word_1_365' title='bbox 1300 3745 1504 3807; x_wconf 81' lang='grc' dir='ltr'>εὐθέως</span> <span class='ocrx_word' id='word_1_366' title='bbox 1548 3741 1774 3812; x_wconf 80' lang='grc' dir='ltr'>Πνεῦμα</span> 
     </span>
    </p>
   </div>
   <div class='ocr_carea' id='block_1_54' title="bbox 165 3834 1774 3925">
    <p class='ocr_par' dir='ltr' id='par_1_54' title="bbox 165 3834 1774 3925">
     <span class='ocr_line' id='line_1_54' title="bbox 165 3834 1774 3925; baseline -0.016 -15"><span class='ocrx_word' id='word_1_367' title='bbox 165 3834 517 3925; x_wconf 76' lang='grc' dir='ltr'>ἐλάμϐανον,</span> <span class='ocrx_word' id='word_1_368' title='bbox 549 3849 610 3903; x_wconf 87' lang='lat'>16</span> <span class='ocrx_word' id='word_1_369' title='bbox 635 3849 693 3902; x_wconf 77' lang='grc' dir='ltr'>δὲ</span> <span class='ocrx_word' id='word_1_370' title='bbox 725 3844 951 3915; x_wconf 82' lang='grc' dir='ltr'>Πνεῦμα</span> <span class='ocrx_word' id='word_1_371' title='bbox 974 3843 1076 3913; x_wconf 81' lang='grc' dir='ltr'>οὐχ</span> <span class='ocrx_word' id='word_1_372' title='bbox 1104 3839 1292 3911; x_wconf 75' lang='grc' dir='ltr'>ἐώρων</span> <span class='ocrx_word' id='word_1_373' title='bbox 1312 3854 1327 3869; x_wconf 73' lang='grc' dir='ltr'><strong><em>ο</em></strong></span> <span class='ocrx_word' id='word_1_374' title='bbox 1384 3836 1617 3907; x_wconf 87' lang='grc' dir='ltr'>ἀόρατον</span> <span class='ocrx_word' id='word_1_375' title='bbox 1663 3834 1774 3905; x_wconf 86' lang='grc' dir='ltr'>γάρ</span> 
     </span>
    </p>
   </div>
   <div class='ocr_carea' id='block_1_55' title="bbox 166 3926 1776 4014">
    <p class='ocr_par' dir='ltr' id='par_1_55' title="bbox 166 3926 1776 4014">
     <span class='ocr_line' id='line_1_55' title="bbox 166 3926 1776 4014; baseline -0.014 -13"><span class='ocrx_word' id='word_1_376' title='bbox 166 3951 354 4002; x_wconf 86' lang='grc' dir='ltr'>ἐστιν·</span> <span class='ocrx_word' id='word_1_377' title='bbox 397 3942 669 4014; x_wconf 79' lang='grc' dir='ltr'>αῖσθητόν</span> <span class='ocrx_word' id='word_1_378' title='bbox 698 3955 822 3994; x_wconf 88' lang='grc' dir='ltr'>τινα</span> <span class='ocrx_word' id='word_1_379' title='bbox 873 3936 1097 4006; x_wconf 84' lang='grc' dir='ltr'>ἐλεγχον</span> <span class='ocrx_word' id='word_1_380' title='bbox 1140 3932 1312 3987; x_wconf 81' lang='grc' dir='ltr'>ἐδίδου</span> <span class='ocrx_word' id='word_1_381' title='bbox 1342 3929 1444 4000; x_wconf 83' lang='grc' dir='ltr'>τῆς</span> <span class='ocrx_word' id='word_1_382' title='bbox 1491 3926 1776 4001; x_wconf 78' lang='grc' dir='ltr'>ἐνεργείας</span> 
     </span>
    </p>
   </div>
   <div class='ocr_carea' id='block_1_56' title="bbox 164 4020 1779 4109">
    <p class='ocr_par' dir='ltr' id='par_1_56' title="bbox 164 4020 1779 4109">
     <span class='ocr_line' id='line_1_56' title="bbox 164 4020 1779 4109; baseline -0.014 -15"><span class='ocrx_word' id='word_1_383' title='bbox 164 4040 393 4109; x_wconf 83' lang='grc' dir='ltr'>ἐκείνης</span> <span class='ocrx_word' id='word_1_384' title='bbox 424 4039 465 4109; x_wconf 81' lang='grc' dir='ltr'>ἠ</span> <span class='ocrx_word' id='word_1_385' title='bbox 493 4036 687 4107; x_wconf 77' lang='grc' dir='ltr'>χάρις’</span> <span class='ocrx_word' id='word_1_386' title='bbox 718 4031 816 4086; x_wconf 73' lang='grc' dir='ltr'>καὶ</span> <span class='ocrx_word' id='word_1_387' title='bbox 844 4031 872 4084; x_wconf 90' lang='lat'>6</span> <span class='ocrx_word' id='word_1_388' title='bbox 900 4030 998 4101; x_wconf 85' lang='grc' dir='ltr'>μὲν</span> <span class='ocrx_word' id='word_1_389' title='bbox 1022 4030 1087 4099; x_wconf 78' lang='grc' dir='ltr'>τῇ</span> <span class='ocrx_word' id='word_1_390' title='bbox 1122 4024 1370 4097; x_wconf 87' lang='grc' dir='ltr'>Περσῶν,</span> <span class='ocrx_word' id='word_1_391' title='bbox 1401 4023 1429 4075; x_wconf 89' lang='lat'>6</span> <span class='ocrx_word' id='word_1_392' title='bbox 1456 4022 1513 4075; x_wconf 82' lang='grc' dir='ltr'>δὲ</span> <span class='ocrx_word' id='word_1_393' title='bbox 1544 4024 1611 4093; x_wconf 83' lang='grc' dir='ltr'>τῇ</span> <span class='ocrx_word' id='word_1_394' title='bbox 1645 4020 1779 4073; x_wconf 72' lang='grc' dir='ltr'>Ῥω-</span> 
     </span>
    </p>
   </div>
   <div class='ocr_carea' id='block_1_57' title="bbox 168 4108 1779 4207">
    <p class='ocr_par' dir='ltr' id='par_1_57' title="bbox 168 4108 1779 4207">
     <span class='ocr_line' id='line_1_57' title="bbox 168 4108 1779 4207; baseline -0.017 -21"><span class='ocrx_word' id='word_1_395' title='bbox 168 4131 378 4207; x_wconf 86' lang='grc' dir='ltr'>μαίων,</span> <span class='ocrx_word' id='word_1_396' title='bbox 405 4108 531 4182; x_wconf 83' lang='grc' dir='ltr'>δδέ</span> <span class='ocrx_word' id='word_1_397' title='bbox 559 4127 626 4195; x_wconf 84' lang='grc' dir='ltr'>τῇ</span> <span class='ocrx_word' id='word_1_398' title='bbox 662 4120 862 4184; x_wconf 82' lang='grc' dir='ltr'>Ἰνδῶν,</span> <span class='ocrx_word' id='word_1_399' title='bbox 897 4121 925 4172; x_wconf 88' lang='grc' dir='ltr'>ὁ</span> <span class='ocrx_word' id='word_1_400' title='bbox 965 4117 1023 4170; x_wconf 81' lang='grc' dir='ltr'>δὲ</span> <span class='ocrx_word' id='word_1_401' title='bbox 1064 4114 1229 4185; x_wconf 78' lang='grc' dir='ltr'>ἐτὲρα</span> <span class='ocrx_word' id='word_1_402' title='bbox 1276 4112 1383 4165; x_wconf 72' lang='grc' dir='ltr'>τινὶ</span> <span class='ocrx_word' id='word_1_403' title='bbox 1420 4109 1645 4181; x_wconf 81' lang='grc' dir='ltr'>τοιαύτῃ</span> <span class='ocrx_word' id='word_1_404' title='bbox 1687 4108 1779 4160; x_wconf 85' lang='grc' dir='ltr'>εὐ-</span> 
     </span>
    </p>
   </div>
   <div class='ocr_carea' id='block_1_58' title="bbox 164 4198 1779 4287">
    <p class='ocr_par' dir='ltr' id='par_1_58' title="bbox 164 4198 1779 4287">
     <span class='ocr_line' id='line_1_58' title="bbox 164 4198 1779 4287; baseline -0.017 -11"><span class='ocrx_word' id='word_1_405' title='bbox 164 4198 306 4284; x_wconf 82' lang='grc' dir='ltr'>θέως</span> <span class='ocrx_word' id='word_1_406' title='bbox 353 4215 677 4287; x_wconf 81' lang='grc' dir='ltr'>ἐφθέγγετο</span> <span class='ocrx_word' id='word_1_407' title='bbox 726 4208 969 4281; x_wconf 76' lang='grc' dir='ltr'>γλώσσηο</span> <span class='ocrx_word' id='word_1_408' title='bbox 1011 4209 1106 4259; x_wconf 65' lang='grc' dir='ltr'>καὶ</span> <span class='ocrx_word' id='word_1_409' title='bbox 1159 4202 1320 4255; x_wconf 91' lang='grc' dir='ltr'>τοῦτο</span> <span class='ocrx_word' id='word_1_410' title='bbox 1367 4200 1634 4270; x_wconf 80' lang='grc' dir='ltr'>ἐφανέρου</span> <span class='ocrx_word' id='word_1_411' title='bbox 1664 4198 1779 4259; x_wconf 84' lang='grc' dir='ltr'>τοῖς</span> 
     </span>
    </p>
   </div>
   <div class='ocr_carea' id='block_1_59' title="bbox 165 4291 1776 4382">
    <p class='ocr_par' dir='ltr' id='par_1_59' title="bbox 165 4291 1776 4382">
     <span class='ocr_line' id='line_1_59' title="bbox 165 4291 1776 4382; baseline -0.017 -13"><span class='ocrx_word' id='word_1_412' title='bbox 165 4314 403 4382; x_wconf 74' lang='grc' dir='ltr'>ἔξωθεν,</span> <span class='ocrx_word' id='word_1_413' title='bbox 453 4313 544 4365; x_wconf 81' lang='grc' dir='ltr'>ὅτι</span> <span class='ocrx_word' id='word_1_414' title='bbox 590 4304 818 4376; x_wconf 82' lang='grc' dir='ltr'>Πνεῦμά</span> <span class='ocrx_word' id='word_1_415' title='bbox 854 4304 1001 4355; x_wconf 87' lang='grc' dir='ltr'>ἐστιν</span> <span class='ocrx_word' id='word_1_416' title='bbox 1028 4300 1086 4350; x_wconf 88' lang='grc' dir='ltr'>ἐν</span> <span class='ocrx_word' id='word_1_417' title='bbox 1118 4294 1267 4366; x_wconf 81' lang='grc' dir='ltr'>αὐτῷ</span> <span class='ocrx_word' id='word_1_418' title='bbox 1292 4293 1368 4365; x_wconf 82' lang='grc' dir='ltr'>τῷ</span> <span class='ocrx_word' id='word_1_419' title='bbox 1398 4291 1776 4363; x_wconf 73' lang='grc' dir='ltr'>φθεγγομένῳ.</span> 
     </span>
    </p>
   </div>
   <div class='ocr_carea' id='block_1_60' title="bbox 164 4385 1781 4463">
    <p class='ocr_par' dir='ltr' id='par_1_60' title="bbox 164 4385 1781 4463">
     <span class='ocr_line' id='line_1_60' title="bbox 164 4385 1781 4463; baseline -0.015 -3"><span class='ocrx_word' id='word_1_420' title='bbox 164 4406 260 4460; x_wconf 89' lang='grc' dir='ltr'>Διὸ</span> <span class='ocrx_word' id='word_1_421' title='bbox 286 4404 395 4459; x_wconf 79' lang='grc' dir='ltr'>καὶ</span> <span class='ocrx_word' id='word_1_422' title='bbox 424 4399 607 4463; x_wconf 74' lang='grc' dir='ltr'>οὕτως</span> <span class='ocrx_word' id='word_1_423' title='bbox 635 4398 766 4453; x_wconf 79' lang='grc' dir='ltr'>αὐτὸ</span> <span class='ocrx_word' id='word_1_424' title='bbox 794 4394 950 4450; x_wconf 88' lang='grc' dir='ltr'>καλεῖ</span> <span class='ocrx_word' id='word_1_425' title='bbox 977 4391 1171 4460; x_wconf 78' lang='grc' dir='ltr'>λέγων’</span> <span class='ocrx_word' id='word_1_426' title='bbox 1211 4385 1482 4452; x_wconf 84' lang='grc' dir='ltr'>Ἐκάστῳ</span> <span class='ocrx_word' id='word_1_427' title='bbox 1507 4385 1575 4438; x_wconf 82' lang='grc' dir='ltr'>δὲ</span> <span class='ocrx_word' id='word_1_428' title='bbox 1602 4386 1640 4452; x_wconf 67' lang='grc' dir='ltr'>τ’]</span> <span class='ocrx_word' id='word_1_429' title='bbox 1668 4399 1781 4453; x_wconf 68' lang='grc' dir='ltr'>φα-</span> 
     </span>
    </p>
   </div>
   <div class='ocr_carea' id='block_1_61' title="bbox 163 4476 1781 4569">
    <p class='ocr_par' dir='ltr' id='par_1_61' title="bbox 163 4476 1781 4569">
     <span class='ocr_line' id='line_1_61' title="bbox 163 4476 1781 4569; baseline -0.017 -14"><span class='ocrx_word' id='word_1_430' title='bbox 163 4500 444 4569; x_wconf 81' lang='grc' dir='ltr'>νέρωσις</span> <span class='ocrx_word' id='word_1_431' title='bbox 473 4492 583 4549; x_wconf 85' lang='grc' dir='ltr'>τοῦ</span> <span class='ocrx_word' id='word_1_432' title='bbox 626 4490 975 4559; x_wconf 85' lang='grc' dir='ltr'>Πνεύματος</span> <span class='ocrx_word' id='word_1_433' title='bbox 1004 4482 1234 4538; x_wconf 82' lang='grc' dir='ltr'>δίδοται</span> <span class='ocrx_word' id='word_1_434' title='bbox 1270 4479 1420 4548; x_wconf 80' lang='grc' dir='ltr'>πρὸς</span> <span class='ocrx_word' id='word_1_435' title='bbox 1454 4478 1520 4531; x_wconf 86' lang='grc' dir='ltr'>τὸ</span> <span class='ocrx_word' id='word_1_436' title='bbox 1545 4476 1781 4546; x_wconf 67' lang='grc' dir='ltr'>συμφέ-</span> 
     </span>
    </p>
   </div>
   <div class='ocr_carea' id='block_1_62' title="bbox 162 4568 1779 4661">
    <p class='ocr_par' dir='ltr' id='par_1_62' title="bbox 162 4568 1779 4661">
     <span class='ocr_line' id='line_1_62' title="bbox 162 4568 1779 4661; baseline -0.017 -14"><span class='ocrx_word' id='word_1_437' title='bbox 162 4568 279 4661; x_wconf 67' lang='grc' dir='ltr'>ρον</span> <span class='ocrx_word' id='word_1_438' title='bbox 298 4606 316 4622; x_wconf 78' lang='grc' dir='ltr'><strong><em>ο</em></strong></span> <span class='ocrx_word' id='word_1_439' title='bbox 346 4588 427 4642; x_wconf 81' lang='grc' dir='ltr'>τὰ</span> <span class='ocrx_word' id='word_1_440' title='bbox 454 4584 775 4657; x_wconf 86' lang='grc' dir='ltr'>χαρίσματα</span> <span class='ocrx_word' id='word_1_441' title='bbox 800 4580 1110 4650; x_wconf 86' lang='grc' dir='ltr'>φανέρωσιν</span> <span class='ocrx_word' id='word_1_442' title='bbox 1131 4573 1447 4642; x_wconf 83' lang='grc' dir='ltr'>Πνεύματος</span> <span class='ocrx_word' id='word_1_443' title='bbox 1476 4568 1779 4640; x_wconf 77' lang='grc' dir='ltr'>ὀνομάζων.</span> 
     </span>
    </p>
   </div>
   <div class='ocr_carea' id='block_1_63' title="bbox 179 4663 1781 4751">
    <p class='ocr_par' dir='ltr' id='par_1_63' title="bbox 179 4663 1781 4751">
     <span class='ocr_line' id='line_1_63' title="bbox 179 4663 1781 4751; baseline -0.016 -14"><span class='ocrx_word' id='word_1_444' title='bbox 179 4681 421 4751; x_wconf 86' lang='grc' dir='ltr'>Ἐπειδὴ</span> <span class='ocrx_word' id='word_1_445' title='bbox 453 4678 568 4749; x_wconf 85' lang='grc' dir='ltr'>γὰρ</span> <span class='ocrx_word' id='word_1_446' title='bbox 598 4676 692 4731; x_wconf 71' lang='grc' dir='ltr'>καὶ</span> <span class='ocrx_word' id='word_1_447' title='bbox 724 4676 772 4727; x_wconf 77' lang='grc' dir='ltr'>οἱ</span> <span class='ocrx_word' id='word_1_448' title='bbox 798 4669 1087 4727; x_wconf 77' lang='grc' dir='ltr'>ἀπόστολοι</span> <span class='ocrx_word' id='word_1_449' title='bbox 1115 4666 1274 4719; x_wconf 88' lang='grc' dir='ltr'>τοῦτο</span> <span class='ocrx_word' id='word_1_450' title='bbox 1306 4664 1520 4735; x_wconf 87' lang='grc' dir='ltr'>πρῶτον</span> <span class='ocrx_word' id='word_1_451' title='bbox 1556 4663 1781 4732; x_wconf 87' lang='grc' dir='ltr'>σημεῖον</span> 
     </span>
    </p>
   </div>
   <div class='ocr_carea' id='block_1_64' title="bbox 164 4752 1782 4840">
    <p class='ocr_par' dir='ltr' id='par_1_64' title="bbox 164 4752 1782 4840">
     <span class='ocr_line' id='line_1_64' title="bbox 164 4752 1782 4840; baseline -0.017 -10"><span class='ocrx_word' id='word_1_452' title='bbox 164 4774 400 4840; x_wconf 76' lang='grc' dir='ltr'>ἔλαϐον,</span> <span class='ocrx_word' id='word_1_453' title='bbox 437 4769 542 4824; x_wconf 75' lang='grc' dir='ltr'>καὶ</span> <span class='ocrx_word' id='word_1_454' title='bbox 574 4768 625 4820; x_wconf 90' lang='grc' dir='ltr'>οί</span> <span class='ocrx_word' id='word_1_455' title='bbox 655 4764 838 4819; x_wconf 64' lang='grc' dir='ltr'>πιστοὶ⁵</span> <span class='ocrx_word' id='word_1_456' title='bbox 874 4760 1033 4814; x_wconf 85' lang='grc' dir='ltr'>τοῦτο</span> <span class='ocrx_word' id='word_1_457' title='bbox 1071 4755 1375 4826; x_wconf 85' lang='grc' dir='ltr'>ἐλάμϐανον</span> <span class='ocrx_word' id='word_1_458' title='bbox 1396 4753 1455 4808; x_wconf 84' lang='lat'>16</span> <span class='ocrx_word' id='word_1_459' title='bbox 1481 4753 1591 4806; x_wconf 88' lang='grc' dir='ltr'>τῶν</span> <span class='ocrx_word' id='word_1_460' title='bbox 1612 4752 1782 4820; x_wconf 81' lang='grc' dir='ltr'>γλωσ-</span> 
     </span>
    </p>
   </div>
   <div class='ocr_carea' id='block_1_65' title="bbox 168 4844 1778 4933">
    <p class='ocr_par' dir='ltr' id='par_1_65' title="bbox 168 4844 1778 4933">
     <span class='ocr_line' id='line_1_65' title="bbox 168 4844 1778 4933; baseline -0.016 -9"><span class='ocrx_word' id='word_1_461' title='bbox 168 4869 309 4933; x_wconf 85' lang='grc' dir='ltr'>σῶν,</span> <span class='ocrx_word' id='word_1_462' title='bbox 371 4865 484 4919; x_wconf 70' lang='grc' dir='ltr'>καὶ</span> <span class='ocrx_word' id='word_1_463' title='bbox 517 4860 641 4931; x_wconf 73' lang='grc' dir='ltr'>οὐχὶ</span> <span class='ocrx_word' id='word_1_464' title='bbox 673 4857 832 4911; x_wconf 83' lang='grc' dir='ltr'>τοῦτο</span> <span class='ocrx_word' id='word_1_465' title='bbox 867 4854 1048 4927; x_wconf 90' lang='grc' dir='ltr'>μόνον,</span> <span class='ocrx_word' id='word_1_466' title='bbox 1101 4850 1237 4905; x_wconf 91' lang='grc' dir='ltr'>ἀλλά</span> <span class='ocrx_word' id='word_1_467' title='bbox 1268 4849 1363 4900; x_wconf 79' lang='grc' dir='ltr'>καὶ</span> <span class='ocrx_word' id='word_1_468' title='bbox 1394 4847 1558 4916; x_wconf 70' lang='grc' dir='ltr'>ἕτερα</span> <span class='ocrx_word' id='word_1_469' title='bbox 1587 4844 1778 4898; x_wconf 78' lang='grc' dir='ltr'>πλείω.</span> 
     </span>
    </p>
   </div>
   <div class='ocr_carea' id='block_1_66' title="bbox 164 4935 1791 5028">
    <p class='ocr_par' dir='ltr' id='par_1_66' title="bbox 164 4935 1791 5028">
     <span class='ocr_line' id='line_1_66' title="bbox 164 4935 1791 5028; baseline -0.02 -10"><span class='ocrx_word' id='word_1_470' title='bbox 164 4962 286 5018; x_wconf 75' lang='grc' dir='ltr'>Καὶ</span> <span class='ocrx_word' id='word_1_471' title='bbox 344 4957 474 5028; x_wconf 83' lang='grc' dir='ltr'>γὰρ</span> <span class='ocrx_word' id='word_1_472' title='bbox 507 4955 602 5008; x_wconf 72' lang='grc' dir='ltr'>καὶ</span> <span class='ocrx_word' id='word_1_473' title='bbox 647 4950 876 5022; x_wconf 78' lang='grc' dir='ltr'>νεκροὺς</span> <span class='ocrx_word' id='word_1_474' title='bbox 936 4946 1156 5017; x_wconf 68' lang='grc' dir='ltr'>ἤγειρον</span> <span class='ocrx_word' id='word_1_475' title='bbox 1212 4940 1418 5006; x_wconf 77' lang='grc' dir='ltr'>πολλοὶ,</span> <span class='ocrx_word' id='word_1_476' title='bbox 1465 4938 1560 4992; x_wconf 77' lang='grc' dir='ltr'>καὶ</span> <span class='ocrx_word' id='word_1_477' title='bbox 1598 4935 1791 5007; x_wconf 86' lang='grc' dir='ltr'>δαίμο-</span> 
     </span>
    </p>
   </div>
   <div class='ocr_carea' id='block_1_67' title="bbox 165 5029 1789 5124">
    <p class='ocr_par' dir='ltr' id='par_1_67' title="bbox 165 5029 1789 5124">
     <span class='ocr_line' id='line_1_67' title="bbox 165 5029 1789 5124; baseline -0.017 -16"><span class='ocrx_word' id='word_1_478' title='bbox 165 5072 272 5117; x_wconf 82' lang='grc' dir='ltr'>νας</span> <span class='ocrx_word' id='word_1_479' title='bbox 305 5053 586 5124; x_wconf 69' lang='grc' dir='ltr'>ἠλαυνον,</span> <span class='ocrx_word' id='word_1_480' title='bbox 641 5044 739 5098; x_wconf 67' lang='grc' dir='ltr'>καὶ</span> <span class='ocrx_word' id='word_1_481' title='bbox 767 5040 904 5096; x_wconf 79' lang='grc' dir='ltr'>ἄλλα</span> <span class='ocrx_word' id='word_1_482' title='bbox 950 5037 1121 5092; x_wconf 88' lang='grc' dir='ltr'>πολλά</span> <span class='ocrx_word' id='word_1_483' title='bbox 1143 5035 1372 5089; x_wconf 88' lang='grc' dir='ltr'>τοιαῦτα</span> <span class='ocrx_word' id='word_1_484' title='bbox 1404 5029 1789 5102; x_wconf 81' lang='grc' dir='ltr'>ἐθαυματούρ-</span> 
     </span>
    </p>
   </div>
   <div class='ocr_carea' id='block_1_68' title="bbox 1861 2103 3447 2197">
    <p class='ocr_par' dir='ltr' id='par_1_68' title="bbox 1861 2103 3447 2197">
     <span class='ocr_line' id='line_1_68' title="bbox 1861 2103 3447 2197; baseline -0.006 -17"><span class='ocrx_word' id='word_1_485' title='bbox 1861 2124 2013 2197; x_wconf 89' lang='grc' dir='ltr'>παρά</span> <span class='ocrx_word' id='word_1_486' title='bbox 2034 2124 2131 2197; x_wconf 78' lang='grc' dir='ltr'>τὴν</span> <span class='ocrx_word' id='word_1_487' title='bbox 2154 2122 2364 2177; x_wconf 85' lang='grc' dir='ltr'>οἰκείαν</span> <span class='ocrx_word' id='word_1_488' title='bbox 2386 2121 2569 2191; x_wconf 84' lang='grc' dir='ltr'>φύσιν,</span> <span class='ocrx_word' id='word_1_489' title='bbox 2593 2103 2730 2174; x_wconf 86' lang='grc' dir='ltr'>ἀλλά</span> <span class='ocrx_word' id='word_1_490' title='bbox 2752 2118 2900 2190; x_wconf 86' lang='grc' dir='ltr'>παρά</span> <span class='ocrx_word' id='word_1_491' title='bbox 2928 2116 3027 2187; x_wconf 84' lang='grc' dir='ltr'>τὴν</span> <span class='ocrx_word' id='word_1_492' title='bbox 3051 2116 3447 2189; x_wconf 74' lang='grc' dir='ltr'>ἀγνωμοσύνην</span> 
     </span>
    </p>
   </div>
   <div class='ocr_carea' id='block_1_69' title="bbox 1859 2208 3451 2287">
    <p class='ocr_par' dir='ltr' id='par_1_69' title="bbox 1859 2208 3451 2287">
     <span class='ocr_line' id='line_1_69' title="bbox 1859 2208 3451 2287; baseline -0.005 -16"><span class='ocrx_word' id='word_1_493' title='bbox 1859 2217 1968 2271; x_wconf 90' lang='grc' dir='ltr'>τῶν</span> <span class='ocrx_word' id='word_1_494' title='bbox 2001 2214 2325 2287; x_wconf 84' lang='grc' dir='ltr'>είληφότων.</span> <span class='ocrx_word' id='word_1_495' title='bbox 2375 2213 2443 2267; x_wconf 82' lang='grc' dir='ltr'>Οἵ</span> <span class='ocrx_word' id='word_1_496' title='bbox 2466 2229 2528 2265; x_wconf 91' lang='grc' dir='ltr'>τε</span> <span class='ocrx_word' id='word_1_497' title='bbox 2574 2211 2685 2282; x_wconf 79' lang='grc' dir='ltr'>γὰρ</span> <span class='ocrx_word' id='word_1_498' title='bbox 2723 2210 2792 2264; x_wconf 87' lang='grc' dir='ltr'>τὰ</span> <span class='ocrx_word' id='word_1_499' title='bbox 2834 2211 3058 2281; x_wconf 77' lang='grc' dir='ltr'>μείζονα</span> <span class='ocrx_word' id='word_1_500' title='bbox 3092 2208 3308 2279; x_wconf 75' lang='grc' dir='ltr'>ἔχοντες</span> <span class='ocrx_word' id='word_1_501' title='bbox 3345 2211 3451 2264; x_wconf 85' lang='grc' dir='ltr'>ἐπ-</span> 
     </span>
    </p>
   </div>
   <div class='ocr_carea' id='block_1_70' title="bbox 1860 2292 3446 2382">
    <p class='ocr_par' dir='ltr' id='par_1_70' title="bbox 1860 2292 3446 2382">
     <span class='ocr_line' id='line_1_70' title="bbox 1860 2292 3446 2382; baseline -0.005 -20"><span class='ocrx_word' id='word_1_502' title='bbox 1860 2310 2054 2382; x_wconf 80' lang='grc' dir='ltr'>ῄροντο</span> <span class='ocrx_word' id='word_1_503' title='bbox 2088 2307 2228 2363; x_wconf 86' lang='grc' dir='ltr'>κατά</span> <span class='ocrx_word' id='word_1_504' title='bbox 2261 2306 2370 2360; x_wconf 85' lang='grc' dir='ltr'>τῶν</span> <span class='ocrx_word' id='word_1_505' title='bbox 2402 2306 2470 2359; x_wconf 90' lang='grc' dir='ltr'>τά</span> <span class='ocrx_word' id='word_1_506' title='bbox 2496 2303 2755 2363; x_wconf 86' lang='grc' dir='ltr'>ἐλάττονα</span> <span class='ocrx_word' id='word_1_507' title='bbox 2783 2301 3137 2372; x_wconf 78' lang='grc' dir='ltr'>κεκτημένων</span> <span class='ocrx_word' id='word_1_508' title='bbox 3156 2317 3170 2331; x_wconf 84' lang='grc'>⁶</span> <span class='ocrx_word' id='word_1_509' title='bbox 3213 2292 3360 2356; x_wconf 75' lang='grc' dir='ltr'>οὗτοι</span> <span class='ocrx_word' id='word_1_510' title='bbox 3400 2301 3446 2354; x_wconf 88' lang='lat'><em>6‘</em></span> 
     </span>
    </p>
   </div>
   <div class='ocr_carea' id='block_1_71' title="bbox 1864 2394 3451 2472">
    <p class='ocr_par' dir='ltr' id='par_1_71' title="bbox 1864 2394 3451 2472">
     <span class='ocr_line' id='line_1_71' title="bbox 1864 2394 3451 2472; baseline -0.006 -15"><span class='ocrx_word' id='word_1_511' title='bbox 1864 2399 1930 2457; x_wconf 80' lang='grc' dir='ltr'>αὖ</span> <span class='ocrx_word' id='word_1_512' title='bbox 1962 2402 2125 2456; x_wconf 87' lang='grc' dir='ltr'>πάλιν</span> <span class='ocrx_word' id='word_1_513' title='bbox 2148 2402 2367 2472; x_wconf 71' lang='grc' dir='ltr'>ἤλγουν,</span> <span class='ocrx_word' id='word_1_514' title='bbox 2411 2398 2508 2453; x_wconf 67' lang='grc' dir='ltr'>καὶ</span> <span class='ocrx_word' id='word_1_515' title='bbox 2534 2399 2649 2460; x_wconf 86' lang='grc' dir='ltr'>τοῖς</span> <span class='ocrx_word' id='word_1_516' title='bbox 2678 2396 2747 2449; x_wconf 87' lang='grc' dir='ltr'>τά</span> <span class='ocrx_word' id='word_1_517' title='bbox 2777 2394 2997 2466; x_wconf 80' lang='grc' dir='ltr'>μείζονα</span> <span class='ocrx_word' id='word_1_518' title='bbox 3039 2394 3255 2464; x_wconf 72' lang='grc' dir='ltr'>ἔχουσιν</span> <span class='ocrx_word' id='word_1_519' title='bbox 3286 2394 3451 2464; x_wconf 76' lang='grc' dir='ltr'>ἐφθόιο</span> 
     </span>
    </p>
   </div>
   <div class='ocr_carea' id='block_1_72' title="bbox 1865 2485 3448 2562">
    <p class='ocr_par' dir='ltr' id='par_1_72' title="bbox 1865 2485 3448 2562">
     <span class='ocr_line' id='line_1_72' title="bbox 1865 2485 3448 2562; baseline -0.005 -13"><span class='ocrx_word' id='word_1_520' title='bbox 1865 2512 2011 2549; x_wconf 90' lang='grc' dir='ltr'>νουν.</span> <span class='ocrx_word' id='word_1_521' title='bbox 2054 2494 2168 2546; x_wconf 74' lang='grc' dir='ltr'>Καὶ</span> <span class='ocrx_word' id='word_1_522' title='bbox 2191 2492 2352 2545; x_wconf 83' lang='grc' dir='ltr'>τοῦτο</span> <span class='ocrx_word' id='word_1_523' title='bbox 2377 2487 2584 2562; x_wconf 88' lang='grc' dir='ltr'>προῖὼν</span> <span class='ocrx_word' id='word_1_524' title='bbox 2606 2487 2885 2541; x_wconf 89' lang='grc' dir='ltr'>δείκνυσιν</span> <span class='ocrx_word' id='word_1_525' title='bbox 2915 2485 3079 2549; x_wconf 82' lang='grc' dir='ltr'>αὐτὸς</span> <span class='ocrx_word' id='word_1_526' title='bbox 3130 2488 3159 2540; x_wconf 89' lang='lat'>6</span> <span class='ocrx_word' id='word_1_527' title='bbox 3215 2485 3448 2550; x_wconf 87' lang='grc' dir='ltr'>Παῦλος.</span> 
     </span>
    </p>
   </div>
   <div class='ocr_carea' id='block_1_73' title="bbox 1877 2572 3453 2648">
    <p class='ocr_par' dir='ltr' id='par_1_73' title="bbox 1877 2572 3453 2648">
     <span class='ocr_line' id='line_1_73' title="bbox 1877 2572 3453 2648; baseline -0.008 -10"><span class='ocrx_word' id='word_1_528' title='bbox 1877 2583 2033 2638; x_wconf 76' lang='grc' dir='ltr'>Ἐπεὶ</span> <span class='ocrx_word' id='word_1_529' title='bbox 2060 2578 2154 2636; x_wconf 86' lang='grc' dir='ltr'>οὖν</span> <span class='ocrx_word' id='word_1_530' title='bbox 2188 2578 2439 2635; x_wconf 82' lang='grc' dir='ltr'>ἐντεῦθεν</span> <span class='ocrx_word' id='word_1_531' title='bbox 2467 2575 2689 2648; x_wconf 84' lang='grc' dir='ltr'>καιρίαν</span> <span class='ocrx_word' id='word_1_532' title='bbox 2726 2573 3033 2645; x_wconf 89' lang='grc' dir='ltr'>ἐλάμϐανον</span> <span class='ocrx_word' id='word_1_533' title='bbox 3057 2573 3292 2644; x_wconf 82' lang='grc' dir='ltr'>πληγὴν,</span> <span class='ocrx_word' id='word_1_534' title='bbox 3337 2572 3453 2626; x_wconf 88' lang='grc' dir='ltr'>δια-</span> 
     </span>
    </p>
   </div>
   <div class='ocr_carea' id='block_1_74' title="bbox 1862 2664 3454 2748">
    <p class='ocr_par' dir='ltr' id='par_1_74' title="bbox 1862 2664 3454 2748">
     <span class='ocr_line' id='line_1_74' title="bbox 1862 2664 3454 2748; baseline -0.009 -17"><span class='ocrx_word' id='word_1_535' title='bbox 1862 2676 2135 2748; x_wconf 87' lang='grc' dir='ltr'>λυομένης</span> <span class='ocrx_word' id='word_1_536' title='bbox 2171 2675 2358 2735; x_wconf 83' lang='grc' dir='ltr'>αὐτοῖς</span> <span class='ocrx_word' id='word_1_537' title='bbox 2388 2672 2491 2742; x_wconf 79' lang='grc' dir='ltr'>τῆς</span> <span class='ocrx_word' id='word_1_538' title='bbox 2535 2671 2781 2740; x_wconf 77' lang='grc' dir='ltr'>ἀγάπης,</span> <span class='ocrx_word' id='word_1_539' title='bbox 2822 2665 3026 2737; x_wconf 86' lang='grc' dir='ltr'>πολλὴν</span> <span class='ocrx_word' id='word_1_540' title='bbox 3060 2664 3294 2736; x_wconf 81' lang='grc' dir='ltr'>σπουδὴν</span> <span class='ocrx_word' id='word_1_541' title='bbox 3331 2682 3454 2719; x_wconf 88' lang='grc' dir='ltr'>ποι-</span> 
     </span>
    </p>
   </div>
   <div class='ocr_carea' id='block_1_75' title="bbox 1865 2754 3456 2836">
    <p class='ocr_par' dir='ltr' id='par_1_75' title="bbox 1865 2754 3456 2836">
     <span class='ocr_line' id='line_1_75' title="bbox 1865 2754 3456 2836; baseline -0.011 -12"><span class='ocrx_word' id='word_1_542' title='bbox 1865 2773 2029 2836; x_wconf 85' lang='grc' dir='ltr'>εἷται,</span> <span class='ocrx_word' id='word_1_543' title='bbox 2068 2767 2210 2821; x_wconf 82' lang='grc' dir='ltr'>ὥστε</span> <span class='ocrx_word' id='word_1_544' title='bbox 2253 2765 2387 2820; x_wconf 74' lang='grc' dir='ltr'>αὐτὸ</span> <span class='ocrx_word' id='word_1_545' title='bbox 2426 2762 2741 2834; x_wconf 84' lang='grc' dir='ltr'>διορθῶσαι.</span> <span class='ocrx_word' id='word_1_546' title='bbox 2771 2758 2978 2829; x_wconf 86' lang='grc' dir='ltr'>Συνέϐη</span> <span class='ocrx_word' id='word_1_547' title='bbox 3016 2758 3114 2828; x_wconf 84' lang='grc' dir='ltr'>μὲν</span> <span class='ocrx_word' id='word_1_548' title='bbox 3150 2757 3260 2828; x_wconf 87' lang='grc' dir='ltr'>γὰρ</span> <span class='ocrx_word' id='word_1_549' title='bbox 3293 2754 3456 2809; x_wconf 88' lang='grc' dir='ltr'>τοῦτο</span> 
     </span>
    </p>
   </div>
   <div class='ocr_carea' id='block_1_76' title="bbox 1866 2848 3454 2931">
    <p class='ocr_par' dir='ltr' id='par_1_76' title="bbox 1866 2848 3454 2931">
     <span class='ocr_line' id='line_1_76' title="bbox 1866 2848 3454 2931; baseline -0.008 -15"><span class='ocrx_word' id='word_1_550' title='bbox 1866 2862 1964 2917; x_wconf 72' lang='grc' dir='ltr'>καὶ</span> <span class='ocrx_word' id='word_1_551' title='bbox 1996 2862 2054 2914; x_wconf 91' lang='grc' dir='ltr'>ἐν</span> <span class='ocrx_word' id='word_1_552' title='bbox 2088 2861 2155 2931; x_wconf 76' lang='grc' dir='ltr'>τῇ</span> <span class='ocrx_word' id='word_1_553' title='bbox 2188 2856 2402 2929; x_wconf 78' lang='grc' dir='ltr'>Ῥώμῃ,</span> <span class='ocrx_word' id='word_1_554' title='bbox 2436 2855 2553 2909; x_wconf 89' lang='grc' dir='ltr'>ἀλλ’</span> <span class='ocrx_word' id='word_1_555' title='bbox 2579 2855 2678 2925; x_wconf 84' lang='grc' dir='ltr'>οὐχ</span> <span class='ocrx_word' id='word_1_556' title='bbox 2705 2853 2883 2907; x_wconf 72' lang='grc' dir='ltr'>οὕτωσ</span> <span class='ocrx_word' id='word_1_557' title='bbox 2943 2850 3134 2921; x_wconf 85' lang='grc' dir='ltr'>διόπερ</span> <span class='ocrx_word' id='word_1_558' title='bbox 3162 2848 3259 2903; x_wconf 75' lang='grc' dir='ltr'>καὶ</span> <span class='ocrx_word' id='word_1_559' title='bbox 3291 2850 3349 2904; x_wconf 88' lang='grc' dir='ltr'>ἐν</span> <span class='ocrx_word' id='word_1_560' title='bbox 3385 2851 3454 2921; x_wconf 81' lang='grc' dir='ltr'>τῇ</span> 
     </span>
    </p>
   </div>
   <div class='ocr_carea' id='block_1_77' title="bbox 1867 2942 3458 3026">
    <p class='ocr_par' dir='ltr' id='par_1_77' title="bbox 1867 2942 3458 3026">
     <span class='ocr_line' id='line_1_77' title="bbox 1867 2942 3458 3026; baseline -0.01 -17"><span class='ocrx_word' id='word_1_561' title='bbox 1867 2953 2006 3026; x_wconf 81' lang='grc' dir='ltr'>πρὸς</span> <span class='ocrx_word' id='word_1_562' title='bbox 2034 2949 2342 3021; x_wconf 86' lang='grc' dir='ltr'>Ῥωμαίους</span> <span class='ocrx_word' id='word_1_563' title='bbox 2376 2945 2667 3017; x_wconf 80' lang='grc' dir='ltr'>Ἐπιστολῇ</span> <span class='ocrx_word' id='word_1_564' title='bbox 2700 2945 2842 2998; x_wconf 87' lang='grc' dir='ltr'>κινεῖ</span> <span class='ocrx_word' id='word_1_565' title='bbox 2873 2943 2970 3015; x_wconf 83' lang='grc' dir='ltr'>μὲν</span> <span class='ocrx_word' id='word_1_566' title='bbox 3000 2942 3155 3005; x_wconf 80' lang='grc' dir='ltr'>αὐτὸ,</span> <span class='ocrx_word' id='word_1_567' title='bbox 3180 2957 3458 2994; x_wconf 73' lang='grc' dir='ltr'>συνεσκία-</span> 
     </span>
    </p>
   </div>
   <div class='ocr_carea' id='block_1_78' title="bbox 1870 3034 3457 3116">
    <p class='ocr_par' dir='ltr' id='par_1_78' title="bbox 1870 3034 3457 3116">
     <span class='ocr_line' id='line_1_78' title="bbox 1870 3034 3457 3116; baseline -0.009 -17"><span class='ocrx_word' id='word_1_568' title='bbox 1870 3046 2084 3116; x_wconf 86' lang='grc' dir='ltr'>σμένως</span> <span class='ocrx_word' id='word_1_569' title='bbox 2117 3042 2173 3095; x_wconf 78' lang='grc' dir='ltr'>δὲ</span> <span class='ocrx_word' id='word_1_570' title='bbox 2218 3042 2312 3095; x_wconf 71' lang='grc' dir='ltr'>καὶ</span> <span class='ocrx_word' id='word_1_571' title='bbox 2361 3041 2418 3093; x_wconf 85' lang='grc' dir='ltr'>ἐν</span> <span class='ocrx_word' id='word_1_572' title='bbox 2461 3036 2676 3109; x_wconf 84' lang='grc' dir='ltr'>βραχεῖ,</span> <span class='ocrx_word' id='word_1_573' title='bbox 2724 3035 2901 3105; x_wconf 88' lang='grc' dir='ltr'>λέγων</span> <span class='ocrx_word' id='word_1_574' title='bbox 2942 3035 3123 3088; x_wconf 72' lang='grc' dir='ltr'>οὕτωσ</span> <span class='ocrx_word' id='word_1_575' title='bbox 3175 3034 3457 3099; x_wconf 80' lang='grc' dir='ltr'>Καθάπερ</span> 
     </span>
    </p>
   </div>
   <div class='ocr_carea' id='block_1_79' title="bbox 1868 3126 3453 3207">
    <p class='ocr_par' dir='ltr' id='par_1_79' title="bbox 1868 3126 3453 3207">
     <span class='ocr_line' id='line_1_79' title="bbox 1868 3126 3453 3207; baseline -0.007 -17"><span class='ocrx_word' id='word_1_576' title='bbox 1868 3137 1982 3207; x_wconf 76' lang='grc' dir='ltr'>γὰρ</span> <span class='ocrx_word' id='word_1_577' title='bbox 2011 3136 2081 3189; x_wconf 83' lang='grc' dir='ltr'>ἐν</span> <span class='ocrx_word' id='word_1_578' title='bbox 2124 3134 2217 3188; x_wconf 80' lang='grc' dir='ltr'>ἐνὶ</span> <span class='ocrx_word' id='word_1_579' title='bbox 2274 3131 2505 3200; x_wconf 86' lang='grc' dir='ltr'>σώματι</span> <span class='ocrx_word' id='word_1_580' title='bbox 2538 3127 2698 3200; x_wconf 79' lang='grc' dir='ltr'>μέλη</span> <span class='ocrx_word' id='word_1_581' title='bbox 2731 3127 2936 3182; x_wconf 72' lang='grc' dir='ltr'>πολλὰ</span> <span class='ocrx_word' id='word_1_582' title='bbox 2963 3126 3206 3195; x_wconf 74' lang='grc' dir='ltr'>ἔχομεν,</span> <span class='ocrx_word' id='word_1_583' title='bbox 3262 3127 3335 3180; x_wconf 82' lang='grc' dir='ltr'>τὰ</span> <span class='ocrx_word' id='word_1_584' title='bbox 3382 3126 3453 3179; x_wconf 83' lang='grc' dir='ltr'>δὲ</span> 
     </span>
    </p>
   </div>
   <div class='ocr_carea' id='block_1_80' title="bbox 1864 3214 3458 3296">
    <p class='ocr_par' dir='ltr' id='par_1_80' title="bbox 1864 3214 3458 3296">
     <span class='ocr_line' id='line_1_80' title="bbox 1864 3214 3458 3296; baseline -0.008 -16"><span class='ocrx_word' id='word_1_585' title='bbox 1864 3226 2023 3296; x_wconf 79' lang='grc' dir='ltr'>μέλη</span> <span class='ocrx_word' id='word_1_586' title='bbox 2057 3224 2255 3278; x_wconf 82' lang='grc' dir='ltr'>πάντα</span> <span class='ocrx_word' id='word_1_587' title='bbox 2312 3223 2384 3276; x_wconf 86' lang='grc' dir='ltr'>οὐ</span> <span class='ocrx_word' id='word_1_588' title='bbox 2433 3220 2550 3287; x_wconf 75' lang='grc' dir='ltr'>τὴν</span> <span class='ocrx_word' id='word_1_589' title='bbox 2591 3216 2789 3285; x_wconf 77' lang='grc' dir='ltr'>αὐτὴν</span> <span class='ocrx_word' id='word_1_590' title='bbox 2824 3216 2950 3285; x_wconf 75' lang='grc' dir='ltr'>ἔχει</span> <span class='ocrx_word' id='word_1_591' title='bbox 2980 3215 3236 3283; x_wconf 76' lang='grc' dir='ltr'>πρᾶξινο</span> <span class='ocrx_word' id='word_1_592' title='bbox 3267 3214 3458 3280; x_wconf 61' lang='grc' dir='ltr'>οὕτως</span> 
     </span>
    </p>
   </div>
   <div class='ocr_carea' id='block_1_81' title="bbox 1870 3306 3457 3382">
    <p class='ocr_par' dir='ltr' id='par_1_81' title="bbox 1870 3306 3457 3382">
     <span class='ocr_line' id='line_1_81' title="bbox 1870 3306 3457 3382; baseline -0.008 -10"><span class='ocrx_word' id='word_1_593' title='bbox 1870 3320 1925 3372; x_wconf 83' lang='lat' dir='ltr'>al</span> <span class='ocrx_word' id='word_1_594' title='bbox 1954 3315 2177 3372; x_wconf 74' lang='grc' dir='ltr'>πολλοὶ</span> <span class='ocrx_word' id='word_1_595' title='bbox 2227 3314 2298 3369; x_wconf 78' lang='grc' dir='ltr'>ἓν</span> <span class='ocrx_word' id='word_1_596' title='bbox 2343 3311 2518 3382; x_wconf 84' lang='grc' dir='ltr'>σῶμά</span> <span class='ocrx_word' id='word_1_597' title='bbox 2562 3311 2754 3379; x_wconf 87' lang='grc' dir='ltr'>ἐσμεν</span> <span class='ocrx_word' id='word_1_598' title='bbox 2785 3309 2847 3362; x_wconf 73' lang='grc' dir='ltr'>ἐν</span> <span class='ocrx_word' id='word_1_599' title='bbox 2882 3306 3142 3376; x_wconf 82' lang='grc' dir='ltr'>Χριστῷ,</span> <span class='ocrx_word' id='word_1_600' title='bbox 3167 3310 3201 3363; x_wconf 84' lang='grc' dir='ltr'>ό</span> <span class='ocrx_word' id='word_1_601' title='bbox 3230 3306 3301 3361; x_wconf 82' lang='grc' dir='ltr'>δὲ</span> <span class='ocrx_word' id='word_1_602' title='bbox 3325 3306 3457 3361; x_wconf 63' lang='grc' dir='ltr'>καυθ</span> 
     </span>
    </p>
   </div>
   <div class='ocr_carea' id='block_1_82' title="bbox 1868 3398 3459 3477">
    <p class='ocr_par' dir='ltr' id='par_1_82' title="bbox 1868 3398 3459 3477">
     <span class='ocr_line' id='line_1_82' title="bbox 1868 3398 3459 3477; baseline -0.007 -12"><span class='ocrx_word' id='word_1_603' title='bbox 1868 3405 1978 3477; x_wconf 82' lang='grc' dir='ltr'>εἷς,</span> <span class='ocrx_word' id='word_1_604' title='bbox 2013 3407 2305 3475; x_wconf 74' lang='grc' dir='ltr'>ἀλλήλων</span> <span class='ocrx_word' id='word_1_605' title='bbox 2328 3404 2506 3475; x_wconf 79' lang='grc' dir='ltr'>μέλη.</span> <span class='ocrx_word' id='word_1_606' title='bbox 2530 3404 2821 3471; x_wconf 81' lang='grc' dir='ltr'>Ἔχοντες</span> <span class='ocrx_word' id='word_1_607' title='bbox 2857 3398 2927 3453; x_wconf 78' lang='grc' dir='ltr'>δὲ</span> <span class='ocrx_word' id='word_1_608' title='bbox 2950 3400 3289 3470; x_wconf 76' lang='grc' dir='ltr'>χαρίσματα</span> <span class='ocrx_word' id='word_1_609' title='bbox 3308 3400 3459 3454; x_wconf 80' lang='grc' dir='ltr'>κατὰ</span> 
     </span>
    </p>
   </div>
   <div class='ocr_carea' id='block_1_83' title="bbox 1869 3491 3464 3573">
    <p class='ocr_par' dir='ltr' id='par_1_83' title="bbox 1869 3491 3464 3573">
     <span class='ocr_line' id='line_1_83' title="bbox 1869 3491 3464 3573; baseline -0.009 -13"><span class='ocrx_word' id='word_1_610' title='bbox 1869 3504 1986 3573; x_wconf 81' lang='grc' dir='ltr'>τὴν</span> <span class='ocrx_word' id='word_1_611' title='bbox 2015 3503 2192 3573; x_wconf 82' lang='grc' dir='ltr'>χάριν</span> <span class='ocrx_word' id='word_1_612' title='bbox 2216 3502 2333 3568; x_wconf 84' lang='grc' dir='ltr'>τὴν</span> <span class='ocrx_word' id='word_1_613' title='bbox 2370 3497 2657 3553; x_wconf 87' lang='grc' dir='ltr'>δοθεῖσαν</span> <span class='ocrx_word' id='word_1_614' title='bbox 2686 3493 2834 3564; x_wconf 69' lang='grc' dir='ltr'>ἡμῖν</span> <span class='ocrx_word' id='word_1_615' title='bbox 2858 3491 3133 3562; x_wconf 67' lang='grc' dir='ltr'>διάφορα,</span> <span class='ocrx_word' id='word_1_616' title='bbox 3166 3493 3290 3546; x_wconf 77' lang='grc' dir='ltr'>εἶτε</span> <span class='ocrx_word' id='word_1_617' title='bbox 3324 3508 3464 3561; x_wconf 83' lang='grc' dir='ltr'>προ-</span> 
     </span>
    </p>
   </div>
   <div class='ocr_carea' id='block_1_84' title="bbox 1870 3585 3464 3668">
    <p class='ocr_par' dir='ltr' id='par_1_84' title="bbox 1870 3585 3464 3668">
     <span class='ocr_line' id='line_1_84' title="bbox 1870 3585 3464 3668; baseline -0.008 -17"><span class='ocrx_word' id='word_1_618' title='bbox 1870 3596 2144 3668; x_wconf 75' lang='grc' dir='ltr'>φητείαν,</span> <span class='ocrx_word' id='word_1_619' title='bbox 2171 3592 2324 3648; x_wconf 85' lang='grc' dir='ltr'>κατὰ</span> <span class='ocrx_word' id='word_1_620' title='bbox 2350 3590 2468 3658; x_wconf 83' lang='grc' dir='ltr'>τὴν</span> <span class='ocrx_word' id='word_1_621' title='bbox 2490 3587 2828 3655; x_wconf 70' lang='grc' dir='ltr'>ἀναλογίαν</span> <span class='ocrx_word' id='word_1_622' title='bbox 2872 3585 2985 3654; x_wconf 83' lang='grc' dir='ltr'>τῆς</span> <span class='ocrx_word' id='word_1_623' title='bbox 3024 3586 3307 3651; x_wconf 80' lang='grc' dir='ltr'>πίστεως,</span> <span class='ocrx_word' id='word_1_624' title='bbox 3339 3585 3464 3639; x_wconf 77' lang='grc' dir='ltr'>εἴτε</span> 
     </span>
    </p>
   </div>
   <div class='ocr_carea' id='block_1_85' title="bbox 1871 3673 3463 3754">
    <p class='ocr_par' dir='ltr' id='par_1_85' title="bbox 1871 3673 3463 3754">
     <span class='ocr_line' id='line_1_85' title="bbox 1871 3673 3463 3754; baseline -0.008 -11"><span class='ocrx_word' id='word_1_625' title='bbox 1871 3687 2201 3751; x_wconf 85' lang='grc' dir='ltr'>διακονίαν,</span> <span class='ocrx_word' id='word_1_626' title='bbox 2225 3685 2295 3739; x_wconf 84' lang='grc' dir='ltr'>ἐν</span> <span class='ocrx_word' id='word_1_627' title='bbox 2322 3683 2398 3754; x_wconf 79' lang='grc' dir='ltr'>τῇ</span> <span class='ocrx_word' id='word_1_628' title='bbox 2424 3681 2719 3748; x_wconf 84' lang='grc' dir='ltr'>διακονίᾳ,</span> <span class='ocrx_word' id='word_1_629' title='bbox 2744 3679 2866 3733; x_wconf 82' lang='grc' dir='ltr'>είτε</span> <span class='ocrx_word' id='word_1_630' title='bbox 2888 3681 2923 3733; x_wconf 85' lang='grc' dir='ltr'><em>ὀ</em></span> <span class='ocrx_word' id='word_1_631' title='bbox 2941 3677 3266 3745; x_wconf 80' lang='grc' dir='ltr'>διδάσκων,</span> <span class='ocrx_word' id='word_1_632' title='bbox 3291 3676 3363 3730; x_wconf 82' lang='grc' dir='ltr'>ὲν</span> <span class='ocrx_word' id='word_1_633' title='bbox 3386 3673 3463 3745; x_wconf 83' lang='grc' dir='ltr'>τῇ</span> 
     </span>
    </p>
   </div>
   <div class='ocr_carea' id='block_1_86' title="bbox 1873 3768 3464 3847">
    <p class='ocr_par' dir='ltr' id='par_1_86' title="bbox 1873 3768 3464 3847">
     <span class='ocr_line' id='line_1_86' title="bbox 1873 3768 3464 3847; baseline -0.009 -9"><span class='ocrx_word' id='word_1_634' title='bbox 1873 3780 2263 3847; x_wconf 73' lang='grc' dir='ltr'>διδασκαλίᾳ.</span> <span class='ocrx_word' id='word_1_635' title='bbox 2280 3779 2402 3832; x_wconf 78' lang='grc' dir='ltr'>Ὀτι</span> <span class='ocrx_word' id='word_1_636' title='bbox 2433 3775 2490 3829; x_wconf 84' lang='grc' dir='ltr'>δὲ</span> <span class='ocrx_word' id='word_1_637' title='bbox 2516 3774 2611 3828; x_wconf 79' lang='grc' dir='ltr'>καὶ</span> <span class='ocrx_word' id='word_1_638' title='bbox 2638 3775 2839 3827; x_wconf 85' lang='grc' dir='ltr'>ἐκεῖνοι</span> <span class='ocrx_word' id='word_1_639' title='bbox 2869 3773 2949 3836; x_wconf 88' lang='grc' dir='ltr'>είς</span> <span class='ocrx_word' id='word_1_640' title='bbox 2980 3771 3242 3824; x_wconf 84' lang='grc' dir='ltr'>ἀπόνοιαν</span> <span class='ocrx_word' id='word_1_641' title='bbox 3274 3768 3464 3824; x_wconf 86' lang='grc' dir='ltr'>ἐντεῦ-</span> 
     </span>
    </p>
   </div>
   <div class='ocr_carea' id='block_1_87' title="bbox 1877 3859 3467 3940">
    <p class='ocr_par' dir='ltr' id='par_1_87' title="bbox 1877 3859 3467 3940">
     <span class='ocr_line' id='line_1_87' title="bbox 1877 3859 3467 3940; baseline -0.011 -11"><span class='ocrx_word' id='word_1_642' title='bbox 1877 3875 1968 3929; x_wconf 91' lang='grc' dir='ltr'>θεν</span> <span class='ocrx_word' id='word_1_643' title='bbox 1994 3872 2310 3939; x_wconf 78' lang='grc' dir='ltr'>ἐνέπιπτον,</span> <span class='ocrx_word' id='word_1_644' title='bbox 2341 3869 2647 3940; x_wconf 85' lang='grc' dir='ltr'>ἀρχόμενος</span> <span class='ocrx_word' id='word_1_645' title='bbox 2696 3863 2919 3937; x_wconf 68' lang='grc' dir='ltr'>ᾐνίξατο</span> <span class='ocrx_word' id='word_1_646' title='bbox 2956 3860 3136 3923; x_wconf 83' lang='grc' dir='ltr'>τοῦτο,</span> <span class='ocrx_word' id='word_1_647' title='bbox 3168 3859 3342 3924; x_wconf 81' lang='grc' dir='ltr'>οὓτως</span> <span class='ocrx_word' id='word_1_648' title='bbox 3386 3859 3467 3913; x_wconf 81' lang='grc' dir='ltr'>εί-</span> 
     </span>
    </p>
   </div>
   <div class='ocr_carea' id='block_1_88' title="bbox 1876 3953 3467 4036">
    <p class='ocr_par' dir='ltr' id='par_1_88' title="bbox 1876 3953 3467 4036">
     <span class='ocr_line' id='line_1_88' title="bbox 1876 3953 3467 4036; baseline -0.01 -14"><span class='ocrx_word' id='word_1_649' title='bbox 1876 3968 2025 4022; x_wconf 76' lang='grc' dir='ltr'>πώνο</span> <span class='ocrx_word' id='word_1_650' title='bbox 2076 3964 2239 4036; x_wconf 78' lang='grc' dir='ltr'>Λέγω</span> <span class='ocrx_word' id='word_1_651' title='bbox 2287 3962 2398 4032; x_wconf 76' lang='grc' dir='ltr'>γὰρ</span> <span class='ocrx_word' id='word_1_652' title='bbox 2430 3959 2532 4014; x_wconf 84' lang='grc' dir='ltr'>διὰ</span> <span class='ocrx_word' id='word_1_653' title='bbox 2587 3956 2699 4028; x_wconf 81' lang='grc' dir='ltr'>τῆς</span> <span class='ocrx_word' id='word_1_654' title='bbox 2748 3956 2994 4028; x_wconf 85' lang='grc' dir='ltr'>χάριτος</span> <span class='ocrx_word' id='word_1_655' title='bbox 3045 3953 3154 4022; x_wconf 84' lang='grc' dir='ltr'>τῆς</span> <span class='ocrx_word' id='word_1_656' title='bbox 3182 3954 3467 4021; x_wconf 82' lang='grc' dir='ltr'>δοθείσης</span> 
     </span>
    </p>
   </div>
   <div class='ocr_carea' id='block_1_89' title="bbox 1872 4046 3464 4130">
    <p class='ocr_par' dir='ltr' id='par_1_89' title="bbox 1872 4046 3464 4130">
     <span class='ocr_line' id='line_1_89' title="bbox 1872 4046 3464 4130; baseline -0.009 -17"><span class='ocrx_word' id='word_1_657' title='bbox 1872 4077 1970 4130; x_wconf 85' lang='grc' dir='ltr'>μοι</span> <span class='ocrx_word' id='word_1_658' title='bbox 2011 4057 2190 4111; x_wconf 78' lang='grc' dir='ltr'>παντὶ</span> <span class='ocrx_word' id='word_1_659' title='bbox 2232 4054 2312 4120; x_wconf 83' lang='grc' dir='ltr'>τῷ</span> <span class='ocrx_word' id='word_1_660' title='bbox 2350 4053 2478 4106; x_wconf 82' lang='grc' dir='ltr'>ὄντι</span> <span class='ocrx_word' id='word_1_661' title='bbox 2503 4052 2587 4123; x_wconf 42' lang='grc' dir='ltr'>ἐν,</span> <span class='ocrx_word' id='word_1_662' title='bbox 2601 4050 2745 4120; x_wconf 84' lang='grc' dir='ltr'>ὑμῖν</span> <span class='ocrx_word' id='word_1_663' title='bbox 2766 4050 2854 4119; x_wconf 81' lang='grc' dir='ltr'>μὴ</span> <span class='ocrx_word' id='word_1_664' title='bbox 2884 4046 3289 4117; x_wconf 72' lang='grc' dir='ltr'>ὑπερφρονεῖν</span> <span class='ocrx_word' id='word_1_665' title='bbox 3325 4046 3464 4115; x_wconf 79' lang='grc' dir='ltr'>παρ’</span> 
     </span>
    </p>
   </div>
   <div class='ocr_carea' id='block_1_90' title="bbox 1878 4137 3465 4218">
    <p class='ocr_par' dir='ltr' id='par_1_90' title="bbox 1878 4137 3465 4218">
     <span class='ocr_line' id='line_1_90' title="bbox 1878 4137 3465 4218; baseline -0.008 -13"><span class='ocrx_word' id='word_1_666' title='bbox 1878 4151 1909 4205; x_wconf 85' lang='grc' dir='ltr'><strong>ὃ</strong></span> <span class='ocrx_word' id='word_1_667' title='bbox 1936 4149 2031 4203; x_wconf 85' lang='grc' dir='ltr'>δεῖ</span> <span class='ocrx_word' id='word_1_668' title='bbox 2057 4145 2326 4218; x_wconf 68' lang='grc' dir='ltr'>φρονεῖν,</span> <span class='ocrx_word' id='word_1_669' title='bbox 2372 4144 2536 4198; x_wconf 71' lang='grc' dir='ltr'>ἀλλὰ</span> <span class='ocrx_word' id='word_1_670' title='bbox 2586 4140 2834 4211; x_wconf 69' lang='grc' dir='ltr'>φρονεῖν</span> <span class='ocrx_word' id='word_1_671' title='bbox 2878 4143 2966 4205; x_wconf 80' lang='grc' dir='ltr'>είς</span> <span class='ocrx_word' id='word_1_672' title='bbox 3008 4141 3072 4193; x_wconf 88' lang='grc' dir='ltr'>τὸ</span> <span class='ocrx_word' id='word_1_673' title='bbox 3105 4137 3465 4208; x_wconf 74' lang='grc' dir='ltr'>σωφρονεῖν,</span> 
     </span>
    </p>
   </div>
   <div class='ocr_carea' id='block_1_91' title="bbox 1879 4227 3467 4307">
    <p class='ocr_par' dir='ltr' id='par_1_91' title="bbox 1879 4227 3467 4307">
     <span class='ocr_line' id='line_1_91' title="bbox 1879 4227 3467 4307; baseline -0.01 -11"><span class='ocrx_word' id='word_1_674' title='bbox 1879 4241 2113 4307; x_wconf 78' lang='grc' dir='ltr'>ἑκάστῳ</span> <span class='ocrx_word' id='word_1_675' title='bbox 2135 4238 2215 4303; x_wconf 88' lang='grc' dir='ltr'>ὡς</span> <span class='ocrx_word' id='word_1_676' title='bbox 2238 4239 2270 4290; x_wconf 90' lang='grc' dir='ltr'>ό</span> <span class='ocrx_word' id='word_1_677' title='bbox 2296 4236 2441 4300; x_wconf 86' lang='grc' dir='ltr'>Θεὸς</span> <span class='ocrx_word' id='word_1_678' title='bbox 2464 4231 2705 4303; x_wconf 84' lang='grc' dir='ltr'>ἐμέρισε</span> <span class='ocrx_word' id='word_1_679' title='bbox 2726 4230 2948 4307; x_wconf 81' lang='grc' dir='ltr'>μέτρον</span> <span class='ocrx_word' id='word_1_680' title='bbox 2968 4230 3247 4294; x_wconf 82' lang='grc' dir='ltr'>πίστεως.</span> <span class='ocrx_word' id='word_1_681' title='bbox 3288 4227 3467 4282; x_wconf 87' lang='grc' dir='ltr'>Ἐκεί-</span> 
     </span>
    </p>
   </div>
   <div class='ocr_carea' id='block_1_92' title="bbox 1880 4302 3469 4405">
    <p class='ocr_par' dir='ltr' id='par_1_92' title="bbox 1880 4302 3469 4405">
     <span class='ocr_line' id='line_1_92' title="bbox 1880 4302 3469 4405; baseline -0.017 -16"><span class='ocrx_word' id='word_1_682' title='bbox 1880 4352 1993 4398; x_wconf 85' lang='grc' dir='ltr'>νοις</span> <span class='ocrx_word' id='word_1_683' title='bbox 2026 4302 2126 4405; x_wconf 62' lang='grc' dir='ltr'>μέν</span> <span class='ocrx_word' id='word_1_684' title='bbox 2154 4302 2248 4384; x_wconf 80' lang='grc' dir='ltr'>οῦν</span> <span class='ocrx_word' id='word_1_685' title='bbox 2289 4327 2431 4401; x_wconf 79' lang='grc' dir='ltr'>(οὐδὲ</span> <span class='ocrx_word' id='word_1_686' title='bbox 2456 4302 2566 4397; x_wconf 85' lang='grc' dir='ltr'>γάρ</span> <span class='ocrx_word' id='word_1_687' title='bbox 2603 4324 2742 4377; x_wconf 80' lang='grc' dir='ltr'>πολὺ</span> <span class='ocrx_word' id='word_1_688' title='bbox 2785 4322 2847 4376; x_wconf 83' lang='grc' dir='ltr'>τὸ</span> <span class='ocrx_word' id='word_1_689' title='bbox 2881 4302 3094 4392; x_wconf 82' lang='grc' dir='ltr'>νόσημα</span> <span class='ocrx_word' id='word_1_690' title='bbox 3120 4316 3188 4391; x_wconf 78' lang='grc' dir='ltr'>ἦν</span> <span class='ocrx_word' id='word_1_691' title='bbox 3221 4320 3321 4389; x_wconf 79' lang='grc' dir='ltr'>τῆς</span> <span class='ocrx_word' id='word_1_692' title='bbox 3351 4319 3469 4373; x_wconf 80' lang='grc' dir='ltr'>δια-</span> 
     </span>
    </p>
   </div>
   <div class='ocr_carea' id='block_1_93' title="bbox 1886 4412 3469 4490">
    <p class='ocr_par' dir='ltr' id='par_1_93' title="bbox 1886 4412 3469 4490">
     <span class='ocr_line' id='line_1_93' title="bbox 1886 4412 3469 4490; baseline -0.01 -8"><span class='ocrx_word' id='word_1_693' title='bbox 1886 4428 2130 4490; x_wconf 86' lang='grc' dir='ltr'>στάσεως</span> <span class='ocrx_word' id='word_1_694' title='bbox 2179 4423 2273 4477; x_wconf 79' lang='grc' dir='ltr'>καὶ</span> <span class='ocrx_word' id='word_1_695' title='bbox 2304 4420 2585 4489; x_wconf 87' lang='grc' dir='ltr'>ἀπονοίας)</span> <span class='ocrx_word' id='word_1_696' title='bbox 2626 4417 2770 4471; x_wconf 76' lang='grc' dir='ltr'>οὕτω</span> <span class='ocrx_word' id='word_1_697' title='bbox 2799 4416 3113 4468; x_wconf 78' lang='grc' dir='ltr'>διείλεκταιο</span> <span class='ocrx_word' id='word_1_698' title='bbox 3142 4412 3379 4467; x_wconf 79' lang='grc' dir='ltr'>ἐνταῦθα</span> <span class='ocrx_word' id='word_1_699' title='bbox 3409 4412 3469 4466; x_wconf 80' lang='grc' dir='ltr'>δὲ</span> 
     </span>
    </p>
   </div>
   <div class='ocr_carea' id='block_1_94' title="bbox 1887 4504 3469 4593">
    <p class='ocr_par' dir='ltr' id='par_1_94' title="bbox 1887 4504 3469 4593">
     <span class='ocr_line' id='line_1_94' title="bbox 1887 4504 3469 4593; baseline -0.013 -18"><span class='ocrx_word' id='word_1_700' title='bbox 1887 4520 2025 4593; x_wconf 88' lang='grc' dir='ltr'>μετά</span> <span class='ocrx_word' id='word_1_701' title='bbox 2052 4515 2255 4586; x_wconf 80' lang='grc' dir='ltr'>πολλῆς</span> <span class='ocrx_word' id='word_1_702' title='bbox 2285 4516 2385 4586; x_wconf 80' lang='grc' dir='ltr'>τῆς</span> <span class='ocrx_word' id='word_1_703' title='bbox 2420 4509 2661 4580; x_wconf 80' lang='grc' dir='ltr'>σπουδῆς</span> <span class='ocrx_word' id='word_1_704' title='bbox 2679 4526 2694 4539; x_wconf 81' lang='grc'><em>’</em></span> <span class='ocrx_word' id='word_1_705' title='bbox 2734 4510 2830 4561; x_wconf 77' lang='grc' dir='ltr'>καὶ</span> <span class='ocrx_word' id='word_1_706' title='bbox 2856 4506 2967 4578; x_wconf 85' lang='grc' dir='ltr'>γὰρ</span> <span class='ocrx_word' id='word_1_707' title='bbox 3001 4505 3208 4575; x_wconf 83' lang='grc' dir='ltr'>σφοδρά</span> <span class='ocrx_word' id='word_1_708' title='bbox 3241 4504 3334 4557; x_wconf 85' lang='grc' dir='ltr'>τοῦ</span> <span class='ocrx_word' id='word_1_709' title='bbox 3360 4505 3469 4557; x_wconf 86' lang='grc' dir='ltr'>πά-</span> 
     </span>
    </p>
   </div>
   <div class='ocr_carea' id='block_1_95' title="bbox 1888 4595 3471 4681">
    <p class='ocr_par' dir='ltr' id='par_1_95' title="bbox 1888 4595 3471 4681">
     <span class='ocr_line' id='line_1_95' title="bbox 1888 4595 3471 4681; baseline -0.012 -15"><span class='ocrx_word' id='word_1_710' title='bbox 1888 4613 2010 4675; x_wconf 91' lang='grc' dir='ltr'>θους</span> <span class='ocrx_word' id='word_1_711' title='bbox 2040 4607 2106 4681; x_wconf 80' lang='grc' dir='ltr'>ἦν</span> <span class='ocrx_word' id='word_1_712' title='bbox 2131 4612 2165 4679; x_wconf 88' lang='grc' dir='ltr'>ἡ</span> <span class='ocrx_word' id='word_1_713' title='bbox 2197 4608 2357 4679; x_wconf 83' lang='grc' dir='ltr'>νομή.</span> <span class='ocrx_word' id='word_1_714' title='bbox 2390 4606 2502 4659; x_wconf 74' lang='grc' dir='ltr'>Καὶ</span> <span class='ocrx_word' id='word_1_715' title='bbox 2526 4604 2648 4657; x_wconf 83' lang='grc' dir='ltr'>οὑδὲ</span> <span class='ocrx_word' id='word_1_716' title='bbox 2668 4600 2825 4655; x_wconf 89' lang='grc' dir='ltr'>τοῦτο</span> <span class='ocrx_word' id='word_1_717' title='bbox 2860 4599 3019 4670; x_wconf 89' lang='grc' dir='ltr'>μόνον</span> <span class='ocrx_word' id='word_1_718' title='bbox 3050 4597 3251 4659; x_wconf 78' lang='grc' dir='ltr'>αὐτοὺς</span> <span class='ocrx_word' id='word_1_719' title='bbox 3286 4595 3471 4666; x_wconf 77' lang='grc' dir='ltr'>ἐθορύο</span> 
     </span>
    </p>
   </div>
   <div class='ocr_carea' id='block_1_96' title="bbox 1890 4688 3471 4771">
    <p class='ocr_par' dir='ltr' id='par_1_96' title="bbox 1890 4688 3471 4771">
     <span class='ocr_line' id='line_1_96' title="bbox 1890 4688 3471 4771; baseline -0.012 -13"><span class='ocrx_word' id='word_1_720' title='bbox 1890 4705 1997 4771; x_wconf 88' lang='grc' dir='ltr'>ϐει,</span> <span class='ocrx_word' id='word_1_721' title='bbox 2029 4702 2165 4756; x_wconf 85' lang='grc' dir='ltr'>ἀλλά</span> <span class='ocrx_word' id='word_1_722' title='bbox 2193 4702 2291 4755; x_wconf 67' lang='grc' dir='ltr'>καλ⁵</span> <span class='ocrx_word' id='word_1_723' title='bbox 2338 4697 2564 4770; x_wconf 88' lang='grc' dir='ltr'>μάντεις</span> <span class='ocrx_word' id='word_1_724' title='bbox 2590 4690 2732 4766; x_wconf 80' lang='grc' dir='ltr'>ἦσαν</span> <span class='ocrx_word' id='word_1_725' title='bbox 2762 4691 2952 4746; x_wconf 83' lang='grc' dir='ltr'>αὐτόθι</span> <span class='ocrx_word' id='word_1_726' title='bbox 2982 4690 3186 4755; x_wconf 65' lang='grc' dir='ltr'>πολλοὶ,</span> <span class='ocrx_word' id='word_1_727' title='bbox 3223 4688 3318 4742; x_wconf 79' lang='grc' dir='ltr'>ἆτε</span> <span class='ocrx_word' id='word_1_728' title='bbox 3352 4688 3471 4741; x_wconf 81' lang='grc' dir='ltr'>Ἐλ-</span> 
     </span>
    </p>
   </div>
   <div class='ocr_carea' id='block_1_97' title="bbox 1888 4780 3471 4868">
    <p class='ocr_par' dir='ltr' id='par_1_97' title="bbox 1888 4780 3471 4868">
     <span class='ocr_line' id='line_1_97' title="bbox 1888 4780 3471 4868; baseline -0.01 -18"><span class='ocrx_word' id='word_1_729' title='bbox 1888 4795 2250 4868; x_wconf 77' lang='grc' dir='ltr'>ληνικώτερον</span> <span class='ocrx_word' id='word_1_730' title='bbox 2274 4793 2374 4861; x_wconf 82' lang='grc' dir='ltr'>τῆς</span> <span class='ocrx_word' id='word_1_731' title='bbox 2410 4789 2621 4851; x_wconf 89' lang='grc' dir='ltr'>πόλεως</span> <span class='ocrx_word' id='word_1_732' title='bbox 2649 4785 3025 4855; x_wconf 86' lang='grc' dir='ltr'>διακειμένης,</span> <span class='ocrx_word' id='word_1_733' title='bbox 3056 4783 3153 4835; x_wconf 78' lang='grc' dir='ltr'>καὶ</span> <span class='ocrx_word' id='word_1_734' title='bbox 3190 4780 3330 4851; x_wconf 85' lang='grc' dir='ltr'>μετὰ</span> <span class='ocrx_word' id='word_1_735' title='bbox 3360 4781 3471 4834; x_wconf 90' lang='grc' dir='ltr'>τῶν</span> 
     </span>
    </p>
   </div>
   <div class='ocr_carea' id='block_1_98' title="bbox 1886 4873 3470 4946">
    <p class='ocr_par' dir='ltr' id='par_1_98' title="bbox 1886 4873 3470 4946">
     <span class='ocr_line' id='line_1_98' title="bbox 1886 4873 3470 4946; baseline -0.012 -3"><span class='ocrx_word' id='word_1_736' title='bbox 1886 4889 2058 4944; x_wconf 82' lang='grc' dir='ltr'>ἄλλων</span> <span class='ocrx_word' id='word_1_737' title='bbox 2110 4885 2205 4940; x_wconf 74' lang='grc' dir='ltr'>καὶ</span> <span class='ocrx_word' id='word_1_738' title='bbox 2245 4883 2402 4938; x_wconf 91' lang='grc' dir='ltr'>τοῦτο</span> <span class='ocrx_word' id='word_1_739' title='bbox 2432 4881 2633 4943; x_wconf 83' lang='grc' dir='ltr'>αὐτοὺς</span> <span class='ocrx_word' id='word_1_740' title='bbox 2668 4875 2992 4940; x_wconf 75' lang='grc' dir='ltr'>ὖπεσκέλιζε</span> <span class='ocrx_word' id='word_1_741' title='bbox 3048 4873 3144 4927; x_wconf 78' lang='grc' dir='ltr'>καὶ</span> <span class='ocrx_word' id='word_1_742' title='bbox 3181 4874 3470 4946; x_wconf 77' lang='grc' dir='ltr'>ἐτάραττε,</span> 
     </span>
    </p>
   </div>
   <div class='ocr_carea' id='block_1_99' title="bbox 1894 4964 3472 5051">
    <p class='ocr_par' dir='ltr' id='par_1_99' title="bbox 1894 4964 3472 5051">
     <span class='ocr_line' id='line_1_99' title="bbox 1894 4964 3472 5051; baseline -0.012 -17"><span class='ocrx_word' id='word_1_743' title='bbox 1894 4980 1985 5033; x_wconf 82' lang='grc' dir='ltr'>Διὸ</span> <span class='ocrx_word' id='word_1_744' title='bbox 2038 4979 2133 5033; x_wconf 74' lang='grc' dir='ltr'>καὶ</span> <span class='ocrx_word' id='word_1_745' title='bbox 2185 4977 2508 5051; x_wconf 82' lang='grc' dir='ltr'>ἀρχόμενος,</span> <span class='ocrx_word' id='word_1_746' title='bbox 2540 4972 2755 5042; x_wconf 84' lang='grc' dir='ltr'>πρῶτον</span> <span class='ocrx_word' id='word_1_747' title='bbox 2784 4968 2845 5021; x_wconf 88' lang='lat'>16</span> <span class='ocrx_word' id='word_1_748' title='bbox 2876 4968 3045 5037; x_wconf 87' lang='grc' dir='ltr'>μέσον</span> <span class='ocrx_word' id='word_1_749' title='bbox 3082 4964 3343 5035; x_wconf 86' lang='grc' dir='ltr'>μαντείας</span> <span class='ocrx_word' id='word_1_750' title='bbox 3376 4964 3472 5017; x_wconf 78' lang='grc' dir='ltr'>καὶ</span> 
     </span>
    </p>
   </div>
   <div class='ocr_carea' id='block_1_100' title="bbox 1887 5056 3470 5146">
    <p class='ocr_par' dir='ltr' id='par_1_100' title="bbox 1887 5056 3470 5146">
     <span class='ocr_line' id='line_1_100' title="bbox 1887 5056 3470 5146; baseline -0.011 -19"><span class='ocrx_word' id='word_1_751' title='bbox 1887 5072 2221 5146; x_wconf 76' lang='grc' dir='ltr'>προφητείας</span> <span class='ocrx_word' id='word_1_752' title='bbox 2261 5070 2464 5138; x_wconf 86' lang='grc' dir='ltr'>τίθησι.</span> <span class='ocrx_word' id='word_1_753' title='bbox 2510 5064 2613 5119; x_wconf 88' lang='grc' dir='ltr'>Διά</span> <span class='ocrx_word' id='word_1_754' title='bbox 2640 5061 2799 5116; x_wconf 87' lang='grc' dir='ltr'>τοῦτο</span> <span class='ocrx_word' id='word_1_755' title='bbox 2827 5061 2924 5115; x_wconf 76' lang='grc' dir='ltr'>καὶ</span> <span class='ocrx_word' id='word_1_756' title='bbox 2952 5058 3250 5129; x_wconf 87' lang='grc' dir='ltr'>διακρίσεις</span> <span class='ocrx_word' id='word_1_757' title='bbox 3278 5056 3470 5112; x_wconf 80' lang='grc' dir='ltr'>ἔλαϐον</span> 
     </span>
    </p>
   </div>
   <div class='ocr_carea' id='block_1_101' title="bbox 165 5118 1788 5215">
    <p class='ocr_par' dir='ltr' id='par_1_101' title="bbox 165 5118 1788 5215">
     <span class='ocr_line' id='line_1_101' title="bbox 165 5118 1788 5215; baseline -0.018 -15"><span class='ocrx_word' id='word_1_758' title='bbox 165 5118 346 5215; x_wconf 51' lang='grc' dir='ltr'>γουνί</span> <span class='ocrx_word' id='word_1_759' title='bbox 381 5140 497 5197; x_wconf 70' lang='grc' dir='ltr'>καὶ,</span> <span class='ocrx_word' id='word_1_760' title='bbox 516 5137 829 5208; x_wconf 73' lang='grc' dir='ltr'>χαρίσματα</span> <span class='ocrx_word' id='word_1_761' title='bbox 857 5131 915 5183; x_wconf 73' lang='grc' dir='ltr'>δὲ</span> <span class='ocrx_word' id='word_1_762' title='bbox 942 5124 1108 5199; x_wconf 82' lang='grc' dir='ltr'>εἶχον,</span> <span class='ocrx_word' id='word_1_763' title='bbox 1137 5128 1185 5180; x_wconf 86' lang='grc' dir='ltr'>οί</span> <span class='ocrx_word' id='word_1_764' title='bbox 1218 5125 1315 5196; x_wconf 83' lang='grc' dir='ltr'>μὲν</span> <span class='ocrx_word' id='word_1_765' title='bbox 1340 5123 1621 5187; x_wconf 84' lang='grc' dir='ltr'>ἐλάττονα,</span> <span class='ocrx_word' id='word_1_766' title='bbox 1653 5121 1702 5173; x_wconf 85' lang='grc' dir='ltr'>οί</span> <span class='ocrx_word' id='word_1_767' title='bbox 1731 5118 1788 5171; x_wconf 83' lang='grc' dir='ltr'>δέ</span> 
     </span>
    </p>
   </div>
   <div class='ocr_carea' id='block_1_102' title="bbox 167 5211 1788 5294">
    <p class='ocr_par' dir='ltr' id='par_1_102' title="bbox 167 5211 1788 5294">
     <span class='ocr_line' id='line_1_102' title="bbox 167 5211 1788 5294; baseline -0.017 -1"><span class='ocrx_word' id='word_1_768' title='bbox 167 5237 381 5294; x_wconf 79' lang='grc' dir='ltr'>πλείω.</span> <span class='ocrx_word' id='word_1_769' title='bbox 423 5231 604 5285; x_wconf 85' lang='grc' dir='ltr'>Πλέον</span> <span class='ocrx_word' id='word_1_770' title='bbox 642 5228 702 5286; x_wconf 80' lang='grc' dir='ltr'>δέ</span> <span class='ocrx_word' id='word_1_771' title='bbox 750 5226 966 5280; x_wconf 83' lang='grc' dir='ltr'>πάντων</span> <span class='ocrx_word' id='word_1_772' title='bbox 1012 5222 1075 5275; x_wconf 87' lang='grc' dir='ltr'>τὸ</span> <span class='ocrx_word' id='word_1_773' title='bbox 1116 5220 1227 5274; x_wconf 88' lang='grc' dir='ltr'>τῶν</span> <span class='ocrx_word' id='word_1_774' title='bbox 1257 5216 1519 5289; x_wconf 87' lang='grc' dir='ltr'>γλωσσῶν</span> <span class='ocrx_word' id='word_1_775' title='bbox 1549 5211 1617 5288; x_wconf 79' lang='grc' dir='ltr'>ἦν</span> <span class='ocrx_word' id='word_1_776' title='bbox 1654 5212 1788 5286; x_wconf 83' lang='grc' dir='ltr'>παρ’</span> 
     </span>
    </p>
   </div>
   <div class='ocr_carea' id='block_1_103' title="bbox 166 5322 953 5395">
    <p class='ocr_par' dir='ltr' id='par_1_103' title="bbox 166 5322 953 5395">
     <span class='ocr_line' id='line_1_103' title="bbox 166 5322 953 5395; baseline -0.022 -10"><span class='ocrx_word' id='word_1_777' title='bbox 166 5331 374 5392; x_wconf 76' lang='grc' dir='ltr'>αὐτοῖς</span> <span class='ocrx_word' id='word_1_778' title='bbox 414 5323 695 5395; x_wconf 76' lang='grc' dir='ltr'>χάρισμα.</span> <span class='ocrx_word' id='word_1_779' title='bbox 939 5322 953 5335; x_wconf 83' lang='grc'><em>’</em></span> 
     </span>
    </p>
   </div>
   <div class='ocr_carea' id='block_1_104' title="bbox 1888 5150 3472 5235">
    <p class='ocr_par' dir='ltr' id='par_1_104' title="bbox 1888 5150 3472 5235">
     <span class='ocr_line' id='line_1_104' title="bbox 1888 5150 3472 5235; baseline -0.01 -15"><span class='ocrx_word' id='word_1_780' title='bbox 1888 5165 2239 5235; x_wconf 87' lang='grc' dir='ltr'>πνευμάτων,</span> <span class='ocrx_word' id='word_1_781' title='bbox 2274 5162 2415 5215; x_wconf 87' lang='grc' dir='ltr'>ὥστε</span> <span class='ocrx_word' id='word_1_782' title='bbox 2449 5155 2749 5227; x_wconf 81' lang='grc' dir='ltr'>διακρίνειν</span> <span class='ocrx_word' id='word_1_783' title='bbox 2788 5153 2882 5207; x_wconf 74' lang='grc' dir='ltr'>καὶ</span> <span class='ocrx_word' id='word_1_784' title='bbox 2918 5152 3139 5216; x_wconf 80' lang='grc' dir='ltr'>εἰδέναι,</span> <span class='ocrx_word' id='word_1_785' title='bbox 3187 5151 3273 5216; x_wconf 91' lang='grc' dir='ltr'>τίς</span> <span class='ocrx_word' id='word_1_786' title='bbox 3305 5150 3407 5222; x_wconf 82' lang='grc' dir='ltr'>μὲν</span> <span class='ocrx_word' id='word_1_787' title='bbox 3440 5152 3472 5204; x_wconf 85' lang='grc' dir='ltr'><strong>ὁ</strong></span> 
     </span>
    </p>
   </div>
   <div class='ocr_carea' id='block_1_105' title="bbox 1896 5243 3473 5333">
    <p class='ocr_par' dir='ltr' id='par_1_105' title="bbox 1896 5243 3473 5333">
     <span class='ocr_line' id='line_1_105' title="bbox 1896 5243 3473 5333; baseline -0.01 -20"><span class='ocrx_word' id='word_1_788' title='bbox 1896 5256 2048 5333; x_wconf 69' lang='grc'>[259]</span> <span class='ocrx_word' id='word_1_789' title='bbox 2078 5253 2349 5324; x_wconf 82' lang='grc' dir='ltr'>πνεύματι</span> <span class='ocrx_word' id='word_1_790' title='bbox 2384 5248 2758 5320; x_wconf 85' lang='grc' dir='ltr'>φθεγγόμενος</span> <span class='ocrx_word' id='word_1_791' title='bbox 2779 5244 3025 5316; x_wconf 83' lang='grc' dir='ltr'>καθαρῷ,</span> <span class='ocrx_word' id='word_1_792' title='bbox 3065 5243 3149 5308; x_wconf 85' lang='grc' dir='ltr'>τίς</span> <span class='ocrx_word' id='word_1_793' title='bbox 3192 5244 3249 5297; x_wconf 82' lang='grc' dir='ltr'>δὲ</span> <span class='ocrx_word' id='word_1_794' title='bbox 3279 5245 3306 5297; x_wconf 89' lang='grc' dir='ltr'>ὁ</span> <span class='ocrx_word' id='word_1_795' title='bbox 3329 5244 3473 5299; x_wconf 84' lang='grc' dir='ltr'>ἀκα-</span> 
     </span>
    </p>
   </div>
   <div class='ocr_carea' id='block_1_106' title="bbox 1894 5332 3475 5418">
    <p class='ocr_par' dir='ltr' id='par_1_106' title="bbox 1894 5332 3475 5418">
     <span class='ocr_line' id='line_1_106' title="bbox 1894 5332 3475 5418; baseline -0.008 -17"><span class='ocrx_word' id='word_1_796' title='bbox 1894 5332 2099 5418; x_wconf 82' lang='grc' dir='ltr'>θάρτῳ.</span> <span class='ocrx_word' id='word_1_797' title='bbox 2142 5340 2361 5410; x_wconf 83' lang='grc' dir='ltr'>Ἐπειδὴ</span> <span class='ocrx_word' id='word_1_798' title='bbox 2386 5339 2495 5408; x_wconf 75' lang='grc' dir='ltr'>γὰρ</span> <span class='ocrx_word' id='word_1_799' title='bbox 2521 5336 2747 5391; x_wconf 80' lang='grc' dir='ltr'>αὐτόθεν</span> <span class='ocrx_word' id='word_1_800' title='bbox 2775 5337 2876 5388; x_wconf 80' lang='grc' dir='ltr'>οὐκ</span> <span class='ocrx_word' id='word_1_801' title='bbox 2918 5332 2986 5407; x_wconf 78' lang='grc' dir='ltr'>ἦν</span> <span class='ocrx_word' id='word_1_802' title='bbox 3025 5336 3329 5405; x_wconf 86' lang='grc' dir='ltr'>παρασχεῖν</span> <span class='ocrx_word' id='word_1_803' title='bbox 3361 5334 3475 5389; x_wconf 87' lang='grc' dir='ltr'>τῶν</span> 
     </span>
    </p>
   </div>
   <div class='ocr_carea' id='block_1_107' title="bbox 1722 5427 3472 5507">
    <p class='ocr_par' dir='ltr' id='par_1_107' title="bbox 1722 5427 3472 5507">
     <span class='ocr_line' id='line_1_107' title="bbox 1722 5427 3472 5507; baseline -0.003 -20"><span class='ocrx_word' id='word_1_804' title='bbox 1722 5453 1786 5507; x_wconf 66' lang='grc' dir='ltr'>οὐ</span> <span class='ocrx_word' id='word_1_805' title='bbox 1896 5435 2204 5507; x_wconf 71' lang='grc' dir='ltr'>λεγομένων</span> <span class='ocrx_word' id='word_1_806' title='bbox 2246 5432 2343 5502; x_wconf 84' lang='grc' dir='ltr'>τὴν</span> <span class='ocrx_word' id='word_1_807' title='bbox 2367 5429 2642 5496; x_wconf 79' lang='grc' dir='ltr'>ἀπόδειξιν</span> <span class='ocrx_word' id='word_1_808' title='bbox 2666 5427 2999 5500; x_wconf 73' lang='grc' dir='ltr'>(προφητεία</span> <span class='ocrx_word' id='word_1_809' title='bbox 3028 5427 3136 5498; x_wconf 86' lang='grc' dir='ltr'>γὰρ</span> <span class='ocrx_word' id='word_1_810' title='bbox 3165 5427 3265 5480; x_wconf 84' lang='grc' dir='ltr'>οὐκ</span> <span class='ocrx_word' id='word_1_811' title='bbox 3288 5429 3347 5481; x_wconf 86' lang='grc' dir='ltr'>ἐν</span> <span class='ocrx_word' id='word_1_812' title='bbox 3391 5428 3472 5499; x_wconf 82' lang='grc' dir='ltr'>τῷ</span> 
     </span>
    </p>
   </div>
   <div class='ocr_carea' id='block_1_108' title="bbox 1902 5519 3476 5602">
    <p class='ocr_par' dir='ltr' id='par_1_108' title="bbox 1902 5519 3476 5602">
     <span class='ocr_line' id='line_1_108' title="bbox 1902 5519 3476 5602; baseline -0.007 -18"><span class='ocrx_word' id='word_1_813' title='bbox 1902 5530 2099 5602; x_wconf 85' lang='grc' dir='ltr'>καιρῷ,</span> <span class='ocrx_word' id='word_1_814' title='bbox 2130 5521 2174 5595; x_wconf 84' lang='grc' dir='ltr'>ᾧ</span> <span class='ocrx_word' id='word_1_815' title='bbox 2204 5526 2444 5595; x_wconf 86' lang='grc' dir='ltr'>λέγεται,</span> <span class='ocrx_word' id='word_1_816' title='bbox 2485 5523 2603 5576; x_wconf 87' lang='grc' dir='ltr'>ἀλλ’</span> <span class='ocrx_word' id='word_1_817' title='bbox 2644 5524 2702 5574; x_wconf 89' lang='grc' dir='ltr'>ἐν</span> <span class='ocrx_word' id='word_1_818' title='bbox 2752 5521 2829 5592; x_wconf 85' lang='grc' dir='ltr'>τῷ</span> <span class='ocrx_word' id='word_1_819' title='bbox 2860 5519 3037 5591; x_wconf 84' lang='grc' dir='ltr'>καιρῷ</span> <span class='ocrx_word' id='word_1_820' title='bbox 3064 5520 3163 5590; x_wconf 81' lang='grc' dir='ltr'>τῆς</span> <span class='ocrx_word' id='word_1_821' title='bbox 3192 5520 3476 5584; x_wconf 78' lang='grc' dir='ltr'>ἐκϐάσεως</span> 
     </span>
    </p>
   </div>
   <div class='ocr_carea' id='block_1_109' title="bbox 1900 5612 3473 5695">
    <p class='ocr_par' dir='ltr' id='par_1_109' title="bbox 1900 5612 3473 5695">
     <span class='ocr_line' id='line_1_109' title="bbox 1900 5612 3473 5695; baseline -0.01 -17"><span class='ocrx_word' id='word_1_822' title='bbox 1900 5622 2197 5695; x_wconf 85' lang='grc' dir='ltr'>παρέχεται</span> <span class='ocrx_word' id='word_1_823' title='bbox 2250 5620 2351 5690; x_wconf 83' lang='grc' dir='ltr'>τῆς</span> <span class='ocrx_word' id='word_1_824' title='bbox 2392 5615 2601 5678; x_wconf 82' lang='grc' dir='ltr'>οἰκείας</span> <span class='ocrx_word' id='word_1_825' title='bbox 2639 5613 2897 5684; x_wconf 85' lang='grc' dir='ltr'>ἀληθείας</span> <span class='ocrx_word' id='word_1_826' title='bbox 2943 5614 3034 5666; x_wconf 88' lang='grc' dir='ltr'>τὸν</span> <span class='ocrx_word' id='word_1_827' title='bbox 3081 5612 3345 5683; x_wconf 80' lang='grc' dir='ltr'>ἐλεγχον)·</span> <span class='ocrx_word' id='word_1_828' title='bbox 3376 5614 3473 5669; x_wconf 74' lang='grc' dir='ltr'>καὶ</span> 
     </span>
    </p>
   </div>
   <div class='ocr_carea' id='block_1_110' title="bbox 1901 5703 3471 5789">
    <p class='ocr_par' dir='ltr' id='par_1_110' title="bbox 1901 5703 3471 5789">
     <span class='ocr_line' id='line_1_110' title="bbox 1901 5703 3471 5789; baseline -0.008 -18"><span class='ocrx_word' id='word_1_829' title='bbox 1901 5715 2001 5771; x_wconf 74' lang='grc' dir='ltr'>οὐκ</span> <span class='ocrx_word' id='word_1_830' title='bbox 2029 5708 2096 5789; x_wconf 73' lang='grc' dir='ltr'>ἦν</span> <span class='ocrx_word' id='word_1_831' title='bbox 2116 5709 2335 5767; x_wconf 65' lang='grc' dir='ltr'>εὔκολον</span> <span class='ocrx_word' id='word_1_832' title='bbox 2369 5708 2539 5781; x_wconf 75' lang='grc' dir='ltr'>αὐτὴν</span> <span class='ocrx_word' id='word_1_833' title='bbox 2567 5704 2881 5775; x_wconf 83' lang='grc' dir='ltr'>διαγνῶναι,</span> <span class='ocrx_word' id='word_1_834' title='bbox 2914 5704 3008 5759; x_wconf 75' lang='grc' dir='ltr'>καὶ</span> <span class='ocrx_word' id='word_1_835' title='bbox 3043 5703 3125 5768; x_wconf 85' lang='grc' dir='ltr'>τίς</span> <span class='ocrx_word' id='word_1_836' title='bbox 3171 5704 3269 5772; x_wconf 83' lang='grc' dir='ltr'>μὲν</span> <span class='ocrx_word' id='word_1_837' title='bbox 3295 5705 3323 5758; x_wconf 86' lang='grc' dir='ltr'>ὁ</span> <span class='ocrx_word' id='word_1_838' title='bbox 3344 5720 3471 5777; x_wconf 81' lang='grc' dir='ltr'>προ-</span> 
     </span>
    </p>
   </div>
   <div class='ocr_carea' id='block_1_111' title="bbox 244 5455 1694 5535">
    <p class='ocr_par' dir='ltr' id='par_1_111' title="bbox 244 5455 1694 5535">
     <span class='ocr_line' id='line_1_111' title="bbox 244 5455 1694 5535; baseline -0.017 -4"><span class='ocrx_word' id='word_1_839' title='bbox 244 5477 373 5532; x_wconf 72' lang='grc' dir='ltr'>Καὶ</span> <span class='ocrx_word' id='word_1_840' title='bbox 422 5471 594 5526; x_wconf 81' lang='grc' dir='ltr'>τοῦτο</span> <span class='ocrx_word' id='word_1_841' title='bbox 648 5467 821 5522; x_wconf 83' lang='grc' dir='ltr'>αἴτιον</span> <span class='ocrx_word' id='word_1_842' title='bbox 874 5462 1171 5535; x_wconf 84' lang='grc' dir='ltr'>σχίσματος</span> <span class='ocrx_word' id='word_1_843' title='bbox 1233 5459 1413 5522; x_wconf 83' lang='grc' dir='ltr'>αὐτοῖς</span> <span class='ocrx_word' id='word_1_844' title='bbox 1456 5455 1694 5526; x_wconf 83' lang='grc' dir='ltr'>ἐγένετο,</span> 
     </span>
    </p>
   </div>
   <div class='ocr_carea' id='block_1_112' title="bbox 241 5712 831 5777">
    <p class='ocr_par' dir='ltr' id='par_1_112' title="bbox 241 5712 831 5777">
     <span class='ocr_line' id='line_1_112' title="bbox 241 5712 831 5777; baseline -0.012 -11"><span class='ocrx_word' id='word_1_845' title='bbox 241 5720 271 5749; x_wconf 76' lang='grc'><strong>⁸</strong></span> <span class='ocrx_word' id='word_1_846' title='bbox 303 5718 422 5775; x_wconf 61' lang='grc' dir='ltr'>,λιιι</span> <span class='ocrx_word' id='word_1_847' title='bbox 435 5754 449 5777; x_wconf 87' lang='grc'>,</span> <span class='ocrx_word' id='word_1_848' title='bbox 480 5712 831 5777; x_wconf 70' lang='grc' dir='ltr'>ἀναϐαλόμεθα.</span> 
     </span>
    </p>
   </div>
  </div>
