3826 6216
418 269 521 325 2M

413 383 688 456 φητεύων,
719 383 802 448 τίς
839 383 894 437 δὲ
919 383 948 436 δ
972 382 1302 454 ψευδόμενος
1335 385 1453 455 (καὶ
1490 385 1598 455 γάρ
1632 385 1828 456 μιαρὸς
1855 384 1930 437 ὢν
1957 385 1987 437 ὁ

409 467 658 532 διάϐολος
699 467 942 537 ἑπεισήει
982 469 1096 530 τοῖς
1142 467 1570 537 προφητεύουσι,
1605 468 1987 538 ψευδοπροφή-

1131 267 1191 324 S.
1226 266 1519 324 'JOANNIS
1547 265 2042 324 CHRYSOSTOMI
2083 265 2400 323 ARCHIEP.
2442 267 3002 329 CONSTANTINOP.
3556 272 3644 328 ΞΒ

2094 384 2316 438 πλείονα
2365 386 2585 456 εἰπεῖν),
2619 387 2907 459 ἀμφότερα
2944 387 3118 441 ταῦτα
3149 383 3278 457 ἡμῖν
3305 387 3640 452 ἐνδείκνυται,

2098 469 2191 520 καὶ⁸
2225 469 2323 540 τὴν
2367 471 2612 539 ἀνάγκην
2705 473 3058 542 κατεχόμενοι
3089 471 3440 525 δουλεύουσιν
3467 474 3516 523 οί
3547 473 3642 526 δαί-

410 571 512 616 τας
535 553 772 620 εἰσάγων
800 551 875 615 ὡς
908 550 1067 621 δῆθεν
1090 549 1162 604 τά
1190 551 1454 620 μέλλοντα
1481 551 1848 621 προλέγοντας
1894 552 1990 605 καὶ
2093 567 2272 619 μονες,
2307 553 2402 606 καὶ
2431 553 2530 623 τὴν
2554 553 2674 623 βίαν
2697 555 2764 625 ἣν
2789 555 3151 624 ὑπομένοντες
3179 557 3230 608 οἰ
3258 554 3520 618 καθάπαξ
3541 557 3642 608 ea».

411 637 655 703 αὑτούς)’
685 632 804 690 εἶτα
834 635 1023 706 ἐπειδὴ
1050 635 1188 698 τέως
1217 635 1484 689 ἀνεύθυνα
1512 632 1579 705 ἦν
1601 637 1668 689 τά
1696 635 1985 705 λεγόμενα,

412 719 568 775 οῦπω
590 719 700 774 τῶν
726 719 1063 791 πραγμάτων
1080 718 1356 772 ἐκϐάντων
1381 719 1510 790 περί⁵
1539 713 1614 770 ὧν
1638 718 1985 790 προελέγετο,

413 803 511 858 καὶ
532 801 731 873 ῥᾳδίως
762 799 1132 872 παρεκρούετο
1153 801 1261 870 (τὸν
1284 801 1393 871 γάρ
1421 799 1748 870 ψευδόμενον
1778 801 1874 854 καὶ
1896 800 1987 853 τὸν

411 883 746 956 ἀληθεύοντα
775 883 837 936 τὸ
857 883 1009 948 τέλος
1040 885 1270 956 ήλεγχεν
1288 885 1328 955 )’
1363 883 1449 938 ἵνα
1476 883 1540 956 δὴ
1581 884 1716 955 μηδέ
1755 883 1862 954 πρὸ
1888 882 1983 936 τοῦ

410 967 600 1031 τέλους
627 966 950 1020 ἀπατῶνται
979 968 1030 1020 οί
1066 967 1356 1038 ἀκροαταὶ,
1401 967 1623 1021 δίδωσιν
1651 966 1836 1029 αὑτοῖς
1888 982 1986 1036 ση-

414 1054 586 1122 μεῖον,
617 1050 646 1103 δ
665 1051 758 1104 καὶ
780 1050 886 1120 πρὸ
915 1052 1014 1122 τῆς
1043 1050 1323 1115 ἐκϐάσεως
1353 1051 1562 1105 ἐδείκνυ
1597 1050 1783 1105 τοῦτον
1805 1051 1988 1103 κάκεῖ-

411 1151 521 1188 νον*
556 1135 650 1188 καὶ
674 1133 922 1186 ἐντεῦθεν
951 1133 1134 1186 λαϐὼν
1153 1134 1476 1188 ἀκολουθίαν
1496 1134 1590 1186 καὶ
1610 1133 1806 1204 ἀρχὴν,
1841 1130 1987 1185 οὑτω

411 1220 508 1273 καὶ
537 1220 615 1282 είς
654 1219 746 1272 τὸν
797 1219 926 1288 περὶ
956 1218 1064 1271 τῶν
1111 1220 1468 1290 χαρισμάτων
1510 1218 1752 1271 ἐκϐαίνει
1802 1215 1984 1284 λόγον,

412 1303 508 1357 καὶ
553 1302 654 1374 τὴν
701 1301 1035 1371 φιλονεικίαν
1078 1302 1386 1372 διορθοῦται
1429 1303 1530 1372 τὴν
1579 1302 1675 1355 καὶ
1730 1300 1986 1355 ἐντεῦθεν

410 1387 724 1457 γινομένην.
753 1385 901 1449 Τέως
931 1386 1116 1455 μέντοι
1135 1384 1228 1438 τοῦ
1256 1386 1383 1455 περὶ
1411 1387 1520 1438 τῶν
1551 1385 1798 1456 μάντεων
1825 1385 1988 1455 ἀρχε-

412 1488 503 1526 ται
530 1461 690 1538 λόγου
744 1467 887 1522 οὕτω
923 1469 1114 1538 λέγων·
1152 1469 1292 1535 Περί
1323 1468 1391 1522 δὲ
1423 1467 1536 1522 τῶν
1565 1467 1987 1537 πνευματικῶν

410 1555 488 1609 οὐ
531 1553 684 1608 θέλω
719 1549 874 1618 ὑμᾶς
900 1552 1160 1621 ἀγνοεῖν,
1211 1553 1484 1621 ἀδελφοίο
1537 1552 1887 1622 πνευματικά
1917 1551 1986 1605 τὰ

413 1637 618 1705 σημεῖα
650 1633 852 1699 καλῶν,
878 1635 959 1687 ὄτι
1003 1633 1176 1688 ταῦτα
1220 1636 1358 1706 ἔργα
1399 1635 1493 1688 τοῦ
1529 1635 1848 1706 Πνεύματος
1885 1634 1983 1704 μόο

410 1734 528 1781 νου,
578 1717 728 1770 ούδέν
772 1716 1118 1788 ἀνθρωπίνης
1156 1719 1587 1790 ἐπεισφερούσης
1638 1718 1873 1787 σπουδῆς
1908 1718 1986 1780 είς

407 1799 470 1854 τὺ
499 1799 568 1852 τὰ
592 1800 816 1852 τοιαῦτα
847 1799 1307 1871 θαυματουργεῖν.
1339 1802 1447 1854 Καὶ
1489 1801 1699 1871 μέλὶων
1723 1801 1852 1871 περὶ
1883 1800 1984 1852 αὑ-

407 1884 516 1936 τῶν
546 1881 910 1951 διαλέγεσθαι,
941 1884 1228 1954 πρότερον,
1255 1885 1390 1953 ὅπερ
1415 1883 1572 1954 ἔφην,
1607 1885 1703 1953 τῆς
1728 1882 1986 1954 μαντείας

405 1964 507 2038 τὴν
535 1965 798 2036 διαφορὰν
831 1965 924 2018 καὶ
968 1968 1068 2035 τῆς
1097 1967 1434 2036 προφητείας
1466 1967 1698 2038 τίθησιν,
1729 1965 1872 2019 οὕτω
1899 1965 1986 2018 λέ·-

408 2066 543 2118 γων·
583 2049 793 2103 Οἴδατε
823 2048 911 2102 ὅτι
937 2047 1036 2102 ὅτε
1065 2049 1210 2118 ἔθνη
1241 2046 1366 2119 ἦτε,
1398 2050 1547 2118 πρὸς
1571 2051 1643 2103 τὰ
1670 2049 1888 2103 εἴδωλα
1912 2045 1986 2100 τὰ

409 2133 641 2202 ἄφωνα,
670 2134 750 2198 ὡς
791 2133 866 2187 ἂν
915 2132 1153 2202 ἤγεσθε,
1198 2134 1582 2203 ἀπαγόμενοι.
1621 2134 1686 2186 Ὃ
1719 2132 1775 2186 δὲ
1808 2131 1982 2200 λέγει,

408 2217 570 2270 τοῦτό
597 2219 765 2270 ἐστιν’
802 2218 890 2271 Ἐν
918 2218 1033 2280 τοῖς
1062 2216 1296 2282 εἰδώλοις
1329 2230 1378 2281 ιι,
1412 2221 1596 2287 φησὶν,
1629 2217 1814 2270 εἴποτε
1847 2231 1986 2269 κατ-

409 2301 608 2373 εσχέθη
657 2317 741 2364 τις
799 2301 904 2354 ὑπὸ
953 2300 1264 2371 πνεύματος
1313 2300 1626 2372 ἀκαθάρτου
1671 2300 1768 2353 καὶ
1812 2301 1984 2370 ἐμαν-

408 2385 619 2447 τεύετο,
649 2385 837 2456 ὥσπερ
888 2384 1256 2455 ἀπαγόμενος,
1304 2385 1478 2448 οὕτως
1517 2384 1730 2437 εἵλκετο
1758 2383 1862 2436 ὑπὸ
1886 2381 1982 2436 τοῦ

409 2468 722 2538 πνεύματος
768 2467 1070 2538 δεδεμένος,
1117 2467 1268 2521 οὐδὲν
1301 2465 1461 2530 εἰδὼς
1496 2460 1571 2521 ὧν
1597 2467 1767 2536 λέγει.
1814 2464 1986 2520 Τοῦτο

409 2553 523 2624 γὰρ
550 2553 792 2623 μάντεως
821 2553 968 2615 ἴδιον,
999 2551 1060 2603 τὸ
1084 2552 1453 2620 ἐξεστηκέναι,
1491 2551 1550 2606 τὸ
1582 2552 1827 2623 ἀνάγκην
1853 2551 1986 2605 ὑπο·

414 2637 616 2710 μένειν,
644 2635 704 2690 τὸ
732 2633 1010 2701 ὠθεῖσθαι,
1042 2633 1106 2687 τὸ
1131 2634 1406 2699 ἕλκεσθαι,
1433 2635 1492 2689 τὸ
1516 2635 1773 2707 σύρεσθαι
1798 2635 1985 2706 ῶσπερ

415 2719 763 2792 μαινόμενον.
810 2719 867 2772 '0
910 2718 968 2772 δὲ
1005 2719 1292 2790 προφήτης
1317 2719 1417 2787 οὑχ
1449 2717 1641 2782 οὕτως,
1673 2717 1809 2772 ἀλλὰ
1847 2717 1986 2789 μετά

409 2803 650 2867 διανοίας
687 2800 983 2873 νηφούσης,
1015 2801 1112 2854 καὶ⁸
1144 2801 1531 2874 σωφρονούσης
1573 2803 1982 2865 καταστάσεως,

413 2888 511 2941 καὶ
543 2885 699 2950 εἰδὼς
747 2885 783 2940 ἀ
831 2885 1150 2954 φθέγγεται,
1204 2887 1369 2957 φησὶν
1401 2885 1638 2941 ἅπαντα.
1683 2887 1846 2940 ’Ὥστε
1891 2884 1987 2939 καὶ

413 2969 522 3041 πρὸ
546 2971 644 3040 τῆς
669 2968 943 3030 ἐκϐάσεως
969 2967 1264 3022 κάντεῦθεν
1293 2969 1528 3040 γνώριζε
1555 2971 1644 3022 τὸν
1678 2970 1870 3039 μάντιν
1892 2968 1987 3022 καὶ

409 3054 504 3107 τὸν
538 3054 842 3124 προφήτην.
884 3051 994 3104 Καὶ
1027 3053 1218 3104 σκόπει
1243 3052 1358 3116 πῶς
1388 3051 1698 3106 ἀνύποπτον
1727 3056 1874 3106 ποιεῖ
1897 3053 1989 3106 τὸν

411 3137 589 3206 λόγον’
627 3137 824 3197 αὐτοὺς
856 3137 1139 3206 μάρτυρας
1185 3137 1341 3189 καλεῖ
1370 3138 1495 3202 τοὺς
1526 3139 1583 3190 ἐν
1607 3139 1673 3209 τῇ
1705 3140 1793 3190 πεί
1804 3153 1872 3208 ρᾳ
1892 3137 1988 3190 τοῦ

412 3220 742 3292 πράγματος
795 3219 1141 3288 γενομένους.
1165 3219 1290 3272 Ὀτι
1319 3219 1430 3290 γάρ
1461 3221 1523 3273 οὑ
1558 3220 1847 3291 ψεύδομαι,
1882 3237 1989 3292 φη-

415 3311 524 3374 σὶν,
549 3309 671 3363 οὑδέ
723 3306 912 3370 ἁπλῶς
956 3305 1200 3376 διασύρω
1229 3306 1298 3359 τὰ
1325 3305 1434 3359 τῶν
1471 3305 1662 3370 ἐθνῶν,
1693 3305 1768 3369 ὼς
1795 3305 1989 3376 ἐχθρὸς

414 3393 687 3452 πλάττων,
733 3389 888 3443 αὐτοὶ
935 3389 1094 3458 ὑμεῖς
1148 3405 1238 3459 μοι
1289 3390 1698 3459 μαρτυρήσατε·
1749 3389 1844 3443 καὶ
1880 3387 1990 3458 γὰρ

412 3474 599 3529 οῐδατε
649 3473 738 3525 ὅτε
764 3467 1187 3542 Ἕλληνες,ἦτε,
1222 3470 1338 3535 πῶς
1389 3472 1671 3543 ἀπήγεσθε
1705 3471 1990 3542 ἑλκόμενοι

414 3558 560 3612 τότε.
604 3555 668 3609 Εἰ
709 3555 765 3609 δέ
811 3571 895 3617 τις
946 3555 1040 3607 καὶ
1071 3553 1294 3616 τούτους
1325 3553 1402 3618 ὡς
1446 3554 1673 3616 πιστοὺς
1714 3553 1991 3620 ὑπόπτους

415 3637 560 3694 εἶναι
575 3638 733 3709 φαίη,
753 3637 886 3707 φέρε
916 3638 1010 3690 καὶ
1039 3638 1103 3690 ἐκ
1130 3636 1236 3690 τῶν
1264 3635 1463 3704 ἔξωθεν
1491 3635 1650 3690 τοῦτο
1678 3637 1807 3708 ὑμῖν
1834 3637 1992 3708 ποιή-

419 3741 500 3778 σω
543 3722 798 3794 φανερόν.
835 3722 1098 3775 Ἀκουσον
1136 3721 1266 3789 γοῦν
1309 3721 1593 3784 Πλάτωνος
1618 3721 1868 3790 λέγοντος
1895 3719 1989 3774 οῦ-

411 3824 526 3871 τως
546 3824 560 3838 '
591 3806 800 3876 Ὥσπερ
823 3808 871 3858 οἱ
902 3804 1217 3876 χρησμῳδοὶ
1249 3805 1341 3858 καὶ
1360 3804 1408 3856 οἰ
1438 3803 1754 3875 θεομάντεις
1773 3805 1992 3872 λέγουσι

420 3890 522 3962 μέν
539 3887 708 3942 πολλά
728 3889 822 3942 καὶ
839 3887 1001 3950 καλὰ,
1024 3889 1172 3942 ίσασι
1193 3887 1249 3941 δέ
1263 3887 1413 3941 οὐδὲν
1429 3883 1502 3941 ὧν
1515 3887 1674 3955 λέγου
1683 3890 1994 3960 σιν.¹Ἀκουέ

419 3990 514 4027 σον
541 3971 672 4042 γοῦν
698 3971 793 4025 καὶ.
816 3971 1002 4041 ἐτέρου
1039 3971 1264 4042 ποιητοῦ
1292 3971 1361 4024 τά
1389 3971 1528 4024 αὑτά
1557 3969 1988 4042 ἐνδεικνυμένου.

430 4056 651 4127 Ἐπειδὴ
673 4056 783 4125 γάρ
807 4053 1054 4117 τελεταῖς
1073 4071 1181 4108 τισι
1209 4055 1304 4109 καὶ
1336 4057 1697 4124 μαγγανείαις
1728 4056 1994 4128 κατέδησε

415 4140 649 4213 δαίμονά
690 4154 775 4201 τις
814 4139 895 4200 εἰς
941 4137 1247 4208 ἄνθρωπον,
1277 4138 1372 4192 καὶ
1404 4139 1733 4210 ἐμαντεύετο
1762 4141 1991 4204 ἐκεῖνος,

417 4227 515 4281 καὶ
547 4223 948 4296 μαντευόμενος
980 4221 1292 4292 ἐρριπτεϊτο
1335 4223 1431 4276 καὶ
1459 4224 1856 4294 ἐσπαράττετο,
1898 4229 1994 4279 καὶ

415 4310 665 4378 ἐνεγκεῖν
688 4305 781 4359 τοῦ
818 4304 1070 4373 δαίμονος
1123 4305 1222 4375 τὴν
1253 4305 1430 4376 ὁρμὴν
1456 4307 1555 4360 οὑκ
1594 4307 1845 4378 ἠδύνατο,
1875 4308 1991 4361 ἀλλ’

415 4391 570 4468 [260]
595 4389 785 4461 ἐμελλε
807 4387 1182 4458 διασπώμενος
1207 4387 1380 4454 οὑτως
1406 4391 1761 4456 ἀπόλλυσθαι,
1789 4395 1902 4456 τοῖς
1923 4391 1993 4446 τά

413 4475 638 4534 τοιαῦτα
667 4471 1074 4546 μαγγανεύουσί
1102 4488 1235 4541 φησι
1260 4487 1274 4502 ·

417 4642 656 4704 Λύσατε
680 4637 918 4702 λοιπὸν,
960 4635 1186 4691 ἄνακτα
1206 4636 1426 4707 βροτὸς
1460 4639 1604 4693 θεὸν
1640 4638 1842 4693 οὐκέτι
1880 4659 1994 4709 χω-

1859 4723 1992 4796 [pei-

419 4873 519 4929 καὶ
547 4872 729 4938 πάλιν,

420 5017 662 5082 Λύσατέ
706 5037 811 5090 μοι
861 5020 1226 5091 στεφάνους,
1273 5021 1376 5076 καί
1412 5039 1531 5093 μευ
1583 5022 1777 5089 πόδας
1825 5022 1996 5078 ὕδατι

1796 5109 1834 5158 .1
1962 5107 1985 5118 ”

434 5185 698 5251 Ῥἁνατε,
732 5184 829 5239 καί
877 5187 1146 5257 ’γραμμὰς
1181 5189 1578 5259 ἀπαλείψατε,
1632 5191 1733 5243 καί
1775 5105 1995 5261 ξτεεῖῖοῗ

1788 5276 1992 5348 ίιλοῑμι.

421 5421 608 5483 Ταῦτα
639 5419 748 5492 γάρ
798 5421 890 5473 καὶ
926 5421 997 5472 τά
1044 5419 1268 5473 τοιαῦτα
1325 5422 1440 5493 (καὶ
1487 5424 1596 5495 γάρ
1641 5424 1756 5479 ἔστι
1809 5425 1993 5496 πολλῷ

482 5649 506 5679 I
533 5647 682 5702 δεινῇ,
711 5650 850 5715 putat
892 5645 1158 5711 legendam
1197 5647 1468 5707 εἰδωλείοις.

2088 636 2213 698 τοὺς
2245 635 2491 700 ἐκδόντες
2517 638 2721 704 αὑτοῖς,
2746 639 2838 691 καὶ
2862 638 2971 692 τῶν
2999 638 3144 692 κατὰ
3171 636 3333 707 φύσιν
3361 637 3644 701 ἐξίστανται

2089 717 2321 786 φρενῶν.
2359 720 2469 772 Καὶ
2497 723 2530 790 ή
2565 720 2739 774 Πυθία
2759 721 2839 774 δέ·
2868 721 3255 791 ἀναγκάζομαι
3289 721 3406 790 γὰρ
3439 720 3533 773 καὶ
3550 721 3642 774 ἐτέ-

2093 819 2190 872 ραν
2222 802 2402 856 αὑτῶν
2431 804 2820 876 ἀσχημοσύνην
2863 804 3248 876 ἐκπομπεῦσαι
3266 804 3388 869 νῦν,
3416 805 3484 875 ἣν
3508 805 3644 858 καλὸν

2092 884 2190 954 μὲν
2230 879 2299 954 ἦν
2331 885 2619 956 παρελθεῖν
2645 887 2734 940 διά
2757 888 2818 941 τὺ
2849 889 2982 959 ἡμῖν
3013 887 3262 960 ἀπρεπὲς
3287 883 3436 940 εἶναι
3463 886 3527 939 τὰ
3553 904 3643 941 τοι·

2089 965 2230 1018 αῦτα
2261 966 2443 1034 λέγειν
2464 984 2479 999 ·
2516 967 2657 1022 ὥστε
2686 969 2743 1023 δέ
2778 970 3115 1043 σαφέστερον
3140 969 3320 1024 αὑτῶν
3351 971 3545 1040 μαθεῖν
3565 973 3644 1041 τιτι

2087 1047 2350 1121 αἰσχύνην
2370 1049 2421 1114 ι),
2451 1051 2745 1120 ἀναγκαῖον
2776 1055 2974 1118 εἰπεῖν,
3015 1053 3104 1106 ἵνα
3133 1051 3440 1107 κάντεῦθεν
3465 1053 3645 1125 μάθητε

2085 1132 2184 1203 τὴν
2213 1133 2533 1203 παράνοιαν,
2562 1136 2770 1188 καὶτὸν
2795 1136 2964 1188 πολὺν
2993 1134 3206 1204 γέλωτα
3233 1135 3349 1187 τῶν
3383 1139 3497 1198 τοῖς
3535 1138 3645 1206 μάν-

2085 1232 2202 1269 τεσι
2231 1219 2587 1288 κεχρημένων
2604 1234 2618 1247 ·
2655 1218 2875 1287 λέγεται
2903 1219 3082 1272 τοίνυν
3103 1218 3244 1290 αῦτη
3267 1221 3302 1290 ἡ
3330 1218 3512 1272 Πυθία
3531 1223 3644 1290 γυνή

2086 1316 2170 1363 τις
2195 1296 2331 1355 οὖσα
2364 1301 2733 1372 ἐπικαθῆσθαι
2753 1300 2832 1374 τῷ
2855 1303 3070 1373 τρίποδί
3107 1319 3239 1356 ποτε
3271 1301 3372 1355 τοῦ
3403 1302 3645 1356 Ἀπόλλωο

2086 1399 2196 1445 νος,
2230 1382 2514 1454 διαιροῦσα
2545 1385 2613 1439 τά
2648 1385 2813 1456 σκέλη
2835 1401 2849 1414 ο
2885 1379 2985 1438 εἶθ’
3008 1385 3152 1439 οὓτω
3180 1385 3406 1456 πνεῦμα
3438 1386 3646 1454 πονηρὸν

2087 1465 2331 1519 κάτωθεν
2359 1466 2758 1538 ἀναδιδόμενον,
2786 1467 2882 1520 καὶ
2905 1467 2995 1522 διά
3015 1469 3121 1520 τῶν
3140 1466 3486 1538 γεννητικῶν
3501 1467 3645 1535 αὐτῆς

2085 1547 2429 1619 διαδυόμενον
2455 1550 2659 1622 μορίων
2677 1551 2917 1622 πληροῦν
2932 1552 3031 1624 τὴν
3055 1555 3292 1621 γυναῖκα
3314 1552 3420 1619 τῆς
3450 1552 3644 1620 μανίας,

2087 1633 2181 1684 καὶ
2208 1631 2413 1703 ταύτην
2436 1631 2534 1697 τὰς
2551 1633 2744 1704 τρίχας
2769 1633 3002 1688 λύουσαν
3026 1633 3212 1687 λοιπὸν
3230 1633 3646 1703 ἐκϐακχεύεσθαί

2085 1730 2167 1779 τε,
2224 1715 2318 1768 καὶ
2362 1716 2535 1787 ἀφρὸν
2568 1717 2634 1768 ἐκ
2662 1715 2755 1769 τοῦ
2795 1716 3064 1787 στόματος
3100 1717 3341 1786 ἀφιέναι,
3373 1718 3471 1770 καὶ
3499 1715 3644 1778 οὕτως

2088 1798 2146 1850 ἐν
2174 1798 2431 1871 παροινίᾳ
2454 1800 2753 1871 γενομένην
2779 1800 2849 1854 τὰ
2865 1801 2965 1870 τῆς
2997 1801 3194 1871 μανίας
3208 1799 3546 1870 φθέγγεσθαι
3570 1801 3646 1869 9+,-

2091 1899 2258 1952 ματα.
2295 1879 2429 1937 Οἶδα
2479 1886 2564 1938 ὃτι
2606 1883 2913 1955 ᾐσχύνθητε
2960 1887 3055 1938 καὶ⁸
3096 1883 3476 1956 ήρυθριάσατε
3497 1883 3644 1936 ταῦτα

2087 1964 2438 2029 ἀκούσαντες·
2472 1967 2588 2019 ἀλλ’
2615 1969 2813 2020 ἐκεῖνοι
2840 1968 2937 2021 καὶ
2969 1967 3114 2037 μέγα
3157 1965 3425 2038 φρονοῦσι
3464 1966 3554 2019 καὶ
3573 1965 3645 2017 διὰ

2087 2051 2182 2121 τὴν
2207 2051 2596 2124 ἀσχημοσύνην
2622 2054 2718 2106 καὶ
2743 2053 2832 2107 διὰ
2861 2053 2960 2123 τὴν
2986 2053 3188 2123 μανίαν
3215 2050 3449 2121 ταύτην.

2157 2215 2222 2286 β’.
2242 2214 2429 2272 Ταῦτα
2443 2212 2534 2272 οῦν
2551 2217 2644 2272 καὶ⁵
2665 2217 2732 2272 τὰ
2745 2217 2966 2271 τοιαῦτα
2982 2219 3010 2271 ὁ
3023 2217 3232 2280 Παῦλος
3252 2217 3470 2270 ἅπαντα
3483 2215 3643 2266 ἀνακι-

2086 2301 2192 2354 νῶν
2219 2299 2426 2369 έλεγεψ
2464 2300 2695 2366 Οἴδατε,
2723 2301 2812 2355 ὅτι
2842 2301 2941 2354 ὅτε
2967 2302 3111 2368 ἐθνη
3136 2296 3263 2370 ἦτε,
3286 2299 3444 2367 πρὸς
3473 2298 3541 2350 τὰ
3571 2300 3638 2351 ει-

2086 2381 2246 2436 δωλα
2268 2386 2340 2438 τὰ
2360 2384 2588 2453 ἄφωνα,
2619 2385 2700 2450 ὠς
2738 2384 2815 2438 ἂν
2851 2383 3091 2453 ἤγεσθε,
3122 2385 3510 2452 ἀπαγόμενοι.
3552 2383 3640 2434 Καὶ

2086 2467 2273 2538 ἐπειδὴ
2311 2468 2447 2537 πρὸς
2477 2468 2684 2531 εἰδότας
2710 2468 2999 2536 διελέγετο,
3030 2469 3092 2521 οὑ
3114 2468 3295 2538 τίθησι
3321 2469 3498 2522 πάντα
3526 2466 3637 2536 μετὰ

2086 2551 2392 2621 ἀκριϐείας,
2433 2550 2506 2621 μὴ
2530 2549 2850 2622 βουλόμενος
2883 2552 3072 2614 αὑτοῖς
3094 2551 3356 2620 ἐνοχλεῖν,
3399 2548 3512 2602 ἀλλ’
3534 2550 3637 2600 ἀναι

2089 2637 2194 2708 μνή
2203 2652 2299 2699 σας
2332 2635 2490 2706 μόνον
2519 2638 2613 2689 καὶ
2643 2637 2721 2699 εἰς
2746 2634 2950 2689 ἔννοιαν
2973 2637 3232 2690 ἀπάντων
3278 2637 3483 2697 αὐτοὺς
3521 2635 3636 2700 ἀγα-

2087 2717 2219 2788 γὼν,
2268 2718 2672 2772 ἀπαλλάττεται
2719 2719 2952 2790 ταχέως,
2999 2719 3140 2789 πρὸς
3181 2719 3244 2772 τδ
3299 2717 3637 2789 προκείμενον

2089 2801 2463 2870 ἐπειγόμενος.
2487 2802 2552 2855 Τί
2576 2803 2635 2856 δέ
2663 2804 2798 2866 ἐστι,
2819 2803 2976 2871 Πρὸς
2995 2802 3070 2856 τὰ
3096 2802 3317 2856 εἴδωλα
3343 2800 3418 2854 τὰ
3438 2801 3637 2868 ἄφωνος

2089 2880 2248 2940 Οὗτοι
2279 2887 2330 2938 οί
2377 2888 2598 2957 μάντεις
2632 2887 2770 2957 πρὸς
2807 2889 2992 2942 ἐκεῖνα
3039 2889 3235 2959 ἤγοντο
3264 2886 3561 2956 ἑλκόμενοι.
3587 2885 3636 2935 Εἰ
3750 2935 3751 2940 η

2088 2968 2144 3022 δὲ
2176 2969 2316 3022 αὑτά
2346 2969 2558 3039 ἄφωνα,
2601 2970 2720 3033 πῶς
2747 2969 2975 3032 ἐκείνοις
3004 2971 3302 3040 ἐκέχρηντο
3335 2980 3361 3008 ε
3392 2986 3407 3030 ;
3435 2967 3568 3028 τίνος
3591 2966 3637 3018 δὲ

2088 3052 2274 3106 ἕνεκεν
2303 3050 2415 3116 τοῖς
2449 3053 2662 3121 ξοάνοις
2715 3054 2918 3116 αὑτοὺς
2965 3054 3246 3124 προσῆγεν
3273 3056 3301 3108 ό
3348 3053 3551 3123 δαίμων
3575 3049 3632 3112 ὡς

2089 3135 2468 3206 αἰχμαλώτους
2495 3138 2588 3190 καὶ
2614 3138 2868 3208 δεσμίους
2891 3154 2907 3203 ;
2938 3137 3108 3208 Ὁμοῦ
3134 3138 3191 3189 δέ
3219 3138 3312 3189 καλ¹
3331 3137 3433 3208 τὴν
3462 3134 3636 3200 πλάνην

2091 3221 2321 3291 πιθανὴν
2349 3221 2736 3294 ἐργαζόμενος.
2759 3222 2873 3275 Ἵνα
2896 3221 3005 3292 γάρ
3029 3221 3103 3293 μὴ
3133 3221 3261 3293 δόξῃ
3285 3224 3313 3274 ὁ
3343 3220 3488 3282 λίθος
3515 3220 3634 3286 ἄξω·

2091 3322 2179 3368 νος
2213 3301 2372 3370 εἶναι,
2405 3305 2734 3370 ἐσπούδαζεν
2777 3308 2888 3369 τοῖς
2931 3305 3172 3368 εἰδώλοις
3203 3304 3508 3376 προσηλοῦν
3535 3303 3636 3364 τοὺς
3750 3301 3751 3346 Ὺ

2091 3387 2435 3457 ἀνθρώπους,
2481 3389 2568 3442 ἵνα
2628 3390 2694 3442 τά
2754 3390 2936 3442 αὑτῶν
2988 3389 3218 3451 ἐκείνοις
3269 3389 3631 3458 ἐπιγράφηται.

2104 3471 2244 3524 Ἀλλ’
2273 3473 2334 3525 οὑ
2375 3472 2442 3525 τά
2491 3473 2735 3544 ἡμέτερα
2787 3472 3035 3528 τοιαῦτα.
3086 3473 3226 3525 Ἀλλ’
3266 3474 3370 3526 οὑκ
3409 3471 3556 3540 ἔθηκε
3583 3469 3634 3521 τά

2092 3555 2358 3626 ήμέτερα,
2387 3555 2458 3608 τὰ
2483 3555 2594 3609 τῶν
2607 3554 2756 3628 [26!]
2776 3557 3071 3628 προφητῶν
3094 3555 3258 3624 λέγωο
3287 3557 3386 3610 καὶ
3409 3555 3510 3623 γὰρ
3528 3552 3636 3621 δῆλα

2091 3633 2158 3709 ἦν
2189 3638 2372 3702 αὐτοῖς
2419 3635 2655 3702 ἅπαντα,
2706 3641 2799 3693 καὶ
2835 3641 2893 3692 ἐν
2932 3640 3115 3702 αὑτοῖς
3147 3639 3531 3710 προεφήτευον,
3576 3634 3632 3696 ὡς

2094 3722 2280 3785 αὐτοῖς
2315 3722 2525 3791 πρέπον
2569 3717 2660 3794 ἦν,
2713 3723 2853 3792 μετά
2901 3722 3170 3785 συνέσεως
3211 3724 3308 3775 καὶ
3355 3719 3633 3789 ἐλευθερίας

2097 3804 2336 3874 ἀπάσης.
2383 3807 2483 3860 Διά
2531 3823 2614 3858 τοι
2667 3807 2828 3860 τοῦτο
2855 3806 2950 3860 καὶ
2997 3805 3092 3858 τοῦ
3122 3807 3299 3859 εἰπεῖν
3343 3806 3439 3859 καὶ
3469 3802 3550 3858 τοῦ
3575 3801 3633 3871 μή

2095 3890 2270 3942 εἰπεῖν
2297 3885 2436 3960 ἦσαν
2467 3888 2649 3958 κύριοι
2668 3905 2682 3919 ·
2717 3890 2778 3943 οὑ
2809 3889 2919 3962 γὰρ
2944 3890 3157 3960 ἀνάγκῃ
3190 3888 3518 3959 κατείχοντο.

2095 3971 2314 4044 ἐξουσίᾳ
2359 3967 2496 4044 ἦσαν
2543 3973 2918 4045 τετιμημένοι.
2973 3972 3073 4026 Διά
3123 3971 3286 4024 τοῦτο
3337 3971 3437 4025 καὶ
3484 3969 3632 4028 Ἰωνᾶς

2096 4055 2286 4124 ἔφυγε,
2317 4055 2405 4108 διά
2435 4053 2592 4109 τοῦτο
2620 4057 2716 4109 κειιί⁸
2751 4054 3008 4128 Ἰεζεκιὴλ
3040 4053 3387 4118 ἀνεϐάλλετο,
3407 4053 3487 4106 διὰ
3509 4050 3628 4104 τοῦτο

2097 4139 2192 4193 καὶ
2223 4138 2489 4209 Ἱερεμίας
2521 4141 2835 4212 παρῃτεῖτο.
2881 4140 2938 4192 Ὀ
2979 4139 3035 4192 δέ
3081 4138 3214 4202 Θεὸς
3241 4139 3302 4192 οὑ
3333 4138 3470 4210 μετά
3497 4135 3629 4200 ἀνάγ-

2097 4240 2200 4293 κης
2224 4223 2417 4285 αὐτοὺς
2440 4221 2590 4292 ῶθει,
2613 4223 2747 4277 ἀλλά
2771 4222 3174 4294 συμϐουλεύων,
3200 4222 3496 4294 παραινῶν,
3514 4222 3628 4272 ἀπει-

2095 4305 2224 4365 λῶν,
2241 4306 2302 4358 οὑ
2331 4306 2537 4359 σκοτῶν
2561 4307 2658 4378 τὴν
2689 4305 2945 4362 διάνοιαν.
2967 4306 3232 4375 Δαίμονος
3256 4308 3355 4376 μὲν
3383 4305 3486 4375 γὰρ
3511 4302 3626 4362 ἷδιῡνν

2097 4389 2156 4444 τὸ
2185 4389 2413 4461 θόρυϐον
2443 4390 2539 4444 καῖ⁸
2573 4390 2770 4461 μανίαν
2821 4393 2995 4444 ποιεῖν
3036 4391 3130 4444 καὶ
3167 4390 3258 4442 πο)
3274 4391 3339 4443 ὑν
3359 4391 3452 4442 τὸν
3478 4388 3622 4453 ζόφον.

2096 4473 2232 4528 Θεοῦ
2261 4474 2339 4539 δὲ,
2367 4473 2428 4526 τὸ
2450 4473 2706 4544 φωτίζειν
2727 4475 2821 4527 καὶ
2849 4474 2986 4544 μετά
3005 4473 3274 4536 συνέσεως
3302 4472 3556 4526 διδάσκειν
3574 4466 3626 4518 τὰ

2095 4558 2298 4612 δέοντα.
2335 4557 2530 4628 Πρώτη
2578 4557 2678 4627 μὲν
2701 4553 2796 4611 οὖν
2827 4556 3061 4628 διαφορὰ
3099 4557 3237 4626 αὕτη
3285 4557 3519 4627 μάντεως
3555 4551 3624 4605 καὶ

2096 4642 2379 4712 προφήτου
2406 4656 2420 4670 ·
2457 4640 2689 4710 δευτέρα
2713 4640 2770 4692 δέ
2793 4640 2985 4710 ἑτέρα,
3013 4641 3082 4712 ἢν
3112 4640 3314 4709 ἐφεξῆς
3341 4641 3528 4710 τίθησι,
3558 4634 3624 4686 λέ-

2095 4742 2208 4794 γων
2227 4742 2242 4756 ·
2302 4725 2401 4779 Διὸ
2449 4723 2704 4795 γνωρίζω
2753 4724 2918 4792 ὑμῖν,
2945 4719 3062 4779 ’ὅτι
3111 4725 3314 4791 οὐδεὶς
3377 4723 3624 4790 Πνεύματι

2099 4809 2246 4863 Θεοῦ
2281 4807 2508 4872 λαλῶν,
2551 4806 2714 4878 λέγει
2760 4807 3030 4878 ἀνάθεμα
3083 4809 3340 4875 Ἰησοῦν.
3394 4804 3511 4861 Εἶτα
3551 4800 3620 4854 καὶ

2097 4892 2280 4962 ἑτέρα·
2306 4891 2412 4946 Καὶ
2435 4891 2634 4956 οὐδεὶς
2648 4891 2896 4945 δύναται
2924 4891 3116 4946 εἰπεῖν
3153 4893 3374 4960 Κύριον
3408 4885 3618 4956 Ἰησοῦν,

2096 4979 2147 5031 εί
2173 4976 2259 5045 μὴ
2285 4977 2355 5030 ἐν
2368 4976 2664 5045 Πνεύματι
2690 4975 2855 5044 ἁγίῳ.
2881 4975 3051 5029 Ὀταν
3077 4976 3210 5046 ἴδῃς,
3239 4973 3422 5044 φησὶν,
3446 4971 3544 5024 τινὰ
3563 4968 3617 5038 μή

2099 5059 2469 5130 φθεγγόμενον
2499 5058 2560 5112 τὸ
2584 5057 2755 5128 ὄνομα
2784 5059 2968 5116 αὑτοῦ.
3001 5059 3033 5130 ἢ
3067 5061 3157 5111 καὶ
3186 5055 3615 5128 ἀναθεματίζοντα,

2101 5145 2292 5214 μάντις
2333 5141 2468 5195 ἐστί.
2501 5141 2690 5207 Πάλιν,
2725 5142 2852 5195 ὅταν
2883 5143 2998 5211 ἴδῃς
3032 5141 3220 5210 ἕτερον
3267 5143 3404 5211 μετά
3431 5138 3510 5192 τοῦ
3533 5133 3616 5187 όνάο

2103 5241 2270 5296 ματος
2300 5223 2464 5279 αὑτοῦ
2517 5225 2696 5278 πάντα
2743 5224 3134 5294 φθεγγόμενον,
3178 5225 3372 5293 νόησον
3398 5227 3616 5277 ὃτιπνευ-

2103 5308 2327 5380 ματικός
2362 5311 2497 5364 ἐστι.
2527 5309 2593 5361 Τί
2619 5305 2730 5373 οῦν,
2769 5309 2922 5380 φησὶ,
2953 5308 3085 5381 περὶ
3109 5309 3217 5362 τῶν
3246 5306 3616 5380 κατηχονμένων

2178 5528 2466 5603 ᾖδονὶὶηιαύ
2496 5532 2774 5603 ωοτδὶηςω.
2799 5532 2950 5582 habet
2972 5533 3350 5603 jgxppgcﬁj'ﬁvy
3381 5520 3612 5603 “3359

2099 5593 2279 5657 melior
2322 5593 2535 5657 vide_tur.
2605 5591 2628 5623 “-
2667 5593 2941 5657 Ἑκέχρητο.
2972 5591 3300 5654 Εάἱῐί.’5εινὶι.
3337 5591 3448 5645 ουιιι
3477 5591 3612 5643 Dum

2102 5659 2240 5718 putat
2265 5655 2531 5718 legendum
2551 5655 2826 5720 ἐκέχρηντοι
