3826 6216
64 1825 100 1835 «⁸-

64 1847 102 1859 ἰν.

80 1908 87 1916 .

64 1930 89 1937 ¹¹ί
100 1936 107 1943 1

241 219 325 275 9H
1238 208 1304 265 IN
1340 207 1607 266 EPISTJ
1671 206 1761 261 AD
1798 204 1954 262 COR.
1998 204 2225 263 IIOMIL.
2268 206 2461 265 XXIX.

239 332 601 413 perdicerent)
633 350 647 387 :
680 332 875 390 deinde
903 334 1021 403 quia
1053 331 1121 387 de
1151 332 1216 387 tis
1240 374 1255 399 ,
1286 348 1405 403 quia
1434 330 1753 387 dicebantur
1778 370 1795 392 ,

238 446 333 487 non
377 433 579 498 poterat
624 425 762 480 ratio
812 424 999 488 reddi,
1055 439 1178 479 cum
1218 438 1306 478 res
1356 437 1474 492 quae
1528 419 1799 490 praedicta

238 523 430 577 fuerant
471 517 706 572 nondum
752 517 1060 572 evenissent
1083 557 1098 581 ,
1142 526 1196 571 et
1228 515 1381 571 facile
1420 513 1801 568 confutabatur

238 608 569 681 (mendacem
615 608 756 662 enim
810 616 865 663 et
911 621 1157 663 veracem
1221 607 1344 662 ﬁnis
1393 603 1796 676 comprobat):

236 716 300 756 ne
313 708 429 755 ante
449 698 608 753 ﬁnem
629 699 901 754 auditores
917 699 1314 770 deciperentur,
1335 699 1429 752 dat
1444 698 1547 753 illis
1563 698 1797 768 signum,

235 791 365 861 quod
390 792 545 846 etiam
586 800 710 846 ante
748 801 998 846 eventum
1038 791 1181 847 hunc
1217 800 1272 846 et
1302 791 1453 846 illum
1496 791 1797 846 indicaret:

234 893 283 938 et
308 883 422 936 hinc
452 890 669 951 accepta
698 884 1080 953 consequentia
1105 893 1159 937 et
1189 882 1475 953 principio,
1505 882 1656 936 sicin
1687 896 1803 936 ser-

235 988 431 1030 monem
456 972 526 1028 de
568 972 981 1029 eharismatibus
1022 974 1251 1037 transit,
1298 981 1355 1029 et
1401 974 1799 1029 contentionem

233 1065 345 1121 inde
367 1065 640 1119 subortam
670 1065 909 1136 corrigit.
939 1064 1152 1119 Interim
1175 1079 1302 1118 vero
1326 1063 1395 1119 de
1417 1062 1802 1117 divinatoribus

233 1158 439 1228 loquens
467 1157 547 1211 sic
574 1157 785 1212 orditur
815 1175 829 1212 :
867 1156 947 1211 De
974 1156 1324 1227 spiritualibus
1363 1166 1533 1210 autem
1563 1153 1681 1209 nolo
1715 1169 1800 1209 vos

232 1254 450 1321 ignorare
469 1290 485 1316 ,
518 1252 739 1320 fratres;
769 1250 1062 1320 spiritualia
1089 1264 1289 1303 vocans
1313 1250 1462 1318 signa
1489 1290 1504 1315 ,
1554 1248 1678 1317 quia
1712 1248 1801 1301 illa

231 1344 443 1413 Spiritus
471 1344 636 1397 solius
663 1352 786 1398 sunt
814 1359 997 1413 opera,
1030 1343 1265 1399 humano
1294 1342 1474 1397 studio
1501 1342 1633 1397 nihil
1660 1342 1797 1397 affe~

232 1445 372 1493 rente
396 1436 459 1490 ad
496 1436 619 1491 talia
644 1438 901 1492 miracula
947 1437 1231 1508 patranda.
1273 1436 1343 1492 Et
1369 1437 1435 1492 de
1475 1436 1583 1491 illis
1610 1436 1799 1507 dispu-

234 1538 458 1593 taturos,
493 1528 640 1595 prius
661 1570 676 1592 ,
720 1537 774 1582 ιιι
805 1528 913 1583 dixi
937 1571 952 1594 ,
993 1529 1377 1583 divinationem
1406 1528 1549 1583 inter
1586 1536 1642 1583 et
1674 1543 1802 1597 pro-

232 1620 450 1690 phetiam
481 1618 839 1674 differentiam
883 1621 1063 1689 ponit,
1112 1622 1192 1675 sic
1217 1619 1403 1675 dicens
1430 1636 1445 1673 :
1477 1619 1636 1675 Scitis
1663 1619 1803 1689 quod

231 1729 336 1767 curn
360 1722 529 1783 gentes
572 1712 775 1777 essetis,
819 1713 887 1766 ad
927 1714 1201 1767 simulacra
1238 1722 1377 1765 muta
1405 1722 1553 1781 prout
1580 1712 1802 1767 duceba-

229 1806 343 1859 mini
361 1815 549 1858 euntes.
578 1804 631 1858 id
657 1813 740 1859 est
767 1823 781 1858 :
814 1805 869 1859 In
900 1805 1078 1871 idolis,
1109 1804 1301 1875 inquit,
1329 1805 1374 1859 si
1400 1805 1521 1875 quis
1547 1804 1802 1874 abreptus

229 1907 362 1954 esset
400 1912 429 1951 a
475 1899 666 1967 Spiritu
720 1897 1035 1963 immundo,
1082 1906 1137 1953 et
1177 1898 1596 1964 vaticinaretur,
1645 1898 1803 1968 quasi

228 1993 475 2046 abductus
509 1992 586 2047 sic
631 1993 718 2047 ille
759 1992 1073 2046 trahebatur
1097 2006 1126 2045 a
1154 1992 1347 2061 spiritu
1377 1991 1587 2047 vinctus
1612 2032 1625 2055 ,
1669 1990 1803 2045 nihil

227 2085 392 2139 sciens
416 2098 603 2137 eorttm
634 2098 752 2152 qua:
781 2083 1012 2136 dicebat.
1056 2082 1167 2137 Iioc
1194 2083 1336 2137 enim
1366 2082 1649 2137 divinatort
1676 2097 1802 2152 pro-

228 2177 388 2247 prium
421 2185 525 2242 est,
555 2186 612 2231 ut
638 2186 817 2232 mente
846 2176 1090 2238 excedat.
1120 2178 1229 2232 vim
1261 2178 1513 2247 patiatur,
1541 2178 1796 2248 pellatur,

229 2268 453 2323 trahatur
476 2310 495 2334 ,
528 2268 677 2336 quasi
706 2268 906 2323 furens.
950 2267 1214 2339 Propheta
1247 2284 1377 2324 vero
1405 2285 1509 2324 non
1541 2270 1620 2324 sic
1645 2312 1659 2334 ,
1704 2270 1801 2325 sed

228 2378 339 2418 cum
368 2362 513 2431 vigili
542 2372 754 2429 mente,
783 2378 903 2419 cum
932 2364 1250 2433 temperanti
1278 2366 1682 2430 constitutione,
1710 2366 1799 2421 illa

228 2457 392 2511 sciens
415 2472 538 2527 quze
563 2456 733 2523 dicit,
764 2457 943 2511 omnia
975 2457 1232 2527 loquitur.
1268 2458 1451 2529 Itaque
1478 2459 1641 2513 etiam
1672 2468 1799 2515 ante

229 2557 461 2603 eventum
486 2547 613 2601 hinc
635 2548 938 2602 internosce
964 2558 1140 2602 vatem
1157 2556 1211 2603 et
1231 2549 1568 2619 prophetam.
1592 2550 1659 2604 Et
1680 2550 1803 2607 vide

227 2654 372 2708 quam
394 2654 501 2693 non
525 2647 829 2709 suspectum
858 2638 1091 2708 proferat
1114 2655 1417 2695 sermonem
1443 2660 1457 2695 :
1482 2642 1627 2711 ipsos
1648 2649 1805 2697 vocat

227 2740 399 2795 testes,
431 2729 524 2801 qui
552 2730 627 2785 rei
649 2730 1041 2800 experientiam
1070 2729 1315 2785 fecerint.
1346 2732 1498 2797 Quod
1530 2732 1671 2786 enim
1697 2747 1802 2787 non

225 2822 467 2886 mentiar,
502 2822 703 2889 inquit,
734 2836 908 2892 neque
935 2830 1139 2877 temere
1166 2838 1227 2877 ea
1259 2839 1380 2893 qum
1399 2823 1642 2893 gentium
1674 2832 1802 2879 sunt

226 2912 488 2967 traducum
514 2954 531 2979 ,
563 2912 768 2983 fingens
795 2921 1066 2983 tamquam
1096 2912 1346 2968 inimicus
1370 2955 1385 2979 ,
1416 2929 1511 2969 vos
1540 2914 1638 2983 ipsi
1670 2915 1802 2970 mihi

227 3005 399 3061 feratis
444 3007 812 3062 testimonium
858 3025 871 3061 :
919 3008 1118 3062 etenim
1159 3008 1257 3077 ipsi
1302 3007 1452 3063 scitis
1494 3009 1801 3079 quomodo,

224 3113 335 3153 cum
355 3099 549 3154 essetis
569 3098 761 3162 Graeci,
794 3100 948 3154 tracti
978 3099 1398 3156 abduceremini.
1430 3100 1582 3169 Quod
1613 3102 1656 3154 si
1684 3102 1805 3172 quis

225 3189 315 3243 hos
339 3231 354 3254 ,
402 3198 593 3258 utpote
635 3189 860 3257 fideles,
912 3201 1192 3259 SttSpertos
1233 3206 1354 3246 esse
1400 3191 1633 3257 dixerit;
1668 3208 1802 3264 age,

224 3282 373 3335 etiam
420 3281 491 3336 ab
535 3280 775 3337 externis
826 3280 927 3336 hoe
970 3281 1125 3336 vobis
1174 3281 1513 3338 manifestum
1558 3283 1801 3340 reddam.

224 3374 349 3426 Audi
376 3386 511 3443 ergo
541 3372 817 3427 Platonem
847 3374 927 3427 sic
952 3373 1261 3443 loquentem
1295 3392 1310 3428 :
1342 3374 1803 3442 Quemadmodum

224 3464 544 3520 divinatures
569 3475 621 3519 et
644 3473 794 3520 vates
822 3465 987 3519 multa
1017 3464 1234 3535 quidem
1258 3475 1312 3520 et
1339 3466 1557 3535 pulchra
1583 3468 1802 3534 dicunt;

222 3571 398 3611 eorum
442 3570 577 3611 vero
621 3572 740 3626 quae
785 3556 1066 3627 proferunt
1116 3556 1251 3611 nihil
1298 3558 1477 3613 sciunt
1522 3557 1618 3629 (a).
1664 3559 1805 3615 Audi

224 3649 374 3702 alium
404 3663 622 3719 quoque
652 3658 859 3718 poetam
886 3650 1073 3703 eadem
1105 3649 1218 3720 ipsa
1249 3649 1598 3706 indicantem.
1644 3651 1803 3705 Post-

224 3754 371 3809 quam
401 3739 722 3810 quihusdam
755 3739 1145 3795 initiationibus
1181 3750 1236 3796 et
1278 3743 1557 3813 praestigiis
1595 3742 1801 3798 dmmo—

223 3845 340 3885 nem
370 3832 492 3901 quis
519 3831 724 3886 homini
749 3831 1091 3902 alligaverat,
1121 3833 1212 3888 ille
1236 3848 1365 3890 vero
1392 3834 1803 3902 vaticinabatur,

222 3924 447 3993 dumque
476 3922 862 3978 vaticinaretur
886 3924 975 3979 ille
996 3965 1011 3988 ,
1043 3924 1354 3994 raptabatur
1382 3934 1439 3980 et
1467 3926 1803 3998 discerpeba-

224 4023 303 4069 tur
328 4057 343 4081 ,
375 4030 438 4069 ac
459 4016 725 4071 daemonis
752 4016 1007 4087 impetum
1032 4016 1173 4073 ferre
1199 4030 1303 4073 non
1337 4027 1576 4088 poterat,
1604 4020 1701 4077 sed
1726 4021 1805 4077 sic

221 4116 454 4175 raptatus
499 4108 771 4179 periturus
811 4118 965 4175 erat;
1020 4109 1085 4166 iis
1135 4110 1227 4181 qui
1272 4111 1468 4167 talibus
1518 4114 1806 4186 prnstigiis

221 4200 411 4256 dabant
440 4218 666 4273 operam
694 4201 823 4258 dicit
852 4218 867 4258 :

220 4310 407 4368 Solvite
435 4315 642 4368 demum
663 4331 683 4369 :
711 4332 876 4386 regem
906 4318 1053 4370 deant
1084 4318 1311 4373 mortalis
1339 4334 1441 4373 non
1467 4321 1603 4375 ultra
1629 4321 1802 4391 capit;

218 4437 269 4482 Cl
293 4445 504 4486 rursum
538 4448 552 4486 τ

218 4544 406 4602 Solvite
426 4557 566 4602 serta
584 4548 729 4615 mihi,
751 4558 902 4612 atque
920 4549 1071 4618 pedes
1089 4550 1342 4621 aspergite
1360 4551 1570 4621 lympha
1589 4554 1799 4619 munda,

216 4635 283 4690 Et
306 4648 665 4709 eapungnntur
691 4640 819 4695 mihi
843 4639 1023 4707 lineae,
1055 4650 1110 4694 ut
1132 4641 1310 4697 adesse
1335 4644 1525 4714 possint
1545 4643 1644 4715 (ὁ).

276 4769 348 4837 (a_)
360 4777 472 4820 Haec
495 4769 875 4837 Platonisverba
894 4771 1138 4837 habentur
1151 4774 1200 4822 in
1213 4772 1447 4837 Apologia
1464 4777 1677 4837 Socratis
1693 4776 1800 4828 edi-

216 4831 360 4895 tionis
378 4834 583 4895 μαινίρί
597 4835 762 4895 Steph.
780 4843 907 4884 anno
931 4835 1073 4895 1578,
1097 4842 1244 4886 Tomo
1257 4831 1316 4895 ’1,
1341 4831 1396 4895 ιιῖ
1422 4836 1499 4885 22.

277 4851 360 4882 tots
382 4851 762 4895 nenrtctstepn.
780 4851 907 4884 anno
931 4851 1073 4895 lato,
1098 4851 1244 4886 ‘tomo
1270 4851 1316 4895 ι,
1380 4872 1391 4885 .
1422 4851 1499 4885 zz.

277 4893 346 4964 (ρ)
373 4894 428 4964 In
453 4896 559 4945 haec
574 4897 790 4964 carmina
815 4896 926 4964 haec
939 4896 1081 4946 docte
1104 4896 1300 4964 disserit
1322 4851 1553 4964 lgalesius
1587 4902 1635 4949 in
1671 4903 1803 4953 notis

215 4956 478 5027 Saviiianis,
502 4970 554 5027 p._
573 4956 694 5006 276:
715 4966 887 5027 Versus
908 4957 1019 5008 istos
1041 4960 1175 5027 apud
1193 4966 1438 5022 poetarum
1467 4962 1677 5027 aliquem
1699 4965 1802 5027 fru-

216 5024 312 5064 stra
323 5020 597 5079 quazsieris.
620 5020 931 5086 Quamobrem
950 5033 1061 5086 cum
1074 5020 1461 5086 Chrysostomwn
1479 5020 1655 5076 audias
1678 5020 1802 5077 tam-

214 5090 355 5153 quam
373 5094 400 5130 e
433 5087 574 5153 poeta
605 5083 923 5153 proferentent
942 5117 957 5138 ,
1002 5081 1212 5146 intellig'e
1251 5084 1543 5153 Pltwbadcm
1586 5101 1683 5153 ,ξιειιΔ
1702 5098 1798 5153 l’y-

214 5138 376 5207 thiam.
420 5138 537 5191 Sunt
575 5138 702 5193 enirn
747 5144 1092 5207 Delphicorum
1131 5138 1438 5207 oraculorum
1471 5138 1798 5201 conclusionis

216 5205 459 5276 quantum
487 5205 1084 5276 uocesquedtzntortissibi
1104 5206 1310 5276 abetuzdi
1333 5210 1543 5276 gratiam
1564 5210 1677 5276 ﬁeri
1712 5225 1797 5276 po-

214 5264 445 5338 stulantis.
478 5264 691 5338 Primum
708 5264 881 5338 horum
904 5268 1047 5338 haltes
1070 5270 1201 5338 apud
1231 5264 1574 5338 Thetidoretum'
1595 5264 1796 5338 cupida

216 5326 451 5398 Oraculis,
467 5335 520 5398 et
544 5330 674 5398 apud
701 5328 955 5398 Eusebium
976 5326 1110 5398 libro:
1121 5334 1151 5382 5
1165 5334 1465 5398 Evangelii-te
1479 5326 1797 5398 prwparatio-

336 5390 477 5449 Αιηια
490 5391 724 5459 eumdem
752 5390 921 5459 etiam
937 5392 1209 5459 Euseban
1227 5390 1371 5446 habes
1393 5390 1629 5459 postertus
1651 5398 1797 5449 distr-

217 5445 350 5523 ςιιυρι.
368 5445 501 5523 Qlwd
526 5452 747 5523 quoniam
782 5459 852 5504 est
875 5453 1140 5523 obscurius,
1167 5457 1319 5508 risum
1346 5445 1528 5523 patinis
1550 5445 1792 5523 ῇιὶξὶῖρἲ-

216 5512 323 5585 tari.
356 5512 793 5585 (Lrsztrpabant‘olt’m
811 5512 1170 5585 superstitiones
1200 5512 1435 5581 quasdam
1460 5512 1789 5585 ridiculaéque

215 5577 539 5643 ceremom’as.
564 5577 743 5643 quibus
756 5578 1039 5643 credebant
1060 5577 1307 5643 dmitos
1328 5583 1537 5643 evocari,
1558 5592 1605 5636 et
1628 5577 1789 5636 vel'ad

216 5636 393 5708 primm
414 5636 668 5708 colloquia,
693 5638 765 5708 vel
786 5640 850 5690 ad
873 5640 1074 5708 oracula
1093 5642 1284 5694 edenda
1301 5644 1479 5708 pellice
1497 5636 1789 5698 (:eretnoniis

215 5694 314 5746 istis
333 5705 516 5750 tantam
534 5694 683 5752 utesse
703 5700 818 5765 vim,
838 5714 922 5753 seu
944 5702 1117 5768 potius,
1144 5711 1192 5755 ut
1216 5694 1408 5760 mollius
1422 5694 1641 5775 imiimi
1654 5694 1795 5763 Par:-

3394 211 3501 270 94‘)

1910 325 2038 382 Haec
2061 326 2206 382 enim
2239 337 2294 383 et
2320 326 2514 382 similia
2535 326 2555 394 (
2578 340 2700 381 nam
2728 324 2885 397 longe
2912 325 3062 398 plura
3094 326 3201 385 dici
3236 342 3451 399 possent
3482 333 3500 400 )

1908 430 2133 491 utraque
2158 421 2315 476 nobis
2336 419 2626 476 ostendunt
2648 428 2705 476 et
2728 421 3102 477 necessitatem
3128 436 3230 493 qua
3256 423 3500 479 serviunt

1907 512 1999 583 qui
2025 512 2333 568 detinentur
2355 512 2632 569 daemones
2654 551 2672 578 ,
2704 520 2761 568 et
2783 513 2889 567 vim
2916 527 3073 583 quam
3103 514 3433 571 sustinentes
3464 517 3498 569 it

1894 605 1997 675 qui
2018 604 2187 660 semel
2212 619 2271 661 se
2298 605 2428 674 ipsis
2452 603 2796 671 dediderunt,
2811 613 2868 660 et
2889 619 2918 657 a
2942 605 3169 661 naturali
3200 621 3294 661 sua
3320 614 3501 663 mente

1907 696 2194 753 excedunt.
2228 696 2414 767 Pythia
2442 711 2572 752 vero
2601 696 2787 767 (cogor
2810 696 2953 751 enim
2979 696 3143 752 aliam
3170 712 3381 769 quoque
3408 712 3501 754 eo-

1907 804 2029 843 rum
2072 787 2454 857 turpitzudinem
2499 787 2820 850 traducere,
2847 802 3007 857 quam
3050 787 3247 845 bonum
3282 788 3497 859 quidem

1908 888 2054 934 esset
2095 879 2506 950 praetermittere
2531 920 2549 944 ,
2574 878 2718 948 quod
2748 878 3064 935 indecorum
3093 879 3248 935 nobis
3274 879 3343 934 sit
3375 881 3499 935 talia

1906 970 2191 1040 profane;
2236 979 2298 1025 ut
2323 978 2502 1027 autem
2533 969 2745 1025 illorum
2775 968 3012 1026 dedecus
3040 971 3236 1026 clarius
3265 972 3459 1027 evadat
3481 1013 3498 1038 ,
3592 1036 3595 1041 Γ

1908 1062 2272 1117 necessarium
2311 1071 2395 1117 est
2424 1061 2640 1128 dicere;
2672 1070 2732 1117 ut
2770 1060 2896 1117 hinc
2924 1062 3141 1118 discetis
3166 1063 3451 1119 amentiam
3481 1105 3497 1130 ,

1906 1161 1963 1209 et
1986 1152 2207 1209 ridicula
2234 1162 2382 1224 gesta
2408 1168 2593 1209 eorum
2619 1153 2710 1223 qui
2736 1153 2942 1208 vatibus
2967 1154 3075 1208 illis
3098 1155 3356 1225 utuntur)
3380 1173 3393 1209 :
3420 1155 3501 1211 (lic
3552 1144 3555 1145 ν

1907 1246 2047 1301 citur
2066 1261 2194 1316 ergo
2215 1245 2404 1317 Pythia
2430 1246 2623 1301 mulier
2644 1245 2876 1303 insidere
2899 1247 3092 1319 tripodi
3115 1248 3380 1318 Apollinis
3399 1248 3497 1322 (a),

1907 1338 2215 1394 divaricatis
2259 1338 2551 1393 cruribus:
2584 1337 2779 1394 deinde
2827 1340 3024 1395 malum
3074 1339 3283 1396 inferne
3328 1341 3500 1397 emitti

1906 1429 2173 1499 spiritum,
2204 1436 2259 1483 et
2285 1444 2381 1499 per
2404 1428 2666 1499 genitales
2691 1428 2809 1498 ejus
2830 1440 3010 1500 partes
3037 1437 3378 1498 subeuntem,
3410 1430 3498 1486 fu-

1906 1536 2031 1576 rore
2050 1521 2329 1577 mulierem
2351 1521 2581 1591 replere,
2600 1530 2655 1577 et
2678 1520 2818 1578 hanc
2836 1522 3086 1593 deinceps
3108 1523 3275 1593 passis
3291 1525 3499 1593 capillis

1905 1613 2227 1668 debacchari
2251 1621 2307 1667 et
2343 1627 2588 1682 spumam
2615 1628 2682 1669 ex
2711 1629 2805 1669 ore
2831 1615 3108 1681 emittere;
3137 1624 3191 1670 et
3220 1616 3297 1671 sic
3329 1625 3499 1671 temne

1907 1694 2106 1760 lentam
2136 1705 2283 1760 illam
2313 1704 2510 1762 furoris
2537 1706 2701 1763 verba
2728 1706 2990 1778 proferre.
3022 1708 3147 1764 Scio
3172 1724 3268 1765 vos
3296 1710 3500 1779 pudore

1905 1796 2126 1852 aﬂ‘ectos
2156 1796 2477 1853 erubescere
2509 1796 2624 1852 haec
2652 1798 2931 1855 audientes
2959 1817 2972 1854 :
3000 1814 3183 1855 verum
3218 1800 3295 1856 illi
3330 1800 3498 1856 altum

1906 1889 2120 1957 sapiunt
2146 1888 2216 1944 ob
2242 1889 2621 1958 turpitudinem
2651 1899 2707 1946 et
2732 1890 2992 1957 insaniam
3022 1900 3240 1947 tantam.

1977 1979 2035 2035 2.
2078 1979 2204 2037 Hac
2247 1980 2408 2051 igitur
2442 1990 2497 2039 et
2537 1980 2731 2036 similia
2766 1982 2943 2037 omnia
2986 1983 3181 2037 Paulus
3215 1984 3499 2055 exagitans

1906 2070 2121 2129 dicebat
2148 2087 2162 2125 :
2203 2070 2357 2130 Scitis
2395 2072 2530 2141 quod
2558 2088 2672 2127 cum
2696 2083 2867 2143 gentes
2893 2075 3064 2129 essetis
3088 2115 3105 2142 ,
3131 2074 3199 2128 ad
3224 2076 3499 2131 simulacra

1906 2172 2050 2217 muta
2092 2162 2465 2225 inducebantini
2503 2162 2727 2219 abducti.
2766 2164 2832 2219 Et
2866 2166 2987 2234 quia
3015 2181 3136 2221 eum
3166 2166 3230 2221 iis
3259 2168 3348 2236 qtti
3382 2164 3495 2223 i'em

1906 2251 2077 2323 probe
2098 2261 2361 2311 noverant
2384 2254 2700 2321 disserebat,
2724 2271 2830 2309 non
2852 2256 3032 2311 omnia
3052 2268 3298 2312 accurate
3326 2259 3494 2328 ponit,

1906 2359 1977 2399 ne
2013 2343 2120 2399 illis
2157 2344 2454 2399 molestiam
2484 2354 2671 2413 creet;
2712 2346 2807 2403 sed
2852 2347 2904 2401 in
2950 2349 3263 2403 memoriam
3291 2359 3494 2407 tantum

1908 2450 2168 2492 revocans
2193 2437 2372 2497 omnia
2398 2478 2413 2504 ,
2445 2438 2554 2493 cito
2600 2439 2845 2503 recedit,
2877 2440 2941 2494 ad
2972 2442 3301 2511 propositum
3342 2443 3463 2500 festi
3483 2472 3497 2483 -

1906 2541 2063 2582 nans.
2092 2526 2229 2593 Quid
2256 2536 2343 2583 est
2365 2539 2565 2591 autem,
2591 2528 2670 2582 Ad
2695 2530 2970 2585 simulacra
2997 2534 3175 2587 muta?
3210 2535 3297 2590 Isti
3344 2544 3493 2591 vates

1906 2618 1973 2673 ad
2020 2618 2108 2675 illa
2160 2620 2313 2675 tracti
2357 2620 2709 2677 ducebantur.
2736 2621 2793 2678 Si
2840 2638 2969 2678 vero
3018 2634 3164 2681 muta
3209 2626 3493 2698 sint,quo-

1908 2712 2069 2769 modo
2101 2712 2208 2768 illis
2246 2713 2570 2773 utebantur?
2601 2730 2701 2785 qua
2740 2716 2809 2770 de
2838 2731 2997 2772 causa
3035 2716 3103 2771 ad
3138 2726 3339 2773 statuas
3375 2717 3497 2773 illos

1907 2803 2117 2861 dtemou
2148 2804 2447 2859 adducebat
2489 2814 2755 2875 tamquam
2787 2806 3028 2875 captivos
3056 2816 3109 2861 et
3134 2807 3377 2863 vinctos?
3405 2807 3493 2863 Si-

1906 2897 2019 2952 mul
2045 2911 2285 2953 errorem
2318 2895 2549 2951 reddens
2574 2896 2927 2967 probabilem.
2957 2897 3034 2953 Ne
3059 2898 3327 2957 videretur
3347 2908 3493 2957 enim

1907 2988 2043 3058 lapis
2070 3002 2190 3043 esse
2217 2998 2396 3043 mutus
2417 3028 2432 3052 ,
2461 2989 2753 3044 conabatur
2783 2988 3025 3045 homines
3053 2990 3208 3049 idolis
3233 2989 3450 3062 alligare
3474 3033 3490 3058 ,

1908 3090 1969 3138 ut
1990 3097 2108 3152 quae
2135 3080 2370 3151 ipsorum
2402 3091 2555 3138 erant
2580 3083 2685 3139 illis
2707 3083 3159 3141 adscriberentur.
3182 3083 3285 3143 Sed
3310 3094 3493 3142 nostra

1909 3189 2015 3230 non
2046 3183 2172 3231 sunt
2212 3174 2537 3244 huiusmodi.
2577 3174 2770 3231 Nostra
2796 3186 2977 3233 autem
3012 3193 3119 3235 non
3159 3179 3334 3248 posuit
3363 3178 3453 3235 ille
3474 3220 3492 3245 ,

1908 3284 2030 3338 qua:
2061 3268 2444 3339 prophetarum
2475 3277 2600 3324 sunt
2624 3270 2747 3329 dico
2775 3288 2787 3324 :
2816 3271 2924 3327 illis
2952 3272 3094 3327 enim
3119 3274 3296 3330 omnia
3328 3274 3496 3329 mani-

1909 3362 2045 3418 festa
2074 3372 2249 3424 erant.
2276 3371 2329 3417 et
2359 3362 2412 3416 in
2442 3363 2546 3417 illis
2576 3365 2965 3434 prophetabant
2990 3373 3051 3422 ut
3078 3368 3222 3435 ipsos
3247 3365 3492 3433 decebat,

1907 3471 2029 3510 cum
2077 3454 2425 3525 intelligentia
2462 3464 2517 3511 et
2554 3455 2800 3512 libertate
2830 3458 2999 3512 omni.
3029 3457 3153 3514 ideo
3181 3473 3344 3528 penes
3374 3459 3495 3513 illos

1907 3555 2025 3603 erat
2058 3556 2114 3602 et
2153 3547 2295 3617 loqui
2338 3556 2390 3603 et
2437 3563 2545 3602 non
2586 3549 2730 3618 loqui
2760 3566 2774 3603 :
2804 3565 2978 3620 neque
3005 3551 3147 3607 enim
3176 3551 3497 3607 necessitate

1908 3638 2229 3693 tenebantur
2249 3679 2265 3705 ,
2294 3638 2388 3695 sed
2420 3640 2696 3709 potestatis
2722 3640 2930 3696 honore
2954 3640 3137 3697 donati
3164 3654 3337 3698 erant.
3369 3643 3494 3698 Ideo

1907 3729 2073 3789 Jonas
2100 3730 2259 3798 fugit.
2294 3729 2415 3785 ideo
2442 3730 2691 3786 Ezechiel
2717 3732 2940 3795 distulit.
2973 3733 3095 3789 ideo
3120 3732 3380 3791 Jeremias
3409 3751 3496 3791 re-

1908 3821 2147 3877 cusabat.
2171 3822 2313 3877 Deus
2328 3837 2456 3877 vero
2473 3837 2577 3877 non
2598 3838 2721 3878 cum
2742 3824 3060 3881 necessitate
3082 3824 3304 3893 impellit
3326 3825 3493 3895 ipsos,

1908 3912 2004 3968 sed
2021 3913 2284 3979 consiliis,
2304 3912 2695 3969 hortationibus
2711 3922 2765 3969 et
2782 3915 3284 3971 comminationibus
3306 3917 3494 3984 utitur,

1909 4015 2144 4060 mentem
2174 4006 2408 4061 tenebris
2436 4022 2543 4060 non
2569 4005 2868 4061 oii'undens.
2900 4006 3168 4063 Dmmonis
3193 4009 3336 4064 enim
3367 4024 3495 4079 pro-

1907 4098 2082 4169 prium
2109 4108 2192 4154 est
2218 4108 2271 4153 et
2297 4098 2580 4153 tumultum
2613 4108 2667 4153 et
2694 4098 2929 4155 furorem
2959 4109 3014 4156 et
3042 4101 3260 4155 multant
3291 4102 3494 4159 immit-

1909 4196 2024 4244 tere
2050 4188 2368 4260 caliginem;
2402 4188 2495 4243 Dei
2526 4204 2653 4245 vero
2682 4198 2764 4244 est
2790 4189 3107 4256 illuminare,
3135 4200 3189 4247 et
3214 4207 3333 4262 qua:
3361 4207 3497 4262 opus

1907 4288 1990 4335 est
2023 4295 2143 4334 cum
2184 4279 2530 4349 intelligentia
2563 4279 2781 4336 docere.
2814 4278 2991 4335 Prima
3026 4296 3154 4351 ergo
3182 4281 3496 4336 divinatoris

1906 4378 1963 4426 et
1999 4368 2277 4441 propheta:
2314 4369 2612 4426 differentia
2655 4370 2770 4426 haec
2806 4380 2931 4426 est:
2967 4371 3201 4428 secunda
3242 4388 3373 4427 Vero
3410 4383 3498 4428 est

1904 4460 2030 4527 alia,
2052 4476 2212 4532 quam
2240 4460 2493 4530 deinceps
2519 4461 2670 4531 ponit
2694 4461 2879 4517 dicens
2903 4481 2917 4517 :
2941 4462 2994 4518 '5.
3019 4462 3145 4517 Ideo
3166 4474 3338 4516 notum
3363 4464 3499 4519 vobis

1905 4551 2039 4622 facio
2063 4591 2078 4615 ,
2106 4550 2241 4620 quod
2279 4567 2423 4605 nemo
2449 4551 2501 4605 in
2526 4552 2709 4622 spiritu
2740 4550 2834 4607 Dei
2862 4553 3068 4624 loquens
3088 4595 3103 4620 ,
3132 4553 3251 4607 dicit
3278 4554 3496 4609 anathe-

1906 4659 1992 4697 ma
2030 4641 2226 4703 lesum.
2260 4644 2461 4699 Deinde
2488 4644 2647 4700 etiam
2676 4644 2779 4699 alia
2804 4686 2820 4709 ,
2849 4643 2918 4698 Et
2962 4662 3107 4703 nemo
3135 4656 3296 4717 potest
3331 4648 3497 4705 dicere

1906 4734 2185 4791 Dominum
2211 4734 2410 4804 Iesum,
2443 4737 2542 4792 nisi
2566 4738 2621 4792 in
2651 4736 2857 4809 Spiritu
2884 4749 3078 4794 sancto.
3108 4740 3243 4796 Cum
3276 4741 3492 4812 videris,

1906 4834 2112 4906 inquit,
2139 4834 2442 4905 quempiam
2470 4850 2576 4890 non
2605 4834 2963 4905 proierentem
2987 4850 3180 4892 nomen
3206 4836 3325 4907 ejus
3344 4879 3359 4903 ,
3385 4838 3495 4894 imo

1902 5027 2124 5140 ριιῖνίεςε,
2148 5041 2382 5091 mva
2414 5028 2749 5101 opinabantur,
2796 5038 2847 5082 ut
2879 5046 2974 5083 non
3003 5043 3254 5086 evocarent
3284 5042 3492 5099 tantum,

1902 5105 1969 5140 set
2012 5100 2053 5140 et
2059 5104 2156 5140 tam
2168 5099 2359 5140 evocata
2376 5092 2616 5140 (lautianm
2629 5094 2914 5140 detinerent-
2931 5096 3163 5140 ("tamdiu
3184 5098 3279 5140 tmti
3293 5113 3488 5140 nmnmm

1901 5092 1987 5141 Sed
2012 5092 2156 5163 tat-itan
2168 5099 2359 5163 evocata
2376 5092 2616 5163 (lammina
2629 5093 2914 5163 detinerent,
2930 5096 3163 5163 quamdiu
3184 5098 3279 5147 vuti
3292 5092 3488 5163 magové

1901 5159 2023 5223 esset
2043 5151 2248 5201 libitum.
2274 5150 2350 5201 sic
2384 5152 2513 5203 enim
2534 5156 2669 5217 apud
2697 5150 3021 5220 Porphyrium
3046 5159 3345 5223 Pythagoras
3371 5150 3492 5210 itha-

1901 5216 2030 5272 dius,
2038 5227 2102 5277 οὐχ
2110 5224 2306 5275 “omni
2318 5225 2540 5282 datariam
2551 5216 2608 5266 ini
2616 5233 2697 5275 ταῖς
2722 5216 2955 5277 tacitae—Oed,
2968 5216 3105 5282 ἀνέτιῆ
3131 5230 3171 5273 δι
3188 5216 3258 5272 siet
3277 5233 3496 5281 ἀκολουθίας

1902 5291 2090 5347 συρόίιινοξ
2128 5291 2425 5347 mpztwmt,
2458 5279 2547 5326 hoc
2581 5287 2695 5347 est;
2722 5288 2826 5347 non
2868 5283 2981 5331 deos
2994 5279 3133 5347 jtittat
3159 5283 3207 5332 in
3232 5279 3492 5347 sacrificiis

1900 5340 2107 5405 evocari,
2127 5345 2211 5388 sed
2230 5340 2526 5405 necessitate
2550 5340 2761 5401 quadam
2782 5340 3069 5405 obsequendi
3110 5345 3253 5405 tracti
3280 5340 3489 5395 ueniunt.

1900 5401 2067 5473 Apollo
2088 5400 2190 5463 ipse
2211 5402 2345 5463 apud
2376 5400 2732 5465 theodot'etum,
2775 5412 2871 5454 etc.
2903 5400 3027 5468 quae
3049 5404 3296 5457 I'usissitne
3320 5420 3495 5469 perse-

1900 5470 2066 5512 auttur
2091 5470 2344 5511 Douuazus.

1936 5476 2066 5511 υιιιπ
2091 5476 2344 5511 υουυίιξυδ.

1899 5478 2066 5527 quitur
2091 5478 2344 5511 uouuzeus.

1963 5527 2037 5587 (α)
2073 5525 2328 5592 l_)e__Pythi_a
2350 5531 2403 5574 et
2417 5522 2481 5574 de
2499 5526 2690 5592 tripode
2711 5526 2822 5592 vide
2832 5528 3114 5592 Strabonem
3138 5526 3222 5592 lib.
3243 5527 3292 5589 9,
3308 5543 3356 5592 p.
3377 5529 3488 5579 M9.

1898 5599 2006 5660 seq.
2033 5587 2114 5637 ed.
2140 5587 2343 5659 Caisaub.
2366 5622 2380 5647 ,
2408 5592 2491 5649 qui
2514 5587 2899 5700 desegptionem
2921 5591 3126 5664 tripodis
3139 5587 3292 5662 ,δῦθι-ς
3308 5587 3369 5641 et
3396 5603 3482 5639 an-

1900 5658 1961 5699 trt
1996 5664 2045 5698 tn
2077 5663 2174 5700 ouo
2217 5656 2405 5700 nosnos
2440 5656 2562 5699 erat.
2607 5656 2634 5698 s
2730 5664 2840 5700 una:
2865 5660 3077 5700 turotora
3102 5652 3181 5700 inc
3203 5653 3482 5700 reteruntns

1900 5651 1961 5699 tri
1980 5650 2045 5698 in
2077 5663 2174 5712 quo
2217 5650 2405 5716 positus
2440 5656 2562 5716 erat.
2607 5650 2699 5700 sed
2730 5664 2840 5716 quae
2865 5650 3077 5716 turpiora
3102 5652 3181 5702 hic
3203 5652 3488 5703 referuntur

1900 5711 2135 5775 nusquam
2159 5711 2359 5763 memini
2382 5723 2461 5763 me
2481 5711 2675 5775 legere.
