3776 6338
338 302 439 364 Ξιῧ

336 438 510 493 ipsum
555 414 1134 479 anathematizaulem,
1178 414 1224 467 is
1270 421 1352 466 est
1392 410 1676 465 divinator.
1718 408 1924 462 Rursus

333 530 454 571 cum
479 513 675 568 videris
695 511 856 565 alium
877 522 999 564 cum
1022 505 1239 560 nomine
1255 502 1373 573 ejus
1394 500 1571 556 omnia
1595 501 1922 571 loquentem,

334 609 509 677 cogita
543 607 690 661 illum
722 617 842 659 esse
867 598 1220 670 spiritualem.
1250 594 1388 662 Quid
1414 607 1561 662 ergo,
1596 591 1825 662 inquies,
1856 590 1924 644 de

332 697 735 753 catechumenis
759 690 1093 748 dixerimus?
1119 688 1164 742 si
1187 687 1330 742 enim
1358 698 1516 739 nemo
1543 692 1719 754 potest
1742 681 1925 737 dicere

338 790 620 845 Dominum
644 788 846 847 Jesum,
870 783 970 838 nisi
999 782 1051 836 in
1076 780 1278 849 Spiritu
1303 786 1509 837 sancto,
1535 775 1660 845 quid
1683 774 1923 829 dicemus

335 882 404 939 de
431 882 532 947 his,
559 881 649 951 qui
675 879 791 950 ejus
817 875 1029 946 quidem
1059 887 1253 927 nomen
1283 869 1577 940 proferunt,
1602 865 1804 936 Spiritu
1829 880 1925 920 au-

336 986 443 1030 tem
475 972 783 1045 privantur?
809 968 917 1026 Sed
947 967 1016 1023 de
1045 966 1130 1021 his
1160 979 1301 1018 nunc
1329 964 1419 1017 ille
1446 976 1551 1016 non
1578 961 1723 1030 agit:
1748 973 1921 1028 neque

335 1068 479 1123 enim
526 1076 649 1120 tunc
690 1060 1060 1118 calecbumeni
1104 1068 1297 1113 erant:
1341 1056 1433 1111 sed
1479 1054 1548 1109 de
1587 1054 1829 1108 fidelibus
1867 1060 1922 1106 et

336 1158 660 1213 infidelibus.
688 1154 825 1221 Quid
853 1152 1015 1222 ergo?
1043 1149 1287 1204 nullusne
1317 1148 1525 1201 dmmon
1555 1145 1721 1200 Deum
1749 1144 1924 1198 nomi-

334 1250 468 1305 nat?
496 1263 673 1302 annon
704 1245 953 1299 dicebant
978 1240 1290 1296 daemoniaci
1318 1256 1331 1290 :
1360 1236 1608 1290 Nouimus
1636 1245 1683 1289 te
1707 1234 1818 1304 quis
1841 1250 1916 1298 es,

333 1342 385 1397 F
387 1343 503 1397 ilius
529 1340 627 1394 Dei
648 1338 839 1410 (Marc.
866 1340 914 1391 l.
941 1334 1081 1404 94η
1112 1347 1288 1387 annon
1319 1331 1481 1385 Paulo
1506 1328 1756 1384 dicebant
1783 1348 1797 1383 :
1824 1328 1922 1382 Isti

335 1433 562 1487 homines
608 1431 735 1484 servi
780 1427 874 1480 Dei
913 1423 1145 1478 altissimi
1186 1430 1301 1476 sunt
1330 1421 1349 1486 (
1380 1420 1489 1474 Act.
1523 1419 1611 1474 l6.
1644 1419 1709 1473 l7
1744 1419 1782 1487 ).
1812 1417 1917 1473 Sed

334 1524 584 1596 ﬂagellati
611 1566 624 1585 ,
655 1522 749 1576 sed
789 1518 996 1581 coacti;
1029 1524 1218 1586 Sponte
1257 1523 1434 1569 autem
1475 1521 1529 1567 et
1570 1528 1676 1566 non
1704 1511 1916 1577 coacti,

338 1630 645 1686 tnnnquam.
680 1613 774 1666 llic
810 1611 919 1680 jam
960 1606 1200 1677 apposite
1239 1614 1538 1675 qumratur,
1571 1618 1668 1658 cur
1706 1602 1917 1657 daemon

334 1707 448 1763 haec
471 1709 797 1777 loqueretur,
822 1713 875 1756 et
895 1715 991 1755 cur
1014 1698 1213 1759 Paulus
1235 1697 1608 1766 increpaverit.
1635 1695 1916 1749 Ductorem

331 1817 525 1871 nempe
562 1813 715 1854 suum
759 1796 1014 1850 imitatus.
1054 1791 1190 1847 Nam
1215 1799 1269 1845 et
1293 1790 1539 1846 Christus
1579 1788 1914 1857 increpavit:

328 1894 543 1949 nolebat
592 1892 734 1947 enim
776 1889 845 1943 ab
880 1887 984 1942 illis
1026 1884 1226 1941 habere
1270 1883 1652 1939 testimonium.
1701 1880 1916 1947 Quare?

328 1989 547 2044 Daemon
610 1984 711 2040 hoc
784 1982 1006 2053 agebat,
1053 1993 1236 2036 rerum
1291 1976 1533 2032 ordinem
1588 1975 1917 2031 confundere

325 2083 512 2136 volens
530 2121 544 2144 ,
576 2087 630 2133 et
654 2075 1019 2147 apostolorum
1049 2072 1295 2141 abripere
1333 2069 1703 2124 auctoritatem
1730 2106 1746 2132 ,
1773 2066 1915 2121 mul-

325 2176 500 2243 tisque
528 2168 849 2242 persuadere
872 2176 929 2222 ut
954 2166 1053 2221 sibi
1075 2163 1414 2220 attenderent
1439 2160 1613 2232 :quod
1641 2161 1688 2216 si
1717 2160 1914 2215 factum

325 2273 469 2320 esset
494 2304 508 2328 ,
536 2277 658 2317 cum
686 2259 791 2316 fide
815 2258 959 2329 digiti
986 2256 1359 2328 apparuissent
1383 2296 1400 2321 ,
1431 2253 1588 2310 facile
1616 2267 1709 2308 sua
1740 2252 1912 2307 intro-

323 2357 623 2411 duxissent.
652 2352 730 2408 Ne
757 2353 860 2407 hoc
883 2365 1013 2421 ergo
1043 2348 1192 2405 fleret
1219 2389 1236 2415 ,
1267 2362 1443 2418 neque
1470 2346 1674 2401 fallacia
1704 2345 1913 2399 initium

323 2448 546 2502 duceret
567 2486 583 2508 ,
612 2444 773 2499 etiam
807 2457 928 2498 cum
957 2455 1083 2497 vera
1118 2440 1465 2509 loquerentur
1488 2479 1504 2506 ,
1532 2452 1625 2492 ora
1658 2436 1787 2506 ipsis
1811 2436 1915 2491 ob-

324 2538 514 2604 struit,
544 2545 604 2591 ut
651 2537 705 2591 in
749 2535 895 2589 falsis
934 2547 1094 2589 nemo
1139 2532 1268 2601 ipsis
1311 2532 1549 2586 animum
1592 2529 1909 2597 adhiberet,

324 2629 421 2685 sed
462 2628 529 2684 ad
568 2644 629 2683 ea
661 2626 876 2698 quarab
904 2625 1032 2695 ipsis
1061 2623 1364 2680 dicerentur
1401 2636 1559 2677 aures
1585 2620 1909 2677 Obstrueret.

323 2722 611 2792 Postquam
648 2732 778 2790 ergo
805 2727 955 2772 vates
994 2725 1047 2771 et
1086 2714 1373 2787 prophetas
1415 2713 1733 2769 distinxerat
1760 2721 1815 2769 et
1843 2727 1909 2768 ex

323 2813 500 2883 priore
538 2822 591 2867 et
636 2827 699 2866 ex
745 2808 982 2866 secundo
1027 2808 1214 2877 signo,
1257 2806 1471 2861 demum
1519 2805 1589 2862 de
1638 2805 1910 2861 miraculis

320 2905 569 2970 disserit;
603 2918 703 2959 nec
731 2902 847 2957 sine
873 2915 1032 2956 causa
1062 2898 1130 2957 ad
1160 2899 1260 2954 hoc
1288 2906 1663 2969 argumentum
1695 2898 1906 2964 transit,

318 2997 413 3053 sed
445 3005 504 3052 ut
528 2994 921 3053 dissensionem
950 2992 1075 3049 inde
1104 2992 1376 3046 subortam
1404 2990 1574 3058 tollat,
1602 2997 1658 3045 et
1682 3004 1909 3059 persua—

316 3090 443 3146 deat
480 3089 545 3145 iis
584 3089 675 3159 qui
720 3087 896 3141 minus
939 3085 1175 3150 habent,
1220 3099 1289 3139 ne
1331 3082 1588 3147 doleant,
1616 3092 1672 3137 et
1713 3083 1780 3137 iis
1817 3082 1909 3153 qui

316 3181 518 3252 majora
547 3179 852 3251 possident,
884 3192 953 3233 ne
982 3176 1290 3233 efferantur.
1326 3174 1449 3230 ldeo
1476 3174 1553 3228 sic
1583 3174 1780 3243 incepit
1808 3191 1823 3228 :
1850 3174 1905 3229 4.

316 3276 600 3331 Divisiones
628 3289 745 3329 vero
772 3272 1055 3342 gratiarum
1084 3280 1201 3324 sunt
1224 3309 1241 3335 ,
1275 3269 1409 3321 idem
1438 3277 1605 3320 autem
1637 3266 1907 3337 Spiritus;

314 3369 595 3438 primoque
618 3372 769 3420 curat
796 3363 945 3418 illum
976 3361 1066 3432 qui
1093 3361 1272 3415 minus
1298 3358 1457 3413 habet
1482 3361 1682 3413 donum
1706 3398 1721 3425 ,
1755 3358 1907 3413 ideo-

314 3478 424 3532 que
447 3460 613 3515 dolet.
644 3459 751 3513 Cur
779 3458 920 3513 enim
942 3498 957 3524 ,
988 3456 1190 3527 inquit,
1219 3455 1471 3525 angeris?
1495 3455 1618 3525 quia
1648 3468 1755 3510 nou
1786 3464 1907 3509 tan-

317 3565 427 3607 tmn
474 3553 722 3622 accepisti
763 3561 1019 3623 quantum
1060 3551 1233 3605 alius?
1271 3550 1367 3605 sed
1410 3551 1583 3622 cogita
1625 3549 1754 3604 illud
1787 3564 1908 3606 esse

315 3648 536 3713 donum,
564 3662 669 3701 non
694 3645 957 3711 debitum,
980 3655 1035 3699 et
1054 3644 1480 3699 consolationem
1506 3644 1755 3712 accipies.
1782 3643 1906 3698 Ideo

313 3741 493 3795 statim
539 3739 617 3793 sic
660 3739 893 3809 loquitur
920 3755 935 3794 :
961 3736 1248 3792 Divisiones
1294 3753 1409 3791 vero
1450 3737 1729 3808 gratiarum
1765 3748 1903 3792 sunt.

313 3829 498 3900 Neque
541 3829 675 3885 dixit
722 3831 994 3900 signorum
1020 3871 1036 3896 ,
1087 3844 1262 3899 neque
1302 3828 1682 3883 miraculorum
1707 3869 1722 3894 ,
1768 3827 1902 3895 sed,

317 3920 648 3985 Gratiarum;
677 3921 894 3976 nomine
916 3921 1040 3975 doni
1069 3920 1397 3990 persuadens
1426 3919 1501 3974 illi
1530 3928 1586 3974 ut
1612 3934 1716 3975 non
1746 3920 1906 3975 modo

316 4029 421 4068 non
444 4013 642 4077 doleat,
664 4014 756 4070 sed
778 4024 831 4069 et
852 4015 1071 4086 gratiam
1097 4015 1307 4069 habeat.
1335 4015 1400 4069 Et
1420 4029 1540 4070 cum
1564 4015 1683 4080 hoc,
1710 4015 1901 4085 inquit,

315 4105 445 4161 illud
476 4122 688 4177 quoque
721 4118 893 4162 tecum
925 4116 1111 4176 reputa
1131 4147 1147 4173 ,
1176 4107 1317 4177 quod
1343 4107 1553 4162 etiamsi
1578 4108 1629 4162 in
1655 4122 1903 4164 mensura

315 4199 440 4253 doni
470 4199 646 4252 minus
677 4198 909 4264 habeas;
944 4203 998 4253 in
1028 4215 1093 4254 eo
1121 4199 1261 4269 quod
1291 4199 1535 4270 dignatus
1563 4199 1638 4254 sis
1666 4200 1787 4255 inde
1814 4215 1901 4255 ac-

314 4292 494 4362 cipere
514 4333 528 4355 ,
556 4291 697 4347 unde
725 4294 769 4347 is
793 4292 997 4362 accepit
1029 4292 1116 4362 qui
1149 4292 1265 4361 plus
1293 4291 1492 4355 habet,
1524 4306 1705 4360 parem
1736 4291 1904 4346 habes

315 4383 597 4438 honorem.
644 4383 828 4454 Neque
872 4384 1015 4439 enim
1060 4382 1239 4438 dicere
1278 4383 1487 4453 possis,
1533 4382 1608 4436 illi
1647 4382 1902 4451 Spiritum

314 4474 547 4542 dedisse,
573 4475 664 4530 tibi
686 4491 816 4531 vero
837 4477 1085 4547 angelum
1110 4493 1122 4528 :
1147 4491 1266 4531 nam
1293 4485 1348 4531 et
1375 4475 1464 4530 tibi
1493 4484 1546 4530 et
1573 4474 1648 4529 illi
1674 4474 1904 4545 Spiritus

314 4567 484 4624 dedit.
515 4567 639 4624 Ideo
666 4569 958 4638 subjnnxit,
995 4567 1141 4621 Idem
1167 4578 1333 4622 autem
1365 4566 1612 4637 Spiritus.

385 4661 440 4716 ὅ.
484 4661 663 4731 Itaque
691 4662 899 4716 etiamsi
932 4661 984 4714 in
1009 4660 1152 4715 dono
1177 4658 1477 4714 differentia
1503 4657 1608 4724 sit,
1635 4665 1690 4712 at
1714 4670 1821 4712 non
1848 4656 1902 4712 in

312 4768 379 4808 eo
407 4753 493 4823 qui
524 4752 669 4807 dedit
702 4770 715 4805 :
746 4767 813 4806 ex
856 4752 1046 4806 eodem
1092 4766 1320 4820 namque
1352 4749 1496 4803 fonte
1530 4756 1585 4804 et
1629 4758 1682 4802 tu
1718 4758 1773 4803 et
1814 4748 1903 4805 ille

312 4843 587 4898 hausistis.
618 4844 671 4898 5.
708 4840 773 4896 Et
814 4841 1084 4896 divisiones
1130 4840 1551 4895 ministrationum
1588 4848 1737 4904 sunt,
1768 4839 1903 4894 idem

314 4946 482 4989 autem
528 4933 798 4989 Dominus.
843 4934 975 4989 Nam
1016 4934 1436 4989 consolationem
1481 4931 1657 4986 adhuc
1697 4932 1903 5001 placide

316 5041 517 5096 augens
544 5067 560 5091 ,
586 5034 642 5079 et
670 5025 859 5080 Filium
888 5034 943 5082 et
982 5026 1195 5082 Patrem
1221 5022 1424 5094 adjicit.
1455 5022 1685 5095 Alioque
1713 5038 1902 5079 rursus

318 5118 534 5173 nomine
562 5117 675 5172 hinc
700 5117 839 5171 dona
865 5128 1040 5184 vocat,
1072 5119 1327 5187 majorem
1355 5116 1513 5171 etiam
1542 5117 1665 5173 inde
1689 5118 1904 5188 excogi«

321 5221 441 5265 tnns
465 5210 884 5267 consolationem
914 5229 927 5263 :
959 5212 1078 5267 ideo
1126 5212 1204 5267 sic
1248 5210 1407 5282 dicit,
1437 5210 1719 5266 Divisiones
1747 5212 1902 5265 mini-

323 5302 617 5355 strationum
638 5313 775 5366 sunt,
799 5304 930 5355 idem
953 5313 1119 5356 autem
1143 5302 1410 5357 Dominus.
1435 5303 1567 5357 Nam
1589 5305 1680 5374 qui
1700 5304 1899 5359 donum

319 5391 502 5456 audit,
532 5402 586 5448 et
611 5393 788 5449 minus
812 5395 1053 5464 accepit,
1087 5393 1316 5449 fortasse
1347 5394 1612 5462 doluerit;
1651 5396 1741 5467 qui
1769 5411 1901 5451 vero

318 5486 763 5542 ministrationem
792 5489 1017 5556 accepit,
1047 5501 1153 5541 non
1182 5486 1306 5540 item
1339 5504 1352 5540 :
1382 5501 1468 5541 res
1494 5488 1634 5542 enim
1663 5488 1901 5546 laborem

318 5578 518 5635 indicat
542 5588 595 5635 et
619 5578 893 5635 sudorem.
926 5578 1060 5646 Quid
1086 5592 1217 5648 ergo
1241 5576 1413 5645 doles,
1439 5578 1637 5650 inquit,
1665 5581 1709 5636 si
1739 5580 1902 5635 alium

318 5673 437 5744 plus
477 5674 720 5730 laborare
761 5674 960 5744 jussit,
1004 5673 1095 5729 tibi
1137 5674 1403 5745 parcens?
1442 5672 1497 5730 6.
1537 5671 1606 5728 Et
1635 5674 1902 5729 divisiones

322 5768 669 5839 operationum
698 5777 814 5826 sunt
834 5810 848 5836 ,
887 5768 1018 5823 idem
1045 5784 1159 5826 vero
1187 5766 1320 5825 Deus
1344 5771 1431 5842 qui
1468 5783 1707 5846 cperatur
1730 5771 1901 5828 omnia

1041 298 1099 356 S.
1136 293 1414 355 JOANNIS
1448 290 1920 351 CHRYSOSTUMI
1958 290 2272 350 ARCIIIEP.
2313 291 2849 353 CONSTANTINOP.

3528 302 3634 359 ‘2“

2036 408 2090 461 in
2134 407 2385 465 omnibus.
2437 410 2489 463 7.
2542 406 2827 479 Unicuique
2868 421 3037 466 autent
3082 412 3237 468 datur
3280 416 3629 487 mirantia

2037 498 2264 568 Spiritus
2292 502 2361 554 ad
2386 503 2671 556 utilitatem.
2704 504 2769 556 Et
2798 504 2925 573 quid
2954 513 3038 559 est
3065 506 3346 574 Operatio?
3370 508 3501 578 quid
3530 508 3627 564 do-

2034 592 2203 645 num?
2233 593 2475 662 inquies;
2516 593 2643 663 quid
2685 595 3045 651 ministratio?
3086 596 3372 653 Nominum
3418 610 3625 657 tantum

2033 693 2156 735 sunt
2181 681 2517 749 difl'erentize,
2540 686 2663 754 quia
2689 699 2779 740 res
2796 685 3001 741 eaedem
3027 696 3173 743 sunt.
3197 688 3351 755 Quod
3372 691 3519 745 enim
3542 700 3629 748 est

2033 774 2231 828 donum
2258 815 2274 840 ,
2310 775 2436 830 illud
2466 776 2640 845 ipsum
2669 785 2753 832 est
2783 779 3135 847 ministratio;
3177 781 3282 837 hoc
3305 784 3468 838 etiam
3495 784 3627 840 dicit

2032 865 2396 933 operationem
2427 884 2442 921 :
2474 882 2594 921 nam
2635 868 2708 922 ait
2740 887 2752 924 :
2783 868 3125 925 Ministerium
3152 882 3294 927 tuum
3334 875 3497 945 imple
3527 876 3625 944 (2.

2035 956 2167 1011 Tim.
2196 960 2249 1013 4.
2282 960 2368 1029 5);
2394 969 2467 1027 et,
2500 959 2841 1016 Ministerium
2867 981 3034 1018 meum
3060 966 3291 1035 glori/ica
3318 968 3501 1037 (Rom.
3535 971 3625 1025 il.

2032 1050 2145 1121 15).
2177 1051 2244 1127 Et
2273 1052 2556 1109 Timotheo
2585 1056 2830 1111 scribens
2859 1056 3023 1123 dicit,
3055 1057 3275 1130 Propter
3296 1078 3453 1133 quam
3491 1082 3623 1117 cau-

2028 1157 2138 1194 sam
2162 1144 2409 1198 admoneo
2436 1154 2483 1198 te
2504 1185 2519 1211 ,
2546 1157 2603 1199 ut
2638 1148 2844 1201 suscites
2872 1150 3086 1219 gratiam
3121 1148 3220 1204 Dei
3252 1169 3367 1222 quae
3393 1164 3466 1208 est
3494 1155 3548 1207 in
3577 1166 3627 1208 te

2030 1231 2109 1301 (ﬁ.
2132 1231 2268 1286 Tim.
2294 1235 2345 1289 1.
2371 1234 2451 1306 6);
2480 1246 2534 1291 et
2557 1237 2625 1292 ad
2651 1236 2867 1293 Galatas
2892 1256 3077 1296 rursus
3101 1243 3341 1299 scribens
3367 1244 3620 1302 dicebat:

2031 1326 2132 1391 Qui
2160 1329 2292 1381 enim
2326 1341 2565 1398 operatus
2593 1340 2667 1386 est
2695 1331 2851 1387 Petro
2885 1335 2938 1388 in
2973 1338 3347 1407 apostolatum,
3380 1352 3625 1409 operatus

2028 1428 2103 1473 est
2126 1428 2174 1473 et
2202 1421 2327 1474 milii
2353 1423 2484 1475 inter
2501 1432 2671 1493 gentes
2694 1423 2836 1494 (Gal.
2856 1424 2912 1480 2.
2936 1426 3013 1496 8).
3043 1428 3225 1484 Viden’
3249 1431 3393 1501 quod
3417 1433 3623 1488 nullam

2026 1512 2380 1570 differentiam
2405 1517 2652 1571 ostendat
2678 1518 2729 1571 in
2759 1518 2915 1575 donis
2941 1520 3115 1575 Patris
3140 1531 3194 1576 et
3217 1522 3337 1578 Filii
3366 1535 3422 1579 et
3444 1525 3625 1595 Spiri-

2028 1614 2113 1660 tus
2147 1607 2351 1661 sancti?
2389 1623 2493 1662 non
2534 1607 2849 1679 hypostases
2887 1611 3221 1668 confundens
3245 1656 3261 1682 ,
3302 1615 3478 1680 absit,
3522 1617 3621 1671 sed

2025 1696 2336 1753 substantiae
2385 1713 2566 1768 parem
2620 1700 2881 1757 honorem
2928 1705 3237 1759 ostendens.
3288 1705 3423 1762 Nam
3469 1710 3622 1778 quod

2024 1787 2253 1858 Spiritus
2300 1790 2560 1861 largitur,
2596 1793 2697 1847 hoc
2731 1802 2787 1848 et
2827 1794 2994 1848 Deum
3039 1798 3288 1865 operari,
3325 1809 3381 1853 et
3418 1799 3621 1856 Filium

2024 1881 2274 1937 ordinare
2298 1898 2363 1937 ac
2392 1884 2630 1952 przebere
2655 1885 2803 1941 dicit.
2835 1888 2992 1957 Atqui
3020 1889 3065 1944 si
3094 1890 3195 1945 hoc
3218 1901 3361 1946 esset
3393 1893 3487 1948 illo
3516 1895 3623 1947 tui-

2022 1987 2123 2027 nus
2144 2014 2159 2039 ,
2189 1982 2243 2028 et
2269 1973 2398 2028 illud
2423 1974 2527 2029 isto
2546 2016 2562 2040 ,
2593 1991 2698 2031 non
2728 1978 2807 2031 sic
2833 1978 2960 2033 illud
2990 1981 3274 2049 posuisset,
3304 1998 3483 2053 neque
3513 1984 3621 2040 hac

2022 2064 2229 2119 ratione
2267 2064 2538 2121 dolentem
2579 2068 2891 2123 consolatus
2919 2080 3080 2125 esset.
3120 2071 3248 2128 Post
3290 2073 3405 2129 lnec
3431 2086 3618 2132 autem

2021 2155 2129 2211 alio
2167 2171 2380 2228 quoque
2423 2159 2583 2214 modo
2626 2160 2799 2229 ipsum
2844 2163 3187 2229 consolatur;
3231 2166 3374 2236 quod
3417 2184 3621 2239 nempe

2020 2246 2144 2303 data
2180 2264 2429 2304 mensura
2470 2250 2570 2321 ipsi
2599 2252 2872 2318 conferat,
2900 2254 3108 2309 etiamsi
3148 2260 3322 2312 minor
3346 2259 3440 2314 sit.
3474 2259 3618 2317 Cum

2019 2339 2249 2396 dixisset
2285 2343 2429 2398 enim
2453 2385 2469 2410 ,
2497 2342 2646 2399 Idem
2677 2345 2904 2416 Spiritus
2924 2387 2942 2414 ,
2983 2348 3116 2404 idem
3155 2350 3405 2407 Dominus
3428 2395 3445 2420 ,
3474 2355 3614 2409 idem

2020 2430 2192 2499 Deus,
2220 2442 2276 2487 et
2307 2432 2406 2488 hac
2433 2435 2639 2490 ratione
2666 2437 2839 2506 ipsum
2868 2451 3197 2504 recreasset;
3232 2443 3389 2498 aliam
3423 2462 3619 2503 rursus

2017 2524 2287 2594 subjuugit
2314 2527 2734 2582 consolationem
2762 2529 2839 2584 sic
2871 2530 3054 2585 dicens
3083 2549 3096 2585 :
3129 2531 3414 2600 Unicuique
3439 2551 3616 2594 autem

2018 2616 2358 2688 manifestatio
2387 2617 2615 2685 Spiritus
2641 2619 2795 2673 datur
2814 2622 2881 2674 ad
2907 2622 3194 2678 utilitatem.
3223 2624 3299 2680 Ne
3323 2627 3444 2696 quis
3464 2630 3613 2684 enim

2017 2707 2221 2763 diceret
2248 2750 2263 2771 ,
2291 2709 2428 2777 Quid
2455 2712 2634 2776 enim,
2664 2713 2708 2766 si
2738 2712 3167 2770 idem-Dominus
3190 2729 3245 2772 et
3272 2717 3412 2774 idem
3441 2722 3617 2791 Spiri~

2017 2808 2103 2854 tus
2126 2810 2181 2855 et
2207 2801 2346 2856 idem
2370 2802 2543 2858 Deus?
2571 2814 2624 2857 at
2648 2818 2748 2874 ego
2768 2805 2945 2861 minus
2969 2809 3149 2878 accepi
3172 2825 3188 2872 ;
3208 2810 3283 2864 ait
3305 2811 3441 2882 ipse,
3465 2816 3615 2884 quod

2016 2893 2088 2948 ita
2132 2894 2419 2950 conferret.
2472 2896 2953 2955 Manifestationem
2997 2915 3129 2955 vero
3178 2902 3411 2973 Spiritus
3458 2908 3613 2978 signa

2016 2997 2204 3051 vocat;
2251 2996 2304 3041 et
2347 2988 2559 3043 merito.
2596 2988 2722 3043 Mihi
2754 2990 2897 3046 enim
2938 2991 3077 3047 fideli
3110 2994 3428 3052 manifestus
3455 3010 3542 3053 est
3571 3002 3615 3055 is

2012 3081 2103 3150 qui
2135 3080 2294 3134 habet
2319 3079 2573 3150 Spiritum
2598 3122 2614 3148 ,
2645 3097 2711 3137 eo
2738 3083 2881 3152 quod
2920 3084 2991 3139 sit
3032 3085 3367 3156 baptizatus;
3402 3089 3615 3150 infideli

2014 3185 2192 3230 autem
2221 3191 2285 3231 ex
2316 3176 2461 3231 nulla
2490 3190 2549 3232 re
2576 3176 2677 3231 hoc
2705 3178 2808 3232 erit
2835 3179 3202 3249 conspicuum,
3234 3183 3337 3239 nisi
3359 3198 3389 3238 a
3417 3186 3613 3256 signis.

2015 3265 2197 3338 Itaque
2241 3267 2363 3323 inde
2397 3268 2557 3322 etiam
2596 3283 2703 3323 non
2733 3283 2893 3337 parva
2921 3271 3219 3328 consolatio
3247 3283 3350 3328 est.
3380 3276 3614 3337 Etiamsi

2014 3362 2155 3417 enim
2182 3362 2319 3417 dona
2346 3362 2455 3416 sint
2477 3362 2709 3430 diversa,
2733 3379 2835 3418 una
2865 3372 3043 3419 tamen
3069 3374 3149 3420 est
3172 3366 3611 3428 demonstratio:

2016 3473 2136 3511 nam
2174 3458 2286 3512 sive
2326 3458 2551 3512 multum
2589 3459 2703 3533 sive
2744 3475 2964 3529 parvum
3009 3460 3211 3518 habeas
3234 3504 3249 3528 ,
3289 3465 3517 3534 perinde
3547 3483 3611 3522 es

2012 3551 2345 3605 manifestus.
2392 3551 2573 3622 Itaque
2613 3552 2657 3606 si
2700 3552 2829 3606 illud
2874 3555 3158 3611 ostendere
3193 3559 3427 3629 satagis,
3460 3561 3610 3629 quod

2012 3641 2271 3712 Spiritum
2320 3643 2555 3711 habeas,
2587 3644 2937 3701 sufficientem
2975 3648 3141 3704 habes
3180 3650 3606 3707 demonstratio-

2012 3750 2156 3789 nem.
2184 3735 2315 3790 Cum
2345 3750 2473 3805 ergo
2496 3747 2550 3791 et
2575 3752 2713 3791 unus
2741 3737 2810 3792 sit
2834 3738 2924 3807 qui
2946 3739 3114 3803 dedit,
3140 3754 3191 3794 et
3217 3743 3505 3811 gratuitum
3534 3748 3610 3799 sit

2011 3826 2211 3882 donum
2236 3868 2252 3891 ,
2280 3835 2336 3882 et
2376 3828 2738 3883 manifestatio
2768 3828 2893 3884 hinc
2930 3831 3056 3894 fiat,
3088 3840 3144 3886 et
3175 3831 3276 3887 hoc
3310 3834 3401 3888 tibi
3434 3838 3608 3907 magis

2010 3921 2284 3985 conferat;
2336 3936 2405 3976 ne
2431 3919 2617 3976 doleas
2643 3923 2794 3992 quasi
2825 3923 3130 3992 despectus.
3160 3924 3344 3995 Neque
3372 3929 3516 3981 enim
3552 3939 3607 3984 te

2009 4013 2275 4069 dedecore
2299 4012 2539 4068 afficiens
2559 4013 2723 4079 Deus,
2750 4030 2925 4083 neque
2947 4016 3120 4071 altero
3145 4017 3405 4072 minorem
3430 4019 3608 4073 decla-

2010 4122 2134 4162 rans
2171 4106 2274 4162 hoc
2299 4104 2447 4173 facit,
2476 4105 2570 4161 sed
2604 4107 2695 4161 tibi
2730 4122 2983 4175 parcens,
3006 4116 3062 4163 et
3094 4108 3147 4163 id
3179 4120 3427 4178 spectans
3456 4113 3602 4182 quod

2010 4199 2105 4253 tibi
2151 4199 2281 4253 utile
2313 4209 2475 4254 esset.
2516 4198 2647 4253 Nam
2690 4199 2862 4268 majus
2890 4200 3160 4271 quidpiam
3203 4204 3445 4273 accipere
3474 4220 3601 4260 eum

2009 4289 2099 4359 qui
2128 4288 2270 4344 f‘erre
2298 4306 2401 4345 non
2431 4290 2616 4360 possit,
2636 4290 2737 4344 hoc
2761 4299 2905 4345 esset
2933 4291 3139 4360 inutile,
3158 4294 3374 4348 noxium
3394 4304 3451 4349 et
3471 4311 3601 4351 mte-

2008 4397 2133 4437 rore
2158 4382 2395 4453 dignum.
2427 4383 2482 4437 8.
2528 4381 2667 4436 Nam
2696 4382 2787 4436 alii
2814 4384 3013 4454 quidem
3043 4400 3130 4454 per
3160 4384 3413 4456 Spiritum
3442 4387 3602 4441 datur

2007 4491 2171 4529 sermo
2208 4477 2471 4546 sapientite
2493 4516 2509 4541 ,
2538 4476 2628 4530 alii
2667 4485 2833 4531 autem
2872 4494 3036 4532 sermo
3074 4478 3293 4533 scientia:
3318 4480 3599 4534 secundum

2010 4568 2239 4622 eumdem
2264 4568 2551 4639 Spiritum;
2578 4568 2631 4624 9.
2662 4570 2810 4624 alteri
2834 4570 2960 4640 ﬁdes
2986 4570 3036 4624 in
3060 4571 3231 4624 eodem
3259 4568 3481 4641 Spiritu,
3506 4575 3603 4629 alii

2008 4669 2176 4712 autem
2202 4661 2366 4731 gratia
2389 4663 2708 4715 curationum
2732 4663 2785 4716 in
2810 4663 2985 4716 eodem
3013 4661 3234 4732 Spiritu.
3258 4661 3446 4718 Viden'
3467 4679 3602 4735 quo-

2009 4750 2171 4807 modo
2221 4751 2417 4821 ubique
2458 4752 2563 4807 hoc
2605 4752 3024 4808 additamentum
3066 4754 3262 4821 faciat,
3312 4753 3382 4809 In
3421 4758 3599 4812 eodem

2011 4843 2212 4915 Spiritu
2239 4842 2444 4911 dicens,
2478 4854 2532 4898 et
2550 4885 2566 4910 ,
2597 4842 2891 4899 Secundum
2920 4846 3149 4899 eumdem
3179 4845 3468 4916 Spiritum?
3489 4847 3599 4901 scit

2009 4938 2154 4993 enim
2187 4935 2310 4990 hinc
2347 4950 2591 5005 magnam
2622 4935 2749 4989 oriri
2777 4935 3219 4990 consolationem.
3247 4936 3338 4992 10.
3368 4935 3472 4991 Alii
3498 4952 3597 4989 au-

2009 5040 2106 5085 tem
2132 5030 2449 5100 operationes
2477 5030 2736 5096 virtutum,
2764 5029 2853 5084 alii
2885 5028 3183 5099 prophetiae,
3211 5029 3302 5084 alii
3329 5029 3597 5085 discretio-

2010 5141 2096 5179 nes
2125 5124 2423 5194 spirituum,
2455 5122 2543 5175 alii
2572 5138 2756 5193 genera
2785 5122 3104 5193 linguarum,
3137 5123 3225 5177 alii
3253 5123 3598 5193 interpretatio

2009 5234 2317 5272 sermonum.
2346 5214 2480 5282 Quia
2508 5214 2648 5269 enim
2680 5216 2732 5269 in
2760 5213 2862 5270 hoc
2885 5215 3050 5268 altum
3077 5213 3372 5284 sapiebaut,
3395 5214 3518 5270 ideo
3542 5215 3595 5269 id

2010 5318 2337 5380 postremum
2368 5307 2567 5378 posuit,
2597 5314 2652 5362 ct
2682 5307 2953 5375 subjunxit
2983 5323 2995 5358 :
3028 5306 3114 5361 ll.
3146 5305 3272 5361 litae
3299 5315 3467 5359 autem
3495 5322 3597 5360 om-

2011 5402 2096 5454 nia
2133 5410 2371 5471 Operatur
2410 5416 2540 5453 unus
2579 5408 2625 5453 et
2669 5399 2802 5452 idem
2843 5398 3092 5467 Spiritus.
3138 5396 3488 5452 Pbarmacum
3526 5397 3592 5453 ad

2011 5507 2222 5547 omnem
2245 5491 2669 5547 consolationem
2690 5498 2870 5559 aptum
2897 5504 2910 5541 :
2931 5488 3072 5558 quod
3095 5503 3160 5541 ex
3182 5486 3367 5542 eadem
3390 5487 3593 5553 radice,

2012 5599 2079 5639 ex
2102 5583 2287 5638 iisdem
2313 5582 2596 5645 thesauris,
2615 5595 2682 5636 ex
2703 5580 2894 5636 iisdem
2916 5579 3127 5635 fluentis
3147 5592 3333 5634 omnes
3351 5580 3594 5649 accipere

2014 5674 2239 5744 possint.
2261 5672 2385 5728 ldco
2408 5672 2715 5742 frequenter
2736 5672 3006 5737 hauriens,
3032 5672 3133 5725 hoc
3156 5670 3322 5725 verbo
3337 5686 3454 5726 eam
3475 5686 3595 5741 quze

2018 5764 2297 5821 videbatur
2319 5779 2441 5823 esse
2470 5763 2883 5837 inaequalitatem
2914 5769 3163 5835 exaequat
3186 5768 3239 5819 et
3266 5761 3590 5822 consolatur.
