3826 6216
459 339 618 380 κνυσι
673 319 1013 395 χορηγοῦντα
1059 325 1129 379 τὰ
1179 325 1494 397 χαρίσματα
1525 340 1540 357 ·
1593 322 1831 378 ἐνταῦθα
1884 323 1955 386 δὲ,
1982 324 2045 378 16

460 407 689 478 Πνεῦμα
717 405 888 461 εἰπὼν
913 409 1182 480 ἠρκέσθη,
1222 409 1309 462 ἵνα
1338 408 1518 480 μάθῃς
1555 407 1852 462 κάντεῦθεν
1881 407 2046 462 πάλιν

458 491 562 560 τήν
597 489 768 563 αὐτὴν
797 490 957 556 ἀξίαν
989 487 1176 547 οὖσαν.
1213 491 1278 546 Τί
1310 492 1367 547 δέ
1395 493 1534 557 ἐστι,
1557 491 1752 560 Λόγος
1784 491 2050 560 σοφίας;

465 571 565 628 δ’ον
587 569 734 645 εἶχεν
772 575 802 628 6
847 572 1081 641 Παῦλος,
1131 575 1191 628 ὃν
1225 571 1371 646 εἶχεν
1424 573 1681 643 Ἰωάννης
1724 574 1754 626 6
1801 573 1917 636 υίὸς
1948 571 2050 642 τῆς

461 657 715 730 βροντῆς.
748 657 814 711 Τί
841 657 920 724 66,
937 658 1130 728 Λόγος
1158 657 1467 728 γνώσεως;
1493 661 1590 712 ’ον
1612 651 1758 728 εἶχον
1784 658 1832 710 οἱ
1860 656 2049 711 πολλοὶ

459 740 572 795 τῶν
594 739 824 807 πιστῶν,
849 739 1053 811 γνῶσιν
1081 742 1182 813 μὲν
1213 742 1450 813 ἔχοντες,
1482 741 1755 796 διδάσκειν
1791 740 1848 794 δέ
1875 740 2050 805 οὕτως

459 825 524 878 06
565 824 875 896 δυνάμενοι,
922 825 1045 878 οὐδὲ
1085 827 1167 890 είς
1203 825 1390 898 ἕτερον
1433 824 1674 889 εὐκόλως
1719 823 2047 893 ἐξενεγκεῖν,

461 905 608 979 ἆπερ
640 908 855 980 ¹εἱδεσαν.
910 909 1124 978 Ἑτέρῳ
1152 908 1221 964 66
1251 909 1489 973 πίστις·
1527 908 1710 962 πίστιν
1748 909 1810 962 06
1843 905 2049 978 ταύτην

459 986 634 1062 λέγων
674 994 775 1065 τὴν
820 993 929 1048 τῶν
959 994 1267 1065 δογμάτων,
1315 993 1452 1048 ἀλλὰ
1491 993 1592 1064 τήν
1629 992 1737 1047 τῶν
1780 991 2045 1064 σημείων,

459 1079 591 1150 περὶ
617 1069 685 1150 ἦς
722 1079 751 1131 6
789 1077 1026 1147 Χριστός
1062 1091 1257 1148 φησιν·
1298 1076 1439 1132 Ἐὰν
1485 1077 1665 1145 ἔχητε
1714 1077 1924 1130 πίστιν
1965 1075 2048 1142 ὡς

459 1163 684 1217 κόκκον
712 1163 1036 1229 σινάπεως,
1067 1163 1253 1232 ἐρεῖτε
1277 1159 1353 1228 τῷ
1378 1162 1498 1231 ὄρει
1527 1163 1736 1229 τούτῳ,
1777 1160 2047 1229 Μετάϐη-

457 1249 535 1310 θι,
570 1246 667 1302 καί
690 1247 1116 1317 μεταϐήσεται.
1152 1248 1264 1301 Καὶ
1300 1248 1349 1300 οί
1383 1247 1671 1301 ἀπόστολοι
1699 1246 1756 1300 66
1791 1247 1922 1317 περὶ
1950 1244 2048 1299 αύ-

457 1331 560 1401 τῆς
599 1331 787 1402 ἠξίουν
830 1330 1102 1400 λέγοντες,
1148 1331 1415 1399 Πρόσθες
1443 1329 1590 1398 ἡμῖν
1621 1331 1851 1384 πίστιν.
1895 1328 2046 1400 Αὕτη

459 1416 570 1488 γὰρ
615 1416 798 1487 μήτηρ
828 1415 936 1469 τῶν
972 1415 1213 1487 σημείων
1242 1415 1409 1470 ἐστίν.
1449 1415 1831 1487 Ἐνεργήματα
1873 1414 1930 1468 δὲ
1957 1413 2048 1467 δυ-

459 1502 676 1570 νάμεων
700 1499 1020 1570 κεκτῆσθαι,
1052 1499 1147 1552 καὶ
1175 1501 1492 1570 χαρίσματα
1521 1496 1787 1570 ἰαμάτων,
1809 1499 1908 1554 οὐκ
1931 1498 2046 1552 ἔστι

458 1585 676 1638 ταύτόν.
728 1585 786 1637 ὐ
811 1581 911 1654 μὲν
955 1584 1064 1656 γὰρ
1097 1583 1236 1654 ἔχων
1263 1583 1510 1656 χάρισμα
1548 1584 1821 1655 ἰαμάτων,
1856 1583 2047 1655 ἐθερά-

459 1685 592 1745 περε
626 1667 786 1739 μόνον
801 1657 823 1697 ’·
849 1669 878 1720 6
902 1667 958 1721 δὲ
990 1669 1341 1740 ἐνεργήματα
1366 1669 1652 1740 δυνάμεων
1681 1667 2043 1738 κεκτημένος,

457 1754 551 1807 καὶ
576 1753 922 1824 ἐτιμωρεῖτο.
975 1751 1218 1823 Δύναμις
1258 1753 1367 1825 γάρ
1401 1755 1549 1806 ἐστιν
1577 1753 1638 1806 06
1682 1753 1744 1807 16
1791 1751 2045 1808 ἰάσασθαι

457 1836 640 1906 μόνον,
675 1835 811 1889 ἀλλά
856 1835 952 1890 καὶ
991 1836 1055 1889 16
1101 1836 1350 1899 κολάσαι,
1376 1831 1577 1907 ,ὥσπερ
1609 1837 1639 1889 6
1677 1835 1888 1899 Παῦλος
1918 1835 2049 1907 ἐπήι

457 1936 653 1992 ρωσεν,
687 1918 876 1990 ὥσπερ
911 1920 1166 1991 όΠέτρος
1199 1920 1430 1974 ἀνεῖλεν.
1478 1922 1682 1988 Ἀλλῳ
1705 1918 1774 1973 66
1810 1936 2045 1988 προφη-

453 2003 623 2068 τεῖαι,
679 1996 852 2068 ἄλλῳ
892 1999 961 2055 66
998 1999 1330 2071 διακρίσεις
1365 2002 1514 2075 [264]
1549 2003 1924 2072 πνευμάτων.
1979 2001 2045 2055 Τί

454 2089 615 2151 ἐστι,
675 2088 1014 2156 Διακρίσεις
1065 2087 1464 2157 πνευμάτων;
1515 2083 1590 2140 Τὸ
1638 2087 1838 2141 εἰδέναι
1881 2086 1965 2151 τίς
2015 2085 2045 2140 6

455 2171 855 2242 πνευματικὸς,
895 2169 992 2226 καὶ
1035 2171 1117 2235 τίς
1158 2173 1187 2224 6
1218 2170 1294 2242 μὴ
1323 2171 1720 2242 πνευματικός·
1753 2170 1836 2234 τίς
1862 2172 1891 2225 6
1919 2187 2048 2243 1:90-

458 2259 658 2327 φήτης,
696 2255 793 2309 καὶ
835 2254 918 2319 τίς
950 2256 980 2308 6
1013 2253 1265 2308 ἀπατεὼν
1295 2272 1309 2285 ·
1349 2253 1378 2307 6
1414 2257 1510 2308 καὶ
1559 2253 2046 2309 Θεσσαλονικεῦσιν

457 2339 632 2408 ἔλεγε,
665 2337 1039 2408 Προφητείας
1063 2337 1151 2408 μὴ
1187 2337 1558 2404 ἐξουθενεῖτε
1586 2354 1600 2369 ·
1635 2337 1837 2392 πάντα
1861 2336 1930 2390 δὲ
1948 2336 2047 2391 δο-

455 2422 821 2493 κιμάζοντες,
871 2421 938 2476 τὸ
977 2421 1172 2476 καλὸν
1203 2423 1507 2490 κατέχετε.
1560 2421 1673 2476 Καὶ
1722 2420 1832 2493 γὰρ
1873 2420 2044 2492 πολλή

455 2507 579 2562 τότε
599 2507 709 2561 τῶν
727 2505 1191 2578 ψευδοπροφητῶν
1221 2502 1289 2576 ἦν
1313 2505 1580 2577 διαφθορά
1595 2517 1645 2568 ι,
1674 2506 1768 2558 τοῦ
1795 2504 2042 2558 διαϐόλου

458 2591 894 2661 φιλονεικοῦντος
928 2591 1346 2660 παρυποστῆσαι
1376 2592 1441 2662 τῇ
1479 2589 1711 2660 ἀληθείᾳ
1739 2588 1800 2642 τὸ
1826 2587 2041 2657 ψεῦδος.

460 2675 666 2740 Ἀλλφ
720 2674 789 2728 δὲ
850 2673 994 2744 γένη
1057 2673 1374 2750 γλωσσῶν,
1428 2673 1600 2740 ἄλλῳ
1654 2672 1716 2726 66
1762 2669 2046 2742 ἑρμηνεία

456 2759 776 2830 γλωσσῶν.
815 2758 875 2811 '0
898 2758 996 2828 μὲν
1022 2756 1132 2828 γὰρ
1153 2753 1268 2828 ᾔδει
1297 2757 1358 2810 16
1381 2757 1432 2810 τί
1454 2756 1640 2824 ἔλεγεν
1660 2755 1842 2820 αὐτὸς,
1875 2756 2045 2827 ἑτέρῳ

455 2845 514 2898 δὲ
541 2841 878 2916 ἑρμηνεῦσαι
897 2842 998 2896 οὐκ
1019 2840 1251 2911 ήδύνατο
1270 2857 1284 2870 ·
1310 2842 1338 2894 6
1359 2840 1414 2895 δὲ
1441 2840 1536 2894 καὶ
1555 2839 1845 2912 ἀμφότερα
1869 2837 2044 2893 ταῦτα

455 2926 802 2998 ἐκέκτητοιή
834 2925 1039 2980 τούτων
1062 2924 1308 2997 θάτερον.

527 3009 590 3065 6’.
629 3008 837 3065 Ἐδόκει
859 3008 917 3062 66
933 3007 1091 3062 τοῦτο
1119 3008 1366 3079 χάρισμα
1394 3005 1539 3076 μέγα
1555 3001 1717 3071 εἶναι,
1738 3003 1926 3075 ἐπειδὴ
1949 3003 2045 3058 καὶ

453 3095 674 3166 πρῶτον
700 3093 834 3147 αὐτὸ
873 3091 1066 3146 ελαϐον
1091 3093 1140 3146 οί
1185 3090 1494 3155 ἀπόστολοι,
1536 3089 1631 3144 καὶ
1665 3090 1818 3160 παρά
1847 3090 2044 3161 Κοριν-

454 3180 591 3244 θίοις
618 3179 667 3233 οί
699 3176 918 3241 πλείους
951 3175 1112 3231 τοῦτο
1141 3176 1467 3245 ἐκέκτηντο·
1509 3176 1539 3228 ὀ
1575 3174 1632 3227 δὲ
1655 3173 1757 3244 τῆς
1783 3173 2043 3227 διδασκα-

452 3264 574 3329 λίας
603 3263 759 3331 λόγος
777 3263 876 3332 οὐχ
905 3258 1067 3315 οὕτω.
1102 3260 1192 3313 Διὸ
1225 3261 1402 3313 ἐκεῖνο
1430 3259 1528 3330 μὲν
1552 3257 1770 3329 πρῶτον
1804 3256 2040 3326 τίθησιν,

455 3347 685 3418 ὕστερον
713 3346 773 3400 δέ
805 3345 983 3399 τοῦτο.
1021 3343 1134 3398 Καὶ
1167 3343 1277 3413 γάρ
1310 3341 1406 3395 καὶ
1432 3340 1592 3394 τοῦτο
1609 3339 1677 3394 δι’
1707 3341 1904 3403 ἐκεῖνο,
1947 3340 2043 3393 καὶ

453 3432 526 3486 τά
545 3432 681 3487 ἀλλα
715 3429 917 3492 πάντα,
947 3429 1043 3482 καὶ
1074 3425 1400 3498 προφητεῖαι
1433 3425 1528 3480 καὶ
1558 3423 1910 3494 ἐνεργήματα
1949 3420 2042 3476 δυ-

455 3517 678 3587 νάμεων
700 3515 796 3569 καὶ
816 3513 949 3585 γένη
991 3508 1255 3582 γλωσσῶν
1298 3510 1395 3563 καὶ
1439 3507 1708 3580 ἑρμηνεία
1741 3506 2003 3576 γλωσσῶν
2024 3523 2040 3539 ·

454 3601 610 3656 οὐδὲν
639 3599 750 3670 γὰρ
799 3597 992 3651 τούτου
1035 3596 1184 3649 ῐσον·
1232 3593 1313 3647 διὸ
1348 3594 1444 3649 καὶ
1480 3593 1688 3662 ἔλεγεν,
1736 3594 1801 3646 Ol
1841 3590 2044 3657 καλῶς

457 3668 832 3754 προεστῶτες
886 3680 1297 3748 πρεσϐύτεροι,
1358 3673 1580 3743 διπλῆς
1634 3668 1810 3744 τιμῆς
1841 3674 2043 3739 ἀξιού-

455 3770 730 3833 σθωσαν,
757 3763 1027 3834 μάλιστα
1065 3765 1119 3817 οὶ
1153 3758 1483 3826 κοπιῶντες
1525 3760 1597 3812 ἐν
1633 3758 1795 3829 λόγῳ
1823 3758 1922 3812 καί
1956 3757 2042 3812 δι-

433 3849 783 3916 δασκαλίᾳ.
803 3848 910 3906 Καὶ
927 3847 1006 3918 τῷ
1029 3844 1282 3916 Τιμοθέῳ
1310 3842 1602 3898 ἐπέστελλε
1626 3841 1820 3911 λέγων·
1849 3843 2044 3912 Πρόσ-

456 3951 560 4006 εχε
573 3932 646 4002 τῇ
659 3929 1013 4002 ἀναγνώσει,
1031 3927 1105 3998 τῇ
1124 3926 1525 3997 παρακλήσει,
1547 3925 1621 3995 τῇ
1639 3925 2005 3993 διδασκαλίᾳ
2023 3942 2039 3956 ·

454 4020 541 4089 μὴ
571 4016 780 4086 ἀμέλει
808 4016 917 4068 τοῦ
937 4014 1007 4067 ἐν
1042 4012 1141 4066 σοι
1172 4013 1560 4081 χαρίσματος.
1611 4011 1772 4082 Ὁρᾷς
1803 4010 1922 4074 πῶς
1947 4009 2042 4064 καὶ

456 4103 706 4173 χάρισμα
735 4098 868 4152 0:616
889 4096 1078 4161 καλεῖς
1115 4091 1246 4150 Εἶτα
1283 4095 1351 4166 ἢν
1383 4094 1642 4166 ἀνωτέρω
1679 4093 1892 4146 τέθεικε
1932 4111 2041 4148 πα-

460 4184 737 4258 ραμυθίαν
767 4182 960 4248 εἰπὼν,
1008 4182 1079 4237 Τὸ
1116 4181 1265 4235 αὐτὸ
1299 4181 1561 4250 Πνεῦμα,
1588 4179 1793 4250 ταύτην
1822 4179 1918 4234 καὶ
1951 4181 2040 4233 ἐν-

453 4270 634 4325 ταῦθα
673 4269 857 4338 τίθησι
900 4266 1106 4335 λέγων·
1152 4265 1356 4320 Πάντα
1389 4265 1457 4319 δέ
1489 4264 1674 4320 ταῦτα
1711 4263 1944 4334 ἐνεργεῖ
1972 4263 2042 4318 ἐν

454 4357 554 4410 καί
618 4353 684 4408 τὸ
739 4352 888 4408 αὐτό
939 4349 1215 4421 Πνεῦμα,
1267 4350 1540 4418 διαιροῦν
1589 4350 1710 4418 ίδίᾳ
1774 4350 2038 4418 ἑκάστῳ,

454 4439 649 4508 καθὼς
680 4439 990 4505 βούλεται.

525 4527 602 4580 Οὐ
632 4521 1041 4594 παραμυθεῖται
1081 4520 1138 4575 δὲ
1177 4520 1360 4592 μόνον,
1389 4520 1528 4574 ἀλλὰ
1558 4521 1652 4574 καὶ
1698 4519 2040 4589 ἐπιστομίζει

449 4611 542 4665 16v
570 4608 919 4677 ἀντιλέγοντα
949 4603 1182 4659 ἐνταῦθα
1213 4604 1408 4674 λέγων,
1439 4603 1715 4674 Διαιροῦν
1747 4602 1870 4670 ἰδίᾳ.
1904 4602 2042 4658 ἐκάη

452 4711 600 4760 στφ,
638 4695 832 4758 καθὼς
849 4691 1162 4755 βούλεται.
1189 4690 1282 4742 Δεῖ
1309 4689 1420 4761 γὰρ
1449 4689 1545 4743 καὶ
1575 4687 1914 4756 ἐπιστύφειν,
1946 4687 2040 4741 06-

453 4777 513 4849 χὶ
544 4775 869 4848 θεραπεύειν
910 4774 1094 4847 μόνον,
1143 4772 1334 4844 ὥσπερ
1383 4773 1480 4828 καὶ
1518 4775 1576 4825 ἐν
1610 4775 1675 4844 τῇ
1716 4771 1854 4843 πρὸς
1907 4770 2040 4825 Ῥω-

459 4861 652 4932 μαίους
678 4861 842 4928 ποιεῖ,
865 4859 995 4914 ὅταν
1025 4859 1162 4932 λέγῃ
1185 4875 1202 4891 ·
1241 4856 1326 4910 Σὺ
1355 4857 1448 4922 τίς
1477 4849 1551 4920 εί,
1597 4859 1630 4910 ό
1684 4855 2041 4923 ἀνταποκρι-

455 4955 710 5023 νόμενος
745 4951 828 5018 τῷ
851 4951 1008 5018 Θεῷ;
1047 4951 1207 5006 Οὕτω
1226 4950 1320 5004 καὶ
1343 4948 1595 5012 ἐνταῦθα,
1621 4947 1899 5016 Διαιροῦν
1917 4945 2039 5014 ἰδίᾳ

455 5035 712 5103 ἑκάστῳ.
761 5036 956 5102 καθὼς
986 5035 1298 5100 βούλεται.
1348 5032 1455 5086 Καὶ
1500 5031 1529 5084 ὃ
1564 5030 1658 5085 τοῦ
1695 5031 1910 5102 Πατρὸς
1945 5029 2035 5105 ἦν,

453 5120 613 5173 τοῦτο
644 5120 738 5173 καὶ
762 5118 855 5172 τοῦ
879 5119 1190 5187 Πνεύματος
1214 5117 1412 5182 ιδειξεν
1437 5115 1517 5170 δν.
1544 5115 1754 5186 Ὥσπερ
1775 5116 1882 5187 γὰρ
1909 5119 2039 5189 περὶ

456 5202 624 5258 αὑτοῦ
651 5212 836 5275 φησιν,
871 5203 934 5254 '0
961 5202 1030 5255 66
1053 5202 1235 5269 αὐτὸς
1253 5201 1397 5268 Θεὸς
1421 5205 1453 5256 d
1476 5201 1737 5270 ἐνεργῶν
1749 5205 1822 5256 τά
1842 5201 2039 5256 πάντα

456 5289 528 5343 ἐν
572 5282 792 5352 πᾶσιν,
835 5286 979 5340 οὕτω
1017 5288 1113 5340 καὶ
1146 5288 1274 5358 περὶ
1314 5285 1410 5340 τοῦ
1449 5285 1803 5356 Πνεῦματος·
1835 5284 2039 5342 Πάντα

458 5371 528 5425 δέ
582 5371 768 5425 ταῦτα
846 5369 1080 5440 ἐνεργεῖ
1149 5369 1219 5423 ἐν
1287 5369 1386 5422 καὶ
1443 5368 1510 5422 τὸ
1571 5369 1718 5424 αὐτὸ
1771 5368 2034 5440 Πνεῦμα.

467 5455 606 5510 Ἀλλ’
635 5455 1051 5528 ἐνεργούμενον,
1086 5453 1270 5525 φησὶν,
1311 5452 1416 5506 61:6
1448 5452 1540 5507 τοῦ
1565 5451 1722 5510 Θεοῦ.
1763 5453 1906 5508 Ἀλλ’
1943 5453 2034 5507 06-

514 5718 541 5747 ⁸
564 5715 636 5767 ιιι
662 5717 780 5782 Reg.
818 5715 950 5766 deli
974 5727 1108 5770 :ero,
1136 5713 1351 5778 διαφορὶ.

1172 200 1231 265 S.
1270 201 1561 266 JOANNIS
1589 200 2091 266 CHRYSOSTOMI
2132 201 2454 267 ARCHIEP.
2491 204 3064 267 CONSTANTINOPJ
3637 211 3716 267 216

2149 325 2324 397 δαμοῦ
2347 326 2505 380 τοῦτο
2528 327 2772 398 εἴρηκεν,
2811 328 2949 384 ἀλλά
2978 330 3046 384 σὺ
3073 323 3232 380 τοῦτο
3255 323 3556 386 πλάττεις.
3586 321 3716 380 Ὅτι-ι

2147 410 2258 482 γὰρ
2277 409 2435 482 λέγῃ.
2482 411 2548 463 Ὅ
2578 410 2839 480 ἐνεργῶν
2862 413 2937 468 τὰ
2956 411 3158 466 πάντα
3184 410 3256 464 ἐν
3281 405 3471 469 πᾶσι,
3505 406 3718 472 11916»-

2149 490 2385 563 θρώπων
2412 492 2574 548 τοῦτο
2609 493 2790 563 λέγει·
2833 495 2893 549 06
2943 495 3118 567 δήπου
3143 493 3172 534 ι’
3215 493 3356 563 μετὰ
3398 489 3517 543 τῶν
3544 488 3716 559 ἀνθρὼ-

2148 587 2270 630 πων
2295 577 2389 631 καὶ
2413 577 2476 630 16
2504 576 2730 647 Πνεῦμα
2750 577 3000 649 ἀριθμεῖ,
3031 578 3138 633 κᾶν
3173 575 3452 648 μυριάκις
3478 569 3547 646 ᾖς
3578 590 3720 638 παρε-

2145 659 2348 725 παίων,
2373 661 2480 716 κᾶν
2511 662 2771 733 μυριάκις
2811 662 3156 733 μαινόμενος.
3216 658 3450 728 Ἐπειδὴ
3476 655 3587 726 γὰρ
3609 651 3716 722 εἴτε,

2146 741 2250 798 Διά
2286 744 2395 798 τοῦ
2435 745 2808 815 Πνεύματος,
2849 746 2938 801 ἵνα
2969 744 3033 799 16
3072 743 3173 798 διὰ
3204 741 3374 796 τοῦτο
3417 741 3502 812 μὴ
3529 742 3718 810 νομίσῃς

2145 825 2500 890 ἐλαττώσεως
2532 825 2670 883 εἶναι
2703 829 2840 900 μηδέ
2886 827 2983 882 τοῦ
3013 828 3363 898 ἐνεργεῖσθαι
3389 864 3410 888 ,
3449 825 3719 893 ἐπήγαγεν.

2143 909 2229 963 δτι
2267 911 2533 982 Ἐνεργεῖ
2548 911 2616 968 τὸ
2641 912 2908 980 Πνεῦμα,
2931 911 3030 966 οὐκ
3054 913 3394 983 ἐνεργεῖται,
3418 910 3523 962 καὶ
3546 910 3720 978 ὲνεργξξ

2145 993 2222 1056 ὡς
2253 992 2525 1064 βούλεται,
2551 996 2614 1050 06
2643 995 2830 1058 καθὼς
2862 995 3169 1048 κελεύεται.
3210 994 3500 1063 Καθάπερ
3527 993 3630 1061 γὰρ
3651 1008 3720 1042 περ

2151 1078 2204 1148 91
2232 1077 2327 1131 τοῦ
2357 1080 2568 1150 Πατρὸς
2616 1082 2644 1134 6
2669 1080 2798 1143 Υἱὸς
2831 1079 3003 1149 λέγει,
3035 1081 3117 1133 ὅτι
3176 1079 3440 1148 Ἐγείρει
3475 1075 3615 1141 τοὺς
3649 1094 3720 1131 νε-

2145 1161 2331 1229 κροὺς
2362 1162 2463 1216 καὶ
2502 1161 2786 1225 ζωοποιεῖ,
2833 1163 3038 1233 ὁμοίως
3070 1162 3167 1216 καὶ
3215 1163 3352 1233 περὶ
3404 1159 3626 1221 ἑαυτοῦ,
3663 1162 3721 1213 ὅτι

2149 1243 2268 1310 Οὓς
2297 1244 2457 1300 θέλει
2493 1243 2785 1306 ζωοποιεῖ·
2818 1245 2961 1300 οὕτω
2982 1247 3075 1300 καὶ
3106 1245 3238 1316 περὶ
3268 1244 3372 1298 τοῦ
3406 1241 3720 1310 Πνεύματσς,

2145 1326 2382 1398 ἀλλαχοῦ
2423 1327 2522 1397 μὲν
2549 1330 2630 1382 61:
2674 1331 2791 1400 μετ’
2824 1328 3076 1394 ἐξουσίας
3115 1329 3296 1383 πάντα
3339 1328 3525 1387 ποιεῖ,
3574 1327 3723 1378 121:5

2145 1411 2355 1465 κωλῦον
2385 1412 2538 1466 οὐδέν
2579 1412 2660 1482 (16
2682 1413 2814 1485 γάρ,
2849 1414 3036 1467 Ὅπου
3065 1413 3228 1468 θέλει
3252 1411 3427 1473 πνεῖ,
3458 1412 3511 1463 εἰ
3537 1409 3627 1462 καὶ
3650 1425 3722 1460 1:-

2148 1495 2205 1566 9‘:
2221 1495 2316 1548 τοῦ
2329 1495 2532 1566 ἀνέμου
2559 1497 2798 1568 εἴρηται,
2818 1494 3013 1551 τούτου
3037 1497 3155 1550 ἐστὶ
3174 1494 3718 1560 κατασκευαστικὸν]’

2144 1578 2381 1633 ἐνταῦθα
2406 1579 2485 1645 66,
2513 1581 2595 1634 ὅτι
2620 1580 2823 1635 Πάντα
2852 1579 3005 1655 [265]
3033 1579 3269 1650 ἐνεργεῖ
3295 1578 3515 1644 καθὼς
3536 1578 3723 1642 ,βούλε-

2144 1679 2260 1718 ται.
2314 1663 2424 1717 Καὶ
2469 1663 2739 1735 ἑτέρωθεν
2780 1666 2838 1720 δὲ
2883 1668 2966 1720 ὅτι
3008 1665 3131 1736 οὐχὶ
3183 1665 3289 1718 τῶν
3325 1661 3721 1735 ἐνεργουμένη

2143 1747 2314 1814 ἐστὶν,
2375 1748 2513 1802 ἀλλά
2557 1749 2666 1803 τῶν
2711 1751 3102 1821 ἐνεργούντων,
3168 1746 3447 1818 μάνθανε.
3507 1744 3602 1809 Τίς
3641 1749 3723 1812 τὰρ

2143 1826 2289 1894 οἶδε,
2341 1832 2497 1901 φησὶ,
2542 1831 2614 1886 τὰ
2647 1833 2756 1888 τοῦ
2786 1833 3132 1902 ἀνθρώπου,
3181 1833 3234 1886 εί
3277 1827 3365 1896 μὴ
3405 1828 3482 1882 τὸ
3521 1827 3723 1896 πνεῦμα

2143 1914 2250 1968 τοῦ
2277 1913 2630 1984 άνθρώπου;
2658 1917 2824 1972 Οὕτω
2856 1917 2956 1972 καί
2989 1916 3061 1971 τὰ
3097 1915 3206 1969 τοῦ
3233 1913 3393 1968 Θεοῦ
3430 1910 3633 1975 οὐδεὶς
3656 1907 3721 1963 οἶ-

2142 1995 2270 2066 δεν,
2299 2000 2351 2052 ει
2373 1998 2460 2070 μὴ
2482 2001 2550 2053 τὸ
2575 2001 2823 2070 Πνεῦμα
2855 2000 2961 2056 τοῦ
2989 1999 3162 2054 Θεοῦ.
3193 1999 3316 2052 ’Ότι
3343 1995 3413 2050 δὲ
3445 1995 3512 2048 τὸ
3537 1993 3722 2062 πνεῦμα

2141 2080 2238 2136 τοῦ
2281 2083 2601 2158 ἀνθρώπου,
2632 2085 2934 2151 τουτέστιν,
2977 2085 3010 2153 ἡ
3043 2083 3216 2154 ψυχὴ,
3253 2082 3315 2136 06
3361 2081 3554 2133 δεῖται
3596 2081 3719 2146 ἐνερ-

2141 2168 2319 2237 γείας,
2353 2169 2443 2225 ἵνα
2470 2171 2586 2244 είδῇ
2612 2170 2682 2225 τὰ
2711 2170 2936 2242 ἑαυτῆς,
2973 2167 3136 2223 παντί
3164 2182 3268 2221 που
3299 2164 3482 2235 δῆλον
3507 2179 3522 2195 ·
3556 2162 3720 2214 οῦκοῦν

2140 2258 2265 2313 οὐδὲ
2283 2259 2346 2313 16
2366 2259 2591 2331 Πνεῦμα
2611 2260 2673 2314 16
2705 2260 2882 2330 ἀγιον,
2913 2259 3003 2313 ῖνα
3029 2259 3143 2329 εἰδῇ
3171 2257 3240 2312 τά
3267 2255 3370 2310 τοῦ
3391 2252 3568 2331 βεσῦ.
3593 2251 3719 2307 Οὕτω

2141 2341 2252 2414 γάρ
2287 2359 2422 2415 φησι
2441 2355 2456 2374 ·
2492 2326 2574 2399 Τὰ
2600 2345 2694 2399 τοῦ
2733 2326 2871 2399 Θεοῦ
2901 2341 3040 2399 οἶδεν
3081 2326 3401 2414 ἀᾶιόρρητέ
3429 2337 3500 2391 16
3528 2336 3720 2405 [11:59.1

2140 2424 2203 2480 16
2231 2427 2407 2496 άγιον,
2436 2427 2514 2492 ὼς
2544 2429 2579 2500 ή
2617 2427 2766 2501 ψυχὴ
2796 2426 2892 2482 τοῦ
2934 2425 3225 2498 ἀνθρώπου
3253 2424 3324 2478 τά
3351 2421 3652 2494 ἀπόρρητα
3669 2423 3718 2471 τέ

2142 2510 2366 2582 ἑαυτῆς.
2396 2512 2459 2564 Εί
2483 2511 2541 2566 66
2569 2514 2652 2577 είς
2686 2511 2846 2566 τοῦτο
2875 2511 2980 2566 οὐκ
3013 2511 3341 2582 ἐνεργεῖται,
3386 2507 3580 2575 πολλῷ
3611 2505 3718 2575 μει-

2141 2594 2232 2648 λον
2255 2595 2317 2648 τὸ
2343 2596 2711 2667 ἐπιστάμενον
2735 2595 2831 2650 τοῦ
2870 2595 3008 2650 Θεοῦ
3038 2594 3108 2648 τὰ
3139 2592 3302 2664 βάθη,
3339 2593 3454 2646 καὶ
3477 2591 3580 2644 061:
3602 2591 3717 2658 ἐνερ

2140 2677 2532 2749 γούμενονέίς
2559 2679 2621 2733 16
2657 2678 2844 2734 δοῦναι
2881 2679 3202 2751 χαρίσματα
3244 2678 3357 2740 τοῖς
3395 2673 3713 2735 ἀποστόλοις.

2141 2765 2423 2838 ἐνεργείας
2451 2767 2553 2821 οὐκ
2590 2766 2658 2821 ἂν
2692 2767 2910 2839 ἐδεήθη.
2945 2767 3131 2837 Χωρὶς
3159 2765 3216 2818 δὲ
3245 2763 3468 2818 τούτων
3499 2763 3712 2818 κάκεῖνο.

2139 2835 2280 2921 ὅπερ
2305 2848 2619 2921 ἔμπροσθεν
2645 2835 2821 2916 εἷπον,
2850 2849 2963 2921 ἐρῶ
2986 2835 3082 2903 καὶ
3107 2847 3225 2903 νῦν.
3256 2849 3427 2902 Ποῖον
3449 2846 3520 2917 δή
3552 2844 3710 2902 τοῦτο;
3778 2835 3779 2892 ξ

2143 2931 2266 2986 Ὅτι
2297 2933 2344 2985 εί
2375 2933 2596 2986 ἔλαττον
2625 2932 2689 2988 16
2719 2932 2948 3004 Πνεῦμα
2979 2932 3075 2987 καὶ
3103 2932 3299 3004 ἐτέρας
3335 2931 3564 2994 οὐσίας,
3588 2929 3712 2982 οὐδὲν

2140 3016 2208 3072 ἂν
2245 3016 2456 3088 ὤνησεν
2492 3019 2526 3088 ή
2561 3017 2912 3090 παραμυθία,
2951 3017 3073 3071 οὐδέ
3111 3017 3173 3071 16
3213 3015 3463 3070 ἀκοῦσαι
3504 3015 3566 3068 16
3608 3013 3710 3066 αὐτὸ
3778 3021 3779 3060 ῑ

2141 3102 2388 3172 Πνεῦμα.
2437 3101 2494 3157 '0
2524 3102 2624 3173 μὲν
2649 3101 2760 3175 γὰρ
2789 3103 2942 3175 παρά
2971 3101 3066 3156 τοῦ
3110 3100 3381 3172 βασιλέως
3434 3098 3616 3153 λαϐὼν
3641 3115 3711 3167 με·
3778 3111 3779 3118 ‘

2139 3185 2335 3256 γίστην
2360 3185 2426 3240 ἂν
2451 3185 2659 3258 ταύτην
2684 3187 2838 3260 σχοίη
2867 3187 3249 3258 παραμυθίαν,
3280 3187 3365 3239 ὅτι
3395 3182 3574 3247 αὐτὸς
3592 3181 3710 3251 αύτῷ
3778 3211 3779 3260 γ

2139 3269 2342 3324 ἔδωκεν
2371 3285 2386 3301 ·
2412 3272 2442 3324 6
2481 3270 2540 3324 66
2577 3269 2730 3341 παρὰ
2771 3270 2866 3324 τοῦ
2897 3268 3110 3335 δούλου,
3157 3270 3280 3324 τότε
3321 3269 3537 3340 μᾶλλον
3563 3268 3707 3333 ἀλγεῖ.

2139 3351 2268 3407 ὅταν
2311 3353 2470 3408 τοῦτό
2511 3370 2597 3418 ⁶τις
2638 3354 2789 3426 αὐτῷ
2829 3356 3210 3427 προσενέγκῃ·
3258 3354 3406 3408 ὥστε
3443 3351 3708 3408 κάντεῦθεν
3778 3407 3779 3410 η

2138 3437 2320 3507 δῆλον,
2338 3437 2418 3492 ὃτι
2447 3437 2508 3490 06
2533 3439 2634 3508 τῆς
2652 3437 2924 3510 δουλικῆς,
2950 3439 3086 3494 ἀλλά
3106 3439 3208 3509 τῆς
3229 3437 3530 3509 βασιλικῆς
3552 3437 3707 3496 οὐσίας
3778 3433 3779 3468 ί

2139 3521 2202 3576 16
2227 3520 2454 3593 Πνεῦμα
2481 3522 2544 3575 16
2568 3522 2742 3592 ἀγιον.
2777 3523 2976 3596 Διόπερ
3008 3523 3263 3596 καθάπερ
3296 3521 3708 3594 παρεμυθήσατο

2136 3607 2340 3671 αὐτοὺς
2390 3604 2582 3670 είπὼν,
2628 3609 2710 3661 ὅτι
2747 3608 3078 3676 Διαιρέσεις
3114 3607 3445 3662 διακονιῶν
3475 3609 3645 3668 εἰσιν,
3680 3605 3706 3656 ὁ
3778 3599 3779 3660 Ϊ

2138 3689 2210 3744 66
2234 3690 2418 3758 αὐτὸς
2464 3693 2712 3760 Κύριος·
2743 3693 2841 3746 καί
2872 3691 3196 3762 διαιρέσεις
3222 3690 3655 3761 ἐνεργημάτων,
3681 3690 3705 3740 6

2140 3773 2210 3828 66
2241 3776 2425 3842 αὐτὸς
2453 3776 2630 3843 Θεός·
2673 3775 2819 3830 οὕτω
2849 3778 2946 3830 καὶ
2989 3775 3252 3848 ἀνωτέρω
3281 3775 3481 3838 εἰπὼν,
3518 3775 3704 3843 4101;6-

2138 3871 2276 3925 σεις
2311 3859 2696 3929 χαρισμάτων
2737 3860 2878 3925 εἰσὶ,
2923 3860 2992 3914 τὸ
3026 3859 3096 3913 δὲ
3137 3859 3285 3914 αὐτὸ
3319 3859 3567 3929 Πνεῦμα
3590 3875 3603 3889 ·
3630 3856 3702 3907 καὶ

2145 3941 2287 4014 μετά
2307 3942 2483 3998 ταῦτα
2515 3943 2678 3998 πάλιν
2702 3941 2894 4009 είπὼν,
2933 3941 3137 3996 Πάντα
3166 3941 3238 3995 66
3265 3942 3462 3997 ταῦτα
3507 3937 3703 4010 ἐνεργεῖ

2140 4025 2211 4081 ἐν
2247 4023 2346 4080 καί
2395 4025 2462 4080 τὸ
2503 4025 2652 4081 αὐτὸ
2713 4025 2976 4095 Πνεῦμα,
3025 4024 3299 4095 διαιροῦν
3335 4025 3459 4094 ίδίᾳ
3498 4025 3701 4084 ἑκάστην

2140 4110 2654 4176 καθὼςβούλεται.
2670 4110 2763 4182 Μή
2793 4109 2969 4163 τοίνυν
2983 4109 3262 4181 ἀλύωμεν,
3279 4108 3440 4180 φησὶ,
3474 4107 3697 4181 9.116661-

2139 4193 2330 4264 γῶμεν
2357 4193 2630 4261 λέγοντες,
2658 4193 2758 4247 Διά
2788 4193 2840 4246 τί
2878 4194 2939 4247 16
2963 4193 3153 4248 ἔλαϐον
3173 4195 3270 4247 καὶ
3292 4194 3355 4247 16
3377 4195 3480 4248 οὐκ
3509 4191 3693 4248 ἔλαϐονς

2143 4279 2282 4352 μηδὲ
2316 4277 2548 4342 εὐθύνας
2577 4277 2904 4348 ἀπαιτῶμεν
2947 4277 3012 4332 16
3054 4278 3284 4348 Πνεῦμα
3327 4279 3395 4333 16
3437 4279 3609 4348 ἅγιον.
3652 4275 3696 4326 ΕΞ

2139 4364 2250 4436 γὰρ
2280 4357 2428 4428 οἶδας
2467 4365 2549 4418 ὅτι
2587 4363 2697 4418 ἀπὸ
2732 4363 3063 4434 κηδεμονίας
3101 4363 3423 4438 ἐχαρίσατο,
3469 4363 3694 4432 ἐννοήπς

2139 4449 2223 4503 ὅτι
2243 4438 2352 4501 ἀῶ
2384 4446 2486 4517 τῆς
2513 4447 2684 4518 αὐτῆς
2724 4448 3053 4518 κηδεμονίας
3082 4448 3178 4501 καὶ
3205 4447 3268 4500 16
3294 4447 3498 4519 μέτρον
3532 4446 3690 4502 ἔδωκε.

2142 4531 2459 4608 στέργεκαὶ
2485 4533 2642 4603 χαῖρε
2666 4532 2807 4602 61:69
2828 4526 2904 4586 ὧν
2930 4531 3154 4596 ἔλαϐες·
3177 4533 3274 4586 καὶ
3302 4531 3380 4604 μή
3404 4531 3692 4602 δυσχέραινε

2141 4615 2284 4688 ὑπὲρ
2304 4608 2378 4670 ὧν
2401 4615 2504 4670 ούκ
2539 4616 2793 4688 εἴληφας,
2821 4616 2958 4670 ἀλλὰ
2994 4617 3090 4670 καὶ
3132 4616 3389 4685 ὁμολόγει
3419 4617 3596 4687 χάριν,
3630 4616 3691 4666 ὅτι

2143 4701 2220 4773 μή
2252 4698 2478 4771 μείζονα
2506 4699 2697 4764 ἔλαϐες
2735 4697 2834 4771 τῆς
2865 4700 3150 4770 δυνάμεως
3175 4701 3275 4770 τῆς
3315 4700 3438 4770 σῆς.

2209 4780 2271 4837 ε’.
2291 4783 2354 4836 Εἰ
2365 4783 2421 4838 66
2433 4785 2491 4838 ἐν
2515 4787 2628 4847 τοῖς
2641 4787 3032 4856 πνευματικοῖς
3041 4783 3101 4837 06
3114 4783 3221 4856 χρὴ
3238 4780 3686 4855 περιεργάζεσθαι.

2139 4865 2321 4939 πολλῷ
2348 4867 2548 4937 μᾶλλον
2581 4865 2639 4921 ἐν
2659 4871 2772 4931 τοῖς
2797 4869 3102 4938 σαρκικοῖς,
3127 4868 3247 4922 ἀλλ’
3277 4867 3592 4938 ἡσυχάζειν,
3615 4864 3689 4916 καὶ

2142 4951 2218 5025 μὴ
2244 4951 2781 5024 πολυπραγμονεῖνο,
2813 4951 2901 5005 διὰ
2930 4951 2981 5004 τί
3004 4954 3032 5005 6
3056 4951 3204 5006 δεῖνα
3232 4951 3506 5016 πλούσιος,
3527 4949 3684 5004 όδεῖνσ

2137 5035 2195 5091 66
2225 5038 2414 5109 πένης.
2463 5036 2718 5091 Μάλιστα
2758 5038 2857 5106 μὲν
2885 5036 2996 5106 γάρ
3032 5037 3130 5106 οὐχ
3179 5035 3415 5100 ἕκαστος
3443 5035 3549 5089 ἀπὸ
3575 5027 3684 5085 Θεοῦ

2139 5123 2380 5187 πλουτεῖ,
2407 5121 2542 5176 ἀλλά
2577 5121 2762 5175 πολλοὶ
2785 5121 2881 5174 καὶ
2901 5120 2962 5185 ἐξ
2979 5120 3193 5184 ἀδικίας
3215 5121 3312 5174 καὶ
3337 5120 3586 5192 ἁρπαγῆς
3612 5115 3683 5168 καὶ

2139 5205 2472 5270 πλεονεξίας.
2530 5204 2590 5258 '0
2631 5205 2742 5276 γάρ
2770 5203 3036 5266 κελεύσας
3064 5203 3140 5275 μή
3176 5203 3447 5267 πλουτεῖν,
3492 5201 3598 5264 πῶς
3630 5198 3681 5251 ἂν

2137 5291 2338 5345 ἔδωκεν
2366 5292 2504 5362 ὅπερ
2534 5287 2775 5344 ἐκώλυσε
2808 5288 2883 5360 μὴ
2906 5288 3125 5352 λαϐεῖν;
3161 5289 3281 5342 Ἱνα
3302 5287 3358 5340 δὲ
3381 5288 3445 5340 ἐκ
3473 5285 3681 5342 πλείονος

2137 5375 2478 5446 ἐπιστομίσω
2508 5374 2611 5444 τῆς
2641 5372 2955 5444 περιουσίας
2993 5371 3122 5435 τοὺς
3157 5371 3300 5443 ὑπὲρ
3332 5370 3534 5425 τούτων
3561 5369 3677 5422 ἀντι-

2202 5631 2231 5669 ὶ»
2259 5627 2544 5692 Legebatur,
2567 5628 2792 5681 οὖδέπου.
2861 5638 2886 5670 ο
2911 5628 3060 5692 Ἡρα..
3089 5629 3172 5703 καῖ
3195 5629 3261 5692 μή
3287 5620 3671 5690 πολυπραγιονῶν

2145 5712 2298 5775 ειιιιι,
2318 5712 2400 5761 καὶ
2424 5712 2490 5775 μὴ
2507 5711 2688 5766 ἀλύειν.
