3776 6308
168 304 260 369 2-55
1159 301 1222 356 IN
1262 299 1476 357 EPlST.
1525 299 1545 357 l
1604 298 1696 353 AD
1735 297 1894 353 COR.
1938 297 2165 352 llOM‘lL.
2214 298 2402 352 XXlX.

168 429 226 484 Et
248 428 495 499 superius
518 425 732 497 quidem
759 423 1039 495 Spiritum,
1068 422 1259 477 Filium
1287 430 1341 475 et
1367 419 1579 473 Patrem
1606 423 1744 470 atina

166 520 365 590 elargiri
395 519 636 575 ostendit
664 535 677 571 :
708 516 796 572 hic
831 531 959 571 vero
988 514 1243 584 Spiritum
1273 510 1470 566 dixisse
1496 508 1627 563 satis
1654 506 1748 560 ha«

165 612 267 668 buit
287 654 301 676 ,
336 622 397 665 ut
429 611 555 666 hinc
582 611 742 667 etiam
771 608 947 663 discas
974 605 1220 662 eamdem
1249 618 1371 659 esse
1409 600 1743 670 dignitatem.

164 705 288 772 Quid
312 713 399 760 est
423 716 605 760 autem
632 703 815 759 Sermo
840 699 1141 773 sapientiae?
1166 698 1336 767 Quem
1360 695 1587 749 habebat
1612 693 1749 748 Pau-

163 799 256 858 lus.
278 812 441 867 quem
471 797 697 851 habebat
717 795 947 850 Joannes
971 792 1109 847 ﬁlius
1131 790 1367 845 tonitrui.
1400 786 1535 853 Quid
1561 786 1740 839 Sermo

160 890 412 944 scientiaz.’
438 892 609 958 Quem
655 885 888 943 ﬁdelium
931 886 1083 940 multi
1123 872 1393 939 habebant
1418 921 1433 945 ,
1463 877 1741 934 scientiam

161 984 371 1051 quidem
401 983 683 1050 habentes,
713 983 911 1037 docere
938 989 1112 1033 autem
1144 992 1251 1032 non
1281 975 1541 1032 valentes.
1573 983 1746 1039 neque

162 1075 307 1130 facile
329 1090 393 1128 ea
421 1079 541 1144 (inte
567 1074 808 1129 Sciebant
833 1072 950 1127 aliis
974 1073 1273 1126 enuntiare.
1301 1067 1401 1121 Alii
1427 1082 1536 1118 vero
1560 1060 1744 1132 fidem;

160 1165 309 1220 ﬁdem
346 1181 454 1219 non
502 1165 641 1220 hanc
679 1165 898 1229 dicens,
928 1164 1046 1229 quae
1078 1158 1327 1230 dogmata
1366 1165 1608 1227 Spectat,
1649 1152 1745 1207 sed

158 1254 307 1312 fidem
340 1257 616 1328 signorum
639 1299 653 1321 ,
682 1256 750 1311 de
775 1271 877 1325 qua
906 1255 1150 1309 Christus
1179 1252 1306 1305 dicit
1337 1272 1349 1306 :
1383 1250 1444 1304 Si
1472 1247 1745 1301 habueritis

157 1352 299 1418 fidem
345 1363 398 1404 ut
440 1368 657 1421 granum
696 1349 889 1416 sinapis
915 1390 928 1409 ,
969 1345 1142 1400 dicetis
1180 1344 1297 1396 huic
1335 1344 1525 1406 monti,-
1561 1337 1745 1391 Transi

157 1444 263 1497 hinc
287 1485 303 1510 ,
335 1454 384 1497 et
411 1444 645 1496 transibit
688 1442 705 1512 (
735 1439 919 1494 Matth.
951 1439 1037 1493 17.
1073 1435 1137 1494 19
1165 1435 1203 1506 ).
1237 1436 1301 1489 Et
1333 1434 1467 1487 hanc
1496 1430 1747 1500 petebant

156 1536 377 1606 apostoli
425 1532 711 1589 dicentes:
744 1531 889 1585 Adde
937 1528 1078 1583 nobis
1124 1526 1275 1596 ﬁdem
1305 1524 1323 1593 (
1348 1523 1472 1576 Luc.
1512 1522 1597 1576 17.
1641 1520 1739 1587 5).

158 1627 272 1682 [hec
319 1628 466 1681 enim
514 1635 686 1679 mater
730 1624 1002 1691 signorum
1044 1628 1145 1674 est.
1188 1617 1538 1686 Opem-tiones
1567 1622 1742 1667 autem

158 1722 403 1773 virtutum
438 1717 638 1771 habere
663 1758 678 1779 ,
711 1726 764 1768 et
796 1714 1022 1783 gratiam
1052 1710 1388 1766 curationum
1419 1748 1433 1771 ,
1468 1717 1571 1759 non
1604 1703 1743 1757 idem

157 1813 321 1881 ipsum
368 1820 476 1864 est.
525 1809 656 1863 Nam
696 1808 785 1876 qui
830 1804 1057 1875 gratiam
1096 1805 1429 1857 curationum
1477 1794 1741 1857 habebat,

157 1902 469 1957 medebatur
513 1908 761 1959 tantum;
808 1896 897 1964 qui
940 1907 1069 1947 vero
1110 1891 1450 1961 operationes
1493 1886 1742 1940 virtutum

156 1993 500 2065 possidebat,
529 1992 691 2046 etiam
722 1988 1034 2058 castigabat.
1078 1985 1320 2040 Potestas
1357 1983 1498 2037 enim
1530 1988 1611 2035 est
1638 1994 1742 2032 non

155 2086 372 2140 sanandi
403 2082 599 2147 modo,
633 2081 727 2135 sed
758 2080 914 2135 etiam
943 2076 1232 2149 puniendi;
1263 2084 1319 2129 ut
1345 2073 1539 2128 Paulus
1568 2083 1744 2126 excae-

154 2180 324 2242 cavit,
362 2178 661 2246 Petrusque
690 2173 975 2228 interfecit.
1022 2171 1123 2225 Alii
1159 2185 1275 2224 vero
1312 2167 1587 2239 prophetica
1610 2206 1625 2230 ,
1656 2165 1744 2218 alii

154 2274 476 2327 discretiones
504 2270 798 2339 spirituum.
832 2265 967 2335 Quid
996 2266 1097 2319 sibi
1127 2264 1240 2318 vult
1266 2261 1393 2318 illud
1418 2302 1432 2326 ,
1468 2259 1743 2313 Discretio-

154 2380 235 2417 nes
270 2360 593 2432 spirituum?
638 2358 789 2413 Scire
818 2356 935 2426 quis
985 2355 1055 2410 sit
1103 2352 1428 2424 Spiritualis,
1473 2352 1592 2420 quis
1636 2362 1740 2402 non

154 2455 474 2525 Spiritualis;
521 2454 640 2523 quis
684 2451 941 2522 pr0pheta
970 2492 985 2515 ,
1028 2448 1147 2520 quis
1185 2447 1479 2516 deceptor:
1510 2444 1560 2498 id
1601 2442 1741 2514 quod

152 2544 725 2604 Thessalonicensibus
765 2542 1018 2597 dicebat:
1050 2539 1354 2606 Prophetias
1390 2538 1542 2591 nolite
1580 2535 1741 2607 negli-

155 2656 263 2711 gere
287 2656 306 2694 :
333 2640 508 2692 omnia
535 2647 703 2691 autem
732 2634 998 2701 probantes
1022 2676 1035 2695 ,
1064 2632 1201 2701 quod
1232 2632 1417 2685 bonum
1443 2638 1512 2684 est
1535 2670 1549 2693 ,
1583 2638 1743 2682 tenete

154 2736 239 2801 (1.
269 2734 447 2788 Thess.
478 2732 535 2787 5.
562 2730 655 2786 (ξι).
682 2729 801 2799 21).
833 2727 967 2782 Nam
1008 2726 1172 2781 multa
1207 2732 1331 2779 ttmc
1361 2732 1475 2777 erat
1510 2720 1743 2791 pseudo-

156 2826 536 2897 prophetarum
594 2821 905 2891 corruptio,
970 2818 1186 2873 diabolo
1233 2816 1593 2872 contendente
1646 2829 1741 2884 pro

154 2920 371 2976 reritate
414 2917 744 2971 substituere
790 2912 1150 2967 mendacium.
1200 2910 1305 2965 Alii
1348 2918 1531 2991 autent
1560 2922 1742 2979 genera

154 3014 437 3083 linguarum
464 3052 479 3075 ,
510 3008 602 3061 alii
627 3006 972 3075 interpretatio
996 3020 1303 3060 sermonum.
1336 2989 1467 3056 Nam
1500 3001 1590 3055 ille
1620 2999 1741 3069 qui-

156 3098 269 3160 dem
308 3104 515 3159 sciebat
542 3100 683 3172 quod
718 3101 829 3169 ipse
859 3097 1101 3160 diceret,
1134 3096 1285 3151 alteri
1318 3110 1447 3149 vero
1476 3092 1527 3147 id
1575 3094 1741 3146 inter-

158 3199 344 3269 pretari
375 3213 483 3250 non
512 3203 753 3265 poterat:
776 3192 912 3246 alius
938 3205 1067 3247 vero
1093 3189 1208 3245 haac
1230 3188 1387 3243 ambo
1414 3187 1738 3258 possidebat,

156 3295 231 3349 vel
260 3294 603 3346 alterutrum.

220 3388 273 3441 4.
317 3384 610 3438 Videbatur
649 3389 826 3435 autem
873 3379 977 3433 hoc
1025 3377 1226 3433 donum
1270 3390 1391 3431 esse
1435 3389 1687 3445 magnum
1716 3416 1731 3440 ,

156 3479 400 3549 «proniam
433 3477 610 3547 ipsum
645 3476 873 3545 primum
900 3471 1127 3543 apostoli
1156 3480 1495 3539 acceperunt,
1518 3478 1572 3525 et
1601 3469 1739 3537 apud

160 3572 460 3627 Corinthios
487 3570 702 3640 plurimi
735 3568 838 3623 hoc
866 3580 1088 3621 munere
1119 3564 1362 3619 instructi
1392 3572 1545 3618 erant
1570 3581 1583 3617 :
1608 3563 1741 3618 doc-

162 3666 303 3719 trinze
328 3674 507 3718 autem
540 3661 762 3716 verbum
808 3674 916 3713 non
948 3658 1041 3712 ita.
1079 3656 1204 3710 ldeo
1234 3654 1358 3708 illud
1388 3653 1602 3724 quidem
1631 3654 1741 3723 pri-

161 3772 295 3810 mum
314 3757 463 3825 ponit
488 3797 503 3821 ,
537 3753 638 3807 hoc
656 3766 784 3807 vero
806 3758 1155 3821 postremum.
1179 3746 1309 3801 Nam
1330 3745 1502 3799 ethoc
1527 3754 1743 3815 propter

163 3849 279 3903 illud
307 3858 421 3911 est,
459 3860 681 3900 necnon
704 3842 807 3896 alia
835 3841 1036 3904 omnia,
1061 3838 1376 3908 prophetiae,
1405 3837 1742 3905 operationes

162 3942 429 4000 virtutum,
464 3951 660 4008 genera
700 3934 1024 4004 linguarum,
1056 3938 1110 3986 et
1139 3928 1505 3999 interpretatio
1536 3928 1741 3998 lingua-

164 4047 272 4084 rum
305 4048 319 4084 :
353 4029 480 4084 nihil
509 4030 653 4082 enim
684 4026 808 4079 huic
832 4037 931 4095 par
961 4029 1083 4086 est;
1112 4021 1339 4091 ideoque
1359 4020 1570 4075 diccbat
1598 4036 1613 4073 :
1643 4018 1744 4084 Qui

164 4124 277 4178 bene
320 4130 544 4192 praesunt
591 4118 866 4190 presbyteri
898 4159 912 4183 ,
941 4116 1135 4187 duplici
1183 4116 1374 4168 honore
1418 4114 1557 4185 digni
1586 4122 1739 4181 sunt,

166 4218 374 4270 maxime
407 4216 492 4287 qui
533 4213 766 4268 laborant
796 4213 847 4265 in
878 4210 1025 4264 verba
1054 4218 1100 4263 et
1137 4208 1369 4262 doctrina
1411 4207 1495 4277 (l.
1520 4206 1656 4260 Tim.
1685 4207 1738 4262 5.

166 4308 269 4379 17).
301 4307 369 4362 Et
393 4305 677 4361 Timotheo
720 4302 935 4371 scripsit
978 4300 1201 4365 dicens,
1249 4298 1462 4353 Attende
1506 4298 1742 4365 lectioni,

169 4398 492 4454 exhortationi
517 4439 532 4462 ,
562 4396 807 4451 doctrina:
834 4411 852 4447 :
882 4393 988 4447 noli
1018 4392 1267 4463 negligere
1295 4391 1513 4462 gratiam
1550 4406 1662 4461 qua:
1690 4391 1741 4444 in

170 4503 212 4546 te
237 4501 305 4546 est
339 4493 410 4563 (1.
453 4490 591 4545 Tim.
620 4490 674 4543 4.
705 4490 793 4543 13.
823 4485 932 4557 14).
966 4483 1159 4539 Viden'
1193 4482 1461 4554 quomodo
1490 4484 1589 4537 hoc
1619 4498 1743 4553 gra-

170 4585 289 4638 tiam
314 4583 507 4638 vocet?
537 4579 741 4637 Deinde
784 4593 942 4648 quam
989 4574 1237 4646 superius
1281 4575 1458 4644 posuit
1501 4573 1744 4628 consola-

170 4675 357 4730 tionem
384 4675 591 4740 dicens,
624 4670 771 4724 Idem
804 4668 1031 4737 Spiritus
1056 4709 1071 4732 ,
1111 4667 1248 4719 hanc
1286 4673 1340 4719 ct
1391 4664 1478 4718 hic
1516 4666 1739 4732 adjicit,

171 4767 343 4821 dicens
374 4783 387 4819 :
422 4764 549 4820 Haec
588 4772 757 4817 autem
798 4760 971 4815 omnia
1008 4765 1248 4827 operatur
1276 4771 1407 4810 unus
1436 4765 1584 4827 atque
1608 4756 1741 4811 idem

174 4857 405 4927 Spiritus,
434 4856 661 4910 dividens
685 4852 898 4924 singulis
924 4859 1071 4922 prout
1100 4847 1227 4904 vult.

241 4950 416 5007 Contra
447 4947 967 5007 Pneumatomachos.
992 4944 1193 4999 ——Non
1223 4941 1384 4997 modo
1409 4952 1585 4996 autem
1610 4956 1741 4996 con-

175 5047 381 5113 solatur,
427 5046 521 5102 sed
545 5044 705 5100 etiam
747 5056 810 5097 os
836 5040 1065 5095 obstruit
1108 5036 1492 5094 contradicenti
1538 5034 1623 5089 hic
1666 5036 1747 5090 die

179 5154 332 5194 cens:
362 5139 597 5193 Dioidens
622 5136 837 5208 singulis
868 5144 1019 5205 prout
1054 5133 1180 5187 vult.
1224 5130 1449 5200 Oportet
1479 5129 1620 5184 enim
1652 5129 1746 5184 ad-

180 5234 437 5305 stringere,
470 5247 571 5287 nee
600 5230 772 5285 solum
804 5228 1004 5284 mederi
1035 5244 1048 5293 ;
1082 5226 1231 5297 sicut.
1247 5235 1302 5280 et
1330 5225 1380 5279 in
1410 5224 1644 5293 Epistula
1678 5223 1744 5279 ad

186 5323 429 5381 Romanos
455 5324 604 5387 facit,
633 5338 755 5376 cum
780 5320 907 5375 dicit
932 5335 947 5374 :
980 5318 1059 5373 Tu
1084 5318 1197 5390 quis
1224 5333 1292 5381 es,
1323 5318 1408 5387 qui
1437 5316 1745 5387 respondeas

191 5409 285 5469 Deo
307 5408 470 5485 (Rom.
498 5417 554 5473 9.
585 5414 677 5485 20)
704 5413 727 5466 ?
757 5413 831 5468 Ita
859 5411 1020 5467 etiam
1067 5410 1155 5464 hic
1184 5450 1198 5475 ,
1239 5407 1485 5463 Dividens
1528 5405 1746 5479 singulis

189 5523 318 5579 prout
338 5512 453 5567 ιηιιι.
486 5512 555 5567 Ει
582 5507 723 5580 quod
758 5507 935 5563 Patris
970 5508 1088 5559 crat
1118 5545 1134 5570 ,
1165 5503 1328 5559 etiam
1371 5500 1603 5573 Spiritus
1627 5513 1746 5557 esse

192 5604 412 5659 ostendit.
444 5604 595 5659 Sicut
639 5600 784 5656 enim
812 5599 881 5653 de
920 5597 1012 5652 illo
1038 5596 1111 5650 ait
1139 5613 1153 5650 :
1182 5593 1330 5649 Idem
1352 5602 1521 5649 autem
1548 5590 1689 5647 Deus
1726 5618 1744 5660 ,

193 5696 271 5759 qui
292 5707 506 5767 operatur
550 5693 720 5750 omnia
764 5691 819 5745 in
862 5689 1095 5745 omnibus
1120 5702 1141 5754 ;
1167 5686 1245 5742 sic
1282 5693 1337 5742 et
1378 5684 1449 5742 de
1495 5683 1695 5755 Spiritu
1730 5702 1745 5739 :

203 5780 310 5839 llas
330 5804 466 5858 porro
495 5785 667 5839 omnia
690 5788 932 5852 operatur
957 5794 1088 5832 unus
1114 5785 1162 5832 et
1188 5778 1320 5833 idem
1355 5774 1600 5846 Spiritus.
1634 5772 1742 5830 Sed

486 5886 755 5944 PATROL.
804 5882 919 5942 Gn.
970 5874 1128 5943 LXI.

3333 296 3442 358 266

1861 425 2061 482 motus,
2088 413 2293 485 inquies
2321 458 2335 480 ,
2363 431 2392 470 a
2421 415 2550 471 Deo.
2586 416 2779 471 Verum
2811 415 2912 473 hoc
2954 433 3213 491 nusquam
3264 421 3397 475 dixit
3423 456 3438 483 δ

1856 506 1952 563 sed
1987 518 2039 561 tu
2068 508 2197 562 illud
2228 507 2455 578 efﬁngis.
2480 507 2704 575 Quando
2730 510 2871 564 cnim
2900 510 3046 576 dicit,
3078 512 3178 580 Qui
3206 515 3443 584 operatur

1855 601 2025 653 omnia
2050 601 2102 654 in
2128 601 2380 666 omnibus,
2411 600 2476 656 de
2500 601 2805 656 hominibus
2833 603 2933 657 hoc
2957 600 3085 658 dicit
3108 621 3123 658 :
3151 616 3439 676 numquam

1853 684 1972 753 cum
2005 698 2310 755 hominibus
2348 699 2602 769 Spiritum
2632 708 2984 766 annumerat,
3010 701 3219 755 etiamsi
3248 702 3443 756 millies

1854 800 2096 846 amenlet‘
2138 784 2373 862 loquaris
2401 799 2456 847 et
2500 792 2755 847 insanias.
2785 790 2920 860 Quia
2948 794 3089 847 enim
3118 792 3291 858 dixit,
3341 792 3442 845 Pcr‘

1855 881 2107 952 Spiritum
2132 899 2150 947 ;
2180 891 2236 938 ut
2265 900 2332 939 ne
2361 894 2515 954 putes
2544 884 2671 938 illud
2696 925 2711 951 ,
2748 902 2837 955 per
2859 924 2874 950 ,
2909 883 3297 939 imminutionis
3323 899 3444 938 esm

1853 990 2064 1041 vocem,
2095 992 2192 1031 nec
2224 978 2370 1031 illum
2406 978 2615 1033 moveri
2643 978 2707 1032 ad
2732 978 3122 1048 operationem,
3150 976 3445 1047 subiungit,
3484 1041 3492 1049 .

1858 1067 2077 1138 Operari
2107 1069 2396 1140 Spiritum,
2428 1088 2533 1125 non
2585 1070 2653 1126 ad
2699 1072 3066 1142 operationem
3114 1071 3359 1136 moveri,
3392 1076 3446 1124 ct

1853 1160 2063 1229 operari
2135 1170 2190 1215 ut
2231 1161 2385 1229 vult,
2431 1178 2537 1217 non
2578 1174 2638 1218 ut
2684 1162 2919 1233 jubetur.
2978 1163 3437 1231 Quemadmodum

1853 1251 1995 1305 enim
2018 1252 2085 1306 de
2106 1250 2265 1307 Patre
2288 1252 2455 1309 Filius
2471 1253 2623 1320 dicit,
2649 1252 2854 1308 Excitat
2876 1265 3098 1309 mortuos
3118 1266 3164 1309 et
3187 1256 3444 1325 viui/icat;

1853 1350 1908 1397 et
1927 1341 2175 1398 similiter
2195 1342 2263 1399 de
2284 1345 2483 1414 seipso,
2507 1346 2643 1412 Quos
2668 1347 2773 1400 vult
2792 1344 3008 1414 uiuiﬁcat
3032 1345 3211 1418 (Joan.
3236 1345 3399 1417 5.2!)
3428 1365 3440 1398 :

1853 1433 1931 1487 sic
1960 1445 2013 1488 et
2045 1433 2113 1489 de
2142 1432 2340 1505 Spiritu
2369 1476 2382 1497 ,
2428 1436 2552 1490 alibi
2584 1437 2795 1507 quidem
2825 1436 2966 1508 quod
3010 1453 3131 1492 cum
3179 1448 3444 1509 poteSIato

1852 1527 2030 1581 omnia
2061 1527 2257 1597 faciat,
2284 1537 2338 1584 et
2368 1529 2498 1583 nihil
2526 1530 2597 1585 sit
2624 1531 2763 1599 quod
2791 1531 3043 1600 impediat
3073 1531 3229 1601 (illud
3261 1532 3401 1586 enim
3425 1572 3439 1595 ,

1857 1616 1953 1673 Ubi
1982 1620 2086 1673 vult
2120 1621 2281 1690 spirat
2335 1619 2496 1693 (Ibid.
2527 1623 2579 1677 '5.
2613 1622 2690 1693 8),
2721 1623 2925 1678 etiamsi
2955 1624 3021 1678 dc
3050 1633 3211 1677 vento
3237 1624 3439 1678 dictum

1854 1712 2041 1778 fuerit,
2079 1712 2142 1768 ad
2189 1715 2289 1770 hoc
2328 1715 2468 1785 quod
2507 1716 2735 1771 di'cimUS
2761 1710 2897 1771 viam
2945 1720 3157 1787 parat):
3192 1717 3277 1772 hic
3313 1734 3442 1772 vero

1851 1803 2001 1871 dicit,
2029 1802 2211 1858 Omnia
2236 1818 2474 1875 operatur
2492 1818 2640 1877 prout
2669 1810 2792 1863 vult.
2815 1810 2881 1864 Et
2903 1810 3118 1865 aliunde
3137 1811 3281 1865 disce
3298 1811 3438 1881 quod

1861 1911 1964 1950 non
1985 1897 2137 1951 silex
2162 1898 2244 1963 iis,
2269 1899 2356 1967 qui
2386 1915 2484 1969 per
2512 1902 2877 1969 operationem
2905 1913 3205 1968 moventur,
3230 1903 3320 1959 sed
3349 1907 3437 1974 Qui

1852 1996 2160 2056 Operantur,
2179 1989 2300 2043 hinc
2315 1989 2491 2044 disce:
2519 1991 2643 2057 Quis
2660 1992 2789 2045 enim
2808 1993 2963 2057 novit,
2984 1993 3174 2064 inquit,
3190 2010 3302 2064 gnte
3322 1988 3440 2048 sur-i

1852 2075 2070 2131 hominis
2095 2120 2111 2144 ,
2160 2079 2258 2132 nisi
2286 2080 2496 2150 spiritus
2533 2080 2797 2136 hominis?
2823 2080 2912 2137 Sic
2956 2092 3003 2138 et
3043 2101 3158 2153 qua:
3189 2083 3283 2138 Dei
3321 2095 3439 2138 sunt

1850 2186 1996 2223 nemo
2025 2170 2196 2237 novit,
2238 2172 2337 2225 nisi
2377 2171 2603 2242 Spiritus
2633 2169 2728 2227 Dei
2755 2173 2829 2247 (1.
2863 2174 2981 2228 Car.
3024 2173 3078 2231 ἓ.
3126 2178 3239 2245 11).
3284 2177 3436 2243 Quod

1850 2270 2027 2316 autem
2055 2263 2275 2333 Spiritus
2298 2264 2548 2332 hominis,
2578 2265 2628 2320 id
2655 2276 2760 2331 est,
2787 2267 2986 2335 anima,
3013 2283 3118 2323 non
3143 2273 3439 2338 egeatop‘c-

1850 2352 2057 2408 ratione
2078 2395 2093 2420 ,
2130 2365 2186 2408 ut
2226 2370 2320 2409 sua
2349 2365 2675 2426 cognoscat,
2719 2357 2919 2412 nemini
2961 2374 3067 2412 non
3098 2369 3284 2414 notum
3310 2372 3389 2415 est
3420 2379 3435 2414 :

1852 2458 1981 2513 ergo
2010 2459 2107 2499 nec
2150 2444 2380 2516 Spiritus
2409 2457 2626 2502 sanctus
2650 2489 2665 2515 ,
2695 2458 2755 2502 ut
2792 2455 3077 2519 cognosCat
3107 2465 3170 2505 ea
3196 2466 3314 2522 qua:
3343 2453 3433 2507 Dei

1851 2543 1995 2590 sunt.
2046 2535 2134 2592 Sic
2172 2539 2314 2593 enim
2364 2541 2479 2593 ait:
2516 2540 2722 2595 Arcana
2774 2541 2865 2595 Dei
2917 2544 3164 2612 cognovit
3209 2545 3438 2614 Spiritus

1850 2636 2088 2695 sanctus,
2121 2630 2258 2684 sicut
2289 2631 2463 2685 anima
2513 2632 2745 2687 hominis
2784 2648 2977 2688 arcana
3021 2650 3135 2688 sua.
3170 2630 3224 2690 Si
3256 2643 3435 2691 autem

1848 2719 1916 2774 ad
1959 2722 2059 2777 hoc
2099 2722 2202 2777 alia
2233 2726 2545 2794 Operatione
2587 2742 2690 2781 non
2740 2735 3025 2796 movetur,
3058 2730 3223 2785 multo
3267 2732 3439 2803 magis

1849 2811 1936 2879 qui
1967 2812 2067 2867 scit
2095 2814 2355 2882 profunda
2388 2817 2479 2870 Dei
2500 2856 2515 2883 ,
2545 2825 2598 2873 et
2626 2834 2730 2872 non
2765 2820 2941 2891 aliqua
2970 2822 3285 2892 operatione
3316 2839 3435 2877 mo~

1850 2912 2004 2957 vetur
2023 2904 2089 2958 ad
2115 2903 2350 2959 dandum
2379 2907 2700 2962 charismata
2729 2912 3007 2981 apostolis,
3029 2913 3133 2966 alia
3165 2928 3268 2967 non
3300 2929 3436 2984 opus

1850 2994 2095 3051 habuerit
2134 2999 2465 3067 operatione.
2509 3000 2711 3056 Prmter
2752 3002 2866 3057 haec
2897 2999 3076 3059 autem
3122 3004 3266 3059 aliud
3295 3022 3438 3062 nunc

1849 3089 2056 3155 dicam,
2091 3092 2233 3160 quod
2284 3093 2430 3162 prius
2473 3094 2601 3148 dixi.
2649 3094 2815 3163 Quale
2856 3096 3031 3151 illud?
3061 3098 3116 3152 Si
3165 3099 3341 3154 minor
3367 3101 3434 3154 sit

1850 3183 2077 3254 Spiritus
2104 3195 2159 3241 et
2187 3186 2407 3243 alterius
2433 3188 2767 3255 substantia},
2797 3188 2930 3245 nihil
2982 3192 3271 3261 profuisset
3295 3206 3427 3247 conn-

1848 3278 2059 3344 solatio,
2086 3293 2259 3349 neque
2283 3278 2553 3335 audivisse
2580 3280 2828 3336 eumdem
2856 3296 2976 3337 esse
2998 3283 3274 3353 Spiritum.
3301 3283 3436 3339 Nam

1848 3371 1937 3442 qui
1967 3386 1996 3425 a
2027 3386 2151 3441 rege
2176 3374 2401 3443 accepit,
2432 3373 2568 3429 hanc
2596 3375 2884 3430 maximam
2915 3376 3156 3432 habuerit
3176 3381 3430 3435 consola-

1850 3464 2088 3530 tionem,
2124 3464 2263 3535 quod
2305 3465 2417 3534 ipse
2469 3465 2518 3521 ei
2562 3466 2807 3532 dederit;
2839 3468 2931 3539 qui
2980 3480 3161 3524 antem
3204 3485 3235 3525 a
3282 3487 3437 3527 serio

1849 3556 2076 3627 accipit,
2123 3566 2247 3612 tunc
2291 3559 2460 3628 magis
2506 3558 2686 3627 dolet,
2717 3559 2931 3631 quando
2960 3562 3224 3633 quispiam
3263 3562 3434 3620 hoet-l

1849 3642 2125 3703 obtulerit.
2156 3649 2337 3720 Itaque
2366 3651 2488 3705 hinc
2514 3650 2673 3706 etiam
2706 3653 2877 3721 palam
2905 3662 2989 3708 est
3013 3653 3273 3723 Spiritum
3306 3670 3432 3710 san-

1848 3750 1992 3796 ctum
2026 3757 2131 3796 non
2154 3742 2385 3807 servilis,
2414 3741 2507 3797 sed
2538 3744 2698 3813 regiae
2720 3758 2841 3799 esse
2869 3744 3205 3801 substantiae.
3232 3744 3439 3802 Idcirco

1849 3833 1987 3887 sicut
2015 3834 2321 3887 consolatus
2348 3842 2432 3888 est
2457 3834 2575 3889 illos
2600 3834 2786 3889 dicens
2805 3876 2820 3901 ,
2859 3835 3142 3891 Divisiones
3173 3836 3435 3891 ministra-

1851 3924 2044 3977 tionum
2073 3934 2211 3991 sunt,
2236 3925 2369 3978 idem
2398 3934 2566 3979 autem
2592 3924 2883 3995 Dominus;
2914 3936 2985 3993 et,
3016 3927 3292 3983 Dibisiones
3317 3946 3439 4001 ope-

1848 4017 2102 4069 rationum
2128 4056 2142 4080 ,
2173 4016 2304 4070 idem
2331 4028 2499 4070 autem
2526 4016 2664 4072 Deus
2691 4034 2708 4072 :
2732 4019 2810 4075 Sic
2839 4033 2961 4074 cum
2990 4022 3239 4090 superius
3266 4020 3435 4086 dixit,

1850 4104 2136 4161 Divisiones
2156 4108 2435 4177 gratiarum
2460 4117 2598 4175 sunt,
2620 4109 2751 4163 idem
2777 4123 2945 4165 autem
2976 4112 3238 4185 Spiritus;
3260 4123 3315 4168 et
3339 4114 3439 4168 sub

1850 4197 1965 4253 haec
2013 4199 2177 4253 etiam
2226 4200 2390 4265 dicit,
2446 4199 2572 4255 [hec
2619 4212 2787 4255 autem
2832 4204 3000 4257 omnia
3036 4215 3274 4275 operatur
3309 4222 3438 4259 unus

1850 4300 1998 4360 atque
2032 4291 2165 4345 idem
2205 4291 2432 4362 Spiritus
2456 4333 2471 4357 ,
2502 4292 2731 4348 dividens
2775 4294 2990 4365 singulis
3020 4307 3168 4363 prout
3202 4294 3327 4349 vult.
3360 4296 3439 4352 Ne

1850 4382 2027 4452 itaque
2060 4397 2317 4451 angamur
2339 4424 2353 4449 ,
2388 4382 2574 4452 inquit,
2611 4399 2783 4454 neque
2827 4385 3105 4439 doleamus
3148 4386 3388 4440 dicentes
3414 4428 3430 4449 .

1848 4472 1957 4529 Cur
1986 4473 2087 4528 hoc
2128 4474 2356 4543 accepi,
2402 4472 2505 4528 ho‘c
2559 4490 2662 4528 non
2712 4474 2941 4545 accepi?
2972 4489 3146 4545 neque
3192 4476 3431 4532 rationes

1850 4566 2126 4636 exigamus
2155 4579 2185 4618 a
2225 4565 2426 4635 Spiritu
2455 4574 2662 4620 sancto.
2701 4565 2834 4620 Nam
2877 4568 2919 4622 si
2969 4568 3145 4635 nosti,
3180 4569 3231 4624 id
3262 4568 3434 4639 ipsum

1852 4660 2099 4729 largitum
2136 4673 2255 4714 esse
2299 4658 2441 4729 quod
2472 4660 2545 4713 tui
2575 4674 2757 4714 curam
2782 4670 2972 4730 gerat;
3002 4661 3243 4731 cogitans
3289 4664 3434 4718 illum

1850 4750 2093 4807 eamdem
2138 4764 2320 4806 curam
2366 4760 2639 4822 gerentem
2688 4758 2994 4807 mensuram
3035 4753 3285 4821 dedisse,
3317 4773 3437 4809 am-

1850 4846 2084 4915 plectere
2110 4853 2163 4899 et
2201 4843 2375 4915 gaude
2402 4843 2471 4899 ob
2514 4859 2576 4899 ea
2608 4859 2726 4914 qum
2765 4845 3058 4915 accepisti;
3087 4856 3143 4901 et
3190 4862 3256 4902 ne
3295 4862 3438 4919 a-gre

1853 4942 1989 4994 l’eras
2019 4938 2159 5009 quod
2189 4939 2291 4993 alia
2330 4952 2432 4993 non
2473 4940 2777 5008 acecperis;
2807 4939 2912 4992 imo
2941 4941 3140 5010 gratias
3183 4941 3391 4996 reddito
3417 4984 3433 5011 ,

1851 5032 1994 5103 quod
2027 5047 2132 5086 non
2160 5032 2361 5100 majora
2392 5046 2552 5101 quam
2582 5032 2720 5086 ferre
2748 5043 2935 5103 posses
2962 5037 3255 5103 acceperis.

1922 5124 1976 5179 5.
2017 5123 2070 5177 Si
2109 5132 2286 5177 autem
2316 5123 2366 5176 in
2405 5122 2774 5191 spiritualibus
2819 5140 2921 5177 non
2969 5136 3176 5196 oportet
3223 5127 3435 5183 curiose

1854 5215 2121 5286 inquirere
2148 5256 2159 5275 ,
2193 5214 2359 5268 multo
2382 5215 2549 5283 magis
2577 5214 2628 5270 in
2660 5217 3005 5281 carnalibus;
3036 5219 3130 5271 sed
3159 5221 3438 5288 quiescere

1854 5318 1907 5363 et
1932 5318 2037 5363 non
2068 5306 2277 5361 curiose
2307 5307 2532 5361 scrutari
2584 5323 2680 5363 cur
2726 5309 2816 5363 ille
2860 5308 3009 5365 dives
3035 5353 3050 5376 ,
3100 5311 3187 5365 ille
3214 5328 3431 5383 pauper.

1855 5401 1993 5458 Sane
2023 5399 2240 5470 quidem
2268 5416 2373 5454 non
2403 5398 2597 5470 singuli
2631 5415 2659 5453 a
2695 5400 2802 5456 Deo
2830 5402 3045 5456 divitias
3086 5403 3310 5469 habent,
3344 5405 3436 5457 Sa-d

1854 5492 2006 5549 multi
2027 5508 2093 5547 ex
2127 5492 2409 5561 iniustitia,
2428 5506 2494 5547 ex
2523 5496 2707 5563 rapina
2731 5503 2785 5548 et
2810 5508 2877 5550 es
2903 5496 3145 5551 avaritia.
3172 5496 3273 5562 Qui
3294 5497 3436 5551 enim

1849 5585 2010 5658 jussit
2040 5600 2144 5639 non
2170 5584 2351 5650 di'ari,
2375 5585 2646 5654 quomodo
2672 5585 2910 5641 dedisset
2931 5602 3017 5655 ea,
3053 5604 3172 5658 qua:
3194 5588 3440 5659 accipere

1858 5677 2146 5749 prohibet?
2171 5676 2243 5733 Ut
2283 5687 2464 5732 autem
2502 5676 2734 5732 validius
2762 5678 3035 5733 confutem
3067 5693 3193 5746 eos,
3221 5682 3309 5750 qui
3337 5678 3444 5732 hac
3530 5746 3533 5751 ι

1864 5771 1917 5828 in
1947 5786 2007 5826 re
2039 5767 2414 5827 contradicunt
2456 5769 2649 5839 nobis;
2685 5783 3116 5841 age,sermonem
3144 5769 3303 5829 altius
3343 5770 3446 5827 du.

3004 5876 3080 5939 16
