3826 6216
272 228 379 283 287

273 354 477 406 ramus,
506 340 574 394 ab
599 354 666 395 eo
683 348 927 412 tempore
947 352 1055 411 quo
1077 337 1218 394 Deus
1242 336 1460 394 divitias
1478 337 1731 409 elargitus
1753 347 1854 403 est,

274 431 618 501 et'reSponde
643 429 774 485 tnihi
799 448 813 484 :
839 429 1017 499 Quare
1043 428 1195 485 dives
1225 438 1341 486 erat
1368 428 1665 494 Abraham.
1697 427 1865 485 Jaeob

275 535 452 581 autem
485 526 647 581 etiam
672 540 817 596 pane
846 523 1083 595 egebat?
1109 538 1288 578 annon
1333 522 1581 579 similiter
1618 532 1673 577 et
1701 520 1790 577 hic
1813 528 1867 577 et

276 619 367 673 ille
394 618 569 689 justus
590 618 749 672 erat?
775 632 957 672 annon
978 617 1228 671 similiter
1251 615 1318 670 de
1346 616 1515 670 tribus
1546 614 1679 671 dixit
1709 633 1723 671 :
1757 614 1866 685 Ego

281 713 420 767 Deus
458 710 717 766 Abraham
757 720 803 765 et
847 708 998 765 Isaac
1032 718 1078 764 et
1112 708 1275 762 Iacob
1305 707 1324 781 (
1344 707 1512 763 Exod.
1548 709 1602 763 5.
1633 707 1743 777 6)?
1770 723 1866 760 cur

277 820 408 876 ergo
439 805 527 859 illc
554 804 708 859 dives
733 812 867 868 erat,
898 802 986 858 hic
1011 801 1258 858 mercede
1283 800 1727 856 conducebatur?
1756 799 1865 854 imo

278 900 477 965 potius,
509 895 785 952 Cur‘Esan
819 896 1031 967 iniquus
1051 909 1173 950 eum
1196 904 1338 949 esset
1362 903 1414 948 et
1442 892 1711 948 fratricida
1739 933 1753 956 ,
1783 891 1865 947 di-

277 1006 372 1046 ves
398 999 550 1053 erat,
594 990 679 1045 hic
706 1004 833 1044 vero
864 989 916 1043 in
957 989 1212 1043 servitute
1242 995 1390 1041 tanto
1439 995 1681 1057 tempore
1722 983 1864 1039 fuit?

278 1097 376 1137 cur
400 1082 759 1137 rttrsns’tsaac
792 1080 1073 1150 tranquille
1105 1087 1250 1133 tanto
1291 1086 1529 1147 tempore
1560 1078 1731 1142 vixit,
1774 1075 1866 1130 Ja-

277 1172 379 1228 cob
408 1182 582 1227 autem
613 1172 663 1225 in
689 1170 963 1227 laboribus
992 1180 1044 1225 et
1076 1170 1347 1224 miseriis?
1376 1168 1601 1238 ideoque
1627 1168 1859 1232 dicebat,

280 1265 444 1319 Pauci
484 1275 530 1319 et
560 1264 685 1318 mali
718 1265 825 1319 dies
864 1265 959 1318 mei
994 1262 1147 1337 (Gen.
1181 1264 1269 1318 47.
1304 1262 1383 1333 9).
1412 1262 1521 1316 Cur
1570 1260 1729 1315 David
1771 1261 1861 1330 qui

282 1356 540 1426 propheta
565 1365 619 1411 et
648 1371 741 1411 rex
777 1354 905 1418 fuit,
932 1364 1098 1408 totum
1130 1354 1249 1407 vitae
1276 1362 1483 1422 tempus
1505 1352 1557 1406 in
1591 1352 1862 1406 laboribus

282 1448 541 1519 transegit
564 1464 578 1512 ;
611 1448 865 1502 Salomon
892 1457 1072 1500 autem
1101 1445 1241 1500 ﬁlius
1262 1445 1376 1515 ejus
1401 1460 1494 1513 per
1516 1443 1861 1513 quadraginta

282 1555 452 1595 annos
482 1540 724 1595 securius
768 1554 924 1609 quam
956 1536 1179 1608 quilibet
1223 1537 1497 1591 hominum
1528 1537 1661 1589 vixit
1688 1579 1701 1601 ,
1733 1550 1861 1606 pro-

283 1630 444 1686 funda
474 1631 659 1686 fruens
692 1646 818 1700 pace
841 1671 856 1696 ,
889 1644 1049 1685 omne
1074 1644 1244 1700 genus
1268 1629 1449 1698 gloria!
1475 1671 1489 1694 ,
1545 1628 1763 1683 honoris
1810 1637 1862 1682 et

282 1725 572 1795 voluptatis
598 1723 867 1794 adeptus?
899 1739 996 1778 cur
1039 1724 1090 1777 in
1136 1722 1413 1792 prophetis
1463 1722 1600 1777 alius
1652 1722 1859 1792 magis,

277 1818 413 1873 alius
440 1818 616 1873 minus
656 1814 1036 1889 afﬂigebatur?
1064 1815 1327 1884 Quoniam
1350 1815 1427 1870 sic
1458 1814 1739 1885 unicuique
1766 1830 1864 1871 ex-

275 1911 542 1982 pediebat.

347 2002 445 2058 Dei
466 2004 776 2075 dispensatio
789 2019 890 2057 non
905 2002 1053 2057 nimis
1069 2001 1406 2057 examinanda
1420 1999 1862 2070 .-—Quamobrcm

278 2094 419 2149 circa
446 2095 684 2164 singulos
704 2094 991 2150 dicendum
1012 2102 1115 2161 est,
1132 2092 1341 2148 Iudicia
1366 2104 1450 2147 tua
1479 2093 1686 2164 abyssus
1704 2093 1864 2146 multa

280 2180 472 2253 (Psal.
509 2185 597 2241 35.
628 2185 723 2253 7).
752 2183 886 2239 Nam
929 2186 974 2240 si
1016 2200 1238 2257 magnos
1270 2186 1391 2240 illos
1425 2195 1482 2239 et
1510 2184 1863 2240 admirabiles

282 2277 429 2332 viros
458 2292 562 2332 non
587 2278 832 2334 similiter
860 2280 1144 2334 exercebat
1172 2279 1331 2341 Deus.
1356 2279 1449 2334 sed
1482 2278 1623 2334 hunc
1648 2279 1864 2350 quidem

284 2386 381 2441 per
409 2381 805 2441 paupertatem,
832 2375 995 2429 alium
1028 2378 1125 2444 per
1143 2372 1390 2440 divitias;
1423 2374 1565 2431 lnmc
1591 2391 1688 2444 per
1717 2385 1865 2431 tran-

281 2464 599 2533 quillilatem
622 2506 637 2531 ,
680 2466 827 2520 illum
857 2481 951 2536 per
974 2481 1241 2521 aerumnas
1273 2486 1285 2521 :
1315 2469 1485 2521 multo
1527 2467 1694 2537 magis
1719 2482 1865 2523 nunc

280 2557 385 2611 hoc
414 2566 628 2628 Oportet
656 2558 1097 2629 cogitare.'Cum'
1122 2558 1225 2614 hoc
1260 2569 1438 2615 autem
1484 2559 1614 2613 illud
1654 2575 1866 2631 quoque

281 2664 464 2705 secum
489 2661 738 2722 reputare
765 2660 997 2722 Oportet,
1024 2666 1217 2722 nempe
1243 2650 1405 2706 multa
1436 2667 1501 2706 ex
1536 2651 1601 2706 iis
1627 2667 1746 2722 quae
1776 2666 1868 2707 ac-

281 2745 467 2800 cidunt
494 2761 598 2800 non
626 2761 690 2801 ex
720 2746 863 2801 illius
889 2745 1153 2801 sententia
1181 2744 1296 2801 ﬁeri
1322 2787 1337 2813 ,
1369 2744 1464 2801 sed
1497 2760 1594 2815 per
1624 2755 1862 2799 nostram

283 2837 576 2909 nequitiam
605 2839 843 2894 evenire.
862 2838 938 2894 Ne
961 2839 1137 2910 itaque
1164 2838 1332 2903 dicas,
1355 2838 1462 2894 Cur
1484 2837 1571 2894 hic
1590 2838 1738 2893 dives
1756 2846 1860 2905 est,

282 2944 406 2985 cum
437 2945 666 3001 nequam
695 2931 796 2996 sit;
830 2930 921 2987 ille
947 2947 1077 2987 vero
1120 2946 1321 3001 pauper
1353 2971 1367 2996 ,
1395 2946 1513 2986 cum
1544 2931 1615 2986 sit
1639 2930 1863 3001 justus?

282 3022 484 3079 llorum
511 3024 708 3095 quippe
734 3023 1000 3083 rationem
1026 3023 1156 3079 dare
1184 3024 1309 3081 licet
1338 3067 1353 3091 ,
1386 3039 1450 3080 ac
1477 3025 1656 3080 dicere
1683 3042 1695 3077 :
1724 3024 1859 3093 Quia

278 3116 643 3189 nequejnstus
668 3132 698 3172 a
727 3126 1038 3189 paupertate
1069 3118 1298 3185 larditur,
1328 3118 1436 3173 imo
1464 3118 1720 3189 majorem
1747 3117 1863 3173 cla-

280 3208 453 3265 ritatis
493 3208 654 3265 habet
692 3209 1097 3275 accessionem;
1141 3219 1196 3264 et
1228 3209 1501 3279 improbus
1532 3209 1692 3263 habet
1729 3207 1864 3262 divi-

281 3303 384 3357 tias
412 3302 655 3372 supplicii
687 3302 957 3366 viaticum,
984 3302 1085 3355 nisi
1112 3310 1489 3356 convertatur:
1514 3311 1674 3371 atque
1698 3300 1859 3357 etiam

282 3404 408 3451 ante
454 3395 772 3465 supplicium
820 3394 1018 3450 divitia:
1069 3394 1142 3448 illi
1200 3394 1460 3449 malorum
1505 3394 1863 3463 complurium

279 3504 441 3543 causa
472 3488 640 3554 fuere,
673 3489 798 3543 etin
829 3489 977 3543 mille
1002 3487 1251 3543 barathra
1275 3487 1572 3543 deduxere.
1602 3488 1742 3543 Deus
1769 3503 1866 3542 au-

282 3591 391 3637 tem
416 3579 467 3636 id
490 3582 573 3652 agi
601 3581 762 3646 sinit,
797 3580 958 3635 simul
989 3580 1216 3635 liberum
1248 3580 1530 3635 arbitrium
1576 3580 1865 3635 voluntatis

281 3672 595 3739 ostendens,
628 3673 844 3753 et.alios
868 3673 1067 3727 docens
1112 3689 1179 3728 ne
1225 3672 1395 3727 insani
1438 3681 1491 3729 et
1529 3671 1767 3729 furentes
1794 3672 1863 3728 ad

284 3758 537 3835 pecunias
558 3764 823 3820 “ferantur.
848 3764 1003 3832 Quid
1041 3779 1170 3836 ergo
1196 3806 1211 3831 ,
1258 3764 1467 3835 inquies
1499 3805 1514 3829 ,
1542 3779 1662 3821 cum
1690 3764 1864 3820 malus

284 3858 548 3929 quispiam
592 3856 742 3914 dives
779 3857 909 3913 nihil
955 3858 1078 3913 mali
1134 3858 1380 3928 patitur?
1411 3874 1531 3913 nam
1570 3858 1615 3912 si
1663 3860 1862 3929 probus

282 3966 403 4005 cum
428 3952 531 4015 sit,
558 3949 709 4005 dives
737 3959 819 4005 est
839 3992 854 4017 ,
873 3950 995 4020 jure
1021 3950 1246 4015 merito;
1279 3950 1360 4005 sin
1392 3951 1562 4005 malus
1587 3950 1658 4005 sit
1686 3992 1700 4015 ,
1735 3950 1862 4021 quid

283 4043 569 4097 dicemus?
598 4042 750 4112 Quod
777 4044 840 4098 sit
860 4043 1019 4111 etiam
1042 4042 1145 4097 hac
1169 4042 1373 4097 ratione
1395 4042 1715 4100 miserabilis
1743 4060 1756 4095 :
1782 4043 1863 4097 di.

284 4137 426 4189 vitia:
457 4135 598 4191 enim
628 4135 693 4190 ad
726 4136 1014 4208 nequitiam
1036 4135 1300 4206 adjuncta:
1318 4135 1523 4190 malum
1549 4143 1859 4206 aggravant.

281 4227 385 4284 Sed
431 4227 601 4284 bonus
640 4238 720 4284 est
743 4269 760 4296 ,
789 4239 845 4283 et
892 4236 1069 4283 tamen
1118 4227 1354 4297 pauper?
1374 4228 1439 4281 At
1469 4227 1603 4283 nihil
1632 4226 1858 4283 laeditur.

280 4320 385 4375 Sed
408 4320 581 4375 malus
605 4330 683 4376 est
713 4328 767 4375 et
798 4334 1001 4391 pauper
1027 4320 1051 4374 ?
1085 4318 1225 4390 Ergo
1249 4320 1396 4389 juste
1418 4328 1473 4374 et
1501 4335 1596 4391 pro
1622 4321 1815 4376 merito
1843 4361 1859 4387 ,

282 4413 392 4469 imo
428 4420 484 4468 et
519 4411 584 4468 ad
614 4413 896 4469 utilitatem
933 4427 1107 4467 suam.
1147 4411 1343 4467 Verum
1383 4412 1474 4467 ille
1500 4453 1516 4477 ,
1546 4412 1754 4483 inquies
1782 4453 1801 4479 ,
1832 4428 1863 4466 a

282 4507 573 4576 majoribus
599 4505 814 4560 divitias
844 4505 1073 4575 accepit,
1096 4514 1153 4558 et
1179 4503 1437 4575 dispergit
1458 4504 1576 4559 illas
1606 4503 1862 4558 meretri-

282 4598 433 4651 cibus
457 4608 509 4653 et
541 4597 811 4666 parasitis,
844 4596 1086 4667 nihilque
1112 4595 1237 4650 mali
1266 4595 1484 4665 patitur.
1516 4594 1650 4662 Quid
1678 4594 1813 4650 dicis
1841 4594 1864 4649 Ἰ

282 4687 574 4744 forniCaInr
602 4700 650 4745 et
680 4689 810 4744 nihil
859 4689 983 4742 mali
1016 4689 1217 4759 patitur
1245 4689 1268 4741 ?
1298 4688 1593 4743 inebriatur
1624 4696 1678 4743 et
1708 4696 1864 4757 putas

284 4781 455 4848 ipsmn
487 4780 724 4835 deliciari
746 4781 771 4835 ?
792 4780 856 4835 ad
885 4781 1014 4835 nihil
1037 4781 1290 4836 decorum
1315 4780 1567 4849 pecunias
1587 4779 1863 4850 expendit;

280 4883 335 4928 et
364 4885 517 4945 putas
550 4874 718 4943 ipsum
748 4876 1086 4930 :cmulatione
1113 4874 1374 4945 dignum?
1397 4883 1451 4928 et
1475 4872 1603 4943 quid
1631 4873 1867 4927 deterius

282 4966 377 5022 illo
406 4966 586 5032 fuerit,
612 4965 701 5036 qui
728 4968 917 5021 anima:
944 4983 1053 5020 suae
1080 4967 1300 5021 exitium
1328 4964 1527 5020 atl'ert?
1554 4963 1631 5018 Tu
1653 4963 1863 5027 vero,«si

284 5073 408 5114 eum
431 5057 689 5113 membris
709 5066 1009 5112 contortum
1030 5065 1086 5111 et
1114 5054 1356 5112 mutilum
1386 5055 1616 5119 videres,
1647 5054 1867 5110 inﬁnitis

289 5152 437 5207 illum
491 5149 739 5222 lacrymis
785 5149 1000 5219 dignum
1045 5163 1165 5203 esse
1208 5162 1500 5212 censeres;
1533 5162 1654 5201 cum
1686 5156 1864 5200 autem

285 5245 519 5299 animam
549 5242 667 5313 ejus
697 5250 863 5296 totam
889 5241 1126 5294 mutilam
1159 5240 1327 5305 vides,
1354 5240 1564 5295 beatum
1592 5238 1740 5293 illum
1773 5252 1867 5292 ex-

285 5337 535 5394 istimas?
566 5339 634 5392 At
664 5351 770 5391 non
795 5336 956 5391 sentit
979 5375 994 5399 ,
1027 5335 1254 5404 inquies.
1284 5334 1350 5387 Et
1372 5333 1492 5388 ideo
1520 5332 1866 5388 commisera-

284 5430 432 5486 tione
477 5429 669 5500 dignus
697 5437 780 5483 est
812 5470 827 5495 ,
859 5437 916 5482 ut
944 5426 1032 5497 qui
1067 5424 1355 5480 insaniunt.
1392 5423 1523 5478 Nam
1560 5425 1649 5494 qui
1677 5423 1777 5478 scit
1806 5438 1865 5478 se

282 5532 548 5593 :egrotare
577 5564 591 5587 ,
632 5520 897 5576 medicmn
942 5534 1162 5590 prorsus
1193 5517 1427 5586 requiret
1450 5555 1467 5580 ,
1494 5523 1548 5569 et
1580 5515 1864 5585 pharmaca

284 5616 385 5670 sibi
413 5614 525 5670 dari
552 5623 779 5685 patietur
809 5630 822 5679 ;
853 5612 939 5685 qui
970 5626 1097 5667 vero
1139 5610 1383 5679 ignorat,
1417 5622 1704 5676 numquam
1737 5606 1864 5661 libe-

282 5706 389 5764 rari
427 5706 639 5781 poterit.
688 5704 961 5761 llunccine
987 5745 1002 5772 ,
1053 5715 1233 5774 quaeso
1260 5742 1277 5771 ,
1328 5701 1538 5756 beatum
1566 5698 1867 5777 praedicas?

1041 220 1097 280 S.
1137 219 1415 279 JOANNIS
1438 218 1910 278 CllRYSOSTOMl
1950 220 2267 281 ARCIMEP.
2307 222 2836 286 GONS'I’ANTINOP.

3460 233 3572 287 256

1977 338 2082 395 Sed
2115 342 2244 396 nihil
2286 342 2476 398 mirum
2508 362 2520 398 :
2551 355 2678 401 sunt
2703 347 2847 401 enim
2877 348 3182 418 complures
3202 348 3573 419 pltilOSOphize

1974 431 2226 504 imperiti.
2261 434 2385 491 Ideo
2413 446 2680 494 extremas
2704 439 2892 495 damus
2917 456 3105 511 poenas
3126 483 3141 506 ,
3170 450 3231 497 ut
3253 443 3342 512 qui
3366 443 3572 512 puniao

1972 541 2219 583 muruec
2246 528 2538 584 liberemur
2564 548 2594 586 a
2626 533 2890 602 supplicio
2916 551 2929 586 :
2972 533 3095 589 ideo
3119 533 3211 589 ira:
3242 577 3259 598 ,
3293 547 3572 590 maerores

1972 628 2027 675 ct
2053 621 2481 688 perturbationes
2503 622 2812 693 frequentes
2832 642 2847 691 ;
2866 626 2994 695 quia
3017 642 3139 681 cum
3170 626 3335 682 vitam
3363 626 3566 681 dolore

1977 721 2193 765 vacuam
2222 712 2375 766 nobis
2406 714 2655 769 ostendat
2684 715 2822 769 Deus
2843 757 2859 781 ,
2893 716 3041 770 viam
3060 732 3259 787 nempe
3285 717 3353 771 ad
3386 718 3571 771 virtu-

1975 809 2103 869 tem,
2118 804 2347 872 nos,illa
2369 806 2578 873 relicta,
2605 808 2768 863 aliam
2798 809 2935 863 viam
2966 809 3318 879 ingredimur,
3342 811 3576 865 divitia-

1973 909 2090 949 rutn
2117 911 2309 963 nempe
2330 906 2384 953 et
2408 900 2665 967 pecuniae,
2699 900 2998 957 innumeris
3028 903 3237 971 plenam
3271 906 3437 959 malis
3472 921 3490 956 :
3520 911 3583 957 et

1972 1002 2079 1042 non
2134 1001 2291 1044 secus
2342 990 2691 1057 facimus,ac
2742 994 2786 1047 si
2832 994 2953 1063 quis
2998 1010 3281 1064 corporum
3330 996 3581 1050 formam

1971 1079 2278 1137 discernere
2301 1098 2406 1137 non
2434 1083 2641 1150 valens,
2672 1086 2763 1140 sed
2795 1096 2963 1143 totum
2993 1090 3233 1144 tribuens
3258 1091 3583 1144 vestimen-

1972 1174 2039 1227 tis
2077 1182 2132 1229 et
2162 1174 2544 1245 circumposito
2590 1178 2799 1232 ornatui
2831 1221 2846 1243 ,
2882 1178 3168 1234 formosam
3222 1182 3531 1237 mulierem
3562 1220 3582 1242 .

1970 1266 2195 1320 naturali
2227 1266 2619 1335 pulchritudine
2661 1270 2941 1340 przeditam
2986 1272 3171 1327 videns
3201 1274 3529 1342 przeteriret
3562 1312 3582 1335 .

1973 1366 2177 1426 turpem
2201 1368 2379 1413 autem
2400 1400 2414 1424 ,
2447 1358 2743 1415 deformem
2774 1372 2828 1417 et
2855 1377 3085 1433 corpore
3114 1364 3353 1419 mutilam
3386 1406 3405 1429 .
3450 1364 3585 1432 pul-

1970 1447 2388 1502 chris-ornatam
2410 1450 2663 1505 vestibus
2692 1453 2959 1520 aspiciens
2988 1493 3003 1518 ,
3036 1470 3254 1509 uxorem
3301 1455 3575 1509 duceret.

1972 1537 2101 1592 Tale
2149 1539 2419 1608 quidpiam
2469 1557 2611 1596 nunc
2664 1542 2803 1597 circa
2858 1544 3105 1598 virtutem
3161 1556 3214 1599 ct
3258 1548 3577 1616 nequitiam

1971 1628 2118 1682 ntulti
2152 1629 2423 1698 patiuntur
2454 1650 2465 1681 :
2498 1643 2703 1700 turpem
2753 1635 2893 1689 illam
2924 1635 3182 1691 adeuntes
3214 1647 3437 1706 prOpter
3474 1653 3581 1691 ex—

1972 1720 2223 1774 teriorem
2248 1731 2515 1787 ornatum,
2544 1723 2832 1780 formosam
2865 1737 3043 1781 autem
3075 1738 3127 1782 et
3160 1729 3445 1795 pulchram
3478 1745 3576 1783 re-

1972 1821 2227 1880 spuentes
2266 1824 2485 1884 propter
2525 1817 2723 1871 nudam
2755 1818 2900 1872 illius
2939 1820 3383 1887 pulchritudinem
3414 1863 3437 1886 ,
3493 1823 3576 1876 ob

1971 1917 2129 1971 quam
2161 1904 2327 1973 ipsam
2360 1905 2589 1962 maxime
2618 1906 2776 1979 deligi
2798 1911 3101 1974 Oportebat.

2041 1996 2095 2050 6.
2127 1995 2331 2052 Divitiw
2353 1999 2729 2069 ﬂuxa—Meo
2745 2018 2832 2056 me
2860 2003 3019 2072 pudet
3042 2045 3058 2068 ,
3088 2004 3227 2073 quod
3253 2020 3372 2059 cum
3399 2005 3569 2075 apud

1971 2088 2186 2145 Graecos
2218 2091 2336 2146 illos
2363 2093 2581 2149 insanos
2600 2095 2815 2165 quidam
2834 2096 2939 2149 sint
2956 2096 3046 2167 qui
3072 2098 3149 2153 sic
3172 2094 3580 2169 philOSOplian-

1973 2190 2059 2236 tur
2083 2222 2098 2247 ,
2142 2181 2353 2239 etiamsi
2382 2199 2491 2239 non
2522 2200 2581 2240 re
2606 2228 2620 2251 ,
2670 2194 2903 2241 attamen
2931 2191 3195 2243 sententia
3226 2232 3241 2253 ,
3271 2201 3323 2245 et
3350 2190 3573 2245 nux-am

1971 2289 2155 2330 rerum
2202 2278 2546 2347 praesentium
2588 2279 2949 2337 conditionem
3003 2292 3236 2346 norunt;
3267 2286 3405 2353 apud
3459 2302 3575 2337 llus

1970 2368 2186 2438 quidam
2228 2386 2293 2426 ne
2346 2371 2432 2426 illa
2487 2371 2701 2443 quidem
2750 2373 2968 2439 norint,
3021 2376 3115 2429 sed
3160 2385 3213 2429 et
3250 2377 3419 2445 ipsum
3473 2377 3577 2445 ju-

1970 2459 2168 2515 dicium
2193 2474 2506 2533 corruptum
2536 2464 2767 2520 habeant
2792 2484 2805 2519 :
2831 2481 2951 2520 cum
2981 2465 3095 2521 haec
3117 2468 3293 2521 omnia
3313 2480 3419 2521 tam
3445 2471 3575 2523 fre-

1970 2561 2195 2622 quenter
2225 2552 2499 2625 Scriptura
2536 2555 2652 2611 haec
2692 2556 2846 2611 nobis
2880 2557 3129 2613 decantet
3171 2568 3226 2615 ct
3264 2559 3445 2615 dicat:
3484 2563 3573 2613 Aa

1969 2643 2185 2697 nihilum
2220 2643 2468 2701 deductus
2514 2656 2587 2702 est
2624 2648 2675 2702 in
2705 2659 2972 2719 conspectu
3012 2652 3121 2719 eius
3159 2652 3411 2722 malignus
3440 2695 3459 2711 .
3502 2655 3578 2705 ti-

1970 2743 2159 2788 mentes
2186 2746 2353 2789 autent
2381 2736 2633 2794 Dominus
2661 2739 2914 2810 gloriﬁcat
2944 2740 3117 2812 (Psal.
3144 2742 3230 2797 14.
3263 2745 3340 2813 4).
3380 2743 3577 2797 Timor

1970 2823 2180 2879 Domini
2209 2828 2379 2881 omnia
2398 2831 2653 2899 superavit
2678 2830 2863 2902 (Eccli.
2888 2832 2981 2887 ‘25.
3011 2832 3123 2902 14).
3148 2832 3310 2887 Deum
3334 2836 3481 2897 timc,
3519 2847 3577 2889 et

1972 2920 2213 2973 mandata
2237 2922 2346 2990 ejus
2367 2923 2563 2977 custodi
2592 2939 2611 2978 :
2641 2925 2735 2978 ltoc
2749 2934 2823 2980 est
2845 2927 2977 2980 enim
2998 2928 3161 2982 omnis
3178 2928 3323 2982 homo
3350 2928 3573 3001 (Eccle.

1972 3011 2059 3066 19..
2091 3014 2205 3083 15).
2235 3013 2364 3067 Noli
2383 3015 2613 3069 inmutari
2630 3017 2682 3070 in
2710 3018 3125 3089 malignantibus.
3163 3017 3246 3073 Ne
3278 3022 3518 3075 timueris
3552 3065 3572 3088 ,

1944 3121 2085 3159 cum
2114 3106 2250 3161 dives
2272 3107 2436 3176 [actus
2467 3110 2618 3180 fuerit
2647 3110 2797 3164 homo
2839 3110 2857 3180 (
2888 3109 3035 3165 Psal.
3066 3111 3157 3166 ιδ.
3191 3112 3255 3166 17
3281 3115 3322 3182 ).
3373 3112 3574 3167 Omnis

1972 3214 2091 3253 caro
2120 3204 2311 3271 {canum
2344 3241 2358 3265 ,
2388 3211 2432 3253 et
2455 3202 2618 3255 omnis
2654 3202 2819 3274 gloria
2863 3202 3082 3256 hominis
3121 3205 3281 3273 quasi
3301 3205 3399 3274 ﬂos
3432 3208 3575 3275 [ωηὶ

1972 3290 2125 3360 (Isai.
2155 3293 2244 3347 40.
2270 3293 2357 3364 6).
2382 3293 2507 3348 [hec
2533 3294 2677 3349 enim
2722 3306 2772 3350 et
2812 3296 2933 3350 talia
2960 3296 3196 3366 quotidie
3228 3298 3515 3353 audientes
3544 3342 3566 3363 ,

1971 3383 2146 3438 adhuc
2172 3393 2327 3439 terra:
2356 3384 2642 3455 afﬁgimur.
2675 3386 2739 3440 Et
2779 3388 3229 3457 quemadmodum
3266 3391 3411 3459 pueri
3454 3392 3568 3443 im-

1972 3475 2127 3545 periti
2156 3474 2467 3545 t'requenter
2490 3476 2750 3532 elementa
2775 3478 3065 3545 discentes,
3089 3481 3303 3550 quando
3324 3483 3567 3550 Sparsim

1972 3566 2183 3623 illorum
2208 3567 2340 3623 ordo
2360 3569 2715 3633 examinator,
2749 3570 2851 3623 alia
2868 3586 2980 3641 pro
3005 3571 3122 3625 aliis
3145 3572 3384 3627 dicentes
3412 3574 3566 3627 inul-

1971 3667 2081 3714 ttnn
2112 3660 2347 3715 excitant
2389 3662 2555 3715 risum
2585 3680 2597 3716 :
2631 3662 2709 3716 sic
2738 3671 2789 3717 et
2821 3677 2917 3717 vos
2937 3704 2951 3729 ,
2984 3663 3197 3733 quando
3230 3664 3317 3717 illa
3347 3664 3432 3718 hic
3459 3680 3564 3717 or-

1970 3749 2095 3806 dine
2141 3767 2484 3806 numeramus
2515 3794 2531 3820 ,
2565 3762 2849 3822 utcumque
2905 3754 3296 3823 asscquimini;
3341 3756 3566 3826 quando

1970 3852 2147 3897 autem
2189 3857 2284 3897 vos
2315 3841 2447 3898 foris
2488 3845 2714 3912 sparsim
2763 3844 3153 3915 interrogamus
3178 3888 3191 3910 ,
3218 3863 3341 3917 qua:
3383 3848 3563 3917 prima

1971 3933 2098 4000 sint,
2120 3950 2237 4006 qua:
2263 3933 2493 3990 secunda
2513 3936 2762 3989 harumce
2792 3952 2967 3990 rerum
2996 3936 3261 3992 collocare
3281 3948 3556 4006 oporteat,

1968 4035 2025 4081 et
2086 4042 2329 4097 quamam
2368 4034 2511 4097 “post
2558 4026 2658 4080 alia
2716 4027 3007 4092 locantur;
3053 4044 3174 4082 cum
3227 4029 3409 4085 dicere
3458 4045 3562 4086 ne-

1969 4119 2174 4185 sciatis,
2210 4118 2418 4175 ridiculi
2447 4118 2598 4174 estis.
2632 4121 2846 4186 Annon,
2890 4137 3107 4189 quzeso,
3136 4123 3302 4177 multo
3331 4126 3443 4177 risu
3470 4124 3562 4178 die

1971 4226 2132 4283 gnum
2160 4220 2242 4266 est
2269 4251 2284 4278 ,
2320 4211 2461 4282 quod
2492 4227 2613 4267 cum
2644 4212 3098 4268 immortalitatem
3127 4226 3505 4285 exspectemus
3537 4258 3557 4279 ,

1970 4314 2026 4361 et
2063 4304 2203 4360 bona
2232 4346 2247 4373 ,
2278 4320 2397 4376 quae
2426 4320 2525 4360 nec
2549 4305 2735 4361 oculus
2766 4306 2897 4360 vidit
2922 4322 3021 4361 nec
3048 4307 3191 4361 auris
3211 4308 3416 4363 audivit
3453 4324 3562 4364 nec

1972 4397 2025 4451 in
2068 4411 2163 4452 cor
2220 4398 2449 4452 hominis
2508 4396 2916 4463 ascenderunt,
2959 4398 3029 4453 de
3076 4401 3234 4454 rebus
3278 4415 3404 4473 qua:
3465 4398 3558 4455 hic

1972 4500 2191 4547 manent
2220 4489 2610 4546 contendamus
2636 4531 2651 4557 ,
2676 4500 2730 4544 et
2760 4490 2872 4561 ipsa
2902 4492 3245 4546 :emulatione
3269 4491 3428 4562 digna
3460 4507 3561 4548 ex-

1973 4581 2312 4639 istimemus?
2338 4581 2469 4635 Nam
2499 4582 2541 4636 si
2573 4580 2747 4636 adhuc
2793 4582 2907 4637 haec
2943 4597 3080 4652 Opus
3106 4582 3272 4638 habes
3297 4583 3511 4640 discere
3534 4628 3553 4652 ,

1970 4672 2117 4743 quod
2139 4671 2339 4727 divitia:
2369 4672 2501 4726 nihil
2525 4687 2775 4743 magnum
2805 4673 2913 4727 sint
2932 4712 2946 4735 ,
2971 4671 3113 4741 quod
3143 4688 3231 4728 res
3262 4685 3555 4744 praesentes

1970 4764 2078 4819 sint
2103 4762 2290 4817 umbra
2319 4770 2373 4817 et
2396 4763 2661 4816 somnium
2691 4803 2706 4830 ,
2735 4762 2877 4833 quod
2903 4761 3035 4816 futui
3066 4764 3233 4817 instar
3258 4764 3556 4820 dissolvan-

1976 4864 2061 4911 tur
2085 4865 2139 4910 et
2158 4855 2373 4910 avolent
2398 4871 2411 4920 ;
2441 4853 2541 4909 ista
2570 4854 2785 4910 interim
2807 4864 2958 4909 extra
2986 4854 3166 4926 adyta,
3197 4858 3247 4909 in
3278 4858 3555 4912 vestibulis

1973 4964 2167 5004 mane:
2200 4949 2435 5003 nondum
2465 4949 2608 5003 enim
2643 4949 2885 5019 ingressu
2929 4947 2997 5003 ad
3038 4964 3323 5017 supernam
3354 4953 3549 5020 regiam

1972 5044 2163 5115 dignus
2184 5059 2262 5099 es.
2287 5043 2343 5099 Si
2366 5044 2507 5100 enim
2536 5054 2778 5100 naturam
2802 5060 2989 5100 eorum
3016 5045 3324 5101 instabilem
3354 5058 3411 5103 et
3438 5064 3555 5118 per-

1974 5146 2135 5192 netuo
2174 5135 2429 5191 ﬂuentem
2477 5135 2788 5191 discernere
2825 5137 3000 5191 nescis
3030 5177 3045 5200 ,
3086 5138 3426 5207 quandonam
3468 5141 3550 5193 illa

1978 5227 2252 5296 despicere
2294 5226 2496 5296 poteris
2523 5227 2546 5280 ?
2587 5228 2632 5282 si
2663 5236 2714 5281 te
2736 5227 2874 5281 scire
2902 5227 3050 5282 dicas
3081 5270 3095 5293 ,
3129 5228 3317 5284 desine
3343 5230 3549 5285 eurinse

1973 5320 2199 5375 scrutari
2227 5328 2281 5375 et
2308 5319 2579 5389 inquirere
2606 5359 2619 5385 ,
2650 5334 2746 5373 cur
2770 5319 2861 5375 ille
2887 5318 2957 5373 sit
2986 5319 3134 5374 dives
3163 5360 3180 5385 ,
3216 5335 3315 5374 cur
3355 5319 3439 5375 hic
3486 5324 3549 5373 sit

1975 5429 2192 5486 pauper.
2230 5412 2459 5468 Perinde
2492 5413 2633 5466 enim
2666 5411 2798 5466 facis
2827 5413 2941 5466 hzec
2985 5412 3323 5483 interrogans
3351 5452 3367 5475 ,
3396 5422 3546 5481 atque

1974 5509 2018 5563 si
2048 5506 2369 5562 circumiens
2395 5520 2612 5575 rogares
2645 5547 2658 5570 ,
2696 5520 2794 5558 cur
2823 5504 3106 5559 ille'albus
3146 5512 3201 5558 et
3246 5504 3337 5558 ille
3366 5505 3542 5573 niger;

1977 5600 2067 5655 ille
2092 5598 2331 5668 'aquilino
2360 5612 2510 5663 naso,
2542 5595 2631 5653 ille
2651 5594 2839 5651 sinms.
2865 5595 3015 5652 Sicut
3039 5595 3183 5651 enim
3204 5596 3293 5651 illa
3325 5595 3450 5651 nihil
3476 5592 3539 5647 ad

1980 5690 2097 5763 nos,
2126 5707 2193 5747 an
2227 5691 2353 5758 isto,
2382 5706 2449 5745 au
2474 5691 2565 5746 illo
2587 5687 2749 5746 modo
2774 5704 2830 5746 se
2853 5688 3115 5746 habeant:
3137 5688 3407 5762 sicneque
3427 5696 3539 5740 esse
