3826 6216
244 269 329 330 ΞΠ
401 281 412 293 ’
1205 283 1269 337 IN
1304 278 1522 337 EPIST.
1565 275 1701 333 IAD
1739 272 1898 330 COB.
1939 273 2173 331 HOMIL.
2206 276 2395 332 XXIX.

236 399 461 465 λέγοντας
486 397 639 467 ήμῖν,
684 398 815 471 φέρε
855 399 1109 471 ἀνωτέρω
1134 400 1223 454 τὸν
1267 401 1427 470 λόγον
1455 399 1775 469 ἀγάγωμεν,

237 480 373 550 ἡνίκα
399 479 546 549 παρά
574 479 668 533 τοῦ
697 481 827 534 Θεοῦ
862 485 888 536 6
918 484 1147 547 πλοῦτος
1168 483 1391 549 ἐδίδοτο,
1416 483 1513 537 καὶ
1540 480 1771 547 ἀπόκριο

235 562 309 615 ναί
338 578 449 630 μοι·
484 562 629 626 τίνος
657 565 843 619 ἕνεκεν
863 568 892 619 6
936 568 1187 639 Ἀϐραάμ
1220 567 1490 631 ἐπλούτει,
1520 567 1549 619 6
1576 564 1634 618 66
1673 565 1780 616 Ίαο
1826 565 1838 575 ”

235 643 333 697 κὼϐ
359 645 445 697 καὶ
468 646 633 719 ἄρτου
664 648 866 717 ἐδεῖτο;
895 651 1015 721 οὐχὶ
1049 652 1257 715 δίκαιος
1276 650 1372 705 καὶ
1397 645 1553 713 οὗτος
1574 642 1666 717 ἦν,
1685 644 1780 698 καὶ

233 730 447 794 iub/0;;
481 728 601 799 ούχὶ
639 731 841 801 ὁμοίως
863 736 990 806 περὶ⁵
1014 734 1124 787 τῶν
1148 733 1316 804 τριῶν
1347 749 1534 802 φησιν,
1578 727 1721 798 Ἐγὼ
1747 728 1793 780 όο

236 811 361 877 Θεὸς
390 811 631 882 Ἀϐραὰμ
666 816 762 869 καὶ
812 817 1017 871 Ἰσαὰκ
1054 817 1154 871 καὶ
1199 817 1408 872 Ἰακώϐ
1425 832 1443 882 ;
1470 814 1559 868 διά
1590 812 1642 866 τί
1670 810 1783 863 τοί-

233 913 313 949 νυν
337 896 362 946 6
384 893 479 963 μὲν
502 896 773 963 ἐπλούτει,
803 900 831 952 6
861 899 917 951 δὲ
945 900 1203 970 ὲθήτευε;
1235 898 1435 971 μᾶλλον
1467 897 1525 951 δὲ
1556 894 1644 949 διά
1673 893 1726 947 τί
1750 893 1780 946 6

230 978 316 1048 μὲν
334 974 473 1047 [266]
497 977 665 1031 Ἥσαῦ
689 981 957 1045 ἐπλούτει,
976 983 1155 1047 ἄδικος
1172 984 1246 1036 ὢν
1263 983 1355 1035 καὶ
1369 977 1776 1049 ἀδελφοκτόνος.

228 1055 362 1122 06:0;
387 1060 440 1112 δὲ
470 1062 528 1113 ὲν
563 1062 777 1135 δουλείᾳ
804 1060 872 1135 ἦν
910 1066 1101 1135 χρόνον
1128 1065 1384 1119 τοσοῦτον
1411 1082 1426 1131 ;
1458 1064 1544 1116 διά
1580 1062 1631 1117 τί
1672 1060 1779 1114 πά-

225 1145 299 1196 λιν
329 1145 353 1196 6
382 1143 477 1213 μὲν
521 1146 702 1199 Ἰσαάκ
732 1150 870 1216 μετὰ
900 1150 1078 1214 ἀδείας
1104 1149 1264 1220 ἔζησε
1297 1150 1387 1203 τὸν
1414 1148 1626 1202 ἅπαντα
1657 1147 1779 1218 χρό-

224 1245 323 1288 νον,
350 1229 376 1279 6
409 1226 465 1278 66
516 1227 712 1281 Ἰακὼϐ
746 1231 805 1283 ὲν
837 1231 1059 1303 μόχθοις
1098 1233 1195 1286 καὶ
1236 1232 1633 1303 ταλαιπωρίαις
1658 1246 1671 1260 ·
1698 1229 1778 1283 διὸ

223 1309 307 1362 καὶ
341 1309 511 1375 ἔλεγε,
544 1310 753 1380 Μαρσὶ
780 1314 877 1368 καί
905 1316 1157 1384 πονηραὶ
1186 1318 1246 1369 αἱ
1279 1315 1489 1385 ἡμέραι
1514 1332 1654 1383 μου.
1683 1311 1779 1366 Διά

222 1392 269 1446 τί
292 1394 317 1445 6
347 1392 444 1461 μὲν
469 1391 628 1447 Δαυῖδ
659 1400 942 1468 προφήτης
970 1397 1045 1452 ὣν
1078 1399 1171 1453 καὶ
1197 1397 1469 1468 βασιλεὺς,
1494 1398 1589 1449 καὶ
1615 1393 1778 1457 αὐτὸς

221 1475 303 1527 τὸν
323 1473 533 1528 ἅπαντα
560 1476 750 1547 χρόνον
772 1481 829 1532 ὲν
854 1480 1037 1546 πόνοις
1070 1482 1286 1553 ἔζησεν⁹
1319 1483 1347 1535 6
1370 1480 1427 1534 δὲ
1467 1478 1720 1550 Σολομὼν
1750 1478 1778 1531 6

219 1555 323 1616 υίὸς
337 1554 525 1607 τούτου
540 1559 942 1631 τεσσαράκοντα
962 1559 1057 1629 ἔτη
1075 1562 1291 1616 πάντων
1308 1560 1403 1615 ἀνθ
1413 1559 1608 1632 ρώπων
1625 1556 1777 1612 ἀδεέ-

221 1653 398 1707 στερον
448 1637 668 1709 διῆγεν,
707 1644 932 1714 εἰρήνης
981 1644 1268 1698 ἀπολαύων
1305 1642 1549 1715 βαθείας,
1596 1641 1775 1711 δόξης.

213 1720 387 1791 τιμῆς,
425 1722 521 1774 καὶ
546 1726 754 1796 τρυφῆς
780 1725 925 1781 ἀπαν
952 1728 1121 1782 ἐπιὼν
1149 1724 1323 1793 εἷδος;
1363 1726 1415 1781 τί
1450 1727 1651 1796 δήποτε
1684 1724 1780 1778 καὶ

213 1806 396 1867 ἐντοῖς
432 1811 742 1879 προφήταις
779 1811 807 1862 6
857 1811 959 1881 μὲν
1006 1811 1292 1883 μειζόνως,
1335 1813 1364 1865 6
1392 1811 1450 1865 δὲ
1483 1809 1780 1871 ἐλαττόνως

206 1888 480 1955 έθλίϐετο;
511 1891 634 1946 Ὀτι
671 1894 883 1965 ἑκάστῳ
905 1894 1047 1950 οὕτω
1070 1895 1348 1968 συμφέρον
1370 1890 1459 1967 ἦν.

271 1971 360 2025 Διὸ
411 1973 630 2046 ἑκάστῳ
681 1977 981 2047 ἀντιλέγειν
1038 1978 1166 2049 χρὴ,
1233 1980 1308 2033 Τὰ
1364 1977 1618 2048 χρίματὰ
1662 1989 1780 2028 σου

206 2055 474 2123 ἄϐυσσος
503 2060 724 2126 πολλή.
756 2062 819 2115 El
846 2063 953 2132 γὰρ
972 2065 1097 2123 τοὺς
1128 2062 1397 2134 μεγάλους
1423 2062 1662 2123 ἐκείνως
1688 2058 1781 2113 καὶ

203 2140 552 2211 θαυμαστοὺς
585 2143 683 2215 οὐχ
711 2146 910 2215 ὁμοίως
949 2146 1253 2217 ἐγύμναζεν
1287 2150 1314 2200 6
1351 2146 1501 2210 Θεὸς,
1537 2143 1674 2199 ἀλλά
1689 2143 1780 2197 τὸν

204 2225 301 2293 μὲν
333 2224 424 2278 διὰ
461 2227 676 2291 πενίας,
710 2228 803 2281 τὸν
831 2229 886 2282 δὲ
923 2229 1011 2282 διὰ
1044 2230 1296 2296 πλούτου,
1326 2230 1419 2283 καὶ
1454 2230 1546 2282 τὸν
1587 2228 1685 2297 μὲν
1711 2225 1779 2279 δι’

195 2307 454 2370 ἀνέσεως,
480 2308 574 2361 τὸν
606 2309 664 2363 δὲ
690 2309 778 2364 διά
798 2311 1048 2381 θλίψεως,
1082 2312 1261 2383 πολλῷ
1291 2313 1489 2383 μᾶλλον
1519 2309 1614 2365 νῦν
1648 2308 1780 2363 ταῦ-

197 2406 260 2443 τα
289 2392 500 2444 ἐννοεῖν
533 2394 660 2464 χρή.
709 2394 867 2447 Μετά
893 2396 951 2448 δὲ
984 2395 1174 2448 τούτου
1203 2396 1423 2449 κάκεῖνο
1468 2391 1781 2462 λογίζεσθαι

190 2472 290 2539 δεῖ,
323 2474 408 2527 ὅτι
444 2474 620 2529 πολλὰ
644 2475 754 2530 τῶν
784 2478 1190 2547 συμϐαινόντων
1220 2478 1281 2531 ού
1309 2477 1451 2531 κατὰ
1477 2477 1579 2548 τὴν
1611 2473 1778 2529 αὐτοῦ

190 2557 403 2624 γίνεται
432 2558 688 2631 γνώμην,
734 2561 850 2615 ἀλλ’
879 2563 986 2616 ἀπὺ
1011 2565 1110 2635 τῆς
1136 2561 1410 2635 ἡμετέρας
1440 2560 1661 2624 κακίας-
1688 2559 1781 2630 Μὴ

192 2642 367 2696 τοίνυν
396 2640 552 2711 λέγε,
584 2644 681 2698 Διά
715 2645 768 2698 τί
804 2648 832 2700 6
861 2646 959 2715 μὲν
990 2646 1240 2709 πλούσιος
1287 2645 1488 2714 φαῦλος
1520 2644 1618 2708 ὢν,
1660 2646 1688 2698 6
1722 2642 1780 2697 δὲ

186 2724 358 2797 πένης
385 2726 605 2792 δίκαιος
640 2727 751 2794 ῶν;
779 2730 1029 2783 Μάλιστα
1059 2731 1157 2801 μὲν
1180 2731 1288 2802 γάρ
1313 2730 1407 2783 καὶ
1433 2729 1637 2783 τούτων
1664 2727 1780 2781 ἔστι

184 2811 369 2865 δοῦναι
404 2812 589 2881 λόγον,
615 2814 709 2867 καὶ
738 2815 932 2868 εἰπεῖν’
966 2816 1085 2869 Ὅτι
1110 2814 1236 2868 06:5
1261 2818 1287 2868 6
1311 2815 1516 2878 δίκαιος
1546 2814 1655 2867 61:6
1679 2812 1781 2884 τῆς

182 2896 375 2959 πενίας
416 2897 540 2968 ἔχει
581 2916 631 2953 τι
657 2898 873 2968 βλάϐος,
914 2898 1049 2952 ἀλλά
1077 2900 1170 2952 καὶ
1208 2898 1433 2969 μείζονα
1464 2898 1781 2970 προσθήκην

179 2980 624 3052 εὐδοκιμήσεως,
666 2982 762 3035 καὶ
811 2985 839 3037 6
887 2984 1058 3047 κακὸς
1101 2984 1312 3052 ἑφόδιον
1359 2982 1631 3054 τιμωρίας
1690 2981 1781 3035 τὸν

176 3063 437 3130 πλοῦτον,
466 3066 539 3119 ἂν
571 3066 645 3137 μὴ
672 3067 1060 3137 μεταϐάληται,
1094 3071 1379 3138 κέκτηται·
1421 3068 1514 3119 καὶ
1552 3065 1658 3137 1:96
1681 3066 1783 3136 τῆς

175 3148 464 3211 κολάσεως
510 3149 566 3202 δὲ
603 3150 863 3215 πολλάκις
899 3150 1085 3204 κακῶν
1118 3151 1290 3209 αἴτιος
1318 3149 1466 3220 αύτῷ
1494 3149 1717 3217 γέγονεν
1754 3151 1782 3201 6

174 3231 412 3297 πλοῦτος
438 3232 678 3299 πολλῶν,
700 3234 794 3287 καὶ
825 3236 907 3297 είς
938 3233 1109 3304 μύρια
1124 3234 1305 3303 ῆγαγε
1337 3232 1604 3304 βάραθρα.
1647 3232 1705 3285 '0
1724 3232 1782 3285 δὲ

170 3315 305 3380 Θεὸς
355 3317 621 3387 ἀφίησιν,
663 3316 798 3387 ὁμοῦ
852 3334 911 3370 τε
951 3318 1166 3380 δεικνὺς
1204 3317 1266 3369 :6
1301 3316 1646 3380 αὐτεξούσιον
1682 3317 1781 3387 τῆς

170 3400 596 3471 προαιρέσεως,
625 3399 762 3470 ὁμοῦ
783 3416 843 3452 τε
866 3399 994 3463 τοὺς
1027 3399 1218 3463 ἄλλους
1249 3398 1519 3453 παιδεύων
1555 3398 1630 3471 μὴ
1655 3400 1782 3469 μαί-

164 3484 363 3539 νεσθαι
407 3485 560 3555 μηδὲ
597 3484 794 3555 λυττᾷν
824 3486 954 3556 περὶ
983 3484 1053 3538 τά
1084 3488 1366 3556 χρήματα.
1402 3485 1466 3537 Τί
1499 3481 1622 3550 οὖν,
1650 3486 1781 3538 ὅταν

165 3568 417 3637 πονηρός
450 3584 547 3629 τις
574 3566 649 3619 ὢν
679 3566 904 3638 πλουτῇ,
933 3568 1027 3621 καὶ
1057 3568 1221 3639 μηδὲν
1252 3568 1434 3639 πάσχῃ
1456 3569 1652 3634 δεινόν;
1679 3586 1780 3638 φη-

162 3652 246 3705 σίν
267 3669 283 3682 -
319 3651 393 3705 ἂν
436 3651 554 3722 μὲν
585 3649 696 3722 γὰρ
735 3652 937 3720 ἀγαθὸς
967 3650 1041 3705 ὢν
1072 3652 1303 3723 πλουτῇ,
1345 3652 1588 3717 δικαίως·
1630 3654 1697 3708 ἂν
1723 3654 1780 3707 δὲ

160 3735 441 3805 πονηρὸς,
480 3734 540 3787 τί
562 3732 832 3805 ὲροῦμεν;
861 3735 981 3808 ξΌτι
1013 3735 1106 3788 καὶ
1133 3734 1306 3808 ταύτῃ
1338 3736 1591 3799 ἐλεεινός·
1624 3737 1782 3791 πλοῦ-

157 3835 253 3881 τος
288 3821 410 3889 γάρ
455 3819 703 3889 πονηρίᾳ
732 3819 1159 3889 προσγινόμενος
1195 3818 1466 3890 ἐπιτρίϐει
1494 3819 1555 3873 :6
1585 3820 1778 3885 πάθος.

168 3901 319 3955 Ἀλλ’
352 3901 584 3970 ἀγαθός
607 3902 747 3964 ἐστι,
783 3902 878 3955 καὶ
911 3901 1162 3967 πένεται;
1197 3903 1335 3957 Ἀλλ’
1364 3903 1518 3957 οὐδὲν
1544 3903 1778 3974 βλάπτε-

154 4002 270 4041 ται.
339 3985 526 4039 Ἀλλά
576 3985 812 4056 πονηρός
854 3987 992 4050 ἐστι,
1028 3986 1122 4039 καὶ
1166 3986 1416 4055 πένεται;
1453 3987 1662 4040 Οὐκοῦν
1700 3987 1781 4041 δι-

150 4071 334 4133 καίως
360 4070 469 4122 καὶ
503 4068 823 4135 κατ’ἀξίαν,
854 4069 1053 4140 μᾶλλον
1086 4068 1143 4123 δὲ
1174 4070 1269 4123 καὶ
1296 4070 1582 4141 χρησίμως
1606 4070 1776 4141 αύτῷ.

162 4152 317 4207 Ἀλλ’
350 4156 383 4207 ὁ
419 4153 609 4214 δεῖνα,
659 4151 814 4222 φησὶ,
861 4152 1012 4222 παρά
1052 4153 1333 4224 προγόνων
1366 4153 1582 4217 ἐδέξατο
1613 4152 1780 4207 πλοῦ-

144 4253 264 4303 τον,
303 4237 417 4291 καὶ
460 4235 761 4306 σκορπίζει
812 4236 1000 4290 τοῦτον
1041 4238 1119 4300 εἰς
1163 4237 1367 4307 πόρνας
1408 4238 1504 4290 καὶ
1544 4238 1781 4307 παρασί-

142 4338 304 4387 τους,
338 4322 450 4375 καὶ
484 4320 651 4374 οὐδὲν
674 4320 870 4390 πάσχει
895 4321 1086 4376 δεινόν,
1121 4322 1163 4373 Τ
1170 4322 1184 4373 ί
1220 4320 1359 4391 φῄς;
1390 4320 1661 4391 πορνεύει,
1686 4322 1781 4375 καὶ

139 4405 359 4475 λέγεις,
385 4404 582 4458 Οὐδὲν
608 4404 804 4475 πάσχει
824 4405 1030 4473 δεινόν;
1062 4405 1269 4474 μεθύει,
1298 4406 1393 4460 καὶ
1415 4406 1656 4476 νομίζεις
1679 4406 1781 4459 αύ-

135 4491 237 4544 τδν
269 4491 527 4561 τρυφᾷν
551 4506 566 4553 ;
600 4490 681 4552 εἰς
713 4488 864 4542 οὐδὲν
891 4488 1008 4542 δέον
1042 4488 1275 4561 δαπανᾷ,
1303 4490 1393 4544 καὶ
1419 4490 1656 4560 ζηλωτὸν
1681 4490 1780 4544 αύ-

133 4574 236 4629 τὸν
268 4568 442 4629 εἶναι
479 4572 599 4644 φῄς
631 4583 693 4637 ις
731 4572 825 4625 καὶ
851 4572 903 4625 τί
928 4573 1109 4642 χεῖρον
1137 4573 1335 4641 γένοιτ’
1359 4573 1424 4627 ἀν
1466 4573 1656 4628 τούτου
1685 4573 1778 4627 τοῦ

130 4659 243 4731 τὴν
269 4657 485 4729 ψυχὴν
532 4655 972 4726 λυμαινομένου;
1006 4657 1076 4710 Σὺ
1105 4657 1183 4719 δὲ,
1221 4658 1269 4710 εί
1300 4657 1399 4727 μὲν
1424 4658 1485 4711 τὸ
1510 4657 1669 4728 σῶμα
1702 4658 1779 4711 δι-

132 4742 449 4814 έστραπτο
496 4738 603 4793 καὶ
642 4740 959 4810 πεπήρωτο,
993 4740 1202 4811 μυρίων
1238 4740 1303 4794 ἂν
1337 4740 1474 4811 ἔφης
1500 4740 1648 4805 ἀξιον
1677 4742 1779 4794 αύ-

127 4826 229 4879 τὸν
267 4820 438 4879 εἶναι
474 4822 765 4892 δακρύων,
796 4822 895 4894 τὴν
920 4823 977 4876 δὲ
1002 4822 1180 4893 ψυχὴν
1211 4822 1375 4876 αὐτοῦ
1403 4825 1581 4877 πᾶσαν
1606 4842 1782 4896 πεπη-

135 4910 428 4981 ρωμένην
481 4905 663 4977 ὁρῶν,
716 4907 809 4959 καὶ
859 4906 1125 4976 μακάριον
1180 4906 1447 4975 νομίζεις;
1496 4908 1634 4960 Ἀλλ’
1679 4910 1781 4963 οὐκ

127 4993 530 5053 αἰσθάνεται,
564 4988 715 5058 φησί.
759 4988 869 5042 Καὶ
911 4988 977 5041 δι’
1011 4989 1144 5042 αὐτὸ
1179 4989 1278 5059 μὲν
1303 4986 1396 5043 οὖν
1432 4990 1590 5044 τοῦτο
1619 4991 1780 5047 πάλιν

126 5075 424 5138 ἐλεεινὸς,
465 5072 677 5142 ὥσπερ
708 5074 755 5125 οί
785 5073 1207 5142 παραπαίοντες.
1242 5073 1301 5125 '0
1332 5073 1433 5143 μὲν
1461 5074 1571 5146 γὰρ
1598 5074 1776 5140 εἰδὼς,

121 5161 211 5213 6::
262 5159 467 5221 νοσεῖ,
525 5155 753 5208 καὶτὸν
809 5154 989 5224 ἰατρὸν
1030 5155 1349 5226 ἐπιζητήσει
1404 5156 1642 5220 πάντως,
1687 5160 1773 5211 καὶ

120 5243 493 5315 φαρμάκων
542 5236 815 5301 ἀνέξεται·
848 5240 876 5290 6
910 5238 968 5290 66
1002 5238 1229 5306 ἀγνοῶν,
1253 5238 1373 5292 0666
1401 5240 1771 5311 ἀπαλλαγῆναι

116 5320 719 5398 δυνήσεται.Τοῦτον
734 5318 825 5375 οὖν
842 5321 1164 5392 μακαρίζεις
1178 5340 1192 5386 ;
1207 5323 1327 5375 είπέ
1346 5340 1457 5393 μοι.
1477 5324 1614 5377 Ἀλλ’
1628 5325 1780 5378 οὐδὲν

116 5408 524 5481 θαυμαστόν·
569 5404 886 5475 φιλοσοφίας
912 5405 1023 5476 γάρ
1052 5406 1102 5459 οἱ
1126 5405 1342 5471 πλείους
1367 5407 1514 5480 [267]
1539 5408 1778 5482 ἄπειροι.

114 5494 229 5548 Διὰ
284 5492 484 5546 τοῦτο
538 5488 648 5559 τὴν
680 5489 912 5561 ἐσχάτην
950 5490 1168 5562 τίνομεν
1196 5489 1371 5562 δίκην,
1403 5491 1776 5565 κολαζόμενοι,

182 5752 212 5783 ⁸
242 5747 581 5811 agebatur
609 5746 686 5793 καὶ
705 5744 903 5803 νομίζεις
926 5746 1066 5795 αὐτὸν
1087 5750 1123 5803 ζ.
1155 5747 1287 5797 εἶναι,

3351 266 3458 323 218

1891 397 1980 448 καὶ
2033 396 2156 450 οὐδὲ
2204 394 2667 464 ἀπαλλαττόμενοι
2707 392 2805 461 τῆς
2855 384 3272 460 τιμωρίας·διά
3301 385 3460 439 τοῦτο

1885 478 2046 550 θυμοὶ
2067 480 2160 534 καὶ
2192 479 2419 552 ἀθυμίαι
2456 478 2553 532 καὶ
2578 476 2795 547 θόρυϐοι
2816 475 3103 543 διηνεκεῖς,
3127 468 3318 541 ἐπειδὴ
3346 469 3460 540 βίον

1882 562 2087 617 ἄλυπον
2126 563 2400 630 δείξαντος
2432 563 2563 635 ἡμῖν
2605 559 2697 613 τοῦ
2746 555 2911 620 Θεοῦ,
2955 555 3046 608 τὸν
3084 557 3185 624 τῆς
3226 554 3457 625 ἀρετῆς,

1882 648 2045 716 ἡμεῖς
2084 646 2289 718 ταύτην
2334 646 2597 716 ἀφέντες,
2646 642 2839 713 ἑτέραν
2887 639 3155 709 τέμνομεν
3198 638 3317 691 ὁδὸν
3362 637 3461 707 τὴν

1884 731 1975 784 τοῦ
2004 731 2236 786 πλούτου
2272 731 2367 784 καὶ
2399 729 2508 783 τῶν
2535 727 2853 799 χρημάτων,
2886 723 2983 794 τὴν
3019 721 3227 793 μυρίων
3258 720 3463 790 γέμου·

1883 828 1983 866 σαν
2024 812 2232 866 κακῶν·
2285 813 2380 867 καὶ
2410 812 2604 865 ταύτὸν
2640 807 2919 878 ποιοῦμεν,
2957 804 3148 875 ῶσπερ
3188 803 3254 857 ἂν
3298 802 3460 865 εἴτις

1883 898 2152 967 σωμάτων
2194 895 2296 950 οὐκ
2327 893 2482 959 είδὼς
2519 892 2814 966 διακρίνειν
2841 889 3056 954 κάλλος,
3093 886 3230 941 ἀλλὰ
3256 886 3317 939 :6
3354 887 3465 941 πᾶν

1881 984 1993 1044 τοῖς
2019 978 2257 1051 ἱματίοις
2285 978 2566 1051 τιθέμενος
2608 976 2704 1030 καί⁵
2733 974 2812 1045 τῷ
2842 970 3209 1045 περικειμένῳ
3248 968 3461 1039 κόσμῳ,

1881 1065 1979 1136 τὴν
2022 1066 2119 1135 μὲν
2154 1062 2361 1136 ὡραίαν
2389 1063 2624 1131 γυναῖκα
2664 1060 2761 1114 καὶ
2792 1057 3019 1128 φυσικὸν
3044 1055 3239 1118 κάλλος
3264 1069 3465 1136 κεκτηέ

1885 1148 2054 1219 μένην
2082 1135 2212 1202 ἰδὼν
2242 1146 2593 1217 παραδράμοι
2612 1162 2626 1176 ο
2653 1142 2753 1215 τὴν
2780 1142 2838 1196 δὲ
2863 1141 3097 1211 αἰσχρὰν
3130 1140 3226 1193 καὶ
3248 1135 3464 1219 δυσειδῆ

1882 1217 1976 1284 καὶ
2003 1217 2063 1284 :6
2094 1230 2252 1302 σῶμα
2284 1228 2586 1299 ἀνάπηρον,
2615 1226 2756 1281 καλά
2788 1225 2979 1296 ἱμάτια
3007 1223 3235 1293 ἔχουσαν
3267 1217 3465 1273 θεασά-

1884 1331 2062 1384 μενος,
2090 1316 2324 1382 γυναῖκα
2362 1312 2639 1382 ἀγάγοιτο.
2672 1309 2923 1366 Τοιοῦτόν
2969 1326 3021 1362 τι
3067 1306 3160 1359 καλ⁸
3196 1304 3293 1358 νῦν
3336 1302 3464 1374 περὶ

1878 1397 1977 1467 τὴν
2006 1396 2206 1467 ἀρετὴν
2232 1396 2328 1449 καὶ
2363 1396 2460 1466 τὴν
2496 1396 2695 1450 κακίαν
2735 1394 3033 1462 πάσχουσιν
3054 1390 3102 1442 οί
3130 1386 3337 1450 πολλοὶ,
3363 1385 3465 1454 τήν

1883 1482 1982 1552 μὲν
2006 1481 2237 1552 αίσχρὰν
2263 1482 2423 1551 φύσει
2450 1481 2803 1555 προσιέμενοι
2830 1479 2922 1533 διὰ
2948 1482 3040 1533 τὸν
3062 1475 3261 1542 ἔξωθεν
3289 1473 3465 1544 αὐτῆς

1879 1566 2106 1636 κόσμον,
2136 1565 2233 1637 τὴν
2261 1566 2319 1620 δὲ
2346 1566 2553 1640 ὡραίαν
2578 1566 2673 1620 καὶ
2694 1564 2969 1635 εὔμορφον
2994 1558 3465 1631 ἀποστρεφόμενοι

1877 1651 1966 1706 διά
2011 1651 2074 1704 :6
2118 1652 2326 1722 γυμνὸν
2367 1652 2542 1722 αὐτῆς
2593 1652 2810 1717 κάλλος,
2838 1651 2908 1706 δι’
2940 1651 2969 1704 6
3011 1649 3247 1721 μάλιστα
3291 1646 3465 1718 αὐτὴν

1879 1734 2096 1790 ἑλέσθαι
2125 1735 2314 1807 ἐχρῆν.

1953 1825 2029 1885 ς’.
2052 1818 2149 1874 Διά
2185 1818 2342 1873 τοῦτο
2356 1819 2703 1891 αἰσχύνομαι,
2724 1820 2807 1873 6::
2834 1821 2963 1889 παρ’
2981 1818 3206 1889 Ἕλλησι
3234 1815 3332 1888 μὲν
3352 1815 3464 1876 τοῖς

1879 1903 2129 1974 ἀνοήτοις
2170 1904 2306 1956 εἰσὶν
2352 1904 2403 1956 οί
2442 1902 2618 1957 ταῦτα
2668 1903 3104 1972 φιλοσοφοῦντες,
3153 1904 3202 1955 εί
3244 1901 3337 1955 καὶ
3387 1897 3464 1971 μὴ

1881 1987 2219 2057 πράγμασιν,
2254 1986 2392 2042 ἀλλά
2415 1989 2479 2058 τῇ
2502 1987 2696 2059 γνώμῃ
2718 1987 2848 2056 γοῦν
2868 1986 3028 2052 τέως,
3060 1987 3152 2040 καὶ
3175 1986 3376 2047 εἰδότες
3403 1983 3464 2036 :6

1879 2071 1990 2124 τῶν
2039 2071 2321 2143 παρόντων
2373 2070 2673 2143 ἐπίκηρον
2735 2072 2866 2143 παρ’
2904 2071 3035 2141 ἡμῖν
3077 2069 3133 2124 δὲ
3171 2068 3304 2123 ἔνιοι
3342 2065 3465 2121 ούδδ

1878 2154 2052 2208 ταῦτα
2076 2153 2412 2218 ἐπίστανται,
2437 2154 2575 2209 ἀλλά
2593 2154 2687 2209 καὶ
2706 2153 2806 2225 τὴν
2828 2154 3009 2224 κρίσιν
3029 2150 3197 2221 αὐτὴν
3217 2148 3467 2220 διεφθαρ-

1884 2238 2056 2307 μένην
2097 2236 2297 2307 ἐχουσι,
2335 2238 2430 2291 καὶ
2470 2237 2645 2292 ταῦτα
2676 2238 2789 2293 ἀνω
2813 2237 2909 2291 καὶ
2937 2237 3089 2290 κάτω
3113 2236 3211 2304 τῆς
3238 2234 3465 2305 Γραφῆς

1879 2320 2186 2392 ὲπᾳδούσης
2234 2323 2367 2391 ἡμῖν
2418 2322 2513 2375 καὶ
2559 2321 2844 2391 λεγούσηςο
2898 2315 3319 2384 Ἐξουδένωται
3362 2314 3465 2370 ἐν·

1878 2404 2065 2457 ώπιον
2092 2404 2302 2465 ¹αὑτοῦ
2345 2398 2844 2474 πονηρευόμενος,
2886 2402 3026 2469 τοὺς
3068 2401 3138 2455 δὲ
3175 2396 3466 2471 φοϐουμέ-

1878 2506 2027 2553 νους
2048 2488 2155 2541 τὸν
2178 2488 2397 2554 Κύριον
2417 2486 2667 2552 δοξάζει,
2697 2488 2885 2553 Φόϐος
2910 2485 3133 2553 Κυρίου
3158 2481 3311 2550 ὑπὲρ
3341 2480 3469 2535 πᾶν

1878 2570 2232 2640 ὑπερέϐαλε.
2268 2571 2378 2625 Τὸν
2405 2571 2556 2626 Θεὸν
2582 2572 2791 2643 φοϐοῦ,
2822 2571 2919 2625 καί
2955 2568 3064 2635 τὰς
3083 2568 3336 2633 ἐντολὰς
3361 2567 3466 2620 a6-

1878 2655 1987 2710 τοῦ
2053 2655 2359 2723 φύλασσε,
2422 2656 2513 2708 ὅτι
2562 2655 2740 2710 τοῦτο
2791 2653 2910 2721 πᾶς
2965 2653 3296 2721 ἄνθρωπος.
3366 2646 3466 2717 Μὴ

1879 2736 2224 2807 παραζῆλου
2278 2738 2349 2791 ἐν
2399 2737 2526 2805 τοῖς
2572 2736 3112 2806 πονηρευομένοις·
3157 2734 3242 2803 μὴ
3275 2732 3466 2800 φοϐοῦ

1880 2821 2027 2876 ὅταν
2063 2819 2384 2889 πλουτήσῃ
2419 2821 2750 2888 ἅνθρωπος.
2790 2819 2962 2874 Πᾶσα
3018 2818 3177 2886 σὰρξ
3226 2815 3464 2887 χόρτος,

1880 2906 1977 2960 καί
2042 2903 2211 2960 πᾶσα
2262 2904 2414 2970 δόξα
2473 2903 2789 2971 ἀνθρώπου
2841 2903 2923 2968 ὠς
2981 2901 3165 2967 ἄνθος
3224 2900 3463 2969 χόρτου.

1879 2987 2067 3043 Ταῦτα
2094 2988 2202 3059 γάρ
2237 2988 2332 3041 καὶ
2368 2986 2437 3040 :6
2471 2984 2695 3040 τοιαῦτα
2740 2985 2863 3039 καθ’
2894 2984 3132 3053 ἑκάστην
3179 2982 3468 3045 ἀκούοντες

1879 3073 1981 3143 τὴν
2011 3072 2245 3143 ἡμέραν,
2272 3070 2352 3124 ἔτι
2395 3072 2460 3141 τῇ
2501 3073 2570 3141 γῇ
2605 3068 3027 3142 προσηλώμεθα.
3067 3068 3175 3121 Καὶ
3217 3066 3468 3137 καθάπερ

1880 3155 2069 3208 παιδία
2094 3154 2284 3225 ἀμαθῆ
2312 3153 2550 3223 συνεχῶς
2573 3153 2640 3207 τὰ
2665 3156 2904 3223 στοιχεῖα
2930 3151 3287 3222 μανθάνοντα,
3316 3153 3468 3204 61:5:-

1879 3237 1977 3290 δάν
2004 3237 2423 3308 διεσπαρμένως
2450 3236 2770 3307 ἐξετάζηται
2813 3238 2943 3307 1:591
2978 3236 3076 3305 τῆς
3105 3233 3328 3287 ἐκείνων
3366 3233 3466 3285 τά·

1881 3320 2036 3385 ξεως,
2065 3321 2229 3391 ἕτερα
2262 3319 2378 3373 ἀνθ’
2408 3320 2595 3391 ἑτέρου
2633 3320 2861 3388 λέγοντα
2887 3319 3054 3373 πολὺν
3086 3319 3226 3372 κινεῖ
3247 3317 3339 3370 τὸν
3369 3316 3465 3384 γέε-

1878 3404 2046 3458 λωτα·
2071 3402 2215 3457 οὕτω
2246 3403 2340 3457 καὶ
2370 3403 2549 3472 ὑμεῖς,
2575 3404 2704 3457 ὅταν
2739 3402 2837 3473 μὲν
2870 3401 3103 3456 ἐνταῦθα
3134 3399 3279 3454 κατά
3311 3399 3467 3464 τάξιν

1880 3488 2020 3543 αὐτὰ
2062 3488 2191 3558 ύμῖν
2246 3486 2666 3557 καταλέξωμεν,
2723 3486 3079 3557 ὁπωσδήποτε
3123 3484 3466 3555 παρακολου-

1880 3573 2042 3626 θεῖτε·
2074 3572 2201 3625 ὃταν
2229 3570 2286 3624 δὲ
2325 3569 2429 3634 ἔξω
2454 3569 2868 3641 διεσπαρμένως
2900 3570 3044 3640 ὑμᾶς
3075 3569 3465 3639 ὲρωτήσωμεν,
3562 3616 3564 3619 .

1880 3657 2008 3708 ποῖα
2043 3655 2141 3725 μὲν
2165 3652 2380 3725 πρῶτα,
2414 3655 2544 3706 ποῖα
2590 3652 2647 3706 66
2689 3652 2918 3724 δεύτερα
2957 3651 3069 3706 τῶν
3119 3650 3465 3723 πραγμάτων

1877 3739 2093 3793 τάττειν
2122 3737 2289 3803 ἄξιον,
2322 3736 2418 3789 καὶ
2446 3736 2568 3789 τίνα
2618 3736 2756 3807 μετά
2810 3735 2952 3798 τίνα,
3006 3735 3106 3787 οὐκ
3139 3732 3340 3796 ειδότες
3386 3734 3467 3787 εί-

1879 3823 2021 3886 πεῖν,
2062 3819 2455 3888 καταγέλαστοι
2488 3819 2724 3888 γίνεσθε.
2757 3815 2832 3873 Ἦ
2863 3820 2925 3873 ού
2971 3817 3168 3871 πολλοῦ
3205 3817 3464 3887 γέλωτος,

1880 3904 2001 3959 εἰπέ
2041 3922 2150 3976 μοι,
2183 3904 2481 3959 ἀθανασίαν
2511 3903 2946 3975 προσδοκῶντας,
2975 3904 3070 3957 καὶ¹
3100 3902 3168 3956 τά
3197 3901 3399 3971 ἀγαθὰ,
3429 3901 3469 3955 ά

1880 3988 2003 4041 06:5
2025 3988 2299 4058 ὀφθαλμὸς
2316 3983 2475 4051 εἶδεν,
2495 3988 2619 4041 06:5
2652 3982 2745 4051 οὖς
2773 3988 3024 4058 ἤκουσεν,
3061 3983 3185 4039 06:5
3208 3985 3299 4038 ἐπὶ
3326 4000 3465 4056 καρ-

1880 4072 1999 4126 δίαν
2034 4070 2323 4142 άνθρώπου
2363 4072 2553 4143 ἀνέϐη,
2604 4072 2734 4141 περὶ
2780 4070 2889 4123 τῶν
2926 4068 3159 4123 ἐνταῦθα
3195 4067 3467 4139 μενόντων

1882 4153 2226 4223 φιλονεικεῖν,
2262 4155 2356 4207 καὶ
2380 4154 2595 4223 ζηλωτὰ
2628 4153 2767 4209 αύτά
2796 4148 2933 4206 εἶναι
2968 4152 3244 4223 νομίζεινς
3268 4152 3330 4204 Εί
3355 4150 3467 4222 γὰρ

1882 4238 1962 4291 ἔτι
2012 4238 2184 4291 ταῦτα
2226 4236 2415 4309 χρείαν
2470 4237 2611 4307 ἔχεις
2670 4235 2984 4305 μανθάνειν,
3024 4237 3105 4289 6::
3132 4234 3285 4287 οὐδὲν
3322 4234 3467 4303 μέγα

1881 4321 2130 4385 πλοῦτος,
2167 4322 2248 4374 6::
2286 4321 2413 4374 σκιά
2442 4320 2512 4373 :6
2544 4320 2789 4391 παρόντα
2821 4320 2915 4372 καλ⁸
2948 4318 3104 4389 δναρ,
3145 4318 3227 4370 6::
3255 4317 3465 4371 καπνοῦ

1878 4406 2033 4472 δίκην
2059 4403 2330 4457 διαλύεται
2357 4403 2451 4455 καὶ
2471 4403 2793 4472 ἀφίπταται·
2822 4402 2926 4465 ἔξω
2950 4401 3056 4453 τῶν
3076 4400 3284 4454 ἀδύτων
3310 4400 3465 4467 στῆθι

1880 4488 2038 4552 τέως,
2067 4490 2124 4540 ἐν
2157 4490 2270 4550 τοῖς
2310 4485 2663 4557 προπυλαίοις
2711 4485 2858 4556 μένε’
2890 4483 3046 4538 οὔπω
3082 4484 3192 4554 γάρ
3227 4484 3327 4554 τῆς
3353 4485 3467 4536 είσ-

1881 4572 2002 4627 6606
2031 4573 2131 4641 τῆς
2158 4571 2293 4642 πρὸς
2321 4571 2390 4622 τά
2412 4569 2523 4622 ἀνω
2555 4569 2798 4640 βασίλεια
2826 4570 2974 4636 ἄξιος
2994 4568 3243 4636 γέγονας.
3271 4568 3332 4620 Εί
3357 4567 3467 4639 γάρ

1881 4654 1980 4727 τὴν
2026 4654 2188 4724 φύσιν
2218 4653 2396 4707 αὐτῶν
2425 4651 2721 4722 διακρίνειν
2772 4652 2871 4704 οὐκ
2921 4647 3076 4703 οἶσθα
3106 4650 3204 4721 τὴν
3233 4650 3468 4705 ἄστατον

1882 4741 1975 4795 καὶ
1996 4727 2260 4809 διηνεκῶς
2291 4736 2540 4807 ῥέουσαν,
2566 4736 2695 4788 πότε
2722 4736 2901 4788 αὐτῶν
2929 4733 3205 4805 ὑπεριδεῖν
3223 4732 3465 4805 δυνήσῃ;

1882 4827 1929 4879 εί
1952 4824 2008 4877 66
2028 4822 2207 4891 λέγεις
2232 4820 2450 4881 εἰδέναι,
2474 4818 2679 4872 παῦσαι
2701 4815 3174 4889 πολυπραγμονῶν
3204 4817 3295 4870 καὶ
3319 4831 3468 4887 περι-

1882 4909 2266 4981 εργαζόμενος,
2295 4905 2347 4957 τί
2377 4905 2577 4975 δήποτε
2604 4906 2631 4956 6
2664 4903 2811 4957 δεῖνα
2840 4901 3114 4965 πλούσιος,
3150 4903 3241 4956 καὶ
3268 4901 3296 4954 6
3320 4899 3467 4954 δεῖνα

1880 4992 2071 5061 πένης.
2120 4989 2328 5042 Ταύτὸν
2371 4988 2480 5058 γὰρ
2524 4989 2698 5049 ποιεῖς
2748 4985 2922 5040 ταῦτα
2979 4984 3218 5057 ἐρωτῶν,
3266 4983 3467 5038 ὡσανεὶ

1881 5073 2112 5146 περιιὼν
2157 5071 2479 5134 ὲπυνθάνου,
2511 5069 2660 5143 [268]
2705 5072 2758 5124 τί
2801 5071 2997 5141 δήποτε
3040 5072 3069 5123 6
3094 5070 3239 5124 δεῖνα
3276 5068 3468 5129 λευκὸς

1880 5161 1975 5213 καὶ
2012 5162 2040 5212 6
2064 5159 2212 5212 δεῖνα
2259 5157 2443 5228 μέλας,
2472 5156 2505 5227 ἢ
2538 5157 2566 5208 ὁ
2599 5156 2746 5210 δεῖνα
2776 5155 2983 5227 γρυπὸς
3019 5156 3113 5209 καὶ
3148 5158 3175 5209 6
3206 5146 3355 5208 δεῖνα
3386 5169 3467 5205 σι-

1885 5245 2002 5315 μός.
2040 5245 2251 5313 Ὥσπερ
2290 5243 2398 5311 γάρ
2435 5240 2587 5293 οὐδὲν
2629 5239 2799 5293 ταῦτα
2832 5242 2964 5309 ἡμῖν
3010 5240 3276 5310 διαφέρει,
3311 5238 3376 5292 ἄν
3402 5254 3466 5292 τε

1881 5326 2074 5391 οὕτως,
2098 5326 2162 5380 ἄν
2188 5343 2247 5378 τε
2275 5325 2499 5387 ἐκείνως
2522 5324 2641 5395 ἔχῃ,
2666 5323 2837 5388 οὕτως
2866 5323 2985 5375 0666
3008 5323 3067 5375 :6
3096 5321 3351 5375 πένεσθαι
3368 5321 3465 5376 καὶ

1883 5411 2154 5475 πλουτεῖν,
2194 5409 2288 5462 καὶ
2325 5407 2505 5478 πολλῷ
2538 5406 2736 5479 μᾶλλον
2768 5407 2800 5478 ἢ
2837 5408 3040 5460 ἐκεῖναο
3078 5406 3215 5460 ἀλλά
3260 5406 3321 5458 :6
3355 5407 3464 5458 πᾶν

1882 5495 2033 5566 παρά
2069 5495 2163 5547 τὸν
2198 5492 2296 5563 τῆς
2342 5492 2590 5563 χρήσεως
2630 5491 2837 5558 γίνεται
2878 5490 3096 5562 τρόπον.
3131 5488 3253 5544 Κᾶν
3294 5488 3464 5558 πένης

1880 5573 1970 5652 ᾖς,
2025 5577 2247 5630 δύνασαι
2299 5576 2437 5645 μετά
2494 5574 2758 5644 εὐθυμίας
2806 5574 2906 5646 ζῇν
2966 5570 3293 5644 φιλοσοφῶνο
3358 5567 3461 5623 κᾶν

1883 5662 2139 5724 πλούσιος
2174 5656 2260 5734 ᾖς,
2290 5660 2508 5713 πάντων
2544 5657 2870 5726 ἀθλιώτερος
2900 5653 2949 5711 εί
2984 5657 3201 5726 φεύγων
3232 5652 3456 5725 ἀρετήν.

1884 5746 1964 5801 Τά
1991 5744 2099 5815 γὰρ
2122 5744 2441 5815 διαφέροντα
2476 5744 2611 5814 ἡμῖν
2636 5741 2826 5806 ταῦτα,
2858 5741 2926 5795 τά
2962 5741 3061 5811 τῆς
3093 5737 3292 5810 ἀρετῆς
3312 5752 3326 5766 ·
3353 5735 3462 5793 κᾶν
