3826 6216
251 330 345 390 M9

243 531 404 585 minus
442 546 600 601 quam
634 534 720 589 illa
750 539 1076 606 quaerenda;
1118 543 1212 598 sed
1241 552 1408 601 totum
1437 548 1506 602 ad
1537 565 1693 608 usum
1717 569 1806 613 re-
1902 559 2122 618 scimus.

238 623 353 679 ferri
379 623 554 680 debet.
581 627 799 682 Etiamsi
830 645 1030 702 pauper
1054 634 1149 702 sis,
1185 644 1335 706 potes
1360 654 1482 694 cum
1513 640 1654 698 bono
1679 658 1800 699 ant-

233 717 514 772 movivere
539 717 586 772 si
624 717 1020 791 philosnplteris
1045 743 1057 778 :
1087 726 1297 784 etiamsi
1337 729 1489 788 dives
1529 733 1604 789 sis
1629 775 1645 800 ,
1677 749 1798 791 om-

231 809 364 862 nium
395 824 452 863 es
491 810 825 868 miserrimus
854 855 870 880 ,
911 816 956 871 si
1003 817 1253 876 virtutem
1283 820 1473 894 fugias.
1518 825 1654 882 Nam
1681 827 1796 884 lucc

229 899 372 954 nobis
396 901 648 957 sectanda
688 913 812 959 sunt
845 946 862 973 ,
893 922 1012 976 qua:
1051 907 1118 963 ad
1156 911 1406 967 virtutem
1437 927 1718 985 spectant:
1744 920 1792 974 si

227 989 330 1044 lucc
357 1005 460 1045 non
487 991 684 1058 adsint,
713 995 938 1051 aliorum
966 998 1112 1055 nulla
1136 1002 1354 1058 utilitas.
1386 1004 1512 1062 Ideo
1533 1010 1790 1079 frequen-

225 1089 296 1134 tes
322 1079 424 1136 illae
455 1081 902 1156 interrogationes
931 1129 945 1154 ,
971 1090 1094 1160 quia
1134 1092 1285 1148 multi
1322 1109 1388 1150 ea
1431 1112 1549 1168 quae
1580 1099 1791 1156 indiffe-

219 1171 378 1228 rentia
400 1182 524 1229 sunt
553 1175 619 1230 ad
646 1191 705 1232 se
729 1190 972 1248 spectare
998 1190 1184 1252 putant
1213 1200 1228 1250 ;
1252 1185 1320 1241 de
1337 1186 1401 1242 iis
1425 1204 1554 1244 vero
1573 1206 1694 1262 quae
1718 1194 1785 1249 ad

218 1278 272 1318 se
297 1275 535 1333 spectant
573 1279 627 1323 et
652 1270 752 1326 sibi
786 1272 931 1328 utilia
974 1285 1101 1330 sunt
1127 1317 1144 1344 ,
1173 1277 1375 1334 nullam
1400 1283 1661 1340 rationem
1691 1284 1782 1342 ha-

213 1353 351 1410 bent.
381 1355 514 1413 Nam
543 1375 662 1431 quae
701 1373 883 1420 nostra
915 1366 1180 1426 intersunt
1209 1411 1226 1438 ,
1258 1373 1426 1429 virtus
1462 1385 1518 1432 et
1547 1377 1785 1448 philoso-

211 1447 324 1518 phia
355 1459 499 1504 sunt.
531 1452 662 1519 Quia
685 1469 812 1527 ergo
834 1456 899 1512 ab
920 1457 1011 1514 illa
1035 1461 1194 1532 longo
1221 1463 1506 1522 intervallo
1530 1447 1730 1525 abestis
1750 1509 1765 1538 ,

205 1540 320 1595 ideo
348 1542 730 1612 cogitationum
761 1551 1093 1618 perturbatio
1118 1595 1134 1619 ,
1167 1554 1289 1612 ideo
1329 1555 1524 1614 fluctus
1573 1561 1726 1617 multi
1757 1602 1774 1629 ,

203 1628 317 1685 ideo
338 1638 650 1702 tempeStas.
688 1636 819 1692 Cum
859 1641 1001 1696 enim
1039 1657 1070 1698 a
1101 1659 1331 1716 superna
1362 1648 1529 1720 gloria
1561 1651 1774 1710 excide-

197 1717 336 1786 rint,
385 1731 440 1775 et
464 1737 492 1776 a
516 1725 768 1782 caelorum
795 1744 981 1786 amore
1010 1773 1026 1799 ,
1072 1745 1392 1805 praisentem
1419 1740 1644 1810 gloriam
1680 1758 1774 1798 cu-

196 1809 342 1882 piunt
369 1812 607 1886 liuntque
631 1819 771 1876 servi
811 1830 868 1878 et
901 1826 1118 1896 captivi.
1149 1825 1218 1884 Et
1247 1829 1389 1887 unde
1419 1809 1478 1888 fit
1510 1875 1526 1899 ,
1558 1834 1766 1906 inquit,

1283 337 1348 391 IN
1388 340 1599 399 EPIST.
1641 344 1662 400 l
1726 346 1820 404 AD
1856 348 2010 407 COR.
2054 352 2282 414 llOlllL.
2326 359 2497 423 XXX.

244 441 375 495 illum
425 440 729 512 quempiam
774 459 1065 516 pauperem
1108 449 1190 506 vel
1239 451 1504 522 divitem;
1537 458 1646 514 imo
1685 459 1806 520 hmc

3385 388 3494 450 πο

1910 476 1965 522 ut
1989 467 2126 524 banc
2149 480 2491 548 appetamus?
2511 481 2646 551 Quia
2671 501 2780 544 non
2801 491 3026 551 multum
3058 497 3202 559 illam
3226 513 3485 581 concupi-

2167 565 2284 623 lloc
2319 579 2500 628 autem
2542 573 2718 646 ipsum
2765 581 2907 640 unde
2950 589 3186 648 accidit?
3213 595 3290 652 Ex
3321 565 3489 672 negli-

1901 653 2196 720 gentia:et
2237 662 2560 734 negligentia
2602 669 2788 728 unde?
2831 675 2908 732 Ex
2953 690 3264 756 contemptu
3304 653 3485 752 :vczn-

1899 750 2136 816 temptas
2179 752 2362 810 unde?
2401 755 2482 813 Ex
2523 764 2758 819 amentia
2789 806 2807 834 ,
2848 777 2904 826 et
2945 773 3086 842 quod
3129 750 3483 848 prasentibus

1898 833 2166 898 inhiamus
2191 883 2208 912 ,
2235 853 2291 900 et
2313 850 2458 917 quod
2499 868 2676 910 rerum
2701 869 2946 918 naturam
2975 867 3205 927 nolimus
3227 885 3481 938 accurato

1895 931 2227 999 examinare.
2251 936 2367 993 lloc
2394 956 2522 998 vero
2544 946 2812 1006 undenam
2836 957 3120 1024 procedit?
3147 963 3298 1030 Quod

1893 1029 2169 1090 pturarum
2197 1027 2414 1087 lectioni
2445 1051 2552 1093 non
2579 1041 2919 1103 attendamus
2948 1089 2965 1115 ,
3005 1027 3188 1124 neque
3206 1074 3330 1115 cum
3350 1063 3479 1120 viris

1891 1117 2091 1170 sanctis
2130 1132 2408 1178 versemur
2431 1166 2446 1190 ,
2486 1137 2545 1183 et
2571 1129 2936 1202 improborum
2967 1117 3141 1202 coetus
3169 1145 3478 1220 frequente-

1890 1217 2031 1258 mus.
2059 1206 2140 1264 Ne
2168 1209 2330 1280 igitur
2347 1213 2448 1271 hoc
2476 1232 2737 1291 perpetuo
2757 1225 2850 1283 fiat
2867 1269 2884 1296 ,
2907 1240 3050 1288 etne
3074 1206 3473 1303 fluctus-ﬂucti-

1886 1293 1987 1350 bus
2010 1301 2399 1374 succedentes,
2434 1324 2534 1366 nos
2565 1311 2618 1367 in
2660 1317 2926 1376 malorum
2956 1325 3176 1398 pelagus
3203 1331 3474 1392 abducant

1885 1394 1940 1441 et
1957 1387 2218 1446 sulfocent
2234 1391 2579 1471 funditusque
2598 1405 2852 1478 perdant;
2875 1387 3048 1471 donec
3064 1387 3277 1490 tempus
3293 1387 3468 1491 adest,

1881 1489 2258 1551 exsurgamus,
2284 1494 2340 1540 et
2365 1501 2524 1559 supra
2551 1504 2757 1562 petram
2788 1509 3018 1572 stantes,
3046 1506 3138 1564 Dei
3156 1489 3465 1583 dogmatum

1881 1565 2002 1621 dico
2053 1576 2108 1625 et
2159 1574 2489 1646 verborum,
2533 1586 2882 1656 respiciamus
2925 1565 3298 1666 tempestatem
3343 1605 3470 1666 vita:

1881 1662 2183 1726 praisentis.
2229 1663 2306 1720 lta
2327 1670 2470 1726 enim
2496 1681 2552 1730 et
2574 1691 2674 1732 nos
2704 1679 2872 1750 ipsam
2895 1683 3232 1762 effugiemus,
3259 1703 3312 1750 et
3331 1695 3466 1753 alios

1879 1751 2210 1824 naufragium
2257 1761 2524 1830 patientes
2563 1772 2911 1833 extrahemus
2941 1819 2956 1846 ,
3007 1784 3176 1852 gratia
3217 1795 3274 1842 et
3312 1786 3465 1847 beni-

1875 1846 2106 1912 gnitate,
2137 1856 2244 1904 etc.

1548 2001 1896 2067 HOMILIA
1935 2007 2148 2074 XXX.

183 2105 310 2161 Car.
340 2107 433 2163 12.
478 2126 530 2163 v.
569 2110 657 2167 12.
686 2111 831 2168 Sicut
857 2115 988 2170 enim
1012 2133 1196 2189 corpus
1226 2137 1382 2176 unum
1406 2133 1500 2192 est,
1527 2133 1575 2180 et
1602 2142 1765 2180 mem-

249 2199 340 2253 bra
361 2200 513 2255 habet
540 2201 698 2258 multa
719 2220 740 2269 ;
769 2208 939 2261 omnia
965 2219 1132 2264 autent
1158 2213 1378 2267 membra
1396 2217 1622 2288 corporis
1647 2234 1763 2272 cum

243 2295 346 2349 sint
377 2294 564 2360 multa,
586 2312 742 2352 unum
762 2309 927 2354 tamen
956 2318 1140 2373 corpus
1164 2316 1278 2360 sunt
1303 2322 1322 2360 :
1342 2308 1412 2361 ita
1438 2317 1484 2362 et
1509 2308 1759 2366 Christus.

243 2388 297 2442 1.
342 2388 480 2444 Cum
531 2392 953 2450 consolationem
1009 2398 1328 2466 praebuisset
1387 2418 1454 2458 ex
1499 2419 1565 2458 eo
1617 2405 1760 2476 quod

167 2479 465 2548 gratuitum
492 2489 639 2536 esset
664 2483 860 2538 donum
883 2526 900 2549 ,
959 2502 1025 2543 ex
1083 2504 1150 2544 eo
1175 2492 1317 2562 quod
1357 2495 1534 2548 omnia
1559 2511 1622 2550 ex
1653 2511 1759 2552 uno

167 2569 471 2641 eodemque
524 2573 724 2644 Spiritu
759 2579 1064 2647 acciperent
1088 2623 1102 2648 ,
1127 2598 1193 2638 ex
1220 2599 1286 2640 eo
1307 2586 1447 2655 quod
1470 2587 1536 2642 ad
1561 2589 1759 2643 utilita-

163 2669 269 2714 tem
301 2659 570 2722 darentur
603 2706 617 2730 ,
648 2683 716 2721 cx
746 2683 811 2722 eo
842 2671 980 2740 quod
1014 2689 1110 2740 per
1141 2675 1346 2730 minora
1393 2679 1755 2736 manifestatio

161 2751 314 2807 tierct
346 2771 359 2805 :
387 2754 462 2807 ad
494 2754 607 2810 lucc
637 2757 798 2813 etiam
827 2776 946 2815 cum
978 2778 1039 2818 os
1081 2780 1268 2820 eorum
1302 2768 1658 2828 abstraxisset
1687 2789 1754 2828 cx

162 2857 229 2898 eo
281 2847 434 2915 quod
489 2858 732 2917 oporteat
783 2855 1027 2922 potestati
1069 2856 1296 2928 Spiritus
1338 2861 1567 2927 cedere;
1627 2861 1754 2918 Hazc

153 2936 297 2989 enim
356 2939 536 2991 omnia
557 2979 574 3006 ,
605 2941 793 3011 inquit,
825 2956 1063 3014 operatur
1086 2964 1217 3002 unus
1248 2961 1397 3021 atque
1424 2952 1554 3006 idem
1579 2955 1750 3024 Spiri-

150 3039 252 3096 tus,
283 3031 525 3086 dividens
554 3035 765 3106 singulis
793 3050 944 3105 prout
981 3041 1085 3094 vult
1110 3056 1130 3105 ,'
1159 3059 1326 3112 quare
1353 3061 1458 3100 non
1497 3047 1622 3101 licet
1651 3063 1750 3103 cu-

149 3121 296 3176 riose
320 3121 607 3192 inquirere
635 3144 646 3177 :
677 3143 740 3182 ex
769 3129 876 3184 alio
902 3146 1088 3186 rursus
1121 3134 1237 3189 illos
1258 3137 1569 3192 consolatur
1596 3155 1747 3195 com-

145 3211 297 3266 muni
347 3217 648 3285 exemplo:
683 3229 734 3273 et
764 3220 831 3274 ad
874 3232 1116 3278 naturam
1159 3227 1326 3295 ipsam
1377 3229 1658 3301 confugit,
1691 3241 1750 3288 ut

140 3301 326 3358 facere
341 3306 511 3360 solet.
531 3307 660 3363 Nam
687 3312 900 3381 quando
923 3314 1216 3371 disserebat
1237 3319 1302 3374 de
1331 3335 1480 3376 coma
1511 3325 1745 3381 virorum

139 3408 202 3447 ac
230 3395 554 3466 mulierum,
585 3411 703 3470 post
727 3403 828 3457 alia
852 3403 977 3460 hinc
1003 3423 1215 3479 quoque
1238 3411 1358 3467 illos
1383 3415 1630 3483 erudivit,
1659 3417 1744 3473 di-

133 3501 264 3543 cens
293 3505 308 3542 :
344 3493 541 3545 Annon
563 3494 673 3564 ipsa
694 3505 878 3550 natura
896 3513 980 3552 vos
1007 3500 1183 3568 docet,
1207 3505 1341 3574 quod
1366 3507 1441 3559 vir
1465 3509 1668 3577 quidem
1697 3511 1743 3564 si

133 3594 340 3632 comam
369 3583 588 3649 nutriat,
623 3586 902 3656 ignominia
923 3599 995 3643 est
1022 3591 1097 3644 illi
1123 3608 1143 3656 ,'
1170 3595 1349 3649 mulier
1376 3608 1544 3652 autem
1580 3601 1623 3653 si
1649 3617 1738 3657 co-

127 3685 268 3722 ntam
300 3673 509 3726 nutriat
539 3714 554 3737 ,
583 3675 680 3744 ipsi
706 3686 779 3730 est
802 3680 967 3748 gloria
994 3680 1011 3752 (
1037 3681 1224 3739 LCor.
1255 3686 1342 3741 Η.
1377 3688 1459 3742 14.
1491 3690 1557 3744 15
1585 3692 1606 3761 )
1633 3692 1739 3748 ?Et

123 3775 250 3814 eum
294 3763 370 3818 de
407 3764 728 3838 idolothytis
755 3769 965 3826 dicebat
993 3813 1007 3839 ,
1041 3775 1332 3843 prohibens
1362 3779 1444 3833 illa
1477 3789 1694 3853 tangere
1717 3827 1733 3852 ,

119 3853 290 3906 etiam
326 3855 408 3922 ab
434 3861 676 3928 externis
703 3864 964 3932 exemplis
995 3880 1298 3922 sermonem
1331 3873 1500 3940 texit,
1543 3874 1733 3947 Olym-

117 3943 237 4010 pica
284 3950 600 4003 certamina
647 3966 953 4009 memorans
995 3966 1046 4011 ct
1087 3955 1271 4016 dicens
1303 3981 1314 4016 :
1345 3963 1443 4032 Qui
1472 3967 1524 4020 in
1567 3969 1732 4024 stadio

109 4049 338 4091 currunt
367 4079 387 4107 ,
425 4057 604 4097 omnes
642 4045 843 4113 quidem
891 4061 1099 4107 currunt
1126 4094 1140 4120 ,
1170 4071 1301 4110 unus
1334 4069 1499 4114 autem
1547 4065 1732 4130 accipit

108 4125 355 4183 bravium
389 4133 410 4201 (
436 4130 571 4188 Ibid.
607 4135 660 4188 9.
691 4135 802 4208 24)
833 4156 848 4194 :
878 4149 1037 4213 atque
1078 4159 1107 4198 a
1162 4149 1464 4214 pastoribus
1493 4193 1507 4218 ,
1539 4125 1728 4212 militi-

103 4216 208 4272 bus
256 4231 316 4275 ct
368 4224 632 4291 agricolis
680 4227 766 4282 illa
800 4230 910 4300 ipsa
943 4235 1192 4302 probans.
1228 4237 1352 4295 ideo
1398 4216 1728 4317 hic-quoque

101 4327 420 4370 Commune
452 4319 754 4390 exemplum
779 4323 828 4376 in
852 4326 1086 4382 medium
1111 4331 1285 4399 affert,
1307 4349 1414 4405 quo
1437 4338 1724 4398 admodum

96 4406 411 4461 contendit
466 4419 524 4462 ut
567 4412 813 4467 ostendat
850 4419 1116 4474 neminem
1165 4425 1344 4480 minus
1384 4443 1545 4498 quam
1589 4433 1724 4490 alios

98 4496 340 4564 habere,
385 4500 448 4554 id
479 4503 620 4570 quod
651 4507 892 4564 mirabile
921 4512 1105 4568 luisset
1130 4524 1185 4570 et
1212 4496 1432 4586 probatu
1457 4523 1672 4582 difficile
1699 4569 1717 4597 ,

92 4597 419 4661 tamenquc
473 4593 825 4664 simpliciores
871 4615 1054 4671 posset
1103 4613 1477 4669 recrearezde
1506 4616 1571 4672 iis
1600 4635 1721 4689 qua:

85 4680 156 4733 ad
181 4696 410 4752 corpus
444 4696 691 4751 spectant
715 4689 850 4746 dico.
874 4693 1272 4755 Pnsillmnimem
1297 4719 1526 4776 namque
1541 4718 1597 4764 et
1615 4712 1718 4766 mi-

85 4788 194 4828 nus
225 4774 552 4832 habentem
592 4781 720 4835 nihil
753 4783 820 4837 ita
848 4791 1156 4845 consolatur
1181 4802 1235 4848 et
1277 4796 1343 4850 ad
1373 4814 1480 4855 non
1529 4801 1718 4859 dolen-

80 4869 218 4922 dum
255 4870 537 4938 inducit,
569 4883 623 4927 ut
662 4891 784 4930 cum
827 4878 987 4936 discit
1030 4899 1092 4938 se
1136 4901 1240 4940 non
1275 4889 1448 4946 minus
1493 4893 1713 4958 habere.

74 4958 473 5031 Quapropter
503 4962 552 5016 id
584 4965 672 5019 ille
704 4968 935 5036 probans
961 5015 975 5037 ,
1007 4975 1084 5028 sic
1109 4975 1376 5046 loquitur:
1411 4985 1554 5039 Sicut
1577 4991 1710 5043 enim

72 5068 278 5122 corpus
303 5069 495 5107 unum
517 5063 612 5121 est,
643 5068 688 5112 et
713 5061 932 5115 membra
961 5066 1106 5120 habet
1130 5071 1312 5125 multa.
1345 5075 1589 5134 Vidistin’
1616 5099 1702 5135 ac-

65 5153 344 5199 curatam
412 5145 826 5218 intelligentiam
855 5155 877 5206 ?
906 5155 1142 5227 ldipsum
1187 5171 1242 5218 et
1273 5181 1435 5221 unum
1461 5178 1515 5224 et
1541 5174 1707 5229 multa

63 5251 197 5291 esse
229 5238 532 5292 ostendit.
568 5240 690 5296 Ideo
711 5246 1005 5318 subjungit,
1042 5253 1092 5305 in
1123 5259 1394 5326 pr0posito
1425 5265 1593 5334 magis
1628 5267 1710 5320 iu-

59 5339 230 5385 stans
265 5349 284 5388 :
323 5329 538 5386 Omnia
558 5345 723 5390 autem
750 5342 969 5395 membra
997 5348 1241 5415 corporis,
1269 5367 1382 5406 cum
1403 5355 1503 5410 sint
1523 5359 1703 5426 multa,

56 5437 234 5475 unum
268 5431 416 5478 sunt
442 5437 650 5493 corpus.
675 5426 788 5482 Non
810 5429 944 5486 dixit
969 5477 982 5498 ,
1017 5432 1147 5491 Cum
1179 5441 1286 5496 sint
1313 5446 1478 5502 multa
1501 5490 1519 5518 ,
1547 5453 1704 5508 unius

57 5528 197 5568 sum
219 5515 551 5586 corporis;
593 5518 707 5582 sed,
742 5520 852 5577 lloc
877 5527 1048 5594 ipsum
1081 5545 1239 5586 unum
1274 5539 1434 5592 multa
1460 5554 1616 5610 sunt,
1646 5556 1702 5601 et

57 5605 152 5657 illa
181 5606 380 5661 multa
410 5607 663 5663 membra
677 5609 776 5667 hoc
794 5629 955 5670 unum
977 5629 1078 5675 est.
1099 5622 1152 5677 Si
1183 5639 1310 5696 ergo
1339 5632 1499 5687 multa
1532 5651 1694 5693 unum

51 5706 193 5752 sunt
220 5739 237 5765 ,
287 5706 354 5754 et
415 5713 592 5754 unum
634 5702 792 5757 multa
821 5747 834 5772 ,
864 5707 952 5763 ubi
984 5722 1065 5766 est
1112 5714 1452 5776 dilferentia?
1477 5727 1690 5786 ubinam

51 5789 108 5846 id
138 5791 307 5865 quod
334 5791 615 5848 excedit?
640 5795 725 5851 ubi
748 5799 896 5873 quod
918 5819 1092 5862 minus
1122 5822 1203 5868 est
1231 5814 1250 5866 ?
1285 5816 1466 5876 Omnia
1498 5829 1635 5884 cultu
1669 5872 1682 5896 ,

1873 2133 2044 2202 inquit
2071 2179 2086 2202 ,
2120 2155 2276 2196 unum
2301 2155 2420 2201 sunt
2446 2189 2462 2214 ,
2494 2161 2550 2206 et
2599 2169 2708 2212 non
2752 2161 2914 2218 modo
2940 2180 3104 2224 unum
3134 2211 3150 2236 ,
3173 2172 3280 2230 sed
3293 2177 3453 2235 etiam

1872 2227 2040 2295 magis
2087 2234 2300 2302 proprie
2351 2242 2654 2301 examinata
2687 2286 2702 2314 ,
2736 2255 3030 2312 secundmn
3077 2227 3225 2332 quod

3095 2321 3109 2332 _
3272 2321 3451 2341 μγ,-

1867 2327 1996 2372 sunt
2022 2361 2037 2386 ,
2067 2321 2418 2386 inveniuntur
2439 2338 2621 2393 omnia
2649 2356 2773 2399 esse
2799 2361 2982 2402 unum.
3015 2353 3243 2420 Quando
3270 2368 3451 2416 autem

1869 2427 1964 2480 per
2003 2427 2214 2486 partes,
2261 2432 2383 2479 tunc
2421 2427 2718 2488 differentia
2754 2447 2872 2505 est,
2923 2451 2977 2497 et
3016 2445 3314 2506 dilferentia
3355 2455 3444 2510 illa

1864 2501 1917 2556 in
1970 2509 2219 2566 omnibus
2255 2515 2521 2576 similiter.
2551 2522 2768 2582 Nullum
2815 2533 2957 2587 enim
3008 2549 3194 2594 eorum
3245 2559 3340 2612 per
3387 2560 3450 2602 se

1861 2608 2044 2665 potest
2067 2615 2264 2673 corpus
2302 2609 2516 2668 eflicere
2543 2654 2561 2681 ,
2593 2618 2687 2672 sed
2720 2622 2833 2688 pari
2870 2625 3034 2682 modo
3071 2608 3280 2702 singula
3313 2635 3447 2692 dcti-

1860 2690 2010 2746 ciuut
2037 2694 2103 2749 ad
2126 2711 2324 2769 corpus
2348 2703 2738 2768 efformandum
2769 2756 2785 2780 ,
2811 2727 2868 2770 et
2909 2733 3046 2789 opus
3090 2735 3176 2779 est
3213 2731 3443 2799 conjun-

1860 2785 2058 2842 ctione.
2103 2789 2236 2846 Cum
2263 2796 2406 2851 enim
2437 2801 2600 2858 multa
2633 2820 2794 2861 unum
2823 2809 3128 2870 efficiuntur
3153 2857 3171 2885 ,
3206 2829 3331 2878 tunc
3359 2837 3442 2882 est

1861 2963 2046 3023 Omnia
2070 2983 2236 3028 autem
2275 2981 2495 3038 membra
2527 2990 2774 3057 corporis,
2802 3010 2916 3049 cum
2938 3001 3040 3054 sint
3066 3005 3247 3073 multa,
3275 3025 3438 3067 unum

1857 3069 1929 3114 est
1951 3079 2152 3136 corpus.
2180 3068 2364 3142 Neque
2388 3075 2522 3134 dixit
2549 3121 2565 3147 ,
2587 3082 2718 3151 Quae
2743 3091 3009 3150 excedunt
3038 3106 3094 3153 et
3119 3068 3244 3170 qum
3262 3107 3442 3163 mino-

1855 3167 1913 3207 ra
1941 3164 2088 3223 sunt,
2108 3159 2204 3215 sed
2228 3205 2244 3226 ,
2278 3162 2403 3219 Cum
2421 3170 2523 3225 sint
2549 3175 2710 3230 multa
2733 3219 2750 3245 ,
2779 3184 2920 3251 quod
2947 3159 3233 3249 commune
3255 3199 3437 3252 otuni-

1851 3244 1955 3301 bus
2004 3261 2106 3305 cst.
2151 3254 2220 3308 Et
2266 3261 2538 3326 quomodo
2585 3266 2699 3322 fieri
2756 3244 2934 3341 potest
2978 3290 3034 3334 ut
3082 3284 3194 3338 sint
3217 3301 3380 3343 unum
3410 3292 3436 3346 τ

1851 3338 2074 3406 Quando
2099 3345 2269 3416 ejecta
2300 3354 2664 3414 membrorum
2693 3361 2995 3423 differentia
3029 3413 3046 3437 ,
3078 3388 3275 3447 corpus
3301 3395 3432 3437 exa-

1849 3433 2156 3492 minaveris.
2185 3439 2335 3507 Quod
2357 3447 2502 3504 enim
2531 3463 2613 3506 est
2634 3457 2842 3522 oculus,
2877 3460 2980 3518 bne
3002 3475 3057 3520 et
3085 3483 3178 3536 pes
3206 3480 3311 3540 est,
3339 3489 3428 3531 se-

1847 3529 2081 3586 cundum
2113 3534 2163 3589 id
2194 3539 2336 3606 quod
2367 3544 2661 3602 membrum
2690 3563 2815 3606 sunt
2839 3564 2892 3608 et
2912 3529 3109 3629 corpus
3138 3529 3426 3624 efficiunt:

1844 3620 1989 3674 nulla
2007 3623 2146 3678 enim
2164 3625 2251 3682 hic
2273 3629 2570 3690 dill‘erentia
2589 3648 2693 3694 est.
2715 3641 2898 3715 Neque
2925 3620 3102 3707 dicere
3131 3620 3302 3722 possis
3327 3620 3430 3715 hoc

1844 3713 2143 3770 membrum
2176 3734 2272 3788 per
2295 3736 2354 3778 se
2382 3740 2578 3797 corpus
2599 3713 2962 3800 facere,villud
2983 3759 3087 3797 non
3119 3746 3282 3804 item:
3311 3766 3428 3808 om-

1842 3803 1929 3856 nia
1961 3806 2104 3861 enim
2139 3808 2238 3868 hac
2265 3812 2318 3868 in
2341 3830 2402 3872 re
2424 3822 2569 3888 paria
2595 3833 2742 3894 sunt,
2761 3829 2882 3898 quia
2909 3834 3088 3890 omnia
3113 3853 3280 3895 unum
3299 3856 3398 3898 sun

1839 3909 2054 3964 corpus.
3201 3973 3204 3976 .
3381 3943 3386 3948 ‘

1911 3987 2138 4046 Ecclesia
2179 3999 2385 4066 corpori
2417 4001 2640 4062 humano
2675 4024 3023 4083 comparatur.
3050 4047 3126 4062 --
3151 4021 3266 4080 Hoc
3298 4039 3420 4083 eum

1837 4079 2081 4150 dixisset,
2113 4093 2169 4141 et
2193 4089 2339 4146 clare
2362 4108 2428 4148 ex
2462 4099 2699 4154 omnium
2729 4105 2938 4162 calculo
2965 4109 3415 4186 demonstrasset,

1835 4173 2130 4244 subjttnxit,
2160 4177 2245 4235 Ita
2269 4192 2316 4236 et
2343 4182 2596 4255 Christus.
2622 4191 2834 4251 Etcum
2863 4204 3184 4270 oportuisset
3211 4173 3413 4278 dicere;

1833 4262 1906 4317 ita
1951 4276 2004 4321 et
2052 4268 2332 4341 Ecclesia;
2389 4277 2493 4334 hoc
2537 4283 2680 4340 enim
2728 4262 3064 4363 consequens
3111 4309 3273 4354 erat:
3315 4302 3418 4360 hoc

1833 4355 2048 4424 quidem
2082 4376 2188 4417 non
2219 4363 2375 4433 dixit,
2405 4370 2498 4425 sed
2532 4372 2681 4431 illius
2722 4379 2843 4435 loco
2865 4355 3135 4443 Cbristum
3161 4355 3417 4461 ponit,vin
3447 4411 3452 4414 '

1829 4451 1994 4506 altum
2026 4456 2292 4514 extollens
2316 4463 2642 4535 orationem,
2667 4479 2723 4525 ct
2763 4473 3066 4533 auditore
3094 4483 3264 4553 magis
3309 4500 3412 4556 pu-

1827 4542 1960 4599 dore
2005 4545 2267 4605 alliciens.
2312 4551 2426 4610 lloc
2469 4567 2645 4614 autem
2690 4565 2804 4619 vult
2844 4567 3150 4638 signiﬁcare
3236 4542 3328 4630 Ita-
3355 4587 3412 4636 et

1828 4635 2026 4693 Christi
2053 4654 2273 4712 corpus,
2303 4647 2445 4715 quod
2473 4659 2557 4705 est
2582 4652 2843 4711 Ecclesia.
2866 4635 3017 4715 Sicut
3037 4666 3180 4720 enim
3201 4675 3258 4724 et
3281 4685 3406 4725 cor-

1825 4741 1924 4794 pus
1966 4739 2021 4784 et
2063 4744 2227 4804 caput
2271 4752 2406 4793 unus
2434 4752 2559 4798 sunt
2609 4745 2790 4813 homo,
2824 4749 2894 4804 ita
2922 4761 2979 4808 et
3026 4754 3322 4816 Ecclesiam
3354 4771 3412 4820 et

1825 4818 2098 4878 Christum
2127 4842 2289 4884 unum
2317 4846 2438 4888 csse
2463 4833 2616 4890 dixit.
2654 4836 2778 4894 Ideo
2801 4842 3074 4902 Christum
3103 4863 3199 4920 pro
3220 4853 3408 4912 Eccle-

1823 4912 1899 4965 sia
1932 4917 2129 4984 posuit,
2149 4934 2346 4991 corpus
2373 4924 2491 4994 ejus
2520 4927 2600 4983 sic
2625 4946 2845 4991 vocans.
2867 4937 3014 4994 Sicut
3040 4957 3188 5014 ergo,
3210 4946 3399 5019 inquit,

1821 5019 2014 5074 corpus
2057 5024 2299 5068 nostrum
2332 5032 2494 5072 unum
2525 5030 2629 5089 est,
2656 5026 2864 5084 etiamsi
2893 5047 2960 5086 ex
2989 5035 3167 5091 multis
3195 5044 3400 5097 consti-

1821 5104 2028 5152 tuatur:
2057 5102 2124 5157 ita
2149 5113 2202 5157 et
2225 5105 2274 5158 in
2298 5106 2538 5166 Ecclesia
2562 5131 2750 5173 omnes
2772 5135 2934 5177 unum
2957 5139 3160 5184 sumus.
3178 5131 3398 5194 Etiamsi

1817 5188 1958 5241 enim
1989 5191 2077 5245 illa
2110 5209 2172 5250 ex
2201 5198 2381 5254 nmltis
2407 5204 2666 5263 membris
2706 5221 2938 5284 constat,
2967 5220 3060 5274 sed
3103 5222 3190 5278 illa
3232 5227 3398 5284 multa

1819 5293 1980 5334 unum
2024 5281 2155 5338 fiunt
2184 5302 2401 5361 corpus.
2432 5294 2562 5351 Cum
2609 5314 2740 5372 ergo
2779 5320 3076 5367 recreasset
3103 5323 3159 5369 et
3188 5320 3398 5374 erexis-

1815 5380 1898 5424 set
1923 5373 1990 5427 ab
2021 5375 2124 5431 hoc
2153 5386 2425 5440 communi
2451 5395 2703 5461 exetttplo
2731 5412 2852 5452 eum
2877 5403 2968 5471 qui
2994 5404 3276 5465 videbatur
3295 5411 3399 5468 mi-

1815 5478 1912 5517 nnr
1940 5467 2075 5532 licri,
2100 5486 2286 5530 rursus
2311 5492 2654 5539 communem
2681 5467 2908 5547 dimittit
2925 5499 3392 5568 consuetudinem.

1813 5565 1866 5607 et
1893 5557 1957 5611 ad
1995 5560 2138 5617 aliud
2164 5568 2336 5638 pergit
2360 5573 2638 5640 spirituate
2661 5591 2842 5651 caput,
2875 5587 3133 5656 majorem
3159 5557 3392 5651 atfercns'

1811 5653 2252 5730 consolationem,
2293 5664 2434 5724 quod
2485 5670 2734 5726 ostendat
2781 5691 3024 5747 magnam
3078 5685 3130 5738 in
3181 5685 3388 5745 honoro

1797 5749 1843 5786 τη
1865 5738 2172 5795 nuditatem.
2215 5746 2495 5811 Quodnam
2538 5751 2667 5807 illud
2699 5757 2820 5810 est?
2850 5738 2933 5816 l3.
2971 5761 3174 5821 Etenim
3204 5769 3258 5824 in
3285 5789 3394 5830 uno.

1798 5827 2023 5902 Spiritu,
2055 5833 2242 5903 inquit,
2273 5856 2447 5897 omnes
2481 5861 2570 5900 nos
2619 5849 2668 5900 in
2719 5866 2875 5906 unum
2922 5872 3102 5927 corpus
3136 5861 3384 5934 baptismi
