3826 6216
373 268 472 330 ςτδι

374 404 575 457 nimus,
602 389 703 443 sise
729 386 923 454 Judaei,
960 388 1063 442 sive
1114 386 1299 452 Cra'ci,
1342 387 1445 441 sive
1474 387 1623 453 serui,
1653 386 1757 440 sive
1802 383 1965 438 liberi.

378 483 429 539 Id
462 492 542 538 est
571 499 586 536 :
619 481 760 552 quod
791 480 969 536 effecit
1009 488 1069 534 ut
1112 496 1276 534 unum
1314 495 1511 549 corpus
1541 480 1731 542 simus,
1765 485 1820 532 et
1869 490 1969 530 nos

379 573 743 645 regeneravit.
764 588 901 627 unus
932 582 1015 627 est
1037 573 1273 645 Spiritus
1300 590 1313 627 :
1346 587 1449 625 non
1472 572 1614 625 enim
1641 569 1692 624 in
1726 570 1830 623 alio
1858 567 1965 633 hic,

381 665 435 718 in
469 666 578 720 alio
606 665 695 719 ille
720 664 1021 734 baptizatus
1045 673 1127 717 est
1173 663 1383 732 Spiritu.
1421 661 1541 717 Non
1585 660 1745 715 modo
1787 667 1967 713 autem

382 758 478 829 qui
526 773 625 811 nos
655 757 887 827 baptizat
917 771 1053 809 unus
1096 765 1200 820 est,
1247 754 1340 809 sed
1372 762 1427 808 et
1465 768 1630 808 unum
1660 762 1742 806 est
1782 752 1832 805 in
1860 765 1969 819 quo

386 847 711 919 baptizavit;
747 846 796 901 id
819 857 923 911 est,
951 855 1173 916 propter
1191 845 1331 914 quod
1361 844 1664 915 baptizavit.
1687 842 1801 897 Non
1826 842 1967 897 enim

384 955 446 999 ut
470 944 681 999 diversa
714 942 904 998 fierent
930 957 1179 1010 corpora,
1204 940 1297 996 sed
1343 948 1401 995 ιιι
1427 954 1614 994 omnes
1662 939 1818 991 unius
1848 952 1971 991 eor-

384 1037 535 1107 poris
580 1046 883 1091 accuratam
926 1035 1361 1104 conjunctionem
1430 1041 1616 1088 mutuo
1666 1045 1964 1092 servemus,

384 1128 637 1198 baptizati
682 1143 907 1191 smnus;
957 1128 1060 1181 hoc
1102 1136 1204 1191 est,
1240 1135 1298 1181 ut
1342 1139 1531 1181 omnes
1570 1139 1750 1201 unum
1775 1135 1971 1191 corpus

384 1221 574 1285 simus,
604 1219 656 1272 in
685 1218 789 1273 hoc
822 1219 1072 1289 baptizati
1097 1234 1305 1271 smnus.
1720 1198 1768 1253 δ

457 1311 513 1366 2.
560 1309 747 1381 Itaque
789 1321 844 1367 et
888 1312 977 1382 qui
1028 1310 1331 1365 construxit
1370 1323 1587 1379 corpus,
1622 1319 1758 1362 unus
1786 1316 1885 1370 est,
1917 1315 1971 1361 et

385 1402 439 1459 id
464 1402 530 1458 ad
553 1402 697 1474 quod
722 1411 1088 1458 constructum
1120 1410 1222 1465 est,
1258 1416 1420 1455 unum
1452 1408 1554 1455 est.
1584 1398 1693 1456 Nec
1718 1398 1871 1461 dixit,
1902 1398 1973 1454 Ut

386 1496 559 1552 simus
582 1496 821 1567 ejusdem
860 1496 1138 1568 corporis;
1182 1494 1297 1559 sed,
1330 1493 1400 1550 Ut
1426 1510 1589 1548 unum
1618 1507 1815 1563 corpus
1856 1508 1973 1547 om-

384 1604 483 1646 nes
508 1591 678 1645 simus
702 1606 714 1643 :
748 1604 963 1661 semper
991 1589 1134 1644 enim
1163 1588 1345 1643 Studet
1370 1587 1546 1643 verbis
1575 1588 1833 1657 majorem
1860 1601 1974 1641 em-

385 1684 574 1753 phasin
602 1682 1031 1755 exprimentibus
1064 1682 1161 1736 uti.
1197 1681 1264 1736 Et
1302 1681 1440 1736 bene
1471 1680 1635 1746 dixit,
1669 1678 1855 1734 Omnes
1884 1695 1973 1732 su-

383 1794 516 1842 mus,
546 1779 782 1848 seipsum
822 1778 1101 1848 adjiciens.
1135 1775 1317 1847 Neque
1350 1777 1492 1830 enim
1539 1788 1668 1845 ergo
1697 1772 1973 1843 apostolus

386 1870 506 1937 plus
532 1883 691 1938 quam
725 1878 779 1923 tu
816 1868 941 1939 quid
971 1868 1143 1923 habeo
1170 1886 1182 1922 :
1215 1867 1414 1922 etenim
1439 1875 1492 1919 tu
1524 1878 1720 1934 corpus
1743 1878 1801 1918 es
1837 1864 1976 1919 sicut

388 1972 443 2017 et
482 1975 605 2031 ego,
638 1975 759 2031 ego,
806 1960 943 2015 sicut
988 1970 1064 2023 tu,
1095 1969 1149 2015 et
1194 1972 1383 2012 omnes
1434 1957 1663 2027 idipsum
1716 1955 1975 2011 habemus

390 2064 573 2125 caput,
599 2064 653 2107 et
679 2053 867 2109 eodem
895 2062 1047 2123 partu
1081 2052 1189 2107 nati
1216 2067 1433 2107 smnus:
1461 2050 1660 2105 idcirco
1686 2048 1825 2104 idem
1855 2063 1976 2103 cor-

391 2162 493 2217 pus
522 2161 727 2201 sumus.
762 2146 829 2201 Et
867 2145 995 2216 quid
1019 2146 1139 2200 dico
1164 2186 1179 2209 ,
1208 2144 1399 2213 inquit,
1440 2142 1694 2199 Judwos?
1743 2142 1875 2197 Nam
1921 2150 1976 2198 et

388 2238 608 2294 Gnaeos
640 2254 670 2292 a
699 2238 852 2293 nobis
876 2247 1079 2291 tantum
1110 2236 1356 2300 dissitos,
1384 2236 1449 2290 ad
1483 2235 1534 2290 id
1566 2238 1737 2306 ipsum
1779 2250 1976 2305 corpus

394 2328 621 2400 redegit.
664 2330 840 2397 Quare
883 2344 1003 2383 cum
1044 2328 1296 2394 dixisset,
1345 2328 1456 2382 Nos
1495 2344 1697 2389 omnes,
1739 2342 1845 2382 non
1890 2326 1977 2383 hic

389 2422 660 2488 substitit;
685 2422 779 2478 sed
807 2422 1087 2493 subjunxit
1114 2443 1129 2478 :
1156 2424 1278 2478 Sive
1302 2420 1497 2489 Judwi,
1534 2422 1633 2477 sive
1661 2420 1845 2484 (Irasci,
1873 2423 1977 2475 sive

386 2515 538 2579 servi,
587 2514 689 2569 sive
737 2514 901 2568 liberi.
942 2513 1095 2582 Quod
1139 2515 1185 2570 si
1233 2528 1357 2569 cum
1400 2524 1556 2569 antea
1602 2513 1737 2568 adeo
1780 2513 1976 2569 remoti

395 2620 659 2669 essemus,
686 2606 855 2676 juncti
888 2622 1075 2661 sumus
1104 2615 1159 2661 et
1187 2622 1350 2661 unum
1380 2605 1586 2673 effecti;
1617 2606 1786 2660 multo
1810 2606 1977 2676 magis

394 2708 676 2769 postquam
703 2714 866 2753 unum
895 2698 1020 2754 facti
1047 2714 1253 2763 sumus,
1286 2714 1392 2753 non
1429 2698 1687 2753 debemus
1712 2698 1894 2752 dolere
1925 2706 1980 2751 et

396 2793 649 2849 mastitia
678 2792 816 2848 afﬁci
845 2811 857 2846 :
893 2808 1065 2862 neque
1093 2793 1236 2847 enim
1264 2792 1439 2847 locum
1468 2790 1627 2845 habet
1653 2790 1975 2845 differentia.

400 2884 532 2940 Nam
552 2884 596 2940 si
623 2880 841 2941 Graecos
878 2902 972 2939 seu
1000 2885 1229 2956 gentiles
1248 2895 1301 2940 et
1324 2884 1543 2939 Judaros
1570 2883 1760 2937 iisdem
1791 2882 1981 2954 digna-

395 2986 482 3032 tus
520 2986 623 3043 est,
656 2991 864 3033 necnon
910 2993 1097 3033 servos
1139 2987 1195 3032 et
1236 2977 1469 3043 liberos;
1516 2976 1789 3057 quomodo
1829 2983 1979 3046 post-

393 3085 553 3139 quam
582 3069 634 3126 id
663 3070 914 3142 dignatus
959 3081 1061 3137 est,
1100 3070 1441 3141 disjunxerit,
1470 3069 1684 3141 quando
1719 3069 1979 3139 majorem

395 3172 451 3218 et
507 3165 895 3219 accuratiorem
945 3179 1011 3218 ex
1063 3162 1221 3218 do‘nis
1269 3162 1701 3232 coniunctionem
1763 3162 1982 3220 efﬁcere

397 3255 646 3327 dignatus
667 3256 789 3311 est?
813 3251 883 3311 Et
913 3272 1084 3311 omnes
1114 3272 1217 3310 uno
1246 3255 1445 3326 Spiritu
1477 3256 1637 3321 putati
1663 3272 1859 3311 sumus.
1891 3258 1979 3312 Η.

401 3346 541 3401 Nam
566 3356 614 3402 et
643 3363 845 3418 corpus
861 3364 963 3401 non
989 3356 1061 3401 est
1087 3363 1244 3401 unum
1271 3348 1567 3415 membrum,
1596 3348 1686 3402 sed
1715 3350 1895 3403 multa.
1929 3349 1982 3405 Id

399 3447 506 3504 est,
536 3438 603 3493 ad
633 3438 877 3493 eamdem
909 3439 1155 3494 venimus
1195 3439 1573 3510 mysteriorum
1606 3439 1981 3508 initiationem,

399 3531 587 3587 tandem
638 3530 865 3587 fruimur
917 3545 1121 3585 mensa.
1165 3530 1232 3585 Et
1278 3545 1375 3585 cur
1418 3544 1525 3585 non
1555 3530 1735 3586 dixit:
1779 3531 1982 3589 Eodem

395 3639 626 3695 corpore
649 3626 935 3691 nutrimur,
958 3632 1013 3680 et
1038 3622 1226 3679 eodem
1252 3626 1509 3695 sanguine
1538 3627 1822 3694 potamur?
1850 3627 1985 3694 Quia

398 3731 523 3771 cum
556 3717 812 3787 Spiritum
843 3716 1001 3779 dixit,
1028 3725 1317 3787 utrumque
1346 3717 1665 3787 signiﬁcavit
1690 3728 1745 3773 et
1770 3720 1988 3790 sangui-

402 3822 525 3864 nem
554 3818 609 3865 et
638 3823 835 3879 corpus
861 3826 876 3863 :
920 3822 1015 3879 per
1044 3817 1327 3878 utrumque
1357 3810 1499 3864 enim
1527 3825 1635 3865 uno
1659 3810 1860 3880 Spiritu
1893 3826 1988 3881 po-

406 3910 601 3954 tamur.
632 3899 760 3955 Mihi
787 3910 967 3955 autem
994 3899 1207 3955 videtur
1235 3914 1377 3955 nunc
1405 3900 1588 3957 dicere
1634 3902 1779 3956 illum
1813 3902 1980 3973 Spiri-

406 4004 494 4048 tus
542 3992 853 4060 adventum,
887 3992 976 4062 qui
1023 4006 1053 4046 a
1096 3992 1413 4060 baptismate
1459 4001 1514 4048 et
1560 4003 1686 4049 ante
1734 3995 1988 4064 mysteria

408 4084 565 4139 nobis
606 4084 837 4140 accedit.
882 4084 1025 4139 Dixit
1061 4094 1275 4150 autem,
1307 4082 1482 4138 Palati
1527 4102 1723 4153 sumus,
1752 4088 1876 4155 quia
1905 4086 1989 4140 di-

408 4176 605 4232 ctionis
649 4176 960 4247 metaphora
992 4176 1146 4232 valde
1170 4188 1468 4247 opportuna
1516 4177 1614 4247 ipsi
1645 4186 1729 4232 est
1754 4179 1818 4231 ad
1850 4192 1987 4248 pra:-

408 4285 535 4325 scns
573 4280 988 4341 argumentum:
1024 4278 1081 4323 ut
1124 4269 1169 4323 si
1195 4268 1262 4323 de
1311 4270 1505 4339 plantis
1537 4279 1589 4324 et
1626 4269 1696 4325 de
1746 4270 1994 4340 paradiso

407 4362 634 4428 diceret,
663 4360 745 4416 Ab
774 4360 963 4415 eodem
1003 4359 1152 4416 fonte
1194 4374 1384 4415 omnes
1412 4360 1634 4416 arbores
1680 4361 1991 4431 irrigantur,

404 4460 463 4506 et
486 4451 556 4506 ab
578 4450 767 4507 eadem
795 4464 931 4521 aqua
955 4470 969 4506 :
997 4451 1067 4506 ita
1095 4461 1150 4506 et
1176 4450 1229 4505 in
1254 4451 1531 4522 pmsenti,
1564 4452 1764 4508 Eodem
1792 4452 1995 4524 Spiritu

409 4544 573 4612 potati
612 4558 799 4599 sumus
826 4558 1039 4603 omnes.
1080 4542 1324 4598 eamdem
1360 4545 1699 4613 percepimus
1742 4547 1992 4615 gratiam.

410 4636 468 4689 Si
492 4650 622 4705 ergo
650 4649 788 4690 unus
812 4634 1047 4705 Spiritus
1071 4650 1171 4689 nos
1199 4636 1499 4705 conjunxit,
1525 4644 1581 4690 et
1607 4651 1705 4691 nos
1727 4652 1916 4691 omnes
1944 4638 1995 4692 in

408 4742 572 4781 unum
611 4742 807 4799 Corpus
852 4728 1159 4798 compegit;
1196 4728 1299 4783 hoc
1345 4729 1490 4783 enim
1534 4727 1799 4798 signiﬁcat
1844 4730 1994 4794 illud,

413 4818 481 4872 In
510 4834 666 4872 unum
697 4836 882 4889 corpus
910 4818 1153 4888 baptizari
1193 4835 1415 4883 sumus;
1458 4830 1512 4875 et
1557 4835 1716 4874 unam
1758 4836 1997 4876 mensam

418 4909 640 4978 largitus
666 4918 769 4977 est,
801 4919 857 4965 et
884 4909 1133 4965 eamdem
1174 4910 1428 4965 omnibus
1459 4910 1823 4982 irrigationem
1850 4930 1866 4979 ;
1900 4913 2001 4968 hoc

416 5004 561 5059 enim
607 5000 711 5056 sibi
740 5001 853 5055 vult
898 5001 1048 5066 illud,
1087 4999 1201 5057 Uno
1250 5002 1451 5071 Spiritu
1496 5004 1652 5073 potati
1687 5020 1899 5069 sumus;
1945 5016 2001 5060 et

416 5101 566 5148 tanto
596 5092 877 5147 intervallo
906 5094 1124 5149 dissitos
1145 5096 1357 5165 junxit;
1388 5106 1444 5151 et
1486 5096 1652 5151 multa
1700 5106 1827 5151 tunc
1868 5098 2001 5153 ﬁunt

414 5200 637 5256 corpus,
664 5185 881 5256 quando
908 5186 1045 5242 facta
1076 5188 1290 5243 fuerunt
1316 5204 1480 5245 unum
1509 5207 1522 5243 :
1557 5206 1654 5244 cur
1682 5191 1808 5245 mihi
1840 5192 1998 5248 dill‘e~

418 5278 649 5335 rentiam
688 5291 783 5333 sus
824 5277 1001 5348 deque
1030 5280 1253 5341 versas?
1283 5279 1340 5336 Si
1370 5292 1547 5336 autem
1582 5281 1805 5349 dixeris,
1836 5282 1997 5339 Multa

412 5382 542 5429 sunt
570 5370 812 5427 tuembra
844 5381 901 5427 et
925 5371 1137 5427 diversa
1167 5390 1181 5425 :
1210 5373 1393 5429 discas
1432 5374 1532 5429 hoc
1558 5376 1729 5445 ipsum
1758 5392 1880 5432 esse
1905 5376 2001 5431 ad-

412 5463 685 5528 mirabile,
702 5472 759 5517 et
788 5461 929 5518 hanc
952 5465 1200 5533 corporis
1225 5478 1346 5519 esse
1368 5466 1769 5531 excellentiam,
1789 5468 2003 5537 quando

415 5556 583 5614 multa
611 5564 668 5610 et
691 5554 902 5610 diversa
931 5570 1095 5610 unum
1125 5555 1385 5611 efﬁciunt.
1422 5557 1576 5622 Quod
1619 5558 1663 5613 si
1692 5559 1860 5612 multa
1896 5575 2001 5614 non

417 5656 622 5715 essent,
642 5660 750 5703 non
772 5646 845 5703 ita
872 5647 1116 5702 mirabile
1135 5656 1191 5702 et
1222 5648 1643 5719 inexspectatum
1665 5660 1809 5705 esset
1833 5666 2002 5707 unum

425 5757 551 5801 esse
573 5755 804 5811 corpus;
837 5740 946 5797 imo
985 5754 1052 5797 nc
1086 5750 1229 5799 esset
1258 5740 1470 5811 quidem
1516 5757 1729 5813 corpus.
1760 5743 1865 5800 Sed
1894 5744 1994 5801 hoc

1106 268 1163 328 5.
1202 268 1480 329 JOANNIS
1514 264 1983 329 CllRYSOSTOlll

2125 264 2346 321 ClllEP.
2378 264 2910 325 CONSTANTINUP.

3569 272 3682 328 2.32

2077 378 2297 443 quidem
2331 389 2604 450 postremo
2630 382 2817 452 ponit:
2852 382 3067 438 interim
3094 396 3221 438 vero
3251 384 3316 437 ad
3350 383 3468 455 ipsa
3500 400 3681 440 mem-

2076 470 2168 526 bra
2201 474 2395 542 pergit,
2425 473 2495 527 ita
2525 474 2786 544 loquens:
2834 476 2915 531 l5.
2951 474 3011 529 Si
3044 475 3227 529 dixerit
3254 493 3377 546 pes,
3411 476 3539 530 Non
3565 496 3681 530 sua

2075 580 2277 630 atauus,
2306 582 2407 619 non
2432 582 2545 620 sum
2585 568 2647 621 de
2675 584 2925 639 corpore;
2978 585 3098 622 num
3148 569 3337 623 idcirco
3367 586 3473 623 non
3516 580 3595 625 est
3622 578 3684 625 de

2076 658 2333 726 corpore?
2366 658 2451 713 16.
2483 658 2611 713 Etsi
2639 660 2826 714 dixerit
2854 663 3017 725 auris,
3054 661 3173 715 Non
3202 681 3317 716 sum
3347 666 3554 727 oculus,
3577 682 3680 716 non

2075 763 2187 802 sum
2214 749 2279 803 tle
2301 765 2552 819 corpore;
2581 768 2699 805 num
2724 753 2913 807 idcirco
2944 770 3045 809 non
3067 765 3140 808 est
3166 755 3230 809 de
3256 772 3477 822 corpore
3493 757 3518 809 .’
3544 755 3683 810 Nam

2076 839 2119 893 si
2147 839 2288 908 quod
2321 841 2457 895 alius
2495 843 2673 897 minus
2697 842 2939 923 haberet,
2973 846 3109 899 alius
3135 846 3451 910 excederet,
3482 847 3533 901 id
3572 865 3682 901 nou

2076 934 2277 989 sineret
2318 950 2440 990 esse
2485 934 2551 991 de
2591 952 2840 1006 corpore,
2892 939 3200 993 universum
3250 940 3563 995 tolleretur.
3609 941 3685 995 3c

2078 1029 2256 1101 itaque
2284 1029 2506 1098 dixeris,
2535 1031 2648 1087 Non
2694 1048 2814 1089 sum
2859 1049 3078 1103 corpus,
3109 1036 3234 1105 quia
3286 1051 3409 1089 sum
3468 1036 3683 1092 minor:

2077 1124 2275 1177 etenim
2313 1139 2405 1193 pes
2437 1123 2699 1179 minorem
2734 1134 2880 1180 tenet
2910 1127 3180 1193 ordinem,
3214 1127 3310 1182 sed
3340 1138 3428 1183 est
3469 1144 3537 1182 ex
3564 1144 3687 1182 cor-

2080 1202 2390 1285 pore-Nam
2423 1232 2487 1270 ex
2519 1231 2751 1285 corpore
2797 1233 2918 1272 esse
2950 1218 3034 1272 vel
3080 1234 3184 1273 non
3224 1234 3369 1284 esse,
3400 1236 3517 1274 uon
3560 1220 3688 1275 inde

2080 1308 2139 1360 lit
2168 1307 2307 1377 quod
2337 1307 2475 1361 alius
2506 1307 2557 1361 in
2592 1309 2692 1361 hoc
2721 1308 2862 1374 loco,
2897 1309 3033 1363 alius
3075 1310 3126 1363 in
3158 1310 3268 1365 alio
3317 1312 3540 1380 positus
3579 1311 3685 1374 sit;

2079 1400 2179 1454 hoc
2211 1400 2357 1454 enim
2385 1400 2487 1453 loci
2533 1410 2735 1455 tantum
2790 1401 2914 1460 facit
2944 1400 3302 1457 differentiam
3330 1421 3345 1470 ;
3377 1404 3483 1458 sed
3525 1420 3596 1459 ex
3622 1419 3690 1458 eo

2078 1478 2220 1563 quod
2266 1494 2335 1547 sit
2361 1492 2679 1563 eonjunctus
2721 1495 2803 1549 vel
2851 1510 2960 1549 non
2990 1494 3311 1565 conjunctus
3348 1514 3361 1548 :
3400 1511 3535 1549 nam
3564 1510 3687 1550 esse

2081 1585 2163 1639 vel
2192 1600 2297 1638 non
2329 1600 2451 1640 esse
2480 1600 2677 1655 corpus
2705 1602 2770 1639 ex
2810 1601 2875 1641 eo
2910 1586 2985 1651 ﬁt,
3022 1586 3164 1655 quod
3196 1587 3281 1641 vel
3327 1586 3689 1657 conjunctae:

2079 1677 2162 1733 vel
2196 1693 2301 1733 non
2330 1678 2675 1748 conjunctum
2721 1681 2810 1735 sit.
2855 1680 2934 1735 T'u
2979 1697 3108 1735 vero
3150 1681 3280 1736 mihi
3338 1683 3688 1752 prudentiam

2082 1770 2371 1840 perpende,
2415 1772 2688 1842 quomodo
2736 1772 2849 1843 ipsa
2908 1773 3069 1829 verba
3119 1775 3369 1844 apposite
3425 1776 3693 1831 membris

2080 1863 2280 1917 nostris
2316 1864 2706 1919 accommodet.
2741 1865 2872 1919 Nam
2905 1875 2963 1920 ut
2991 1868 3239 1936 superius
3283 1868 3537 1933 diccbat,
3562 1867 3689 1922 lla't

2080 1958 2442 2027 trans/iguravi
2469 1958 2522 2011 in
2563 1975 2641 2012 me
2666 1967 2713 2012 et
2742 1959 2928 2030 Apollo
2952 1976 2969 2013 :
3009 1960 3088 2015 sic
3107 1970 3161 2015 et
3191 1960 3294 2015 hoc
3327 1961 3478 2025 loco,
3503 1972 3562 2015 ut
3586 1978 3691 2015 non

2081 2052 2390 2118 molestum,
2422 2051 2515 2106 sed
2547 2061 2826 2122 acceptum
2857 2053 3106 2108 redderet
3137 2069 3481 2118 sermonem,
3519 2070 3693 2109 mem-

2082 2142 2178 2198 bra
2206 2143 2481 2214 loquentia
2513 2142 2753 2209 inducit;
2788 2152 2844 2198 ut
2869 2159 2991 2199 cmn
3022 2144 3271 2200 audirent
3300 2154 3561 2201 naturam
3596 2147 3695 2201 sibi

2080 2235 2521 2305 respondentem,
2542 2234 2613 2290 ab
2633 2235 2745 2305 ipsa
2773 2236 3111 2306 experientia
3138 2237 3382 2292 convicti
3408 2246 3471 2292 et
3494 2254 3523 2290 a
3548 2253 3695 2292 com—

2082 2326 2229 2381 muni
2261 2326 2489 2392 calculo,
2522 2326 2650 2380 nihil
2684 2327 2819 2381 ultra
2848 2326 3222 2383 contradicere
3250 2328 3535 2384 valerent.
3558 2329 3693 2384 Nam

2081 2420 2195 2475 sive
2225 2420 2328 2475 hoc
2350 2419 2546 2489 ipsum,
2573 2419 2766 2488 inquit,
2793 2418 3008 2485 dicatis,
3032 2421 3147 2474 sive
3176 2422 3566 2485 murmuretis,
3588 2438 3696 2477 non

2083 2512 2307 2583 potestis
2334 2521 2483 2567 extra
2510 2526 2706 2582 corpus
2744 2527 2885 2568 esse.
2923 2511 3393 2581 Quemadmodum
3423 2518 3577 2571 enim
3615 2518 3696 2572 lex

2085 2611 2311 2667 naturae,
2346 2603 2424 2656 sic
2451 2612 2505 2657 et
2537 2602 2704 2657 multo
2736 2605 2903 2674 magis
2930 2605 3119 2674 gratia:
3172 2606 3347 2660 virtus
3378 2609 3569 2662 omnia
3603 2624 3700 2664 cu-

2083 2694 2249 2749 studit
2278 2704 2331 2749 et
2359 2705 2665 2752 conservat.
2693 2695 2758 2750 Et
2790 2696 2912 2752 vide
2936 2699 3208 2768 quomodo
3228 2702 3434 2757 caverit
3464 2719 3538 2757 ne
3569 2704 3699 2773 quid

2083 2785 2419 2856 superﬂuum
2460 2798 2627 2852 esset,
2655 2803 2763 2842 non
2792 2788 2860 2843 de
2900 2790 3159 2846 membris
3188 2793 3444 2849 omnibus
3487 2797 3701 2850 orando

2087 2884 2342 2942 tractans,
2372 2876 2467 2931 sed
2501 2876 2571 2932 de
2596 2876 2809 2932 duobus
2836 2887 3063 2947 tantum,
3092 2882 3264 2951 iisque
3285 2887 3582 2941 extremis.
3612 2887 3703 2942 Et-

2085 2969 2228 3023 enim
2279 2968 2519 3022 omnium
2570 2971 3019 3039 pretiosissimum
3067 2976 3285 3043 posuit,
3326 2977 3600 3045 oculum;
3650 2990 3704 3034 et

2086 3062 2326 3117 omnium
2358 3063 2677 3119 vilissimum
2705 3065 2890 3135 pedes.
2908 3065 3091 3137 Neque
3116 3068 3321 3125 inducit
3348 3070 3551 3139 pedem
3573 3086 3704 3128 cum

2086 3157 2246 3211 oculo
2270 3156 2598 3226 laquentem,
2620 3158 2715 3213 scd
2735 3173 2856 3213 cum
2881 3175 3041 3214 manu
3066 3176 3185 3231 qua:
3207 3172 3292 3217 est
3312 3165 3474 3231 paulo
3497 3165 3702 3227 altior;

2087 3248 2329 3303 auditum
2359 3256 2537 3303 autem
2580 3263 2703 3304 eum
2731 3250 2923 3304 oculis.
2955 3251 3091 3319 Quia
3136 3254 3285 3307 enim
3337 3270 3444 3309 non
3508 3256 3579 3311 iis
3613 3260 3701 3326 qui

2089 3354 2189 3395 nos
2233 3340 2390 3411 longe
2417 3353 2694 3410 superant,
2725 3344 2819 3398 sed
2850 3344 2915 3399 iis
2947 3346 3035 3415 qui
3087 3348 3249 3417 paulo
3289 3349 3519 3405 altiores
3551 3362 3703 3417 sunt,

2090 3433 2329 3487 solemus
2359 3433 2635 3500 invidere;
2680 3434 2801 3490 ideo
2828 3445 2881 3491 et
2914 3436 3028 3506 ipse
3058 3441 3136 3493 sic
3168 3437 3296 3494 facit
3323 3445 3704 3513 comparatio-

2092 3540 2235 3579 netn.
2265 3525 2351 3579 Π.
2385 3525 2446 3579 Si
2476 3535 2638 3579 totum
2677 3543 2859 3598 corpus
2900 3529 3099 3596 oculus,
3131 3532 3215 3585 ubi
3242 3534 3447 3590 auditus
3472 3536 3503 3589 .’
3546 3540 3595 3591 si
3626 3550 3704 3591 to-

2090 3629 2198 3670 tum
2226 3620 2451 3682 auditus,
2478 3620 2563 3673 ubi
2592 3623 2880 3676 odoratus?
2925 3624 3059 3692 Quia
3086 3629 3229 3682 enim
3260 3644 3381 3683 cum
3408 3630 3465 3685 in
3521 3650 3704 3689 mem—

2092 3712 2310 3767 brorum
2367 3713 2643 3768 incidisset
2687 3715 3084 3785 differentiam,
3132 3728 3188 3775 et
3216 3721 3440 3778 dixisset
3499 3728 3703 3795 pedes,

2093 3823 2313 3873 manus,
2332 3809 2519 3863 oculos
2538 3820 2593 3864 et
2613 3826 2795 3875 aures,
2821 3811 2940 3867 illos
2969 3812 3021 3867 in
3053 3816 3428 3885 cogitationem
3464 3822 3705 3877 minoris

2092 3898 2178 3953 vel
2204 3900 2423 3967 majoris
2451 3900 2693 3968 induxit;
2723 3902 2848 3958 vide
2876 3906 3147 3974 quomodo
3177 3924 3389 3963 rursum
3413 3911 3551 3966 illos
3572 3929 3705 3969 cou-

2095 3989 2324 4057 solatur,
2357 3992 2651 4047 ostendens
2698 3994 2770 4049 ita
2812 4006 3235 4053 consentaneum
3279 4014 3419 4069 esse,
3448 4012 3515 4058 et
3558 4008 3704 4075 quod

2096 4083 2249 4137 multi
2290 4083 2399 4138 sint
2439 4092 2493 4139 ct
2533 4084 2769 4152 diversi,
2802 4085 2905 4141 hoc
2954 4090 3189 4145 maxime
3230 4090 3350 4146 facit
3393 4106 3449 4147 ut
3496 4110 3705 4166 corpus

2097 4176 2187 4229 sit.
2219 4174 2373 4241 Quod
2398 4174 2443 4231 si
2471 4191 2635 4231 unum
2663 4187 2847 4233 essent
2875 4195 3086 4248 ontnes,
3116 4198 3222 4238 non
3249 4196 3428 4239 essent
3454 4202 3702 4258 corpus:

2100 4266 2329 4337 ideoque
2356 4268 2432 4322 ait
2462 4286 2475 4322 :
2503 4268 2589 4323 l9.
2618 4268 2681 4324 Si
2720 4281 2881 4325 essent
2907 4274 3079 4327 omnia
3102 4291 3257 4329 unum
3285 4279 3600 4343 membrum,
3625 4283 3703 4334 ubi

2099 4377 2284 4433 corpus
2306 4362 2333 4416 ἱ)
2367 4361 2474 4417 Sed
2499 4362 2599 4418 hoc
2628 4363 2844 4433 quidem
2879 4377 3059 4436 postea
3092 4368 3253 4434 dicit;
3301 4369 3385 4425 hic
3413 4388 3558 4428 vero
3579 4379 3703 4444 quid

2100 4453 2274 4524 majus
2311 4455 2570 4523 ostendit,
2603 4470 2797 4527 nempe
2837 4459 2979 4527 quod
3027 4475 3129 4513 non
3164 4461 3337 4515 solum
3370 4480 3479 4517 non
3534 4472 3706 4536 possit

2102 4561 2222 4601 esse
2268 4562 2485 4616 corpus,
2519 4548 2613 4602 sed
2658 4564 2726 4603 ne
2773 4565 2895 4606 esse
2936 4551 3150 4622 quidem
3201 4564 3425 4610 caeteros
3476 4573 3701 4616 senas.

2104 4640 2236 4693 Nam
2261 4640 2323 4695 Si
2369 4641 2577 4694 auditus
2599 4651 2758 4695 totum
2785 4654 2931 4710 esset,
2964 4644 3047 4697 ubi
3077 4647 3316 4703 odoratus
3336 4650 3361 4695 7
3407 4651 3614 4721 inquit.

2174 4733 2227 4785 5.
2273 4732 2475 4787 Deinde
2503 4734 2625 4803 quia
2658 4736 2737 4789 sic
2764 4751 2977 4806 quoque
3010 4739 3359 4796 turbabantur
3381 4783 3398 4805 ,
3428 4748 3587 4815 quod
3618 4762 3701 4800 su-

2105 4823 2290 4892 perius
2317 4823 2480 4891 fecit,
2516 4826 2568 4879 id
2599 4827 2761 4881 etiam
2794 4844 2939 4884 nunc
2966 4828 3112 4884 facit.
3144 4832 3294 4887 Sicut
3322 4837 3464 4889 enim
3504 4839 3582 4893 ibi
3613 4856 3703 4910 per

2106 4916 2390 4971 utilitatem
2420 4918 2752 4981 consolatus,
2781 4918 3000 4975 demum
3024 4938 3085 4977 os
3113 4924 3285 4978 valide
3314 4926 3592 4984 obstruxit
3618 4932 3699 4984 di-

2104 5024 2253 5075 cens,
2278 5007 2402 5062 lltec
2428 5019 2596 5061 autem
2626 5012 2797 5063 omnia
2824 5023 3064 5081 operatur
3088 5031 3217 5069 unus
3239 5026 3387 5086 atque
3415 5019 3556 5072 idem
3578 5021 3700 5090 8ρὲ-

2104 5103 2251 5167 ritus,
2277 5101 2504 5155 dividens
2523 5102 2736 5173 singulis
2758 5114 2907 5174 prout
2935 5106 3036 5160 vult
3062 5123 3081 5160 .‘
3098 5110 3174 5163 sic
3199 5118 3251 5163 et
3276 5111 3375 5165 hoc
3398 5111 3522 5167 loco
3544 5117 3699 5169 etiam

2106 5192 2389 5247 ratiocinia
2426 5192 2727 5262 proferens,
2759 5196 2914 5266 queis
2946 5199 3185 5252 ostendit
3213 5201 3280 5254 ad
3312 5203 3603 5258 utilitatem
3631 5222 3699 5261 sic

2105 5288 2283 5340 omnia
2328 5285 2465 5341 facta
2495 5303 2617 5342 esse
2644 5332 2657 5355 ,
2690 5305 2875 5345 rursus
2908 5302 3077 5347 totout
3121 5294 3187 5348 ad
3230 5295 3323 5350 Dei
3369 5299 3696 5355 voluntatem

2106 5378 2317 5434 reducit
2354 5380 2538 5435 dicens
2564 5399 2576 5435 :
2610 5384 2697 5437 18.
2732 5382 2889 5439 Nunc
2908 5398 3075 5439 autem
3101 5392 3269 5459 posuit
3301 5389 3436 5446 Deus
3456 5394 3694 5457 motuin,

2105 5470 2494 5542 unumquodque
2522 5489 2695 5527 eorum
2725 5476 2775 5528 in
2805 5478 3097 5547 corporibus
3122 5480 3250 5535 sicut
3290 5484 3464 5537 voluit.
3497 5486 3694 5554 Quem-

2106 5564 2397 5620 admodum
2444 5565 2512 5622 de
2557 5567 2758 5636 Spiritu
2803 5568 2968 5636 dixit,
3015 5569 3177 5625 Prout
3208 5575 3352 5628 vult:
3394 5577 3472 5630 sic
3518 5588 3578 5632 et
3606 5579 3695 5631 hoc

2109 5656 2251 5722 loco,
2281 5656 2432 5713 Sicut
2461 5660 2635 5713 voluit.
2666 5659 2744 5716 Ne
2769 5677 2897 5733 ergo
2925 5661 3059 5717 ultra
3086 5665 3355 5721 curiosius
3376 5682 3599 5724 causam
3628 5670 3695 5721 in-

2109 5750 2313 5820 quiras,
2340 5767 2435 5807 cur
2462 5753 2561 5820 sic,
2596 5768 2692 5809 cur
2712 5769 2817 5811 non
2849 5757 2948 5810 sic.
2978 5755 3199 5813 Etiamsi
3224 5759 3370 5815 enim
3398 5760 3547 5820 mille
3565 5760 3693 5817 dicta
