3826 6216
214 301 305 361 εδδ
1209 290 1279 350 IN
1316 293 1531 350 EPlS'l‘.
1565 289 1604 348 l.
1636 293 1728 348 AD
1764 292 1920 350 con.
1954 293 2184 354 noun.
2214 296 2386 358 xxx.

212 411 501 493 proferenda
525 409 892 479 habuerimus,
913 423 1022 467 non
1049 408 1127 466 sic
1150 410 1445 480 poterimus
1471 409 1760 466 ostendere

209 519 338 567 recte
365 505 556 560 factum
589 517 731 568 esse,
763 512 822 557 ut
857 516 978 558 cum
1008 501 1274 557 dicimus:
1312 499 1383 557 Ut
1421 501 1656 571 optimus
1681 515 1769 554 ar-

209 604 319 660 tifex
359 597 558 667 voluit,
604 595 676 652 ita
720 594 920 651 factum
966 604 1092 650 est:
1139 609 1262 650 nam
1303 595 1382 650 sic
1420 594 1512 650 ille
1552 595 1665 650 vult
1711 604 1770 649 ut

202 693 417 767 expedit.
457 689 514 747 Si
557 689 834 776 autem.in
876 687 978 744 hoc
1021 703 1250 758 corpore
1278 687 1346 742 de
1375 687 1630 744 membris
1661 701 1767 742 non

201 788 394 844 curiose
420 781 761 852 inquirimus,
793 781 961 836 multo
991 781 1158 851 magis
1187 780 1240 835 in
1267 779 1529 838 Ecclesia.
1561 779 1627 835 Et
1645 778 1767 834 vide

199 881 328 936 illius
349 874 686 948 prudentiam
710 891 726 933 :
760 889 866 928 non
894 873 1037 928 enim
1066 874 1212 929 illam
1239 874 1388 944 ponit
1412 872 1764 928 differentiam

196 987 302 1044 qua:
335 984 398 1024 ex
426 976 616 1021 natura
644 974 764 1034 est,
793 981 968 1038 neque
1000 965 1148 1021 illam
1180 981 1300 1036 qua:
1337 974 1422 1022 est
1465 981 1532 1022 cx
1573 980 1763 1036 opera-

195 1071 345 1128 tione,
373 1060 464 1116 sed
493 1075 613 1116 eam
641 1075 761 1130 quae
791 1069 874 1115 est
912 1075 942 1113 a
974 1060 1082 1115 situ
1111 1059 1353 1116 locorum
1382 1077 1395 1114 :
1431 1058 1586 1114 Nunc
1617 1057 1760 1113 enim

190 1156 346 1230 posuit
367 1195 382 1222 ,
410 1152 616 1224 inquit,
648 1151 789 1208 Deus
814 1151 1060 1220 membra,
1087 1152 1478 1223 unumquodque
1502 1168 1677 1208 eorum
1707 1152 1759 1205 in

187 1262 386 1318 corpore
416 1244 551 1299 sicut
586 1244 766 1299 voluit.
811 1242 877 1299 Et
917 1253 1064 1299 recte
1105 1243 1272 1310 dixit,
1319 1241 1756 1314 Unumquodque,

184 1345 232 1396 in
262 1337 507 1394 omnibus
535 1336 821 1392 utilitatem
849 1335 1160 1392 OStendens.
1200 1333 1384 1405 Neque
1408 1335 1550 1389 enim
1578 1334 1758 1390 dicere

187 1430 380 1504 possis,
415 1429 567 1484 illum
595 1427 698 1484 hoc
722 1427 937 1500 quidem
967 1427 1246 1498 posuisse,
1279 1426 1407 1480 illud
1439 1440 1567 1480 vero
1597 1423 1757 1479 mini-

180 1542 290 1589 iue,
319 1520 414 1580 sed
446 1519 866 1592 unumquodque
907 1521 1201 1577 secundum
1229 1520 1558 1576 voluntatem
1589 1519 1756 1590 ipsius

178 1621 329 1674 situm
359 1623 466 1672 est.
499 1615 684 1686 Itaque
713 1624 768 1670 et
796 1615 916 1687 pedi
944 1615 1076 1671 utile
1106 1615 1176 1670 sit
1205 1615 1283 1670 sic
1313 1614 1565 1669 collatum
1596 1629 1716 1670 csse
1735 1655 1750 1679 ,

177 1727 274 1764 non
303 1707 472 1779 capiti
505 1716 746 1774 tantum;
783 1716 839 1764 et
865 1707 980 1763 sive
1003 1707 1248 1762 ordinem
1279 1707 1597 1772 mutaverit,
1639 1705 1752 1762 sive

176 1802 386 1872 proprio
432 1799 629 1856 relicto
677 1800 832 1866 loco,
885 1799 938 1854 in
983 1799 1146 1854 alium
1196 1799 1504 1863 transierit,
1544 1799 1659 1853 sive
1695 1798 1751 1854 in

171 1895 422 1963 majorem
466 1893 679 1948 venisse
717 1892 988 1955 videatur,
1039 1899 1206 1944 totum
1255 1889 1485 1960 perdidit
1531 1897 1584 1944 et
1626 1903 1749 1944 cor-

168 1987 339 2056 rupit:
382 2001 513 2040 nam
547 1985 819 2055 proprium
847 1984 1023 2039 locum
1059 1983 1321 2053 perdidit,
1365 1993 1419 2039 ct
1447 1983 1610 2042 alium
1643 1999 1750 2038 non

163 2077 485 2148 assequitur.
539 2077 688 2144 Quod
729 2079 772 2130 si
815 2085 976 2130 essent
1017 2077 1188 2130 omnia
1228 2092 1384 2130 unum
1426 2075 1746 2143 membrum,

163 2172 242 2224 ubi
269 2170 498 2240 corpus?
525 2168 614 2226 20.
654 2167 808 2224 Nunc
850 2178 1020 2223 autem
1049 2168 1207 2222 multa
1248 2168 1451 2239 quidem
1482 2169 1705 2222 membra
1727 2208 1743 2233 ,

158 2281 308 2318 unum
342 2279 466 2317 vero
500 2249 702 2332 corpus.
749 2260 882 2316 Cum
915 2261 1056 2316 cnim
1084 2260 1161 2316 eis
1192 2261 1322 2315 satis
1350 2275 1411 2315 os
1442 2259 1744 2314 obstruxis-

156 2369 232 2412 ενι
258 2374 286 2412 a
314 2356 407 2411 Dei
442 2355 816 2425 ὀιεροείιὶοηθ,
846 2368 1030 2409 rursus
1055 2351 1328 2407 ratiocinia
1358 2351 1539 2422 ponit;
1573 2366 1745 2420 neque

150 2463 360 2517 semper
385 2446 496 2501 hoc
524 2447 666 2510 facit,
700 2460 874 2516 neque
904 2444 1057 2510 illud,
1091 2443 1182 2498 sed
1209 2452 1546 2498 commutans
1577 2443 1746 2498 variat

148 2542 477 2595 orationem.
531 2538 630 2608 Qui
659 2542 802 2592 enim
832 2552 893 2592 os
920 2537 1134 2593 obturat
1169 2546 1397 2602 tantum,
1442 2535 1741 2590 auditorem

147 2633 360 2698 turbat;
407 2631 615 2702 quique
663 2631 812 2686 illum
857 2627 1145 2684 assuefacit
1183 2627 1250 2682 ad
1281 2629 1520 2685 omnium
1550 2642 1740 2683 causas

144 2722 532 2794 exquirendas,
558 2724 610 2777 in
634 2722 878 2777 oratione
903 2721 968 2776 de
999 2720 1100 2776 fide
1130 2720 1302 2790 ipsum
1342 2719 1506 2775 laedit.
1539 2719 1740 2774 Idcirco

145 2820 243 2870 hoc
271 2816 475 2871 Paulus
504 2813 817 2886 frequenter
840 2812 982 2880 facit,
1006 2823 1062 2866 ut
1088 2822 1141 2866 et
1170 2812 1391 2867 credant
1411 2823 1466 2867 et
1495 2829 1602 2866 non
1630 2824 1740 2867 tur-

142 2913 368 2972 bentur;
405 2918 462 2963 et
494 2917 779 2980 postquam
811 2921 904 2960 ora
933 2905 1196 2972 obstruit,
1241 2904 1331 2959 dat
1369 2904 1532 2960 etiam
1575 2906 1738 2960 ratio-

140 3017 282 3057 nem.
321 3002 388 3055 Et
418 3000 546 3055 vide
575 3000 973 3055 contentionem
1002 3008 1056 3052 et
1085 2997 1299 3067 plenam
1329 2998 1626 3052 victoriam.
1659 2999 1738 3062 Ex

137 3095 328 3164 quibus
373 3092 642 3164 putabant
687 3108 747 3147 se
787 3106 893 3145 non
937 3104 1056 3145 esse
1103 3091 1310 3145 honore
1352 3106 1542 3161 pares,
1593 3091 1736 3162 quod

134 3189 296 3243 multa
343 3187 400 3240 in
436 3187 572 3255 ipsis
607 3194 751 3240 esset
780 3184 1117 3250 differentia,
1160 3199 1223 3239 ex
1269 3184 1458 3238 iisdem
1501 3184 1738 3242 ostendit

132 3283 248 3335 illos
277 3289 508 3350 propter
541 3278 641 3334 hoc
668 3279 844 3348 ipsum
873 3276 1076 3332 honore
1108 3293 1262 3346 pares
1288 3293 1436 3344 esse;
1465 3280 1735 3349 quomodo

131 3382 346 3438 autem,
391 3385 501 3442 ego
544 3369 740 3428 dicam.
791 3368 851 3423 Si
893 3377 1087 3433 essent,
1130 3367 1337 3439 inquit,
1370 3372 1540 3424 omnia
1577 3388 1734 3426 unum

129 3465 410 3516 membrum
435 3504 454 3530 ,
490 3464 578 3516 ubi
605 3461 835 3531 corpus?
867 3460 920 3515 ld
951 3469 1054 3526 est,
1085 3461 1140 3516 Si
1166 3477 1270 3516 non
1299 3472 1476 3529 esset,
1521 3464 1730 3535 inquit,

128 3557 177 3609 in
224 3557 385 3611 vobis
432 3555 607 3610 multa
640 3553 980 3620 differentia,
1029 3570 1134 3608 non
1179 3554 1372 3609 essetis
1417 3569 1652 3626 corpus:
1685 3557 1731 3614 si

121 3662 320 3718 corpus
351 3662 472 3702 non
523 3646 718 3702 essetis
743 3687 756 3711 ,
791 3661 965 3714 neque
1008 3661 1168 3699 unum
1199 3646 1432 3702 essetis:
1477 3648 1523 3702 si
1567 3664 1730 3703 unum

122 3760 227 3796 non
256 3743 489 3806 essetis,
521 3755 696 3812 neque
724 3755 880 3810 pares
909 3741 1118 3795 essetis.
1157 3739 1340 3811 Itaque
1367 3741 1411 3794 si
1455 3757 1610 3810 pares
1639 3757 1728 3798 es.

115 3839 269 3902 sctis,
303 3852 420 3891 non
453 3835 653 3891 essetis
681 3849 876 3904 corpus
903 3851 916 3887 :
945 3833 988 3888 si
1019 3848 1213 3902 corpus
1240 3849 1347 3887 non
1377 3834 1586 3900 essetis,
1622 3850 1728 3891 non

114 3931 308 3985 essetis
338 3944 520 3985 unum
549 3945 562 3982 :
591 3927 636 3983 si
662 3943 824 3982 unum
854 3942 957 3980 non
984 3925 1196 3991 essetis,
1226 3929 1495 3995 quomodo
1524 3926 1729 3984 honore

113 4038 270 4092 pares
303 4019 562 4077 essetis?
591 4018 742 4074 Nunc
770 4033 928 4083 vero,
956 4019 1077 4089 quia
1112 4033 1216 4072 non
1243 4034 1429 4073 omnes
1457 4019 1598 4074 idem
1629 4020 1728 4076 do-

110 4131 236 4170 num
269 4114 499 4170 habetis
525 4153 541 4180 ,
586 4111 708 4167 ideo
750 4125 944 4181 corpus
986 4110 1156 4166 estis:
1197 4125 1391 4184 corpus
1429 4127 1556 4168 vero
1603 4127 1726 4168 cum

103 4209 261 4275 sitis,
292 4221 506 4262 omnes
540 4221 702 4260 unum
730 4203 881 4269 estis,
909 4211 965 4257 et
993 4202 1126 4256 nihil
1159 4202 1299 4256 alter
1328 4204 1396 4257 ab
1426 4203 1598 4258 altero
1623 4203 1727 4258 dif-

104 4301 290 4366 fertis,
327 4298 644 4354 secundum
676 4296 764 4363 id,
794 4296 935 4367 quod
975 4311 1170 4366 corpus
1211 4297 1362 4352 estis.
1408 4297 1590 4368 itaque
1634 4298 1723 4354 illa

101 4392 348 4446 maxime
396 4391 717 4446 differentia
756 4399 879 4454 est,
923 4404 1043 4459 qua:
1087 4387 1213 4444 facit
1257 4388 1478 4444 honoris
1520 4390 1723 4460 parita-

100 4495 208 4541 tem
241 4503 256 4540 :
304 4486 564 4556 ideoque
603 4484 915 4554 subjunxit,
962 4481 1115 4538 Nunc
1142 4493 1307 4537 autem
1339 4485 1497 4538 multa
1522 4485 1724 4555 quidem

95 4577 333 4632 membra
361 4620 380 4645 ,
417 4594 592 4632 unum
629 4593 743 4631 vero
773 4591 979 4645 corpus.
1013 4575 1137 4630 llaec
1179 4575 1355 4646 itaque
1382 4591 1482 4631 nos
1510 4593 1724 4650 quoque

93 4670 416 4740 cogitantes
445 4710 462 4734 ,
515 4683 728 4723 onmem
772 4668 1032 4737 pellamus
1075 4667 1360 4732 invidiam,
1405 4683 1579 4740 neque
1620 4653 1725 4724 illis

92 4761 458 4817 invideamus
507 4760 596 4831 qui
642 4759 841 4830 majora
886 4758 1084 4814 habent
1122 4758 1486 4828 charismata,
1535 4776 1709 4831 neque

88 4857 494 4926 despiciamus
536 4868 630 4908 eos
676 4853 763 4923 qui
815 4853 1021 4908 minora
1068 4852 1347 4923 possident
1388 4871 1402 4906 :
1455 4853 1523 4907 ita
1577 4856 1720 4908 enim

90 4949 236 5004 lleus
281 4946 502 5002 voluit.
551 4945 630 5000 Ne
675 4947 854 5015 itaque
901 4946 1245 5001 obsistamus.
1289 4945 1344 5001 Si
1390 4962 1516 5002 vero
1546 4946 1722 5002 adhuc

86 5040 362 5104 turbaris,
397 5038 589 5110 cogita
619 5037 768 5092 illum
799 5052 945 5108 smpe
975 5053 1080 5092 non
1112 5053 1268 5107 posse
1295 5053 1429 5108 opus
1457 5048 1602 5093 tuum
1631 5039 1701 5093 im

83 5132 264 5200 plcre.
319 5129 752 5200 Quamobrem,
800 5129 1010 5186 etiamsi
1059 5132 1232 5186 minor
1279 5130 1476 5198 fueris,
1526 5133 1578 5187 in
1619 5132 1721 5188 hoc

81 5225 239 5278 illum
275 5236 570 5294 superas;
598 5222 808 5276 etiamsi
836 5219 1007 5292 major
1036 5221 1126 5277 ille
1153 5224 1239 5287 sit,
1275 5222 1328 5278 in
1360 5223 1462 5278 hoc
1493 5240 1717 5293 supera-

81 5326 204 5385 tur,
259 5326 322 5373 et
377 5316 470 5369 sic
523 5314 798 5384 aequalitas
840 5313 1091 5368 efticitur.
1137 5314 1347 5372 Etenim
1389 5316 1442 5369 in
1491 5331 1718 5386 corpore

78 5425 331 5480 quoque,
387 5421 528 5476 quin
572 5421 730 5476 parva
768 5415 928 5471 sunt,
973 5421 1078 5460 non
1125 5421 1284 5475 parva
1325 5407 1570 5464 videntur
1617 5425 1715 5464 ex-

76 5500 277 5569 sequi,
315 5498 426 5555 scd
464 5505 528 5552 et
563 5511 752 5567 magna
780 5511 925 5567 smpe
955 5495 1314 5565 labefactant,
1357 5514 1478 5554 cum
1523 5499 1712 5557 absce-

74 5593 236 5647 dunt.
273 5590 432 5660 Quid
468 5589 617 5645 enim
646 5591 699 5645 in
735 5605 962 5660 corpore
993 5589 1115 5661 pilis
1146 5590 1344 5646 vilius?
1392 5593 1485 5648 sed
1517 5595 1560 5648 si
1593 5594 1714 5650 illos

77 5685 218 5742 viles
238 5683 566 5741 abstuleris
582 5698 609 5737 a
626 5683 947 5755 superciliis,
972 5699 1185 5739 omnem
1207 5685 1356 5742 faciei
1374 5686 1598 5744 formam
1617 5689 1709 5746 de-

77 5779 262 5836 levisti
293 5823 308 5848 ,
357 5789 423 5836 et
457 5778 652 5834 oculus
695 5795 798 5834 non
833 5777 968 5834 ultra
1003 5787 1106 5838 tam
1140 5780 1360 5851 pulcher
1391 5786 1662 5853 apparebit
1692 5806 1702 5840 :

3358 317 3465 383 Ξδι

1879 427 2199 486 quamquam
2232 417 2348 474 leve
2377 428 2460 476 est
2488 419 2890 498 detrimentum,
2920 441 3153 493 attamen
3182 439 3260 496 sic
3286 447 3460 502 omnis

1878 502 2048 560 forma
2096 508 2286 578 periit;
2321 526 2428 566 non
2474 511 2646 571 forma
2689 526 2915 588 tantum,
2949 527 3043 582 sed
3086 539 3140 586 et
3176 535 3454 594 oculorum

1877 609 2005 650 usus
2043 599 2269 656 multum
2312 600 2545 660 lzcditur.
2575 605 2794 680 Singula
2824 615 2968 671 enim
3005 622 3242 677 membra
3275 638 3454 684 nostra

1874 691 2143 783 propriam
2201 703 2256 749 et
2309 710 2648 756 communem
2704 703 2898 762 habent
2944 713 3348 783 operationem;
3403 729 3459 776 et

1874 781 2215 875 pulchritudo
2254 787 2414 842 etiam
2461 799 2515 846 et
2560 795 2773 864 propria
2820 805 2874 852 et
2925 804 3226 860 communis
3269 781 3351 863 est
3399 809 3455 875 in

1871 873 2026 927 nobis
2056 891 2069 928 :
2102 884 2157 930 et
2204 877 2454 935 videntur
2481 883 2696 952 quidem
2727 887 2816 943 illa
2846 888 3013 946 divisa
3043 909 3161 950 esse
3181 939 3194 963 ,
3226 873 3457 972 suntque

1873 974 2048 1064 tamen
2103 980 2352 1028 accurate
2391 988 2678 1046 connexa,
2723 995 2787 1036 ac
2829 983 2873 1038 si
2917 985 3143 1042 alterum
3183 992 3445 1064 perierit,

1869 1059 2097 1115 alterum
2126 1078 2340 1134 quoque
2367 1066 2528 1122 simul
2559 1069 2761 1125 interit.
2808 1059 3201 1137 Animadverte
3219 1094 3397 1141 autem

1870 1149 1978 1204 sint
2005 1152 2144 1207 oculi
2176 1155 2437 1225 lucentes,
2464 1174 2600 1229 gena
2636 1162 2939 1234 subridens,
2970 1169 3168 1228 labium
3195 1175 3451 1235 rubicun-

1865 1241 1992 1296 dum
2012 1284 2027 1307 ,
2057 1259 2220 1300 nasus
2251 1256 2461 1316 rectus,
2495 1253 2836 1322 supercilium
2862 1267 3142 1316 extensum
3170 1281 3184 1319 :
3213 1273 3450 1326 attamen

1863 1333 1909 1388 si
1956 1335 2172 1392 illorum
2222 1341 2510 1411 quodpiam
2559 1345 2643 1400 vel
2688 1350 2951 1406 tantillum
3005 1354 3446 1429 labefactaveris,

1863 1437 2206 1517 communem
2238 1432 2480 1490 omnium
2513 1436 2967 1504 pulchritudinem
2998 1444 3327 1505 labefactasti
3349 1493 3363 1517 ,
3392 1461 3448 1509 et

1863 1516 2036 1585 turpia
2077 1520 2257 1574 omnia
2302 1525 2657 1593 apparebunt,
2688 1545 2809 1600 qua:
2846 1541 2999 1590 antea
3021 1536 3243 1605 pulchra
3263 1516 3440 1600 erant.

1857 1606 1992 1663 Nam
2025 1610 2071 1665 si
2103 1611 2183 1667 vel
2213 1623 2513 1671 extremum
2545 1635 2732 1674 nasum
2763 1626 3082 1684 contriveris
3102 1671 3118 1694 ,
3160 1630 3213 1685 in
3260 1639 3439 1692 omnia

1856 1701 2016 1758 simul
2057 1705 2280 1761 multam
2322 1707 2557 1765 infudisti
2601 1712 3020 1786 deformitatem,
3049 1723 3257 1780 etiamsi
3286 1729 3442 1786 unius

1855 1793 2082 1848 membri
2113 1796 2184 1851 sit
2222 1799 2530 1855 mulilatio:
2573 1811 2629 1858 et
2668 1803 2722 1859 in
2762 1822 2923 1864 manu
2965 1812 3162 1877 etiam,
3207 1816 3252 1871 si
3284 1818 3439 1876 unius

1854 1881 2003 1954 digiti
2039 1901 2268 1956 unguem
2299 1889 2601 1959 abstuleris,
2631 1893 2860 1964 idipsnm
2893 1900 3006 1955 fieri
3036 1904 3258 1966 videbis.

1925 1977 1981 2074 At.
2021 1975 2076 2031 Si
2118 1989 2296 2034 autem
2326 1980 2553 2052 idipsnm
2597 1985 2652 2040 in
2692 1991 3003 2058 Operatione
3051 1996 3233 2054 videre
3283 2002 3436 2074 velis,

1855 2067 1982 2122 tolle
2025 2068 2246 2140 digitum
2292 2088 2454 2128 unum
2497 2081 2551 2130 ct
2594 2077 2831 2148 reliquus
2870 2082 3152 2141 otiosiores
3191 2067 3434 2164 videbis,

1853 2173 2027 2229 neque
2053 2175 2151 2214 suo
2180 2163 2317 2217 ultra
2339 2164 2586 2222 similiter
2605 2183 2828 2225 munere
2854 2171 3155 2244 fungentes.
3174 2163 3435 2247 Quoniam

1852 2249 2014 2320 igitur
2043 2254 2200 2306 unius
2226 2255 2450 2310 membri
2473 2256 2680 2326 jactura
2709 2264 3010 2320 communis
3036 2274 3117 2320 est
3140 2271 3431 2341 turpitudo,

1849 2341 2070 2412 ejusque
2093 2347 2428 2402 conservatio
2453 2351 2755 2406 communis
2782 2353 3143 2424 pulchritudo,
3173 2377 3240 2415 ne
3265 2366 3434 2421 cxtol‘

1849 2434 2023 2490 lamor
2052 2453 2224 2508 neque
2252 2439 2567 2497 insultemus
2596 2446 2874 2513 proximis.
2903 2447 3032 2503 Nam
3059 2461 3277 2524 pr0pter
3303 2455 3432 2516 illud

1847 2528 2094 2598 exiguum
2139 2532 2480 2602 membrum,
2529 2535 2660 2592 illud
2703 2539 2846 2608 quod
2874 2556 3121 2612 magnum
3164 2556 3278 2612 est,
3313 2550 3431 2619 ρυι-

1845 2620 2035 2676 chrum
2078 2633 2160 2679 est
2203 2634 2256 2680 et
2299 2625 2628 2696 formosum,
2657 2641 2712 2687 et
2745 2648 2844 2700 per
2884 2637 3167 2706 palpebras
3210 2656 3431 2702 ornatur

1845 2715 2053 2767 oculus.
2098 2714 2170 2770 Se
2213 2715 2487 2788 impugnat
2525 2737 2686 2792 ergo,
2730 2725 2820 2795 qui
2859 2723 3076 2783 fratrem
3120 2730 3428 2804 impugnat:

1845 2823 1950 2862 non
1980 2810 2122 2864 enim
2151 2810 2216 2865 ad
2252 2812 2397 2868 illum
2428 2815 2602 2870 solum
2632 2819 2884 2890 pertingit
2921 2820 3207 2890 damnum,
3247 2828 3344 2884 sed
3373 2839 3428 2885 et

1843 2900 1956 2994 ipse
1999 2918 2104 2957 non
2149 2919 2371 2974 parvum
2419 2907 2725 2965 detrimenti
2765 2912 2985 2970 subibit.
3015 2915 3091 2972 Ne
3117 2918 3220 2976 hoc
3248 2922 3428 2994 itaque

1843 2993 1967 3060 fiat,
1999 3003 2056 3048 tit
2089 2998 2448 3067 nosmetipsos
2487 2999 2564 3053 sic
2591 3001 2863 3070 proximos
2893 3021 3176 3078 curemus,
3207 3021 3261 3067 et
3291 2993 3429 3072 hanc

1841 3090 2085 3161 corporis
2116 3091 2400 3161 imaginem
2429 3107 2572 3148 nunc
2613 3103 2668 3149 et
2708 3097 2761 3151 in
2801 3096 3098 3156 Ecclesium
3135 3103 3425 3164 transfera-

1841 3198 1961 3237 mus
1982 3225 1994 3248 ,
2027 3193 2079 3240 et
2107 3184 2346 3239 omnium
2379 3185 2765 3254 providentiam
2795 3205 3042 3260 geramus
3073 3204 3130 3250 ut
3173 3203 3421 3270 proprio-

1841 3291 1958 3330 rum
1990 3277 2374 3331 membrorum.
2407 3277 2540 3333 Nam
2576 3289 2631 3334 et
2671 3281 2725 3337 in
2761 3283 2998 3340 Ecclesia
3031 3293 3268 3350 membra
3297 3304 3422 3352 sunt

1839 3369 2004 3423 multa
2034 3377 2087 3424 ct
2115 3368 2345 3435 diversa,
2380 3372 2481 3424 alia
2509 3373 2724 3450 quidem
2757 3375 3125 3451 honorabilia,
3158 3385 3260 3442 alia
3287 3387 3422 3445 infc~

1837 3460 2018 3526 riora;
2068 3470 2124 3514 ut
2171 3471 2294 3515 sunt
2343 3463 2605 3534 virginum
2650 3465 2842 3533 chori,
2892 3470 3166 3529 \idnarum
3211 3485 3420 3537 coetus:

1837 3561 1962 3606 sunt
2003 3553 2164 3607 etiam
2208 3569 2396 3608 eorum
2441 3555 2534 3626 qui
2581 3555 2636 3612 in
2685 3569 2834 3616 easto
2875 3565 3145 3622 connubio
3187 3567 3424 3642 fulgeant

1834 3645 2102 3713 sodalitia,
2132 3647 2392 3718 multique
2417 3660 2542 3704 sunt
2569 3651 2777 3716 virtutis
2805 3656 3024 3728 gradus.
3055 3661 3422 3738 Similiterque

1835 3759 2045 3798 rursum
2078 3745 2130 3799 in
2175 3744 2555 3817 eleeinosyna:
2599 3748 2734 3804 alius
2759 3751 2902 3807 enim
2928 3756 3108 3811 omnia
3139 3757 3328 3814 effudit
3367 3773 3424 3818 et

1835 3835 2095 3905 erogavit,
2129 3835 2218 3890 alii
2252 3846 2428 3891 autem
2457 3838 2574 3893 solo
2601 3848 2806 3896 tantum
2833 3844 2976 3900 victu
3003 3851 3240 3904 contenti
3267 3861 3414 3922 sunt,

1834 3937 1889 3982 et
1915 3942 2018 3982 nou
2049 3929 2168 3998 plus
2194 3939 2440 4000 qumrunt
2469 3946 2628 4001 quam
2655 3939 2958 3992 necessaria
2979 3980 2994 4007 ,
3023 3941 3112 3996 alii
3140 3959 3204 4000 ex
3231 3960 3421 4017 super-

1835 4020 1944 4074 ﬂuo
1983 4030 2228 4090 erogant.
2274 4025 2524 4102 Attamen
2569 4025 2624 4079 hi
2665 4041 2852 4083 omnes
2884 4045 3006 4087 sese
3049 4045 3236 4092 mutuo
3271 4054 3424 4104 οχον.

1833 4122 1962 4167 nant
1987 4129 2000 4178 ;
2024 4122 2079 4167 et
2100 4113 2146 4166 si
2169 4112 2430 4168 minorem
2451 4113 2621 4186 major
2636 4117 2914 4190 despiciat,
2933 4124 3166 4194 seipsum
3187 4132 3418 4190 maxime

1834 4203 1997 4259 Ludit.
2028 4204 2190 4276 Virgo
2221 4223 2434 4278 quoque
2463 4209 2508 4263 si
2539 4212 2805 4269 connubio
2828 4214 3067 4286 junctam
3091 4226 3418 4284 contumelia

1831 4296 2048 4364 afliciat,
2079 4314 2182 4352 non
2207 4314 2390 4368 parum
2418 4316 2484 4355 ex
2509 4303 2757 4360 mercede
2783 4321 2880 4361 sua
2906 4307 3122 4365 decidit.
3151 4311 3205 4369 Si
3245 4315 3290 4371 is
3323 4319 3418 4389 qui

1830 4389 2010 4443 omnia
2051 4389 2305 4459 elargitus
2331 4399 2412 4448 est
2436 4431 2451 4458 ,
2483 4394 2774 4462 exprobret
2811 4397 2860 4452 ei
2903 4399 2995 4468 qui
3037 4400 3266 4472 idipsnm
3306 4424 3416 4464 nun

1831 4482 1976 4547 fecit,
2005 4498 2072 4537 ex
2100 4482 2374 4538 laboribus
2404 4484 2514 4538 suis
2542 4486 2769 4541 multum
2797 4494 3094 4548 evacuavit.

1913 4571 2091 4628 Vidua:
2104 4573 2157 4626 in
2178 4570 2425 4631 Ecclesia.
2447 4605 2520 4616 -—
2541 4577 2604 4633 Et
2627 4579 2752 4648 quid
2782 4581 3012 4652 virgines
3035 4585 3178 4654 dico,
3205 4589 3414 4662 viduas,

1828 4676 1884 4722 et
1911 4666 2053 4722 viros
2081 4668 2168 4739 qui
2199 4667 2327 4721 nihil
2358 4669 2669 4740 possident?
2696 4673 2824 4744 qttid
2855 4675 2996 4731 enim
3040 4677 3196 4735 vilius
3231 4682 3297 4738 iis
3322 4686 3415 4755 qui

1828 4761 2206 4816 emendicant?
2230 4771 2465 4818 attamen
2493 4763 2566 4819 illi
2597 4780 2748 4820 usum
2772 4767 3060 4823 maximum
3091 4771 3147 4825 in
3171 4773 3414 4834 Ecclesia

1829 4852 2072 4922 implent,
2100 4853 2251 4908 ostiis
2276 4853 2460 4924 templi
2482 4852 2749 4911 haerentes
2775 4867 2830 4913 ct
2853 4869 3101 4922 ornatum
3120 4865 3414 4934 maximum

1828 4944 2112 5000 afferentes
2141 4961 2155 4998 :
2188 4944 2390 5015 absque
2420 4945 2527 5002 illis
2556 4947 2697 5003 enim
2731 4948 2960 5018 perfecta
2992 4967 3097 5007 non
3130 4965 3274 5010 esset
3302 4957 3415 5026 ple,

1826 5033 2009 5088 nitudo
2041 5035 2315 5090 Ecclesiae.
2345 5036 2498 5112 Quod
2540 5053 2660 5094 cum
2693 5039 2847 5098 initio
2889 5043 3132 5100 viderent
3158 5050 3410 5117 ap0stoli,

1827 5127 1996 5197 legem
2044 5135 2389 5196 statuerunt,
2437 5139 2495 5182 ut
2538 5129 2681 5185 circa
2732 5130 2833 5186 alia
2883 5134 3093 5202 omnia,
3138 5137 3216 5192 sic
3257 5148 3310 5193 et
3356 5149 3414 5206 ut

1823 5220 1996 5276 vidua:
2034 5231 2249 5286 essent;
2297 5231 2351 5276 ct
2380 5223 2434 5276 in
2465 5237 2528 5278 ea
2559 5237 2620 5278 re
2652 5233 2852 5280 tantum
2880 5227 3040 5283 studii
3073 5242 3407 5301 posuerunt,

1825 5323 1882 5369 ut
1919 5315 2049 5385 ipsis
2089 5315 2344 5371 diaconos
2388 5326 2593 5386 septem
2643 5319 2993 5388 praeficerem.
3041 5322 3405 5390 Quemadmo-

1821 5407 1945 5464 dum
1973 5408 2114 5462 cnim
2139 5409 2441 5479 cpisc0pos,
2468 5411 2833 5482 presbyteros,
2862 5412 3141 5480 diaconos,
3174 5415 3408 5487 virgines

1821 5510 1876 5556 et
1915 5500 2253 5555 continentes
2279 5515 2568 5569 enumero,
2600 5517 2720 5556 cum
2762 5503 3017 5559 Ecclesia:
3056 5507 3296 5560 membra
3326 5523 3410 5564 reo

1821 5607 2066 5650 censeo:
2113 5592 2192 5648 sic
2241 5602 2292 5647 ct
2331 5593 2535 5650 viduas.
2590 5594 2773 5664 Neque
2815 5599 2958 5651 enim
2999 5597 3102 5652 illa:
3133 5597 3251 5651 levi,
3281 5596 3404 5650 fun-

1819 5699 2015 5760 guntur
2061 5701 2301 5746 munere.
2332 5685 2463 5742 Nam
2497 5697 2552 5743 tu
2596 5688 2809 5758 quidem
2839 5689 3052 5762 quando
3078 5689 3158 5745 vis
3180 5728 3197 5755 ,
3235 5687 3406 5757 ades;

1821 5786 1921 5840 illa:
1975 5800 2101 5838 vero
2160 5783 2246 5836 die
2305 5789 2566 5851 nocteque
2624 5781 2851 5850 psallunt
2911 5794 2960 5837 et
3018 5781 3243 5848 adsunt,
3300 5795 3406 5838 non
