3776 6342
355 386 459 446 255

355 502 709 573 eleemosynze
761 506 963 553 tantum
1016 512 1175 552 causa
1228 498 1340 550 haec
1382 502 1644 563 agentes;
1692 489 1738 542 si
1790 486 1933 541 enim

358 594 461 649 hoc
510 592 743 650 vellent,
788 591 975 646 liceret
1006 604 1103 659 per
1134 588 1306 642 forum
1347 584 1627 648 incedere,
1677 590 1730 637 et
1765 580 1817 634 in
1849 594 1943 632 an-

355 685 581 757 gipnrtis
632 682 977 749 mendicare;
1020 680 1113 737 sed
1155 696 1261 735 non
1292 678 1497 734 modica
1527 683 1808 731 moventur
1834 672 1945 741 pie-

359 786 488 831 tate.
525 774 655 830 Vide
700 788 831 844 ergo
871 774 924 827 in
962 779 1161 842 quanta
1202 769 1537 841 paupertatis
1578 766 1795 822 fornace
1824 780 1941 819 ver-

359 876 565 923 sentur.
594 865 1037 936 BlaSphemantes
1063 863 1202 934 apud
1232 862 1348 917 illas
1374 875 1662 930 numquam
1689 855 1939 922 audieris,

362 975 535 1030 neque
582 958 797 1028 indigne
854 956 1127 1021 ferentes,
1174 954 1315 1026 quod
1364 964 1539 1008 tamen
1585 967 1651 1006 ex
1694 948 1944 1004 divitibus

360 1056 541 1108 multa:
572 1051 793 1106 faciunt.
840 1050 903 1104 Et
934 1048 1147 1103 illarum
1178 1046 1421 1118 quazdam
1462 1044 1760 1099 esurientes
1804 1053 1945 1111 διιιρθ

359 1136 696 1199 dormierunt
723 1160 737 1207 ;
778 1142 897 1197 aliae
925 1152 1104 1197 autem
1134 1156 1163 1193 a
1195 1140 1389 1210 frigore
1415 1136 1632 1193 assidue
1662 1142 1940 1199 vexantur,

359 1245 416 1291 et
460 1248 636 1291 tamen
667 1234 719 1289 in
758 1232 1052 1304 gratiarum
1080 1230 1292 1286 actione
1334 1236 1391 1283 et
1430 1224 1818 1298 gloriﬁcatione
1847 1223 1945 1279 de-

360 1337 514 1397 gunt.
554 1326 608 1382 Si
652 1325 870 1379 obolum
914 1322 1127 1378 dederis
1148 1362 1173 1388 ,.
1204 1320 1402 1391 gratias
1445 1327 1650 1389 agunt,
1698 1325 1755 1371 et
1802 1314 1948 1369 mille

361 1418 503 1472 bona
529 1416 673 1471 danti
702 1423 1085 1485 apprecantur;
1130 1412 1174 1465 si
1215 1411 1347 1466 nihil
1376 1409 1623 1473 dederis,
1657 1422 1761 1462 non
1805 1420 1948 1476 aegre

364 1509 579 1574 ferunt,
634 1505 729 1561 sed
797 1505 874 1559 sic
928 1517 1140 1572 quoque
1194 1500 1519 1557 benedicunt
1564 1509 1620 1555 et
1671 1498 1945 1568 diligunt,

364 1602 558 1655 diurno
585 1598 825 1653 fruentes
851 1595 1014 1652 victu.
1034 1594 1238 1664 Nempe
1261 1594 1469 1649 etiamsi
1498 1592 1692 1656 nolint,
1718 1591 1945 1661 inquies,

365 1691 432 1745 id.
450 1690 592 1746 ferre
619 1690 738 1744 illas
782 1702 1003 1743 necesse
1029 1694 1132 1742 est.
1160 1687 1264 1742 Cur
1286 1687 1310 1741 ?
1331 1702 1501 1758 queso
1526 1698 1663 1754 ;qua
1696 1683 1761 1738 de
1787 1697 1947 1738 causa

362 1785 464 1838 hoc
500 1783 753 1838 acerbum
790 1780 1060 1850 protulisti
1096 1777 1363 1833 verbum?
1399 1791 1578 1831 annon
1605 1784 1729 1831 sunt
1768 1784 1950 1844 turpes

358 1888 527 1941 artes,
563 1891 681 1945 qua:
721 1876 885 1930 etiam
925 1872 1145 1928 senibus
1168 1882 1225 1926 et
1252 1872 1386 1925 Viris
1416 1879 1474 1926 et
1513 1869 1828 1925 mulieribus
1866 1869 1950 1922 lu-

358 1984 509 2023 rrum
538 1967 733 2022 afferre
761 1965 1006 2037 possint?
1046 1964 1090 2019 si
1118 1964 1281 2018 vitam
1310 1963 1588 2017 honestam
1615 1961 1803 2016 curare
1829 1960 1950 2015 nol-

358 2062 500 2124 lent,
543 2075 721 2114 annon
774 2064 1021 2128 poterant
1067 2054 1190 2110 inde
1243 2069 1365 2109 cum
1415 2068 1605 2124 magna
1656 2052 1725 2107 ali
1771 2067 1947 2107 rerum

356 2152 565 2224 copia?
596 2166 725 2207 non
750 2150 901 2205 vides
943 2156 1075 2220 quot.
1112 2147 1404 2219 quantique
1443 2146 1551 2201 sint
1578 2145 1734 2201 istius
1777 2146 1951 2201 aetatis

358 2246 582 2301 lenones
603 2253 658 2300 et
678 2242 914 2299 libidinis
933 2241 1244 2306 ministri,et
1262 2230 1367 2295 alia
1381 2239 1626 2312 quaedam
1646 2238 1948 2310 hujusmodi

360 2337 542 2394 munia
587 2342 921 2402 exercentes,
955 2331 1046 2402 qui
1083 2330 1300 2385 aluntur
1329 2338 1383 2384 et
1414 2330 1465 2383 in
1497 2329 1704 2383 deliciis
1731 2328 1951 2383 vivunt?

360 2432 433 2484 At
471 2429 523 2483 hi
556 2428 794 2492 minime,
824 2428 921 2481 sed
960 2424 1166 2479 malunt
1194 2422 1335 2478 fame
1366 2422 1539 2493 perire
1566 2422 1761 2492 potius,
1793 2435 1950 2492 quam

359 2524 525 2578 vitam
550 2536 703 2577 suam
734 2520 1042 2588 deturpare,
1066 2524 1119 2572 et
1149 2515 1377 2571 salutem
1403 2529 1552 2568 suam
1586 2512 1843 2584 prodere;
1868 2528 1952 2568 se—

360 2615 598 2684 dentque
636 2621 746 2668 toto
775 2610 863 2666 die
889 2609 1234 2681 pbarmacum
1267 2606 1359 2662 tibi
1391 2606 1581 2661 salutis
1609 2615 1949 2675 apparantes.

362 2706 480 2761 Non
511 2706 654 2759 enim
687 2702 926 2757 medicus
954 2716 1171 2757 manum
1204 2698 1503 2756 extendens
1530 2707 1586 2754 et
1625 2698 1820 2753 ferrum
1850 2699 1950 2752 im-

363 2798 583 2853 mittens
639 2795 923 2850 vulnerum
976 2792 1314 2864 putredinem
1367 2806 1523 2862 mque
1575 2790 1846 2846 exscindit
1897 2799 1954 2843 ut

362 2904 566 2958 pauper
610 2886 886 2941 dexteram
930 2884 1228 2957 extendens
1267 2891 1322 2939 et
1362 2883 1761 2953 eleemosynam
1807 2882 1951 2936 acci-

363 2979 516 3049 piens
539 3020 553 3044 ,
587 2976 762 3032 aufert
789 2977 1069 3032 vulnerum
1103 2986 1381 3031 tumores:
1427 2976 1673 3046 quodque
1712 2974 1953 3031 mirabile

362 3081 447 3125 est
473 3113 488 3137 ,
538 3071 655 3126 sine
694 3070 808 3125 ullo
852 3069 1043 3125 dolore
1085 3069 1224 3124 hanc
1273 3068 1529 3138 optimam
1582 3069 1657 3124 illi
1700 3077 1953 3124 exercent

364 3162 709 3218 medicinam.
731 3163 808 3217 Ac
836 3177 941 3217 non
966 3163 1142 3216 minus
1170 3176 1327 3232 quam
1360 3175 1457 3215 nos
1482 3161 1570 3231 qui
1600 3161 1797 3232 populo
1817 3175 1953 3229 prm-

362 3269 549 3309 sumus
579 3263 635 3307 et
674 3267 771 3307 vos
800 3252 865 3306 ad
896 3252 1045 3306 utilia
1078 3251 1390 3318 hortamur,
1422 3250 1514 3305 ille
1539 3252 1625 3320 qui
1654 3260 1780 3305 ante
1810 3249 1952 3306 fores

358 3345 605 3399 ecclesiae
633 3342 783 3397 sedet
806 3359 900 3413 per
924 3343 1197 3397 silentium
1227 3351 1281 3397 et
1307 3353 1582 3411 aspectum
1607 3357 1703 3396 vos
1727 3342 1953 3412 alloqui-

360 3444 468 3489 tur.
490 3434 598 3489 Nos
619 3434 762 3488 enim
791 3433 906 3487 haec
931 3432 1084 3487 vobis
1105 3432 1345 3503 quotidie
1373 3434 1684 3487 insonantes
1701 3433 1948 3489 dicimus:

358 3526 436 3583 Ne
478 3527 645 3581 altum
691 3526 905 3595 sapias,
944 3540 977 3581 o
1004 3524 1165 3579 homo
1195 3544 1208 3579 :
1258 3534 1479 3595 repente
1512 3525 1701 3579 transit
1729 3534 1783 3580 et
1808 3524 1949 3581 fluxa

359 3630 445 3676 est
483 3619 759 3674 hominum
792 3626 1024 3681 natura;
1064 3617 1321 3687 juventus
1363 3616 1429 3671 ad
1476 3618 1683 3671 senium
1715 3616 1948 3684 festinat,

359 3711 532 3765 forma
562 3707 630 3763 ad
661 3707 1056 3762 deformitatem
1077 3748 1093 3774 ,
1124 3707 1291 3762 robur
1329 3708 1395 3761 ad
1423 3707 1784 3763 infirmitatem
1806 3749 1822 3774 ,
1853 3706 1951 3763 ho-

363 3817 462 3857 nor
502 3800 569 3857 ad
613 3807 1002 3869 contemptum,
1030 3799 1233 3854 sanitas
1258 3799 1310 3853 i‘n
1342 3798 1701 3853 infirmitatem
1740 3799 1946 3863 incidit,

358 3892 527 3963 gloria
572 3891 624 3947 in
664 3890 947 3957 vilitatem,
971 3890 1174 3945 divitia:
1206 3891 1256 3944 in
1304 3898 1672 3960 paupertatem
1702 3909 1715 3945 :
1747 3889 1948 3945 fluento

360 3984 661 4040 vehementi
706 3998 807 4038 res
831 3992 1029 4038 nostrae
1060 3981 1262 4039 similes
1297 3991 1453 4046 sunt,
1492 3982 1633 4053 quod
1660 3999 1944 4054 numquam

358 4076 473 4131 vult
510 4076 831 4140 consistere,
865 4076 959 4131 sed
987 4075 1052 4131 ad
1081 4075 1291 4131 declive
1316 4075 1551 4131 festinat.

429 4167 485 4223 5.
515 4166 640 4222 Haec
664 4181 875 4237 quoque
898 4208 912 4232 ,
947 4167 1054 4222 imo
1081 4166 1235 4237 plura
1264 4182 1360 4237 per
1390 4176 1664 4237 aspectum
1694 4168 1768 4222 illi
1794 4183 1929 4224 con-

358 4257 556 4323 sulunt,
589 4265 642 4312 et
679 4272 775 4327 per
802 4258 1193 4327 experientiam
1233 4258 1427 4328 ipsam,
1453 4272 1576 4330 qnte
1603 4270 1685 4315 est
1722 4259 1947 4315 manife-

356 4349 490 4404 stior
516 4349 829 4405 admonitio.
851 4349 1022 4417 Quam
1041 4350 1191 4405 multi
1244 4366 1310 4407 ex
1336 4351 1421 4417 iis,
1455 4353 1544 4423 qui
1574 4353 1702 4407 foris
1729 4353 1940 4418 sedent,

358 4444 412 4498 in
428 4443 709 4512 juventute
733 4443 1050 4511 floruerunt,
1077 4459 1264 4516 magna
1289 4447 1771 4517 patrarunt?quam
1791 4448 1943 4503 multi

350 4552 419 4591 ex
455 4535 535 4589 his
564 4534 894 4590 deformibus
925 4546 979 4590 et
1026 4538 1273 4606 corporis
1313 4536 1627 4592 fortitudine
1674 4547 1729 4592 et
1773 4541 1940 4593 forma

356 4628 549 4681 multos
577 4629 935 4698 superarunt?
956 4627 1065 4685 Sed
1091 4645 1155 4683 ne
1183 4628 1341 4683 fidem
1370 4629 1596 4699 negetis.
1624 4645 1728 4684 neu
1760 4631 1940 4686 ridea-

356 4720 422 4795 tis
448 4736 462 4772 :
493 4734 615 4773 nam
663 4721 960 4775 innumeris
1006 4720 1312 4790 hujusmodi
1354 4720 1619 4790 exemplis
1654 4722 1807 4790 plena
1857 4716 1941 4779 est

353 4812 478 4864 vita.
512 4810 644 4865 Nam
684 4814 729 4867 si
762 4813 910 4867 multi
936 4812 1067 4866 viles
1097 4822 1151 4867 et
1180 4811 1373 4881 abjecti
1406 4811 1654 4867 homines
1684 4831 1826 4884 szrpe
1853 4832 1941 4869 re-

351 4916 445 4971 ges
469 4912 591 4955 sunt
614 4902 804 4965 effecti,
836 4902 967 4973 quid
981 4904 1175 4957 mirum
1208 4904 1250 4956 si
1286 4917 1353 4957 ex
1377 4904 1582 4974 magnis
1604 4914 1658 4959 et
1682 4905 1933 4974 glbriosis

358 4995 488 5048 viles
516 5002 569 5049 et
596 4996 804 5065 inglul‘ii
838 5004 965 5050 sunt
1010 4996 1224 5051 effecti?
1265 5012 1385 5051 nam
1434 4996 1564 5051 illud
1593 5008 1738 5052 certe
1783 4998 1939 5069 longe

352 5086 647 5141 mirabilius
673 5099 794 5153 est;
828 5089 929 5144 hoc
958 5105 1087 5145 vero
1121 5099 1448 5160 postremum
1482 5091 1781 5160 sa‘pissime
1803 5106 1936 5147 con-

352 5179 523 5248 tingit.
550 5178 885 5250 Quapmpter
914 5196 1019 5233 non
1054 5190 1267 5251 oportet
1311 5181 1466 5238 fidem
1511 5198 1616 5236 non
1647 5182 1934 5249 adhibere,

347 5269 394 5323 si
421 5269 472 5323 in
498 5268 740 5334 artibus,
774 5270 826 5324 in
870 5270 1059 5325 militia
1086 5281 1141 5326 et
1185 5272 1236 5326 in
1267 5272 1609 5342 pecuniarum
1633 5274 1783 5345 copia
1811 5276 1932 5346 qui-

348 5359 471 5415 dam
499 5374 687 5416 eorum
717 5359 1033 5429 ﬂoruerint;
1080 5363 1190 5418 imo
1235 5364 1476 5419 miserari
1524 5368 1774 5423 convenit
1817 5369 1937 5424 illos

344 5468 466 5510 cum
491 5451 681 5508 aﬂectu
704 5453 873 5509 multo
900 5495 918 5521 ,
948 5463 1002 5509 et
1028 5454 1223 5525 quique
1266 5454 1523 5511 debemus
1552 5457 1744 5514 timere
1774 5475 1839 5515 ne
1866 5462 1937 5514 si-

342 5545 487 5602 milia
519 5544 800 5616 patiamur.
836 5544 1049 5600 Etenim
1081 5559 1182 5601 nos
1204 5560 1421 5618 quoque
1450 5546 1697 5606 homines
1725 5566 1930 5617 sumus,

338 5644 397 5692 et
423 5635 549 5693 huic
591 5638 754 5693 celeri
794 5638 1022 5708 subjecti
1068 5639 1370 5694 mutationi.
1408 5639 1515 5696 Sed
1560 5639 1811 5698 fortassis
1862 5659 1928 5699 ex

338 5729 605 5799 improbis
624 5732 884 5802 quispiam
910 5773 925 5798 ,
957 5732 1047 5804 qui
1077 5732 1302 5789 irridere
1327 5733 1521 5803 solent,
1549 5752 1609 5791 ea
1637 5754 1757 5809 qua:
1786 5737 1927 5795 dicta

339 5832 469 5877 sunt
492 5831 688 5895 carpet,
712 5839 914 5898 nosque
941 5824 1161 5883 omnino
1184 5824 1427 5885 traducet
1452 5827 1636 5887 dicens
1663 5847 1676 5885 :
1710 5830 1923 5897 Ouous-

1120 383 1177 439 S.
1210 376 1483 438 JOANNIS
1519 368 1995 433 CHRYSOSTOMI
2035 365 2351 424 ARCHIEP.
2392 363 2923 422 CONSTANTINOP.

3523 358 3616 417 956

2054 497 2158 539 auc
2184 496 2289 536 non
2316 480 2553 536 cessabis
2580 493 2843 550 pauperes
2869 487 2923 534 et
2949 491 3148 548 egenos
3186 492 3397 548 semper
3426 479 3475 532 in
3505 494 3616 532 ora-

2050 575 2253 629 tionem
2307 572 2596 640 indueere,
2644 582 2700 627 et
2726 571 3061 627 calamitates
3105 572 3254 626 nobis
3305 571 3615 642 prmdieere.

2050 676 2415 737 paupertatem
2445 664 2828 734 praenuntiare,
2862 663 2915 719 id
2939 679 3136 719 curans
3158 673 3214 719 ut
3240 678 3336 719 nos
3355 664 3615 720 mendicos

2049 757 2285 813 efficias?
2313 756 2428 812 Non
2458 771 2653 812 curans
2682 765 2739 811 ut
2763 771 2860 812 vos
2889 755 3165 810 mendicos
3192 755 3419 811 efficiam
3441 797 3456 822 ,
3478 755 3618 813 obo-

2051 866 2159 918 mo,
2190 849 2305 906 haec
2325 849 2586 917 dico,,sed
2606 850 2758 905 vobis
2772 849 2888 905 caeli
2910 847 3125 902 divitias
3155 850 3365 918 aperire
3390 850 3615 905 studens.

2049 943 2182 998 Nam
2209 945 2300 1015 qui
2326 944 2467 1016 apud
2491 944 2626 999 bene
2655 943 2920 999 valentem
2948 949 3179 1013 aegrotos
3204 954 3485 1010 memorat,
3512 943 3619 999 illo-

2051 1051 2275 1106 rumque
2304 1036 2520 1091 dolores
2542 1046 2794 1101 enarrat,
2823 1049 2930 1090 non
2957 1045 3015 1090 ut
3045 1034 3192 1089 illum
3219 1045 3481 1106 aegrotum
3506 1037 3616 1090 red-

2050 1128 2145 1183 dat
2171 1130 2273 1184 hoc
2300 1127 2463 1193 dicit,
2496 1126 2590 1183 sed
2623 1138 2680 1182 ut
2707 1127 2763 1182 in
2790 1128 3018 1182 sanitate
3042 1136 3343 1193 conservet,
3371 1136 3426 1182 et
3450 1142 3620 1182 eorum

2051 1235 2170 1289 qua:
2191 1219 2312 1274 aliis
2329 1218 2639 1274 acciderunt
2656 1219 2848 1274 timore
2879 1217 3037 1287 hujus
3056 1218 3312 1273 incuriam
3331 1220 3620 1273 exseindat.

2052 1311 2332 1366 Terribilis
2359 1311 2515 1366 vobis
2549 1320 2834 1381 paupertas
2879 1311 3087 1366 videtur
3115 1327 3255 1377 esse,
3299 1327 3364 1367 ac
3395 1314 3478 1367 vel
3519 1313 3622 1383 ipso

2054 1404 2270 1458 nomine
2293 1402 2582 1458 horrenda.
2606 1402 2731 1458 Ideo
2754 1418 2984 1473 namque
3004 1417 3265 1473 pauperes
3291 1419 3497 1470 sumus,
3513 1407 3622 1475 quia

2054 1504 2419 1565 paupertatem
2466 1495 2717 1550 timemus
2740 1536 2755 1561 ,
2783 1495 2991 1549 etiamsi
3038 1495 3184 1549 mille
3216 1496 3414 1551 talenta
3442 1496 3622 1550 habea-

2053 1602 2194 1642 mus.
2226 1586 2343 1642 Nou
2374 1587 2517 1642 enim
2560 1588 2606 1642 is
2634 1588 2724 1658 qui
2756 1587 2886 1642 nihil
2917 1588 3077 1643 habet
3104 1604 3306 1660 pauper
3333 1601 3438 1658 est,
3470 1591 3557 1645 sed
3586 1592 3623 1644 is

2053 1679 2143 1749 qui
2174 1688 2537 1750 paupertatem
2574 1678 2907 1734 exhorrescit
2939 1696 2953 1733 :
2979 1681 3227 1749 quoniam
3256 1690 3310 1735 et
3337 1682 3394 1736 in
3420 1682 3621 1736 calami-

2055 1770 2251 1825 tatibus
2296 1785 2402 1824 uon
2434 1785 2529 1825 eos
2552 1810 2567 1835 ,
2596 1770 2685 1840 qui
2735 1772 3016 1825 innumera
3045 1772 3321 1841 patiuntur
3355 1774 3513 1839 mala,
3540 1775 3624 1827 dc-

2056 1863 2326 1933 ploramus
2354 1873 2410 1918 et
2449 1863 2678 1918 miseros
2725 1864 3095 1919 existimamus
3117 1906 3133 1931 ,
3162 1865 3253 1919 sed
3287 1881 3385 1919 eos
3414 1867 3502 1936 qui
3547 1867 3624 1919 illa

2054 1955 2199 2011 ferre
2228 1957 2505 2021 nesciant,
2533 1956 2743 2012 etiamsi
2770 1955 2977 2012 modica
3007 1957 3134 2011 sint.
3174 1956 3372 2012 Contra
3403 1973 3527 2013 vero
3555 1958 3624 2023 is,

2054 2048 2148 2119 qui
2177 2049 2265 2104 illa
2296 2050 2403 2103 scit
2434 2049 2705 2118 patienter
2737 2048 2877 2104 ferre
2898 2090 2912 2114 ,
2960 2058 3016 2104 et
3059 2050 3274 2104 coronis
3305 2060 3359 2104 et
3401 2038 3658 2103 laudibus.

2056 2140 2247 2212 dignus
2277 2149 2379 2196 est.
2410 2140 2479 2196 Et
2505 2140 2648 2211 quod
2678 2140 2778 2196 hoc
2810 2142 2880 2196 ita
2907 2156 2966 2197 se
2996 2142 3224 2209 habeat,
3259 2145 3310 2198 in
3334 2145 3626 2198 certamini-

2057 2233 2156 2287 bus
2179 2247 2438 2304 quosnam
2457 2231 2768 2288 laudamus?
2791 2248 2957 2288 eosne
2982 2234 3069 2303 qui
3102 2234 3324 2287 multum
3353 2236 3629 2289 verberan-

2058 2332 2177 2388 tur,
2228 2339 2328 2378 nec
2352 2323 2575 2389 dolent,
2608 2323 2703 2379 sed
2733 2335 2914 2379 erecto
2956 2325 3098 2380 collo
3139 2334 3413 2395 perstant;
3438 2342 3519 2387 an
3547 2341 3630 2381 eos

2057 2416 2146 2486 qui
2176 2424 2299 2486 post
2321 2416 2522 2486 primas
2571 2417 2751 2488 plagas
2780 2416 3025 2488 fugiunt?
3053 2435 3230 2473 annon
3282 2422 3403 2477 illos
3432 2424 3627 2492 quidem

2057 2522 2401 2575 coronamus,
2427 2514 2697 2578 tamquam
2722 2508 2889 2564 fortes
2908 2511 3190 2580 magnique
3211 2512 3375 2565 animi
3399 2554 3414 2577 ,
3438 2512 3530 2566 bos
3549 2529 3630 2566 au-

2059 2611 2166 2657 tem
2191 2602 2477 2657 irridemus
2498 2644 2514 2665 ,
2542 2612 2602 2657 ut
2634 2603 2853 2672 ignavos
2882 2612 2937 2658 et
2966 2603 3179 2658 timidos
3196 2605 3336 2660 ‘t'Sic
3361 2621 3491 2675 ergo
3515 2616 3560 2660 et
3586 2608 3630 2658 in

2058 2694 2215 2763 hujus
2269 2696 2368 2749 via:
2422 2696 2582 2750 rebus
2627 2696 2884 2751 faciamus
2916 2712 3074 2751 zeum
3123 2698 3211 2768 qui
3263 2699 3418 2754 facile
3467 2699 3629 2754 omnia

2057 2787 2289 2840 sustinet
2318 2801 2639 2841 enronemus
2660 2828 2675 2851 ,
2705 2796 2760 2841 ut
2787 2796 2841 2840 et
2874 2788 3019 2841 illum
3045 2790 3230 2843 fortem
3256 2790 3305 2842 in
3335 2792 3478 2844 omni
3523 2806 3627 2845 ecr-

2060 2879 2259 2933 tamine
2302 2881 2523 2945 virum;
2571 2879 2714 2935 hunc
2755 2896 2886 2936 vero
2939 2881 3179 2935 timidum
3234 2890 3287 2936 et
3338 2884 3405 2937 ad
3458 2898 3628 2954 aSpera

2058 2981 2375 3027 trementem
2402 2971 2713 3038 defleamus,
2734 2973 2823 3043 qui
2844 2983 3128 3043 antequam
3157 2976 3369 3046 plagam
3399 2977 3627 3046 accipiat,

2058 3079 2167 3133 prae
2186 3063 2470 3119 formidine
2492 3064 2865 3135 exstinguitur,
2888 3065 3103 3120 Etenim
3124 3067 3175 3120 in
3196 3070 3573 3122 certaminibus
3591 3068 3631 3121 si

2057 3155 2177 3225 quis
2198 3164 2487 3225 antequam
2528 3171 2715 3211 manus
2751 3156 3008 3221 extollat,
3047 3158 3416 3213 adversarium
3454 3160 3628 3214 videns

2056 3246 2329 3302 dexteram
2348 3247 2746 3315 extendentem,
2771 3247 3242 3320 fugiatanlequam
3263 3252 3470 3324 plagam
3501 3269 3629 3308 acet-

2066 3338 2207 3407 piat,
2232 3338 2486 3393 ridiculus
2524 3341 2660 3405 erit,
2704 3348 3069 3397 utenervatus
3106 3353 3160 3398 et
3217 3345 3393 3400 mollis
3413 3356 3465 3400 et
3486 3346 3535 3399 in
3556 3346 3628 3400 his

2057 3429 2330 3485 laboribus
2378 3430 2682 3501 imperitus.
2742 3432 2810 3488 Ut
2855 3435 3015 3489 etiam
3062 3436 3255 3491 accidit
3295 3438 3360 3492 iis
3390 3440 3476 3509 qui
3509 3455 3627 3509 pau—

2057 3532 2313 3592 pertatem
2362 3524 2550 3580 timent
2569 3568 2584 3592 ,
2614 3534 2670 3580 et
2698 3540 2766 3581 ne
2796 3526 2913 3596 ejus
2942 3528 3157 3598 quidem
3191 3532 3625 3599 exspectationem

2057 3616 2196 3671 ferre
2225 3628 2468 3685 possunt.
2503 3618 2618 3672 Non
2646 3634 2776 3689 ergo
2805 3634 2903 3675 nos
2935 3636 3030 3676 vos
3065 3622 3292 3678 miseros
3321 3624 3619 3688 reddimus,

2054 3704 2150 3761 sed
2175 3722 2272 3760 vos
2298 3708 2396 3777 ipsi
2428 3707 2481 3762 id
2510 3708 2702 3764 facitis.
2736 3710 3017 3777 Quomodo
3048 3711 3189 3767 enim
3219 3728 3329 3768 non
3366 3715 3458 3769 tibi
3484 3714 3622 3769 dein-

2054 3813 2182 3869 ceps
2214 3800 2401 3855 illudet
2431 3800 2709 3868 diabolus,
2740 3819 2899 3873 quem
2925 3814 3051 3858 ante
3077 3806 3285 3876 plagam
3314 3809 3487 3862 minas
3518 3818 3621 3862 tan-

2056 3902 2164 3945 tum
2210 3895 2655 3963 conspicientem,
2706 3896 2849 3951 videt
2903 3896 3278 3954 formidantem
3333 3912 3489 3972 atque
3530 3910 3623 3954 tre-

2053 3987 2324 4040 mentem?
2354 3986 2462 4040 lmo
2492 4003 2619 4042 vero
2642 4003 2761 4041 cum
2789 3997 2843 4043 tu
2867 3988 2967 4044 hoc
2988 4000 3142 4060 putes
3167 4006 3288 4047 esse
3310 3993 3495 4056 tninas,
3528 4008 3619 4045 nun

2052 4078 2155 4131 erit
2185 4078 2257 4131 illi
2287 4092 2421 4148 opus
2450 4088 2506 4131 ut
2538 4089 2588 4133 te
2615 4080 2880 4149 percutiat
2909 4098 2923 4145 ;
2954 4082 3046 4136 sed
3073 4083 3256 4137 sinens
3283 4093 3335 4138 te
3366 4083 3617 4153 possidere

2050 4168 2262 4222 divitias
2284 4209 2298 4232 ,
2330 4183 2400 4223 ex
2430 4169 2622 4223 timore
2662 4185 2728 4223 ne
2758 4172 3068 4225 auferantur
3091 4180 3142 4227 te
3182 4188 3305 4228 cera
3335 4175 3614 4228 molliorem

2055 4260 2264 4315 reddet.
2299 4262 2372 4315 Ea
2403 4262 2546 4317 enim
2588 4277 2775 4318 sumus
2803 4274 3011 4330 natura,
3047 4274 3103 4319 ut
3134 4266 3203 4320 ita
3233 4266 3407 4322 dicam
3428 4310 3442 4332 ,
3474 4277 3524 4321 ut
3562 4283 3613 4319 ea

2049 4369 2167 4422 qua:
2215 4354 2663 4422 pertimescimus,
2711 4364 2990 4427 postquam
3039 4373 3101 4412 ea
3137 4359 3379 4429 perpessi
3415 4373 3612 4422 sumus,

2051 4461 2156 4501 non
2189 4446 2260 4501 ita
2294 4447 2548 4503 terribilia
2570 4450 2965 4518 existimemus,
2996 4460 3051 4505 ut
3085 4462 3209 4507 ante
3238 4469 3397 4522 quam
3426 4452 3613 4523 experi-

2050 4549 2287 4594 mentum
2321 4540 2634 4597 faceremus.
2687 4540 2754 4597 Ut
2787 4558 2852 4597 ne
2879 4558 3007 4612 ergo
3036 4543 3173 4598 hanc
3214 4544 3464 4600 virtutem
3492 4544 3610 4597 obti-

2048 4645 2198 4697 neas,
2229 4631 2280 4684 in
2310 4647 2518 4686 summo
2550 4644 2598 4687 te
2628 4632 2831 4687 detinet
2858 4635 3066 4699 timore,
3087 4646 3246 4705 atque
3270 4646 3395 4692 ante
3423 4637 3608 4704 experi-

2049 4731 2287 4777 mentum
2307 4738 2371 4777 ex
2396 4725 2718 4793 paupertatis
2736 4733 2877 4779 metu
2905 4734 2953 4779 te
2970 4728 3120 4796 quasi
3145 4743 3323 4783 ceram
3343 4727 3615 4799 liquefacit—

2044 4815 2177 4870 Nam
2203 4816 2322 4871 talis
2348 4816 2507 4871 homo
2526 4831 2647 4871 cera
2667 4819 2850 4887 quavis
2873 4819 3083 4873 mollior
3099 4829 3197 4885 est,
3224 4830 3278 4876 et
3299 4822 3607 4877 miseriorem

2045 4923 2201 4978 quam
2218 4908 2417 4963 Cainus
2432 4908 2593 4962 vitam
2617 4907 2782 4975 ducit,
2811 4924 2905 4978 pro
2927 4911 2991 4966 iis
3015 4927 3132 4981 qua:
3158 4913 3605 4981 possidettimeus.

2045 5008 2099 5054 et
2126 4999 2195 5054 de
2218 4999 2283 5054 iis
2304 5016 2422 5069 quze
2449 5015 2557 5054 non
2590 5000 2748 5055 habet
2774 5000 2962 5055 dolens
2994 5021 3009 5057 :
3036 5012 3089 5057 et
3118 5018 3213 5073 pro
3242 5005 3305 5057 iis
3333 5020 3449 5073 quae
3469 5000 3606 5054 habet

2044 5107 2258 5146 rursum
2304 5102 2574 5158 tremens,
2609 5102 2792 5163 utpote
2837 5092 3084 5163 fugitivas
3114 5104 3169 5150 et
3212 5096 3442 5166 ingratas
3482 5094 3605 5148 intus

2044 5185 2287 5241 retinens
2318 5186 2535 5242 divitias
2558 5230 2573 5255 ,
2606 5196 2765 5257 atque
2808 5187 2969 5242 variis
2997 5188 3344 5260 absurdisque
3373 5191 3603 5245 obsessus

2044 5280 2342 5337 affectibus.
2382 5280 2593 5335 Etenim
2631 5280 2895 5350 cupiditas
2938 5280 3190 5349 absurda,
3226 5284 3384 5337 timor
3428 5281 3599 5339 varius,

2043 5389 2214 5445 angor
2256 5374 2460 5440 animi,
2501 5384 2553 5429 et
2595 5384 2797 5429 tremor
2824 5375 3059 5446 undique
3099 5392 3287 5431 avaros
3313 5378 3597 5447 exagitant:

2041 5465 2355 5536 similesque
2381 5476 2505 5521 sunt
2532 5466 2788 5520 navicula:
2815 5465 3049 5536 undique
3087 5482 3116 5521 a
3148 5468 3429 5521 contrariis
3451 5462 3596 5519 ventis

2042 5556 2277 5625 agitatae,
2311 5565 2367 5612 et
2407 5555 2601 5612 fluctus
2628 5557 2824 5611 multos
2854 5558 3157 5612 sustinenti.
3195 5559 3257 5612 Et
3284 5568 3477 5629 quanto
3499 5568 3597 5609 me-

2042 5648 2145 5703 lius
2172 5660 2315 5704 esset
2356 5649 2659 5721 hujusmodi
2693 5649 2962 5706 hominem
2995 5651 3272 5718 decedere,
3322 5666 3473 5721 quam
3496 5660 3598 5718 pcr-

2041 5752 2253 5815 petuam
2287 5742 2426 5799 ferre
2449 5744 2859 5813 tempestatem?
2884 5744 3015 5799 Nam
3034 5755 3089 5800 et
3110 5745 3271 5803 Caino
3296 5740 3599 5802 tolerabilius

2052 5846 2166 5892 erat
2194 5837 2349 5903 mori,
2374 5851 2529 5906 quam
2555 5845 2809 5907 perpetuo
2828 5844 3075 5892 tremere.

3604 5952 3622 5976 Α

3454 5973 3535 5984 ,Λιιο
3571 5980 3583 5986 ρ
