3826 6216
142 289 229 345 955
1076 279 1139 335 IN
1180 280 1399 336 EPIST.
1438 278 1456 332 Ι
1492 279 1585 332 AD
1623 276 1778 334 C0“.
1820 280 2051 337 IIOMIL.
2093 285 2263 342 XXX.

52 452 69 481 .,
141 402 259 459 xui
303 398 389 469 τὴν
444 396 648 468 ἀγορὰν
709 396 963 467 βαδίζειν,
996 398 1089 449 καὶ
1128 398 1185 450 ἐν
1216 400 1329 459 τοῖς
1372 396 1666 457 στενωποῖς

139 486 427 561 προσαιτεῖνο
459 482 573 535 ἀλλ’
599 481 781 551 ἔχουσί
814 500 867 535 τι
907 483 1000 535 καὶ
1036 482 1320 544 εὐλαϐείας
1353 480 1414 533 οὐ
1451 478 1664 550 μικρόν.

62 558 67 563 ’
136 558 255 642 ’θρα
277 566 395 636 γοῦν
424 568 481 619 ἐν
508 566 609 637 ὅσῃ
637 567 854 638 καμίνῳ
894 568 1083 629 πενίας
1131 566 1257 619 είσί.
1290 565 1398 617 Kal
1427 563 1670 634 βλασφη-

54 650 69 665 ”
134 655 320 731 μουσῶν
347 651 441 703 οὐκ
468 650 533 704 ἄν
567 667 694 703 ποτε
726 650 907 703 αὐτῶν
939 649 1202 720 ἀκούσῃς,
1232 648 1353 701 οὐδὲ
1376 646 1674 731 ἀποδυσπε-

50 742 65 775 ί
128 729 327 798 τουσῶν,
368 734 508 804 ἅπερ
546 734 741 788 πολλαὶ
790 735 901 788 τῶν
939 733 1310 786 πλουτούντων
1342 743 1368 771 ι
1402 729 1668 795 ποιοῦσιν.

50 832 59 865 ε
128 828 221 881 Καὶ
240 824 291 877 αί
322 820 413 890 μέν
450 818 630 872 αὐτῶν
661 817 925 871 πεινῶσαι
966 817 1340 886 ἐκοιμήθησαν
1386 814 1669 878 πολλάκις,

50 930 65 945 ‘-
124 914 172 967 αί
191 911 242 963 δὲ
272 905 359 960 καὶ
384 903 645 973 διηνεκῶς
678 902 783 955 ὑπὸ
810 901 903 955 τοῦ
938 900 1151 971 κρυμοῦ
1184 898 1526 969 πηγνύμεναι
1552 897 1669 950 δια-

50 1022 67 1059 ’;
123 990 330 1053 τελοῦσι,
363 986 455 1039 καὶ¹
500 986 648 1055 ὅμως
696 984 755 1037 ἐν
781 984 1098 1054 εὐχαριστίᾳ
1143 982 1239 1036 καὶ
1269 981 1549 1050 δοξολογία
1588 981 1669 1032 δι-

122 1082 311 1145 άγουσι.
338 1070 453 1123 Κᾶν
480 1067 666 1121 ὀϐολὸν
698 1066 822 1137 δῷς,
852 1064 1237 1139 εὐχαριστοῦσι
1279 1069 1375 1119 καὶ
1407 1062 1669 1133 ἐπεύχον-

48 1210 59 1223 _.
119 1179 195 1215 ται
219 1156 375 1229 μυρία
398 1153 476 1224 τῷ
507 1153 784 1206 δεδωκότιο
809 1152 915 1206 κᾶν
948 1151 1115 1222 μηδὲν
1140 1149 1267 1221 δῷς,
1298 1149 1359 1202 οὐ
1385 1146 1671 1219 δυσχεραί-

50 1238 61 1243 “
119 1260 297 1303 νουσιν,
318 1238 448 1293 ἀλλά
485 1240 579 1291 καὶ
606 1235 776 1299 οὕτως
811 1235 1095 1304 εὐλογοῦσι
1125 1233 1220 1287 καὶ
1258 1231 1537 1301 ἀγαπῶσι,
1571 1230 1671 1300 τῆς

116 1325 369 1399 ἐφημέρου
410 1321 617 1392 τροφῆς
651 1319 1046 1373 ἀπολαύουσαι.
1096 1316 1216 1370 Κᾶν
1256 1312 1669 1399 70912751“;

48 1400 57 1429 λ
118 1396 406 1485 βούλωνται,
433 1406 617 1474 φησὶν,
646 1404 858 1473 ἀνάγκη
890 1399 1296 1485 φέρεινᾼαύτάς.
1434 1398 1486 1451 τί
1496 1396 1669 1485 ςῌείπέ

48 1512 49 1519 ‘
114 1481 225 1566 μοι·
262 1491 403 1552 τίνος
450 1489 635 1541 ἕνεκεν
681 1488 744 1540 τὸ
789 1486 985 1557 πικρὸν
1015 1482 1174 1538 τοῦτο
1200 1481 1447 1553 ἐφθέγξω
1482 1481 1666 1566 ρᾗας

46 1598 47 1615 ῖ
110 1562 197 1633 οὐκ
223 1576 322 1628 είσὶ
355 1573 544 1642 τέχναι
568 1572 810 1642 αἰσχραὶ,
849 1569 945 1623 καὶ
972 1571 1086 1631 τοῖς
1109 1566 1447 1638 γεγηρακόσι
1475 1562 1670 1633 κέρδος

108 1664 308 1731 ἔχουσαι
336 1658 431 1709 καὶ
451 1659 571 1717 ταῖς
601 1652 1035 1725 γεγηρακυίαις;
1060 1652 1162 1705 οὐκ
1198 1651 1483 1721 ἠδύναντο,
1509 1648 1669 1731 εἴπερ

46 1798 47 1801 η
108 1729 329 1817 βούλοιτο
368 1741 462 1793 τοῦ
500 1741 600 1810 ζῇν
640 1738 902 1801 ἐπιεικῶς
950 1736 1195 1808 ἀμελεῖν,
1237 1733 1490 1789 κάκεῖθεν
1530 1729 1669 1817 μετὰ

106 1814 287 1897 πολλῆς
315 1824 725 1896 ἀποτρέψεσθαι
757 1826 853 1893 τῆς
889 1820 1244 1891 περιουσίας;
1274 1818 1372 1888 οὐχ
1404 1817 1537 1886 δρᾷς
1565 1814 1667 1867 πό·

104 1932 174 1966 σοι
205 1911 307 1964 τῶν
332 1912 390 1962 ἐν
409 1908 586 1980 ταύτῃ
612 1910 676 1979 τῇ
702 1907 887 1978 ἡλικία
912 1904 1214 1976 μαστροποὶ
1236 1904 1329 1956 καὶ
1350 1898 1668 1972 προαγωγοὶ

100 1997 377 2067 γινόμενοι,
414 1993 511 2046 καὶ
559 1993 722 2062 ἐτερα
781 1990 1004 2043 τοιαῦτα
1052 1990 1188 2043 ἄττα
1238 1984 1665 2067 διακονούμενοι,

98 2062 181 2133 καὶ
211 2062 510 2148 τρέφονται
551 2073 644 2126 καὶ
680 2073 994 2144 τρυφῶσιν;
1042 2070 1180 2123 Ἀλλ’
1211 2070 1307 2140 οὐχ
1346 2062 1513 2131 οῦτοι,
1552 2067 1666 2121 ἀλλ’

95 2162 359 2234 αἱροῦνται
387 2158 537 2230 λιμῷ
560 2154 969 2227 διαφθείρεσθαι
999 2155 1220 2226 μᾶλλον,
1251 2156 1283 2225 ἡ
1308 2152 1667 2223 καταισχῦναι

91 2248 181 2319 τὴν
215 2244 424 2299 ἑαυτῶν
473 2243 617 2312 ζωὴν
666 2242 761 2294 καὶ
789 2238 1078 2311 προδοῦναι
1106 2237 1204 2309 τὴν
1233 2238 1508 2309 σωτηρίαν
1527 2254 1541 2267 ·
1574 2238 1669 2290 καὶ

90 2332 343 2400 κάθηνται
372 2329 446 2381 δι’
481 2328 693 2398 ἡμέρας
722 2326 851 2396 ὅλης
885 2324 1174 2396 φάρμακόν
1208 2340 1289 2376 σοι
1324 2321 1667 2376 κατασκευά-

90 2414 259 2476 (owe;
291 2408 595 2478 σωτηρίας.
623 2407 696 2459 Οὐ
724 2406 833 2476 γὰρ
863 2405 1033 2467 οὕτως
1065 2404 1267 2474 ίατρὺς,
1304 2406 1457 2473 χεῖρα
1490 2400 1667 2454 ἐκτεί-

85 2513 180 2548 νων
209 2496 300 2548 καὶ
338 2494 590 2564 σιδήριον
614 2490 857 2556 ἐπάγων,
895 2488 1147 2559 ἐκτέμνει
1170 2488 1238 2539 τὰ
1263 2487 1537 2558 σεσηπότα
1559 2485 1667 2539 τῶν

82 2581 428 2650 τραυμάτων,
472 2578 546 2639 ὡς
581 2576 766 2646 πένης,
801 2573 981 2637 δεξιὰν
1016 2572 1271 2625 ἐκτείνων
1309 2572 1399 2626 καί
1435 2570 1667 2642 ἐλεημο-

81 2664 236 2731 σύνην
291 2662 617 2730 λαμϐάνων.
674 2660 951 2728 περιαιρεῖ
1002 2656 1109 2709 τῶν
1157 2655 1489 2725 τραυμάτων
1542 2656 1668 2717 τούς

85 2747 371 2817 μώλωπας.
400 2746 516 2798 Kal
540 2744 598 2797 τὸ
624 2744 687 2813 δὴ
718 2742 1051 2812 θαυμαστὸν,
1075 2742 1156 2794 ὅτι
1179 2743 1348 2812 χωρὶς
1377 2739 1667 2809 ἀλγηδόνος

81 2834 165 2885 καὶ
208 2832 403 2900 ὀδύνης
440 2830 541 2900 τὴν
587 2829 756 2899 καλὴν
798 2826 999 2897 ταύτην
1033 2826 1356 2897 ἐργάζονται
1402 2824 1665 2895 ἰατρείαν.

73 2918 181 2971 ,Καὶ
209 2917 367 2987 ἡμῶν
400 2914 513 2967 τῶν
556 2912 649 2966 τοῦ
682 2911 813 2965 λαοῦ
858 2911 1292 2983 προκαθημένων
1334 2910 1426 2963 καὶ
1468 2924 1668 2978 παραι-

78 3001 304 3054 νούντων
329 3000 466 3071 ὑμῖν
496 2998 565 3052 τά
598 2996 948 3068 συμφέροντα
970 2994 1069 3047 οὐκ
1091 2994 1311 3046 ἔλαττον
1334 2992 1538 3055 ἐκεῖνος
1564 2991 1669 3043 δια-

72 3086 283 3153 λέγεται
319 3087 347 3139 ό
382 3084 494 3152 πρὸ
523 3081 630 3135 τῶν
655 3080 834 3151 θυρῶν
881 3078 978 3148 τῆς
1017 3076 1311 3148 ἐκκλησίας
1360 3075 1669 3147 καθήμενος

74 3169 158 3222 διὰ
187 3170 287 3239 τῆς
327 3167 497 3236 σιγῆς
521 3166 616 3219 καὶ
648 3165 747 3235 τῆς
780 3162 975 3232 ὅψεως.
1012 3162 1123 3214 Kal
1150 3161 1263 3232 γάρ
1300 3162 1463 3231 ἡμεῖς
1494 3158 1668 3211 ταῦτα

68 3254 187 3307 καθ’
212 3255 463 3322 ἑκάστην
491 3251 621 3320 ὑμῖν
650 3246 953 3317 ἐνηχοῦμεν
983 3244 1081 3315 τὴν
1111 3244 1345 3314 ἡμέραν,
1378 3242 1624 3310 λέγοντες
1650 3258 1663 3271 ο

69 3339 155 3408 ι-ίὴ
188 3338 334 3408 μέγα
362 3336 582 3407 φρόνει,
607 3327 652 3385 ὦ
681 3331 955 3402 ἄνθρωπε,
981 3327 1283 3399 ὀξύρροπον
1310 3328 1402 3380 καὶ
1430 3326 1665 3396 εὐμετά-

67 3438 273 3475 πτωτον
300 3420 414 3472 τῶν
437 3416 749 3485 ἀνθρώπων
777 3415 810 3483 ἡ
834 3413 1017 3483 φύσις,
1048 3413 1081 3482 ἡ
1103 3410 1292 3482 νεότης
1328 3409 1461 3481 πρὸς
1490 3412 1667 3480 γῆρας

65 3506 373 3572 ἐπείγεται,
408 3501 474 3553 τὸ
516 3499 713 3560 κάλλος
748 3498 885 3569 πρὸς
921 3494 1217 3568 ἀμορφίαν,
1260 3496 1292 3565 ἡ
1339 3493 1492 3565 ἰσχὺς
1531 3492 1667 3563 πρδς

63 3588 372 3651 ἀσθένειαν,
404 3587 441 3655 ἡ
464 3583 602 3654 τιμὴ
635 3584 770 3652 πρὸς
800 3580 1226 3651 καταφρόνησιν,
1257 3579 1291 3649 ἡ
1319 3577 1499 3645 ὑγιεία
1528 3575 1666 3646 πρὸς

59 3670 375 3741 ἀρρωστίαν
443 3665 869 3736 μεταπίπτει,ή
921 3662 1049 3727 δόξα
1100 3663 1237 3734 πρὸς
1293 3661 1588 3724 εὐτέλειαν,
1638 3659 1666 3711 ὁ

61 3755 290 3817 πλοῦτος
344 3753 495 3823 πρὸς
549 3751 738 3803 πενίαν
759 3766 772 3778 ·
810 3748 1042 3819 ῥεύματι
1076 3744 1286 3817 σφοδρῷ
1319 3746 1387 3799 τὰ
1420 3747 1665 3816 ἡμέτερα

56 3840 229 3892 ἔοικεν
256 3835 513 3907 οὐδαμοῦ
544 3831 796 3887 ἵστασθαι
820 3830 1147 3903 βουλομένῳ,
1180 3829 1294 3884 ἀλλ’
1325 3827 1665 3899 ἐπειγομένῳ

56 3922 190 3992 πρὸς
216 3921 282 3974 τὸ
317 3921 627 3981 κάταντες.

118 4012 181 4062 ε’.
207 4005 293 4058 Τὰ
325 4003 483 4058 αὐτά
515 4001 612 4055 καὶ
639 4002 859 4064 ἐκεῖνοι,
876 3998 969 4052 xal
988 3998 1206 4063 πλείονα
1227 3997 1432 4051 τούτων
1456 3996 1542 4051 διὰ
1567 3999 1666 4065 τῆς

50 4088 225 4163 ὗψεως
254 4105 322 4140 συ
332 4084 734 4157 μϐουλεύουσι,
757 4082 851 4136 καὶ
878 4082 967 4135 διά
992 4082 1089 4151 τῆς
1114 4080 1309 4153 πείρας
1334 4081 1521 4150 αὐτῆς,
1544 4081 1665 4151 ἥτις

49 4173 139 4225 καὶ
172 4170 515 4241 σαφεστέρα
552 4167 669 4222 ἐστὶ
700 4166 1043 4238 παραίνεσις.
1068 4166 1231 4219 Πόσοι
1263 4164 1394 4233 γοῦν
1432 4166 1541 4217 τῶν
1562 4164 1666 4231 ἐξω

48 4255 392 4325 καθημένων
424 4252 531 4305 νῦν
558 4251 815 4321 ἤκμασαν
840 4253 897 4303 ἐν
927 4250 1161 4318 νεότητι,
1196 4249 1287 4302 καὶ
1316 4244 1525 4319 μῖεγάλα
1555 4249 1667 4318 είρς

47 4340 329 4405 γάσαντο;
370 4336 546 4390 πόσοι
574 4333 681 4387 τῶν
712 4333 968 4404 είδεχθῶν
1000 4332 1203 4385 τούτων
1238 4333 1331 4385 καί
1359 4332 1450 4385 ἐπὶ
1478 4335 1544 4403 τῇ
1572 4332 1664 4386 τοῦ

45 4422 304 4493 σώματος
347 4420 515 4492 ἰσχύι
543 4421 637 4473 καὶ
666 4422 733 4490 τῇ
766 4419 865 4488 τῆς
899 4417 1075 4486 ὅψεως
1114 4415 1231 4487 ὥρᾳ
1264 4415 1489 4479 πολλοὺς
1524 4434 1667 4486 παρ-

45 4508 297 4578 ήλασανς
346 4504 534 4559 Ἀλλὰ
576 4504 651 4577 μὴ
698 4504 999 4566 ἀπιστεῖτε,
1041 4500 1173 4571 μηδὲ
1214 4500 1534 4571 χλευάζετε·
1574 4501 1667 4553 καὶ

40 4592 148 4661 γάρ
187 4591 425 4662 μυρίων
462 4588 629 4658 γέμει
661 4586 917 4640 τοιούτων
949 4584 1360 4653 ὑποδειγμάτων
1382 4585 1410 4636 ὁ
1439 4582 1570 4653 βίος.
1604 4584 1665 4636 EE

40 4676 149 4746 γὰρ
181 4676 453 4745 βασιλεῖς
490 4674 552 4738 ἐξ
573 4671 805 4725 εὐτελῶν
831 4672 924 4724 καὶ
946 4670 1216 4722 ταπεινῶν
1251 4667 1435 4720 πολλοὶ
1467 4667 1665 4721 πολλά-

40 4777 126 4823 κις
153 4760 459 4829 ἐγένοντο,
490 4758 548 4823 τί
587 4753 920 4825 θαυμαστὸν,
961 4752 1057 4806 καὶ
1087 4754 1151 4804 ἐκ
1183 4752 1433 4827 μεγάλων
1462 4752 1553 4805 καὶ
1584 4753 1668 4804 ἐν-

39 4842 208 4907 δόξων
240 4840 528 4895 ταπεινοὶ
557 4840 652 4891 καὶ
681 4838 917 4901 εὐτελεῖς
948 4836 1319 4908 κατέστησαν;
1352 4835 1578 4906 καὶγὰρ
1608 4835 1668 4889 τὸ

39 4924 227 4996 πολλῷ
264 4922 747 4996 παραδοξώτερον
783 4920 959 4973 ἐκεῖνό
996 4921 1149 4972 ἐστι·
1180 4919 1335 4973 τοῦτο
1358 4920 1415 4973 δὲ
1447 4920 1555 4973 τῶν
1579 4920 1666 4973 ἀεὶ

40 5011 517 5081 συμϐαινόντων.
545 5007 707 5058 Ὥστε
731 5006 791 5058 οὐ
824 5005 929 5077 χρὴ
950 5005 1270 5068 διαπιστεῖν,
1298 5004 1351 5055 εἴ
1374 5020 1519 5067 τινες
1544 5003 1667 5057 τού-

39 5111 145 5147 των
178 5097 284 5149 καί
308 5096 375 5146 ἐν
402 5093 640 5162 τέχναις
671 5091 765 5144 καὶ
796 5092 854 5144 ἐν
885 5091 1193 5159 στρατείαις
1218 5088 1460 5159 ἡνθησαν
1488 5090 1581 5143 καὶ
1609 5091 1667 5143 ἐν

39 5180 357 5250 χρημάτων
382 5174 770 5247 περιουσίαις,
801 5172 937 5226 ἀλλά
970 5172 1065 5225 καὶ
1098 5172 1270 5225 ἐλεεῖν
1302 5173 1499 5235 αὐτοὺς
1528 5173 1667 5241 μετά

39 5264 248 5333 πολλῆς
277 5262 396 5332 τῆς
431 5257 812 5328 συμπαθείας,
836 5255 932 5311 καὶ
952 5256 1092 5325 ὑπὲρ
1118 5254 1328 5308 ἑαυτῶν
1348 5255 1663 5319 δεδοικέναι,

153 5363 300 5401 ποτε
335 5344 451 5399 καὶ
488 5342 649 5395 αὐτοὶ
686 5340 757 5393 τὰ
798 5338 936 5393 αὐτά
960 5337 1237 5408 πάθωμεν.
1274 5338 1383 5391 Kal
1430 5339 1539 5409 γὰρ
1574 5340 1666 5393 καὶ

39 5434 197 5498 ἡμεῖς
230 5430 339 5484 ἄνθ
352 5443 577 5501 ρωποι,
606 5425 700 5479 καὶ
727 5425 832 5479 ὑπὸ
864 5425 963 5496 τὴν
992 5424 1289 5496 ὀξύρροπον
1316 5425 1519 5494 ταύτην
1557 5423 1667 5477 κεί-

39 5514 179 5584 paea
213 5511 584 5588 μεταϐολήν.
624 5509 762 5562 Ἀλλ’
793 5512 923 5572 ἴσως
954 5507 1063 5563 τῶν
1084 5507 1414 5579 ἀγνωμόνων
1453 5526 1537 5573 τις
1572 5510 1665 5562 καὶ

92 5718 119 5749 ⁸
149 5715 483 5785 Legeud‘um
514 5712 727 5785 videtur,
754 5713 850 5783 τῶν
869 5712 1196 5771 πλουτουσῶν,
1240 5712 1332 5761 nisi
1375 5711 1663 5763 subintelli~

39 5786 178 5841 gamr
197 5778 306 5828 τῶν
331 5778 695 5825 πλουτούντων
717 5778 948 5836 γυναῖκες.

3241 290 3350 348 εδδ

1778 395 2051 453 σκώπτειν
2089 403 2357 457 εἰωθότων
2404 403 2496 457 καὶ
2537 403 2829 475 ἐπισκὴιᾷει
2860 404 2973 467 τοῖς
3014 403 3351 476 εἰρημένοις,

1780 482 1874 533 καὶ
1905 486 2231 557 κωμῳδήσει
2261 487 2478 551 πάντως
2507 489 2652 558 ἡμᾶς
2678 488 2870 556 λέγων’
2901 488 3079 557 Μέχρι
3115 488 3258 553 τίνος
3287 491 3352 543 οὐ

1778 564 1963 638 παύσῃ
1992 569 2230 639 πένητας
2273 572 2361 624 ἀεὶ
2392 571 2484 623 καὶ
2513 572 2761 641 πτωχοὺς
2787 574 2845 624 ἐν
2879 573 2991 635 τοῖς
3027 572 3203 639 λόγοις
3234 575 3349 625 εἰσ-

1776 649 1945 717 άγων,
1982 653 2075 705 καὶ
2117 654 2402 725 συμφορὰς
2445 655 2574 725 ἡμῖν
2615 653 2996 725 προφητεύων,
3031 656 3124 707 καὶ
3159 655 3355 708 πενίαν

1776 736 2204 805 προαναφωνῶν,
2230 738 2324 791 καὶ
2359 739 2604 807 πτωχοὺς
2633 738 2853 808 ποιῆσαι
2890 737 3237 804 σπουδάζων;
3273 738 3348 791 Οὐ

1776 814 1927 887 [276]
1975 821 2223 888 πτωχοὺς
2263 821 2406 890 ὑμᾶς
2448 820 2763 885 σπουδάζων
2792 821 3038 889 ποιῆσαι,
3072 820 3348 889 ἄνθρωπε,

1773 896 1942 951 ταῦτα
1972 899 2134 969 λέγω,
2169 902 2305 956 ἀλλά
2332 903 2425 956 τοῦ
2451 903 2680 974 οὐρανοῦ
2714 903 2804 956 τὸν
2842 902 3071 957 πλοῦτον
3102 903 3229 972 ὑμῖν
3256 903 3354 955 ἀν-

1771 980 1911 1044 οῖξαι
1934 983 2196 1038 σπεύδων.
2241 986 2392 1039 Ἐπεὶ
2427 987 2520 1039 καὶ
2550 986 2686 1057 πρὸς
2714 986 2806 1039 τὸν
2830 986 3140 1053 ὑγιαίνοντα
3176 987 3203 1038 ὁ
3244 985 3350 1039 τῶν

1772 1064 2200 1135 ἀρρωστούντων
2236 1071 2580 1141 μεμνημένος
2619 1071 2712 1124 καὶ
2750 1071 2846 1133 τὰς
2882 1070 3104 1124 ἐκείνων
3132 1067 3351 1138 διηγού-

1776 1164 1934 1217 μενος
1958 1150 2173 1217 ὀδύνας,
2190 1153 2285 1223 οὐχ
2313 1154 2396 1206 ἵνα
2424 1155 2670 1207 ἐπίνοσον
2693 1158 2913 1224 ποιήσῃ,
2945 1153 3111 1221 λέγει,
3132 1152 3348 1205 ἀλλ’ἵνα

1773 1231 1867 1284 ἐπὶ
1911 1232 2011 1303 τῆς
2060 1235 2272 1303 ὑγιείας
2293 1236 2617 1309 διατηρήσῃ,
2667 1238 2742 1308 τῷ
2780 1238 2929 1308 φόϐῳ
2972 1238 3079 1290 τῶν
3123 1236 3351 1299 ἐκείνοις

1774 1314 2182 1384 συμϐαινόντων
2208 1320 2307 1390 τὴν
2340 1320 2525 1373 τούτου
2561 1322 2833 1392 ρᾳθυμίαν
2860 1323 3166 1375 ἐκκόπτων.
3189 1319 3354 1371 Φοϐε-

1776 1397 1867 1466 ρὸν
1892 1399 2019 1468 ὑμῖν
2048 1402 2082 1472 ἡ
2120 1404 2279 1455 πενία
2310 1400 2449 1458 εἶναι
2482 1404 2648 1467 δοκεῖ,
2675 1406 2769 1457 κα¹ι
2810 1404 3036 1475 φρικτὸν
3064 1405 3159 1455 καὶ
3188 1402 3350 1473 μέχρι

1771 1484 2148 1552 προσηγορίας
2188 1485 2376 1556 αὐτῆς.
2420 1487 2519 1541 Διά
2554 1488 2663 1559 γὰρ
2691 1487 2850 1541 τοῦτο
2892 1488 3119 1558 πένητές
3160 1488 3349 1554 ἐσμεν,

1771 1563 1854 1617 ὃτι
1907 1564 2099 1620 πενίαν
2126 1567 2465 1640 δεδοίκαμεν,
2503 1572 2607 1625 κᾶν
2640 1573 2810 1643 μύρια
2840 1571 3050 1642 ἔχωμεν
3091 1569 3350 1627 τάλαντα.

1772 1647 1849 1698 υύ
1881 1647 1989 1719 γὰρ
2018 1649 2047 1701 ὁ
2078 1650 2245 1721 μηδὲν
2271 1652 2429 1722 έχων,
2464 1655 2654 1724 πένης,
2675 1656 2788 1708 ἀλλ’
2818 1657 2847 1708 ό
2874 1655 3065 1708 πενίαν
3088 1653 3349 1724 φρίττων⁶

1773 1731 1895 1785 ἐπεὶ
1929 1734 2023 1787 καὶ
2059 1736 2118 1787 ἐν
2147 1737 2269 1799 ταῖς
2295 1742 2600 1808 συμφοραῖς
2640 1740 2700 1793 οὐ
2737 1741 2861 1803 τοὺς
2888 1741 2956 1793 τά
2995 1738 3204 1809 μεγάλα
3243 1738 3350 1790 πά·-

1773 1832 1997 1887 σχοντας
2026 1817 2173 1871 κακά
2191 1818 2498 1891 δακρύομεν
2523 1823 2615 1875 καὶ
2648 1823 2863 1885 ἀθλίους
2891 1822 3190 1893 ἡγούμεθα.
3216 1819 3353 1874 ἀλλά

1771 1901 1897 1963 τοὺς
1935 1900 2035 1954 οὐκ
2065 1902 2274 1967 είδότας
2299 1904 2439 1957 αὐτά
2457 1905 2665 1975 φέρειν,
2694 1907 2796 1959 κᾶν
2834 1906 3007 1977 μικρὰ
3030 1906 3166 1974 τύχῃ
3197 1904 3346 1957 ὄνταο

1771 1983 1846 2047 ώς
1876 1985 1904 2037 ὃ
1936 2003 1999 2053 γε
2038 1986 2224 2058 φέρειν
2256 1989 2411 2053 εἰδὼς
2443 1992 2538 2044 καὶ
2578 1990 2812 2045 ἐπαίνων
2852 1990 2997 2054 ἄξιος
3025 1993 3118 2043 καὶ
3146 1989 3353 2057 στεφά-

1769 2085 1897 2122 νων.
1935 2070 2044 2122 Kal
2080 2071 2161 2124 ὅτι
2200 2072 2360 2126 τοῦτο
2391 2073 2577 2127 τοῦτον
2612 2074 2723 2144 έχει
2766 2072 2858 2126 τὸν
2889 2072 3107 2144 τρόπον,
3143 2072 3200 2122 ἐν
3237 2073 3353 2136 τοῖς

1770 2150 1944 2219 ἀγῶσι
1976 2152 2129 2217 τίνας
2161 2155 2530 2227 ἐπαινοῦμεν;
2585 2158 2711 2222 τούς
2758 2155 2929 2210 πολλὰ
2982 2153 3351 2225 τυπτομένους

1770 2235 1865 2289 καὶ
1905 2235 1980 2306 μὴ
2013 2236 2335 2305 ἀλγοῦντας,
2367 2240 2483 2293 ἀλλ’
2523 2240 2725 2311 ὑψηλὸν
2754 2240 2845 2294 τὸν
2869 2239 3071 2309 αὐχένα
3105 2238 3351 2308 ἔχοντας,

1767 2318 1803 2390 ἡ
1848 2318 1975 2382 τούς
2020 2320 2131 2374 ἀπὸ
2163 2322 2272 2375 τῶν
2302 2322 2533 2393 πρώτων
2592 2322 2890 2403 φεύγρντας
2942 2322 3197 2403 πληγῶν;
3229 2324 3353 2394 οὐχὶ

1769 2404 2013 2467 ἐκείνους
2038 2405 2137 2475 μὲν
2168 2409 2264 2461 κα)⁵
2287 2392 2678 2478 στεφανοῦμεν,
2708 2392 2783 2471 ώς
2810 2392 3086 2478 ἀνδρείὸυς
3118 2409 3212 2462 καὶ
3236 2392 3355 2477 γεν-

1769 2488 1974 2551 ναίους,
2009 2490 2233 2554 τούτους
2269 2491 2327 2545 δὲ
2362 2494 2456 2545 καὶ
2498 2494 2765 2561 γελῶμεν,
2807 2492 2883 2555 ώς
2920 2491 3214 2563 ἀνάνδρους
3256 2494 3354 2547 καὶ

1769 2572 2004 2638 δειλούς;
2040 2574 2198 2628 Οῦτω
2228 2576 2403 2629 τοίνυν
2432 2577 2524 2630 καὶ
2565 2577 2657 2629 ἐπὶ
2684 2576 2794 2630 τῶν
2818 2574 2910 2629 τοῦ
2946 2575 3061 2646 βίου
3090 2576 3352 2648 πραγμά-

1768 2676 1876 2712 των
1904 2660 2166 2731 ποιῶμεψ
2204 2662 2296 2714 τὸν
2321 2662 2418 2732 μὲν
2448 2661 2685 2725 εὐκόλως
2715 2661 2927 2716 ἅπαντα
2963 2661 3198 2732 φέροντα
3228 2679 3354 2715 στε-

1770 2742 2131 2814 φανώσωμεν,
2168 2744 2418 2816 καθάπερ
2457 2747 2661 2799 ἐκεῖνον
2696 2746 2788 2799 τὸν
2818 2748 3063 2814 γενναῖον
3096 2763 3353 2818 παγκρα-

1768 2829 2013 2898 τιαστήν·
2032 2827 2220 2880 τοῦτον
2241 2828 2298 2880 δὲ
2323 2828 2493 2899 δακρύ
2503 2846 2684 2899 σωμεν
2706 2830 2795 2882 τὸν
2816 2830 3088 2883 δεδοικότα
3118 2831 3212 2885 καὶ
3232 2830 3355 2901 τρέε·

1772 2927 1942 2980 μοντα
1972 2910 2040 2963 τά
2073 2910 2238 2975 δεινά,
2276 2913 2371 2965 καὶ
2404 2913 2532 2980 πρὶν
2558 2913 2589 2983 ἡ
2620 2910 2872 2978 δέξασθαι
2899 2915 3115 2985 πληγὴν
3155 2915 3355 2969 ἀποτε-

1769 2993 2004 3065 θνηκάτα
2045 2994 2123 3064 τῷ
2159 2994 2286 3048 δέει.
2318 2997 2428 3048 Καὶ
2461 2996 2570 3066 γὰρ
2615 2998 2705 3049 ἐπὶ
2747 2997 2855 3050 τῶν
2888 2997 3113 3067 ἀγώνων
3153 2999 3208 3051 εί
3246 3016 3353 3065 τις,

1768 3078 1897 3147 πρὶν
1922 3076 1954 3147 ἢ
1984 3081 2173 3149 χεῖρας
2198 3080 2448 3150 ἀντᾶραι,
2477 3079 2568 3133 τὸν
2589 3080 2879 3135 ἀντίπαλον
2903 3080 3027 3135 ίδὼν
3052 3081 3151 3153 τὴν
3172 3080 3353 3146 δεξιὰν

1766 3163 2009 3216 τείνοντα
2056 3164 2217 3233 μόνον
2248 3165 2541 3234 ἀποφύγοι,
2573 3164 2677 3219 κᾶν
2731 3166 2806 3236 μὴ
2856 3165 3073 3236 δέξηται
3114 3165 3353 3236 πληγὴν,

1768 3246 2175 3314 καταγέλαστος
2218 3248 2392 3309 ἐσται,
2427 3247 2503 3312 ώς
2549 3250 2737 3311 ἄτονος
2766 3249 2792 3288 δ
2824 3249 2919 3301 καὶ
2972 3249 3213 3319 μαλακὸς
3255 3250 3353 3303 καὶ

1768 3329 1947 3382 πόνων
1980 3330 2201 3400 ἄπειρος
2226 3330 2481 3383 τοιούτων
2499 3348 2512 3361 ⁸
2533 3327 2642 3385 οἷον
2666 3334 2759 3383 καὶ
2779 3332 2869 3384 ἐπὶ
2888 3331 3092 3386 τούτων
3121 3332 3357 3402 συμϐαί-

1768 3430 1847 3466 νει
1887 3413 1997 3467 τῶν
2025 3413 2215 3467 πενίαν
2243 3414 2579 3479 δεδοικότων,
2622 3417 2714 3469 καὶ
2750 3415 2870 3469 οὐδέ
2900 3415 2996 3487 τὴν
3022 3415 3354 3486 προσδοκίαν

1768 3498 1937 3567 αὐτῆς
1964 3499 2205 3565 ἐνεγκεῖν
2246 3499 2578 3570 δυναμένων.
2620 3500 2734 3553 Οὐκ
2762 3500 2868 3570 ἄρα
2899 3501 3061 3570 ἡμεῖς
3088 3500 3354 3572 ποιοῦμεν

1769 3582 1914 3651 ὑμᾶς
1942 3580 2180 3645 ἀθλίους,
2204 3582 2318 3635 ἀλλ’
2351 3581 2508 3652 ὑμεῖς
2534 3582 2780 3645 ἑαυτούς.
2806 3583 2932 3645 Πῶς
2951 3584 3060 3653 γὰρ
3089 3582 3151 3635 οὐ
3182 3601 3354 3637 κατα-

1768 3664 2018 3731 παίξεταί
2054 3682 2147 3719 σου
2174 3666 2358 3720 λοιπὸν
2387 3668 2415 3719 ὁ
2442 3666 2705 3731 διάϐολος,
2742 3667 2837 3720 καὶ
2870 3668 2975 3738 πρὸ
3009 3667 3108 3736 τῆς
3137 3666 3354 3738 πληγῆς

1766 3748 1865 3820 τὴν
1887 3749 2116 3821 ἀπειλὴν
2134 3750 2275 3822 ὁρῶν
2295 3750 2567 3804 δεδοικότα
2596 3752 2688 3804 καὶ
2711 3750 3006 3821 τρέμοντα;
3029 3750 3246 3804 Μᾶλλον
3270 3752 3350 3816 δέ,

1767 3833 1896 3886 ὃταν
1926 3832 2155 3904 ἀπειλὴν
2182 3834 2339 3887 τοῦτο
2374 3834 2621 3905 νομίζῃς,
2652 3836 2711 3887 οὐ
2740 3834 2988 3906 δεήσεται
3020 3833 3203 3887 λοιπὸν
3228 3834 3351 3887 οὐδέ

1769 3917 1991 3988 πλῆξαι,
2030 3918 2144 3971 ἀλλ’
2180 3918 2338 3987 ἀφεὶς
2365 3918 2510 3988 ἔχειν
2540 3919 2632 3971 τὸν
2665 3919 2912 3982 πλοῦτον,
2952 3922 3019 3990 τῇ
3052 3920 3352 3991 προσδοκίᾳ

1766 4001 1868 4071 τῆς
1890 4001 2232 4073 ἀφαιρέσεως
2257 4002 2427 4073 κηροῦ
2456 4002 2656 4065 παντὸς
2686 4002 3070 4073 μαλακώτερόν
3098 4020 3157 4056 σε
3184 4004 3351 4075 ἐργάο

1770 4101 1943 4139 σεται.
1971 4085 2081 4138 Kal
2107 4084 2215 4155 γάρ
2238 4086 2581 4155 πεφύκαμεν,
2613 4085 2687 4149 ὼς
2716 4087 2910 4151 εἰπεῖν,
2942 4085 3087 4157 ἆπερ
3110 4086 3352 4140 δεδοίκα-

1772 4186 1892 4238 μεν,
1919 4168 2056 4239 μετά
2080 4169 2140 4221 τὸ
2163 4169 2355 4222 παθεῖν
2382 4170 2480 4239 οὐχ
2504 4168 2646 4222 οῦτω
2672 4169 2911 4241 νομίζειν
2946 4166 3083 4224 εἶναι
3119 4171 3347 4240 φοὸερά,

1768 4252 1958 4324 ῶσπερ
1996 4252 2305 4324 ἔμπροσθεν
2337 4253 2426 4305 καὶ
2451 4252 2556 4321 πρὸ
2585 4256 2684 4323 τῆς
2713 4253 2929 4323 πείρας,
2969 4255 3063 4307 Ἰν’
3090 4252 3180 4308 οὖν
3216 4255 3350 4326 μηδὲ

1769 4336 1975 4405 ταύτην
2008 4337 2185 4409 κτήσῃ
2223 4336 2321 4405 τὴν
2352 4336 2575 4407 ἀρετὴν,
2613 4338 2669 4387 ἐν
2696 4336 3000 4405 ἀκμάζοντί
3040 4354 3098 4389 σε
3130 4340 3349 4409 κατέχει

1770 4420 1941 4490 φόϐῳ,
1975 4420 2080 4489 πρὸ
2128 4421 2228 4490 τῆς
2272 4419 2463 4490 πείρας
2514 4418 2590 4489 τῷ
2634 4419 2782 4491 φόϐῳ
2819 4421 2919 4490 τῆς
2947 4422 3136 4484 πενίας
3160 4422 3351 4493 ὥσπερ

1770 4502 1942 4573 κηρὸν
1974 4503 2106 4573 πυρὶ
2136 4504 2481 4572 κατατήκων.
2524 4503 2632 4555 Kal
2657 4504 2763 4573 γὰρ
2808 4502 2983 4572 κηροῦ
3011 4503 3211 4567 παντὸς
3247 4522 3351 4573 μα-

1769 4585 2073 4657 λακώτερος
2104 4586 2133 4637 ὁ
2166 4584 2423 4647 τοιοῦτος,
2459 4585 2549 4637 καὶ
2583 4584 2746 4639 αὐτοῦ
2787 4584 2881 4637 τοῦ
2912 4586 3051 4639 Κάῖν
3091 4586 3353 4639 ἀθλιώτε-

1773 4688 1863 4743 ρον
1893 4670 2005 4741 βίον
2028 4669 2154 4734 ζῶν,
2186 4670 2327 4740 ὐπέρ
2360 4668 2457 4738 μὲν
2494 4661 2567 4722 ὧν
2594 4668 2904 4721 πλεονεκτεῖ
2922 4668 3190 4734 δεδοικὼς,
3212 4672 3353 4743 ὑπὲρ

1769 4754 1825 4808 δὲ
1850 4747 1927 4807 ὧν
1954 4754 2053 4806 οὐκ
2078 4753 2189 4824 ἔχει
2222 4752 2424 4820 ἀλγῶψ
2451 4753 2544 4805 καὶ
2574 4752 2715 4822 ὑπὲρ
2742 4746 2817 4804 ὧν
2850 4751 2961 4821 ἔχει
2998 4755 3217 4823 τρέμων
3254 4757 3355 4810 πά-

1768 4840 1872 4904 λιν,
1898 4839 1993 4892 ἀτε
2017 4838 2293 4909 δραπέτην
2322 4837 2609 4906 ἀγνώμονα
2637 4836 2882 4905 κατέχων
2906 4836 3051 4891 ἔνδον
3077 4838 3167 4891 τὸν
3190 4839 3352 4894 πλοῦς

1768 4940 1881 4985 τον,
1925 4922 2016 4975 καὶ
2058 4921 2322 4984 ποικίλοις
2355 4921 2467 4973 τισὶ
2506 4923 2599 4973 καὶ
2638 4920 2857 4983 ἀτόποις
2898 4920 3350 4993 πολιορκούμενος

1771 5005 1987 5059 πάθεσι.
2028 5006 2138 5058 Kal
2182 5004 2289 5075 γάρ
2334 5004 2599 5073 ἐπιθυμία
2631 5005 2830 5066 ἄτοπος
2858 5006 2950 5057 καὶ
2987 5005 3149 5073 φόϐος
3183 5006 3349 5060 πολυ-

1768 5090 1914 5161 ειδὴς
1973 5088 2067 5142 καὶ
2105 5087 2314 5155 ἀγωνία
2364 5087 2457 5140 καὶ
2507 5086 2710 5157 τρόμος
2764 5089 3097 5158 πανταχόθεν
3152 5091 3349 5154 αὐτοὺς

1769 5173 2088 5246 χειμάζουσι
2114 5188 2128 5202 ο
2183 5170 2275 5223 καὶ
2308 5170 2517 5223 ἐοίκασι
2566 5170 2736 5242 πλοίῳ
2786 5172 3046 5225 πάντοθεν
3087 5173 3350 5237 ἐναντίοις

1769 5260 1991 5329 ἀνέμοις
2044 5256 2404 5325 ἐλαυνομένῳ,
2448 5254 2598 5327 [277]
2642 5256 2735 5309 καὶ
2786 5256 2985 5320 πολλάς
3030 5258 3351 5328 ὑπομένοντι

1767 5343 1866 5405 τὰς
1910 5341 2226 5414 τρικυμίας.
2261 5341 2371 5394 Kal
2416 5341 2566 5411 πόσῳ
2613 5340 2818 5410 βέλτιον
2855 5341 2946 5393 τὸν
2979 5342 3219 5414 τοιοῦτον
3248 5344 3353 5395 άπ-

1769 5411 1963 5492 ελθεῖν,
2016 5426 2049 5497 ἢ
2103 5426 2322 5496 διηνεκῆ
2382 5425 2567 5495 φέρειν
2616 5426 2893 5495 χειμῶνας
2934 5411 3055 5479 ἐπεὶ
3112 5427 3202 5479 καὶ
3258 5427 3350 5480 τὸν

1769 5512 1908 5564 Κάῖν
1954 5508 2303 5580 ἀνεκτότερον
2338 5504 2405 5579 ἦν
2434 5508 2746 5575 ἀποθανεῖν,
2798 5511 2830 5581 ἡ
2886 5510 3173 5573 διαπαντδς
3219 5510 3348 5580 τρέ-

1772 5610 1914 5664 μειν.

1834 5773 1862 5815 ι)
1883 5773 2003 5832 Alii,
2027 5774 2091 5828 ὡς
2122 5771 2346 5828 ἄτολμος,
2372 5784 2466 5820 non
2496 5773 2645 5822 male.
