3826 6216
466 428 565 486 'Iv’
584 419 678 483 οῦν
707 426 780 499 μὴ
804 426 899 481 καὶ
922 427 1083 500 ἡμεῖς
1111 423 1286 480 ταῦτα
1319 424 1640 495 πάσχωμεν,
1680 419 1985 491 καταγελά-

398 530 582 585 σωμεν
613 512 716 584 τῆς
738 510 832 567 τοῦ
873 509 1123 565 διαϐόλου
1162 508 1434 582 μηχανῆς,
1472 504 1853 580 διαρῤήξωμεν
1884 506 1984 557 a6-

397 597 493 652 τοῦ
525 596 596 650 τά
621 596 852 667 σχοινία,
874 592 1221 664 διακόψωμεν
1245 590 1340 645 τοῦ
1374 589 1613 661 χαλεποῦ
1636 589 1863 661 δόρατος
1888 586 1988 659 τὴν

398 681 625 753 αἰχμὴν,
660 678 756 733 καὶ
802 679 982 731 πᾶσαν
1024 675 1209 745 ἔφοδον
1241 674 1698 753 ἀποτειχίσωμεν,
1738 673 1836 725 Ἂν
1878 670 1987 753 7&9

400 752 703 837 χρημάτων
743 758 1146 831 καταγελάσῃς,
1194 756 1294 811 οὐκ
1323 755 1437 827 ἔχει
1471 752 1575 808 ποῦ
1627 753 1848 825 πλῆξαι,
1887 752 1988 837 ούκ

403 852 515 922 ἔχει
541 847 704 903 πόθεν
727 844 1071 914 ἐπιλάϐηται·
1099 843 1200 913 τὴν
1226 839 1334 912 7&9
1359 840 1514 911 ῥίζαν
1540 840 1856 922 ἀνέσπασας
1881 836 1991 922 τῶν

404 912 608 987 κ’άκῶψ
646 929 801 1002 ῥίζης
844 928 900 982 δέ
939 912 1039 981 οὑκ
1068 912 1256 997 οὔσης,
1296 922 1416 977 οὐδὲ
1453 921 1666 993 καρπὸς
1700 912 1993 990 βλαστήσει

403 1015 659 1088 πονηρός.
696 1012 884 1067 Ταῦτα
921 1010 1171 1081 λέγωμεν
1206 1009 1303 1075 μὲν
1335 1007 1444 1072 ἀεὶ,
1496 1006 1593 1060 καὶ
1629 1003 1900 1088 λέγοντες
1931 1002 1991 1088 οὑ

403 1086 739 1169 παυῶμεθα·
774 1098 824 1149 εί
860 1094 918 1150 δέ
952 1111 1004 1147 τι
1036 1093 1288 1161 λέγοντες
1319 1089 1580 1160 ἀνύομεν,
1608 1088 1642 1159 ἡ
1671 1088 1855 1159 ἡμέρα
1884 1086 1993 1140 δεί-

404 1183 485 1249 ξει
524 1180 707 1251 ἐκείνη
747 1181 781 1251 ἡ
808 1181 867 1233 ἐν
893 1176 1029 1249 πυρὶ
1057 1173 1577 1243 ἀποκαλυπτομένη,
1608 1173 1643 1242 ἡ
1678 1170 1737 1225 τὸ
1762 1169 1994 1223 ἑκάστου

403 1265 563 1334 ἔργον
590 1261 981 1333 δοκιμάζουσα,
1016 1260 1050 1329 ἠ
1083 1257 1185 1320 τάς
1215 1255 1505 1328 λαμπάδας
1532 1253 1858 1308 δεικνύουσα
1888 1251 1988 1334 τάς

403 1333 664 1417 λαμπράς
710 1344 804 1398 καὶ
833 1344 931 1407 τὰς
961 1342 1020 1396 06
1051 1339 1326 1401 τοιαύτας.
1372 1336 1505 1390 Τότε
1534 1335 1631 1390 καὶ
1681 1335 1709 1388 ό
1754 1335 1893 1405 ἔχων
1928 1333 1988 1388 τὸ

407 1430 605 1496 ἔλαιον,
626 1428 722 1482 καὶ
750 1429 778 1481 ὁ
803 1428 876 1499 μὴ
895 1425 1052 1497 ἔχων,
1078 1423 1233 1495 δῆλος
1259 1420 1433 1474 ἔσται.
1475 1418 1636 1473 Ἀλλά
1672 1418 1877 1490 μηδένα
1897 1417 1989 1486 γέ-

408 1529 551 1575 νοιτο
574 1512 695 1566 τότε
721 1509 1012 1582 εὑρεθῆναι
1031 1506 1233 1578 ταύτης
1248 1503 1455 1576 ἔρημον
1483 1500 1586 1573 τῆς
1609 1499 1986 1577 παραμυθίας,

1088 310 1148 364 S.
1186 304 1472 364 JOANNIS
1507 297 2002 377 CllRYSOSTOMI
2040 297 2364 357 ARCHIEP.
2411 295 2966 357 CONSTANTINOP.

3566 295 3674 351 258

2087 417 2224 473 ἀλλά
2274 417 2479 481 πάντας
2522 416 2717 488 δαψιλῆ
2750 416 2848 489 τὴν
2885 412 3296 485 φιλανθρωπίαν
3338 413 3679 484 ἐπιφερομέο

2085 517 2231 564 νους,
2271 502 2366 557 καὶ
2399 499 2634 572 φαιδρᾶς
2664 500 2890 570 ἔχοντας
2917 499 3017 562 τὰς
3035 496 3348 569 λαμπάδας,
3397 495 3680 550 συνεισελο

2087 583 2199 639 θεῖν
2225 582 2305 654 τῷ
2331 583 2553 655 νυμφίῳ
2571 600 2586 614 ·
2627 582 2704 645 ὡς
2732 581 2886 636 οὐδὲν
2912 582 3014 652 τῆς
3041 584 3228 653 φωνῆς
3250 580 3476 650 ἐκείνης
3517 580 3681 648 906t-

2090 666 2326 737 ρώτερον
2356 666 2453 720 καὶ
2489 664 2896 736 ὀδυνηρότερον,
2930 666 2998 736 ἣν
3019 665 3070 717 οι
3106 664 3275 739 χωρὶς
3304 660 3686 732 ἐλεημοσύνης

2087 747 2347 816 δαψιλοῦς
2375 748 2631 811 ἀπιόντες
2672 748 2797 801 τότε
2829 746 3154 801 ἀκούσονται
3189 745 3285 800 τοῦ
3313 745 3566 817 νυμφίω
3595 744 3683 798 λέ-

2091 846 2300 900 γοντος,
2357 833 2481 886 Οὐκ
2534 827 2668 885 οἶδα
2720 829 2898 899 ὑμᾶς.
2969 829 3129 884 Ἀλλά
3195 831 3415 901 μήποτε
3475 827 3687 898 ταύτης

2089 913 2430 984 ἀκούσαιμεν
2474 912 2577 983 τῆς
2627 912 2835 982 φωνῆς,
2884 910 3024 967 ἀλλά
3064 911 3164 982 τῆς
3196 912 3429 985 ἡδίστης
3470 911 3689 981 ἐκείνης

2092 1000 2188 1052 καὶ
2218 995 2626 1065 ποθεινοτάτης,
2674 995 2873 1062 Δεῦτε,
2902 1000 2958 1051 οι
2985 994 3383 1067 εὐλογημένοι
3427 994 3542 1050 τοῦ
3567 996 3689 1048 lla.

2093 1082 2237 1149 τρός
2282 1097 2428 1150 μου,
2491 1078 2991 1149 κληρονομήσατε
3047 1077 3166 1148 τὴν
3224 1078 3691 1149 ἡτοιμασμένην

2091 1164 2237 1233 ὑμῖν
2272 1163 2604 1229 ,ϐασιλείαν
2653 1162 2773 1217 ἀπὸ
2835 1162 3177 1231 καταϐολῆς
3226 1164 3497 1234 κόσμου.
3532 1161 3691 1217 Οὕτω

2090 1245 2200 1318 γάρ
2263 1247 2359 1300 καὶ
2415 1246 2508 1300 τὸν
2561 1246 2832 1318 μακάριον
2880 1245 3158 1318 ξησόμεθα
3218 1245 3357 1317 βίον,
3417 1244 3517 1299 καὶ
3584 1246 3693 1300 τῶν

2090 1328 2313 1400 ἀγαθῶν
2359 1328 2785 1399 ἀπολαυσόμεθα
2834 1328 3055 1383 πάντων
3079 1328 3189 1383 τῶν
3216 1330 3314 1384 καὶ
3345 1328 3482 1383 νοῦν
3514 1330 3691 1400 ὕπερ-

2093 1413 2385 1467 6αινόντων
2437 1410 2801 1483 ἀνθρώπινονο
2861 1404 2939 1466 ὧν
2991 1411 3202 1481 γένοιτο
3256 1412 3480 1476 πάντας
3545 1414 3693 1484 ἡμᾶς

2094 1498 2391 1567 ἐπιτυχεῖν,
2422 1484 2607 1566 χάριτι
2631 1495 2728 1549 καὶ
2761 1494 3161 1570 φιλανθρωπίᾳ,
3188 1496 3286 1551 καὶ
3315 1497 3386 1555 τὰ
3424 1496 3587 1567 ἑξῆς.

416 1669 3658 1703 W

1853 1825 2096 1882 OMIAIA
2133 1821 2262 1880 AA'.

405 1970 490 2032 οὐ
504 1967 752 2023 δύναται
774 1964 843 2019 δὲ
868 1967 902 2020 ό
922 1964 1232 2035 ὀφθαλμὸς
1256 1963 1447 2019 είκεῒν
1469 1962 1546 2033 τῇ
1571 1963 1747 2035 χειρί,
1768 1963 1988 2035 Χρείαν

470 2039 749 2115 ονρυήοὑκ⁸
779 2036 927 2115 ἔχω·
958 2031 1025 2115 ’.ἡ
1065 2031 1254 2115 iui/ur
1306 2036 1345 2104 ἡ
1376 2031 1611 2105 κεφαλὴ
1651 2031 1775 2101 τοῖς
1812 2031 1987 2098 ζποσί,

474 2107 691 2177 Χρείαν
720 2104 890 2175 ὑμῶν
918 2107 1031 2160 οὐκ
1061 2104 1202 2176 ἔχω.

475 2252 511 2289 α
531 2274 547 2289 .
564 2231 937 2299 Καταστείλας
958 2230 1068 2286 τῶν
1096 2231 1394 2285 ἐλαττόνων
1411 2231 1505 2285 τὸν
1528 2230 1744 2301 φθόνον,
1773 2228 1871 2284 καὶ
1892 2226 1992 2299 τὴν

404 2317 644 2390 ἀθυμίαν
665 2316 844 2370 αὐτῶν
880 2315 1099 2381 ἐξελὼν,
1124 2315 1191 2386 ἢν
1220 2315 1365 2379 εἰκὸς
1394 2314 1539 2386 ἔχειν
1561 2314 1760 2375 αὐτοὺς
1793 2315 1858 2366 ἐκ
1894 2310 1989 2365 τοῦ

410 2401 673 2472 μειζόνων
698 2399 919 2470 ἐτέρους
943 2398 1320 2478 κατηξιῶσθαι
1338 2397 1720 2469 χαρισμάτων,
1744 2396 1995 2450 ταπεινοῖ

407 2486 503 2540 καὶ
535 2483 739 2541 τούτων
760 2484 852 2536 τὸν
870 2482 1039 2552 τῦφον
1068 2481 1176 2534 τῶν
1206 2481 1275 2534 τά
1311 2481 1534 2551 μείζονα
1561 2479 1863 2550 εἰληφότων
1888 2495 1990 2548 χα-

408 2570 652 2649 ρίσματα
672 2582 688 2598 ·
721 2566 959 2649 ποιήσας
985 2566 1091 2649 μὲν
1115 2564 1247 2649 αὐτο
1269 2564 1362 2617 καὶ
1389 2566 1446 2649 ἐν
1475 2558 1558 2627 οἷς
1575 2562 1725 2649 Δπρὸς
1749 2560 1993 2649 ἐκείνους

404 2644 678 2719 διελέγετο
712 2648 805 2720 (τὸ
838 2648 947 2718 7&9
984 2646 1183 2716 λέγειν,
1227 2648 1311 2700 ὅτι
1345 2646 1593 2719 χάρισμά
1626 2646 1762 2704 ἐστι,
1792 2644 1887 2697 καὶ
1928 2645 1991 2697 06

407 2736 762 2806 κατόρθωμα,
790 2733 951 2787 τοῦτο
978 2732 1334 2803 ἐμφαίνοντος
1358 2729 1482 2804 ἦν)’
1507 2731 1626 2784 νυνὶ
1654 2728 1711 2783 δὲ
1738 2729 1872 2782 αὐτὸ
1896 2728 1992 2784 καὶ

409 2818 770 2890 σφοδρότερον
797 2818 960 2871 πάλιν
991 2819 1155 2880 ποιεῖ,
1191 2818 1283 2869 ἐπὶ
1308 2816 1408 2886 τῆς
1437 2815 1609 2884 αὐτῆς
1643 2814 1821 2885 μένων
1844 2812 1990 2867 είκό-

406 2920 515 2967 νος.
561 2901 695 2956 Ἀπὸ
721 2902 829 2973 γάρ
869 2900 965 2952 τοῦ
1022 2898 1278 2970 σώματος
1315 2898 1502 2952 λοιπον
1533 2899 1750 2968 καὶτῆς
1779 2896 1993 2951 ἐκεῖθεν

406 2987 659 3056 ἐνότητος
685 2985 773 3036 ἐπ’
803 2983 974 3054 αὐτὴν
1000 2982 1111 3036 τῶν
1143 2981 1321 3053 μελῶν
1343 2985 1514 3053 χωρεῖ
1540 2981 1638 3052 τὴν
1665 2981 1955 3049 σύγκρισιν
1976 2997 1988 3009 ·

402 3071 432 3124 δ
466 3068 697 3141 μάλιστα
725 3067 951 3139 ἐζήτουν
978 3068 1174 3120 ἐκεῖνοι
1200 3066 1392 3137 μαθεῖν
1409 3082 1423 3097 ⁸
1467 3063 1656 3135 ἐπειδὴ
1693 3063 1791 3133 οὐχ
1819 3061 1992 3125 οὕτως

408 3154 595 3208 ἱκανὸν
614 3149 681 3225 ἦν
701 3153 896 3215 αὐτοὺς
918 3167 1068 3221 παρα
1077 3148 1425 3220 μυθήσασθαι
1444 3148 1505 3202 τὸ
1523 3149 1731 3210 πάντας
1750 3146 1806 3200 ἓν
1831 3145 1989 3215 σῶμα

404 3236 564 3303 εἶναι,
591 3237 667 3301 ὡς
685 3235 748 3289 τὸ
779 3234 971 3306 μαθεῖν
995 3234 1077 3286 ὅτι
1102 3232 1197 3285 καὶ
1218 3234 1276 3285 ἐν
1302 3233 1509 3295 αὐτοῖς,
1539 3226 1621 3293 οἷς
1648 3227 1811 3299 εἶχον,
1838 3229 1990 3283 οὐδὲν

408 3321 553 3391 μέγα
601 3316 951 3388 ἠλαττοῦντο.
1000 3314 1109 3367 Καί
1164 3331 1362 3382 φησιν⁶
1410 3316 1495 3367 Οὐ
1553 3314 1806 3367 δύναται
1840 3312 1909 3366 δὲ
1957 3315 1990 3367 ὁ

405 3400 715 3475 ὀφθαλμὸς
746 3398 939 3455 εἰπεῖν
967 3395 1039 3465 τῇ
1076 3397 1247 3465 χειρὶ,
1283 3397 1501 3464 Χρείαν
1550 3410 1666 3449 σου
1697 3397 1808 3449 οὐκ
1838 3395 1987 3461 ἔχω·

405 3485 445 3554 ἢ
475 3482 663 3537 πάλιν
690 3484 730 3550 ἡ
763 3479 915 3555 [278]
949 3479 1186 3548 κεφαλὴ
1215 3478 1341 3549 τοῖς
1369 3480 1540 3539 ποσί.
1571 3478 1789 3546 Χρείαν
1824 3479 1992 3548 ὑμῶν

407 3571 523 3623 οὐκ
545 3568 684 3635 ἔχω.
706 3567 768 3619 Et
794 3566 904 3636 7&9
926 3565 1019 3618 καί⁵
1041 3563 1260 3617 ἔλαττον
1292 3564 1354 3617 τὸ
1383 3564 1650 3633 χάρισμα,
1670 3563 1785 3616 ἀλλ’
1816 3564 1989 3630 ἀνάγ-

406 3653 591 3706 καῖον·
624 3650 721 3705 καὶ
776 3649 966 3719 ῶσπερ
1009 3648 1111 3703 οὐκ
1157 3646 1309 3709 ὄντος
1356 3646 1567 3702 ἐκείνου
1612 3645 1787 3698 πολλὰ
1818 3647 1991 3715 ἐμπο-

404 3734 632 3799 δίζεται,
664 3730 807 3787 οὕτω
836 3732 930 3784 καὶ
958 3729 1150 3784 τούτου
1179 3732 1347 3800 χωρὶς
1374 3728 1601 3800 χωλεύει
1628 3728 1690 3782 τὸ
1717 3728 1990 3799 πλήρωμα

404 3820 505 3888 τῆς
546 3814 893 3888 Ἐκκλησίας.
932 3814 1043 3867 Kal
1070 3814 1170 3867 οὐκ
1197 3808 1371 3877 εἶπεν,
1402 3812 1516 3865 Οὐκ
1561 3814 1699 3880 ἐρεῖ,
1737 3811 1854 3865 ἀλλ’
1883 3812 1988 3875 ὅτι,

401 3904 486 3955 Οὐ
514 3900 768 3955 δύναται
799 3895 1009 3952 εἰπεῖν.
1047 3897 1211 3955 Ὥστε
1240 3896 1344 3949 κᾶν
1374 3896 1524 3969 θέλῃ,
1563 3895 1664 3953 κᾶν
1693 3896 1848 3967 λέγῃ,
1891 3896 1992 3949 οὐκ

406 3984 702 4054 ἐιδέχεται,
730 3982 850 4035 οὐδὲ
878 3981 990 4050 ἔχει
1015 3980 1078 4034 τὸ
1102 3980 1339 4050 πρᾶγμα
1369 3980 1466 4050 τὴν
1496 3980 1679 4049 φύσιν.
1706 3979 1805 4032 Διά
1832 3978 1991 4034 τοῦτο

405 4065 587 4120 λαϐὼν
636 4064 877 4136 ἐκάτερα
922 4063 996 4116 τὰ
1041 4064 1210 4133 άκρα,
1250 4065 1310 4116 ἐν
1357 4063 1541 4126 αὐτοῖς
1578 4062 1847 4134 γυμνάζει
1896 4062 1989 4117 τὸν

405 4151 585 4218 λόγον,
625 4148 843 4220 πρῶτον
876 4148 975 4218 μὲν
1024 4148 1119 4202 ἐπὶ
1167 4147 1349 4218 χειρὸς
1400 4148 1495 4200 καὶ
1531 4146 1835 4217 ὀφθαλμοῦ,
1868 4146 1990 4203 δεύο

404 4250 563 4305 τερον
613 4232 672 4286 δὲ
706 4232 799 4284 ἐπὶ
829 4229 1073 4299 κεφαλῆς
1111 4232 1208 4284 καὶ
1260 4230 1460 4296 ποδῶν,
1490 4229 1670 4295 αὔξων
1699 4230 1761 4282 τὸ
1806 4231 1989 4299 παρά*

400 4315 622 4385 δειγμα.
661 4313 726 4367 Τί
777 4313 888 4385 γάρ
934 4313 1095 4375 ποδὸς
1131 4312 1531 4384 εὐτελέστερον,
1568 4312 1601 4384 ἥ
1654 4313 1707 4366 τί
1742 4312 1989 4384 κεφαλῆς

400 4398 732 4470 τιμιώτερον
780 4398 877 4451 καὶ
911 4396 1370 4467 ἀναγκαιότερον;
1416 4396 1575 4450 τοῦτο
1610 4395 1721 4467 γὰρ
1753 4396 1989 4467 μάλιστά

402 4486 553 4537 ἐστιν
584 4481 958 4553 ἀνθρωπος,ή
1007 4479 1239 4550 κεφαλή.
1307 4479 1447 4533 Ἀλλ’
1499 4481 1649 4551 ὅμως
1696 4482 1797 4535 οὐκ
1838 4480 1986 4535 ἔστιν

401 4567 707 4639 αὐτάρκης,
743 4564 864 4619 οὐδὲ
897 4564 966 4617 τὰ
998 4566 1176 4625 πάντα
1226 4564 1365 4634 αὑτὴ
1412 4563 1616 4618 δύναιτ’
1662 4564 1730 4619 ἂν
1759 4563 1944 4619 ἀνύειν
1968 4580 1981 4594 ·

400 4651 524 4705 ἐπεὶ
544 4652 597 4703 εί
616 4648 777 4703 τοῦτο
796 4644 886 4719 ἦν,
910 4646 1183 4717 περιττῶς
1205 4648 1336 4717 ἡμῖν
1356 4648 1404 4699 οί
1433 4646 1590 4710 πόδες
1611 4646 1985 4721 προσέκειντο.

403 4734 516 4787 Kal
544 4732 665 4786 οὐδὲ
691 4731 823 4803 ἔστη
860 4732 1024 4802 μέχρι
1053 4729 1272 4792 τούτου,
1301 4729 1440 4785 ἀλλά
1472 4731 1565 4783 καὶ
1596 4730 1788 4800 ἑτέραν
1815 4731 1987 4801 ὑπερ-

404 4814 567 4885 ᾷολὴν
594 4813 773 4884 ζητεῖ·
807 4815 944 4884 ὅπερ
981 4816 1071 4867 ἀεὶ
1113 4815 1280 4877 ποιεῖ,
1310 4814 1373 4867 06
1416 4813 1580 4884 μέχρι
1619 4811 1714 4865 τοῦ
1749 4814 1864 4867 ίσου
1898 4830 1988 4883 φι-

404 4897 689 4962 λονεικῶν,
723 4896 860 4957 ἀλλά
893 4897 986 4950 καὶ
1025 4895 1339 4966 περαιτέρω
1387 4894 1716 4966 προϐαίνων.
1750 4897 1844 4949 Διὸ
1892 4898 1989 4951 καὶ

403 4979 600 5048 ἐπάγει
628 4979 803 5048 λέγων
823 4994 838 5009 ·
884 4978 1059 5034 Ἀλλὰ
1090 4976 1301 5044 πολλῷ
1324 4978 1568 5049 μᾶλλον
1595 4978 1667 5032 τὰ
1690 4978 1988 5034 δοκοῦντα

400 5064 557 5134 μέλη
580 5062 687 5117 τοῦ
712 5062 982 5131 σώματος
1016 5062 1425 5130 ἀσθενέστερα
1456 5058 1770 5132 ὑπάρχειν,
1798 5064 1985 5134 ἀναγ-

404 5146 545 5207 καῖά
576 5147 741 5200 ἐστι’
780 5145 882 5199 καὶ
913 5143 952 5199 ἄ
990 5143 1291 5214 δοκοῦμεν
1333 5147 1651 5216 ἀτιμότερα
1687 5143 1839 5202 εἶναι
1875 5147 1984 5202 τοῦ

402 5230 700 5298 σώματος,
762 5230 994 5294 τούτοις
1045 5228 1225 5297 τιμὴν
1274 5228 1713 5298 περισσοτέραν
1768 5231 1986 5299 περιτί-

405 5318 583 5381 θεμεν
601 5324 629 5352 ιι
651 5329 664 5342 -
689 5311 789 5364 καὶ
815 5310 1171 5380 τὰσχήμονα
1194 5310 1363 5385 ήμῶν
1381 5314 1855 5389 εὐσχημοσύνην
1881 5330 1983 5367 πε-

402 5396 767 5468 ρισσοτέραν
801 5395 929 5465 ἔχει
947 5414 961 5429 ·
999 5395 1277 5465 πανταχοῦ
1305 5394 1401 5465 τὴν
1416 5397 1512 5452 τοῦ
1537 5396 1789 5469 σώματος
1811 5414 1981 5470 προσ-

403 5483 580 5552 θήκην
616 5478 810 5543 τιθεὶς,
846 5480 942 5532 καὶ
972 5477 1145 5549 ταύτῃ
1192 5479 1439 5531 κάκεῖνον
1488 5478 1979 5552 παραμυθούμενος

403 5566 499 5627 καὶ
535 5563 725 5620 τοῦτον
755 5563 1158 5619 καταστέλλων.
1194 5564 1265 5617 06
1293 5561 1400 5634 7&9
1428 5562 1583 5617 τοῦτο
1603 5564 1764 5633 λέγω,
1792 5565 1978 5636 φησὶν,

464 5786 490 5816 ⁸
513 5780 665 5847 λίπε.
701 5782 875 5847 Savil.,
896 5783 1145 5846 ἑντίθερεν.

2095 1960 2180 2014 ὅτι
2210 1958 2272 2014 06
2309 1956 2471 2031 μόνον
2490 1955 2681 2030 χρείαν
2704 1955 2819 2028 εχει
2846 1955 2918 2010 τά
2952 1953 3175 2028 μείζονα
3198 1955 3311 2011 τῶν
3349 1955 3695 2023 ἐλαττόνων,

2090 2044 2205 2097 ἀλλ’
2234 2044 2316 2097 ὅτι
2352 2041 2448 2096 καὶ
2483 2040 2682 2113 πολλὴν
2729 2038 2919 2112 χρείαν
2952 2039 3086 2112 ἔχει.
3122 2038 3189 2094 Εἴ
3212 2058 3266 2094 τι
3299 2042 3418 2114 7&9
3461 2041 3696 2105 ἀσθενὲς

2090 2128 2149 2182 ἐν
2188 2130 2345 2200 ἡμῖν,
2386 2126 2517 2180 εἴτι
2544 2127 2758 2196 ἄτιμον,
2788 2124 2947 2179 τοῦτο
2992 2123 3089 2178 καὶ
3122 2125 3429 2193 ἀναγκαῖον
3481 2126 3590 2178 καὶ
3615 2142 3696 2177 τιο

2094 2211 2204 2281 μῆς
2248 2208 2515 2264 ἀπολαύει
2572 2208 2838 2279 μείζονος.
2888 2208 2999 2262 Kal
3025 2207 3204 2271 καλῶς
3258 2202 3404 2271 εἶπε,
3472 2210 3553 2261 Τὰ
3601 2208 3698 2261 εο-

2094 2294 2340 2355 κοῦντα,
2380 2293 2496 2356 καὶ,
2550 2293 2611 2349 Ἃ
2644 2290 2961 2360 δοκοῦμεν,
2985 2288 3197 2354 δεικνὺς
3229 2291 3312 2344 ὅτι
3346 2292 3409 2345 06
3449 2291 3554 2363 τῆς
3596 2292 3698 2360 φύ-

2093 2394 2231 2439 σεως
2254 2374 2362 2429 τῶν
2392 2375 2757 2446 πραγμάτων,
2780 2373 2918 2428 ἀλλὰ
2936 2374 3035 2444 τῆς
3060 2373 3168 2426 τῶν
3196 2373 3409 2426 πολλῶν
3433 2376 3701 2437 ὑπονοίας

2092 2460 2125 2531 ὴ
2149 2458 2351 2532 ψῆφος.
2384 2458 2549 2512 Οὐδὲν
2587 2457 2694 2530 7&9
2728 2460 2785 2512 ἐν
2814 2460 2946 2530 ἡμῖν
2973 2459 3166 2524 ἄτιμον
3186 2474 3197 2485 ·
3223 2456 3362 2510 Θεοῦ
3388 2457 3509 2528 γάρ
3541 2459 3701 2529 ἔργον

2096 2543 2235 2596 ἐστί.
2267 2541 2334 2594 Τί
2362 2541 2472 2611 7&9
2501 2540 2609 2596 τῶν
2636 2540 2842 2613 μορίων
2867 2541 2977 2597 τῶν
2996 2540 3332 2612 γεννητικῶν
3362 2540 3701 2611 ἀτιμότερον

2093 2625 2153 2679 ἐν
2184 2626 2315 2696 ἡμῖν
2362 2620 2501 2687 εἶναι
2533 2624 2710 2692 δοκεῖ;
2758 2623 2898 2679 Ἀλλ’
2950 2623 3099 2694 ὅμως
3135 2622 3384 2686 πλείονος
3425 2623 3701 2678 ἀπολαύει

2090 2709 2258 2778 τιμῆς
2280 2725 2292 2739 ⁸
2326 2708 2422 2762 καὶ
2458 2708 2508 2761 οί
2539 2707 2745 2779 σφόδρα
2774 2708 3007 2778 πένητες
3037 2705 3139 2759 κᾶν
3170 2706 3231 2759 τὸ
3259 2704 3456 2759 λοιπὸν
3488 2708 3703 2778 γυμνὸν

2094 2791 2261 2862 ἔχωσι
2280 2790 2463 2863 σῶμα,
2488 2792 2588 2846 οὐκ
2614 2792 2679 2846 ἂν
2699 2791 3022 2862 ἀνάσχοιντο
3044 2791 3229 2843 ἐκεῖνα
3254 2790 3321 2843 τά
3356 2790 3505 2861 μέλη
3530 2792 3703 2856 δεῖξαι

2092 2874 2296 2946 γυμνά.
2351 2875 2544 2931 Καίτοι
2575 2892 2639 2944 γε
2689 2875 2787 2945 οὐχ
2840 2872 2978 2943 αῦτη
3031 2872 3143 2926 τῶν
3187 2873 3408 2942 ἀτίμων
3448 2875 3488 2943 ἡ
3524 2874 3700 2937 τάξις,

2094 2959 2233 3014 ἀλλά
2276 2959 2475 3029 μᾶλλον
2518 2957 2629 3012 τῶν
2664 2958 2840 3013 ἄλλων
2890 2957 3357 3028 καταφρονεῖσθαι
3400 2957 3548 3012 ἔδει.
3602 2960 3704 3011 Καὶ

2092 3042 2202 3115 γάρ
2255 3043 2311 3095 ἐν
2343 3042 2523 3115 οἰκείᾳ
2562 3043 2591 3096 ό
2628 3041 2975 3113 ἠτιμωμένος
3016 3042 3236 3111 οἰκέτης
3278 3041 3343 3092 ού
3404 3042 3586 3111 μόνον
3610 3045 3705 3096 οὐκ

2093 3125 2357 3180 ἀπολαύει
2410 3123 2654 3191 πλείονος
2685 3125 3002 3198 θεραπείας,
3053 3124 3171 3179 ἀλλ’
3198 3123 3319 3177 οὐδὲ
3362 3126 3487 3177 τῶν
3524 3128 3705 3180 αὐτῶν

2095 3208 2362 3275 ἀξιοῦται.
2412 3209 2576 3262 Ὥστε
2623 3210 2672 3263 εί
2705 3212 2802 3263 καὶ
2848 3207 3009 3263 τοῦτο
3037 3208 3231 3279 ἄτιμον
3278 3202 3370 3278 ἦν,
3422 3209 3501 3260 o6
3544 3209 3702 3279 μόνον

2096 3293 2360 3362 μειζόνων
2394 3292 2688 3353 ἀπολαύειν
2716 3293 2818 3346 οὐκ
2849 3291 2977 3356 ἔδει,
3014 3291 3128 3345 ἀλλ’
3158 3290 3278 3345 οὐδὲ
3318 3291 3434 3344 τῶν
3474 3294 3703 3345 αὐτῶν

2092 3378 2209 3430 νυνὶ
2240 3378 2296 3431 δὲ
2334 3377 2576 3441 πλείονος
2605 3375 2870 3430 ἀπολαύει
2908 3377 3098 3447 τιμῆς,
3145 3375 3241 3428 καὶ
3270 3374 3430 3429 τοῦτο
3464 3377 3582 3445 τῆς
3612 3378 3702 3431 τοῦ

2092 3459 2232 3514 Θεοῦ
2266 3461 2453 3530 σοφίας
2484 3461 2889 3533 ἐργασαμένης.
2920 3460 3045 3524 Τοῖς
3075 3460 3173 3531 μέν
3200 3457 3308 3529 7&9
3337 3459 3398 3511 ἐν
3422 3463 3504 3531 τῇ
3540 3461 3702 3531 φύσει

2092 3544 2154 3596 τὸ
2192 3544 2266 3615 μὴ
2296 3543 2505 3597 δεῖσθαι
2554 3544 2720 3597 ἔδωκε
2744 3559 2758 3575 ⁸
2795 3545 2907 3608 τοῖς
2939 3542 3016 3607 δὲ,
3058 3543 3245 3611 ἐπειδὴ
3286 3545 3347 3596 ἐν
3393 3547 3468 3614 τῇ
3537 3544 3701 3613 φύσει

2092 3627 2192 3681 οὐκ
2224 3627 2443 3695 ἔδωκεν,
2482 3628 2629 3697 ἡμᾶς
2656 3626 2915 3701 παρέχειν
2955 3626 3284 3697 ⁴ίγνάγκασεν.
3328 3626 3483 3680 Ἀλλ’
3517 3629 3588 3681 οὐ
3618 3629 3703 3680 Eni

2095 3710 2257 3764 τοῦτο
2287 3711 2456 3781 ἄτιμα
2476 3728 2489 3740 ·
2521 3710 2641 3763 ἐπεὶ
2671 3710 2767 3764 καὶ
2799 3710 2865 3763 τὰ
2896 3710 3014 3772 ζῶα
3051 3712 3109 3763 ἐν
3135 3713 3202 3781 τῇ
3237 3710 3395 3779 φύσει
3427 3710 3504 3763 τδ
3543 3714 3702 3765 ἀνεν-

2090 3793 2208 3856 δεὲς
2238 3793 2373 3865 ἔχει,
2406 3794 2501 3849 καὶ
2516 3793 2641 3847 οὔτε
2676 3793 2909 3865 ἱματίων
2925 3794 3118 3861 δεῖται,
3135 3794 3260 3848 οὔτε
3283 3795 3457 3867 ύποδη
3467 3797 3697 3866 μάτων,

2091 3877 2216 3930 οὔτε
2268 3880 2493 3949 ὀρόφου,
2527 3878 2596 3932 τὰ
2629 3877 2848 3932 πλείονα
2896 3878 3102 3932 αὐτῶν·
3141 3879 3256 3932 ἀλλ’
3288 3879 3349 3932 06
3396 3878 3498 3934 διὰ
3533 3881 3698 3934 τοῦτο

2089 3963 2415 4033 ἀτιμότερον
2471 3963 2652 4017 αὐτῶν
2705 3964 2765 4017 τὸ
2800 3963 2974 4033 σῶμα
3034 3964 3096 4018 τὸ
3142 3965 3429 4036 ἡμέτερον,
3493 3968 3697 4041 ἐπειδὴ

2092 4044 2310 4098 πάντων
2334 4045 2505 4098 δεῖται
2544 4044 2768 4102 τούτων.
2800 4046 2909 4100 Kal
2943 4046 3054 4119 7&9
3091 4048 3245 4113 εἴτις
3277 4050 3539 4123 ἀκριϐῶς
3578 4055 3696 4121 ἐξεο

2089 4128 2298 4189 τάσειε,
2343 4128 2439 4181 καὶ
2484 4129 2620 4201 αὐτῇ
2650 4132 2717 4202 τῇ
2768 4129 2929 4199 φύσει
2972 4130 3132 4201 τίμιά
3159 4149 3217 4185 τε
3251 4133 3345 4187 καὶ
3398 4135 3696 4204 ἀναγκαῖά

2089 4213 2236 4265 ἐστιν
2257 4229 2269 4243 ι
2296 4212 2324 4265 ὃ
2346 4212 2408 4282 δὴ
2429 4213 2532 4265 καὶ
2560 4212 2722 4277 αὐτὸς
2747 4213 2985 4284 ᾐνίξατο,
3016 4215 3115 4267 ούκ
3134 4215 3241 4270 ἀπὸ
3263 4216 3365 4286 τῆς
3396 4219 3693 4291 ἡμετέρας

2093 4295 2245 4369 [⁸279]
2285 4296 2604 4368 ἐπιμελείας
2633 4298 2724 4350 καὶ
2752 4295 2845 4350 τοῦ
2881 4297 3125 4361 πλείονος
3153 4299 3447 4354 ἀπολαύειν
3486 4320 3542 4355 τι
3554 4304 3688 4374 μῆς,

2089 4377 2226 4432 ἀλλά
2272 4379 2366 4432 καὶ
2410 4380 2520 4434 ἀπὸ
2563 4379 2661 4450 τῆς
2708 4378 2818 4433 τῶν
2856 4381 3198 4452 πραγμάτων
3241 4382 3457 4451 φύσεως
3490 4385 3687 4451 αὐτοῖς

2089 4461 2490 4533 ψηφισάμενος.
2520 4462 2633 4527 Διὸ,
2663 4462 2792 4516 ὅταν
2824 4462 2923 4534 μὲν
2957 4464 3158 4536 ἀσθενῆ
3192 4465 3326 4541 λέγῃ
3353 4467 3446 4520 καὶ
3477 4468 3684 4539 ἄτιμα,

2098 4546 2173 4601 Τὰ
2197 4546 2495 4600 δοκοῦντα
2521 4545 2671 4615 λέγει
2691 4562 2703 4574 ·
2735 4547 2866 4601 ὅταν
2892 4546 2949 4599 δὲ
2977 4550 3273 4617 ἀναγκαία,
3299 4552 3482 4605 ούκὲτι
3509 4569 3688 4623 προσ.

2087 4628 2290 4699 τίθησι,
2320 4633 2362 4681 Τ
2359 4628 2393 4682 ὰ
2422 4628 2741 4696 δοκοῦντα,
2768 4629 2881 4684 ἀλλ’
2903 4630 3065 4695 αὐτὸς
3086 4633 3445 4701 ἀποφαίνεται
3469 4634 3681 4704 λέγων,

2087 4713 2169 4765 ὅτι
2198 4711 2475 4778 ἀναγκαῖά
2506 4711 2623 4764 ἐστι
2644 4730 2655 4743 ·
2689 4714 2783 4766 καὶ
2812 4713 2957 4784 μάλα
2988 4715 3233 4779 είκότως.
3264 4717 3374 4770 Kal
3401 4716 3515 4790 γὰρ
3540 4720 3681 4791 πρὸς

2087 4793 2432 4848 παιδοποιίαν
2462 4795 2556 4850 καὶ
2585 4795 2682 4866 τὴν
2711 4795 2804 4848 τοῦ
2836 4795 3025 4864 γένους
3061 4799 3093 4866 ἠ
3104 4798 3220 4867 μῶν
3248 4796 3504 4870 διαδοχὴν
3538 4802 3682 4873 χρή-

2088 4896 2242 4949 σιμα.
2294 4877 2392 4932 Διά
2443 4878 2602 4931 τοῦτο
2649 4880 2745 4933 καὶ
2799 4880 3167 4950 οί-νομοθέται
3203 4880 3493 4951 Ῥωμαίων
3550 4887 3682 4951 τοὺς

2085 4961 2257 5015 ταῦτα
2288 4962 2802 5034 ἀκρωτηριάζοντας
2834 4962 2902 5015 τά
2950 4962 3086 5034 μέλη
3133 4964 3228 5017 καὶ
3258 4964 3553 5030 ποιοῦντας
3586 4968 3680 5020 εύ-

2085 5044 2308 5116 νούχους
2350 5043 2692 5109 κολάζουσιν,
2726 5043 2820 5098 ἀτε
2848 5043 2927 5115 τῷ
2960 5045 3124 5118 κοινῷ
3156 5047 3305 5115 γένει
3334 5047 3679 5120 λυμαινομέ-

2085 5145 2229 5193 νους,
2262 5128 2357 5182 καὶ
2390 5128 2527 5199 αὐτῇ
2575 5126 2982 5200 ἐπηρεάζοντας
3016 5132 3083 5202 τῇ
3131 5131 3313 5198 φύσει.
3356 5131 3497 5184 Ἀλλ’
3532 5136 3678 5188 ἀπό-

2083 5211 2261 5264 λοιντο
2290 5213 2339 5263 οί
2382 5212 2694 5277 ἀκόλαστοι,
2730 5214 2779 5266 οί
2806 5211 2899 5264 τοῦ
2932 5212 3068 5266 Θεοῦ
3105 5214 3175 5266 τά
3206 5214 3676 5286 δημιουργήματα

2059 5293 2483 5359 ’διαϐάλλοντες
2531 5294 2742 5365 Ὥσπερ
2770 5297 2881 5367 γάρ
2920 5295 2999 5368 τῷ
3026 5298 3154 5368 οῖνῳ
3201 5298 3387 5352 πολλοὶ
3421 5299 3510 5352 διά
3544 5302 3674 5367 =06;

2086 5377 2386 5447 μεθύοντας
2411 5378 2813 5449 κατηράσαντο,
2848 5378 2943 5432 καὶ
2963 5382 3027 5449 τῇ
3059 5379 3220 5449 φύσει
3246 5381 3358 5435 τῶν
3388 5384 3674 5450 γυναικῶν

2080 5458 2169 5513 διὰ
2201 5459 2299 5520 τὰς
2337 5462 2728 5531 μοιχευομένας
2748 5476 2762 5491 ⁸
2794 5460 2937 5515 οῦτω
2970 5463 3066 5515 καὶ
3096 5463 3164 5516 τὰ
3206 5464 3344 5535 μέλη
3379 5465 3557 5519 ταῦτα
3588 5467 3672 5519 al-

2083 5544 2223 5615 σχρά
2267 5542 2406 5597 εἶναι
2451 5544 2706 5615 ἐνόμισαν
2751 5545 2842 5598 διὰ
2882 5547 3010 5610 τοὺς
3065 5546 3166 5601 οὐκ
3196 5550 3278 5613 είς
3313 5549 3434 5602 δέον
3479 5552 3669 5615 αὐτοῖς

2079 5626 2419 5697 χρωμένους.
2468 5627 2607 5681 Ἀλλ’
2646 5629 2749 5682 οὐκ
2776 5628 2981 5702 ἐχρῆν
3031 5630 3092 5683 06
3138 5631 3250 5703 7&9
3277 5634 3344 5703 τῇ
3376 5632 3541 5701 φύσει
3575 5634 3668 5686 τοῦ

2080 5710 2406 5780 πράγματος
2437 5711 2472 5781 ὴ
2509 5711 2753 5781 ἁμαρτία
2785 5713 3262 5784 συγκεκλήρωται,
3298 5716 3415 5768 ἀλλ’
3440 5717 3553 5770 ἀπὸ
3568 5717 3667 5787 τῆς

2081 5793 2452 5862 προαιρέσεως
2472 5793 2716 5851 τίκτεται
2739 5793 2832 5849 τοῦ
2854 5795 3158 5868 ηελμῶντος
3179 5797 3239 5851 τὸ
3260 5799 3366 5864 πλη
3375 5800 3597 5867 μμέλῃί
3612 5819 3664 5854 α.
