3826 6216
162 261 245 321 951
1135 255 1199 310 IN
1239 256 1450 313 EPIST.
1493 256 1531 310 1.
1575 256 1667 310 AD
1705 254 1861 311 COR.
1907 257 2135 314 IIUMIL.
2180 262 2372 318 XXXI.

52 414 61 423 .
217 371 429 433 Pecunia
476 374 795 438 spernendae.
821 395 891 412 -—
917 368 997 426 Ne
1031 385 1159 441 ergo
1196 387 1296 426 nos
1319 385 1531 442 quoque
1571 370 1694 426 talia

54 442 67 509 ί
157 477 399 538 patrantur,
432 460 630 517 diaboli
676 460 951 517 machinas
999 462 1336 530 irrideamus,
1385 463 1501 532 ejus
1543 463 1697 519 funes

56 588 63 595 -
152 559 437 626 frangamus,
470 551 842 624 dirumpamus
872 555 1050 623 gravis
1080 555 1279 611 lancea:
1317 555 1614 625 cuspidem,
1643 565 1697 611 et

52 668 67 701 ς,
151 663 333 707 omnem
370 645 418 701 ei
444 644 649 700 aditum
689 646 1127 702 intercludamus.
1158 647 1213 703 Si
1255 649 1399 704 enim
1444 650 1696 718 pecunias

52 776 63 783 -
149 739 370 801 irriseris,
400 752 505 792 non
530 736 693 793 habet
717 753 823 807 quo
851 748 901 794 te
926 740 1208 810 percutiat,
1242 756 1346 794 non
1375 740 1534 796 habet
1558 741 1696 796 unde

52 836 56 843 '
147 828 475 902 apprehendat
509 846 522 885 :
554 845 675 884 nam
719 830 953 887 radicem
996 832 1237 888 evulsisti
1268 834 1533 887 malorum
1561 850 1576 899 ;
1607 850 1695 888 ra-

52 922 57 947 "
142 924 244 979 dice
268 936 383 977 vero
403 920 633 986 sublata,
669 937 843 992 neque
886 924 1056 977 malus
1100 925 1423 994 germinabit
1464 925 1689 980 fructus.

58 1008 61 1013 ’
142 1016 251 1071 υἱἓο
272 1028 471 1081 semper
491 1012 754 1077 dicamus,
773 1022 828 1068 et
852 1015 1009 1071 finem
1033 1015 1241 1070 dicendi
1266 1031 1371 1070 non
1397 1015 1652 1070 faciamus
1679 1035 1694 1072 :

52 1092 63 1121 ⁵
139 1126 197 1162 an
226 1121 340 1161 vero
360 1104 600 1160 dicentes
628 1106 827 1177 aliquid
859 1108 1220 1176 proficiamus,
1245 1110 1364 1165 dies
1392 1110 1482 1165 ille
1509 1120 1693 1165 osten-

54 1262 59 1269 ,
139 1202 234 1263 det,
271 1193 354 1267 qui
385 1196 434 1249 in
467 1197 586 1266 igne
619 1198 964 1264 revelabitur,
994 1199 1082 1268 qui
1117 1200 1535 1270 uniuscujusque
1560 1217 1694 1270 opus

54 1282 59 1289 “
136 1286 429 1358 explorabit,
462 1287 553 1356 qui
599 1287 873 1358 lampadas
918 1291 1163 1345 ostendet
1210 1291 1454 1346 lucentes
1500 1301 1555 1347 et
1601 1307 1696 1347 eas

52 1430 53 1457 ξ
133 1396 234 1451 quae
266 1378 390 1433 tales
415 1394 521 1434 non
545 1390 688 1434 sunt.
714 1381 862 1436 Tunc
880 1383 1194 1437 manifestus
1214 1383 1316 1438 erit
1339 1384 1383 1437 is
1401 1386 1490 1453 qui
1518 1383 1693 1438 oleum

52 1516 55 1519 μ
132 1474 291 1537 habet,
321 1480 373 1527 et
402 1472 451 1526 is
479 1474 568 1542 qui
597 1487 704 1528 non
736 1473 918 1530 habet.
948 1474 1053 1530 Sed
1094 1475 1224 1531 faxit
1252 1478 1391 1530 Deus
1420 1487 1478 1531 ut
1518 1477 1693 1533 nullus

3289 282 3394 341 253

1812 380 1936 426 tunc
1963 377 2263 445 reperiatur
2295 380 2382 434 tali
2416 396 2614 439 vacuus
2638 388 3049 461 consolatione;
3076 396 3170 453 scd
3199 408 3255 456 ut
3279 416 3394 457 orn-

1809 480 1906 520 nes
1936 466 2137 537 largam
2160 469 2542 540 benignitatem
2574 476 2819 547 ell‘crant,
2849 492 2904 538 et
2931 485 3103 543 claras
3133 489 3391 551 habentes

1808 556 2105 627 lampadas,
2148 578 2251 616 una
2282 579 2404 618 cum
2437 582 2637 635 sponso
2681 571 2903 629 intrent.
2949 576 3041 632 llla
3080 592 3227 637 certe
3257 601 3392 642 voce

1807 648 1943 704 nihil
1972 652 2261 707 terribilius
2282 696 2297 722 ,
2331 657 2459 712 nihil
2490 662 2733 731 asperius
2760 674 2863 731 est,
2893 683 3051 737 quam
3085 679 3210 728 tunc
3233 676 3389 730 audi-
3446 728 3449 731 γ

1808 742 1910 796 turi
1937 752 2060 797 sunt
2092 744 2149 810 ii,
2179 747 2267 816 qui
2296 748 2411 801 sine
2444 750 2584 821 larga
2606 754 2946 828 elcemosyna
2976 759 3099 817 hinc
3126 762 3393 835 demigra-

1806 841 1951 898 runt,
1999 833 2210 890 dieente
2254 852 2473 908 sponso.
2518 840 2709 897 Nescio
2757 862 2843 901 vos
2874 848 2891 918 (
2917 848 3104 907 Matth.
3130 854 3220 909 25.
3251 833 3318 909 ἡ
3341 857 3386 925 ).

1744 948 1763 955 ι
1804 922 1959 978 Absit
2000 934 2179 980 autem
2212 936 2270 981 ut
2316 929 2452 985 hanc
2477 933 2755 990 audiamus
2783 953 2991 1007 vocem,
3023 944 3117 1000 sed
3132 922 3387 1001 suavissi-

1804 1028 1945 1066 mam
1979 1015 2122 1070 illam
2154 1027 2207 1072 et
2246 1033 2455 1077 summe
2498 1027 2849 1094 expetendam
2886 1051 2898 1085 :
2945 1031 3388 1102 Venite,benedicti

1806 1107 1982 1165 Patris
2008 1113 2124 1180 mei,
2152 1114 2404 1182 possidete
2426 1128 2658 1187 paratum
2684 1122 2820 1176 uobis
2840 1140 3053 1195 regnum
3078 1144 3108 1179 a
3142 1131 3387 1184 constitu-

1805 1203 1939 1256 tione
1966 1205 2142 1257 mundi
2185 1205 2345 1276 (Ibid.
2378 1225 2423 1262 υ.
2456 1210 2569 1278 5i).
2604 1212 2691 1267 Sic
2719 1216 2861 1269 enim
2890 1217 3099 1273 beatam
3130 1219 3387 1279 ducemus

1807 1295 1994 1360 vitam,
2025 1304 2089 1349 et‘
2112 1299 2361 1353 omnibus
2402 1300 2643 1357 fruentur
2671 1305 2847 1373 bonis,
2879 1324 2998 1377 qua:
3024 1322 3256 1369 mentem
3285 1314 3387 1370 bu-

1804 1400 2015 1439 manam
2039 1401 2391 1457 exsuperant:
2414 1408 2530 1461 qua-
2549 1409 2647 1448 nos
2660 1412 2846 1453 omnes
2859 1402 3071 1472 assequi
3088 1405 3381 1478 contingat,

1803 1479 1973 1548 gratia
1998 1490 2053 1536 et
2075 1481 2418 1554 benignitate,
2442 1496 2545 1542 etc.

161 1630 3381 1667 Ἠ

1400 1728 1751 1792 IIOMILIA
1798 1728 2045 1791 XXXI.
3354 1718 3357 1719 ν

122 1874 233 1929 Car.
259 1870 338 1927 1‘3.
374 1888 429 1924 ν.
455 1872 545 1927 21.
578 1869 699 1926 Non
730 1882 890 1944 potest
915 1886 1082 1928 autem
1109 1876 1287 1930 oculus
1316 1878 1482 1931 dicere
1499 1874 1691 1938 manui,

179 1963 341 2033 Opera
378 1973 469 2017 tua
513 1980 614 2017 non
656 1964 902 2034 indigeo;
944 1975 1029 2018 aut
1056 1967 1238 2020 iterum
1267 1978 1422 2037 caput
1455 1967 1684 2037 pedibus,

177 2052 293 2107 Non
322 2054 441 2107 estis
472 2055 593 2107 uuln
628 2057 915 2110 necessarii.

174 2146 223 2200 1.
260 2144 550 2214 Postquam
590 2148 855 2202 minorum
890 2148 1141 2203 invidiam
1175 2160 1528 2219 represserat,
1564 2151 1687 2205 illo-

114 2255 324 2310 rumque
351 2254 646 2295 maerorem
678 2241 1007 2308 abstulerat,
1036 2259 1193 2313 quem
1228 2245 1541 2313 concepisse
1566 2245 1686 2298 illos

108 2332 382 2388 verisimile
410 2343 531 2387 erat
560 2349 624 2387 cx
667 2349 762 2399 eo,
806 2335 946 2404 quod
974 2336 1061 2389 alii
1095 2336 1386 2404 majoribus
1420 2336 1575 2390 donis
1600 2337 1684 2390 di-

104 2423 238 2491 gnati
286 2424 513 2478 fuissent
548 2468 562 2488 ,
595 2425 782 2479 horum
815 2426 1009 2481 fastum
1039 2428 1325 2497 deprimit,
1354 2430 1442 2498 qui
1477 2429 1680 2497 majora

100 2517 228 2569 dona
254 2526 602 2583 acceperant.
631 2518 874 2587 Cumque
905 2517 1007 2574 hoc
1040 2518 1287 2585 fecisset,
1322 2521 1535 2590 quando
1560 2536 1681 2575 cum

101 2608 195 2661 illis
219 2607 525 2663 disserebat
555 2608 775 2678 (dicere
804 2610 967 2675 enim,
1012 2612 1141 2666 illud
1172 2628 1291 2667 esse
1333 2613 1529 2666 donum
1558 2628 1681 2683 gra-

98 2701 300 2766 tuitum,
322 2710 377 2754 et
404 2716 515 2753 non
544 2702 737 2755 bonum
766 2718 923 2770 opus,
950 2704 1050 2757 hoc
1075 2714 1262 2773 aperte
1290 2705 1679 2776 significabat):

96 2807 227 2845 nunc
251 2802 435 2847 autem
466 2792 697 2862 idipsum
724 2793 1095 2848 vehementius
1120 2795 1260 2862 facit,
1284 2798 1333 2851 in
1363 2798 1547 2851 eadem
1577 2814 1683 2852 ma-

92 2899 213 2938 nens
239 2884 507 2955 imagine:
532 2900 563 2939 a
589 2900 813 2953 corpore
840 2888 983 2941 enim
1011 2896 1065 2942 et
1085 2889 1151 2943 ah
1180 2888 1421 2958 ejusdem
1456 2892 1678 2956 unitate,

90 2976 149 3028 ad
175 2975 340 3044 ipsam
372 2977 745 3031 membrorum
762 2980 1219 3049 comparationem
1251 2983 1517 3051 procedit:
1539 2983 1680 3052 quod

88 3068 180 3133 ipsi
221 3068 465 3127 maxime
508 3069 717 3124 discere
746 3072 1002 3140 Optabam
1029 3088 1044 3137 ;
1076 3072 1197 3143 quia
1226 3074 1292 3127 ad
1341 3075 1459 3129 illos
1488 3090 1681 3129 conso-

85 3156 265 3215 landos
285 3178 391 3213 non
414 3171 604 3231 aptum
627 3171 740 3217 erat
760 3163 908 3229 illud,
924 3164 1065 3233 quod
1082 3180 1272 3221 omnes
1295 3182 1455 3220 unum
1484 3184 1680 3236 corpus

79 3264 253 3306 essent
279 3271 294 3319 ;
324 3269 496 3323 quam
523 3269 643 3307 cum
672 3254 964 3322 discerent,
990 3271 1050 3312 se
1074 3258 1124 3311 in
1166 3258 1232 3313 iis
1260 3275 1378 3329 qua:
1416 3258 1681 3316 habebant

80 3361 179 3400 non
224 3346 530 3401 admodum
588 3349 870 3403 inferiores
909 3365 1049 3404 esse.
1100 3350 1166 3404 Et
1210 3351 1324 3405 ait:
1356 3350 1478 3406 Non
1520 3364 1679 3423 potest

74 3451 235 3493 autem
280 3441 475 3495 oculus
519 3442 689 3496 dicere
726 3444 921 3508 manui,
969 3442 1137 3513 Opera
1177 3456 1265 3497 tua
1307 3461 1406 3498 non
1436 3446 1677 3516 indigeo;

73 3544 156 3585 aut
198 3535 390 3588 iterum
433 3544 597 3604 caput
640 3535 866 3605 pedibus,
907 3533 1027 3587 Non
1068 3536 1187 3589 estis
1235 3538 1358 3589 mihi
1386 3540 1674 3591 necessarii.

69 3625 195 3679 Nam
226 3627 330 3681 etsi
367 3626 582 3680 donum
612 3627 681 3680 sit
712 3627 886 3680 nlIllllS
914 3668 926 3689 ,
975 3636 1029 3680 at
1070 3630 1428 3682 necessarium
1469 3638 1550 3684 est
1577 3646 1591 3682 :
1624 3640 1679 3685 et

68 3720 202 3772 sicut
231 3719 450 3788 absque
484 3719 579 3773 illo
606 3720 773 3773 multa
802 3728 925 3774 sunt
958 3720 1335 3788 impedimenta
1362 3764 1375 3786 ,
1410 3723 1478 3775 ita
1515 3724 1675 3778 etiam

64 3809 179 3864 sine
208 3808 316 3864 hoc
350 3810 644 3879 plenitudo
671 3810 925 3865 Ecclesia“:
955 3811 1240 3866 claudicat.
1288 3812 1471 3881 Neque
1500 3814 1635 3868 dixit
1656 3854 1671 3880 ,

63 3900 173 3953 Non
205 3900 380 3966 dicet,
410 3901 538 3965 sed,
572 3900 693 3955 Non
723 3912 886 3972 potest
905 3903 1106 3968 dicere;
1140 3905 1210 3958 ita
1237 3916 1313 3967 nl,
1346 3906 1556 3959 etiamsi
1587 3923 1677 3959 vo-

58 3994 235 4061 luerit,
282 3995 516 4050 etiamsi
550 3994 767 4061 dixerit,
822 4011 928 4050 non
971 3996 1162 4060 valeat,
1205 4012 1379 4066 neque
1422 4014 1509 4053 res
1555 4014 1672 4054 eam

55 4087 249 4143 habeat
290 4100 588 4143 naturam.
623 4088 747 4144 Ideo
772 4088 878 4146 duo
915 4098 1152 4144 extrema
1182 4105 1483 4156 assumens,
1529 4094 1578 4147 in
1612 4095 1674 4150 iis

55 4193 369 4237 sermonem
396 4190 631 4237 exercet
661 4198 674 4234 :
705 4182 877 4251 primo
902 4180 1118 4251 quidem
1141 4180 1209 4235 de
1232 4197 1391 4235 manu
1418 4193 1471 4237 et
1496 4185 1670 4252 oculo,

55 4273 294 4329 secundo
324 4284 533 4329 autem
576 4272 643 4328 de
671 4274 844 4343 capite
870 4282 924 4328 et
951 4273 1086 4344 pede
1107 4316 1120 4340 ,
1150 4276 1451 4344 exemplum
1479 4279 1671 4347 ampli-

55 4367 235 4422 ficans.
273 4368 432 4436 Quid
472 4366 624 4423 enim
658 4367 794 4437 pede
824 4367 980 4421 vilius
1005 4367 1029 4421 ?
1055 4377 1147 4422 aut
1172 4368 1299 4438 quid
1330 4371 1503 4439 capite
1540 4388 1673 4441 prro-

55 4463 278 4517 atantius
325 4473 391 4518 et
435 4461 619 4532 magis
664 4462 1071 4517 necessarium?
1111 4461 1214 4517 hoc
1257 4464 1400 4518 enim
1445 4467 1672 4521 maxime

56 4552 207 4610 homo
233 4563 328 4612 est
354 4598 372 4623 ,
418 4568 628 4625 nempe
658 4563 839 4625 caput.
887 4556 1133 4610 Attamen
1163 4570 1267 4611 non
1296 4566 1377 4611 est
1402 4558 1499 4612 sibi
1527 4559 1673 4613 suffi-

56 4649 185 4701 :iens
206 4691 222 4715 ,
256 4664 458 4719 neque
488 4648 672 4701 omnia
707 4647 963 4718 perficere
994 4650 1183 4718 pOSsit.
1208 4649 1338 4704 Nam
1385 4652 1428 4704 si
1459 4651 1559 4707 hoc
1585 4668 1672 4708 es-

62 4753 134 4807 et,
168 4756 614 4813 snpervacanee
654 4741 807 4797 nobis
837 4741 1001 4812 pedes
1030 4742 1223 4813 adjecti
1259 4753 1460 4799 essent.
1489 4746 1671 4816 Neque

55 4850 211 4888 amen
250 4834 349 4889 hic
380 4834 663 4897 substitit,
697 4834 790 4888 sed
825 4845 879 4889 et
903 4834 1060 4887 aliam
1092 4836 1283 4905 quaerit
1312 4835 1664 4907 hyperbolen,

55 4926 81 4980 ιι
111 4928 265 4998 quod
300 4942 553 4997 semper
581 4925 725 4993 facit,
751 4942 857 4979 non
879 4942 1047 4996 usque
1070 4928 1135 4981 ad
1165 4928 1521 4997 aequalitatem
1549 4946 1671 4986 con-

55 5022 307 5088 endens,
364 5021 478 5077 sed
533 5020 693 5075 etiam
741 5020 967 5075 ulterius
1014 5022 1381 5091 progrediens.
1437 5022 1668 5094 Ideoque

56 5114 312 5185 ubjungit
344 5114 563 5169 dicens
592 5129 605 5166 :
651 5111 741 5165 22.
774 5112 879 5167 Sed
904 5113 1061 5167 multo
1100 5115 1261 5185 magis
1295 5131 1409 5185 qua:
1437 5117 1669 5171 videntur

56 5210 257 5261 renibra
294 5205 566 5276 corporis
587 5205 829 5275 inferiora
860 5221 984 5271 esse,
1018 5206 1362 5260 necessariam
1387 5218 1545 5261 sunt:
1572 5208 1664 5264 23.

57 5308 64 5346 τ
103 5315 226 5369 qua!
253 5308 537 5370 putamus
567 5295 872 5368 ignobiliora
909 5313 1016 5351 esse
1055 5298 1275 5351 membra
1314 5301 1543 5370 corporis
1563 5344 1575 5363 ,
1605 5302 1667 5355 iis

58 5408 274 5446 onorem
307 5388 774 5445 abundantiorem
798 5389 1173 5443 circumdamns
1197 5404 1217 5444 :
1245 5401 1291 5443 et
1319 5406 1432 5459 quin
1450 5392 1664 5446 inhone-

64 5485 177 5537 iora
208 5492 341 5539 sunt
391 5492 625 5548 nostra,
656 5481 1075 5536 abundantiorem
1108 5482 1413 5537 honestatem
1442 5484 1665 5551 habent;

57 5576 221 5646 hique
250 5574 667 5630 accessionem
696 5574 936 5644 corporis
978 5587 1216 5644 ponens,
1250 5582 1303 5628 et
1332 5574 1429 5628 hac
1460 5575 1666 5630 ratione

58 5669 166 5722 ium
204 5679 464 5739 quoque
502 5666 798 5721 consolans
840 5674 896 5723 et
933 5665 1073 5722 hunc
1110 5665 1494 5737 comprimens.
1544 5662 1662 5721 Non

1801 1873 1944 1965 enim
1974 1873 2077 1930 hoc
2105 1876 2244 1941 dico,
2279 1878 2448 1947 inquit
2474 1920 2489 1945 ,
2521 1883 2661 1950 quod
2696 1886 2896 1955 majora
2926 1888 3223 1948 minoribus
3249 1905 3383 1965 opus

1798 1964 2026 2021 habeant
2047 2008 2061 2033 ,
2108 1968 2201 2024 sed
2232 1971 2391 2025 etiam
2430 1974 2571 2042 quod
2602 1978 2823 2031 multum
2854 1995 2986 2050 opus
3027 1964 3295 2041 habeant.
3325 1989 3381 2043 Si

1795 2058 1920 2127 quid
1950 2060 2091 2113 enim
2123 2060 2391 2117 infirmum
2417 2064 2470 2118 in
2493 2067 2646 2120 nobis
2670 2077 2770 2133 est,
2799 2071 2841 2123 si
2863 2072 2989 2142 quid
3018 2075 3378 2143 inhonestum,

1795 2150 1896 2205 hoc
1920 2161 1974 2206 et
2000 2155 2361 2208 necessarium
2393 2165 2495 2221 est,
2526 2167 2579 2212 ct
2608 2159 2793 2229 majori
2828 2161 3021 2218 fruitur
3051 2166 3273 2223 honore.
3304 2172 3381 2225 Ac

1790 2252 1939 2297 recte
1963 2242 2136 2309 dixit,
2172 2246 2298 2310 Quae
2338 2247 2589 2313 videntur,
2622 2257 2707 2313 et,
2741 2250 2870 2317 Qua:
2894 2264 3169 2323 putamus;
3197 2267 3381 2314 osten-

1791 2332 1925 2387 dens
1955 2350 2059 2388 non
2089 2350 2151 2389 ex
2186 2344 2372 2390 natura
2403 2352 2605 2404 rerum,
2639 2340 2732 2394 sed
2761 2357 2825 2396 ex
2858 2344 3144 2400 multorum
3172 2349 3380 2404 calculo

1790 2429 2111 2482 sententiam
2138 2430 2280 2482 ferri.
2312 2430 2450 2484 Nihil
2475 2432 2525 2485 in
2552 2432 2706 2487 nobis
2728 2434 2960 2503 ignobile
2986 2454 2998 2489 :
3035 2439 3126 2494 Dei
3150 2456 3380 2511 namque

1790 2533 1925 2587 opus
1953 2529 2055 2574 est.
2088 2520 2223 2587 Quid
2255 2523 2396 2575 enim
2426 2523 2664 2591 partibus
2692 2526 3013 2594 genitalibus
3038 2530 3091 2584 in
3122 2532 3274 2587 nobis
3301 2536 3381 2587 vi-

1788 2611 1945 2665 detur
1976 2613 2310 2668 iuhonestius
2332 2616 2493 2670 esse?
2516 2618 2765 2672 Attamen
2792 2620 3047 2690 majorem
3075 2639 3377 2696 assequun-

1789 2711 1874 2757 tur
1896 2704 2153 2759 honorem
2184 2724 2198 2761 :
2228 2716 2282 2761 et
2302 2708 2391 2777 qui
2412 2708 2699 2763 admodum
2724 2727 2983 2782 pauperes
3003 2727 3147 2783 sunt,
3167 2720 3377 2776 etiamsi

1786 2795 2048 2865 reliquum
2065 2812 2259 2866 corpus
2281 2798 2480 2852 nudum
2506 2798 2759 2865 habeant,
2792 2819 3078 2874 numquam
3109 2810 3377 2876 patiantur

1786 2887 1950 2943 hasce
1981 2900 2158 2958 partes
2186 2891 2357 2945 nudas
2381 2893 2687 2948 ostendere.
2713 2897 2873 2965 Atqui
2898 2913 3001 2953 non
3032 2911 3113 2954 est
3137 2901 3221 2956 hic
3242 2904 3376 2958 ordo

1788 2980 2194 3036 inhonestorum
2222 3023 2238 3048 ,
2289 2982 2385 3039 sed
2432 2986 2599 3054 magis
2639 2997 2908 3055 oporteret
2953 2991 3183 3064 despici,
3215 3011 3372 3065 quam

1785 3073 1910 3127 alia.
1948 3074 2155 3128 Etenim
2187 3074 2332 3129 domi
2365 3090 2553 3131 servus
2579 3080 2665 3147 qui
2698 3088 2781 3135 est
2810 3081 3095 3150 ignominia
3127 3085 3371 3153 affectus,

1786 3180 1892 3221 non
1925 3166 2088 3221 modo
2119 3182 2225 3220 non
2254 3166 2448 3222 fruitur
2475 3170 2664 3239 majori
2690 3186 2818 3227 cura
2841 3214 2855 3237 ,
2889 3174 2983 3229 sed
3014 3192 3111 3231 nec
3140 3178 3327 3234 iisdem
3356 3221 3371 3248 ,

1783 3260 1937 3329 queis
1963 3260 2071 3325 alii,
2104 3259 2297 3329 dignus
2318 3272 2585 3316 censetur.
2617 3264 2798 3334 Itaque
2827 3267 2869 3319 si
2904 3266 3003 3322 hoc
3033 3269 3372 3327 inhonestum

1784 3361 1960 3416 esset,
1994 3366 2100 3406 non
2134 3351 2292 3405 modo
2320 3353 2614 3421 majoribus
2658 3354 2758 3409 frui
2807 3372 2911 3411 non
2941 3368 3245 3429 Oporteret,
3275 3366 3375 3420 sed

1783 3458 1958 3513 neque
1988 3442 2177 3497 iisdem
2210 3460 2223 3497 :
2260 3460 2402 3498 nunc
2427 3454 2607 3500 autem
2633 3448 2822 3517 majori
2853 3450 3097 3506 fruuntur
3127 3453 3328 3511 honore
3357 3500 3371 3523 ,

1782 3545 1837 3588 et
1881 3536 1981 3589 hoc
2010 3535 2100 3589 Dei
2130 3535 2408 3604 sapientiae
2449 3552 2585 3605 opus
2612 3548 2716 3592 est.
2762 3539 2893 3593 Nam
2927 3542 3030 3596 illis
3057 3544 3270 3611 quidem
3316 3548 3371 3602 in

1783 3636 1971 3680 natura
1996 3625 2143 3680 dedit
2171 3636 2229 3680 ut
2258 3643 2362 3681 non
2390 3638 2641 3697 egerent;
2677 3629 2760 3684 his
2786 3642 2964 3686 autem
2991 3673 3006 3697 ,
3038 3636 3286 3703 quoniam
3318 3638 3368 3693 in

1782 3725 1970 3772 natura
2004 3733 2107 3772 non
2148 3719 2327 3785 dedit,
2379 3731 2437 3774 ut
2484 3735 2583 3776 nos
2634 3723 2997 3790 praeberemus
3039 3728 3231 3797 coegit.
3261 3730 3368 3784 Sed

1781 3825 1887 3864 non
1918 3820 2197 3879 propterea
2228 3812 2512 3866 inhonesta
2534 3822 2661 3867 sunt
2687 3832 2698 3865 :
2728 3815 3157 3887 quandoquidem
3178 3827 3235 3873 et
3255 3822 3369 3875 ani-

1781 3901 1940 3954 malia
1964 3916 2029 3955 ex
2062 3912 2252 3956 natura
2280 3916 2374 3957 sua
2402 3904 2542 3957 nulla
2570 3914 2825 3976 recgent,
2851 3923 2958 3961 non
2980 3909 3234 3980 vestibus,
3258 3929 3362 3968 non

1779 3993 2010 4061 calceis,
2061 4010 2159 4050 nec
2206 4004 2381 4061 tecto,
2432 3997 2654 4065 plurima
2690 3999 2918 4066 saltem;
2963 4002 3055 4056 sed
3087 4020 3192 4059 non
3245 4006 3365 4062 ideo

1777 4099 1974 4154 corpus
2005 4096 2242 4142 nostrum
2275 4099 2357 4143 est
2383 4090 2592 4143 illorum
2618 4106 2842 4161 corpore
2881 4093 3205 4163 ignobilius,
3239 4101 3366 4169 quia

1778 4176 1863 4232 his
1892 4180 2140 4234 omnibus
2175 4181 2392 4252 indiget.
2424 4182 2557 4237 Nam
2587 4184 2628 4236 si
2663 4185 2780 4252 quis
2816 4195 3061 4241 accurate
3089 4191 3365 4243 examina-

1779 4273 1937 4335 verit,
1970 4274 2083 4342 ipsa
2111 4275 2272 4329 etiam
2302 4284 2489 4329 natura
2517 4286 2642 4330 sunt
2687 4276 2906 4332 honesta
2934 4287 2988 4333 et
3018 4284 3316 4336 necessaria
3348 4301 3363 4338 :

1777 4368 1918 4437 quod
1949 4369 2107 4422 etiam
2141 4369 2253 4437 ipse
2278 4368 2655 4435 subindicavit,
2689 4385 2792 4425 non
2822 4385 2849 4423 a
2878 4386 3004 4425 cura
3034 4382 3235 4437 nostra,
3265 4390 3365 4429 nec

1776 4459 1919 4529 quod
1958 4460 2146 4530 majori
2188 4460 2432 4515 fruantur
2462 4460 2705 4527 honore;
2737 4462 2830 4517 sed
2862 4478 2927 4517 ex
2968 4472 3153 4519 natura
3181 4480 3364 4521 rerum

1778 4553 1909 4625 ipsis
1937 4553 2200 4608 calculum
2233 4552 2437 4608 ferens.
2473 4553 2699 4618 Idcirco,
2745 4569 2863 4609 cum
2895 4555 3100 4609 infirma
3139 4557 3270 4612 dicit
3312 4569 3363 4614 ct

1776 4648 2083 4711 inhonesta,
2119 4647 2245 4713 Qua:
2286 4647 2535 4711 uidentur,
2571 4646 2783 4715 adjicit;
2815 4662 2935 4702 cum
2966 4658 3142 4703 autem
3174 4665 3362 4705 neces-

1774 4744 1914 4796 saria
1942 4742 2091 4807 dicit,
2125 4756 2231 4795 non
2266 4742 2399 4795 ultra
2429 4735 2633 4810 adjicit,
2661 4741 2791 4808 Qua:
2818 4740 3095 4805 videntur;
3126 4742 3219 4798 sed
3249 4743 3362 4813 ipse

1774 4838 2093 4893 sententiam
2137 4835 2235 4890 fert
2268 4836 2452 4890 dicens
2478 4849 2600 4890 esse
2641 4835 2982 4898 necessaria;
3013 4843 3070 4889 et
3086 4835 3209 4904 jure
3246 4840 3362 4905 qui.

1774 4933 1919 4985 dem.
1952 4930 2081 4983 Nam
2109 4928 2173 4981 ad
2204 4928 2493 4983 liberorum
2526 4926 2951 4996 procreationem
2979 4933 3033 4981 et
3052 4926 3117 4981 ad
3147 4942 3361 5003 succes-

1772 5022 1977 5075 sioncm
2017 5020 2226 5089 generis
2258 5019 2423 5073 nostri
2462 5017 2608 5071 utilia
2641 5026 2783 5071 sunt.
2815 5016 3171 5083 Quamobrem
3198 5027 3251 5072 et
3282 5019 3357 5073 le-

1772 5114 2054 5183 gislatures
2085 5112 2447 5167 Romanorum
2482 5124 2605 5174 eos,
2638 5111 2726 5178 qui
2772 5107 2889 5164 hac
2932 5109 3169 5164 membra
3213 5111 3358 5165 exci-

1773 5205 1903 5258 dunt
1931 5216 1984 5259 et
2012 5202 2287 5258 eunuchos
2316 5200 2533 5266 faciunt,
2566 5201 2828 5271 puniunt,
2856 5207 2918 5255 ut
2946 5201 3036 5271 qui
3074 5216 3358 5256 commune

1771 5311 1941 5367 genus
1971 5296 2269 5365 perimant,
2311 5293 2519 5363 ipsique
2566 5302 2769 5347 natura:
2807 5292 3062 5347 damnum
3102 5291 3359 5347 inferant.

1771 5387 1872 5442 Sed
1899 5395 2115 5456 pereant
2137 5384 2410 5455 impudici,
2426 5384 2515 5455 qui
2541 5384 2631 5439 Dei
2650 5398 2811 5454 opera
2838 5385 2888 5437 in
2907 5383 3118 5453 culpam
3136 5393 3351 5438 vocant.

1775 5479 1921 5533 Sicut
1948 5478 2089 5532 enim
2120 5477 2242 5531 vino
2268 5478 2416 5531 multi
2458 5476 2528 5531 ob
2574 5476 2897 5531 temulentos
2938 5473 3349 5538 maledixcrunt,

1772 5572 1849 5625 sic
1874 5570 2098 5625 etsexui
2120 5570 2402 5625 mulierum
2441 5569 2511 5624 oh
2550 5568 2811 5624 adulteria
2837 5586 2850 5622 :
2877 5569 2955 5622 sic
2974 5562 3090 5617 haec
3116 5564 3355 5620 membra

1770 5661 1943 5734 turpia
1968 5676 2089 5719 esse
2131 5671 2418 5734 putarunt,
2465 5660 2536 5717 ob
2566 5661 2763 5717 malum
2790 5660 3144 5732 quorumdam
3173 5668 3353 5711 usum
