3826 6216
426 263 532 321 259

427 380 532 435 Sed
579 391 682 431 non
725 370 963 444 oportuit
990 385 1004 424 :
1037 383 1145 424 non
1188 364 1335 422 enim
1365 372 1568 418 natura:
1594 360 1674 416 rei
1703 358 2018 414 attributum

427 479 512 525 est
543 478 821 538 peccatum
850 506 866 530 ,
911 462 1007 519 sed
1039 458 1296 516 voluntati
1324 457 1442 527 ejus
1472 455 1560 525 qui
1601 454 1705 508 hoc
1731 451 1908 507 scelus
1933 465 2026 520 ag-

427 559 578 630 gredi
603 557 785 613 audet.
817 554 1046 624 Quidam
1073 561 1252 607 autem
1277 564 1339 604 ea
1370 563 1489 618 qnze
1517 554 1643 600 sunt
1669 544 1876 598 inlirma
1904 582 1919 605 ,
1952 540 2026 593 in-

431 743 596 799 Paulo
626 741 692 795 de
717 737 888 794 oculis
927 735 1236 792 existimant
1265 732 1404 788 dicta
1432 731 1595 784 fuisse
1615 769 1629 791 ,
1661 727 1752 797 qui
1781 725 1830 778 vi
1855 723 2024 778 mino-

433 850 557 896 res,
593 847 688 886 usu
718 839 897 884 autem
937 826 1148 881 caeteris
1192 831 1487 894 prtestant;
1532 815 1899 874 inhonestiora
1937 828 2024 866 au-

435 932 543 978 tem
577 921 740 992 pedes
773 939 786 973 :
828 931 950 974 nam
978 931 1165 972 eorum
1192 929 1404 985 qttoque
1431 911 1595 967 multa
1623 909 1824 980 geritur
1852 903 2024 976 provi-

431 1013 634 1067 dentia.

507 1103 560 1158 2.
585 1102 808 1168 Deinde,
832 1115 899 1156 ne
919 1099 1082 1154 aliam
1105 1111 1292 1153 rursus
1308 1093 1658 1165 hyperbolem
1680 1089 1898 1154 faceret,
1916 1088 2016 1142 ait:

431 1196 525 1254 21.
563 1195 790 1251 Honesta
818 1205 984 1249 autem
1013 1203 1187 1249 nostra
1216 1191 1404 1245 nullius
1431 1195 1591 1257 egent.
1628 1185 1706 1240 Ne
1727 1183 1846 1253 quis
1875 1181 2019 1236 enim

441 1291 686 1346 diceret:
719 1288 904 1356 Ecqua
936 1285 1052 1341 hate
1078 1285 1216 1338 ratio
1236 1283 1261 1335 Υ
1315 1282 1535 1334 honesta
1566 1277 1843 1346 despicere
1860 1283 1914 1329 et
1935 1275 2019 1326 in~

443 1381 846 1437 honestiorihus
873 1377 1162 1446 advigilare
1183 1375 1207 1426 ἲ
1227 1372 1341 1427 Non
1373 1370 1732 1439 despicientcs
1754 1367 1856 1420 hoc
1882 1363 2015 1418 faci-

444 1489 586 1537 ntus,
633 1471 824 1542 inquit,
876 1468 970 1524 sed
998 1469 1118 1538 quia
1145 1467 1261 1520 haec
1283 1478 1414 1519 cura
1459 1477 1565 1516 non
1594 1470 1772 1530 egent.
1805 1458 1870 1512 Et
1901 1454 2024 1511 vide

436 1575 692 1638 quantum
719 1561 1020 1618 encomium
1049 1560 1227 1629 paucis
1245 1556 1473 1612 efferens
1495 1550 1895 1614 transcurrerit,
1918 1548 2020 1603 hoc

443 1664 748 1728 Opportune
774 1662 827 1709 et
860 1652 1064 1707 utiliter
1090 1649 1312 1704 faciens.
1372 1646 1556 1716 Neque
1586 1645 1687 1699 hoc
1712 1649 2015 1707 contentus,

433 1763 649 1804 causam
677 1746 839 1802 etiam
863 1744 1049 1812 adjicit
1072 1742 1292 1797 dicens:
1315 1738 1422 1795 Sed
1451 1739 1582 1792 Deus
1609 1738 1898 1806 temperavit
1915 1750 2020 1788 cor-

439 1856 556 1910 pus,
586 1838 630 1892 ei
654 1837 738 1892 cui
765 1837 937 1890 deerat
960 1834 1384 1888 abundantiorem
1435 1829 1701 1884 tribuendo
1730 1830 1972 1883 honorem
2003 1869 2019 1892 ,

433 1929 525 1984 25.
549 1939 714 1982 utnon
739 1927 804 1981 sit
826 1926 1046 1980 schisma
1067 1925 1119 1978 in
1145 1939 1375 1992 corpore.
1401 1921 1455 1976 Si
1475 1933 1651 1975 autem
1676 1922 2015 1990 temperavit,

434 2040 541 2079 non
581 2023 707 2077 sivit
747 2035 1005 2090 apparere
1031 2019 1082 2073 id
1113 2017 1253 2088 quod
1277 2025 1391 2070 erat
1419 2014 1772 2070 inhonestius.
1805 2013 2016 2068 Etenim

433 2115 576 2186 quod
599 2119 1042 2182 contemperatur
1090 2112 1205 2164 sive
1257 2111 1533 2172 miscetur,
1591 2108 1653 2160 fit
1679 2122 1866 2172 unum,
1915 2119 2017 2161 nec

435 2214 660 2278 apparet
683 2203 815 2275 quid
841 2213 996 2258 antea
1049 2210 1231 2257 esset:
1265 2216 1386 2254 nam
1417 2215 1483 2254 ne
1511 2198 1728 2268 quidem
1773 2206 2019 2253 contem-

435 2305 678 2367 peratum
706 2293 872 2350 fuisse
900 2293 1216 2349 dixerimus.
1261 2292 1328 2345 Et
1356 2291 1477 2346 vide
1517 2306 1674 2361 quam
1705 2290 2017 2361 frequenter

418 2378 672 2446 defectus
701 2395 1076 2459 praitercurrat
1095 2386 1298 2452 dicens,
1330 2386 1390 2440 Ei
1414 2387 1494 2440 cui
1515 2386 1705 2441 deerat.
1728 2386 1844 2442 Non
1858 2387 2014 2454 dixit,

434 2481 724 2536 lnhonesto
743 2480 827 2536 vel
859 2479 1021 2550 turpi,
1054 2479 1172 2546 sed,
1207 2478 1270 2533 Ei
1312 2479 1396 2533 cui
1416 2478 1608 2533 deerat.
1639 2478 1738 2534 Cui
1783 2479 1967 2535 deerat
1997 2495 2015 2546 ;

431 2573 744 2645 quomodo?
805 2572 1115 2630 Secundum
1164 2582 1429 2628 naturam.
1473 2572 1539 2626 Ei
1584 2575 1831 2644 majorem
1884 2573 2017 2629 dans

432 2665 694 2720 honorem.
727 2664 795 2720 Et
831 2664 1042 2734 quare?
1069 2663 1140 2720 Ut
1180 2679 1286 2718 non
1309 2672 1458 2720 esset
1481 2664 1717 2720 schisma
1742 2666 1794 2720 in
1822 2679 2018 2734 corpo-

432 2772 513 2812 re.
539 2758 671 2825 Quia
702 2757 846 2812 enim
870 2757 1131 2811 immensa
1161 2756 1535 2812 consolatione
1567 2755 1829 2822 fruentes,
1863 2754 2015 2812 dole-

432 2850 561 2924 bant
591 2860 792 2913 tamen,
825 2856 882 2902 ut
910 2849 1001 2917 qui
1031 2848 1236 2902 minora
1260 2848 1619 2917 accepissent,
1649 2849 1890 2903 ostendit
1919 2863 2015 2905 eos

431 2941 600 3012 magis
647 2939 812 2995 fuisse
845 2941 1178 2994 honoratos:
1211 2937 1278 2993 Ei
1294 2940 1376 2993 cui
1406 2939 1596 3005 deerat,
1628 2940 1820 3009 inquit,
1851 2939 2017 2994 abun-

431 3031 712 3086 dantiorem
733 3032 999 3086 tribuendo
1029 3031 1292 3086 honorem.
1329 3031 1533 3087 Deinde
1551 3042 1729 3088 autem
1753 3032 2015 3088 rationent

432 3125 725 3196 subjungit,
753 3124 1044 3180 ostendens
1076 3125 1217 3194 quod
1245 3135 1544 3194 opportune
1568 3125 1856 3192 effecisset,
1880 3135 2017 3183 utet

432 3221 506 3274 illi
536 3220 769 3286 deesset,
803 3230 857 3273 et
882 3219 1050 3289 magis
1072 3235 1194 3274 eum
1224 3218 1536 3275 honoraret.
1563 3220 1694 3286 Quae
1716 3220 1805 3275 illa
1836 3219 2018 3275 ratio?

434 3311 518 3366 Ne
535 3315 619 3374 sit,
649 3313 839 3380 inquit,
869 3311 1090 3364 schisma
1109 3311 1162 3363 in
1179 3327 1410 3378 corpore.
1442 3311 1549 3366 Nec
1574 3311 1728 3377 dixit,
1763 3313 1816 3366 ltt
1847 3327 2018 3368 mem-

434 3403 564 3463 bris,
583 3401 698 3468 sed,
721 3400 786 3455 In
809 3417 1036 3471 corpore.
1072 3402 1282 3457 Etenim
1312 3403 1476 3457 multa
1507 3402 1682 3457 futura
1705 3413 1821 3459 erat
1845 3420 2011 3460 exsu-

435 3495 699 3564 perantia,
731 3494 777 3548 si
797 3494 901 3548 alia
929 3494 1146 3564 quidem
1177 3501 1232 3549 et
1257 3510 1325 3551 ex
1341 3505 1530 3550 natura
1556 3507 1609 3551 et
1629 3506 1808 3551 notum
1837 3499 2017 3568 provi-

434 3587 612 3643 dentia
641 3598 979 3654 curarentur,
1002 3588 1104 3643 alia
1137 3598 1315 3644 autem
1337 3597 1583 3644 neutrum
1609 3589 2018 3656 haberent;scd

437 3679 506 3733 ab
531 3681 758 3734 invicem
787 3681 1028 3736 exscissa
1058 3679 1306 3748 fuissent,
1339 3690 1396 3737 ut
1434 3698 1554 3753 quze
1581 3681 1724 3738 ferre
1757 3700 1866 3739 nott
1892 3699 2018 3755 pos-

442 3781 559 3827 sent
606 3771 1084 3840 conjttnctionem:
1139 3773 1396 3829 abscissis
1429 3784 1609 3831 autem
1652 3775 1771 3842 his,
1823 3786 2017 3833 caetera

436 3879 647 3934 quoque
675 3863 928 3919 damnum
955 3867 1309 3935 accepissent.
1341 3866 1588 3922 Vidistin‘
1625 3869 1896 3939 quomodo
1930 3885 2020 3925 os-

438 3954 609 4010 tendit
659 3957 964 4012 necessario
996 3961 1256 4028 majorem
1293 3959 1343 4014 ei
1370 3960 1459 4030 qui
1488 3960 1671 4015 deficit
1697 3961 1812 4016 dari
1848 3964 2020 4016 Iono-

440 4047 593 4102 rem?
620 4046 676 4102 Si
705 4049 848 4102 enim
899 4048 1000 4104 hoc
1040 4048 1239 4104 factum
1280 4064 1388 4105 non
1443 4051 1667 4120 fuisset,
1716 4055 2019 4111 communis

437 4139 676 4194 omnium
705 4142 969 4210 pernicies
993 4143 1199 4210 fuisset,
1226 4144 1419 4215 inquit.
1451 4145 1582 4200 Nam
1611 4148 1656 4201 si
1685 4162 1784 4202 nos
1807 4149 2017 4204 illorum

439 4245 544 4286 non
589 4245 834 4302 magnam
868 4235 1223 4304 gessissemus
1252 4251 1435 4292 curam
1462 4277 1478 4302 ,
1508 4250 1828 4294 nocumenta
1860 4255 2018 4314 accc-5

437 4323 642 4393 pissent
661 4338 782 4378 cum
809 4339 838 4378 a
878 4335 1065 4380 natura
1107 4329 1362 4383 auxilium
1420 4344 1526 4386 non
1556 4330 1589 4385 h
1611 4330 1839 4399 iberent,
1866 4340 1924 4387 et
1949 4348 2018 4389 ex

376 4476 380 4481 ,
438 4416 540 4470 hoc
557 4425 882 4471 nocuntento
907 4418 1220 4487 periissem;
1243 4423 1284 4474 si
1309 4423 1618 4493 periissem,
1638 4438 1834 4495 corpus
1858 4423 2024 4483 disci-

438 4503 674 4570 dissent;
701 4507 872 4562 scisso
919 4523 1171 4581 corpore,
1201 4521 1394 4570 caetera
1436 4517 1597 4570 etiam
1643 4533 1761 4588 quae
1786 4527 1911 4574 sunt
1935 4518 2022 4576 bis

437 4595 595 4667 longe
615 4595 817 4668 majora
849 4601 1152 4670 periissem.
1207 4603 1393 4660 Viden’
1417 4604 1608 4661 horum
1638 4622 1782 4664 curae
1806 4609 2019 4667 illorum

436 4708 650 4762 quoque
699 4694 1090 4764 providentiam
1117 4712 1240 4754 esse
1268 4700 1608 4770 conjuut-tam
1649 4705 1672 4759 ?
1716 4703 1830 4761 Non
1874 4708 2022 4763 enim

439 4783 509 4838 ita
540 4785 593 4839 itt
622 4788 837 4856 propria
861 4798 1048 4844 natura
1080 4790 1282 4847 habent
1305 4793 1444 4863 quod
1465 4795 1593 4862 sint,
1622 4807 1680 4852 ut
1711 4799 1763 4853 in
1789 4814 2021 4873 corpore

443 4875 642 4931 habent
660 4878 800 4947 quod
829 4879 934 4933 sint
969 4897 1154 4958 unum.
1182 4880 1312 4938 Ideo
1333 4884 1378 4938 si
1407 4901 1604 4956 corpus
1655 4889 1866 4958 quidem
1895 4909 2021 4962 per-

447 4975 555 5026 eat,
591 4969 790 5022 nullum
843 4970 972 5039 ipsis
1023 4973 1229 5028 lucrum
1269 4989 1336 5030 ex
1369 4975 1699 5048 singulorum
1748 4982 2018 5050 sanitate;

451 5058 545 5114 sed
575 5059 690 5114 sive
711 5060 897 5115 oculus
924 5077 1156 5129 maneat,
1189 5066 1300 5120 sive
1326 5085 1506 5136 nasus,
1538 5070 1678 5141 quod
1725 5087 1884 5128 suum
1934 5087 2019 5130 est

440 5165 684 5218 servans,
715 5153 961 5223 ligamine
992 5159 1188 5225 soluto,
1214 5161 1360 5215 nulla
1382 5173 1563 5232 postea
1598 5163 1720 5218 hinc
1743 5166 1846 5220 erit
1872 5167 2018 5222 utili-

441 5255 542 5300 tas.
575 5243 727 5312 Quod
741 5246 785 5299 si
810 5245 912 5301 hoc
928 5261 1194 5316 manente,
1217 5252 1304 5306 illa
1331 5264 1709 5310 nocumentum
1731 5256 2015 5328 accipiant,

439 5345 494 5407 et
512 5345 792 5406 gestantur
821 5345 873 5391 et
891 5337 958 5392 ad
990 5340 1272 5395 sanitatem
1293 5343 1400 5396 cito
1430 5344 1675 5400 redeunt.
1723 5345 1828 5401 Sed
1857 5347 2014 5403 dixe-

443 5427 512 5481 rit
537 5426 768 5484 fortasse
798 5431 1062 5500 quispiam
1095 5449 1109 5486 :
1136 5432 1248 5487 Hoc
1284 5435 1500 5503 quidtm
1523 5437 1574 5491 in
1595 5452 1822 5508 corpore
1852 5440 2015 5495 ratio-

438 5533 562 5576 nem
616 5520 796 5585 habet,
849 5522 990 5592 quod
1017 5522 1070 5578 id
1095 5525 1182 5580 cui
1212 5525 1416 5582 desunt
1461 5529 1702 5598 quadun
1758 5531 2021 5601 majorem

434 5612 665 5683 accipiat
691 5613 951 5671 honorem
979 5633 993 5682 ;
1029 5617 1168 5688 apud
1192 5617 1437 5676 homines
1465 5635 1596 5678 Vct‘o
1616 5623 1890 5694 quomodo
1917 5624 2020 5682 hoc

439 5708 734 5766 cernatur?
786 5707 845 5774 la
893 5707 1197 5767 hominibus
1240 5721 1386 5769 certe
1439 5715 1672 5773 maxime
1696 5715 1748 5772 id
1777 5717 2019 5776 accidere

1173 251 1230 310 S.
1266 247 1542 307 JOANNIS
1577 242 2051 304 CllllYSOSTOMI
2089 240 2407 299 ARCHIEP.
2447 244 2983 302 CONSTANTINOP.
3621 248 3711 305 260

2137 356 2339 412 videas.
2373 357 2584 412 Etenim
2612 357 2647 412 ii
2674 358 2765 428 qui
2799 359 2942 414 circa
2975 358 3315 416 undecimam
3344 360 3538 416 horam
3564 376 3709 418 vene-

2133 458 2280 516 runt,
2301 449 2458 520 primi
2503 449 2814 506 mercedem
2843 466 3106 522 accepere
3131 468 3148 513 :
3175 462 3235 508 et
3272 453 3392 508 ovis
3415 468 3611 509 errans
3632 471 3710 525 ps-

2131 541 2263 595 stori
2284 541 2454 596 suasit
2482 549 2544 596 ut
2571 542 2863 612 nonaginta
2887 556 3083 598 novem
3133 542 3269 598 alias
3295 544 3648 615 relinqueret,
3667 559 3714 602 et

430 653 652 706 honesta
676 690 690 712 .
717 659 768 702 et
796 644 1128 708 necessaria,
1162 650 1218 698 et
1243 640 1433 710 majori
1460 637 1709 692 fruuntur
1735 635 1964 693 honore,
1992 644 2022 680 a
2045 677 2092 703 φ
2129 631 2195 685 ad
2226 631 2396 701 ipsam
2442 642 2760 688 accurreret
2780 641 2837 688 et
2866 642 2927 688 ut
2965 644 3180 704 reperta
3228 645 3544 705 gestaretur
3566 679 3584 702 ,
3623 655 3712 695 net:

2128 723 2438 794 abigeretur
2463 740 2478 790 ;
2509 733 2565 785 et
2600 724 2745 781 filius
2775 725 3030 798 prodigus
3058 728 3179 799 plus
3210 728 3440 785 honoris
3472 733 3676 801 accepit
3697 775 3710 797 ,

2128 831 2288 886 quam
2318 817 2363 871 is
2393 817 2486 887 qui
2512 832 2572 873 se
2600 827 2749 873 recte
2775 828 3020 888 gesserat
3051 837 3065 885 ;
3096 829 3154 875 et
3183 821 3326 876 latro
3351 832 3483 877 ante
3508 833 3712 893 aposto-

2129 907 2211 962 los
2253 917 2543 964 coronatus
2567 917 2624 964 et
2648 909 2954 965 celebratus
2996 920 3099 966 est.
3151 910 3208 966 ln
3241 914 3466 969 talentis
3514 929 3713 986 quoque

2128 998 2358 1069 idipsum
2381 1000 2578 1055 factum
2608 1001 2807 1059 videas.
2845 1000 2980 1056 Nam
3003 1004 3092 1072 qui
3129 1003 3330 1058 talenta
3363 1006 3616 1076 quinque
3637 1022 3712 1060 ac-

2125 1102 2362 1162 ceperat,
2381 1101 2436 1148 et
2455 1093 2542 1163 qui
2574 1091 2681 1147 duo
2696 1102 3003 1163 acceperat,
3033 1095 3222 1150 eadem
3250 1097 3517 1153 mercede
3546 1098 3716 1170 digna-

2129 1186 2166 1240 ti
2193 1193 2353 1250 sunt;
2381 1194 2436 1241 et
2452 1186 2568 1255 ipse
2587 1186 2734 1256 quod
2756 1185 2863 1241 duo
2886 1188 3187 1256 accepisset
3209 1204 3274 1243 ex
3304 1205 3507 1259 magna
3532 1191 3712 1247 factum

2127 1289 2214 1335 cst
2231 1279 2588 1350 providentia.
2610 1277 2746 1338 Nam
2769 1279 2811 1332 si
2840 1279 3079 1349 quinque
3109 1281 3207 1348 ipsi
3235 1282 3560 1337 concredita
3603 1283 3716 1339 fuis.

2127 1382 2266 1439 seut,
2292 1387 2415 1428 cum
2441 1387 2545 1426 non
2566 1381 2751 1442 posset
2779 1371 2868 1425 illa
2908 1387 3128 1443 augere,
3151 1389 3216 1428 ex
3248 1384 3364 1428 toto
3391 1377 3713 1442 excidisset;

2128 1481 2250 1522 cum
2279 1474 2458 1521 autem
2513 1464 2624 1520 duo
2672 1465 2992 1535 accepisset,
3043 1480 3163 1520 cum
3188 1481 3251 1522 ea
3278 1483 3404 1538 qua:
3460 1485 3633 1539 penes
3669 1487 3716 1526 se

2128 1565 2284 1614 erant
2307 1557 2606 1626 implesset,
2635 1555 2829 1611 eodem
2860 1555 3108 1625 dignatus
3151 1565 3237 1613 est
3262 1561 3499 1628 praemio
3526 1578 3635 1633 quo
3661 1564 3716 1630 is,

2126 1650 2216 1720 qui
2242 1663 2362 1702 cum
2389 1647 2626 1717 quinque
2652 1654 2904 1716 operatus
2924 1645 3118 1713 fuerat,
3146 1657 3201 1703 et
3225 1664 3292 1704 eo
3323 1650 3486 1705 illum
3509 1669 3718 1722 supera.

2126 1741 2222 1804 vit,
2250 1738 2393 1810 quod
2423 1753 2455 1792 a
2473 1736 2768 1794 minoribus
2796 1737 3070 1795 laboribus
3099 1740 3319 1796 easdem
3351 1757 3719 1814 consequutus

2124 1833 2196 1889 sit
2221 1845 2471 1887 coronas.
2498 1831 2658 1900 Atqui
2683 1831 2796 1901 ipse
2811 1846 3026 1902 quoque
3071 1831 3233 1888 homo
3278 1843 3398 1889 erat
3419 1875 3439 1902 ,
3471 1847 3533 1891 ut
3555 1847 3613 1892 et
3640 1840 3718 1893 ilie

2123 1923 2214 1995 qui
2239 1924 2446 1993 accepit
2469 1923 2739 1992 quinque:
2771 1929 3008 1978 attamen
3038 1937 3145 1979 non
3175 1932 3285 1980 tam
3309 1937 3586 1984 accurate
3611 1945 3717 1985 cum

2124 2017 2216 2072 illo
2237 2017 2474 2071 rationes
2517 2015 2685 2086 exigit
2730 2014 3029 2081 Dominus,
3081 2031 3262 2088 neque
3307 2019 3468 2091 cogit
3497 2020 3650 2076 illum
3674 2034 3720 2076 ut

2126 2116 2268 2162 tanta
2291 2107 2472 2173 faciat,
2501 2115 2698 2177 quanta
2718 2120 3015 2162 conservus
3043 2107 3162 2176 ejus
3185 2124 3202 2174 ;
3225 2124 3407 2180 neque
3435 2109 3600 2179 dicit,
3625 2112 3719 2168 Cur

2123 2217 2232 2256 non
2265 2210 2415 2271 potes
2443 2201 2680 2271 quinque
2711 2198 3026 2255 conﬁcere?
3046 2199 3190 2269 quod
3217 2203 3421 2257 merito
3452 2204 3718 2268 dixisset;

2123 2293 2218 2348 sed
2238 2302 2293 2347 et
2319 2293 2489 2363 ipsum
2513 2289 2810 2347 coronavit.
2846 2289 2974 2347 Haec
3001 2306 3129 2362 ergo
3153 2307 3275 2348 cum
3307 2295 3530 2363 sciatis,
3563 2315 3636 2354 ne
3661 2303 3722 2354 in-

2123 2387 2333 2442 sultetis
2357 2387 2591 2457 majores
2625 2383 2946 2450 minoribus,
2985 2399 3055 2440 ne
3088 2400 3183 2442 vos
3223 2387 3375 2459 ipsos
3423 2401 3561 2446 ante
3613 2394 3723 2447 illos

2123 2479 2368 2543 ltedatis;
2419 2479 2524 2533 illis
2571 2482 2715 2536 enim
2763 2477 3051 2544 ahscissis,
3095 2488 3263 2534 totum
3305 2482 3455 2550 perit
3508 2500 3719 2554 corpus.

2120 2571 2259 2640 Quid
2282 2571 2427 2627 enim
2454 2573 2594 2626 aliud
2627 2582 2710 2628 est
2747 2589 2942 2646 corpus
2963 2617 2980 2644 ,
3008 2591 3166 2646 quam
3213 2575 3386 2630 multa
3431 2578 3722 2632 membra?

2120 2667 2260 2722 sicut
2283 2675 2338 2720 et
2364 2666 2480 2736 ipse
2499 2667 2592 2729 ait,
2627 2667 2826 2738 Corpus
2852 2686 2954 2724 non
2981 2679 3056 2724 est
3084 2686 3242 2724 unum
3275 2669 3574 2723 membrum
3595 2713 3614 2736 ,
3643 2674 3722 2724 sed

2124 2759 2310 2812 multa.
2369 2756 2425 2813 Si
2457 2758 2617 2828 igitur
2667 2759 2768 2814 hoc
2817 2769 2904 2816 est
2930 2775 3153 2832 corpus,
3195 2761 3436 2818 sollicite
3471 2778 3724 2819 curem

2123 2859 2180 2903 ut
2211 2849 2367 2918 plura
2399 2860 2652 2904 maneant
2671 2849 2822 2921 plura
2847 2866 2864 2917 ;
2894 2851 2965 2905 ita
2997 2859 3076 2916 nt,
3106 2851 3152 2906 si
3181 2852 3284 2906 hoc
3314 2868 3428 2908 non
3454 2862 3722 2916 servetur.

2120 2939 2281 2996 letale
2308 2942 2602 3011 accipiatur
2631 2942 2845 2999 vulnus.
2877 2940 3217 3012 Quapropter
3241 2943 3334 2998 ille
3362 2959 3479 2997 non
3513 2945 3619 2999 hoc
3643 2957 3724 2998 so-

2121 3031 2230 3086 lum
2254 3033 2440 3102 exigit,
2473 3041 2532 3087 ut
2560 3048 2627 3088 ne
2651 3033 2720 3088 ah
2736 3032 2859 3088 aliis
2886 3034 3290 3098 abscindamur,
3320 3034 3423 3090 sed
3467 3037 3644 3091 etiam
3669 3047 3716 3090 ut

2121 3125 2408 3180 admodum
2430 3125 2700 3196 conjuncti
2730 3141 3068 3182 maneamus.
3089 3127 3223 3182 Cum
3251 3127 3494 3184 dixisset
3530 3129 3676 3184 enim
3705 3169 3719 3190 .

2125 3215 2190 3272 Ut
2211 3230 2316 3269 non
2347 3218 2412 3272 sit
2427 3217 2648 3296 schisma
2674 3219 2725 3271 iu
2746 3234 2994 3288 corpore;
3024 3233 3131 3273 non
3162 3218 3264 3274 hoc
3280 3229 3588 3275 contentus
3609 3220 3722 3284 fuit,

2122 3309 2215 3365 sed
2265 3308 2570 3379 subjunxit:
2624 3309 2692 3365 Ut
2720 3309 2773 3363 in
2802 3309 2971 3378 ipsum
3003 3327 3094 3379 pro
3122 3311 3338 3364 invicem
3364 3313 3602 3366 sollicita
3629 3317 3726 3366 sint

2121 3400 2345 3455 membra
2369 3417 2387 3466 ;
2429 3401 2654 3456 alteram
2683 3385 2820 3456 hanc
2845 3416 3060 3473 quoque
3084 3417 3301 3456 causnnt
3331 3403 3605 3466 alfenens,
3635 3420 3725 3458 cur

2123 3495 2330 3549 minora
2355 3493 2615 3564 majorem
2665 3503 3022 3564 assequantur
3048 3493 3332 3548 honorem.
3364 3493 3494 3549 Non
3520 3504 3722 3550 tantum

2124 3587 2268 3643 enim
2288 3628 2304 3654 ,
2333 3596 2393 3642 ut
2420 3603 2524 3642 non
2551 3588 2618 3641 ah
2642 3588 2869 3642 invicem
2917 3597 3255 3658 separentur,
3284 3589 3364 3643 sic
3385 3587 3725 3660 dispensarit

2125 3679 2286 3742 Deus,
2309 3679 2404 3734 sed
2433 3680 2593 3734 etiam
2637 3688 2693 3734 ut
2722 3679 2886 3734 multa
2907 3689 3052 3734 esset
3077 3681 3274 3734 caritas
3303 3689 3362 3735 et
3395 3682 3723 3737 concordia.

2127 3773 2260 3828 Nam
2285 3773 2330 3828 si
2360 3772 2592 3844 singulis
2617 3787 2754 3844 opus
2779 3781 2862 3828 est
2904 3773 3131 3843 proximi
3178 3772 3338 3827 saluti
3368 3773 3681 3844 advigilare
3707 3816 3723 3838 .

2129 3882 2196 3922 ne
2227 3866 2359 3920 ntihi
2388 3869 2566 3920 minus
2589 3873 2645 3921 et
2668 3864 2838 3936 magis
2883 3863 3086 3920 dixeris
3115 3881 3128 3917 :
3177 3864 3262 3919 hic
3304 3865 3454 3918 enim
3492 3882 3608 3921 non
3648 3876 3726 3921 at

2125 3959 2243 4030 plus
2266 3967 2321 4015 et
2351 3957 2550 4014 minus.
2587 3957 2834 4014 Manente
2863 3971 3095 4028 namque
3123 3971 3373 4026 corpore,
3397 3967 3596 4025 potest
3620 3956 3722 4012 dif-

2127 4050 2352 4107 ferentia
2379 4049 2550 4108 videri
2579 4067 2595 4118 ;
2629 4060 2888 4122 pereunte
2919 4057 3101 4105 autem
3121 4090 3139 4118 ,
3168 4064 3276 4121 non
3304 4048 3435 4106 item
3468 4069 3487 4106 :
3530 4050 3723 4123 peribit

2124 4160 2273 4213 vero,
2302 4145 2404 4202 nisi
2430 4146 2636 4201 minora
2659 4152 2927 4200 maneant.

2201 4240 2257 4294 5.
2280 4241 2333 4294 Si
2359 4254 2485 4310 ergo
2516 4253 2706 4309 magna
2734 4239 2982 4308 peribunt
3009 4229 3190 4308 parvis
3215 4231 3499 4304 ahscissis,
3535 4238 3724 4293 simili-

2131 4339 2211 4388 ter
2246 4329 2447 4387 debent
2490 4329 2605 4384 hinc
2631 4343 2820 4400 magna
2849 4343 3132 4399 parvorum
3167 4329 3389 4400 perinde
3417 4339 3600 4399 atque
3644 4346 3723 4385 su

2127 4439 2310 4481 curam
2342 4437 2528 4496 gerere
2553 4439 2566 4477 :
2595 4437 2717 4477 cum
2740 4421 2930 4476 horum
2950 4421 3092 4476 enim
3114 4421 3283 4476 salute
3303 4432 3540 4476 manent
3565 4424 3720 4476 etiam

2128 4515 2353 4587 majora.
2388 4514 2568 4585 Itaque
2619 4513 2830 4569 etiamsi
2876 4513 3069 4568 millies
3114 4511 3352 4578 dixeris,
3406 4513 3721 4567 membr-tm

2130 4623 2250 4665 esse
2274 4607 2558 4678 inglorium
2581 4615 2632 4661 et
2659 4605 2870 4668 minus;
2900 4603 2994 4658 sed
3027 4603 3128 4658 nisi
3182 4618 3333 4674 aeque
3380 4605 3678 4674 provideas
3701 4646 3717 4668 ,

2129 4710 2186 4756 ut
2218 4715 2315 4771 pro
2343 4709 2394 4755 te
2421 4700 2558 4771 ipso,
2587 4697 2682 4753 sed
2709 4707 2768 4752 ut
2809 4697 2987 4751 minus
3015 4696 3145 4752 illud
3173 4696 3430 4767 negligas,
3456 4696 3718 4751 damnum

2132 4795 2185 4850 in
2212 4803 2264 4850 te
2282 4793 2548 4848 transibit.
2575 4790 2788 4846 idcirco
2813 4805 2918 4844 non
2943 4789 3096 4844 dixit.
3122 4788 3192 4844 Ut
3223 4804 3318 4859 pro
3336 4791 3582 4845 invicem
3607 4802 3719 4844 tan—

2133 4897 2240 4942 tum
2271 4885 2499 4940 sollicita
2532 4884 2640 4938 sint
2668 4884 2930 4946 membra,
2966 4881 3059 4936 sed
3089 4881 3315 4952 adjecit,
3351 4880 3418 4936 Ut
3449 4883 3524 4936 de
3551 4885 3717 4937 eodem

2134 4995 2226 5050 pro
2258 4995 2311 5031 se
2329 4976 2543 5031 invicem
2570 4974 2792 5029 sollicita
2820 4974 2920 5028 sint
2963 4973 3229 5037 membra;
3256 4971 3308 5026 id
3374 4982 3467 5028 est
3497 5014 3514 5039 ,
3561 4974 3718 5030 simiii

2137 5081 2191 5124 et
2219 5068 2431 5133 eadem,
2463 5080 2567 5136 qua
2596 5080 2840 5135 magnus,
2894 5078 3091 5133 parvus
3117 5078 3328 5134 quoque
3357 5062 3580 5118 fruatur
3601 5083 3717 5134 pro-

2133 5161 2388 5217 videntia.
2422 5158 2499 5214 Ne
2519 5160 2694 5228 itaque
2722 5156 2943 5221 dixeris,
2971 5156 3062 5212 llle
3090 5156 3328 5226 plebeius
3365 5165 3475 5223 est,
3499 5159 3601 5213 sed
3627 5175 3714 5214 co-

2129 5256 2234 5324 gita
2263 5254 2412 5308 illum
2435 5266 2556 5307 esse
2581 5251 2774 5305 menthi
2790 5264 2878 5304 um
2897 5251 3161 5318 corporis,
3179 5247 3321 5318 quod
3349 5257 3529 5303 totum
3551 5252 3715 5305 conti—

2132 5355 2251 5402 net:
2273 5360 2335 5400 ac
2351 5342 2800 5416 quemadmodum
2817 5342 3021 5406 oculus,
3047 5340 3118 5394 ita
3135 5348 3189 5396 et
3203 5339 3286 5395 hic
3303 5338 3427 5395 facit
3442 5351 3508 5395 ut
3526 5355 3710 5409 corpus

2133 5441 2202 5494 sit
2257 5454 2476 5510 corpus.
2537 5436 2643 5493 Ubi
2703 5436 2846 5492 enim
2896 5447 3094 5501 corpus
3138 5431 3476 5498 aedificatur,
3540 5435 3710 5486 nullus

2133 5533 2405 5604 quidpiam
2447 5531 2609 5587 habet
2655 5528 2923 5598 amplius,
2979 5540 3138 5597 quam
3184 5524 3482 5595 proximus.
3533 5525 3710 5592 Neque

2134 5626 2275 5682 enim
2303 5624 2405 5679 hoc
2431 5637 2626 5691 corpus
2663 5619 2830 5688 facit,
2857 5626 2918 5674 ut
2958 5620 3029 5673 sit
3065 5617 3198 5672 illttd
3233 5615 3448 5687 quidem
3499 5618 3708 5684 majus.

2139 5721 2237 5771 itm“
2266 5732 2393 5772 vero
2416 5715 2610 5783 minus,
2632 5710 2726 5771 sed
2747 5710 2889 5786 quod
2913 5709 3078 5767 multa
3106 5710 3207 5764 sint
3230 5715 3290 5766 et
3307 5706 3542 5763 diversa.
3570 5706 3711 5760 Sit-al
