3826 6216
177 201 264 260 9⁵9
1175 198 1240 254 ΙΝ
1279 197 1500 254 EPIST.
1545 196 1562 252 I
1601 196 1692 253 AD
1725 197 1885 253 00R.
1929 199 2162 260 HOMIL.
2203 206 2396 263 XXXI.

177 319 310 381 Τινὲς
336 314 390 368 δὲ
417 312 879 385 ’τὰ-ἀσθενέστερα
899 315 993 368 καὶ
1023 315 1193 388 ἄτιμα
1216 320 1310 371 καὶ
1333 319 1604 387 ἀναγκαῖα
1629 313 1722 370 καὶ

174 401 316 474 τιμῆς
347 396 680 471 ἀπολαύοντα
710 399 954 462 πλείονος
987 400 1114 470 περὶ
1161 400 1453 470 ὀφθαλμῶν
1480 403 1574 455 καὶ
1614 417 1716 454 110-

175 487 263 540 δών
286 480 524 552 είρῆσθαι
557 480 634 550 τῷ
662 480 859 551 Παύλῳ
889 481 1189 550 νομίζουσι,
1227 483 1321 536 καὶ
1353 482 1720 553 ἀσθενέστερα

173 569 251 622 καί
272 566 528 630 ἀναγκαῖα
555 565 680 627 τοὺς
692 562 1008 634 ὀφθαλμοὺς
1020 564 1218 634 λέγειν,
1231 567 1318 619 ὅτι
1341 566 1718 637 ἐλαττούμενοι

171 655 227 720 τῇ
255 647 490 714 δυνάμει,
535 645 917 700 πλεονεκτοῦσι
941 649 1009 717 τῇ
1041 647 1220 718 χρείᾳ,
1247 647 1318 700 ’τά
1337 649 1393 701 δὲ
1422 651 1716 720 ἀτιμότερα

171 735 280 796 τοὺς
311 729 503 793 πόδας“
535 731 626 782 καὶ
666 729 776 801 γάρ
817 730 912 784 καὶ
953 727 1096 785 06101
1145 729 1347 801 πολλῆς
1383 733 1715 789 ἀπολαύουσι

168 814 415 889 προνοίας.
723 849 739 864 .

225 914 284 983 β’.
309 907 432 964 Εῐτα
459 909 546 962 ἵνα
579 910 652 981 μὴ
686 911 848 965 πάλιν
875 909 1042 982 ἀλλην
1062 911 1362 982 ὑπερϐολὴν
1389 912 1711 984 ἐργάση.-.,

163 996 280 1068 φησί
296 1013 311 1028 ο
347 995 420 1046 Τὰ
443 993 513 1045 δὲ
537 993 890 1062 εὐσχήμονα
912 994 1082 1063 ἡμῶν
1103 997 1174 1048 οὐ
1196 998 1404 1063 χρείαν
1427 996 1570 1066 ἔχει.
1599 997 1712 1050 Ἱνα

161 1082 258 1150 γάρ
281 1078 453 1149 μήτις
483 1076 640 1148 λέγῃ,
669 1079 778 1130 Καὶ
802 1081 950 1140 ποῖος
977 1072 1132 1140 0610;
1161 1079 1346 1146 λόγος;
1368 1079 1477 1132 τῶν
1510 1081 1606 1148 μὲν
1631 1097 1712 1132 τι-

161 1165 285 1238 μίων
303 1165 680 1233 καταφρονεῖν,
709 1165 819 1227 τοῖς
843 1163 900 1215 δὲ
919 1162 1262 1232 ἀτιμοτέροις
1300 1164 1708 1232 προσεδρεύειν;

157 1249 263 1319 οὐχὶ
292 1245 751 1316 καταφρονοῦντες
805 1245 962 1299 τοῦτο
1019 1246 1298 1316 ποιοῦμεν,
1353 1247 1537 1314 φησὶν,
1593 1246 1709 1300 ἀλλ’

155 1330 328 1401 ἐπειδὴ
370 1331 507 1382 αὺτά
538 1331 600 1382 06
628 1329 818 1383 δεῖται.
854 1331 967 1383 Καὶ
997 1329 1098 1400 ὅρα
1132 1328 1318 1399 ἡλίκον
1346 1330 1620 1399 ἐγκώμιον
1651 1331 1708 1383 ἐν

155 1416 329 1485 βραχεῖ
359 1411 470 1475 θεὶς
498 1411 839 1483 παρέδραμε,
863 1413 1249 1483 συμφερόντως
1268 1412 1424 1466 τοῦτο
1453 1413 1548 1464 καὶ
1575 1430 1708 1484 χρη-

153 1502 310 1569 σίμως
345 1497 534 1548 ποιῶν.
588 1496 696 1549 Καὶ
725 1497 846 1549 οὐδὲ
875 1498 1130 1567 ἀρκεῖται
1177 1495 1372 1566 τούτῳ,
1427 1495 1563 1548 ἀλ.λά
1614 1497 1706 1548 καὶ

148 1583 312 1639 αἰτίαν
342 1578 666 1650 προστίθησι
697 1580 901 1648 λέγων’
939 1581 1090 1635 Ἀλλ’
1117 1585 1148 1634 ὁ
1173 1581 1315 1646 Θεὸς
1331 1580 1704 1649 συνεκέρασε

145 1666 204 1721 τὸ
233 1663 418 1733 σῶμα,
455 1663 533 1728 τῷ
562 1663 914 1731 ὑστεροῦντι
965 1663 1402 1732 περισσοτέραν
1436 1664 1580 1730 δοὺς
1617 1682 1703 1718 τι·

135 1751 271 1821 μὴν,
298 1749 394 1800 ἵνα
415 1745 504 1816 μὴ
527 1747 758 1815 σχίσμα
785 1741 825 1817 ᾗ
849 1747 918 1800 ἐν
940 1745 1020 1811 τῷ
1041 1747 1285 1816 σώματι.
1316 1749 1377 1800 Εί
1400 1747 1455 1800 δὲ
1487 1748 1705 1800 συνεκέ-

144 1848 313 1904 ρασεν,
352 1829 454 1882 οὐκ
487 1831 664 1899 ἀφῆκε
700 1829 760 1882 16
793 1831 1114 1902 ἀτιμότερον
1145 1829 1459 1898 φαίνεσθαι·
1507 1831 1567 1884 16
1597 1832 1704 1902 γάρ

138 1916 466 1986 κιρνώμενον
495 1913 552 1966 ἓν
577 1913 804 1982 γίνεται,
829 1914 923 1966 καὶ
947 1914 1006 1966 06
1034 1913 1280 1982 φαίνεται
1306 1915 1359 1966 τί
1381 1914 1486 1986 πρὸ
1510 1915 1700 1969 τούτου

133 1996 225 2070 ἦν·
257 1999 377 2051 ἐπεὶ
424 1997 546 2049 ούδέ
578 1996 644 2049 ἂν
684 1997 986 2067 κεκρᾶσθαι
1011 1997 1142 2050 01616
1191 1997 1431 2067 φαίημεν
1462 1996 1548 2073 ἀν.
1589 1999 1701 2051 Καὶ

133 2085 227 2153 ὅρα
252 2081 364 2142 πῶς
389 2080 628 2151 συνεχῶς
663 2081 732 2134 τά
759 2080 1119 2150 ἐλαττώματα
1143 2081 1476 2152 παρατρέχει
1506 2081 1698 2150 λέγων,

127 2166 202 2232 τῷ
235 2163 612 2232 ὑστεροῦντι.
655 2165 768 2217 Οὐκ
791 2160 930 2227 εἷπε,
954 2164 1032 2234 τῷ
1056 2165 1265 2234 ἀτίμῳ,
1304 2165 1380 2234 τῷ
1407 2167 1697 2236 ἀσχήμονι,

127 2251 272 2314 ἀλλὰ,
303 2249 398 2313 τῷ
423 2247 798 2316 ὑστεροῦντι.
842 2248 1205 2320 Ὑστεροῦντι,
1239 2248 1383 2313 πῶς;
1412 2251 1564 2302 Κατὰ
1596 2251 1698 2318 φύ-

125 2353 223 2388 σιν.
262 2331 712 2400 Περισσοτέραν
731 2331 872 2398 δοὺς
900 2331 1095 2400 τιμήν.
1121 2331 1230 2385 Καὶ
1259 2332 1346 2385 διά
1369 2333 1453 2396 τί;
1482 2333 1596 2386 ’Ίνα
1621 2334 1696 2405 μὴ

123 2414 155 2492 ᾗ
183 2417 387 2486 σχίσμα
420 2416 482 2468 ἐν
510 2414 588 2484 τῷ
620 2412 854 2483 σώματι.
899 2414 1116 2484 Ἐπειδὴ
1146 2415 1253 2487 γάρ
1287 2417 1487 2485 μυρίας
1517 2433 1695 2487 παρα-

123 2501 314 2571 μυθίας
343 2497 712 2559 ἀπολαύοντες
742 2496 939 2567 ἤλγουν
972 2497 1140 2566 ὅμως,
1183 2497 1276 2550 ἅτε
1309 2497 1566 2552 ἐλάττονα
1605 2499 1699 2552 λα-

119 2585 321 2646 ϐόντες,
368 2583 645 2635 δείκνυσιν
685 2581 766 2634 ὅτι
809 2579 1007 2651 μᾶλλον
1045 2579 1385 2651 ἐτιμήθησαν
1409 2597 1421 2609 ·
1467 2582 1551 2646 Τῷ
1588 2582 1696 2654 γὰρ

116 2667 495 2736 ὑστεροῦντι,
524 2664 678 2734 φησὶ,
706 2662 1141 2733 περισσοτέραν
1162 2663 1307 2730 δοὺς
1327 2665 1526 2734 τιμήν.
1559 2663 1692 2720 Εἶτα

113 2760 318 2815 καὶτὸν
350 2758 515 2826 λόγον
561 2756 777 2824 ἐπάγει,
826 2755 1037 2817 δεικνὺς
1063 2755 1142 2807 ὅτι
1183 2755 1569 2825 συμφερόντως
1601 2756 1694 2808 καὶ

112 2844 357 2913 ὑστερεῖν
391 2841 646 2907 ἐποίησε,
678 2838 773 2890 καὶ
805 2837 1067 2906 μειζόνως
1091 2837 1339 2906 ἐτίμησε.
1361 2837 1456 2900 Τίς
1485 2838 1540 2890 δὲ
1564 2839 1592 2892 6
1613 2837 1697 2890 16-

106 2944 230 2996 70;;
265 2927 395 2980 Ἵνα
423 2924 512 2995 μὴ
537 2917 577 2994 ᾖ
605 2922 861 2992 σχίσμα,
901 2921 1086 2992 φησὶν,
1119 2922 1188 2974 ὲν
1210 2919 1286 2985 τῷ
1314 2921 1556 2988 σώματι.
1584 2920 1692 2974 Καὶ

106 3013 200 3064 οὐκ
229 3006 410 3072 εἶπεν,
461 3009 554 3060 Ἐν
577 3009 690 3068 τοῖς
719 3005 958 3074 μέλεσιν,
1009 3004 1145 3070 ἀλλ’,
1189 3005 1292 3057 Ἐν
1327 3004 1406 3070 τῷ
1443 3005 1688 3074 σώματι.

102 3096 209 3148 Καὶ
231 3095 343 3166 γάρ
377 3091 536 3164 [280]
563 3089 730 3160 πολλὴ
749 3089 970 3158 ἔμελλεν
1001 3088 1330 3158 ήπλεονεξία
1362 3085 1520 3152 εἶναι,
1553 3090 1688 3143 είτά

103 3179 197 3248 μὲν
216 3179 312 3231 καὶ
331 3175 452 3228 ἀπὸ
477 3177 578 3244 τῆς
610 3172 824 3241 φύσεως
843 3171 937 3224 καὶ
961 3171 1068 3223 ἀπὸ
1085 3173 1182 3240 τῆς
1203 3172 1478 3243 ἡμετέρας
1499 3172 1690 3242 ἐθερα.

100 3261 293 3314 πεύετο
321 3258 613 3330 προνοίας,
640 3255 710 3308 τά
732 3255 788 3307 δέ
817 3254 932 3307 οὐδὲ
956 3254 1220 3323 ἑτέρωθεν
1241 3273 1252 3284 ·
1273 3256 1364 3309 καὶ
1383 3256 1684 3330 ἀπεσχίσθη

97 3346 160 3398 ἂν
183 3344 470 3414 ἀλλήλων,
489 3342 553 3394 06
572 3341 846 3409 δυνάμενα
866 3337 1051 3406 φέρειν
1078 3338 1170 3390 τὸν
1201 3338 1515 3411 σύνδεσμον·
1559 3343 1688 3394 ἀπο-

97 3428 432 3498 σχισθέντων
459 3426 520 3478 δὲ
547 3422 774 3486 τούτων,
793 3422 886 3474 καὶ
903 3425 1013 3486 τοῖς
1028 3423 1231 3486 λοιποῖς
1257 3424 1466 3491 ἐγίνετο
1491 3423 1680 3494 βλάϐη.

89 3510 239 3574 Εἶδες
263 3510 389 3573 πῶς
430 3505 638 3572 ἔδειξεν
673 3505 986 3572 ἀναγκαίως
1012 3505 1236 3575 μείζονα
1264 3506 1340 3575 τῷ
1369 3507 1682 3576 ὑστεροῦντι

85 3594 384 3665 δεδομένην
440 3592 649 3664 τιμήν;
687 3591 750 3644 Εί
791 3590 900 3662 γάρ
951 3589 1027 3661 μὴ
1074 3589 1229 3642 τοῦτο
1277 3591 1487 3659 γέγονε,
1527 3595 1680 3664 κοινὴ

81 3679 302 3731 πάντων
327 3676 400 3730 ἂν
445 3677 484 3746 ἡ
518 3673 666 3744 λύμη
711 3673 976 3742 ἐγεγόνει,
1022 3673 1176 3742 φησί.
1233 3674 1342 3727 Καὶ
1371 3674 1479 3746 γὰρ
1515 3677 1562 3728 εἰ
1606 3676 1680 3748 μὴ

80 3759 283 3822 πολλῆς
309 3757 500 3813 ταῦτα
543 3756 674 3830 παρ’
705 3757 860 3827 ὑμῶν
905 3755 1183 3809 ἀπέλαυσε
1225 3756 1498 3826 προνοίας,
1546 3759 1681 3827 ἐπη-

75 3848 284 3920 ρεάσθη
309 3848 383 3902 ἂν
414 3849 500 3918 μὴ
527 3846 718 3916 ἔχοντα
747 3846 846 3916 τὴν
877 3844 985 3899 611:6
1021 3846 1119 3914 τῆς
1159 3844 1375 3914 φύσεως
1403 3845 1674 3916 βοήθειαν·

74 3932 517 4005 ἐπηρεασθέντα
546 3930 628 3994 δὲ,
660 3928 906 3984 ἀπώλετο
939 3929 1001 3982 ἄν
1027 3945 1040 3960 ο
1088 3928 1399 3998 ἀπολόμενα
1428 3930 1503 3993 δέ,
1533 3931 1680 4001 ἐσχι-

74 4035 162 4072 σεν
193 4019 262 4072 ἂν
289 4017 357 4070 16
389 4015 568 4086 σῶμα
593 4030 608 4044 ο
645 4013 954 4084 σχισθέντος
981 4011 1037 4064 δὲ
1063 4011 1156 4064 τοῦ
1190 4011 1458 4082 σώματος,
1486 4014 1580 4066 καὶ
1609 4014 1677 4067 τὰ

67 4103 230 4156 λοιπά
267 4103 342 4156 ἂν
364 4098 637 4154 ἀπώλετο
671 4097 743 4150 τά
778 4097 958 4167 πολλῷ
1006 4095 1228 4166 μείζονα
1254 4095 1479 4150 τούτων.
1515 4099 1677 4168 Ὁρᾷς

66 4187 145 4238 ὃτι
179 4187 276 4238 καὶ
314 4184 430 4253 τῆς
473 4181 704 4235 ἐκείνων
743 4179 1000 4250 προνοίας
1037 4179 1219 4248 ἔχεται
1252 4180 1285 4248 ἡ
1319 4179 1522 4232 τούτων
1552 4182 1674 4232 ἐπι-

67 4271 261 4338 μέλεια
291 4286 308 4334 ;
350 4267 436 4320 Οὐ
495 4263 809 4334 γάρ-οὓτως
843 4263 902 4315 ἐν
941 4268 1006 4332 τῇ
1041 4262 1218 4330 οἰκείᾳ
1253 4262 1412 4330 φύσει
1448 4263 1509 4314 16
1535 4259 1674 4317 εἶναι

62 4354 303 4422 ἔχουσιν,
349 4350 438 4412 ὼς
479 4351 544 4400 ὲν
573 4345 648 4416 τῷ
680 4345 891 4415 σώματι
918 4339 1059 4398 εἶναι
1085 4343 1163 4395 ἓν.
1187 4344 1286 4398 Διά
1317 4343 1382 4415 δὴ
1409 4344 1586 4409 τοῦτο,
1609 4345 1674 4400 ἂν

62 4436 157 4506 μὲν
191 4435 256 4489 16
290 4435 478 4504 σῶμα
508 4431 808 4501 ἀπόληται,
832 4429 984 4482 οὐδὲν
1006 4429 1191 4490 αὐτοῖς
1215 4427 1405 4498 κέρδος
1433 4427 1531 4497 τῆς
1552 4429 1672 4484 καθ’

62 4522 295 4572 ἕκαστον
321 4515 596 4586 ὑγιείαςθ
627 4513 741 4567 ἀλλ’
763 4513 827 4568 ἄν
847 4529 908 4565 τε
932 4511 1205 4581 ὀφθαλμὸς
1225 4510 1381 4581 μένῃ,
1407 4510 1470 4563 ἀν
1499 4529 1556 4564 τε
1588 4514 1674 4583 ῥὶς

63 4602 409 4674 Ξιατηροῦσα
446 4599 520 4651 τὸ
553 4599 774 4662 οἰκεῖον,
803 4595 894 4648 τοῦ
926 4595 1224 4663 συνδέσμου
1250 4594 1520 4658 λυθέντος,
1548 4595 1674 4664 ὄφε-

63 4706 136 4750 1.0;
159 4687 325 4740 οὐδὲν
347 4685 528 4736 ἐσται
555 4679 757 4732 λοιπόν·
788 4679 854 4731 ἂν
881 4677 958 4742 δέ,
983 4678 1172 4730 τούτου
1197 4676 1465 4746 μένοντος,
1491 4679 1671 4732 ἐκεῖνα

63 4772 252 4842 ἆλαὸᾕ,
293 4769 404 4823 καὶ
440 4762 879 4824 διαϐαστάζεται
913 4761 1008 4814 καὶ
1039 4761 1175 4830 πρὸς
1196 4760 1404 4828 ὑγίειαν
1422 4763 1682 4814 ἐπάνεισι·

65 4852 284 4925 ταχέως.
325 4850 496 4907 Ἀλλ’
560 4848 692 4910 ἴσως
721 4845 866 4899 εἴποι
897 4862 983 4908 τις
1027 4845 1123 4898 ἀν’
1161 4844 1332 4896 Τοῦτο
1383 4847 1482 4912 μὲν
1511 4847 1568 4896 ἐν
1592 4847 1668 4917 τῷ

65 4915 265 5008 τιέματι
319 4938 508 5004 λόγον
569 4932 701 5001 ἔχει,
750 4929 833 4982 ὅτι
877 4928 939 4981 16
978 4926 1239 4996 ὑστεροῦν
1277 4929 1666 4998 περισσοτέραν

67 5024 199 5077 λαὸε
224 5024 438 5093 τιμὴν,
485 5016 591 5069 ἐπὶ
620 5015 677 5067 δὲ
727 5013 838 5066 τῶν
873 5011 1176 5082 ἀνθρώπων
1220 5011 1340 5074 πῶς
1396 5012 1462 5066 ἂν
1509 5015 1667 5069 τοῦτο

67 5107 241 5174 ›ανείη
265 5091 302 5171 ;‘
330 5102 478 5156 Ἐπὶ
545 5098 652 5150 τῶν
687 5094 988 5167 ἀνθρώπων
1016 5096 1114 5164 μὲν
1139 5091 1232 5147 οῦν
1273 5095 1506 5165 μάλιστα
1538 5097 1667 5162 [δοις

73 5209 100 5242 ν
141 5188 314 5241 τοῦτο
355 5183 707 5254 συμϐαῖνον.
735 5180 845 5234 Καὶ
870 5178 980 5248 γὰρ
1018 5180 1066 5232 οἱ
1087 5179 1216 5249 περὶ
1241 5179 1340 5246 τὴν
1372 5180 1664 5252 ἑνδεκάτην

68 5289 208 5339 ιραν,
245 5267 493 5340 πρῶτοι
553 5263 645 5317 16v
674 5263 863 5334 μισθὸν
897 5260 1122 5316 ἐλάϐονο
1167 5263 1258 5314 καὶ
1294 5261 1356 5314 τὸ
1393 5263 1664 5334 πλανηθέν

70 5354 324 5417 ’ρόεατον
364 5351 479 5404 ἐπε
493 5365 589 5400 ισε
604 5347 694 5400 τὸν
727 5346 960 5417 ποιμένα
978 5344 1046 5398 τά
1071 5346 1551 5413 ἐνενηκονταεννέα
1569 5366 1664 5402 καο

69 5411 316 5500 ἀλιπεῖν,
347 5435 461 5488 καὶ
501 5429 600 5484 ἐπ’
634 5430 762 5482 αὐτὸ
777 5429 1028 5499 δραμεῖν,
1051 5428 1144 5481 καὶ
1173 5429 1403 5499 εὑρηθέν
1430 5429 1663 5485 ἐϐαστάα

69 5535 176 5580 ετο,
210 5520 324 5571 οὐκ
363 5514 683 5586 ἠλαύνετο·
728 5515 820 5566 καὶ
849 5515 876 5566 6
905 5513 1113 5573 ἄσωτος
1142 5511 1255 5574 υίὺς
1296 5511 1538 5578 πλείονος
1567 5516 1658 5569 τοῦ

69 5600 503 5672 εδοκιμηκότος
546 5598 649 5665 τῆς
695 5596 861 5666 τιμῆς
897 5593 1191 5647 ἀπέλαυσε·
1245 5595 1339 5647 καὶ
1376 5597 1404 5648 6
1457 5597 1661 5670 λῃστὴς

73 5686 138 5758 ρὸ
213 5685 336 5740 τῶν
404 5679 743 5737 ἀποστόλων
802 5675 1158 5747 ἐστεφανοῦτο
1215 5677 1311 5732 καὶ
1359 5679 1658 5750 ἀνεκηρύτ-

3284 220 3388 274 2‘50

1827 331 1971 370 τετο.
2006 318 2115 372 Καὶ
2147 323 2239 375 ἐπὶ
2284 325 2394 380 τῶν
2421 326 2694 380 ταλάντων
2721 327 2775 382 δὲ
2806 328 2963 382 τοῦτο
2994 330 3121 396 ἴδοις
3151 333 3216 388 ἂν
3246 339 3394 404 γινὸς

1823 413 2005 467 μενον.
2029 400 2141 456 καὶ
2169 406 2279 477 γάρ
2314 408 2343 460 6
2374 409 2442 463 τά
2475 410 2636 463 πέντε
2669 411 2907 467 τάλαντα
2939 413 3116 471 λαϐὼν
3151 400 3301 472 καὶ-’ό
3323 418 3394 476 τά

1815 480 1930 570 δύο,
1961 485 2277 570 τῶναύτῶν
2298 491 2628 564 ἠξιώθησαν,
2652 497 2746 550 καὶ
2783 497 2933 569 αύτῷ
2966 499 3044 570 τῷ
3067 500 3136 555 τὰ
3167 502 3263 556 δύο
3293 503 3391 559 λα-

1814 563 1929 660 ϐεῖν
1965 567 2174 660 πολλῇς
2211 573 2492 660 ἀπέλαυσε
2525 577 2725 660 μᾶλλον
2749 579 2848 650 τῆς
2877 563 3152 652 προνοίας.
3185 585 3249 638 Et
3278 587 3390 660 γὰρ

1813 647 2073 732 τάπέντε
2099 653 2460 728 ἐνεχειρίσθη,
2491 659 2564 730 μὴ
2603 647 2933 731 δυνάμενος,
2948 664 3044 717 τοῦ
3080 647 3390 732 παντὸς-ἂν

1812 729 2043 820 ἐξέπεσε
2066 752 2078 765 ’
2137 737 2430 808 δεξάμενος
2462 741 2518 795 δὲ
2554 729 2620 798 τά
2645 729 2760 808 δύο,
2807 737 3003 800 καῖ’τὰ
3030 751 3160 820 παρ’
3190 729 3385 806 ἐαυτοῦ

1812 814 2128 886 πληρώσας,
2167 822 2276 875 τῶν
2308 823 2489 878 αὐτῶν
2519 826 2724 896 ἠξιώθη
2750 827 2828 898 τῷ
2860 828 2928 882 τά
2957 814 3125 886 πέντε
3151 834 3386 902 ἐργασα-

1813 907 1978 977 μένῳ,
2015 910 2252 982 τοσούτῳ
2307 913 2730 988 πλεονεκτήσας,
2776 919 2886 990 ὅσῳ
2934 921 3030 974 ἀπ’
3085 923 3384 978 ἐλαττόνων

1809 991 1986 1044 πόνων
2029 995 2138 1047 τῶν
2183 996 2361 1049 αὐτῶν
2410 999 2638 1071 ἐπέτυχε
2692 996 2990 1072 στεφάνων.
3045 1007 3236 1059 Καίτοι
3285 1010 3382 1062 καὶ

1807 1075 1968 1159 6.616;
2000 1076 2284 1148 ἄνθρωπος
2335 1075 2424 1151 ἦν,
2465 1081 2653 1154 ὥσπερ
2681 1086 2709 1137 6
2743 1087 2810 1138 τά
2839 1085 2999 1138 πέντε
3020 1103 3034 1118 ’
3069 1087 3185 1140 ἀλλ’
3230 1089 3382 1159 ὅμως

1806 1155 1957 1208 οὐδὲν
1996 1159 2132 1228 πρὸς
2163 1162 2325 1214 αὐτὸν
2369 1165 2398 1215 6
2429 1165 2706 1236 Δεσπότης
2744 1167 3201 1238 ἀκριϐολογεῖται,
3255 1155 3379 1224 οὐδὲ

1806 1241 2105 1309 ἀναγκάζει
2131 1245 2197 1297 τά
2226 1246 2367 1299 αὐτὰ
2391 1251 2564 1302 ποιεῖν
2588 1262 2613 1289 ει
2643 1248 2720 1320 τῷ
2750 1251 3037 1322 συνδούλῳ,
3064 1253 3185 1306 ούδὲ
3207 1253 3376 1322 λέγει,

1804 1325 1902 1376 Διά
1930 1325 1980 1376 τί
2009 1326 2083 1396 μὴ
2109 1326 2423 1383 δύνασαιτά
2468 1331 2629 1385 πέντε
2654 1333 3023 1403 ἐργάσασθάις
3069 1335 3290 1400 δικαίως
3310 1338 3378 1390 ἀν

1803 1407 1993 1460 είπών·
2029 1409 2166 1463 ἀλλὰ
2201 1415 2294 1464 καὶ
2336 1414 2498 1466 αὑτὸν
2531 1417 2894 1484 ἐστεφάνωσε.
2925 1417 3088 1471 Ταῦτ’
3117 1414 3377 1472 οῦν-είδόο

1801 1507 1912 1553 τες,
1960 1491 2032 1560 μὴ
2079 1493 2435 1562 ἐπεμϐαίνετε
2478 1500 2589 1560 τοῖς
2621 1497 2900 1554 ἐλάττοσιν
2932 1501 2980 1553 ὂί
3015 1501 3252 1572 μείζους,
3286 1502 3374 1556 ἵνα

1805 1573 1879 1643 μὴ
1931 1574 2034 1644 πρὸ
2085 1577 2308 1630 ἐκείνων
2339 1578 2565 1642 ἐαυτοὺς
2597 1580 2867 1651 βλάψητε·
2928 1583 3374 1655 ἀποσχιζομένων

1801 1658 1910 1726 γάρ
1946 1655 2144 1722 αὐτῶν,
2176 1659 2236 1712 16
2263 1661 2369 1713 πᾶν
2403 1662 2773 1734 διαφθείρεται
2807 1664 2982 1734 σῶμα.
3015 1667 3078 1718 Τί
3103 1667 3210 1738 γάρ
3244 1667 3373 1722 ἀλλο

1801 1740 1918 1826 ἐστὶ
1949 1739 2189 1826 σῶμα,ἢ
2226 1744 2490 1826 τὸπολλά
2521 1741 2660 1798 εἶναι
2703 1747 2838 1818 μέλη
2867 1748 3099 1826 ςοκαθὼς
3142 1751 3236 1803 καὶ
3269 1752 3369 1804 αύ-

1798 1822 1888 1885 τός
1918 1840 2102 1892 φησιν,
2127 1825 2206 1877 ὅτι
2236 1824 2383 1898 [281]
2427 1828 2496 1880 T6
2534 1826 2705 1895 σῶμα
2734 1831 2846 1882 οὐκ
2876 1822 3048 1884 ἔστιν
3066 1830 3137 1884 ἓν
3158 1830 3366 1901 μέλος,

1798 1905 1960 1959 ἀλλὰ
1991 1907 2216 1961 πολλά.
2274 1909 2336 1960 Εἰ
2378 1909 2555 1962 τοίνυν
2599 1910 2759 1963 τοῦτό
2786 1912 2903 1963 ἐστι
2938 1912 3117 1983 σῶμα,
3153 1916 3371 1985 φροντί-

1799 1987 1979 2060 ζωμεν
2011 1989 2104 2043 τοῦ
2131 1990 2198 2044 τά
2220 1991 2392 2044 πολλά
2424 1993 2605 2063 μένειν
2629 1994 2798 2048 πολλά
2819 2009 2830 2023 ·
2874 1994 2948 2058 ώς
2981 1997 3075 2048 ἐὰν
3109 1998 3184 2067 μὴ
3209 1998 3368 2052 τοῦτο

1797 2069 2144 2143 διασώζηται,
2183 2075 2312 2145 περὶ
2357 2075 2426 2128 131
2473 2075 2662 2147 καίρια
2695 2077 2729 2147 ὴ
2780 2076 2961 2148 πληγὴ
3010 2078 3240 2147 γίνεται.
3273 2081 3368 2134 A16

1798 2155 1888 2207 καὶ
1914 2156 2074 2220 αὐτὸς
2112 2157 2173 2209 o6
2221 2157 2378 2210 τοῦτο
2420 2159 2577 2228 μόνον
2618 2159 2860 2229 ἀπαιτεῖ,
2915 2161 2974 2213 16
3017 2162 3090 2232 μὴ
3140 2163 3366 2233 ἀποσχί·

1797 2236 1983 2302 ζεσθαι
2009 2239 2274 2309 ἀλλήλων,
2310 2240 2445 2294 ἀλλά
2476 2243 2569 2296 καὶ
2597 2243 2659 2296 τὸ
2698 2235 2916 2314 σφόδρα
2940 2245 3230 2316 συνῆφθαι.
3267 2247 3363 2300 EI-

1795 2319 1910 2372 πὼν
1937 2321 2090 2388 γοῦν,
2113 2323 2244 2376 Ἵνα
2275 2323 2362 2393 μὴ
2400 2319 2440 2394 ᾖ
2488 2327 2722 2395 σχίσμα
2749 2328 2818 2380 ἐν
2846 2325 2924 2392 τῷ
2973 2327 3218 2397 σώματι,
3264 2330 3366 2384 οὐκ

1794 2405 2035 2477 ἠρκέσθη
2065 2407 2260 2479 τούτῳ,
2307 2407 2420 2460 ἀλλ’
2459 2409 2756 2479 ἐπήγαγεν·
2791 2411 2918 2464 Ἵνα
2945 2413 3007 2464 τὸ
3033 2411 3180 2466 αὺτύ
3212 2414 3366 2480 ὑπὲρ

1792 2487 2081 2556 ἀλλήλων
2126 2489 2456 2559 μεριμνῶσι
2491 2490 2561 2544 τὰ
2587 2492 2746 2560 μέλη
2770 2505 2785 2521 °
2822 2494 3015 2564 ἐτέραν
3044 2496 3136 2547 καὶ
3159 2494 3364 2567 ταύτην

1791 2571 1970 2624 αίτίαν
2010 2573 2322 2641 προστιθεὶς
2366 2573 2462 2627 τοῦ
2510 2574 2579 2627 τά
2628 2575 2888 2630 ἐλάττονα
2935 2578 3180 2641 πλείονος
3227 2579 3365 2631 ἀποο

1791 2653 1977 2708 λαύειν
2027 2657 2324 2725 119ﬁ;._06
2375 2657 2484 2728 γάρ
2529 2656 2614 2709 ἵνα
2670 2658 2744 2731 μὴ
2787 2658 3151 2730 ἀποσχίζηται
3201 2661 3364 2732 μόνον

1790 2739 2056 2809 ἀλλήλων,
2103 2739 2276 2803 οὕτως
2319 2739 2672 2812 ᾠκονόμησεν
2713 2745 2741 2795 6
2781 2743 2930 2808 Θεὸς,
2982 2743 3097 2797 ἀλλ’
3147 2745 3233 2800 ἵνα
3267 2750 3366 2802 καὶ

1789 2823 1976 2893 ἀγάπη
2073 2823 2242 2894 πολλὴ
2288 2825 2379 2875 καὶ
2428 2825 2668 2893 ὁμόνοια.
2704 2827 2766 2879 Ei
2791 2831 2899 2898 γάρ
2923 2829 2982 2880 ἐν
3009 2831 3075 2900 τῇ
3099 2829 3193 2882 τοῦ
3225 2831 3362 2902 πλη-

1791 2909 1904 2960 σίον
1948 2908 2192 2977 σωτηρίᾳ
2236 2907 2297 2958 τὸ
2347 2903 2486 2959 εἶναι
2529 2909 2762 2979 ἑκάστῳ,
2796 2914 2870 2980 μή
2901 2928 2990 2980 μοι
3031 2913 3092 2964 16
3138 2913 3360 2970 £1111‘mv

1787 2990 1966 3043 καὶτὸ
1993 2991 2150 3042 πλέον
2181 2991 2339 3060 εἴπῃς
2358 3007 2373 3022 ο
2408 2991 2642 3044 ἐνταῦθα
2673 2995 2782 3062 γάρ
2807 2995 2908 3046 οὐκ
2936 2995 3051 3046 ἐστι
3081 2995 3238 3048 πλέον
3266 3000 3360 3051 καὶ

1788 3072 2024 3125 ἔλαττον.
2079 3073 2347 3136 Μένοντος
2399 3074 2506 3145 γὰρ
2553 3073 2646 3126 τοῦ
2699 3066 2971 3146 σώματος,
3002 3076 3226 3132 δυνατὸν
3264 3082 3360 3134 καὶ

1785 3157 1884 3226 τὴν
1915 3155 2179 3227 διαφορὰν
2226 3158 2386 3210 ίὸεῖν·
2434 3157 2809 3226 ἀπολλυμένου
2853 3159 2932 3223 δέ,
2965 3159 3170 3214 οὐκέτι·
3221 3163 3359 3216 ἀπο-

1785 3237 1956 3292 λεῖται
1991 3239 2065 3304 δὲ,
2102 3239 2167 3292 ἂν
2197 3239 2270 3310 μὴ
2301 3241 2394 3294 καὶ
2419 3239 2486 3292 τά
2509 3241 2768 3294 ἐλάττονα
2805 3241 2959 3313 μένῃ.

1853 3330 1924 3391 γ’.
1948 3325 2010 3376 Εί
2037 3325 2214 3377 τοίνυν
2246 3325 2338 3376 καὶ
2363 3324 2432 3377 τά
2457 3325 2663 3395 μεγάλα
2693 3325 2970 3380 ἀπολεῖται
2994 3327 3102 3380 τῶν
3141 3331 3355 3400 μικρῶν

1782 3405 2224 3477 ἀπορραγέντων,
2283 3407 2483 3477 ὁμοίως
2527 3409 2733 3478 ὀφείλει
2778 3409 2952 3465 ταῦτα
2986 3411 3094 3464 τῶν
3137 3413 3352 3484 μικρῶν

1783 3490 2108 3558 φροντίζειν,
2141 3489 2235 3542 καὶ
2263 3488 2434 3553 οὕτως
2464 3490 2539 3552 ώς
2579 3490 2809 3555 ἐαυτῶν,
2841 3491 2935 3544 ἆτε
2966 3493 3024 3545 ἐν
3050 3497 3112 3562 τῇ
3145 3495 3352 3548 τούτων

1782 3574 2023 3644 σωτηρίᾳ
2058 3575 2150 3626 καὶ
2182 3574 2288 3627 τῶν
2318 3573 2580 3644 μειζόνων
2606 3577 2898 3646 μενόντων.
2927 3577 3090 3630 ’Ὥστε
3127 3578 3225 3632 κᾶν
3252 3597 3353 3650 μυ-

1783 3657 1962 3727 ριάκις
1997 3657 2182 3727 λέγῃς,
2218 3659 2302 3711 ὅτι
2337 3659 2531 3728 ἄτιμον
2557 3660 2618 3712 16
2654 3659 2815 3726 μέλος
2844 3661 2939 3712 καὶ
2965 3659 3208 3726 ἔλαττον,
3235 3663 3350 3716 ἀλλ’

1779 3741 1873 3792 ἐὰν
1903 3739 1978 3810 μὴ
2015 3740 2214 3809 ὁμοίως
2253 3743 2510 3811 προνοῇς,
2563 3741 2638 3804 ώς
2689 3744 2781 3795 καὶ
2829 3743 3050 3805 σαυτοῦ,
3106 3743 3219 3796 ἀλλ’
3273 3745 3350 3810 ὼς

1776 3826 2054 3889 ἐλάττονος
2103 3826 2332 3897 ἀμελῇς,
2369 3828 2400 3896 ἡ
2449 3827 2619 3898 βλάϐη
2655 3830 2736 3889 είς
2781 3829 2841 3880 σὲ
2872 3829 3213 3900 διαϐήσεται.
3245 3832 3350 3888 Διά

1775 3910 1934 3963 τοῦτο
1960 3907 2058 3963 οῦκ
2091 3906 2391 3973 εἷπεν,”Ινα
2417 3909 2557 3978 ὑπὲρ
2581 3910 2827 3980 ἀλλήλων
2857 3911 3014 3974 μόνον
3043 3913 3350 3984 μεριμνῶσι

1773 3995 1842 4046 τά
1883 3993 2040 4064 μέλη,
2066 3992 2202 4047 ἀλλά
2239 3993 2598 4063 προσέθηκεν,
2633 3995 2768 4048 Ἵνα
2798 3995 2865 4048 τὸ
2894 3997 3037 4049 αὐτὸ
3067 3995 3346 4066 6.16de-

1771 4077 1981 4143 λήλων
2015 4087 2362 4147 μεριμνῶσι,
2380 4079 2681 4138 τουτέστιν,
2709 4078 2902 4148 ὁμοίας
2929 4079 3023 4133 καὶ
3051 4081 3150 4150 τῆς
3175 4081 3348 4152 αὐτῆς

1773 4159 1850 4230 τῷ
1883 4160 2104 4230 μεγάλῳ
2135 4160 2230 4212 καὶ
2256 4163 2283 4212 6
2319 4159 2515 4229 μικρὸς
2549 4160 2798 4232 ἀπολαύῃ
2824 4161 3098 4232 προνοίας.
3122 4165 3211 4235 Μὴ
3235 4164 3346 4218 τοί-

1773 4261 1866 4296 νυν
1900 4244 2080 4312 εῖπῃς,
2117 4243 2197 4296 ὅτι
2233 4242 2290 4294 Ὀ
2324 4242 2474 4294 δεῖνα
2512 4244 2540 4295 6
2579 4244 2758 4313 τυχών
2798 4248 2964 4311 ἐστιν,
3005 4246 3118 4299 ἀλλ’
3158 4248 3344 4314 ἐννόη-

1775 4344 1865 4380 σον
1897 4328 1978 4380 ὅτι
2016 4325 2173 4395 μέλος
2202 4327 2347 4378 ἐστὶν
2376 4326 2585 4378 ἐκείνου
2611 4327 2704 4379 τοῦ
2737 4327 2985 4397 σώματος
3017 4329 3109 4381 τοῦ
3137 4329 3197 4381 16
3235 4333 3342 4384 πᾶν

1775 4409 2227 4480 συγκρατοῦντος·
2271 4410 2364 4462 καὶ
2419 4408 2611 4480 ὥσπερ
2659 4412 2687 4463 6
2743 4411 3042 4480 ὀφθαλμὸς,
3080 4411 3220 4466 οὕτω
3247 4415 3342 4467 καὶ

1771 4488 1927 4556 οὗτος
1974 4495 2118 4546 ποιεῖ
2171 4493 2331 4563 σῶμα
2365 4489 2505 4546 εἶναι
2550 4494 2612 4547 16
2648 4492 2823 4562 σῶμα.
2854 4493 3021 4546 Ἔνθα
3050 4495 3158 4567 γὰρ
3186 4495 3251 4547 ἂν
3278 4497 3340 4549 16

1775 4577 1934 4646 σῶμα
1981 4576 2351 4646 οίκοδομῆται,
2389 4578 2564 4639 οὐδεὶς
2617 4576 2768 4629 οὐδὲν
2810 4575 2902 4629 τοῦ
2952 4576 3178 4647 πλησίον
3223 4578 3337 4648 ἔχει

1770 4661 1954 4716 πλέον.
1987 4660 2121 4712 Οὐδὲ
2155 4660 2264 4730 γὰρ
2294 4659 2453 4714 τοῦτο
2501 4663 2644 4712 ποιεῖ
2682 4658 2859 4728 σῶμα,
2885 4659 2944 4712 16
2972 4655 3110 4712 εἶναι
3141 4661 3202 4714 16
3239 4663 3338 4732 μὲν

1773 4747 1976 4815 μεῖζον,
2011 4743 2073 4796 16
2101 4743 2157 4796 δέ
2182 4744 2424 4807 ἔλαττον,
2456 4743 2590 4796 ἀλλά
2621 4742 2682 4794 16
2711 4741 2882 4796 πολλὰ
2920 4737 3058 4795 εἶναι
3087 4745 3180 4797 καὶ
3215 4745 3334 4798 διά-

1769 4845 1931 4898 φορα.
1978 4827 2191 4896 Ὥσπερ
2237 4829 2347 4896 γὰρ
2384 4828 2470 4888 σὺ,
2519 4825 2704 4903 ἐπειδὴ
2748 4825 2944 4895 μείζων
2972 4819 3044 4891 εί,
3081 4826 3142 4879 τὸ
3173 4827 3335 4898 σῶμα

1769 4913 2125 4981 συνέστησας,
2151 4910 2294 4963 οῦτω
2331 4911 2424 4963 καὶ
2454 4903 2628 4973 οῦτος,
2663 4909 2850 4978 ἐπειδὴ
2879 4909 3135 4967 ἐλάττων.
3170 4912 3332 4966 Ὥστε

1766 5000 1798 5067 ὴ
1838 4996 2132 5059 ἐλάττωσις
2171 4993 2357 5055 αὐτοῦ,
2405 4994 2532 5046 ὅταν
2572 4994 2666 5066 δέῃ
2691 4996 2752 5047 16
2809 4995 2962 5064 σῶμα
3007 4996 3331 5065 οἰκοδομεῖν,

1768 5081 2007 5150 ίσότιμός
2057 5097 2141 5132 σοι
2195 5079 2406 5147 γίνεται
2437 5079 2517 5142 είς
2549 5079 2639 5131 16v
2684 5078 2846 5130 καλὸν
2891 5078 3078 5133 τοῦτον
3106 5079 3330 5151 ἔρανονο

1763 5166 1824 5219 16
1854 5165 1962 5235 γάρ
1987 5163 2118 5216 αὑτό
2165 5180 2246 5216 σοι
2295 5162 2551 5216 δύναταιο
2603 5162 2697 5216 καὶ
2750 5163 2907 5233 δῆλον
2953 5163 3184 5221 ἐκεῖθεν.
3239 5165 3332 5237 Μὴ

1764 5248 1903 5302 ἔστω
1929 5246 2152 5302 ἔλαττόν
2183 5264 2236 5300 τι
2276 5247 2369 5299 καὶ
2401 5245 2586 5316 μεῖζον
2633 5246 2812 5316 μέλος,
2863 5247 2998 5318 μηδέ
3028 5248 3207 5318 τίμιον
3236 5249 3331 5302 καὶ

1764 5333 2108 5404 ἀτιμότερον,
2156 5331 2270 5385 ἀλλ’
2313 5331 2450 5384 ἔστω
2500 5332 2676 5386 πάντα
2726 5331 3026 5402 ὀφθαλμὸς,
3072 5332 3105 5404 ἦ
3152 5333 3326 5387 πάντα

1765 5416 1996 5487 κεφαλήο
2039 5416 2138 5468 ούκ
2177 5416 2459 5468 ἀπολεῖται
2487 5416 2546 5469 τὸ
2577 5415 2771 5487 σῶμα;
2814 5417 2984 5469 Παντί
3016 5433 3120 5469 που
3147 5415 3324 5488 δῆλον.

1825 5631 1851 5659 ⁸
1875 5599 1956 5678 8'16
1979 5631 2102 5690 legit
2128 5627 2376 5689 interpres
2397 5634 2559 5685 vetus,
2581 5633 2632 5676 el
2659 5630 2730 5676 sic
2768 5628 2913 5680 habet
2939 5629 3092 5680 Savﬂ.
3114 5627 3165 5679 in
3199 5639 3330 5679 πιπ-
3417 5674 3426 5688 ,

1764 5691 1901 5756 giuc,
1934 5693 2112 5742 melius
2133 5704 2277 5753 quam
2307 5690 2454 5751 Edili,
2475 5692 2534 5739 τὰ
2553 5691 2672 5739 αύτὰ
2689 5691 2863 5741 πονεῖν.
