3826 6216
416 226 516 288 261

417 345 584 401 ῐῐάλιν
621 341 689 398 ἂν
711 341 890 396 πάντα
934 339 1193 395 ἐλάττονα
1222 333 1280 412 ᾖ,
1319 335 1380 388 τὸ
1426 330 1557 387 αὐτὸ
1605 327 1981 400 συμϐήσεται-

412 434 555 487 ῶστε
595 433 692 486 καὶ
719 429 895 502 ταύτῃ
931 429 1144 481 ίσοῦται
1177 425 1246 479 τά
1273 425 1502 478 ἐλάττω.
1527 420 1590 473 El
1619 417 1674 470 δὲ
1703 416 1784 470 δεῖ
1817 433 1868 468 τι
1892 415 1998 502 *καὶ

413 525 577 580 πλέον
641 525 838 587 εἰπεῖν,
869 500 985 575 Ἥῖνα
1053 518 1190 590 μένῃ
1255 515 1441 586 σῶμα,
1505 512 1742 566 ἐλάττων
1793 500 1941 561 ἐστὶν
1975 507 2001 560 6

416 617 655 670 ἐλάττων
679 637 698 657 ο
737 614 877 668 ὥστε
926 610 1014 664 διά
1043 610 1102 664 σέ
1143 611 1292 662 ἐστιν
1331 606 1590 668 ἐλάττων,
1617 605 1701 657 ἵνα
1733 603 1796 654 σὺ
1833 601 2001 673 μένῃς

419 707 597 777 μέγας
647 704 740 759 ῶν.
775 703 876 757 Διά
908 701 1065 756 τοῦτο
1109 701 1205 754 καὶ
1255 699 1354 770 τὴν
1389 697 1562 768 αὐτὴν
1596 696 1820 750 άπαιτεί
1849 691 2002 762 παρά

415 795 634 848 πάντων
682 791 971 862 πρόνοιαν·
1023 788 1123 843 καὶ
1153 785 1345 850 εἰπὼν,
1373 785 1508 840 Ἵνα
1551 783 1618 837 τὸ
1661 781 1806 836 αὐτὸ
1845 777 2001 846 ὑπὲρ

416 882 712 950 ἀλλήλων
755 878 1087 951 μεριμνῶσι
1129 878 1202 932 τὰ
1243 875 1432 946 μέλη,
1461 867 1758 946 ἐρμηνεύει
1785 871 1848 924 τὸ
1869 869 2002 923 αὐτὸ

414 973 576 1026 τοῦτο
631 971 816 1032 πάλιν,
879 969 1095 1038 λέγων·
1162 966 1274 1022 Καὶ
1318 965 1438 1018 εἴτε
1491 961 1716 1030 πάσχει
1776 957 1846 1012 ἓν
1898 955 2002 1027 μέ-

414 1065 548 1128 λος,
580 1059 932 1128 συμπάσχει
985 1057 1181 1110 πάντα
1228 1055 1301 1109 τὰ
1332 1054 1516 1122 μέλη’
1553 1052 1672 1104 εἴτε
1697 1046 2002 1114 δοξάζεται

415 1153 486 1208 ἒν
537 1152 745 1220 μέλος,
788 1150 1104 1218 συγ-χαίρει
1160 1147 1357 1200 πάντα
1411 1144 1483 1198 τὰ
1516 1142 1697 1210 μέλη.
1743 1141 1842 1194 Διά
1891 1141 2001 1212 γὰρ

413 1239 594 1307 τοῦτο,
628 1241 783 1313 φησὶ,
825 1243 920 1294 καὶ
961 1243 1058 1311 τὴν
1089 1240 1343 1312 πρόνοιαν
1386 1237 1571 1308 κοινὴν
1622 1235 1895 1306 ἐποίησεν,
1941 1236 2000 1286 ἐν

413 1334 651 1406 τοσαύτῃ
704 1332 855 1405 [282]
913 1332 1144 1401 διαφορᾷ
1189 1328 1607 1392 κατασκευάσας
1653 1327 1865 1392 ἕνωσιν,
1913 1326 1999 1379 ἵνα

413 1427 512 1480 καὶ
535 1426 644 1479 τῶν
668 1423 1071 1480 ἀποϐαινόντων
1101 1420 1268 1490 πολλὴ
1295 1421 1328 1492 ή
1357 1419 1609 1473 κοινωνία
1733 1418 1794 1472 Et
1831 1418 1938 1490 γὰρ
1966 1419 1998 1490 ὴ

413 1518 508 1572 τοῦ
560 1517 788 1584 πλησίον
846 1514 1074 1586 πρόνοια
1126 1511 1368 1583 σωτηρία
1413 1511 1566 1581 κοινή
1593 1513 1759 1577 ἐστιν,
1786 1511 1998 1582 ἀνάγκη

414 1611 510 1666 καὶ
548 1612 646 1681 τὴν
687 1608 842 1674 δόξαν
886 1608 978 1661 καί
1023 1604 1121 1678 τὴν
1168 1603 1406 1676 ἀθυμίαν
1452 1599 1592 1658 εἶναι
1627 1604 1828 1671 κοινήν.
1862 1596 2001 1672 Τρία

412 1703 592 1757 τοίνυν
619 1701 854 1756 ἐνταῦθα
887 1699 1142 1753 ἀπαιτεῖ·
1183 1697 1243 1749 τὸ
1272 1696 1345 1767 μὴ
1391 1693 1690 1766 σχίζεσθαι,
1715 1694 1829 1747 ἀλλ’
1859 1693 1999 1767 ἡνῶ-

414 1795 535 1849 σθαι
571 1795 705 1866 μετά
731 1793 1037 1863 ἀκριϐείας,
1065 1792 1126 1845 τὺ
1160 1791 1407 1862 προνοεῖν
1426 1788 1624 1859 ὁμοίιος
1643 1787 1907 1858 ἀλλήλων,
1936 1788 1998 1841 τὸ

409 1885 569 1941 κοινά
597 1885 666 1939 τά
703 1885 1075 1955 συμϐαίνοντα
1123 1879 1396 1950 ἡγεῖσθαι.
1442 1879 1554 1933 Καὶ
1603 1879 1860 1949 ἀνωτέρω
1900 1879 2000 1950 μέν

413 1995 599 2049 φησιν,
629 1977 710 2030 ὅτι
749 1975 1140 2046 περισσοτέραν
1171 1974 1337 2027 ἔδωκε
1377 1972 1544 2043 τιμὴν
1570 1969 1648 2042 τῷ
1686 1972 2000 2043 ὑστεροῦντι

411 2067 501 2124 διὰ
513 2069 576 2122 τὸ
591 2068 820 2129 δεῖσθαι,
837 2065 1050 2129 δεικνὺς
1075 2066 1154 2119 ὃτι
1173 2064 1304 2119 αὐτὸ
1317 2063 1378 2117 τὸ
1393 2063 1737 2135 ἡλαττῶσθαι
1758 2064 1999 2134 μείζονος

412 2159 580 2229 τιμῆς
607 2157 865 2228 πρόξενον
893 2157 1133 2226 γέγονεν’
1165 2154 1398 2208 ἐνταῦθα
1425 2153 1481 2207 δὲ
1499 2155 1591 2207 καὶ
1618 2155 1758 2208 κατά
1780 2154 1872 2209 τὸν
1901 2155 2001 2224 τῆς

413 2249 672 2320 προνοίας
702 2250 870 2315 ἐξισοῖ
899 2247 1056 2315 λόγον
1087 2245 1224 2300 αύτά
1262 2243 1364 2316 τῆς
1391 2241 1480 2299 ὐπ’
1510 2245 1757 2316 ἀλλήλων
1779 2246 1999 2316 γινομέ-

413 2359 531 2414 νης.
568 2341 668 2396 Διά
698 2341 808 2412 γὰρ
830 2341 986 2394 τοῦτο
1007 2339 1101 2394 καὶ
1128 2337 1371 2409 μείζονος
1398 2337 1655 2410 ἐποίησεν
1693 2339 1998 2392 ἀπολαῦσαι

410 2433 602 2504 ⁶τιμῆς,
647 2434 833 2503 φησὶν,
884 2431 970 2485 ἵνα
1005 2432 1080 2502 μὴ
1112 2430 1393 2494 ἐλάττονος
1424 2430 1672 2504 ἀπολαύῃ
1721 2432 1995 2502 προνοίας.

415 2526 532 2580 Οὐκ
555 2525 806 2579 ἐντεῦθεν
831 2524 888 2578 δὲ
922 2524 1103 2591 μόνον,
1139 2521 1275 2576 ἀλλά
1309 2523 1402 2575 καὶ
1440 2521 1504 2575 ἐκ
1533 2523 1639 2576 τῶν
1672 2524 1998 2593 συμϐαινόν-

412 2634 523 2672 των
556 2616 809 2689 χρηστῶν
840 2618 935 2669 καὶ
980 2613 1239 2687 λυπηρῶν
1291 2612 1540 2686 ἀλλήλοις
1583 2614 1888 2669 συνδέδεται
1929 2616 1998 2671 τά

419 2706 576 2778 μέλη.
608 2707 717 2759 Καὶ
758 2705 865 2776 γὰρ
908 2708 973 2775 τῇ
1019 2705 1225 2774 πτέρνῃ
1275 2703 1534 2766 πολλάκις
1585 2705 1997 2777 προσπαγείσης

415 2797 678 2868 ἀκάνθης,
703 2796 822 2851 ὅλον
843 2795 904 2849 τὸ
935 2795 1094 2866 σῶμα
1123 2794 1456 2858 αἰσθάνεται,
1486 2795 1579 2848 καὶ
1612 2797 1868 2866 μεριμνᾷ,
1906 2797 1999 2849 καὶ

415 2889 584 2953 νῶτος
612 2889 940 2959 κάμπτεται,
984 2887 1078 2940 καὶ
1117 2886 1330 2957 γαστὴρ
1360 2885 1454 2939 καὶ
1486 2885 1651 2956 μηροὶ
1692 2886 2002 2940 συντέλλον-

412 2977 523 3044 ται,
578 2983 674 3034 καὶ
714 2982 912 3052 χεῖρες,
950 2979 1202 3047 καθάπερ
1240 2979 1529 3050 δορυφόροι
1573 2980 1669 3031 καὶ
1727 2977 1998 3050 ὑπηρέται

414 3072 714 3144 προϊόντες,
766 3070 1048 3124 ἀνέλκουσι
1085 3073 1146 3122 τὺ
1183 3073 1374 3138 παγὲν,
1415 3071 1509 3124 καὶ
1550 3070 1762 3140 κεφαλὴ
1806 3069 2000 3124 ἐπικύ-

414 3182 559 3229 πτει,
592 3165 686 3218 καὶ
714 3163 984 3234 ὀφθαλμοὶ
1029 3162 1166 3234 μετά
1195 3162 1396 3234 πολλῆς
1435 3162 1604 3234 ὀρῶσι
1644 3165 1745 3232 τῆς
1779 3161 2000 3233 φροντί-

413 3257 522 3320 δος.
555 3257 719 3308 Ὥστε
739 3257 788 3308 εἰ
823 3257 914 3308 καὶ
937 3254 1154 3307 ἔλαττον
1185 3254 1296 3324 ἔχει
1331 3253 1408 3324 τῷ
1436 3254 1511 3324 μὴ
1547 3243 1804 3307 δύνασθαι
1839 3253 1998 3308 ἀνελ-

416 3347 528 3401 θεῖν
557 3350 585 3402 ὀ
613 3347 772 3411 ποῦς,
804 3346 938 3400 ἀλλά
960 3345 1038 3416 τῷ
1061 3346 1159 3416 τὴν
1188 3343 1430 3416 κεφαλὴν
1454 3346 1780 3413 καταγαγεῖν
1803 3345 1863 3398 τὸ
1885 3345 1997 3398 ἴσον

416 3437 564 3508 ἔσχε,
598 3439 694 3490 καὶ
730 3437 827 3506 τῆς
864 3426 1032 3507 αὐτῆς
1065 3433 1341 3487 ἀπέλαυσε
1380 3434 1563 3503 τιμῆς,
1612 3433 1705 3487 καὶ
1766 3432 1998 3502 μάλιστα

415 3531 545 3582 ὅταν
594 3528 668 3599 μὴ
721 3529 903 3598 χάριτι
951 3525 1335 3597 καταφέρωσιν
1381 3525 1550 3595 αὐτὴν
1595 3525 1644 3578 οἱ
1679 3524 1857 3591 πόδες,
1883 3524 1997 3580 ἀλλ’

414 3620 627 3691 ὀφειλῇ.
660 3621 824 3673 Ὥστε
855 3620 904 3672 εί
935 3617 1012 3690 τῷ
1041 3617 1346 3689 τιμιωτέρα
1383 3611 1521 3670 εἶναι
1565 3615 1892 3682 πλεονεκτεῖ,
1922 3616 1999 3686 τῷ

415 3709 511 3763 καὶ
533 3708 756 3780 τοιαύτη
789 3703 926 3762 οὖσα
953 3707 1032 3776 τῷ
1063 3706 1304 3761 ἐλάττονι
1332 3707 1431 3780 τὴν
1453 3707 1618 3779 τιμὴν
1645 3706 1876 3775 ὀφείλειν
1905 3709 1999 3762 καὶ

415 3801 518 3873 τὴν
540 3800 888 3872 κηδεμονίαν,
915 3803 1010 3853 καὶ
1042 3799 1122 3872 τῷ
1145 3812 1168 3842 ο
1201 3799 1402 3870 ὁμοίως
1426 3800 1687 3863 ὡσαύτως
1716 3799 2000 3870 συναλγεῖν

423 3893 651 3964 ίσότητα
675 3892 916 3946 δείκνυσι
947 3891 1168 3962 πολλήν.
1196 3893 1262 3946 Τί
1289 3894 1397 3966 γὰρ
1423 3892 1659 3963 πτέρνης
1691 3881 2000 3948 εὐτελέστεά

419 4001 548 4057 ρον;
587 3985 639 4038 τί
676 3984 733 4037 δὲ
775 3985 1016 4055 κεφαλῆς
1062 3983 1416 4056 τιμιώτερον;
1458 3983 1618 4038 ’Λλλά
1656 3984 1816 4039 τοῦτο
1863 3985 1999 4056 πρὸς

417 4077 595 4130 ἐκεῖνο
628 4075 832 4146 βαδίζει
864 4075 925 4128 τὸ
961 4076 1142 4147 μέλος,
1172 4077 1266 4130 καὶ
1285 4077 1462 4131 πάντα
1494 4075 1612 4147 μεθ’
1640 4077 1838 4148 ἐαυτῆς
1865 4094 2000 4146 συγ-

417 4171 574 4222 κινεῖ.
601 4168 769 4223 Πάλιν
802 4167 867 4222 ἂν
901 4167 1168 4239 ὀφθαλμοί
1221 4187 1272 4223 τι
1329 4169 1564 4230 πάθωσι,
1602 4169 1779 4223 πάντα
1821 4169 1995 4238 ἀλγεῖ,

415 4262 511 4316 καὶ
540 4260 720 4315 πάντα
746 4262 804 4313 ἐν
827 4260 1017 4332 ἀργίᾳ,
1050 4260 1147 4313 καὶ
1171 4257 1294 4314 οὔτε
1326 4259 1484 4324 πόδες
1519 4258 1845 4330 βαδίζουσιν,
1873 4259 1997 4314 οὔτε

413 4355 592 4424 χεῖρες
627 4352 971 4423 ἐργάζονται,
998 4350 1122 4405 οὐτε
1155 4350 1368 4424 γαστὴρ
1393 4351 1650 4406 ἀπολαύει
1681 4351 1789 4404 τῶν
1812 4350 1998 4404 εἰωθό-

409 4456 538 4498 των·
577 4443 754 4498 καίτοι
793 4444 854 4496 τὸ
883 4444 1054 4508 πάθος
1077 4434 1184 4496 τῶν
1207 4443 1501 4514 ὀφθαλμῶν
1537 4445 1672 4496 ἐστι.
1707 4441 1774 4495 Τί
1809 4443 1996 4512 τήκεις

409 4539 508 4608 τὴν
531 4537 808 4608 γαστέρας
840 4536 894 4589 τί
918 4536 1170 4608 κατέχεις
1197 4538 1325 4601 τούς
1349 4536 1541 4600 πόδας;
1571 4536 1624 4588 τί
1653 4535 1872 4606 δεσμεῖς
1897 4534 1996 4600 τάς

410 4631 598 4700 χεῖρας
619 4646 633 4692 ς
657 4629 781 4683 Ὀτι
804 4629 1035 4692 ἐκείνοις
1060 4628 1386 4692 συνδέδεται,
1415 4628 1509 4681 καὶ
1535 4628 1787 4699 ἀρρήτως
1811 4627 1871 4679 τὸ
1889 4629 1996 4680 πᾶν

412 4723 613 4792 πάσχει
641 4723 820 4793 σῶμα.
847 4723 908 4776 Et
935 4723 1044 4792 γάρ
1070 4721 1144 4792 μὴ
1169 4721 1531 4790 συνέπασχεν,
1558 4719 1667 4772 οὐδ’
1691 4719 1756 4772 ἂν
1775 4719 1999 4790 ἠνέσχεο

413 4824 474 4866 το
493 4818 766 4869 κοινωνεῖν
795 4815 893 4884 τῆς
924 4813 1199 4886 προνοίας.
1259 4813 1460 4882 Διόπερ
1521 4811 1710 4874 εἰπὼν,
1754 4811 1879 4864 Ἵνα
1927 4811 1995 4864 τὸ

415 4904 562 4958 αὐτὸ
600 4904 751 4972 ὑπὲρ
781 4904 1073 4970 ἀλλήλων
1103 4901 1435 4973 μεριμνῶσι
1474 4904 1546 4956 τὰ
1575 4900 1748 4971 μέλη,
1788 4901 1997 4971 ἐπήγα-

417 5011 530 5066 γεν·
563 4998 699 5050 Εἴτε
736 4998 957 5066 πάσχει
984 4997 1053 5051 ἒν
1071 4996 1280 5066 μέλος,
1312 4995 1662 5064 συμπάσχει
1690 4993 1884 5047 πάντα
1923 4993 1996 5048 τὰ

414 5089 567 5158 μέλη
585 5105 598 5119 ·
629 5088 748 5141 εἴτε
787 5087 1089 5152 δοξάζεται
1117 5088 1186 5141 ἐν
1205 5087 1414 5157 μέλος,
1455 5086 1770 5157 συγχαίρει
1799 5084 1995 5138 πάντα

417 5180 488 5232 τὰ
506 5177 683 5247 μέλη.
716 5179 829 5232 Καὶ
874 5179 990 5241 πῶς
1023 5179 1327 5251 συγχαίρει,
1355 5177 1489 5250 φησί
1513 5195 1527 5244 ;
1557 5176 1921 5247 Στεφανοῦται
1959 5179 1992 5248 ή

417 5270 651 5340 κεφαλὴ,
679 5270 773 5323 καὶ
822 5269 968 5332 ἅπας
1010 5271 1038 5322 6
1086 5270 1370 5342 ἄνθρωπος
1411 5268 1711 5336 δοξάζεται’
1751 5269 1901 5337 λέγει
1934 5269 1993 5322 τὸ

418 5360 616 5430 στόμα,
647 5362 740 5413 καὶ
766 5360 997 5427 γελῶσιν
1017 5359 1286 5430 ὀφθαλμοὶ
1323 5360 1418 5414 καὶ
1446 5361 1847 5431 εὐφραίνονται’
1875 5361 1993 5414 καί-

415 5469 498 5504 τοι
531 5451 590 5504 06
638 5449 732 5502 τοῦ
772 5451 1005 5514 κάλλους
1029 5451 1136 5502 τῶν
1167 5451 1480 5520 ὀφθαλμῶν,
1515 5453 1651 5506 ἀλλά
1685 5454 1786 5522 τῆς
1822 5453 1993 5522 γλώτ-

413 5551 515 5611 ¹της
541 5542 574 5611 ἠ
603 5539 973 5612 εὐδοκίμησις.
1004 5539 1172 5593 Πάλιν
1198 5540 1488 5610 ὀφθαλμῶν
1525 5542 1703 5598 καλῶν
1733 5545 1990 5616 φαινομέ-

474 5735 506 5768 ⁸
533 5735 791 5801 legebatur
809 5738 891 5786 καὶ
914 5738 986 5788 τό.

1185 219 1244 274 S.
1281 211 1569 274 JOANNIS
1607 201 2100 266 CHRYSUS'IUMI
2138 204 2457 261 ARCHIEP.
2499 204 3050 266 CONSTANI'INOP.

3583 210 3692 266 261

2095 340 2222 390 νων,
2259 326 2292 394 ἡ
2328 324 2476 378 πᾶσα
2491 323 2628 395 γυνὴ
2665 324 3082 390 καλλωπίζεται·
3113 322 3302 392 ῶσπερ
3323 319 3422 377 οὖν
3454 324 3554 377 καὶ
3599 319 3688 377 οὐ-

2103 429 2208 478 τοι,
2241 414 2337 467 καὶ
2363 414 2508 486 ρινδς
2541 413 2756 478 εὐθείας
2788 416 2882 469 καὶ
2912 415 3139 484 αὐχένος
3167 413 3331 483 ὀρθοῦ
3364 415 3462 468 καὶ
3492 416 3694 485 ἐτέρωι

2106 503 2282 576 μελῶν
2311 503 2831 575 ἐγκωμιαζομένων,
2863 504 3131 575 γεγήθασι
3154 505 3247 556 καὶ
3279 504 3503 575 φαιδροὶ
3523 505 3696 573 γίνον-

2100 613 2211 661 ται,
2245 596 2341 650 καὶ
2373 596 2669 666 δακρύουσι
2694 597 2855 650 πάλιν
2885 595 3025 668 μετά
3050 595 3252 666 πολλῆς
3280 595 3384 665 τῆς
3413 596 3695 667 δαψιλείας

2102 688 2160 740 ἐν
2182 690 2300 752 ταῖς
2326 688 2540 752 ὀδύναις
2562 689 2742 742 αὐτῶν
2778 689 2876 743 καὶ
2901 692 3024 753 ταῖς
3065 691 3406 761 συμφοραῖς,
3437 690 3544 744 κᾶν
3578 693 3696 745 ἀσι-

2102 781 2211 843 νεῖς
2235 779 2386 832 αὐτοὶ
2407 779 2726 849 διαμένωσι.

2174 959 2328 1032 [285]
2359 960 2594 1016 δ’.Ταῦτ’
2634 958 2728 1018 οὖν
2764 964 3007 1031 ἀπαντες
3027 966 3406 1038 ἐννοήσαντες,
3438 969 3700 1038 μιμησώ.

2103 1051 2243 1121 μεθα
2291 1051 2388 1123 τὴν
2407 1053 2629 1125 ἀγάπην
2659 1055 2768 1110 τῶν
2802 1057 2981 1128 μελῶν
3011 1057 3237 1124 τούτων,
3271 1059 3414 1129 μηδὲ.
3441 1061 3700 1113 τάναντία

2102 1142 2366 1214 ποιῶμεν,
2399 1145 2820 1217 ἐπεμϐαίνοντες
2837 1153 2952 1214 τοῖς
2973 1150 3067 1204 τοῦ
3106 1151 3335 1222 πλησίον
3356 1155 3587 1216 κακοῖς,
3615 1160 3704 1208 καὶ

2102 1232 2420 1300 φθονοῦντες
2438 1238 2552 1298 τοῖς
2569 1236 2663 1288 τοῦ
2688 1237 2918 1307 πλησίον
2937 1239 3181 1307 ἀγαθοῖςο
3214 1241 3578 1310 μαινομένων
3599 1246 3667 1309 γὶ
3676 1259 3704 1311 ρ

2100 1324 2256 1378 τοῦτο
2288 1327 2382 1379 καὶ
2414 1327 2804 1399 ἐξεστηκότων.
2837 1332 2949 1384 Καὶ
2975 1332 3084 1402 γὰρ
3111 1334 3140 1384 6
3161 1331 3251 1385 τὸν
3282 1331 3585 1403 ὀφθαλμὸν
3623 1333 3704 1397 ἐξ·

2100 1417 2362 1488 ορύττων,
2402 1421 2830 1492 παραφροσύνης
2871 1421 3127 1492 μέγιστον
3169 1423 3367 1493 δεῖγμα
3409 1424 3704 1494 ἐξήνπο

2101 1509 2194 1562 καί⁸
2221 1511 2250 1561 6
2274 1508 2371 1581 τὴν
2393 1511 2550 1580 χεῖρα
2580 1511 2902 1579 κατεσθίων,
2926 1513 3188 1587 λαμπρᾶς
3221 1519 3429 1586 μανίας
3462 1519 3706 1589 παρέχε-

2099 1614 2190 1650 ται
2218 1596 2460 1668 ἔλεγχον.
2492 1599 2555 1651 Et
2583 1599 2640 1651 δὲ
2669 1599 2890 1654 ἐπὶτῶν
2923 1601 3101 1671 μελῶν
3126 1603 3306 1664 τοῦτο,
3338 1607 3442 1658 καὶ
3471 1607 3571 1659 ἐπὶ
3606 1609 3709 1660 τῶν

2099 1688 2345 1760 ἀδελφῶν
2372 1690 2573 1760 ὁμοίως
2596 1691 2884 1759 γινόμενον
2914 1696 3346 1766 παραφροσύνης
3379 1699 3708 1770 περιτίθησι

2099 1779 2276 1844 δόξαν,
2309 1781 2401 1836 καὶ
2433 1781 2637 1854 βλάϐην
2664 1783 2724 1834 οὐ
2749 1783 2846 1854 τήν
2874 1784 3144 1855 τυχοῦσαν
3171 1789 3394 1857 ἐπάγει.
3428 1791 3592 1854 Ἕως
3616 1794 3708 1861 μὲν

2099 1872 2208 1941 γάρ
2242 1873 2306 1926 ἂν
2339 1875 2544 1938 ἐκεῖνος
2572 1874 2786 1948 λάμπῃ,
2819 1877 2916 1929 καὶ
2946 1880 2978 1948 ή
3013 1877 3079 1949 σὴ
3114 1880 3396 1951 εὐμορφία
3443 1883 3709 1951 φαίνεται

2098 1965 2194 2018 καὶ
2219 1965 2339 2018 ὅλον
2372 1965 2775 2032 καλλωπίζεται
2794 1969 2854 2022 τὸ
2881 1970 3059 2040 σῶμα·
3097 1972 3218 2025 οὐδὲ
3239 1973 3352 2044 γάρ
3381 1976 3474 2038 είς
3510 1977 3709 2029 tanta

2102 2060 2263 2130 μόνον
2293 2058 2354 2112 τὸ
2381 2059 2577 2125 κάλλος
2599 2061 2966 2133 περιίστησιν,
2999 2063 3136 2117 ἀλλά
3162 2066 3256 2117 καὶ
3285 2067 3373 2119 σοὶ
3398 2065 3604 2120 δίδωσι
3629 2084 3709 2121 σε·

2102 2150 2415 2221 μνύνεσθαιο
2445 2150 2511 2205 ἂν
2544 2151 2602 2204 δὲ
2632 2152 2978 2225 κατασϐέσῃς
3007 2153 3188 2219 αὐτὸν,
3227 2155 3337 2226 ὅλῳ
3364 2157 3455 2227 τῷ
3486 2157 3708 2227 σώματι

2098 2243 2276 2296 κοινὸν
2299 2243 2359 2297 τὸ
2383 2243 2574 2307 σκότος
2604 2244 2866 2315 εἰργάσω,
2903 2246 2997 2297 καί⁵
3039 2247 3173 2298 πᾶσι
3207 2250 3323 2310 τοῖς
3356 2249 3569 2318 μέλεσι
3612 2253 3710 2319 τὴν

2101 2334 2388 2404 συμφορὰν
2410 2335 2712 2405 ἐπήγαγες·
2760 2333 2955 2405 ὥσπερ
2988 2331 3082 2388 οὖν
3119 2337 3216 2390 ἐὰν
3239 2337 3518 2411 διατηρῇς
3571 2340 3710 2409 λάξι-

2098 2443 2288 2488 ποντα,
2311 2425 2590 2498 ὁλοκλήρῳ
2615 2425 2696 2497 τῷ
2716 2426 2928 2498 σώματι
2959 2427 3056 2498 τὴν
3078 2427 3227 2500 ὥραν
3249 2430 3579 2502 διατηρεῖς.
3605 2436 3708 2486 0i.-

2097 2517 2206 2582 δεὶς
2241 2519 2348 2590 γάρ
2386 2535 2569 2588 φησιν,
2601 2519 2682 2573 ὅτι
2716 2519 2893 2583 Καλὸς
2920 2521 2948 2574 ὀ
2976 2521 3270 2592 ὀφθαλμὸς,
3304 2523 3452 2576 ἀλλὰ
3475 2524 3531 2576 τί
3559 2544 3578 2592 ;
3607 2527 3714 2579 Κα-

2097 2607 2162 2680 λὴ
2199 2611 2232 2680 ὴ
2265 2610 2430 2665 δεῖνα·
2461 2611 2526 2666 ἂν
2555 2613 2612 2665 δὲ
2648 2613 2739 2666 καὶ
2774 2612 2935 2678 αὐτὸς
2969 2614 3277 2685 ἐπαινῆται,
3311 2615 3460 2685 μετὰ
3494 2617 3567 2670 τὸ
3594 2635 3709 2669 κοι-

2097 2702 2187 2756 νὸν
2216 2703 2488 2774 ἐγκώμιον
2519 2707 2838 2758 ἐπαινεῖται.
2871 2705 3026 2759 Οῦτω
3059 2705 3156 2759 καὶ
3182 2708 3242 2760 ἐν
3268 2710 3340 2778 τῇ
3388 2708 3714 2782 Ἐκκλησία

2100 2793 2406 2862 συμϐαίνεν
2453 2795 2520 2850 ἂν
2561 2797 2670 2867 γάρ
2717 2790 2819 2850 ῶσί
2857 2815 3007 2862 τινες
3055 2801 3104 2853 οί
3150 2800 3624 2873 εὐδοκιμοῦντες,
3655 2807 3712 2856 τε

2096 2885 2274 2940 κοινὸν
2299 2886 2603 2958 καρποῦται
2636 2887 2735 2959 τὴν
2758 2889 3055 2960 εὐφημίαν.
3083 2890 3148 2943 Οἱ
3175 2892 3284 2962 γάρ
3318 2893 3521 2963 ἐχθροὶ
3543 2897 3620 2948 οὐ
3646 2896 3715 2949 δι-

2096 2973 2314 3059 αιροῦσι
2344 2976 2416 3030 τὰ
2439 2976 2710 3049 ἐγκώμια,
2739 2979 2878 3033 ἀλλά
2915 2982 3265 3036 συνάπτουσι.
3299 2984 3430 3037 Κᾶν
3533 3003 3630 3051 τις
3656 2991 3712 3041 ἐν

2095 3057 2175 3130 τῷ
2211 3059 2389 3128 λέγειν
2416 3060 2669 3133 λάμπων,
2707 3063 2808 3116 οὐκ
2835 3064 2997 3118 αὐτὸν
3042 3057 3500 3136 ἐγκωμιάζουσιν
3520 3072 3712 3142 μόνον,

2097 3149 2234 3205 ἀλλά
2280 3153 2377 3207 καί⁵
2424 3153 2524 3224 τὴν
2556 3153 2882 3226 Ἐκκλησίαν
2917 3157 3158 3212 ἃπασαν.
3193 3159 3334 3214 Οὐδὲ
3376 3162 3507 3234 γάρ
3543 3183 3714 3234 φασιν

2096 3242 2177 3297 ὅτι
2221 3242 2532 3315 θαυμαστὸς
2578 3246 2608 3298 ὀ
2655 3245 2800 3301 δεῖνα
2836 3248 3018 3318 μόνον,
3047 3250 3183 3304 ἀλλά
3227 3252 3318 3318 τί;
3372 3252 3715 3326 θαυμαστὸν

2097 3334 2279 3405 έχουσι
2334 3337 2656 3392 διδάσκαλον
2713 3341 2763 3391 οί
2832 3341 3179 3411 Χριστιανοί·
3240 3345 3339 3398 καὶ
3392 3349 3598 3402 κοινδν
3657 3353 3715 3403 1:6

2097 3427 2281 3497 κτῆμα
2328 3428 2592 3483 ποιοῦσιν.
2649 3427 2783 3485 Εἶτα
2841 3433 3101 3502 Ἕλληνες
3167 3435 3267 3507 μὲν
3323 3439 3710 3506 συνάπτουσι,

2099 3521 2163 3572 σὺ
2222 3519 2279 3572 δὲ
2328 3520 2575 3592 διαιρετς,
2612 3523 2708 3576 καὶ
2765 3524 3024 3598 πολεμεῖς
3079 3527 3157 3598 τῷ
3211 3530 3420 3583 σαυτοῦ
3486 3532 3713 3604 σώματι

2097 3613 2192 3666 καὶ
2229 3612 2368 3667 κατὰ
2415 3615 2526 3667 τῶν
2575 3616 2791 3671 οίκείων
2837 3619 3056 3673 ῖστασαι
3101 3620 3310 3692 μελῶν;
3353 3624 3485 3678 Οὐκ
3525 3622 3711 3693 οἶσθα,

2097 3705 2179 3758 ὅτι
2236 3703 2395 3760 τοῦτο
2451 3708 2628 3763 πάντα
2677 3711 3002 3783 ἀνατρέπει;
3057 3716 3152 3768 καὶ
3206 3715 3317 3785 γὰρ
3359 3718 3464 3771 καὶ
3524 3722 3715 3774 Bac»

2097 3799 2254 3866 λεία,
2287 3802 2472 3873 φησὶν,
2503 3800 2598 3873 ἐφ’
2635 3803 2863 3874 ἑαυτὴν
2885 3807 3242 3876 μερισθεῖσα
3273 3811 3349 3865 οὐ
3383 3813 3714 3880 σταθήσε·

2097 3908 2188 3946 ται
2197 3932 2211 3947 ο

2167 4076 2333 4130 Οὐδὲν
2374 4076 2432 4130 δὲ
2460 4075 2606 4130 οὕτω
2634 4077 2846 4149 μερίζει
2890 4079 2986 4132 καὶ
3023 4079 3312 4152 διίστησιν,
3350 4083 3430 4148 ὡς
3506 4087 3710 4157 φθόνος

2099 4167 2190 4220 καὶ
2219 4166 2506 4236 βασκανία,
2537 4166 2599 4220 τὸ
2621 4166 2858 4236 χαλεπὸν
2896 4167 3055 4224 τοῦτο
3081 4171 3315 4241 νόσημα,
3361 4176 3467 4228 καὶ
3517 4180 3714 4250 πάσης

2096 4259 2541 4331 ἀπεστερημένον
2577 4258 2929 4332 συγγνώμης,
2965 4261 3060 4314 καὶ
3105 4261 3207 4332 τῆς
3245 4265 3357 4318 τῶν
3385 4271 3602 4324 κακῶν
3635 4274 3712 4344 pi.

2098 4351 2198 4424 ζης
2225 4353 2368 4410 κατά
2403 4369 2455 4405 τι
2495 4351 2896 4424 χαλεπώτερον.
2951 4353 3010 4407 '0
3060 4353 3158 4426 μὲν
3193 4357 3300 4428 γὰρ
3342 4360 3708 4438 φιλάργυρης

2096 4446 2218 4498 τότε
2258 4444 2466 4516 ἣδεται,
2509 4445 2640 4498 ὅταν
2665 4444 2828 4508 αὐτὸς
2863 4443 3036 4518 λάϐῃ*
3075 4447 3105 4498 ὀ
3145 4447 3202 4500 δὲ
3248 4447 3541 4519 βάσκανος
3581 4461 3704 4510 τότε

2095 4537 2302 4610 ἥδεται,
2326 4537 2453 4590 ὅταν
2491 4537 2676 4608 ἕτερος
2711 4538 2786 4608 μὴ
2816 4536 2978 4610 λάϐῃ,
3009 4541 3106 4612 οὐχ
3140 4541 3268 4594 ὃταν
3292 4544 3468 4608 αὐτὸς
3511 4547 3660 4620 λάϐῃ
3688 4566 3702 4577 ·

2094 4629 2416 4701 εὐεργεσίαν
2457 4628 2564 4700 γὰρ
2603 4629 2814 4682 οἰκείαν
2859 4632 3072 4701 νομίζει
3119 4632 3216 4704 τὴν
3261 4635 3474 4706 ἐτέρων
3524 4658 3704 4693 taxan-

2095 4721 2355 4794 πραγίαν,
2383 4721 2442 4774 οὐ
2467 4721 2566 4792 τὴν
2598 4721 2805 4775 οίκείαν
2826 4723 3149 4794 εὐημερίαν,
3178 4729 3353 4790 κοινός
3371 4743 3466 4792 τις
3495 4731 3701 4803 £1696;

2091 4816 2192 4886 τῆς
2227 4814 2333 4868 τῶν
2376 4813 2678 4885 ἀνθρώπων
2727 4816 3152 4886 περιερχόμενος
3188 4818 3427 4886 φύσεως,
3474 4827 3585 4877 καὶ
3634 4833 3702 4880 τα

2091 4905 2185 4958 τοῦ
2215 4905 2454 4977 Χριστοῦ
2482 4905 2618 4977 μέλη
2641 4906 2886 4971 τύπτων,
2915 4900 2978 4960 οὗ
3026 4908 3081 4961 τί
3108 4910 3300 4977 γένοιτ’
3333 4911 3400 4966 ἂν
3429 4919 3698 4984 μανικώ-

2091 5017 2280 5070 τερον;
2323 5000 2382 5052 ’0
2407 4998 2618 5069 δαίμων
2654 4999 2842 5069 φθονεῖ
2867 5001 2990 5072 μὲν,
3033 5001 3152 5054 ἀλλ’
3183 5003 3532 5074 ἀνθρώποις,
3570 5011 3696 5063 δαί-

2095 5109 2215 5160 μονι
2267 5091 2322 5144 δέ
2366 5091 2539 5144 οὐδενί
2560 5110 2574 5126 ο
2637 5093 2701 5146 σὺ
2746 5092 2806 5146 δὲ
2858 5093 3144 5165 ἄνθρωπος
3207 5093 3306 5159 ῶν,
3363 5097 3695 5170 ἀνθρώποις

2093 5181 2328 5251 φθονεῖς,
2353 5183 2446 5235 καὶ
2475 5183 2613 5254 πρὸς
2636 5183 2698 5236 τὸ
2727 5184 3000 5254 ὁμόφυλον
3026 5185 3243 5239 ῖστασαι
3269 5189 3363 5241 καὶ
3385 5187 3692 5260 ὁμογενὲςν

2090 5274 2226 5345 ὅπερ
2264 5273 2384 5327 οὐδὲ
2412 5276 2441 5328 6
2469 5273 2678 5344 δαίμων
2701 5278 2865 5331 ποιεῖ.
2899 5276 3009 5329 Καὶ
3038 5279 3198 5342 ποίας
3229 5277 3393 5351 τεύξῃ
3420 5287 3690 5352 συγγνώ-

2093 5380 2220 5434 μης.
2256 5362 2413 5426 ποίας
2441 5362 2497 5414 δὲ
2525 5363 2840 5432 ἀπολογίας,
2883 5365 3010 5418 ὅταν
3045 5366 3162 5439 ἴδῃς
3203 5367 3428 5435 ἀδελφὺν
3469 5373 3688 5443 εὐημε-

2094 5455 2288 5526 ροῦντα
2315 5455 2535 5527 τρέμων
2565 5453 2660 5508 καὶ
2703 5455 2942 5527 ὠχριῶν,
2984 5456 3383 5525 στεφανοῦσθαι
3420 5459 3555 5514 δέον
3588 5467 3690 5516 καὶ

2088 5550 2302 5620 χαίρειν
2327 5551 2420 5603 καὶ
2452 5548 2808 5618 ἀγάλλεσθαι;
2835 5551 2897 5602 Et
2919 5549 2975 5603 δὲ
3012 5552 3104 5603 καὶ
3125 5549 3324 5621 ζηλοῦν
3352 5551 3584 5616 ἐθέλεις,
3615 5555 3688 5609 οξ

2088 5641 2312 5696 κωλύωο
2350 5640 2613 5714 ζήλωσον,
2645 5640 2761 5695 ἀλλ’
2792 5643 2880 5695 ἵνα
2909 5641 3029 5696 κατ’
3057 5643 3268 5695 ἐκεῖνον
3288 5643 3420 5714 γένῃ
3451 5645 3555 5697 τὸν
3581 5647 3685 5701 εὖ-

2091 5733 2414 5805 δοκιμοῦντα
2435 5750 2448 5765 ο
2473 5735 2548 5807 μὴ
2571 5736 2657 5790 ἵνα
2682 5735 2842 5792 αὐτὸν
2864 5736 3259 5808 καταϐιϐἀσῃς,
3284 5736 3400 5792 ἀλλ’
3420 5736 3515 5791 ῖνα
3538 5739 3686 5808 πρὶς
