3826 6216
169 224 245 278 ξω
1148 202 1215 257 tu
1253 200 1472 258 EPIST.
1512 199 1533 255 ι
1599 198 1686 255 ,ιιι

1798 198 1883 255 iii.
1922 197 2156 255 HOMIL.
2204 196 2395 254 XXXI.

48 314 79 371 δέ
165 340 283 386 enim
306 331 375 387 tu,
398 313 521 389 quia
545 315 717 388 major
737 330 818 381 es,
845 330 1039 387 corpus
1065 315 1345 372 constituis
1371 331 1384 369 :
1412 314 1482 370 ita
1506 322 1564 370 et
1584 314 1689 376 hic,

48 403 72 459 ’ί
165 416 265 490 quia
284 414 461 470 minor.
492 409 677 480 Itaque
699 410 965 481 pusillitas
992 408 1131 477 ejus,
1162 422 1285 464 cum
1312 422 1505 481 corpus
1531 405 1698 460 nidiﬁ-

48 504 73 543 ει*
165 523 266 563 care
290 509 528 571 oportet,
580 515 674 568 par
692 498 787 553 tibi
818 497 1022 553 honore
1058 497 1118 551 ﬁt
1152 497 1220 551 ad
1259 497 1396 552 hanc
1421 494 1697 566 pulchram

48 607 73 643 ‘.
160 593 529 655 collectionem;
564 590 791 659 idipsum
813 588 954 643 enim
985 596 1162 657 potest
1185 586 1326 657 quod
1354 597 1406 641 tu
1432 604 1446 641 :
1476 586 1528 641 id
1557 583 1699 656 quod

48 690 75 743 g;
161 687 262 744 inde
282 683 436 753 palam
456 690 556 735 est.
572 680 685 734 Non
701 680 866 735 sitve!
886 679 1058 733 minus
1080 678 1166 733 vel
1185 679 1355 748 majus
1375 678 1697 743 membrum,

158 790 242 831 ιιι-ε
266 774 535 827 honestum
568 779 623 825 et
647 770 821 824 minus
863 769 1148 824 honestum
1175 809 1190 833 ,
1217 767 1314 823 sed
1358 768 1467 823 sint
1519 769 1697 825 omnia

158 865 318 919 oculus
339 903 353 925 ,
382 869 471 914 aut
499 860 678 915 omnia
705 866 866 928 caput
893 874 908 911 :
962 873 1142 913 annon
1176 858 1371 927 peribit
1396 872 1594 927 corpus
1635 858 1699 911 il-

48 983 69 1019 :.
152 957 279 1013 lud?
319 953 370 1007 Id
416 952 587 1006 cuivis
636 948 975 1005 manifestum
1033 958 1135 1003 est.
1190 948 1399 1004 Rursus
1428 948 1474 1002 si
1519 949 1698 1003 omnia

48 1062 71 1109 ἡ»
153 1054 245 1107 sint
264 1048 475 1110 minora,
495 1044 722 1114 idipsum
741 1042 971 1098 eveniet.
995 1042 1175 1111 Itaque
1202 1042 1253 1096 in
1278 1040 1380 1096 hoc
1404 1042 1563 1095 etiam
1587 1042 1693 1095 mi-

50 1174 67 1205 ε
151 1156 263 1195 nora
289 1145 407 1192 sunt
434 1135 679 1205 mqualia.
707 1134 761 1189 Si
792 1147 918 1188 vero
940 1142 1185 1202 oporteat
1211 1132 1337 1203 quid
1358 1132 1588 1202 amplius
1612 1131 1696 1185 di-

48 1262 65 1293 ςς
150 1247 273 1295 cere,
297 1237 350 1282 ut
372 1235 583 1282 maneat
611 1240 827 1296 corpus,
857 1225 1033 1279 minor
1056 1233 1143 1281 est
1170 1225 1215 1279 is
1240 1224 1329 1295 qui
1355 1224 1565 1278 minor:
1589 1223 1693 1277 ita-

48 1354 63 1387 ;
146 1337 238 1393 que
266 1328 474 1390 propter
505 1327 555 1372 te
586 1317 760 1372 minor
778 1326 881 1383 est,
902 1328 956 1369 ut
982 1325 1033 1369 tu
1058 1330 1282 1385 magnus
1307 1329 1541 1369 maneas.
1573 1313 1697 1367 Ideo

56 1474 63 1481 η
146 1410 364 1469 eamdem
416 1409 583 1483 exigit
617 1408 685 1463 ab
733 1406 986 1465 omnibus
1033 1405 1536 1476 providentiam;et
1572 1421 1694 1458 cmn

48 1544 62 1571 ς
142 1504 378 1565 dixisset,
433 1499 502 1555 Ut
555 1501 618 1553 de
658 1499 831 1554 eodem
851 1516 943 1569 pro
972 1515 1026 1552 se
1063 1499 1274 1552 invicem
1329 1497 1549 1552 sollicita
1595 1496 1695 1550 sint

48 1632 53 1661 ε
142 1594 361 1660 membra,
389 1592 492 1647 hoc
516 1607 703 1646 rursus
727 1592 1110 1660 interpretatur
1130 1590 1316 1644 dicens
1341 1606 1353 1641 :
1382 1588 1472 1642 26.
1501 1587 1571 1641 Et
1593 1589 1694 1641 sive

48 1724 54 1753 τ
138 1687 246 1759 quid
287 1686 477 1757 patitur
530 1701 684 1737 unum
738 1684 1054 1750 membrum,
1097 1683 1477 1753 compatiuntur
1526 1683 1696 1734 omnia

54 1844 59 1847 Α
137 1778 337 1833 membra
362 1792 381 1830 :
410 1777 515 1830 sive
550 1776 799 1846 gloriatur
827 1792 986 1828 unum
1030 1773 1329 1838 membrum,
1377 1772 1695 1842 congaudent

50 1914 53 1937 ρ
132 1869 289 1923 omnia
333 1867 574 1921 membra.
636 1864 762 1920 Ideo
814 1865 995 1930 enim,
1052 1864 1261 1935 inquit,
1308 1864 1691 1933 providentiam

48 2008 49 2011 η
130 1971 457 2013 communem
488 1955 636 2022 fecit,
662 1956 713 2008 in
742 1965 885 2013 tanta
915 1954 1217 2010 differentia
1263 1954 1519 2008 unitatem
1560 1970 1691 2007 eon—

48 2082 51 2123 ς
128 2052 355 2111 stituens,
383 2057 442 2101 ut
464 2063 650 2102 eorum
673 2048 834 2102 etiam
859 2062 980 2117 qua:
997 2048 1315 2117 contingunt
1332 2062 1522 2118 magna
1549 2056 1692 2101 esset

123 2142 441 2201 communio.
467 2141 599 2195 Nam
629 2142 673 2195 si
703 2156 823 2212 qua:
848 2141 1052 2210 geritur
1082 2156 1209 2213 erga
1237 2142 1541 2211 proximum
1573 2156 1690 2209 pro-

120 2236 362 2300 videntia,
393 2234 699 2291 communis
725 2242 807 2289 est
834 2233 1001 2298 salus,
1031 2248 1253 2288 necesse
1278 2242 1362 2288 est
1386 2242 1437 2287 et
1464 2232 1687 2303 gloriam

118 2340 167 2385 et
194 2343 482 2386 maerorem
513 2343 851 2383 communem
874 2342 1017 2382 esse.
1058 2325 1180 2381 Tria
1213 2327 1375 2398 igitur
1396 2327 1483 2382 hic
1502 2326 1683 2397 requi-

120 2422 201 2485 rit,
233 2436 335 2474 non
365 2418 623 2486 discindi,
654 2417 746 2473 sed
775 2426 1025 2473 accurate
1044 2417 1263 2488 junctos
1308 2432 1430 2472 esse
1458 2432 1473 2483 ;
1510 2418 1689 2487 provi-

109 2513 334 2568 dentiam
362 2519 607 2567 mutuam
632 2511 880 2566 similiter
898 2511 1107 2580 geri;ea
1130 2507 1511 2581 quaeaccidunt
1535 2524 1685 2565 com-

113 2604 281 2657 munia
339 2601 608 2673 reputari.
656 2602 723 2656 Et
774 2605 1019 2671 superius
1070 2601 1282 2671 quidem
1336 2600 1494 2669 dicit,
1544 2599 1685 2671 quod

105 2694 557 2749 abundantiorem
609 2692 821 2753 dederit
864 2692 1123 2748 honorem
1153 2694 1202 2747 ei
1248 2693 1331 2747 cui
1375 2693 1567 2758 deest,
1618 2707 1685 2747 eo

105 2783 237 2852 quod
266 2794 424 2856 egeat
449 2801 463 2848 ;
499 2784 809 2849 ostendens,
834 2783 973 2854 quod
1010 2784 1252 2839 defectus
1280 2783 1394 2854 ipse
1424 2784 1685 2854 majoreut

99 2874 348 2929 conciliet
371 2874 673 2928 honorem:
706 2873 794 2928 hic
818 2884 998 2929 autem
1040 2875 1160 2928 illos
1203 2882 1450 2944 exaequat
1493 2889 1685 2929 secun-

100 2966 216 3020 dum
246 2965 390 3037 quod
421 2965 518 3019 alit
538 2965 761 3019 aliorum
792 2974 1031 3019 mutuam
1066 2964 1455 3034 providentiam
1492 2980 1680 3035 gerere

94 3058 305 3113 debent.
358 3056 493 3113 Ideo
538 3072 769 3130 namque
815 3056 1021 3112 curavit
1054 3066 1109 3111 ut
1141 3057 1330 3127 majori
1379 3059 1684 3113 fruerentur

94 3150 314 3216 honore,
366 3150 584 3221 inquit,
631 3160 686 3205 ut
722 3165 790 3205 ne
828 3149 1020 3203 minori
1076 3165 1205 3204 cura
1257 3159 1313 3204 et
1351 3150 1679 3219 providentia

89 3240 351 3296 fruantur.
384 3241 508 3297 Non
535 3240 661 3296 hinc
688 3252 868 3296 autem
896 3242 1093 3308 solum,
1129 3242 1222 3296 sed
1252 3241 1412 3297 etiam
1440 3259 1502 3296 ex
1529 3243 1681 3298 battis

88 3343 138 3387 et
167 3333 422 3390 tristibus
452 3350 579 3405 quae
605 3334 877 3398 accidunt,
924 3335 1164 3390 membra
1208 3335 1546 3403 colligantur.
1581 3336 1678 3390 Et-

84 3427 220 3481 enim
248 3427 456 3498 plantze
488 3427 642 3498 pedis
690 3442 833 3496 Stepe
861 3428 1018 3482 inﬁxa
1044 3428 1216 3499 spina,
1266 3436 1434 3482 totum
1483 3444 1677 3499 corpus

82 3534 239 3573 sensu
256 3529 309 3575 et
326 3518 698 3575 sollicitudine
725 3518 977 3584 afﬁcitur,
1004 3528 1059 3574 et
1080 3518 1299 3574 dorsum
1324 3520 1558 3574 ﬂectitur
1582 3561 1596 3584 ,
1623 3530 1677 3573 et

82 3622 262 3666 venter
278 3621 337 3667 et
357 3610 577 3666 femora
622 3612 1050 3680 comprimuntur
1070 3650 1086 3676 ,
1111 3618 1165 3665 et
1187 3626 1376 3665 manus
1408 3621 1674 3680 tamquam

75 3703 335 3758 satellites
361 3712 423 3757 et
456 3702 695 3757 ministri
746 3703 1115 3771 procedentes,
1166 3702 1310 3772 quod
1340 3703 1560 3758 infixum
1590 3716 1675 3760 est

74 3795 388 3861 extrahunt,
414 3803 477 3850 et
498 3803 663 3864 caput
689 3794 977 3849 inclinatur
1001 3836 1016 3860 ,
1046 3795 1295 3864 oculique
1322 3809 1442 3850 cum
1466 3780 1592 3850 cura
1623 3809 1676 3852 et

69 3888 449 3943 sollicitudine
491 3902 684 3957 magna
739 3887 1055 3957 respiciunt.
1114 3887 1187 3942 Ita
1235 3896 1292 3942 ut
1334 3889 1543 3943 etiamsi
1583 3906 1675 3958 pes

69 3979 242 4031 minus
283 3980 498 4034 habent
519 4021 535 4046 ,
564 3978 709 4049 quod
735 3994 840 4033 non
870 3979 1390 4047 possitascettdere;
1440 3990 1672 4035 attamen

64 4071 201 4139 quod
233 4083 409 4141 caput
444 4071 760 4139 deduxerit,
794 4087 888 4141 par
915 4071 1014 4140 ipsi
1044 4079 1148 4138 est,
1180 4080 1235 4126 et
1264 4071 1452 4127 eodem
1480 4072 1674 4127 fruitur

64 4161 269 4218 honore
304 4180 321 4229 ;
358 4164 613 4218 maxime
633 4177 763 4221 vero
793 4162 933 4232 quod
968 4162 1133 4232 pedes
1179 4162 1448 4217 deducant
1501 4164 1671 4233 ipsum

59 4271 162 4309 non
193 4273 294 4327 per
325 4258 601 4331 gratiam,
625 4254 718 4310 sed
748 4271 841 4325 per
878 4254 1142 4309 debitum.
1187 4255 1393 4325 Itaque,
1438 4256 1484 4310 si
1531 4256 1673 4326 quod

59 4345 388 4402 honoratius
420 4348 497 4401 sit
532 4357 771 4416 superet,
795 4362 862 4402 ex
890 4362 955 4400 eo
981 4344 1122 4417 quod
1142 4346 1247 4400 tale
1275 4362 1395 4401 cum
1420 4347 1509 4415 sit,
1535 4348 1673 4404 infe-

56 4440 180 4492 riori
205 4439 425 4495 debeat
461 4440 729 4494 honorem
749 4446 804 4492 et
825 4436 1271 4503 sollicitudinem,
1303 4447 1357 4492 et
1385 4440 1524 4509 quod
1552 4454 1671 4495 cum

54 4530 167 4601 ipso
190 4530 418 4596 doleat,
458 4530 595 4583 hinc
643 4528 998 4599 aequalitatem
1026 4528 1245 4582 multam
1271 4529 1478 4599 prohat.
1534 4530 1673 4599 Quid

47 4624 192 4676 enim
221 4630 313 4677 est
338 4622 546 4691 planta
581 4620 730 4690 pedis
749 4619 948 4674 vilius?
978 4619 1104 4689 quid
1134 4619 1308 4689 capite
1336 4622 1622 4690 pretiosius
1651 4622 1674 4676 ?

47 4718 151 4774 Sed
180 4720 293 4776 hoc
326 4719 499 4774 vadit
530 4717 596 4771 ad
631 4716 759 4771 illud
816 4716 1118 4771 membrum
1142 4757 1159 4784 ,
1185 4725 1238 4770 et
1268 4717 1445 4771 omnia
1490 4732 1671 4773 secum

47 4823 391 4871 commovet.
445 4813 691 4867 Rursum
722 4811 767 4865 si
798 4808 941 4866 oculi
982 4808 1109 4880 quid
1155 4810 1425 4879 patiantur
1448 4851 1462 4873 ,
1494 4812 1673 4867 omnia

48 4908 251 4975 dolent,
279 4917 341 4962 et
374 4904 577 4960 omnia
611 4905 662 4957 in
694 4904 805 4957 otio
849 4911 973 4959 sunt
1001 4918 1017 4967 ;
1049 4911 1103 4957 et
1139 4917 1313 4973 neque
1346 4902 1508 4974 pedes
1555 4920 1674 4974 gra-

48 5000 289 5067 liuntur,
330 5013 541 5068 neque
569 5011 762 5052 manus
788 5004 1103 5066 operantur,
1135 5012 1307 5066 neque
1336 5006 1524 5052 venter
1548 5000 1677 5051 soli-

48 5095 102 5148 ,is
129 5095 309 5149 rebus
339 5093 566 5148 fruitur
595 5110 608 5145 :
638 5092 782 5162 atqui
807 5091 1088 5147 infirmitas
1110 5101 1193 5146 est
1212 5092 1510 5146 oculorum.
1572 5096 1676 5145 (Zur

47 5195 291 5240 zentrem
326 5181 643 5255 liquefacis
663 5183 799 5238 ?cur
827 5181 989 5252 pedes
1009 5182 1251 5237 retines?
1278 5198 1372 5236 cur
1396 5199 1583 5237 manus
1607 5186 1673 5236 lt-

47 5294 127 5346 ;as
152 5281 177 5332 ?
234 5279 551 5348 Quoniam
604 5276 710 5332 illis
738 5290 799 5333 es
818 5276 1085 5347 alligatus,
1116 5285 1171 5333 et
1212 5276 1468 5333 ineffabili
1514 5280 1673 5333 modo

47 5386 235 5440 mrpus
266 5377 465 5426 totum
494 5368 720 5438 patitur.
768 5367 882 5423 Nisi
921 5367 1062 5423 enim
1107 5377 1521 5440 compateretnr,
1567 5386 1671 5424 non

47 5461 411 5516 sustinuisset
464 5473 601 5515 esse
630 5459 833 5513 socium
876 5474 1020 5514 cura:
1048 5467 1101 5514 et
1130 5461 1500 5530 providentiae.
1549 5460 1672 5515 Ideo

48 5569 155 5607 :um
210 5552 477 5609 dixisset
501 5590 518 5613 ,
581 5548 648 5603 Ut
692 5549 744 5602 in
769 5548 990 5616 idipsum
1020 5566 1110 5620 pro
1135 5566 1189 5605 se
1211 5551 1421 5605 invicem
1453 5552 1670 5605 sollicita

47 5645 128 5698 sint
161 5645 438 5705 membra,
478 5639 799 5707 subjunxit:
829 5640 949 5695 Sirc
974 5644 1163 5712 patitur
1180 5660 1335 5697 unum
1366 5644 1660 5711 membrum,

413 5746 709 5804 PATROL.
759 5743 872 5804 Gn.
926 5745 1084 5805 LXI.

3289 201 3394 259 9.62

1806 312 2182 383 compatiuntur
2222 311 2394 366 omnia
2438 312 2703 368 membra:
2728 315 2830 369 sive
2872 312 3191 386 gloriﬁcatur
3235 334 3394 373 unum

1809 404 2090 456 membrum
2112 442 2128 470 ,
2176 402 2495 472 congaudent
2533 405 2704 458 omnia
2733 407 2975 460 membra.
3009 406 3079 463 Et
3123 409 3394 479 quomodo

1806 493 2166 563 congaudent,
2199 494 2452 564 inquies?
2479 494 2784 552 Coronatur
2826 508 3009 568 caput,
3038 509 3093 556 et
3122 510 3265 556 totus
3296 501 3396 556 ho-

1806 598 1896 637 mo
1949 583 2281 653 glorificatur
2309 603 2321 637 :
2351 602 2675 655 quamquam
2698 603 2759 643 os
2785 588 2935 655 dicit,
2967 599 3023 645 et
3048 591 3225 648 rident
3251 594 3394 648 oculi

1803 684 1860 729 et
1883 674 2166 731 laetantur:
2201 692 2309 732 non
2336 687 2420 733 est
2445 681 2723 736 oculorum
2757 682 3102 754 pulchritudo
3125 726 3141 751 ,
3173 686 3269 743 sed
3292 689 3395 742 litt—

1803 782 1920 836 gum
1949 766 2216 824 facundia.
2252 770 2456 827 ltursus
2481 812 2496 836 ,
2529 772 2575 827 si
2604 774 2809 843 pulchri
2851 786 3153 845 appareant
3199 779 3341 833 oculi
3374 822 3389 841 ,

1804 865 1912 910 tota
1943 858 2134 914 mulier
2160 870 2413 916 ornatur:
2446 864 2586 919 sicut
2611 864 2773 920 etiam
2798 868 2962 932 Oculi,
2995 868 3038 922 si
3075 879 3257 926 rectus
3296 886 3393 925 na-

1802 965 1916 1017 sus,
1945 952 2142 1008 collum
2192 963 2429 1022 rectum,
2453 965 2507 1010 et
2534 955 2635 1011 alia
2676 960 2916 1015 membra
2945 960 3247 1029 laudentur,
3300 963 3392 1017 he-

1805 1050 1982 1097 tantur
2001 1054 2056 1098 et
2081 1059 2191 1114 pra:
2210 1045 2404 1115 gaudio
2424 1048 2699 1117 gestiunt;
2728 1064 2793 1106 ac
2821 1065 3035 1109 rursum
3077 1053 3383 1126 lacryman-

1803 1142 1889 1187 tur
1917 1135 1968 1188 in
2009 1134 2287 1199 doloribus
2308 1146 2363 1192 et
2386 1138 3010 1212 calamitatibuseorum,
3051 1147 3260 1203 etiamsi
3286 1147 3388 1219 ipsi

1802 1227 1952 1282 illaesi
1980 1240 2248 1287 maneant.

1870 1321 1924 1374 4.
1954 1319 2080 1376 Haec
2107 1336 2235 1391 ergo
2260 1338 2449 1380 omnes
2500 1325 2817 1397 cogitantes,
2867 1330 3139 1386 imitemur
3187 1331 3377 1388 horum

1799 1410 2162 1467 membrorum
2193 1412 2555 1481 dilectionem,
2596 1434 2769 1488 neque
2806 1423 3073 1477 contraria
3106 1422 3383 1491 faciamus,

1801 1501 1956 1556 malis
1986 1505 2212 1570 proximi
2244 1506 2589 1575 insultantes,
2617 1520 2672 1566 et
2715 1513 2830 1581 ejus
2857 1514 3011 1570 bonis
3044 1516 3344 1573 invidentes
3369 1534 3384 1570 :

1801 1590 2089 1647 furentium
2118 1596 2261 1651 enim
2290 1596 2395 1653 hoc
2422 1607 2504 1653 est
2528 1608 2583 1655 et
2608 1616 2792 1656 eorum
2820 1604 2906 1675 qui
2934 1606 2985 1660 in
3002 1621 3222 1662 excessu
3247 1624 3390 1663 men—

1802 1684 1869 1738 tis
1890 1687 2252 1743 sunt.Etenim
2273 1690 2363 1759 qui
2392 1690 2579 1746 effodit
2600 1695 2836 1763 oculum,
2862 1700 3155 1753 maximum
3188 1700 3389 1769 profert

1798 1777 2043 1831 amentiae
2069 1778 2278 1847 signum
2310 1797 2323 1833 :
2354 1789 2409 1836 et
2452 1783 2541 1853 qui
2568 1799 2784 1840 manum
2813 1789 3016 1855 exedit,
3071 1802 3272 1861 aperta:
3301 1794 3388 1847 in-

1798 1870 1961 1923 saniae
1987 1882 2357 1940 argumentum
2381 1875 2600 1943 prwbet.
2631 1877 2687 1932 Si
2713 1889 2890 1933 autem
2912 1880 3013 1937 hoc
3036 1882 3085 1936 in
3105 1884 3385 1947 membris.

1799 1957 1849 2011 in
1882 1958 2132 2014 fratribus
2177 1962 2426 2019 similiter
2475 1964 2769 2021 admissum
2822 1969 3142 2036 insipientim
3188 1972 3382 2030 famam

1798 2048 1974 2116 affert,
2005 2060 2059 2105 et
2084 2067 2190 2107 non
2224 2053 2338 2109 leve
2365 2053 2746 2114 detrimentum
2781 2059 3003 2116 inducit.
3032 2062 3164 2119 Nam
3192 2081 3382 2135 quant—

1798 2141 1891 2196 diu
1935 2143 2025 2197 ille
2070 2144 2401 2214 resplendet,
2438 2155 2524 2203 tua
2552 2163 2767 2219 quoque
2813 2149 2985 2213 forma
3030 2166 3274 2224 apparot,
3330 2167 3386 2212 et

1796 2248 1992 2303 corpus
2022 2242 2188 2288 totum
2217 2246 2470 2303 ornatur;
2503 2255 2676 2310 neque
2717 2242 2862 2297 enim
2886 2243 2951 2297 ad
2978 2260 3038 2300 se
3057 2247 3230 2300 solum
3263 2250 3384 2317 pul-

1795 2325 2150 2382 chritudinem
2177 2328 2408 2396 adducit,
2439 2330 2533 2386 sed
2554 2342 2607 2387 et
2639 2333 2730 2389 tibi
2753 2335 3015 2405 gloriandi
3044 2338 3217 2393 locum
3248 2356 3385 2411 pra:-

1798 2417 1887 2472 het
1919 2434 1932 2470 :
1965 2418 2211 2474 siautem
2244 2421 2392 2476 illum
2413 2426 2742 2496 exstinguas,
2772 2429 2866 2482 toti
2901 2431 3114 2500 corpori
3142 2448 3383 2488 commu-

1799 2524 1890 2563 nes
1913 2510 2159 2567 tenebras
2186 2511 2431 2583 efl‘ecisti,
2461 2524 2515 2570 ct
2542 2516 2790 2574 omnibus
2820 2521 3081 2577 membris
3127 2524 3380 2583 induxisti

1794 2598 2181 2669 calamitatem;
2209 2613 2265 2657 ιιι
2285 2620 2349 2657 ex
2372 2606 2663 2674 contrario,
2687 2609 2731 2663 si
2758 2609 3125 2679 splendentem
3154 2630 3376 2672 conser—

1795 2709 1909 2756 ves,
1955 2694 2116 2748 totius
2163 2696 2402 2765 corporis
2434 2696 2657 2755 formam
2705 2716 3014 2759 conservas.
3039 2705 3209 2765 Nemo
3235 2712 3378 2765 enim

1794 2785 1939 2850 dicit,
1970 2785 2198 2842 Pulcher
2221 2796 2303 2845 est
2323 2789 2530 2855 oculus,
2549 2790 2644 2845 sed
2666 2792 2827 2862 quid?
2857 2792 3111 2851 Formosa
3138 2808 3219 2853 est
3242 2801 3329 2859 illa
3361 2841 3375 2854 .

1791 2878 1837 2931 si
1865 2886 2043 2932 autem
2075 2887 2127 2934 et
2159 2879 2272 2950 ipse
2312 2879 2576 2947 laudetur,
2606 2892 2730 2953 post
2766 2900 3051 2947 commune
3074 2894 3376 2953 encomintn

1792 2970 2057 3026 laudatur.
2085 2972 2174 3027 Sic
2194 2978 2249 3027 et
2273 2974 2322 3027 in
2346 2973 2577 3028 Ecclesia
2599 2977 2877 3047 contingit.
2909 2978 2962 3037 Si
2989 2983 3130 3037 enim
3162 2986 3375 3053 quidam

1790 3062 1916 3129 sint,
1949 3063 2039 3131 qui
2070 3063 2204 3117 bona
2236 3062 2373 3121 fama
2417 3064 2704 3133 gaudeant,
2751 3075 2918 3127 totum
2962 3086 3157 3143 corpus
3204 3074 3378 3132 laudis

1790 3151 2020 3208 fructum
2070 3154 2315 3224 percipit.
2360 3154 2562 3210 Inimici
2590 3173 2819 3228 namque
2850 3164 3091 3218 ettcontia
3143 3182 3246 3221 non
3296 3168 3377 3222 di-

1787 3245 2081 3314 stinguunt,
2106 3243 2197 3299 sed
2225 3244 2572 3315 conjungunt.
2599 3247 2661 3301 Et
2679 3248 2723 3303 si
2751 3250 2870 3319 quis
2892 3252 3100 3309 dicendi
3130 3256 3374 3313 facundia

1786 3334 1977 3398 valeat,
2011 3351 2116 3388 non
2146 3335 2292 3389 illum
2335 3336 2509 3390 solum
2555 3340 2816 3393 encomiis
2841 3341 3135 3412 celebrant,
3182 3349 3275 3403 sed
3320 3359 3376 3405 et

1787 3434 1947 3481 totam
1995 3426 2309 3481 Ecclesiam.
2358 3426 2541 3496 Neque
2571 3430 2713 3483 enim
2762 3430 2948 3489 dicunt
2993 3444 3233 3507 tantum,
3279 3440 3376 3497 Ille

1786 3518 2042 3577 mirabilis
2087 3527 2189 3583 est,
2238 3517 2334 3574 sed
2388 3519 2552 3589 quid?
2579 3519 2872 3576 Mirabilent
2913 3524 3187 3583 doctorem
3214 3528 3373 3586 Chri-

1783 3610 1939 3663 stiani
1991 3609 2188 3665 habent
2220 3627 2231 3662 :
2264 3619 2318 3665 et
2354 3625 2693 3666 communem
2722 3610 2922 3671 faciunt
2954 3621 3368 3686 possessionem,

1784 3702 1939 3772 Atqui
1963 3700 2135 3756 (ἓνωοί
2162 3700 2376 3769 quidem
2398 3701 2750 3771 eonjungunt,
2780 3716 2833 3758 tu
2883 3722 3013 3762 vero
3057 3708 3282 3776 dividis,
3316 3723 3372 3768 et

1781 3812 1899 3849 eum
1925 3806 2015 3848 tuo
2037 3807 2263 3863 corpore
2296 3808 2497 3863 pugnas
2525 3793 2734 3864 tuisque
2766 3798 3019 3854 membris
3038 3800 3371 3861 adVersaris?

1782 3884 1984 3951 Nescis,
2014 3886 2117 3940 hoc
2142 3885 2321 3940 omnia
2347 3884 2702 3940 subvertere?
2733 3904 2852 3942 nam
2886 3890 3140 3962 Regnum,
3175 3896 3365 3968 inquit,

1779 3978 1830 4031 in
1859 3978 2077 4049 seipsum
2103 3978 2315 4033 divisum
2342 3994 2443 4031 non
2468 3979 2616 4032 stabit
2643 3978 2662 4053 (
2688 3979 2851 4037 Marc.
2886 3983 2972 4037 η.
3014 3984 3085 4041 25
3110 3985 3147 4053 ).

1855 4070 2005 4126 Nihil
2024 4072 2095 4125 ita
2120 4071 2331 4126 dissidia
2358 4073 2492 4140 parit
2522 4082 2575 4124 ut
2596 4073 2806 4128 invidia.
2826 4076 3048 4132 —Nihi|
3081 4091 3258 4136 autem
3294 4083 3364 4138 ita

1779 4165 1965 4221 dividit
1982 4173 2278 4235 etseparat,
2299 4173 2357 4218 ut
2373 4164 2569 4220 invidia
2589 4166 2807 4229 etliror,
2829 4168 2914 4224 hic
2929 4172 3109 4242 gravis
3127 4178 3366 4240 morbus,

1777 4261 1865 4333 qui
1890 4260 2033 4314 omni
2056 4260 2211 4314 venia
2232 4259 2488 4328 privatur,
2509 4268 2562 4313 et
2585 4259 2843 4327 malorum
2877 4262 3057 4320 radice
3070 4267 3364 4322 secundum

1778 4352 1903 4423 quid
1948 4351 2160 4422 gravior
2202 4360 2304 4405 est.
2346 4350 2555 4404 Avarus
2596 4352 2737 4406 enim
2792 4364 2915 4409 tunc
2962 4355 3193 4421 Iaztatur,
3244 4374 3366 4415 cum

1777 4443 2077 4513 acceperit;
2111 4441 2320 4495 invidus
2350 4456 2477 4495 vero
2519 4452 2644 4497 tunc
2691 4442 2907 4511 gaudet,
2936 4459 3057 4499 cum
3098 4447 3233 4500 alius
3262 4464 3368 4502 non

1778 4535 2061 4605 acceperit,
2094 4550 2197 4588 non
2234 4548 2354 4587 cum
2399 4532 2511 4602 ipse
2535 4534 2801 4602 acceperit
2828 4551 2842 4587 :
2866 4533 3184 4590 beneficium
3227 4554 3372 4594 nam-

1778 4643 1883 4696 que
1910 4642 2063 4682 suum
2086 4634 2235 4695 putat
2270 4624 2497 4677 aliorum
2526 4623 2930 4689 adversitatem,
2962 4642 3067 4680 non
3100 4630 3365 4699 prOpriam

1781 4720 2109 4781 felicitatem,
2165 4717 2466 4771 communis
2494 4717 2756 4787 quispiam
2796 4718 2965 4773 hostis
2997 4719 3240 4774 humatur
3272 4740 3369 4778 na-

1781 4820 1911 4865 tum:
1939 4808 2278 4874 circumiens,
2306 4818 2359 4863 et
2384 4807 2579 4862 Christi
2606 4808 2842 4862 membra
2881 4811 3184 4879 percutiens
3218 4832 3231 4867 :
3266 4832 3372 4884 quo

1780 4907 1904 4974 quid
1953 4905 2199 4960 furiosius
2244 4903 2441 4959 fuerit?
2473 4906 2690 4961 Dtemon
2739 4906 2940 4962 invidet
2983 4910 3223 4979 quidem,
3274 4912 3369 4966 sed

1781 4998 2104 5059 hominibus.
2134 4999 2441 5055 daemonum
2467 5014 2593 5052 vero
2621 4999 2785 5055 nulli:
2818 5010 2872 5055 tu
2910 5018 3038 5058 vero
3069 5004 3230 5060 homo
3249 5022 3368 5059 cum

1780 5095 1873 5156 sis,
1909 5090 2213 5145 hominibus
2241 5091 2467 5153 invides,
2517 5100 2571 5146 et
2600 5091 2861 5149 adversus
2904 5098 3260 5153 contribulem
3319 5107 3374 5154 et

1779 5195 2137 5249 congenerem
2192 5180 2463 5250 insurgis,
2517 5184 2657 5252 quod
2729 5202 2901 5255 neque
2954 5187 3164 5243 daemon
3224 5188 3371 5245 facit.

1782 5271 2015 5342 Ecquam
2082 5274 2482 5327 excusationem
2556 5284 2609 5328 et
2668 5274 3039 5334 defensionem
3109 5279 3371 5337 habebis?

1779 5378 1899 5418 cum
1955 5363 2153 5418 videris
2213 5364 2426 5419 fratrem
2475 5382 2733 5436 prospere
2783 5379 3078 5442 agentem,
3150 5382 3367 5430 contre-

1779 5458 1960 5513 tniscis
1997 5467 2049 5512 et
2082 5458 2268 5526 palles,
2297 5474 2418 5513 cum
2441 5470 2715 5528 oporteret
2737 5470 2787 5517 te
2812 5477 3094 5531 coronare,
3123 5464 3295 5520 hetari
3318 5478 3373 5522 et

1780 5549 2066 5605 exsultare.
2102 5550 2155 5603 Si
2182 5558 2358 5603 autent
2388 5550 2521 5606 velis
2536 5566 2658 5608 eum
2680 5555 2943 5620 mmulari,
2966 5570 3071 5609 non
3100 5554 3369 5624 impedio:

1780 5643 2057 5707 tumulare,
2090 5641 2182 5698 sed
2219 5652 2274 5698 ιιι
2305 5644 2401 5711 illi,
2425 5644 2636 5701 laudem
2663 5647 2762 5703 sibi
2805 5649 3109 5707 concilianti
3133 5689 3148 5714 ,
3178 5649 3369 5704 similis

2952 5750 3024 5807 17
