3826 6216
381 223 486 277 εδδ

376 332 484 398 sis;
542 345 648 384 non
703 337 761 382 ut
808 327 957 381 illum
1004 325 1244 396 dejicias,
1290 324 1384 380 sed
1415 334 1472 378 ιιι
1492 324 1556 378 ad
1589 324 1726 378 idem
1752 322 1962 378 culmen

379 423 680 494 pervenias,
711 427 769 473 ut
791 417 1033 472 eamdem
1074 417 1321 471 virtutem
1346 415 1621 471 exhibeas.
1662 415 1786 469 Haec
1827 413 1962 467 bona

379 526 460 570 est
481 515 771 576 aemulatio,
807 511 1022 577 imitari,
1052 525 1158 564 non
1185 510 1520 578 impugnare,
1553 523 1658 562 non
1690 507 1873 562 dolere
1899 505 1966 560 de

379 610 572 665 alienis
595 609 773 673 bonis,
799 607 894 662 sed
926 603 1160 660 morderi
1187 604 1254 658 de
1278 604 1506 672 propriis
1537 601 1688 655 malis
1718 619 1730 653 :
1764 600 1847 654 cui
1888 600 1964 653 rei

381 701 712 757 contrarium
766 698 890 752 facit
962 695 1199 757 invidia;
1250 709 1375 747 nam
1433 693 1646 762 propria
1695 691 1968 761 negligens

383 793 546 859 mala,
573 792 640 847 de
669 793 856 846 alienis
883 789 1035 843 bonis
1081 786 1327 842 tabescit.
1354 785 1562 854 Pauper
1591 785 1732 838 enim
1765 798 1868 837 non
1898 783 1966 836 ita

383 901 413 940 a
445 894 755 956 paupertate
783 898 876 936 sua
903 880 1199 939 mordetur,
1255 893 1413 948 quam
1440 891 1470 930 a
1498 875 1722 946 proximi
1760 875 1928 943 copiis
1952 891 1966 927 :

384 994 493 1046 qno
536 976 660 1047 quid
708 974 920 1044 gravius
959 971 1151 1026 fuerit?
1177 969 1272 1024 ille
1320 967 1516 1040 quippe
1549 969 1602 1022 in
1632 967 1752 1033 hoc,
1778 977 1832 1020 ut
1855 967 1962 1036 jam

386 1069 517 1136 dixi,
549 1083 710 1122 avaro
736 1069 896 1120 etiam
929 1065 1079 1133 pejor
1095 1072 1179 1118 est
1202 1080 1216 1116 :
1239 1063 1326 1116 ille
1349 1063 1490 1116 enim
1515 1075 1635 1114 cum
1662 1059 1785 1130 quid
1817 1074 1967 1113 acce-

389 1161 555 1230 perit,
599 1157 834 1230 gaudet;
863 1156 951 1210 hic
982 1169 1145 1218 vero,
1179 1168 1298 1206 cum
1327 1152 1463 1206 alius
1518 1165 1622 1205 non
1671 1149 1968 1217 acceperit,

392 1255 620 1308 lsetatur.
669 1249 1051 1319 Quamobrem,
1103 1247 1348 1309 obsecro,
1403 1244 1539 1297 hanc
1580 1242 1774 1296 malam
1803 1243 1972 1296 relin-

388 1355 616 1416 quentes
645 1345 782 1398 viam
808 1351 862 1397 et
890 1341 954 1395 ad
984 1341 1154 1394 zelum
1187 1339 1381 1392 bonum
1419 1337 1604 1390 mutati
1639 1337 1798 1407 (nam
1851 1335 1976 1391 talis

390 1437 541 1492 zelus
585 1435 876 1490 vehemens
903 1441 986 1487 est
1029 1439 1083 1485 et
1128 1431 1247 1499 igne
1288 1427 1731 1499 vehementior),
1785 1443 1974 1498 magna

393 1529 515 1582 inde
536 1525 844 1598 percipiatis
868 1524 1025 1578 bona.
1059 1520 1148 1576 Sic
1179 1529 1232 1574 et
1264 1519 1458 1574 Paultts
1483 1518 1698 1573 Judmos
1723 1519 1788 1574 ad
1817 1519 1974 1574 Iidem

393 1619 717 1680 deducebat,
745 1617 932 1671 dicens
959 1631 972 1666 :
1006 1613 1069 1667 Si
1095 1611 1347 1682 quomodo
1377 1611 1445 1664 ad
1469 1613 1812 1666 wmulandum
1855 1629 1978 1682 pro-

394 1727 561 1765 vocem
588 1725 790 1763 carnem
816 1723 1010 1770 meam,
1040 1715 1088 1759 et
1126 1704 1294 1758 salvos
1335 1703 1523 1775 faciam
1566 1703 1762 1772 aliquos
1789 1719 1852 1758 ea:
1878 1703 1981 1759 illis

393 1807 409 1866 (
434 1803 582 1858 Rom.
616 1802 673 1856 li
690 1838 703 1854 .
737 1797 858 1870 Μ’).
889 1797 1020 1852 Nam
1042 1797 1131 1867 qui
1159 1797 1229 1852 ita
1255 1794 1538 1850 tumulatur
1560 1805 1616 1850 ut
1638 1793 1726 1850 ille
1748 1795 1976 1861 volebat,

394 1886 499 1948 non
526 1892 749 1948 tabescit
772 1905 894 1946 cum
924 1888 1120 1943 viderit
1148 1887 1312 1942 alinnt
1339 1887 1391 1941 in
1425 1887 1560 1942 bona
1590 1886 1984 1958 existimatione

394 2002 536 2054 esse,
568 1985 661 2040 sed
705 1982 918 2055 quando
946 1982 1139 2036 viderit
1174 1996 1232 2036 se
1273 1996 1376 2034 non
1423 1981 1472 2035 id
1501 1982 1731 2048 assequi.
1767 1979 1986 2032 invidus

398 2093 527 2134 vero
555 2090 660 2131 non
691 2077 770 2130 sic
794 2115 809 2138 ,
830 2073 930 2129 sed
957 2087 1079 2128 cum
1112 2073 1272 2126 alium
1303 2085 1560 2142 prospere
1611 2079 1856 2140 agentem
1902 2071 1985 2123 vi-

397 2172 576 2234 derit,
609 2169 773 2226 veluti
818 2169 1030 2240 quidam
1072 2167 1222 2222 fucus
1267 2175 1368 2233 est,
1413 2166 1501 2236 qui
1539 2166 1746 2220 alienos
1777 2165 1988 2220 labores

401 2263 716 2327 labefactat;
738 2271 792 2317 et
810 2277 1096 2331 numquam
1127 2261 1239 2330 ipse
1263 2275 1481 2330 surgere
1499 2267 1684 2322 tentat,
1711 2257 1844 2312 flens
1861 2273 1988 2312 vero

401 2371 523 2412 cum
550 2356 710 2408 alium
747 2361 1056 2422 surgentem
1104 2353 1270 2418 videt,
1294 2362 1349 2407 et
1377 2353 1553 2407 omnia
1581 2351 1706 2405 facit
1741 2360 1798 2405 ut
1841 2350 1988 2404 illum

403 2449 636 2519 dejiciat.
669 2446 893 2500 Cniuam
927 2445 1046 2514 quis
1101 2443 1246 2499 hunc
1274 2444 1522 2498 morbum
1561 2443 1992 2514 comparaverit?

407 2539 532 2595 Mihi
562 2549 741 2593 autem
777 2535 878 2590 hoc
910 2533 1134 2606 perinde
1163 2548 1284 2590 esse
1306 2533 1518 2589 videtur
1543 2548 1606 2588 ac
1629 2535 1673 2588 si
1701 2535 1819 2604 quis
1847 2533 1994 2604 piger

406 2631 589 2686 asinus
614 2637 665 2684 et
689 2627 1010 2698 pinguedine
1027 2625 1202 2696 gravis
1221 2639 1342 2680 cum
1370 2639 1512 2695 equo
1541 2625 1742 2680 volucri
1764 2626 1992 2694 conjuno-

407 2732 525 2777 ctus
544 2762 560 2786 ,
607 2734 779 2789 neque
809 2721 926 2788 ipse
953 2731 1174 2788 surgere
1203 2716 1354 2783 velit,
1384 2726 1440 2772 et
1475 2715 1711 2787 pondere
1755 2719 1993 2772 carnium

413 2814 584 2882 ipsum
606 2820 830 2866 conetur
846 2808 1149 2864 detrahere.
1167 2807 1298 2862 Nam
1317 2817 1370 2864 et
1390 2807 1498 2876 hic,
1519 2817 1576 2863 ut
1603 2808 1716 2878 ipse
1733 2824 1761 2863 a
1787 2807 1998 2878 profun-

410 2907 483 2960 do
515 2919 707 2960 somno
730 2903 1009 2968 liberetur,
1039 2900 1170 2956 nihil
1195 2916 1294 2956 nec
1317 2903 1508 2973 cogitat
1537 2916 1638 2958 nec
1657 2911 1837 2967 curat;
1865 2901 1997 2956 nihil

411 3011 540 3052 vero
571 3011 676 3050 non
707 2995 835 3065 agit,
863 3005 920 3048 ut
945 3008 1066 3048 eum
1097 2993 1185 3063 qui
1211 2994 1261 3047 in
1292 2994 1483 3048 caalum
1513 2994 1729 3049 advolat
1748 2995 2000 3066 supplan-

411 3099 488 3144 tt-t
511 3101 563 3145 et
590 3088 826 3158 dejiciat,
856 3095 1137 3143 accuratus
1165 3087 1360 3142 diaboli
1389 3088 1622 3143 imitator
1648 3091 1835 3144 factus.
1863 3089 1996 3145 Nam

410 3193 468 3236 et
495 3183 582 3237 ille
607 3181 793 3235 videns
820 3179 1092 3234 hominem
1126 3179 1178 3233 in
1219 3179 1488 3250 paradiso,
1521 3196 1626 3234 non
1658 3181 1772 3251 ipse
1799 3182 2001 3238 studuit

418 3274 635 3338 mutari,
667 3273 761 3328 sed
791 3272 939 3326 illum
969 3271 1170 3342 ejicere
1206 3288 1271 3326 ex
1302 3273 1550 3342 paradiso
1581 3291 1594 3327 ε
1623 3283 1678 3329 et
1708 3289 1893 3330 rursus
1920 3278 2000 3330 vi-

413 3365 550 3420 dens
578 3364 724 3418 illum
756 3363 807 3416 in
838 3361 972 3417 cauo
999 3360 1297 3425 sedentem,
1327 3362 1530 3416 etalios
1553 3363 1644 3418 illo
1670 3363 2000 3433 festinantes,

416 3457 648 3524 idipsum
679 3453 989 3520 meditatur,
1016 3467 1112 3508 eos
1142 3454 1228 3523 qui
1252 3453 1343 3508 illo
1379 3465 1608 3524 pergunt
1632 3458 2001 3529 supplantans,

417 3556 474 3602 et
522 3547 644 3601 hinc
691 3545 950 3615 majorem
981 3545 1084 3601 sibi
1110 3560 1408 3616 congerens
1457 3547 1751 3606 fornacem.
1801 3550 2006 3624 Ubique

419 3637 564 3693 enim
591 3637 695 3692 hoc
714 3637 1007 3707 contingit;
1053 3651 1178 3691 nam
1207 3637 1254 3691 is
1281 3638 1366 3692 cui
1395 3639 1680 3710 invidetur,
1713 3643 1758 3698 si
1803 3647 2004 3718 vigilet,

1081 214 1138 268 S.
1181 213 1456 270 JOANNIS
1489 208 1964 268 CHRYSOSTOMI
2011 206 2326 264 ARCHIEP.
2365 205 2899 264 CONSTANTINOP.

3553 212 3655 270 ΞΜ

2066 322 2396 392 splendidior
2423 323 2633 389 evadit;
2677 325 2886 380 invidus
2915 341 3043 382 vero
3082 329 3235 398 plura
3262 330 3365 387 sibi
3392 334 3536 387 mala
3570 350 3656 389 ac-

2066 415 2322 468 cumulat.
2349 415 2438 470 Sic
2455 424 2509 470 et
2526 415 2723 484 Joseph
2743 416 2970 472 illustris
2990 418 3210 475 effectus
3229 431 3314 477 est
3334 439 3349 488 ;
3373 426 3451 479 sic
3476 428 3656 479 Aaron

2067 507 2319 561 sacerdos
2349 524 2362 560 :
2396 523 2516 562 nam
2550 507 2849 564 invidorum
2874 509 3081 566 insidiae
3101 511 3398 569 effecerunt
3432 524 3494 570 ut
3525 516 3657 572 Deus

2067 599 2235 652 semel
2256 608 2306 654 et
2335 598 2415 654 bis
2445 600 2688 654 eamdem
2719 601 2888 657 ferret
2929 607 3276 670 sententiam,
3305 617 3364 662 et
3402 618 3460 662 ut
3517 609 3658 678 virga

2068 689 2412 758 germinaret.
2443 691 2530 746 Sic
2563 700 2617 744 et
2645 691 2814 747 Jacob
2839 694 3001 748 multa
3028 711 3206 750 rerum
3233 699 3391 767 copia
3424 699 3662 754 abunda-

2071 782 2178 848 vit,
2234 783 2458 852 aliisque
2497 785 2767 840 omnibus.
2814 785 2904 842 Sic
2939 787 3102 843 invidi
3149 790 3201 843 in
3229 792 3384 846 mille
3409 806 3471 846 se
3511 793 3664 848 malis

2071 875 2478 944 complicarunt.
2511 878 2640 942 Quae
2660 881 2840 933 omnia
2879 881 3132 948 scientes,
3179 882 3451 953 fugiamus
3481 885 3665 955 hujus-

2074 967 2217 1020 modi
2244 968 2439 1022 zelum.
2469 967 2576 1022 Cur
2613 970 2779 1037 enim,
2813 986 3018 1041 quaeso,
3068 973 3316 1029 invides?
3341 977 3475 1047 quia
3503 979 3660 1046 spiri-

2078 1058 2270 1113 tualem
2325 1058 2549 1128 gratiam
2610 1058 2777 1115 frater
2821 1063 3068 1134 accepit?
3114 1065 3181 1119 Et
3218 1083 3249 1120 a
3277 1083 3418 1140 quo,
3448 1084 3657 1136 quaeso,

2077 1151 2320 1221 accepit?
2345 1167 2523 1206 nonne
2541 1167 2571 1206 a
2601 1152 2752 1208 Deo?
2781 1154 2923 1225 Ergo
2944 1165 3128 1210 contra
3155 1157 3301 1212 illum
3327 1159 3666 1216 inimicitiam

2077 1244 2310 1314 suscipe,
2339 1245 2428 1314 qui
2457 1244 2654 1299 donum
2681 1247 2929 1302 contulit.
2961 1249 3148 1303 Viden‘
3170 1265 3279 1320 quo
3318 1252 3531 1307 malum
3557 1268 3664 1309 ser.

2080 1337 2174 1406 pit,
2205 1347 2258 1392 et
2283 1337 2495 1408 qualem
2544 1340 2899 1409 colophonem
2953 1354 3293 1412 peccatorum
3336 1347 3575 1410 inducit,
3623 1360 3674 1403 et

2080 1439 2337 1498 quantum
2399 1430 2618 1486 sulfodit
2679 1432 2926 1503 supplicii
2982 1433 3329 1491 barathrum?
3377 1437 3671 1508 Fugiatnus

2083 1536 2250 1592 ergo,
2307 1521 2508 1589 dilecti,
2559 1523 2661 1578 hoc
2711 1525 2920 1587 vitium,
2967 1541 3142 1596 neque
3192 1527 3566 1592 invideamus,
3620 1545 3677 1584 ac

2085 1632 2182 1686 pro
2208 1617 2400 1672 invidis
2446 1632 2746 1688 precemur,
2775 1618 3014 1689 nihilque
3042 1637 3146 1674 non
3176 1636 3428 1691 agamus,
3455 1632 3512 1674 ut
3537 1639 3678 1676 mor-

2088 1709 2211 1764 bum
2261 1710 2470 1763 illorum
2517 1710 2947 1781 exstinguamus.
2998 1709 3106 1766 Sed
3135 1729 3202 1766 ne
3228 1712 3425 1767 eadem
3460 1729 3586 1781 «ius
3613 1713 3684 1768 ia-

2087 1805 2203 1859 sani
2228 1804 2301 1860 illi
2326 1805 2609 1874 patiamur,
2634 1804 2724 1884 qtti
2746 1805 2990 1860 volentes
3011 1821 3196 1875 pinnas
3217 1807 3286 1860 ab
3310 1807 3422 1862 illis
3447 1809 3682 1878 exigere.

2088 1896 2265 1951 omnia
2297 1897 2494 1952 faciunt
2537 1905 2592 1950 ut
2621 1894 2890 1951 ﬂammam
2918 1897 3018 1952 sibi
3060 1897 3381 1954 accendant.
3422 1901 3501 1953 At
3522 1915 3592 1953 ne
3622 1900 3685 1952 ita

2090 2007 2209 2060 nos,
2263 1991 2356 2047 sed
2407 1991 2701 2046 deliramus
2731 1991 2850 2046 illos
2877 2000 2932 2044 et
2960 1990 3339 2046 lamentemur.
3394 1990 3511 2061 Ipsi
3552 1994 3688 2046 enim

2093 2092 2219 2138 sunt
2260 2083 2352 2152 qui
2379 2081 2662 2147 lazduntur,
2695 2097 2929 2137 vermem
2956 2081 3209 2136 habentes
3241 2093 3582 2152 perpetuum
3608 2100 3692 2137 cor

2093 2175 2332 2242 ipsorum
2368 2173 2732 2238 arrodentem,
2784 2183 2840 2229 et
2889 2174 3080 2228 veneni
3116 2184 3462 2244 congregant
3497 2176 3691 2228 fontem

2093 2267 2241 2321 omni
2306 2265 2428 2321 felle
2485 2266 2826 2320 amariorem.
2881 2265 3148 2334 Rogemus
3206 2281 3340 2335 ergo
3399 2265 3692 2336 benignum

2097 2360 2286 2423 Deum,
2318 2367 2456 2412 utet
2497 2357 2600 2411 illis
2643 2356 2889 2410 morbum
2939 2357 3206 2422 immutet,
3247 2365 3304 2411 et
3333 2373 3440 2411 nos
3480 2373 3552 2412 ne
3583 2374 3696 2411 um—

2095 2467 2253 2522 quam
2287 2452 2338 2505 in
2366 2450 2508 2505 hunc
2538 2449 2850 2504 incidamus.
2876 2449 3010 2504 Nam
3037 2450 3371 2506 inaccessum
3399 2461 3494 2504 est
3514 2452 3696 2504 cxhun

2095 2545 2145 2599 ei
2168 2544 2259 2615 qui
2293 2545 2391 2598 hac
2413 2543 2532 2598 tabe
2576 2541 2803 2608 laborat,
2833 2552 2888 2598 et
2916 2552 3043 2597 ante
3067 2543 3259 2597 caelum
3294 2542 3416 2596 haec
3453 2544 3569 2596 vita
3598 2558 3696 2596 non

2099 2636 2273 2691 vitalis
2291 2645 2390 2690 est.
2413 2634 2595 2706 Neque
2614 2634 2759 2690 enim
2781 2635 2981 2706 lignum
3003 2645 3058 2690 et
3080 2635 3256 2690 lanam
3280 2635 3541 2690 insidens
3567 2637 3697 2689 linea

2101 2729 2173 2782 ita
2219 2728 2413 2784 rodere
2456 2728 2614 2792 solet,
2659 2736 2717 2782 ut
2765 2728 2982 2783 invidiae
3014 2727 3179 2783 febris
3217 2743 3343 2782 ossa
3389 2729 3698 2782 invidorum

2101 2819 2359 2886 corrodit,
2387 2827 2441 2874 et
2459 2819 2652 2873 animae
2682 2820 3083 2888 temperantiam
3110 2818 3421 2874 labefactat.
3459 2821 3532 2876 lJ-t
3555 2822 3704 2890 igitur

2103 2922 2157 2966 et
2184 2925 2282 2966 nos
2307 2921 2362 2966 et
2387 2911 2522 2966 alios
2546 2910 2614 2964 ab
2644 2911 2938 2966 innumeris
2966 2926 3216 2966 eruamus
3244 2914 3430 2977 malis,
3464 2915 3701 2983 expella-

2104 3019 2226 3060 mns
2252 3019 2281 3058 a
2308 3003 2462 3058 nobis
2490 3002 2628 3058 hanc
2653 3004 2846 3056 malam
2878 3001 3066 3058 febrim
3097 3005 3286 3073 quavis
3317 3004 3449 3059 tabe
3471 3005 3703 3060 deterio-

2105 3111 2250 3162 rem;
2285 3103 2344 3150 ut
2371 3094 2634 3165 spirituali
2672 3104 2922 3164 suscepto
2966 3093 3185 3160 robore,
3218 3104 3275 3149 et
3302 3110 3565 3164 przesens
3593 3112 3679 3151 cer

2107 3199 2283 3244 tamen
2315 3189 2673 3259 perﬁciamus,
2706 3197 2762 3244 et
2783 3187 2988 3243 futuras
3013 3202 3412 3258 consequamur
3443 3204 3701 3243 coronas:

2107 3298 2240 3354 quas
2263 3283 2466 3337 utinam
2493 3296 2593 3337 nos
2643 3296 2832 3336 omnes
2861 3279 3085 3351 adipisci
3113 3281 3418 3352 contingat,
3453 3284 3632 3352 gratia
3661 3295 3704 3334 et

2109 3377 2436 3447 benignitate
2466 3375 2676 3431 Domini
2699 3374 2870 3430 nostri
2898 3373 3024 3430 Jesu
3049 3372 3270 3440 Christi,
3308 3374 3541 3444 quicum
3576 3374 3704 3429 Patri

2110 3486 2322 3542 unaque
2344 3467 2564 3542 Spiritui
2586 3476 2775 3524 sancto
2796 3467 2982 3538 gloria,
3009 3467 3316 3538 imperium,
3344 3467 3554 3534 honor,
3579 3483 3707 3521 nunc

2110 3573 2165 3619 et
2192 3576 2428 3634 semper,
2459 3558 2589 3617 etin
2627 3558 2823 3615 saecula
2849 3557 3188 3616 saeculorum.
3221 3561 3418 3612 Amen.

461 3775 3606 3800 W

1759 3861 2107 3927 HOMILIA
2147 3863 2426 3927 XXXII.

419 4013 549 4070 Car.
591 4010 679 4066 12.
721 4026 771 4066 v.
812 4009 904 4066 27.
954 4007 1054 4064 Vos
1096 4016 1266 4062 autent
1307 4009 1425 4064 estis
1463 4025 1649 4079 corpus
1687 4012 1915 4080 Christi,
1957 4023 2007 4069 et

972 4100 1199 4157 membra
1223 4117 1286 4156 ea:
1314 4112 1477 4173 parte.

497 4201 551 4256 Ι.
591 4198 668 4254 Ne
705 4197 828 4268 quis
864 4196 1009 4252 enim
1049 4195 1274 4263 diceret,
1306 4195 1444 4264 Quid
1481 4195 1548 4250 ad
1578 4212 1677 4252 nos
1705 4199 2009 4271 exemplum

425 4291 707 4362 corporis?
739 4288 871 4344 illud
893 4288 1038 4343 enim
1067 4296 1272 4342 natura:
1293 4287 1480 4352 servit,
1506 4300 1688 4346 nostra
1714 4306 1842 4347 vero
1866 4301 2012 4348 recte

427 4386 564 4441 facta
595 4383 747 4438 liberi
778 4379 988 4436 arbitrii
1026 4388 1151 4435 sunt
1185 4396 1200 4434 :
1249 4377 1300 4434 id
1326 4378 1392 4434 ad
1413 4380 1656 4438 actiones
1682 4393 1891 4438 nostras
1921 4382 2014 4438 ad-

426 4475 654 4541 ducens,
698 4482 755 4528 et
799 4470 1092 4527 ostendens
1118 4486 1216 4525 nos
1245 4486 1311 4526 ex
1341 4471 1502 4526 animi
1531 4475 1793 4528 sententia
1817 4474 2015 4530 debere

426 4566 670 4624 eamdem
715 4563 1056 4620 concordiam
1088 4561 1307 4627 habere,
1351 4578 1511 4633 quam
1546 4564 1656 4633 ipsa
1686 4567 1923 4620 membra
1949 4582 2016 4622 ex

429 4667 638 4722 natura,
670 4657 800 4712 dicit
827 4673 841 4708 :
881 4653 981 4709 Vos
1009 4665 1179 4708 autem
1209 4657 1327 4710 estis
1353 4671 1537 4726 corpus
1565 4653 1775 4714 Christi.
1821 4655 1878 4713 Si
1923 4674 2018 4712 au-

433 4761 540 4805 tem
590 4765 694 4804 non
737 4756 950 4819 oportet
991 4762 1188 4817 corpus
1229 4757 1472 4802 nostrum
1517 4747 1804 4815 dissidere,
1849 4751 2018 4807 multo

435 4843 604 4912 magis
629 4857 733 4897 non
764 4849 976 4911 oportet
1001 4839 1196 4894 Christi
1235 4854 1454 4908 corpus,
1491 4848 1546 4894 et
1588 4854 1654 4894 eo
1693 4842 1881 4911 magis,
1911 4857 2019 4912 quo

433 4934 603 5004 gratia
631 4934 897 5002 potentior
925 4941 1010 4988 est
1037 4941 1243 4986 natura.
1281 4929 1348 4984 Et
1375 4930 1599 4985 membra
1627 4948 1690 4986 ex
1717 4945 1878 5000 parte.
1912 4933 2019 4989 Ne-

437 5039 544 5096 que
565 5025 712 5080 cnlm
741 5038 938 5092 corpus
966 5038 1152 5078 sumus
1179 5031 1409 5088 tantum,
1457 5021 1555 5078 sed
1583 5032 1638 5078 ct
1666 5024 1902 5079 membra
1931 5040 2022 5079 su-

437 5129 579 5171 mus.
609 5113 742 5168 Nam
770 5113 839 5168 de
865 5111 951 5166 bis
985 5112 1244 5168 ambobus
1271 5113 1518 5183 superius
1543 5113 1856 5183 disputavit,
1886 5116 2024 5169 mul-

440 5217 529 5263 tos
573 5206 626 5261 in
671 5219 832 5260 unum
884 5203 1162 5274 colligens,
1221 5213 1278 5259 et
1323 5206 1616 5262 ostendens
1642 5221 1830 5263 omnes
1857 5224 2018 5263 unum

437 5297 734 5355 secundum
776 5295 1061 5365 imaginem
1109 5296 1351 5365 corporis
1398 5297 1564 5354 iactos
1615 5313 1756 5365 esse,
1811 5309 1865 5354 et
1919 5300 2021 5356 hoc

438 5406 603 5448 unum
633 5404 730 5460 per
755 5387 922 5442 multa
944 5386 1217 5453 constitui,
1261 5395 1422 5457 atque
1463 5388 1517 5442 in
1555 5391 1732 5444 multis
1775 5407 1916 5460 esse,
1967 5401 2022 5446 et

438 5483 608 5540 multa
648 5497 713 5537 ex
741 5496 808 5536 co
833 5479 1097 5536 contineri
1128 5489 1183 5534 et
1209 5493 1366 5549 posse
1395 5481 1558 5536 multa
1597 5497 1737 5540 esse.
1767 5486 1904 5553 Quid
1936 5497 2020 5542 est

440 5587 621 5634 autem
667 5574 818 5641 illud,
850 5573 933 5628 Ea:
959 5572 1146 5643 parte?
1189 5573 1457 5639 Quantum
1502 5575 1568 5630 ad
1608 5592 1706 5632 vos
1741 5580 1930 5633 attinet
1971 5589 2026 5634 et

440 5675 702 5740 quantum
741 5676 1159 5726 consentaneum
1208 5675 1312 5734 est,
1365 5680 1484 5722 esse
1523 5681 1726 5738 partem
1768 5685 1833 5725 ex
1875 5671 2025 5726 vobis

2125 4013 2460 4070 mdilicatam.
2507 4011 2640 4078 Quia
2679 4010 2820 4065 enim
2860 4007 3030 4074 dixit,
3076 4003 3296 4076 Corpus,
3325 4013 3505 4062 totum
3541 4015 3713 4058 auten

2122 4115 2240 4162 erat
2276 4120 2494 4175 corpus,
2537 4117 2645 4158 non
2693 4088 3092 4156 Corinthiorum
3140 4097 3406 4162 Ecclesia,
3455 4098 3564 4151 sed
3606 4111 3713 4166 qu:

2121 4199 2318 4270 ubique
2359 4207 2623 4252 terrarum
2653 4202 2809 4257 erat;
2851 4192 2973 4248 ideo
3001 4191 3154 4256 dixit,
3190 4189 3273 4244 Ea:
3306 4199 3453 4260 parte
3477 4206 3500 4252 ς
3535 4189 3590 4244 id
3621 4200 3712 4252 est,

2121 4291 2245 4362 quia
2273 4288 2507 4345 Ecclesia
2537 4295 2713 4342 vestra
2747 4299 2870 4357 pars
2896 4294 2979 4339 est
3005 4285 3123 4354 ejus
3155 4299 3276 4354 qua:
3304 4283 3512 4352 ubique
3555 4292 3715 4335 terra—

2122 4399 2242 4440 rum
2271 4392 2356 4438 est
2395 4381 2649 4437 Ecclesia:
2671 4421 2686 4444 ,
2717 4388 2772 4434 et
2795 4380 3062 4448 corporis,
3094 4375 3234 4446 quod
3265 4391 3358 4446 per
3385 4390 3593 4431 omnes
3626 4374 3713 4428 Ec-

2121 4476 2314 4530 clesias
2342 4471 2685 4528 constituitur
2720 4488 2734 4525 :
2762 4471 2832 4524 ita
2860 4479 2915 4524 ut
2947 4484 3053 4523 non
3081 4468 3251 4522 solum
3283 4468 3423 4521 inter
3447 4481 3593 4529 v0s,
3630 4465 3712 4520 sed

2122 4569 2286 4623 etiam
2312 4580 2433 4620 cum
2467 4573 2578 4619 tota
2611 4562 2869 4624 Ecclesia,
2917 4576 3038 4630 qua:
3082 4569 3166 4614 est
3213 4561 3264 4613 in
3311 4558 3477 4622 orbe,
3530 4571 3711 4627 pacem

2125 4658 2326 4714 habere
2363 4655 2640 4721 debeatis;
2695 4654 2739 4708 si
2786 4652 3002 4722 quidem
3042 4652 3176 4705 estis
3208 4649 3359 4720 justi,
3387 4649 3430 4703 si
3465 4649 3711 4703 membra

2126 4752 2291 4807 totius
2333 4749 2600 4820 corporis.
2647 4745 2742 4803 28.
2799 4745 2865 4800 Ει
2891 4760 3019 4816 quos
3041 4743 3242 4818 quidem
3280 4742 3442 4814 posuit
3472 4740 3631 4795 Das
3667 4743 3711 4792 is

2124 4842 2380 4909 Ecclesia,
2415 4842 2634 4912 primum
2661 4838 2940 4908 apostolos,
2972 4835 3195 4891 secundo
3228 4836 3500 4905 prophetas
3521 4876 3540 4898 ,
3577 4833 3713 4888 tersis

2127 4937 2374 4998 doctores,
2405 4933 2590 4988 deinde
2628 4932 2834 4986 virtutes
2857 4971 2873 4996 ,
2917 4929 3100 4984 deinde
3126 4929 3320 5000 gratias
3355 4928 3710 4986 ceraticum.

2126 5025 2517 5096 opitulationes,
2549 5023 2965 5095 gubernationes,
2997 5037 3181 5091 genera
3211 5020 3524 5089 linguarum.
3565 5016 3710 5084 Quod

2126 5117 2270 5172 enim
2319 5116 2568 5186 superius
2609 5114 2740 5179 dixi,
2785 5111 2888 5167 hoc
2913 5127 3053 5166 nunc
3089 5111 3253 5165 facit:
3278 5113 3400 5179 quia
3425 5109 3605 5162 altum
3629 5124 3705 5161 sa-

2128 5209 2343 5280 piehant
2362 5207 2430 5263 de
2460 5206 2674 5277 linguis,
2706 5206 2852 5260 illam
2879 5219 2992 5260 rem
3024 5216 3238 5272 semper
3264 5201 3505 5256 ultimam
3540 5203 3704 5269 ponit.

2128 5301 2260 5357 Nam
2290 5299 2419 5356 illud
2462 5297 2693 5369 primmn
2725 5307 2780 5353 et
2809 5297 3102 5352 secundum
3131 5311 3237 5350 non
3265 5295 3382 5349 sine
3408 5308 3580 5348 causa
3612 5309 3702 5364 po.

2131 5393 2228 5459 nit,
2259 5392 2356 5449 sed
2407 5390 2738 5462 prmmittens
2780 5388 2834 5443 id
2873 5387 3014 5458 quod
3040 5387 3325 5458 pretiosius
3353 5397 3453 5449 est,
3483 5395 3545 5439 et
3574 5383 3708 5454 quod

2128 5495 2212 5540 est
2234 5482 2456 5538 inferius
2485 5479 2798 5537 ostendens.
2844 5478 2968 5534 Ideo
3006 5478 3278 5548 apostolos
3306 5476 3593 5548 praemisit,
3625 5475 3707 5545 φή

2129 5575 2454 5632 charismata
2481 5589 2578 5630 seu
2606 5573 2745 5629 dona
2773 5571 2953 5628 omnia
2977 5572 3031 5626 in
3062 5585 3123 5627 se
3149 5570 3437 5648 habebant.
3483 5569 3556 5624 Et
3606 5583 3707 5621 non

2129 5668 2284 5735 dixit,
2327 5667 2472 5736 Quos
2493 5666 2674 5738 posuit
2699 5665 2845 5722 Deus
2865 5664 2917 5720 in
2947 5661 3184 5721 Ecclesia
3226 5661 3498 5734 apostolos
3519 5703 3538 5729 ,
3581 5662 3708 5714 stur
