3826 6216
179 192 263 249 265
972 176 975 177 ⁷
1124 197 1192 253 IN
1230 197 1448 255 EPIST.
1503 200 1522 252 I
1559 198 1649 253 AD
1688 194 1852 252 con.
1895 191 2130 252 nomL.
2174 191 2391 248 xxx".

44 324 69 383 gl
176 310 254 379 τὴν
276 302 428 375 αὐτὴν
468 305 680 380 φθάσῃς
716 308 982 379 κορυφὴν,
1026 308 1114 364 ἵνα
1153 310 1253 380 τὴν
1296 309 1464 383 αὐτὴν
1504 310 1705 382 ἀρετὴν

42 428 70 463 ς,
173 385 399 457 ἐπιδείξῃ.
426 384 594 440 Τοῦτο
617 389 777 458 ζῆλος
798 391 983 455 καλὸς,
1006 390 1065 445 τὸ
1084 395 1369 463 μιμεῖσθαι
1390 395 1484 446 καὶ
1507 394 1581 464 μὴ
1610 409 1708 444 πο-

42 466 73 548 ,ᾖ
173 473 341 544 λεμεῖν,
368 468 429 522 τὸ
464 470 538 540 μὴ
580 471 765 539 ἀλγεῖν
800 473 894 526 ἐπὶ
928 474 1040 537 τοῖς
1074 475 1275 548 ἐτέρων
1302 477 1545 545 ἀγαθοῖς,
1572 473 1708 527 ἀλλά

51 540 73 629 δ’
169 540 422 612 δάκνεσθαι
453 553 545 605 ἐπὶ
576 557 686 618 τοῖς
710 556 930 620 οἰκείοις
966 540 1194 622 κακοίςί
1226 554 1285 613 οὗ
1316 540 1377 613 τδ
1409 540 1648 613 ἐναντίον
1678 557 1707 608 6

50 630 55 639 ’
170 639 332 711 φθόνος
362 637 535 688 ποιεῖ·
566 636 674 690 τῶν
712 638 821 708 γὰρ
857 642 1075 695 οἰκείων
1107 642 1292 695 κακῶν
1332 642 1572 710 ἀμελῶν,
1615 642 1708 695 ἐπὶ

50 710 63 745 [τ
166 710 263 784 τοῖς
282 718 568 787 ἀλλοτρίοις
591 721 818 791 τήκεται
850 724 1060 787 καλοῖς.
1087 727 1195 778 Καὶ
1218 729 1325 796 γάρ
1351 727 1380 778 6
1414 727 1581 795 πένης
1611 727 1709 796 οὐχ

56 812 67 831 ’λ
167 804 294 880 [284]
314 802 446 857 οὕτω
466 806 532 875 τῇ
559 805 734 875 οἰκείᾳ
753 806 1009 861 δάκνεται
1039 810 1221 880 πενίᾳ,
1254 809 1330 872 ὡς
1355 812 1420 881 τῇ
1451 809 1543 863 τοῦ
1572 808 1706 878 πλη-

62 922 65 939 :
169 890 263 944 σίον
289 886 527 956 εὐπορίᾳ,
566 882 626 942 οὐ
671 887 725 940 τί
752 888 950 955 γένοιτ’
979 890 1045 943 ἂν
1090 891 1498 964 χαλεπώτερον;
1544 886 1709 953 Οὗτος

42 978 67 1033 “;
162 975 256 1045 γὰρ
287 972 419 1026 κατά
459 972 636 1034 τοῦτο,
668 974 811 1045 ’ὅπερ
841 974 1011 1046 ἔφθην
1039 976 1230 1042 εἰπὼν,
1262 978 1357 1031 καὶ
1389 978 1483 1032 τοῦ
1512 977 1709 1031 πλεον-

42 1084 57 1119 :.
164 1060 301 1112 έκτου
331 1054 549 1125 χείρων·
582 1057 611 1109 6
639 1057 737 1126 μὲν
774 1058 884 1129 γάρ
930 1060 1058 1113 ὅταν
1097 1061 1260 1124 αὐτός
1292 1080 1346 1115 τι
1396 1060 1560 1134 λάϐῃ,
1590 1062 1710 1132 χαί-

46 1186 63 1215 ,
158 1153 265 1211 ρει·
295 1138 323 1190 6
352 1136 427 1199 δὲ,
461 1138 589 1192 ὅταν
628 1138 813 1210 ἕτερος
842 1141 916 1213 μὴ
958 1142 1122 1213 λάϐῃ,
1164 1144 1289 1196 τότε
1332 1144 1707 1215 εὐφραίνεται.

44 1274 65 1301 ἓν
159 1220 238 1273 Διὸ
273 1218 571 1290 παρακαλῶ
608 1221 707 1301 τὴν
755 1223 1000 1294 πονηρὰν
1050 1224 1254 1295 ταύτην
1297 1226 1532 1294 ἀφέντας
1569 1226 1708 1291 666v,

42 1296 65 1375 θ
157 1305 237 1356 καὶ
276 1296 670 1371 μεταϐαλόντας
712 1303 846 1377 πρὸς
889 1306 1049 1377 ζῆλον
1089 1307 1256 1361 καλὸν
1298 1309 1417 1379 (καὶ
1454 1308 1562 1379 γάρ
1594 1311 1711 1362 ἐστι

50 1446 53 1449 ,
156 1385 367 1457 σφοδρόν
418 1386 514 1443 καὶ
564 1387 733 1458 πυρὸς
781 1390 981 1454 παντὸς
1031 1392 1361 1464 θερμότερον
1403 1394 1431 1445 6
1471 1392 1631 1461 ζῆλος
1681 1392 1710 1445 6

52 1466 63 1495 ⁸
156 1467 417 1540 τοιοῦτος),
480 1470 693 1539 μεγάλα
745 1472 993 1527 ἐντεῦθεν
1058 1472 1453 1545 καρπώσασθαι
1507 1474 1707 1543 ἀγαθά.

42 1560 53 1587 ηῖ
150 1554 295 1608 οὕτω
324 1551 420 1606 καὶ
456 1552 666 1615 Παῦλος
696 1554 823 1617 τοὺς
861 1556 970 1609 ἀπὸ
1007 1556 1117 1609 τῶν
1158 1557 1429 1611 Ἰουδαίων
1476 1558 1569 1610 ἐπὶ
1610 1558 1710 1628 τὴν

42 1658 53 1681 ε
150 1638 317 1692 πίστιν
346 1634 730 1706 ἐχειραγώγει,
781 1636 986 1705 λέγων·
1031 1638 1104 1691 ΕΖ
1144 1654 1269 1705 πως
1307 1638 1712 1707 παραζηλώσω

42 1768 45 1771 .
140 1737 250 1792 μου
284 1717 399 1786 τὴν
442 1717 663 1788 σάρκα,
703 1719 803 1773 καί
852 1722 1032 1775 σώσω
1082 1727 1251 1789 τινὰς
1286 1722 1355 1788 ἐξ
1397 1723 1612 1778 αὐτῶν.
1653 1723 1712 1775 '0

42 1850 45 1869 ρ
143 1803 243 1874 γὰρ
278 1799 421 1854 οὕτω
458 1800 658 1872 ζηλῶν,
708 1802 783 1866 ὼς
824 1803 1034 1867 ἐκεῖνος
1071 1804 1357 1869 ἐϐούλετο,
1390 1804 1453 1857 οὐ
1483 1806 1711 1875 τήκεται

139 1888 259 1941 ὅταν
289 1884 379 1938 τὸν
405 1883 595 1955 ἕτερον
639 1885 1031 1958 εὐδοκιμοῦντα
1077 1888 1184 1960 ῐδῃ,
1218 1888 1334 1942 ἀλλ’
1361 1890 1489 1943 ὅταν
1519 1888 1713 1943 ἑαυτὸν

46 2036 47 2039 η
137 1968 661 2040 ἀπολιμπανόμενον.
686 1970 745 2024 '0
767 1971 824 2025 δὲ
842 1971 1104 2042 φθονερὸς
1123 1974 1220 2044 οὐχ
1240 1972 1433 2037 οὕτως,
1451 1972 1566 2027 ἀλλ’
1583 1974 1714 2027 ὅταν

42 2054 47 2057 ’
137 2055 314 2124 ἕτερον
348 2046 409 2106 εὖ
446 2052 754 2123 πράττοντα
798 2054 884 2128 ίδῃ
921 2070 936 2086 ο
979 2057 1073 2109 καὶ
1120 2055 1372 2128 καθάπερ
1411 2057 1593 2127 κηφήν
1629 2054 1715 2119 τίς

133 2138 244 2189 ἐστι
271 2136 385 2197 τοῖς
420 2133 725 2206 ἀλλοτρίοις
755 2136 1155 2207 λυμαινόμενος
1189 2138 1392 2201 πόνοις,
1428 2140 1522 2192 καί
1554 2137 1713 2201 αὐτὸς

138 2220 229 2291 μὲν
255 2219 517 2272 οὐδέποτε
544 2219 842 2289 ἀναστῆναι
876 2220 1212 2285 σπουδάζων,
1237 2220 1487 2293 δακρύων
1507 2221 1563 2273 δὲ
1585 2221 1713 2273 ὅταν

128 2305 308 2376 ἕτερον
349 2303 666 2358 ἀναστάντα
694 2304 801 2375 ῖδῃ,
837 2306 931 2359 καὶ
956 2304 1135 2358 πάντα
1174 2304 1343 2357 ποιῶν
1376 2303 1517 2358 ὥστε
1551 2303 1711 2357 αὐτὸν

127 2387 481 2441 καταϐαλεῖν.
511 2385 629 2438 Τίνι
657 2381 752 2441 οὖν
783 2388 848 2441 ἄν
884 2404 967 2450 τις
997 2386 1156 2440 τοῦτο
1180 2386 1487 2458 παραϐάλοι
1509 2385 1571 2440 τὸ
1605 2388 1710 2438 πά-

124 2470 242 2537 θος;
274 2471 510 2539 Ὅμοιον
539 2464 678 2521 εἷναί
712 2487 803 2537 μοι
830 2468 979 2522 δοκεῖ
998 2468 1174 2535 τοῦτο,
1208 2464 1321 2524 οἷον
1349 2469 1419 2523 ἂν
1457 2469 1505 2522 εί
1537 2467 1713 2538 νωθὴς

120 2554 236 2616 ὄνος
263 2551 361 2607 καὶ
391 2549 739 2623 πολυσαρκίᾳ
773 2550 1147 2624 βεϐαρημένος
1180 2552 1333 2623 ἵππῳ
1362 2550 1551 2622 πτηνῷ
1580 2568 1708 2604 συν-

119 2635 484 2707 εζευγμένος,
530 2636 667 2707 μήτε
699 2634 862 2698 αὐτὸς
897 2635 1271 2689 διανίστασθαι
1313 2634 1573 2705 βούλοιτο,
1617 2633 1711 2687 καὶ

117 2722 325 2773 ἐκεῖνον
354 2719 439 2789 τῷ
481 2718 637 2789 βάρει
665 2717 776 2771 τῶν
809 2717 1027 2790 σαρκῶν
1060 2717 1346 2772 καθέλκειν
1379 2714 1705 2788 ἐπιχειροίη.

115 2805 228 2858 Καὶ
250 2804 367 2875 γάρ
400 2804 500 2857 καὶ
528 2797 703 2867 οὗτος,
743 2802 891 2864 ὅπως
932 2801 1029 2872 μὲν
1063 2800 1223 2864 αὐτὸς
1250 2800 1589 2870 ἀπαλλαγείη
1614 2796 1708 2852 τοῦ

113 2888 309 2960 βαθέος
337 2886 522 2941 ὕπνου
561 2885 774 2947 τούτου,
805 2886 958 2939 οὐδὲν
998 2883 1121 2938 οὔτε
1159 2885 1349 2948 ὲννοεῖ,
1387 2883 1511 2936 οὐτε
1549 2898 1715 2934 σπου-

116 2971 271 3036 δάζει
298 2986 315 3001 ’
352 2972 544 3024 πάντα
572 2969 628 3022 δὲ
654 2970 797 3021 ποιεῖ
822 2967 961 3021 ὥστε
981 2967 1073 3020 τὸν
1087 2968 1167 3030 είς
1189 2966 1273 3019 τὸν
1298 2965 1525 3037 οὐρανὸν
1554 2964 1713 3019 ίπτά-

112 3071 279 3126 μενον
343 3051 716 3107 ῦποσκελίσαι
770 3052 865 3105 καὶ
926 3049 1288 3113 καταϐαλεῖν,
1344 3047 1577 3119 ἀκριϐὴς
1619 3045 1715 3101 τοῦ

105 3137 364 3191 διαϐόλου
410 3134 666 3205 ζηλωτὴς
693 3133 995 3204 γινόμενος.
1030 3133 1142 3186 Καὶ
1179 3133 1290 3203 γὰρ
1320 3133 1529 3194 ἐκεῖνος
1575 3131 1716 3200 ὁρῶν

105 3222 200 3274 τὸν
239 3219 553 3291 ἄνθρωπον
590 3218 648 3269 ὲν
698 3216 1030 3287 παραδείσῳ,
1069 3215 1168 3268 οὐκ
1206 3214 1368 3277 αὐτὸς
1411 3213 1715 3277 ἐσπούδαζε

104 3301 565 3373 μεταϐαλέσθαι,
592 3298 706 3353 ἀλλ’
723 3300 927 3352 ἐκεῖνον
951 3296 1203 3351 ἐκϐαλεῖν
1224 3297 1320 3350 τοῦ
1345 3296 1674 3368 παραδείσου
1696 3311 1712 3323 ο

104 3387 199 3439 καὶ
229 3386 409 3440 πάλιν
441 3382 574 3437 ἰδὼν
606 3382 767 3435 αὐτὸν
796 3383 854 3434 ὲν
886 3378 1100 3451 οὐρανῷ
1123 3380 1452 3449 καθήμενον,
1477 3377 1717 3439 καὶτοὺς

96 3470 299 3532 ἄλλους
325 3465 738 3534 ἐπειγομένους
762 3466 896 3529 ἐκεῖ,
920 3464 1022 3534 τῆς
1050 3462 1221 3533 αὐτῆς
1250 3462 1433 3532 ἔχεται
1460 3459 1711 3529 μελέτης,

94 3552 224 3613 τοὺς
252 3552 384 3604 ἐκεῖ
418 3548 759 3611 σπεύδοντας
801 3545 1196 3609 ὑποσκελίζων,
1234 3546 1330 3597 καὶ
1362 3542 1587 3595 πλείονα
1624 3542 1713 3594 ὲν-

88 3632 294 3687 τεῦθεν
314 3631 521 3701 ἑαυτῷ
557 3630 814 3702 σωρεύων
835 3629 935 3700 τὴν
963 3628 1213 3698 κάμινον.
1254 3626 1366 3680 Καὶ
1404 3625 1513 3695 γάρ
1536 3626 1709 3677 ἀπαν-

86 3716 267 3785 ταχοῦ
297 3714 485 3769 τοῦτο
532 3713 821 3783 συμϐαίνει
857 3730 871 3744 ·
905 3713 934 3765 6
967 3711 1065 3782 μὲν
1108 3709 1218 3781 γὰρ
1257 3707 1619 3779 φθονούμενος
1645 3705 1713 3759 ἂν

88 3801 265 3871 νήφῃ,
310 3796 727 3870 λαμπρότερος
753 3795 960 3865 γίνεται
979 3812 990 3824 ·
1014 3796 1043 3848 ὁ
1074 3793 1131 3847 δὲ
1152 3792 1459 3866 βασκαίνων
1491 3791 1714 3845 πλείονα

84 3884 277 3954 ἑαυτῷ
314 3881 576 3951 συνάγει
618 3879 782 3934 κακά.
836 3876 992 3931 Οῦτω
1036 3876 1130 3929 καὶ
1173 3878 1203 3930 6
1256 3876 1455 3947 Ἰωσὴφ
1496 3874 1714 3944 ἐγένετο

3280 190 3385 243 τοι

1806 307 2092 379 λαμπρός·
2133 306 2307 371 οὕτως
2353 302 2561 376 ’Λαρὼν
2592 305 2620 357 6
2658 302 2865 373 ίερεύς’
2904 303 2936 371 ἡ
2967 300 3075 372 γὰρ
3106 299 3213 355 τῶν
3247 304 3381 373 φθο⁸

1808 391 2044 444 νούντων
2072 391 2333 460 ἐπιϐουλὴ
2357 390 2453 442 καὶ
2486 388 2631 451 ἅπαξ
2665 387 2759 439 καὶ
2781 386 2861 447 δὶς
2904 385 3243 455 ψηφίσασθαι
3284 387 3382 439 a6-

1806 475 1933 526 τὸν·
1968 474 2060 525 τὸν
2104 473 2235 526 Θεδν
2292 471 2537 541 ἐποίησε,
2580 472 2676 523 καὶ
2714 469 2814 540 τὴν
2848 467 3041 538 ῥάϐδον
3086 468 3385 539 βλαστῆσαι

1808 555 2245 627 παρεσκεύασεν.
2271 554 2455 616 Οὕτως
2481 556 2509 606 6
2546 551 2741 605 Ἰακὼϐ
2769 551 2868 621 τῆς
2894 550 3099 620 πολλῆς
3121 552 3385 621 εὐπορίας

1809 639 2106 697 ἀπέλαυσε,
2153 636 2388 691 καὶτῶν
2433 636 2607 691 ἄλλων
2644 634 2917 688 ἁπάντων.
2952 633 3136 698 υύτως
3184 636 3232 687 οἱ
3289 635 3386 702 βα-

1812 722 2123 783 σκαίνοντες
2188 721 2400 791 μυρίοις
2467 721 2697 782 ἑαυτοὺς
2764 718 3117 789 περιέπειραν
3172 720 3384 783 κακοῖς.

1811 806 1991 875 ’Ἀπερ
2017 804 2214 867 εἰδότες
2242 805 2478 865 ἅπαντα,
2523 803 2785 872 φύγωμεν
2816 802 2907 856 τὸν
2932 802 3170 855 τοιοῦτον
3203 802 3382 872 ζῆλον.

1811 886 1968 950 Τίνος
1988 888 2097 957 γὰρ
2117 887 2323 949 ἕνεκεν,
2355 887 2475 938 εἰπέ
2510 903 2619 955 μοι,
2653 886 2898 955 φθονεῖς;
2928 886 3009 939 ὅτι
3033 886 3193 956 χάριν
3226 886 3387 939 ἔλαϐε

1812 969 2190 1040 πνευματικὴν
2237 969 2265 1021 6
2317 969 2575 1036 ἀδελφός;
2622 970 2732 1021 Καὶ
2783 968 2933 1037 παρὰ
2980 969 3120 1032 τίνος
3169 968 3383 1033 έλαϐεν;

1811 1052 1932 1104 εἰπέ
1975 1070 2066 1122 μοι
2090 1067 2105 1083 ⁸
2145 1051 2207 1104 οὐ
2256 1052 2405 1123 παρά
2435 1050 2529 1104 τοῦ
2559 1051 2693 1104 Θεοῦ
2722 1068 2735 1115 ;
2777 1050 2986 1104 Οὐκοῦν
3022 1052 3157 1123 πρὸς
3184 1053 3391 1106 ἐκεῖνον

1809 1133 1910 1203 τὴν
1942 1134 2238 1204 ἀπέχθειαν
2290 1134 2526 1208 ἀναδέχῃ
2576 1135 2667 1188 τὸν
2710 1134 2978 1188 δεδωκότα
3015 1135 3113 1205 τὴν
3158 1135 3388 1208 δωρεάν,

1811 1213 1966 1279 Εἶδες
1999 1220 2092 1270 ποῖ
2111 1216 2171 1270 τὸ
2197 1216 2365 1271 κακὸν
2389 1218 2568 1289 ἕρπει,
2596 1218 2690 1270 καὶ
2718 1212 2829 1271 οἷον
2856 1218 2949 1271 τὸν
2968 1218 3251 1287 κολοφῶνα
3283 1220 3392 1272 τῶν

1811 1302 2227 1373 ἁμαρτημάτων
2256 1302 2473 1370 ἐπάγει,
2509 1302 2604 1356 καὶ
2640 1302 2762 1355 ὅσον
2802 1301 3086 1372 ἀνορύττει
3122 1303 3392 1375 βάραθρον

1811 1385 2117 1457 τιμωρίας;
2144 1384 2439 1457 Φεύγωμεν
2466 1386 2646 1439 τοίνυν
2684 1386 2842 1439 τοῦτο
2874 1385 2934 1439 τὸ
2977 1386 3148 1449 πάθος
3172 1385 3223 1453 ι),
3251 1389 3393 1456 ἀγα-

1814 1469 2000 1537 πητοὶ,
2031 1467 2125 1521 καὶ
2156 1468 2294 1539 μήτε
2323 1467 2626 1538 φθονῶμεν,
2653 1462 2789 1522 ἀλλὰ
2807 1469 2898 1522 καὶ
2922 1469 3028 1522 τῶν
3054 1469 3393 1538 φθονούντων

1815 1549 2267 1621 ὐπερευχώμεθα,
2297 1552 2393 1605 καὶ
2423 1552 2600 1605 πάντα
2633 1551 2877 1622 ποιῶμεν
2909 1547 3050 1604 ὥστε
3087 1552 3267 1606 αὐτῶν
3296 1571 3395 1605 κα-

1812 1632 2072 1686 τασϐέσαι
2107 1633 2166 1686 τὸ
2191 1634 2382 1698 πάθος.
2428 1633 2590 1687 Ἀλλά
2626 1633 2699 1705 μὴ
2744 1636 2812 1687 τά
2856 1632 2965 1687 τῶν
3008 1636 3253 1706 ἀνοήτων
3285 1636 3393 1688 πά-

1814 1738 2063 1792 σχωμεν,
2111 1722 2182 1787 οἳ,
2243 1721 2557 1793 βουλόμενοι
2604 1723 2759 1795 δίκην
2807 1723 3004 1788 αὐτοὺς
3067 1726 3390 1797 ἀπαιτῆσαι,

1814 1805 1992 1859 πάντα
2015 1806 2259 1860 ποιοῦσιν
2286 1807 2424 1860 ὥστε
2448 1806 2628 1859 αὐτῶν
2648 1807 2850 1877 ἀνάψαι
2873 1808 2971 1877 τὴν
3002 1808 3198 1877 φλόγα.
3233 1809 3394 1862 Ἀλλά

1817 1890 1892 1959 μὴ
1927 1892 2089 1961 ἡμεῖς
2120 1890 2313 1953 οὓτως,
2359 1890 2493 1945 ἀλλά
2534 1890 2860 1961 δακρύωμεν
2888 1886 3086 1956 αὐτοὺς
3122 1894 3217 1947 καὶ
3263 1894 3394 1967 θρη-

1813 1971 2015 2042 νῶμεν.
2038 1972 2200 2026 Αὐτοὶ
2219 1974 2327 2044 γάρ
2348 1976 2484 2027 εἰσιν
2508 1973 2557 2026 οἰ
2765 1973 3103 2044 ἠδικημένοι,
3134 1976 3395 2047 σκώληκα

1815 2052 2031 2127 ἔχοντες
2074 2055 2297 2129 διηνεκῆ
2350 2056 2722 2128 διατρώγοντα
2777 2057 2956 2109 αὐτῶν
3003 2058 3103 2126 τὴν
3141 2058 3392 2127 καρδίαν,

1816 2139 1909 2192 καὶ
1942 2138 2121 2209 πηγὴν
2153 2140 2231 2194 ίοῦ
2268 2142 2593 2211 συνάγοντες
2636 2141 2817 2210 πάσης
2845 2140 3007 2211 χολῆς
3038 2142 3391 2213 πικροτέραν.

1816 2219 2236 2293 Παρακαλῶμεν
2290 2225 2471 2277 τοίνυν
2523 2224 2614 2277 τὸν
2672 2224 3054 2295 φιλάνθρωπον
3113 2224 3245 2277 Θεὸν
3299 2224 3396 2278 καὶ

1815 2306 2046 2370 ἐκείνοις
2070 2306 2131 2359 τὸ
2166 2306 2336 2371 πάθος
2368 2307 2711 2378 μεταϐαλεῖν,
2744 2308 2837 2360 καὶ
2874 2305 3021 2378 ἡμᾶς
3050 2307 3260 2378 μήποτε
3289 2309 3394 2378 ἐμ-

1816 2391 2000 2442 πεσεῖν
2032 2389 2110 2458 τῷ
2149 2389 2573 2461 νοσήματα,Κώ
2608 2391 2716 2461 γὰρ
2758 2390 2959 2453 ἄϐατος
2987 2390 3016 2442 6
3051 2390 3279 2461 οὐρανὸς
3318 2390 3397 2455 τῷ

1814 2471 2017 2542 ταύτην
2040 2470 2215 2541 ἔχοντι
2253 2473 2352 2542 τὴν
2379 2473 2643 2542 τηκεδόνα
2665 2490 2679 2502 °
2705 2470 2801 2525 καὶ
2829 2472 2934 2544 πρὸ
2961 2471 3057 2525 τοῦ
3085 2474 3312 2544 οὐρανοῦ
3338 2473 3397 2525 δὲ

1815 2556 1909 2609 καὶ
1937 2556 1966 2607 6
1995 2554 2184 2625 παρὼν
2213 2555 2323 2625 βίος
2356 2555 2606 2618 ἀϐίωτος.
2647 2554 2782 2609 Οὐδὲ
2813 2556 2921 2625 γάρ
2951 2555 3092 2609 οὕτω
3116 2556 3267 2621 ξύλον
3302 2558 3399 2611 καὶ

1814 2638 1961 2709 ἔριον
2004 2640 2103 2710 σὴς
2133 2638 2507 2709 ἐγκαθήμενος
2539 2637 2634 2692 καὶ
2665 2637 2880 2711 σκώληξ
2907 2638 3228 2713 διατρώγειν
3271 2643 3397 2694 εἴω-

1816 2723 1927 2786 θεν,
1964 2721 2039 2784 ώς
2059 2726 2087 2775 6
2116 2722 2217 2791 τῆς
2257 2720 2559 2792 βασκανίας
2584 2723 2816 2793 πυρετὸς
2847 2722 2987 2776 αὐτά
3017 2723 3293 2777 κατεσθίει
3327 2726 3396 2778 τά

1818 2804 1955 2858 ὀστᾶ
1974 2803 2083 2855 τῶν
2111 2804 2533 2874 βασκαινόντων,
2574 2806 2670 2858 καὶ
2701 2806 2799 2875 τῆς
2828 2804 3006 2875 ψυχῆς
3047 2805 3144 2876 τὴν
3180 2824 3395 2878 σωφροο

1824 2885 1992 2957 σύνην
2019 2886 2364 2956 λυμαίνεται.
2403 2887 2500 2939 'lv‘
2538 2883 2632 2941 οὖν
2674 2889 2767 2941 καὶ
2802 2890 3025 2953 ἑαυτοὺς
3052 2891 3146 2942 καὶ
3178 2890 3398 2962 ἐτέρους

1824 2969 1931 3023 τῶν
1980 2969 2191 3041 μυρίων
2225 2967 2625 3041 ἀπαλλάξωμεν
2666 2970 2877 3037 κακῶν,
2911 2971 3271 3043 ἀπελάσωμεν
3309 2975 3399 3027 τὸν

1824 3054 2057 3126 πονηρὸν
2084 3053 2273 3106 τοῦτον
2307 3052 2365 3117 ἐξ
2394 3053 2548 3124 ἡμῶν
2583 3052 2837 3124 πυρετόν,
2884 3054 2977 3107 τὸν
3018 3056 3201 3126 πάσης
3233 3074 3397 3126 τηκεο

1823 3140 1973 3200 δόνος
2020 3135 2398 3207 χαλεπώτερον
2436 3149 2449 3164 ⁵
2502 3135 2999 3207 ἴνανπνευματικὴν
3042 3138 3399 3203 ἀναλαϐόντες

1827 3224 1999 3293 ἰσχὺν,
2029 3221 2236 3274 καὶτὸν
2276 3219 2521 3290 παρόντα
2549 3219 2888 3290 διανύσωμεν
2915 3220 3121 3289 ἀγῶνα,
3162 3222 3254 3274 καὶ
3292 3223 3399 3276 τῶν

1824 3306 2125 3377 μελλόντων
2172 3302 2518 3372 ὲπιτύχωμεν
2559 3302 2841 3370 στεφάνων
2866 3319 2880 3333 ο
2912 3299 2986 3355 ῶν
3015 3304 3225 3372 γένοιτο
3264 3308 3401 3359 πάν-

1819 3407 1916 3452 τας
1944 3388 2090 3459 ἡμᾶς
2112 3388 2406 3457 ἐπιτυχεῖν.
2431 3386 2613 3458 χάριτι
2638 3388 2732 3439 καὶ
2761 3386 2950 3456 φιλανθ
2962 3388 3141 3460 ρωπίᾳ
3167 3388 3261 3442 τοῦ
3285 3392 3398 3444 Κυ-

1824 3473 1940 3544 ρίου
1972 3470 2127 3541 ημῶν
2173 3468 2347 3538 Ἰησοῦ
2379 3467 2641 3537 Χριστοῦ,
2685 3469 2804 3539 μεθ’
2844 3464 2905 3524 οὗ
2934 3471 3011 3541 τῷ
3046 3472 3245 3541 Πατρί,
3277 3472 3394 3543 ἅμα

1818 3554 1897 3624 τῷ
1927 3554 2064 3624 ἁγίῳ
2097 3551 2397 3621 Πνεύματι,
2423 3551 2571 3617 δόξα,
2603 3552 2823 3621 κράτος,
2854 3553 3008 3625 τιμὴ,
3050 3553 3144 3607 νῦν
3168 3556 3261 3608 καὶ
3286 3556 3395 3622 ἀεὶ,

1821 3638 1915 3691 καὶ
1937 3639 2015 3700 εἰς
2047 3637 2174 3699 τοὺς
2205 3634 2407 3696 αἰῶνας
2438 3636 2547 3687 τῶν
2585 3636 2816 3689 αἰώνων.
2865 3635 3059 3707 Ἀμήν.

1883 3812 2103 3881 [εδνίί.
2152 3812 2212 3881 in.
2256 3823 2431 3881 marg,
2478 3808 2777 3881 ψηφίσασθαι
2809 3809 2969 3873 αὐτῷ,
3026 3806 3153 3858 forte
3198 3810 3397 3859 melius.

1819 3876 1850 3917 ιι
1878 3874 2088 3928 Δὺοΐαηι
2109 3871 2276 3931 verba,
2298 3871 2443 3921 τοῦτο
2465 3871 2522 3919 τὸ
2552 3871 2717 3927 πάθος.

140 4018 3341 4059 Mm

1555 4147 1802 4205 OMIAIA
1855 4140 1981 4199 AB’.

80 4263 284 4333 Ὑμεῖς
311 4260 397 4317 δέ
440 4260 605 4314 ἐστε
635 4257 810 4328 σῶμα
859 4253 1148 4326 Χριστοῦ,
1187 4252 1287 4307 καὶ
1312 4251 1468 4321 μέλη
1499 4249 1568 4303 ἐκ
1609 4247 1715 4319 μέ-

814 4352 1026 4410 ρουςα-

129 4449 209 4497 α’.
236 4442 381 4496 Ἵνα.
415 4438 551 4510 γὰρ
570 4439 644 4510 μή
660 4454 743 4501 τις
770 4427 1013 4511 λέγῃ,Τί’
1032 4434 1167 4505 πρὸς
1194 4432 1343 4503 ἡμᾶς
1356 4431 1450 4484 τοῦ
1470 4427 1716 4501 σώματος

57 4529 121 4582 τὸ
158 4525 569 4593 ὑπόδειγμας
618 4522 795 4575 έκεῖνο
832 4521 932 4590 μὲν
979 4517 1087 4589 γὰρ
1126 4514 1286 4583 φύσει
1329 4513 1607 4579 δουλεύει,
1646 4514 1717 4566 τὰ

52 4611 111 4663 δὲ
145 4609 447 4680 ἡμέτερα.
507 4602 891 4675 προαιρέσεώς
938 4601 1057 4654 ἐστι
1098 4597 1532 4668 κατορθώματα’
1581 4614 1710 4668 προ-

50 4696 214 4761 ἀγων
245 4692 279 4731 ι’
326 4687 497 4744 αὐτὸ
541 4688 658 4749 τοῖς
693 4685 814 4740 καθ’
843 4686 992 4758 ἡμᾶς
1026 4683 1351 4755 πράγμασι,
1380 4682 1474 4734 καὶ
1501 4680 1715 4743 δεικνὺς

43 4776 131 4829 ὅτι
164 4773 503 4842 τοσαύτην
540 4768 652 4823 ἀπὸ
680 4767 902 4839 γνώμης
929 4766 1217 4837 ὀφείλομεν
1260 4765 1403 4834 ἔχειν
1436 4763 1710 4833 ὁμόνοιαν,

42 4860 189 4929 ὅσην
239 4856 375 4911 ἀπὸ
432 4851 678 4923 φύσεως
728 4852 930 4915 ἐκεῖνα,
977 4851 1165 4920 φησίν,
1224 4846 1422 4918 Ὑμεῖς
1466 4846 1535 4900 δέ
1573 4846 1714 4901 ἐστε

41 4942 237 5013 σῶμα
268 4935 614 5009 Χριστοῦ.
646 4935 711 4987 El
734 4934 791 4988 δὲ
816 4934 875 4987 τὸ
901 4933 1168 5004 ἡμέτερον
1196 4932 1269 4985 οὐ⁸
1290 4931 1371 4984 δεῖ
1399 4930 1712 4992 στασιάζειν

41 5028 249 5096 σῶμα,
297 5019 532 5091 πολλῷ
573 5017 772 5088 μᾶλλον
813 5017 877 5070 τὸ
918 5016 1012 5070 τοῦ
1056 5014 1315 5086 Χριστοῦ,
1350 5015 1447 5068 καί⁸
1474 5014 1714 5085 τοσούτῳ

41 5110 269 5181 μᾶλλον
294 5147 315 5172 ,
364 5107 506 5174 ὅσῳ
566 5100 782 5169 φύσεως
825 5100 986 5170 χάρις
1015 5098 1377 5169 δυνατωτέρα.
1414 5097 1525 5181 Καί
1553 5097 1710 5181 μέλη

41 5179 107 5249 ἐκ
128 5193 429 5264 μέρους.
470 5184 572 5240 Οὐ
601 5184 706 5257 γάρ
728 5182 792 5253 δὴ
822 5182 982 5252 σῶμα
1012 5182 1190 5251 μόνον,
1234 5181 1419 5264 φησὶν,
1447 5179 1583 5234 ἀλλά
1615 5179 1712 5264 καὶ

41 5263 191 5348 μέλη
233 5274 473 5345 ἐσμέν.
522 5268 671 5338 Περὶ
712 5267 821 5337 γὰρ
861 5263 1188 5336 ἀμφοτέρων
1217 5263 1711 5348 τούτωνάνωτέρω

41 5347 348 5433 maele-:1.
401 5353 572 5415 τοὺς
598 5350 824 5433 πολλοὺς
851 5348 1022 5433 ειςγὲν
1047 5348 1323 5433 συνάγων,
1357 5347 1454 5433 καὶ
1496 5347 1709 5433 δεικνύς

41 5430 314 5505 ὶπαντας
352 5440 427 5492 ἐν
458 5453 533 5489 τι
573 5432 716 5487 κατά
740 5432 839 5503 τὴν
866 5432 961 5485 τοῦ
993 5430 1249 5502 σώματος
1282 5430 1464 5485 εἰκόνα
1489 5430 1710 5501 γινομέ-

95 5561 124 5591 ⁶
155 5559 472 5617 ῐηῑθτριιεε
497 5544 745 5617 Vqlgalag
765 5544 848 5607 Qui
873 5546 1041 5617 νοτίῃ,
1086 5550 1132 5617 εξ
1151 5542 1447 5617 ιηεηιίγραε
1470 5542 1703 5617 ηιεηιῑξιςο,

50 5605 336 5681 egit—[fagi
362 5615 534 5681 μέλη.
569 5605 855 5681 ιξκίμέλιιςῦςἶ
905 5606 1005 5681 Sed
1040 5606 1218 5681 egdem
1257 5605 1389 5657 redit
1434 5608 1698 5657 sententia.

41 5696 53 5719 ι
83 5669 265 5732 ἓεὺιι.
296 5669 635 5738 legendum
651 5670 924 5732 suspicatur
942 5669 1213 5731 προσάγων.

1817 4258 1966 4303 νους,
1994 4237 2089 4292 καὶ
2117 4237 2179 4291 τὸ
2209 4236 2268 4289 ἓν
2294 4235 2455 4289 τοῦτο
2480 4234 2570 4288 διὰ
2599 4234 2708 4289 τῶν
2744 4233 2953 4288 πολλῶν
2981 4235 3396 4307 συνιστάμενον,

1818 4325 1911 4379 καὶ
1946 4325 2002 4377 ἐν
2029 4323 2142 4384 τοῖς
2170 4320 2384 4383 πολλοῖς
2416 4319 2496 4383 ὂν,
2516 4320 2618 4372 καὶ
2648 4318 2719 4372 τά
2746 4318 2914 4372 πο).λά
2948 4320 3013 4371 ὲκ
3041 4319 3232 4373 τούτου
3269 4339 3397 4375 συν-

1817 4409 2049 4480 εχόμενα
2092 4403 2189 4457 καὶ
2230 4402 2503 4473 δυνάμενα
2546 4400 2683 4456 εἶναι
2723 4401 2918 4480 πολλά.
2952 4401 3016 4454 Τί
3060 4401 3115 4453 δέ
3154 4404 3269 4455 ἐστι
3310 4405 3394 4465 τὸ,

1828 4478 1923 4543 Ἐκ
1948 4488 2206 4558 μέρους;
2229 4486 2302 4539 Τό
2327 4502 2391 4553 γε
2420 4485 2500 4547 εἰς
2542 4485 2685 4555 ὑμᾶς
2713 4478 2869 4555 ἧκον,
2896 4484 2989 4535 καὶ
3016 4484 3138 4536 ὅσον
3163 4485 3311 4548 sua;
3338 4486 3398 4550 ἐξ

1816 4572 1971 4643 ὐμῶν
1991 4568 2409 4640 οἰκοδομηθῆναι
2435 4568 2620 4639 μέρος.
2657 4568 2876 4637 Ἐπειδὴ
2901 4566 3009 4637 γὰρ
3033 4563 3173 4632 εἷπε,
3198 4566 3393 4636 Σῶμα,

1812 4657 1877 4710 τὸ
1906 4657 1963 4712 δὲ
1989 4657 2097 4709 πᾶν
2121 4654 2281 4725 σῶμα
2308 4647 2397 4723 ἦν,
2430 4653 2548 4722 οὐχὶ
2577 4655 2609 4722 ἡ
2639 4653 2790 4723 παρά
2820 4649 3127 4721 Κορινθίοις
3166 4650 3397 4723 Ἐκκληο

1816 4740 1929 4805 σία,
1982 4738 2098 4794 ἀλλ’
2145 4739 2179 4809 ή
2228 4735 2502 4806 πανταχοῦ
2553 4736 2651 4805 τῆς
2696 4734 3043 4804 οἰκουμένης,
3092 4733 3179 4787 διά
3235 4734 3395 4788 τοῦτο

1814 4826 2035 4895 ἔφησεν,
2073 4824 2174 4878 Ἐκ
2200 4820 2422 4891 μέρους
2443 4836 2456 4849 ·
2490 4819 2790 4884 τουτέστιν,
2818 4819 2898 4871 ὄτι
2933 4817 2998 4870 Ἦ
3031 4816 3327 4888 Ἐκκλησία
3355 4821 3388 4890 η

1814 4909 1943 4980 παρ’
1985 4908 2114 4977 ὑμῖν
2168 4904 2334 4976 μέρος
2372 4904 2492 4956 ἐστὶ
2522 4903 2622 4972 τῆς
2653 4900 2930 4971 πανταχοῦ
2965 4901 3225 4972 κειμένης
3266 4901 3390 4954 Ἐκ·-

1813 4992 2059 5062 κλησίας,
2090 4990 2184 5044 καὶ
2225 4988 2320 5042 τοῦ
2366 4986 2617 5057 σώματος
2646 4984 2741 5038 τοῦ
2794 4984 2882 5038 διὰ
2922 4984 3109 5036 πασῶν
3145 5000 3392 5037 συνιστα-

1816 5076 1977 5147 μένου
2009 5073 2118 5127 τῶν
2172 5070 2508 5140 Ἐκκλησιῶν
2533 5086 2546 5099 ·
2594 5068 2735 5122 ὥστε
2782 5067 2901 5138 οὐχὶ
2948 5068 3086 5138 πρὸς
3130 5066 3389 5137 ἀλλήλους

1816 5158 1996 5229 μόνον,
2029 5155 2165 5209 ἀλλά
2204 5154 2299 5207 καὶ⁸
2334 5152 2469 5223 πρὸς
2500 5153 2681 5205 πᾶσαν
2708 5155 2806 5224 τὴν
2836 5150 2977 5204 κατά
3000 5150 3098 5221 τὴν
3128 5152 3388 5220 οίκουμέ-

1812 5258 1909 5311 νην
1947 5235 2276 5307 Ἐκκλησίαν
2323 5233 2625 5306 εἰρηνεύειν
2656 5232 2723 5287 ἂν
2771 5234 2919 5304 εἴητε
2965 5233 3197 5300 δίκαιοι,
3244 5234 3298 5287 εί
3325 5250 3388 5302 γε

1812 5324 2013 5386 παντός
2044 5323 2169 5374 ὲστε
2203 5318 2339 5390 μέλη
2369 5319 2462 5371 τοῦ
2504 5317 2774 5389 σώματος.
2803 5319 2912 5373 Καὶ
2942 5318 3047 5385 οὒς
3079 5316 3193 5388 μὲν
3223 5317 3391 5372 ἔθετο

1810 5410 1843 5461 ό
1874 5406 2018 5470 Θεὸς
2066 5404 2137 5458 ἐν
2178 5402 2255 5471 τῇ
2305 5402 2647 5470 Ἐκκλησία,
2695 5401 2933 5471 πρῶτον
2979 5403 3388 5481 ἀποστόλους,

1811 5487 1962 5562 [286]
2012 5487 2293 5554 δεύτερον
2332 5484 2642 5555 προφήτας
2662 5527 2677 5552 ,
2707 5488 2908 5553 τρίτον
2940 5483 3351 5550 διδασκάλους
3372 5525 3389 5551 ,

1810 5573 2015 5626 ἔπειτα
2042 5569 2347 5639 δυνάμεις,
2377 5567 2581 5623 ἔπειτα
2611 5571 2947 5638 χαρίσματα
2976 5566 3255 5637 ἰαμάτων,
3283 5567 3390 5619 ἀν-

1809 5655 2106 5725 τιλήψεις,
2159 5651 2573 5722 κυϐερνήσεις,
2635 5651 2777 5721 γένη
2836 5649 3150 5720 γλωσσῶν.
3210 5650 3387 5719 Ὅπερ
