3826 6216
44 340 81 375 ἶπδ

209 318 303 377 265

208 432 411 507 pliciter,
437 434 527 481 aut
550 424 840 496 prophetas
864 439 881 492 ;
904 422 1004 481 sed
1028 422 1260 495 primum
1287 433 1342 479 et
1370 420 1665 479 secundum
1694 430 1750 474 et

208 522 399 579 tertium
428 518 605 586 ponit;
649 515 753 571 hoc
778 517 953 584 ipsum
976 514 1119 585 quod
1156 513 1264 568 dixi
1290 514 1594 583 signiﬁcans
1655 511 1750 565 Se-

200 611 350 670 eundo
375 607 660 677 praplzetas.
699 605 1096 675 Prophetabant
1129 604 1295 671 enim,
1321 613 1381 659 ut
1401 604 1524 658 tiliae
1546 602 1750 672 Philip-

204 705 278 774 pi,
303 710 355 756 ut
383 698 613 768 Agabus,
648 707 708 752 ut
727 698 812 751 isti
837 698 934 766 ipsi
957 697 1048 768 qui
1078 706 1233 752 erant
1255 697 1392 766 apud
1418 694 1746 758 Corinthios,

199 796 259 851 de
295 791 474 859 quibus
516 790 665 855 dicit,
724 789 999 858 Propheta
1052 789 1156 843 duo
1206 799 1295 843 aut
1340 801 1440 843 tres
1485 788 1752 859 loquantur

197 883 399 956 (Labr.
427 880 674 957 14.?9).
718 880 786 934 Et
836 880 903 934 ad
948 879 1285 935 Timetheum
1316 880 1558 935 scribens
1607 879 1750 934 dicc-

195 977 277 1029 bat
312 991 328 1027 :
373 971 493 1025 Noli
534 971 783 1042 negligere
810 972 1028 1041 gratiam
1063 987 1175 1041 qua:
1206 972 1260 1025 in
1287 980 1333 1025 te
1355 981 1464 1038 est,
1507 985 1620 1041 quis
1660 969 1751 1024 tibi

192 1071 306 1121 data
330 1074 399 1120 est
434 1080 524 1133 per
551 1064 866 1133 prophetiam
896 1064 974 1132 (1.
1000 1062 1137 1117 Tim.
1167 1064 1222 1119 4.
1248 1064 1361 1131 lt).

257 1156 434 1211 Plures
457 1156 714 1225 prophetae
748 1164 893 1209 eram
918 1156 971 1208 in
1001 1154 1227 1209 Ecclesia
1254 1152 1478 1219 Christi,
1526 1170 1677 1224 quam
1696 1153 1752 1207 in

190 1251 290 1320 lege
306 1248 471 1316 ueteri.
499 1275 572 1287 ο-
592 1247 669 1300 Ae
710 1247 867 1315 longe
904 1246 1083 1316 plures
1110 1252 1238 1301 tunc
1265 1253 1420 1300 erant
1444 1245 1748 1314 prophetas,

187 1357 335 1414 quam
362 1342 414 1394 in
445 1338 621 1394 Veteri
652 1339 1014 1394 Testamento.
1057 1337 1240 1408 Neque
1283 1337 1427 1392 enim
1455 1336 1523 1390 ad
1565 1336 1751 1390 decem

188 1443 239 1489 et
275 1429 454 1499 viginti
488 1437 549 1483 et
587 1428 966 1500 quinquaginta
1006 1437 1063 1482 et
1088 1437 1303 1482 centum
1337 1425 1607 1481 redactum
1637 1433 1754 1479 erat

188 1520 469 1593 prophetia:
514 1519 754 1584 donum;
801 1518 898 1574 sed
941 1518 1057 1573 haec
1095 1518 1267 1588 gratia
1309 1517 1536 1572 ubertim
1580 1515 1751 1571 ell‘un-

186 1616 435 1689 debatur,
480 1620 536 1666 et
580 1611 803 1682 singulas
848 1610 1104 1664 Ecclesia:
1130 1609 1329 1663 multos
1360 1608 1625 1664 habebant
1661 1607 1751 1677 qui

184 1703 585 1775 prophetabaut.
610 1701 761 1769 Quod
786 1701 834 1756 si
860 1700 1108 1755 Christus
1131 1699 1295 1764 dicat,
1323 1698 1433 1753 Lex
1454 1709 1500 1754 et
1527 1698 1750 1768 prophe-

179 1808 242 1851 tte
282 1811 439 1864 usque
487 1793 556 1846 ad
593 1792 847 1848 Joannem
874 1791 1088 1862 (Hatth.
1118 1792 1205 1846 11.
1240 1790 1447 1861 15),‹Ῐο
1473 1790 1580 1845 illis
1614 1789 1754 1844 dixit

181 1888 467 1959 prophetis,
517 1886 609 1956 qui
653 1885 769 1955 ejus
808 1885 1095 1939 adventum
1140 1883 1526 1955 praedixerunt.
1584 1880 1752 1936 Tertio

178 1982 423 2032 doctores.
458 1976 594 2031 Nam
624 1975 715 2046 qui
745 1975 1052 2045 prophetat,
1079 1975 1258 2029 omnia
1298 1990 1327 2027 a
1356 1973 1556 2043 Spiritu
1583 1973 1754 2043 loqui-

178 2081 259 2124 tur
293 2086 305 2120 :
337 2069 426 2138 qui
469 2068 628 2122 docet
672 2077 874 2130 autem,
925 2065 1213 2135 aliquando
1236 2079 1302 2119 ex
1324 2064 1540 2134 propria
1572 2070 1754 2119 mente

171 2159 401 2214 disserit.
434 2157 563 2214 ideo
589 2157 803 2212 dicebat
832 2174 846 2210 :
880 2156 981 2223 Qui
1026 2157 1148 2210 bene
1184 2164 1405 2227 prtesunt
1444 2154 1748 2226 presbyteri,

174 2252 360 2319 duplici
410 2250 603 2304 honore
649 2250 792 2321 digni
836 2248 1146 2314 habeantur,
1194 2247 1412 2301 maxime
1451 2256 1623 2301 autem
1666 2247 1754 2317 qui

170 2342 398 2397 laborant
421 2342 477 2396 in
505 2342 653 2397 verbo
681 2352 728 2397 et
753 2342 985 2396 doctrina
1021 2341 1100 2412 (1.
1133 2339 1265 2395 Tim.
1293 2339 1348 2396 5.
1375 2339 1486 2410 17).
1514 2338 1616 2406 Qui
1658 2353 1755 2393 au-

171 2446 273 2491 tem
314 2436 525 2505 Spiritu
569 2435 751 2491 omnia
793 2434 1048 2504 loquitur,
1091 2449 1200 2489 non
1243 2433 1488 2495 laborat;
1522 2432 1751 2503 ideoque

167 2522 285 2598 post
308 2527 633 2598 praphetam
664 2526 812 2580 illum
840 2525 1053 2594 posuit;
1092 2524 1345 2597 quoniam
1377 2523 1508 2579 illud
1538 2522 1749 2594 quidem

166 2630 333 2675 totum
364 2629 451 2675 est
476 2619 705 2682 donum,
749 2616 853 2673 hoc
886 2626 1063 2672 autem
1094 2615 1260 2672 etiam
1298 2614 1560 2670 humanus
1580 2614 1750 2671 labor.

161 2712 371 2767 Etenim
398 2726 469 2765 ex
494 2725 557 2765 se
581 2724 791 2779 quoque
812 2708 975 2765 multa
1006 2707 1262 2776 loquitur,
1291 2722 1412 2776 qua:
1432 2716 1609 2762 tamen
1628 2720 1752 2760 cum

160 2802 354 2857 divinis
379 2798 677 2870 Scripturis
702 2806 1021 2853 consonant.
1052 2795 1252 2851 Deinde
1279 2797 1488 2851 virtutes
1512 2837 1528 2863 ,
1568 2796 1753 2849 deinde

157 2894 348 2963 gratias
373 2892 721 2945 curationum.
771 2889 955 2944 Viden’
996 2886 1265 2959 quomodo
1301 2902 1515 2957 rursum
1558 2886 1751 2942 distin-

158 2984 267 3053 guit
309 2984 628 3039 curationes
674 2998 705 3037 a
750 2983 984 3046 virtute,
1012 2979 1155 3051 quod
1191 2980 1353 3036 etiam
1399 2988 1557 3033 antea
1585 2979 1752 3035 fecit?

160 3076 326 3130 virtus
345 3076 502 3130 enim
526 3074 699 3144 majus
727 3073 998 3144 quidpiam
1025 3080 1109 3127 est
1128 3113 1145 3139 ,
1171 3086 1332 3142 quam
1359 3071 1587 3125 curatio.
1618 3069 1750 3125 Nam

153 3168 241 3236 qui
280 3167 547 3222 virtutem
591 3167 769 3231 habet,
813 3175 869 3221 et
906 3165 1133 3234 castigat
1161 3172 1219 3219 et
1266 3172 1459 3220 curat:
1491 3163 1585 3233 qui
1622 3179 1750 3219 vero

148 3261 379 3331 gratiam
407 3259 754 3316 curationum
786 3258 967 3322 habet,
999 3257 1218 3314 morbos
1246 3264 1450 3312 tantum
1478 3264 1651 3313 curat.
1682 3256 1751 3312 Et

151 3352 271 3407 vide
315 3366 487 3422 quam
516 3350 722 3421 optimo
749 3365 877 3404 usus
900 3348 974 3403 sit
996 3347 1188 3404 ordine
1206 3388 1224 3415 ,
1265 3361 1387 3403 cum
1413 3346 1746 3417 prophetiam

145 3450 271 3497 ante
314 3443 559 3497 virtutes
607 3450 662 3496 et
710 3442 1013 3496 curationes
1058 3437 1258 3510 posuit.
1301 3439 1563 3509 Superius
1604 3440 1746 3494 enim

146 3533 234 3586 ubi
262 3532 491 3587 dicebat
524 3549 539 3585 :
571 3531 673 3584 Alii
701 3531 904 3600 quidem
930 3545 1021 3599 per
1042 3528 1297 3600 Spiritum
1318 3529 1466 3584 datus
1491 3537 1565 3584 est
1584 3546 1748 3585 sermo

141 3624 439 3692 sapientiae,
480 3632 529 3676 et
556 3623 646 3677 alii
671 3638 835 3676 sermo
860 3622 1085 3675 scientiis
1102 3636 1125 3685 ;
1170 3636 1276 3676 non
1308 3621 1504 3676 ordino
1544 3636 1745 3691 ponens

141 3713 379 3780 dicebat,
417 3713 520 3768 sed
552 3711 1053 3778 indiscriminatim;
1085 3710 1171 3767 hic
1203 3719 1383 3767 autem
1409 3719 1465 3767 et
1489 3712 1749 3782 praeponit

139 3816 194 3861 et
235 3807 489 3878 subjicit.
538 3805 648 3861 Cur
697 3821 826 3876 ergo
864 3804 1201 3874 prophetiam
1248 3804 1563 3875 praeponit?
1610 3804 1743 3871 Quia

136 3898 300 3953 etiam
330 3898 387 3952 in
413 3896 603 3952 Veteri
624 3896 964 3951 Testamento
990 3895 1150 3950 talem
1179 3895 1423 3951 ordinem
1443 3895 1530 3949 illa
1557 3894 1741 3950 habet.

137 3987 272 4045 Cum
300 3989 463 4044 enim
486 3988 653 4043 Isaias
676 3986 892 4042 Judaeos
920 3986 1303 4055 alloqueretur,
1332 3994 1387 4040 et
1412 3985 1621 4040 virtutis
1649 3984 1745 4049 Dei

131 4078 677 4135 demonstrationem
706 4077 993 4148 praeberet,
1020 4076 1239 4131 vilitatis
1261 4074 1566 4147 daemonum
1595 4090 1747 4145 argu-

132 4181 389 4227 mentum
424 4172 484 4226 in
512 4170 750 4225 medium
776 4168 1001 4224 adduxit
1029 4184 1044 4223 :
1068 4176 1125 4224 et
1150 4168 1251 4224 hoc
1280 4166 1579 4222 divinitatis
1624 4169 1743 4236 ejus

126 4265 267 4320 dixit
296 4279 435 4320 esse
471 4263 726 4318 indicium
752 4265 1069 4328 maximum,
1114 4259 1257 4331 quod
1284 4259 1458 4315 futura
1486 4259 1742 4330 praedice-

128 4370 234 4414 ret.
277 4359 551 4415 Christus
593 4373 721 4412 vero
759 4355 849 4425 qui
900 4363 977 4410 tot
1017 4353 1274 4408 miracula
1318 4360 1574 4423 patrarat,
1623 4368 1733 4409 non

124 4466 363 4521 parvum
412 4450 527 4505 hoc
555 4447 684 4503 dicit
724 4462 848 4503 esse
893 4447 1186 4501 divinitatis
1225 4460 1338 4500 sua:
1383 4445 1632 4515 signum;
1685 4453 1742 4500 et

121 4544 461 4616 frequenter
491 4544 571 4598 sic
596 4556 896 4597 sermonem
924 4537 1198 4594 concludit
1226 4554 1241 4592 :
1272 4536 1398 4591 Htec
1422 4547 1592 4591 autem
1628 4538 1738 4593 dini

117 4640 301 4706 vobis,
359 4647 423 4692 ut
482 4652 596 4689 cum
640 4634 778 4705 facta
819 4633 1038 4705 fuerint,
1090 4630 1309 4686 credatis
1343 4632 1465 4701 quia
1496 4647 1587 4702 ego
1624 4648 1738 4684 sum

118 4728 325 4801 (Joan.
360 4730 464 4785 15.
514 4726 634 4797 19).
694 4726 800 4782 Sed
848 4724 1144 4794 prophetiae
1180 4722 1303 4791 jure
1344 4732 1737 4791 postponuntur

109 4824 316 4893 gratiae
360 4818 716 4874 curationum
751 4833 764 4871 :
801 4830 900 4871 cur
927 4830 1053 4868 vero
1083 4814 1246 4868 ctiam
1272 4812 1573 4868 doctrinae?
1601 4813 1736 4881 Quia

112 4927 225 4965 non
262 4926 373 4980 par
403 4923 504 4964 res
533 4918 639 4974 est,
671 4899 892 4962 verbum
922 4904 1317 4975 praedicationis
1340 4902 1658 4958 annuntiare
1682 4912 1738 4958 et

106 5005 262 5076 piam
299 5001 642 5073 religionem
681 4999 949 5056 seminare
976 4999 1028 5052 in
1054 4997 1358 5052 auditorum
1396 4996 1609 5064 animis,
1649 5007 1734 5050 at-

110 5114 219 5166 que
272 5098 532 5152 virtutes
572 5093 785 5160 facere;
839 5092 1092 5163 quoniam
1146 5092 1277 5161 ipsae
1329 5099 1550 5160 propter
1599 5088 1732 5145 illud

103 5191 267 5247 tiunt.

172 5284 236 5337 2.
269 5283 431 5338 Cum
458 5293 591 5350 ergo
614 5279 735 5348 quis
763 5284 820 5334 et
842 5276 1008 5332 verbo
1035 5283 1090 5332 et
1114 5275 1236 5329 vitae
1260 5273 1507 5344 exemplo
1531 5274 1728 5335 erudit.

97 5376 288 5444 ntajor
336 5381 439 5429 est
490 5369 760 5425 omnibus.
809 5368 934 5424 Illos
968 5366 1112 5422 enim
1150 5366 1279 5421 dicit
1313 5366 1591 5430 doctores,
1640 5366 1729 5435 qui

95 5470 274 5523 etiam
307 5464 591 5535 operibus
628 5461 822 5517 docent
845 5468 901 5515 et
931 5458 1097 5514 verbo
1120 5457 1392 5513 erudiunt.
1432 5458 1543 5513 Hoc
1572 5458 1729 5528 igitur

93 5560 272 5616 etiam
322 5554 626 5628 apostolos
664 5566 785 5608 esse
809 5549 937 5606 fecit
970 5549 1263 5619 apostolos.
1297 5549 1363 5603 Et
1395 5549 1483 5603 illa
1511 5548 1726 5619 quidem

95 5654 191 5707 alii
220 5646 510 5706 nonnulli
530 5661 635 5702 non
661 5644 838 5715 magni
869 5643 1025 5713 pretii
1052 5641 1206 5698 initio
1235 5640 1556 5706 habuerunt,
1607 5642 1725 5707 utii

93 5746 189 5816 qui
223 5742 538 5805 dicebant,
572 5738 805 5804 Domine,
829 5752 994 5791 nonne
1025 5734 1077 5790 in
1104 5734 1307 5790 nomine
1335 5742 1421 5789 tuo
1442 5733 1719 5805 propheta-

1190 307 1285 367 ‘IN
1325 258 1540 367 EPIST.
1583 307 1602 364 1
1664 309 1756 364 ΔΙ)
1793 306 1950 365 (10R.
1993 307 2221 363 "OM"...
2267 307 2488 366 XXX“.

3328 313 3432 368 Μ

1858 421 2041 485 vimus,
2084 432 2133 476 ct
2176 422 2381 477 virtutes
2422 422 2612 479 multas
2647 424 2903 496 fecimus!
2941 435 2997 482 et
3025 435 3210 497 postea
3248 429 3433 485 audie-

1853 520 1994 575 runt,
2022 510 2317 583 Numquam
2337 515 2450 567 novi
2468 531 2553 568 vos
2572 529 2593 578 ;
2619 514 2862 571 discedite
2883 534 2916 571 a
2935 533 3018 571 me
3040 518 3128 588 qui
3151 523 3435 589 operamini

1853 600 2172 671 iniquitatem
2210 603 2423 673 (Matth.
2453 607 2507 661 7.
2531 606 2623 660 2‘2.
2646 607 2742 675 23)
2775 624 2791 662 :
2816 607 3076 663 doctrinm
3104 620 3284 667 autem
3313 627 3436 668 vcr-

1855 690 1983 747 bum
2019 693 2217 763 duplex
2262 694 2393 751 illud
2412 736 2429 761 ,
2456 696 2599 766 quod
2630 712 2727 767 per
2753 713 2917 768 opera
2944 708 3000 755 et
3025 714 3122 769 per
3148 701 3309 757 verba
3336 719 3434 758 ex-

1854 782 2084 847 hibetur,
2112 786 2285 841 malus
2311 786 2474 842 homo
2513 803 2801 858 numquam
2828 792 3143 861 susceperit.
3193 791 3352 861 Quod
3388 793 3437 851 si

1854 874 2147 945 prophetas
2176 887 2471 947 praeponat,
2502 893 2572 935 ne
2597 879 2811 936 mireris
2838 896 2854 934 :
2883 896 2989 937 non
3011 883 3159 938 enim
3178 883 3438 954 simplici—

1856 974 1940 1021 ter
1977 968 2264 1038 prophetas
2286 969 2436 1036 dicit,
2462 970 2559 1027 sed
2598 986 2694 1028 eos
2733 973 2826 1042 qui
2875 989 2972 1042 per
3016 974 3351 1045 prophetiam
3380 984 3437 1034 et

1854 1056 2159 1114 docuerunt
2197 1068 2255 1116 et
2291 1061 2344 1116 in
2384 1076 2723 1118 communem
2748 1063 3033 1120 utilitatem
3071 1067 3248 1122 omnia
3279 1067 3435 1125 dixe-

1856 1159 1985 1205 runt
2015 1167 2029 1183 ο
2060 1152 2206 1221 quod
2249 1152 2305 1206 in
2350 1155 2696 1224 sequentibus
2746 1155 3080 1213 manifestius
3129 1159 3283 1215 nobis
3333 1160 3434 1217 de-

1853 1244 2023 1299 clarat
2052 1261 2070 1298 :
2097 1244 2487 1313 Opitulationes,
2517 1248 2929 1318 gubernationcs.
2954 1249 3090 1317 Quid
3114 1260 3220 1316 est,
3255 1251 3438 1324 Opitu-

1856 1334 2110 1390 lationes?
2138 1335 2206 1391 Ut
2232 1335 2431 1391 inﬁrmi
2461 1348 2828 1408 protegantur.
2877 1338 3112 1397 Hoccine
3144 1357 3328 1411 quaeso
3353 1352 3437 1398 est

1855 1425 2167 1481 charisma?
2204 1429 2344 1483 Sane
2376 1428 2591 1499 quidem
2617 1430 2719 1485 hoc
2739 1445 2808 1486 ex
2835 1431 2933 1487 Dei
2959 1432 3102 1486 dono
3132 1442 3218 1489 cst
3248 1443 3434 1503 prote-

1852 1532 2004 1587 gere,
2043 1527 2099 1573 et
2140 1532 2230 1573 res
2273 1518 2585 1588 dispensare
2625 1520 2934 1591 spirituales
2968 1523 3251 1593 :alioquin
3272 1525 3435 1580 etiam

1855 1607 2021 1662 multa
2045 1622 2076 1661 a
2097 1607 2253 1663 nobis
2280 1610 2541 1678 praeclare
2568 1621 2717 1681 gesta
2742 1611 3066 1668 charismata
3098 1624 3288 1680 vocat,
3331 1632 3441 1670 no--

1856 1700 1973 1755 lens
2001 1707 2057 1753 ut
2081 1698 2459 1768 concidamus,
2484 1700 2582 1756 sed
2605 1702 2899 1759 ostendens
2928 1718 3025 1759 nos
3046 1718 3265 1774 semper
3283 1708 3435 1761 auxi-

1857 1791 1926 1845 lio
1954 1790 2046 1844 Dei
2072 1789 2314 1859 indigere
2332 1828 2349 1856 ,
2397 1799 2452 1845 et
2480 1805 2580 1846 nos
2603 1792 2888 1850 instituens
2917 1802 2973 1847 ut
2996 1794 3135 1864 grati
3153 1795 3319 1851 animi
3346 1797 3437 1851 si—

1856 1898 1994 1947 mus,
2040 1883 2223 1952 sicque
2252 1881 2541 1938 alacriores
2582 1883 2844 1947 reddens,
2892 1884 3217 1955 illorumque
3245 1901 3437 1944 sensus

1852 1972 2126 2027 excitans.
2152 1970 2349 2028 Cenem
2375 1973 2691 2044 linguarum.
2715 1972 2962 2030 Vidistin‘
2988 1975 3076 2031 ubi
3106 1976 3210 2032 hoc
3235 1977 3437 2033 donum

1858 2063 2116 2132 posuerit,
2140 2071 2197 2117 et
2220 2063 2490 2133 quomodo
2521 2064 2716 2135 ubique
2739 2064 2983 2123 ultimum
3008 2066 3085 2123 illi
3119 2068 3322 2125 tribuat
3340 2086 3434 2125 or—

1855 2155 2072 2210 dinem?
2100 2155 2322 2221 Deinde,
2350 2156 2472 2226 quia
2499 2170 2565 2212 ex
2602 2156 2703 2211 hoc
2727 2157 2974 2226 catalogo
3000 2159 3222 2214 multam
3248 2170 3436 2216 ostien-

1856 2244 1935 2301 dit
1976 2244 2359 2310 ditl‘crentiam,
2400 2253 2457 2300 et
2498 2245 2648 2302 illum
2678 2247 2933 2302 excitavit
2962 2249 3208 2305 morbum
3247 2266 3445 2309 eorum

1855 2336 1945 2403 qui
1972 2337 2175 2390 minora
2206 2335 2469 2391 habebant
2490 2335 2847 2404 charismata;
2876 2338 3093 2395 demum
3122 2355 3253 2396 cum
3268 2343 3428 2399 vehe-

1855 2427 2055 2482 mentia
2099 2442 2290 2498 magna
2319 2426 2441 2483 illos
2483 2426 2806 2497 aggreditur.
2835 2428 2964 2484 dum
2996 2429 3063 2487 iis
3090 2433 3260 2487 multa
3290 2448 3434 2503 pra:-

1854 2517 1948 2573 bet
1970 2526 2299 2588 argumenta,
2322 2518 2467 2589 quod
2500 2533 2604 2575 non
2632 2519 2684 2576 in
2707 2520 2878 2575 multo
2902 2522 3165 2578 minorem
3188 2524 3431 2581 ordinem

1855 2607 2056 2663 redacti
2080 2609 2208 2663 sint.
2257 2609 2392 2676 Quia
2420 2610 2563 2665 enim
2592 2611 2888 2667 verisimile
2909 2624 3027 2668 erat
3059 2614 3179 2670 illos
3208 2616 3322 2671 huic
3344 2634 3438 2671 au-

1854 2698 2066 2755 dientes
2089 2699 2275 2756 dicere
2303 2718 2318 2755 :
2345 2701 2412 2757 Et
2441 2715 2539 2756 cur
2564 2717 2672 2758 non
2699 2716 2889 2758 omnes
2917 2706 3147 2774 apostoli
3192 2707 3317 2763 facti
3358 2726 3440 2764 su-

1855 2789 2011 2843 mus?
2048 2789 2297 2859 superius
2337 2790 2555 2861 quidem
2596 2794 2767 2864 magis
2805 2795 3162 2850 eonsolatoria
3196 2799 3440 2855 oratione

1855 2894 1984 2934 usus
2000 2888 2104 2947 est,
2126 2880 2307 2937 multis
2325 2881 2618 2938 ostendens
2638 2884 2717 2939 sic
2735 2887 3043 2940 necessario
3068 2885 3265 2943 factum
3287 2906 3431 2957 esse,

1854 2970 2014 3026 etiam
2042 2971 2111 3025 ab
2132 2971 2363 3041 imagine
2390 2973 2632 3042 corporis
2665 2991 2680 3029 :
2710 2973 2906 3046 Corpus
2927 2975 3093 3043 enim,
3123 2978 3314 3048 inquit,
3337 2997 3441 3035 non

1852 3070 1925 3115 est
1951 3078 2108 3116 unum
2130 3062 2413 3118 membrum
2441 3078 2461 3118 :
2488 3073 2544 3119 et
2578 3078 2816 3131 rursum,
2847 3065 2913 3120 Si
2946 3078 3115 3122 autem
3139 3079 3301 3125 essent
3327 3087 3439 3125 om-

1852 3154 1940 3209 nia
1968 3171 2124 3209 unum
2147 3154 2442 3224 membrum,
2463 3156 2547 3211 ubi
2569 3172 2755 3227 corpus
2775 3159 2802 3212 ?
2827 3167 2883 3213 et
2910 3159 3053 3229 quod
3084 3161 3287 3217 utiliter
3313 3164 3432 3221 data

1852 3246 2001 3302 sint:
2036 3245 2319 3317 Unicuique
2364 3248 2533 3312 enim,
2576 3248 2769 3318 inquit,
2817 3251 3160 3320 manifestatio
3208 3253 3445 3324 Spiritus

1850 3337 2006 3391 datur
2036 3338 2105 3391 ad
2132 3338 2436 3405 utilitatem;
2469 3348 2525 3394 et
2555 3355 2620 3393 ex
2644 3353 2712 3395 eo
2738 3340 2881 3410 quod
2908 3356 3098 3398 omnes
3136 3360 3206 3398 ex
3247 3346 3450 3402 eodem.

1851 3428 2058 3498 Spiritu
2102 3428 2343 3495 audiant,
2396 3436 2453 3485 et
2493 3429 2638 3499 quod
2679 3429 2946 3486 charisma
2975 3432 3176 3489 donum
3205 3436 3309 3501 sit,
3340 3438 3435 3491 sed

1852 3534 1961 3574 non
2018 3519 2301 3575 debitum:
2331 3519 2616 3576 Divisiones
2666 3522 2844 3588 enim,
2893 3521 3100 3594 inquit,
3148 3528 3434 3597 gratiarum

1847 3621 1987 3679 sunt,
2028 3611 2163 3667 idem
2189 3626 2303 3666 vero
2332 3610 2601 3682 Spiritus;
2628 3621 2682 3667 et
2707 3612 2851 3683 quod
2872 3614 3235 3685 maniiestatio
3263 3618 3434 3687 Spiri-

1850 3710 1935 3756 tus
1973 3716 2069 3772 per
2106 3702 2284 3757 omnia
2327 3704 2458 3756 liat:
2493 3700 2774 3774 Unicuique
2799 3705 2968 3785 enim,
2999 3706 3190 3777 inquit,
3219 3713 3434 3781 manife-

1847 3794 1996 3847 statio
2018 3792 2172 3846 datur
2196 3810 2285 3861 per
2307 3792 2595 3864 Spiritum;
2634 3805 2687 3851 ct
2719 3809 2784 3850 ex
2813 3811 2879 3851 eo
2906 3797 3051 3867 quod
3083 3809 3244 3869 prout
3278 3801 3433 3856 vidc~

1850 3894 1936 3940 tur
1959 3885 2182 3956 Spiritui
2224 3895 2280 3941 et
2327 3886 2439 3942 Deo
2481 3887 2598 3943 haec
2643 3887 2870 3959 ﬁgurata
2921 3891 3073 3945 sint:
3110 3891 3236 3947 llwc
3285 3895 3435 3950 enim

1846 3980 2037 4045 omnia,
2096 3980 2288 4049 inquit,
2325 3989 2567 4049 operatur
2601 3996 2732 4034 unus
2762 3990 2808 4035 et
2836 3982 2971 4036 idem
2998 3982 3255 4051 Spiritus,
3308 3987 3441 4041 divi;

1844 4073 1969 4128 dens
2018 4073 2230 4144 singulis
2276 4084 2424 4144 prout
2474 4073 2625 4139 vult;
2654 4082 2737 4141 et,
2790 4073 2975 4129 Posuit
3022 4074 3160 4131 Deus
3207 4079 3429 4134 membra

1845 4166 2235 4236 unumquodque
2276 4181 2450 4221 eorum
2488 4167 2542 4220 in
2571 4181 2785 4235 corpore
2809 4167 2938 4221 sicut
2964 4168 3156 4223 voluit:
3192 4178 3247 4225 et
3284 4171 3425 4241 quod

1845 4257 2149 4312 necessaria
2193 4254 2303 4312 sint
2348 4257 2508 4313 etiam
2548 4257 2755 4312 minora
2790 4276 2804 4313 :
2836 4257 2962 4323 Qua:
2999 4260 3141 4314 enim
3166 4260 3422 4331 videntur,

1845 4350 2039 4419 inquit,
2069 4348 2351 4417 inﬁrmiora
2376 4364 2502 4415 esse,
2532 4349 2815 4404 necessaria
2834 4360 2948 4404 sunt
2970 4367 2989 4415 ;
3008 4366 3077 4406 ex
3099 4366 3164 4407 eo
3186 4353 3421 4423 quod-si-

1844 4441 2042 4495 militer
2080 4440 2383 4496 necessaria
2426 4440 2537 4494 sint
2561 4481 2576 4503 ,
2625 4440 2679 4495 in
2716 4454 2786 4496 eo
2808 4440 2949 4510 quod
2979 4457 3174 4511 corpus
3206 4444 3425 4511 perinde

1842 4540 2155 4590 construant
2175 4542 2335 4601 atque
2359 4546 2423 4587 ea
2444 4546 2563 4601 quae
2591 4530 2795 4602 majora
2822 4540 2948 4586 sont
2976 4549 2990 4586 :
3024 4531 3221 4604 Corpus
3252 4536 3385 4589 enim
3403 4578 3421 4599 .

1841 4624 2034 4693 inquit,
2060 4639 2161 4676 non
2186 4631 2258 4676 est
2279 4638 2435 4675 unum
2461 4621 2756 4689 membrum,
2779 4622 2868 4676 sed
2889 4622 3082 4689 multa;
3104 4640 3169 4679 cx
3191 4641 3256 4681 eo
3277 4630 3435 4696 quod.

1843 4718 2041 4783 majora
2072 4716 2367 4771 minoribus
2396 4731 2530 4783 opus
2559 4715 2791 4771 habeant
2833 4732 2847 4768 :
2881 4713 3003 4771 Non
3034 4728 3196 4787 potest
3236 4722 3378 4775 enim
3398 4763 3412 4786 ,

1841 4811 2046 4883 inquit,
2086 4819 2238 4880 caput
2266 4809 2431 4863 dicere
2461 4807 2691 4879 pedibus,
2742 4807 2919 4863 Vestra
2956 4826 3109 4880 opera
3139 4828 3239 4866 non
3264 4830 3429 4885 egeo;

1838 4916 1905 4956 ex
1940 4916 2007 4955 eo
2046 4899 2187 4971 quod
2214 4898 2400 4968 majori
2429 4899 2545 4953 haec
2582 4897 2827 4959 fruantur
2866 4898 3075 4954 honore
3102 4917 3115 4953 :
3138 4898 3207 4954 Ei
3251 4914 3427 4957 autem

1841 4992 1923 5045 cui
1951 4991 2121 5055 deest,
2155 4990 2359 5058 inquit,
2399 4988 2816 5044 abundantiorem
2854 4988 2991 5043 dedit
3018 4990 3306 5058 honorem;
3349 5010 3415 5049 ex

1839 5095 1906 5137 eo
1935 5080 2082 5151 quod
2112 5094 2450 5135 communem
2494 5088 2548 5133 et
2589 5094 2771 5148 parem
2801 5095 2985 5135 curam
3017 5079 3249 5137 habeant
3294 5101 3306 5136 :
3350 5082 3420 5140 In

1835 5174 2057 5239 id‘psum
2113 5172 2257 5227 enim
2303 5181 2421 5226 sunt
2459 5172 2589 5227 inter
2628 5188 2682 5226 se
2722 5172 2933 5227 invicem
2978 5174 3199 5229 sollicita
3247 5177 3439 5231 omnia

1836 5268 2099 5325 membra:
2143 5275 2194 5321 et
2224 5281 2290 5320 ex
2323 5281 2391 5321 eo
2424 5266 2563 5337 quod
2592 5267 2662 5320 sit
2688 5281 2788 5320 una
2816 5266 2984 5338 gloria
3010 5277 3067 5324 et
3095 5283 3232 5325 unus
3261 5269 3421 5327 dolor

1836 5360 2075 5430 ipsorum
2105 5361 2345 5414 omnium
2370 5374 2386 5413 ;
2416 5357 2536 5413 Sive
2565 5359 2780 5427 patitur,
2818 5358 3022 5430 inquit,
3059 5376 3216 5413 unum
3252 5376 3418 5415 mem-

1833 5451 1999 5519 brum,
2047 5453 2425 5523 compatiuntur
2448 5452 2622 5507 omnia
2651 5451 2873 5506 membra
2891 5467 2922 5516 ;.
2958 5453 3062 5507 sive
3089 5451 3419 5524 gloriﬁcatur

1833 5562 1991 5600 unum
2019 5548 2314 5613 membrum,
2340 5546 2658 5618 congaudent
2686 5544 2859 5600 omnia
2882 5545 3123 5601 membra.
3154 5546 3418 5615 Superius

1832 5639 1991 5711 igitur
2018 5655 2109 5708 per
2137 5638 2250 5694 tunc
2289 5639 2599 5695 consolatus
2623 5647 2707 5694 est
2733 5652 2749 5701 ;
2784 5637 2872 5692 hic
2900 5647 3081 5694 autem
3110 5637 3412 5693 vehemen-

1834 5743 1912 5789 ter
1940 5740 1994 5788 et
2023 5730 2348 5801 increpantis
2391 5743 2541 5786 more
2580 5728 2743 5785 verbo
2772 5728 2958 5786 utitur.
3000 5729 3152 5795 Nam,
3181 5739 3237 5786 ut
3269 5730 3402 5797 diui,
