3776 6310
383 324 485 380 267

383 455 559 511 neque
587 453 800 507 semper
827 437 1095 492 consulari
1118 478 1135 501 ,
1164 454 1338 506 neque
1366 452 1580 506 semper
1600 451 1665 492 os
1687 436 1965 493 obstruere

384 540 620 602 Oportet.
660 531 788 587 Ideo
835 538 888 585 et
935 530 1070 599 ipse,
1118 530 1240 599 quia
1272 529 1453 583 multis
1498 529 1619 583 illos
1659 527 1966 583 consolatus

388 632 541 690 emt,
573 623 926 678 vehementer
954 620 1210 689 deinceps
1239 620 1359 675 illos
1396 620 1704 683 insectatur,
1739 618 1962 673 dicens:

384 715 477 771 29.
513 715 783 786 Numquid
807 730 981 769 omnes
1007 713 1260 783 apostoli?
1290 711 1535 782 numquid
1563 727 1736 766 omnes
1760 709 1967 778 propin.~

388 808 490 862 tot?
536 806 780 875 numquid
808 822 977 860 omnes
1004 807 1219 875 gratiam
1249 803 1432 858 habent
1462 801 1822 857 curationum?
1864 798 1969 854 Nc-

383 916 491 970 quc
531 899 779 954 consistit
810 898 862 952 in
893 897 1067 966 primo
1095 895 1177 951 vel
1208 895 1444 950 secundo
1473 894 1827 958 charismate,
1872 888 1968 946 sed

385 990 562 1061 pergit
590 1004 756 1059 usque
781 989 845 1043 ad
877 998 1179 1058 postrema;
1209 996 1301 1041 aut
1332 987 1433 1041 hoc
1459 986 1641 1042 dicens
1662 1027 1676 1048 ,
1701 984 1817 1039 Non
1848 997 1969 1053 pos-

386 1090 512 1135 sunt
555 1095 742 1135 onmcs
769 1094 891 1134 esse
925 1079 1142 1142 omnia;
1169 1076 1616 1147 quemadmodum
1649 1076 1755 1130 illic
1794 1073 1967 1128 dicit:

388 1174 451 1228 Si
473 1173 646 1226 omnia
670 1180 831 1225 essent
859 1186 1016 1223 unum
1038 1169 1336 1233 membrum,
1360 1167 1446 1220 ubi
1466 1183 1649 1236 corpus
1667 1166 1692 1218 ?
1720 1165 1801 1218 vel
1826 1161 1969 1217 aliud

382 1264 660 1334 quidpiam
684 1264 807 1317 hinc
831 1272 1011 1331 postea
1040 1276 1304 1333 apparatis
1342 1260 1407 1314 ad
1435 1257 1820 1313 consolationis
1848 1270 1970 1309 ver-

388 1362 536 1417 bum.
576 1358 744 1425 Quale
761 1357 929 1411 illud?
961 1355 1113 1418 Quod
1149 1352 1396 1410 ostendat
1420 1351 1488 1407 de
1515 1350 1810 1406 minoribus
1838 1363 1966 1420 per—

392 1452 517 1507 inde
561 1461 722 1520 atque
749 1449 817 1503 de
844 1447 1135 1516 majoribus
1188 1444 1473 1509 contendi,
1518 1457 1586 1499 eo
1616 1442 1760 1513 quod
1800 1456 1974 1511 neque

393 1545 509 1600 hmc
535 1542 790 1597 erunibus
817 1539 939 1594 data
966 1539 1179 1593 fuerint.
1212 1536 1348 1605 Quid
1376 1536 1542 1601 enim,
1574 1533 1761 1604 inquit,
1796 1531 1971 1597 doles,

390 1638 532 1707 quod
561 1654 666 1691 non
695 1634 891 1689 habeas
918 1632 1142 1703 gratiam
1163 1629 1536 1685 curationum?
1558 1629 1730 1698 cogita
1756 1625 1807 1681 id
1832 1625 1974 1697 quod

398 1743 455 1785 tu
508 1730 691 1794 habes,
739 1726 946 1783 etiamsi
989 1727 1060 1781 sit
1087 1725 1282 1789 minus,
1316 1737 1457 1793 saepe
1488 1737 1592 1777 non
1626 1721 1825 1776 habere
1851 1736 1973 1775 eum

393 1823 485 1890 qui
517 1822 690 1891 majus
728 1819 1000 1890 quidpiam
1048 1817 1227 1871 habet.
1278 1814 1402 1869 Ideo
1444 1813 1520 1868 ait
1549 1829 1564 1868 :
1593 1812 1683 1868 30.
1714 1811 1977 1882 Numquid

393 1930 566 1970 omnes
592 1912 780 1983 linguis
810 1908 1122 1980 loquuntur?
1167 1905 1412 1977 numquid
1436 1920 1609 1960 omnes
1638 1905 1977 1974 interpretan-

400 2007 522 2062 tur?
545 2002 1008 2072 Quemadmodum
1038 2000 1181 2054 cnim
1204 2012 1395 2067 magna
1424 2012 1530 2051 non
1552 1996 1801 2052 omnibus
1832 1993 1979 2049 dedit

407 2099 577 2161 Deus,
607 2094 701 2150 sed
730 2093 849 2147 aliis
874 2092 977 2145 hoc
996 2132 1009 2155 ,
1038 2091 1156 2145 aliis
1185 2090 1310 2144 illud
1345 2108 1358 2144 :
1387 2089 1465 2144 sic
1500 2098 1554 2144 et
1591 2088 1643 2143 in
1683 2087 1980 2142 minoribus

402 2190 547 2254 fecit,
580 2203 698 2259 quae
731 2200 829 2240 nec
856 2183 1104 2239 omnibus
1132 2182 1426 2252 proposuit.
1460 2180 1591 2236 Illud
1628 2189 1804 2235 autem
1834 2178 1978 2242 fecit,

400 2283 619 2336 multam
650 2278 773 2333 inde
799 2274 1140 2331 concordiam
1171 2284 1224 2329 et
1259 2274 1537 2328 caritatem
1569 2271 1872 2335 aediﬁcans,
1923 2280 1982 2323 ut

402 2374 767 2445 unusquisque
798 2371 1042 2441 proximo
1067 2381 1202 2437 opus
1233 2366 1458 2427 habens,
1503 2380 1622 2419 cum
1653 2364 1816 2417 fratre
1853 2376 1979 2416 con-

401 2476 670 2539 gregetur.
701 2464 816 2519 Hoc
854 2462 906 2515 in
934 2460 1141 2516 artibus
1170 2473 1385 2529 quoque
1412 2456 1762 2527 dispensavit,
1808 2454 1981 2508 hocin

404 2556 703 2622 elementis,
738 2554 840 2608 hoc
867 2553 919 2607 in
946 2550 1142 2621 plantis
1171 2557 1225 2605 et
1254 2550 1307 2604 in
1334 2547 1591 2604 membris
1614 2546 1813 2603 nostris
1838 2554 1890 2600 et
1932 2546 1983 2599 in

404 2649 676 2706 omnibus.
1776 2650 1783 2661 ‘

477 2742 530 2797 5.
572 2737 778 2794 Deinde
798 2733 1303 2807 opportunissimam
1325 2732 1509 2803 adjicit
1525 2730 1949 2787 consolationem
1970 2772 1984 2795 ,

406 2848 526 2904 qua:
538 2830 704 2902 possit
718 2842 961 2885 recreare
982 2841 1045 2881 ac
1066 2825 1255 2881 sedare
1270 2824 1541 2879 dolentem
1561 2823 1814 2877 animam.
1828 2821 1989 2889 Quae-

408 2941 530 2981 nam
550 2925 637 2979 illa
662 2923 782 2978 est?
811 2922 900 2977 3L
936 2918 1300 2983 ιΕηιιιὶαηιὶηἱ,
1324 2916 1516 2986 inquit,
1545 2915 1853 2969 charismata
1887 2928 1993 2967 me-

409 3020 559 3073 liora.
581 3014 647 3069 Et
663 3014 830 3067 adhuc
842 3010 1241 3066 excellentiorem
1257 3008 1393 3063 vobis
1406 3008 1538 3062 viam
1556 3007 1861 3061 demonstra.
1882 3004 1995 3059 Hoc

408 3121 585 3165 autem
616 3107 802 3162 dicens
837 3102 1196 3159 subindicavit
1221 3101 1342 3156 illos
1382 3100 1435 3154 in
1472 3112 1630 3155 causa
1662 3097 1827 3153 fuisse
1850 3095 1995 3167 quod

409 3204 615 3260 minora
639 3198 964 3269 acceperint,
1004 3206 1059 3250 et
1084 3208 1250 3263 penes
1275 3192 1397 3247 illos
1420 3205 1560 3254 esse,
1591 3191 1636 3244 si
1667 3189 1854 3254 velint,
1886 3197 1998 3242 ma-

407 3296 525 3365 jora
564 3292 829 3361 accipere.
863 3286 994 3343 Cum
1025 3286 1165 3341 enim
1199 3284 1349 3350 dicit,
1376 3281 1747 3348 AEmulamini,
1794 3282 1861 3335 ab
1891 3280 1998 3335 illis

412 3384 646 3439 studium
694 3380 863 3449 exigit
905 3386 960 3432 et
988 3375 1315 3430 desiderium
1356 3376 1499 3427 circa
1543 3386 1629 3426 rt-s
1671 3371 1993 3442 spirituales.

414 3476 596 3545 Neque
622 3472 775 3539 dixit,
816 3470 1035 3540 Majora,
1083 3466 1199 3531 sed,
1236 3464 1487 3529 Meliora;
1518 3464 1570 3519 id
1612 3472 1714 3531 est,
1760 3463 1995 3529 utiliora,

415 3582 534 3636 qua:
562 3562 859 3619 conferant.
894 3560 1008 3614 lloc
1054 3568 1231 3612 autem
1263 3556 1379 3610 vult
1416 3554 1719 3625 signiﬁcare
1747 3573 1760 3609 :
1793 3555 2001 3611 Manete

414 3660 734 3716 charismata
763 3653 1153 3718 desiderantes,
1185 3658 1240 3706 et
1273 3648 1496 3704 ostendo
1524 3648 1678 3704 vobis
1705 3648 2001 3704 charisma-

418 3764 531 3810 tum
560 3751 720 3805 viam.
749 3746 866 3802 Non
895 3745 1038 3801 enim
1068 3743 1224 3809 dixit,
1263 3742 1561 3807 Charisma,
1589 3742 1707 3808 sed,
1744 3739 1913 3807 Viam,
1947 3749 2004 3796 ut

418 3846 589 3916 magis
638 3843 863 3899 extollat
905 3841 958 3896 id
1002 3838 1145 3911 quod
1197 3846 1281 3894 est
1321 3838 1580 3893 dicturus.
1621 3836 1805 3906 Neque
1857 3835 2000 3891 enim

421 3954 585 3995 unum
616 3937 699 3992 vel
724 3935 831 3990 duo
857 3935 942 3989 vel
970 3934 1067 3987 tria
1097 3931 1416 3987 charismata
1446 3928 1673 3985 ostendo
1700 3929 1876 3996 vobis,
1908 3928 2003 3984 sed

420 4032 562 4085 viam
620 4042 779 4083 unam
830 4025 897 4080 ad
943 4024 1059 4079 haec
1106 4023 1286 4079 omnia
1331 4020 1650 4087 ducentem;
1704 4036 1804 4078 nec
1843 4020 2005 4077 modo

420 4122 586 4189 viam,
616 4117 708 4173 sed
735 4116 894 4170 etiam
914 4129 1035 4169 eum
1058 4112 1375 4185 hyperbole,
1402 4121 1457 4168 et
1482 4112 1728 4169 omnibus
1754 4128 1854 4168 una
1878 4127 2004 4183 pro-

421 4211 670 4282 positam.
700 4206 815 4262 Non
847 4204 985 4261 sicut
1014 4203 1334 4259 charismata
1359 4201 1441 4258 his
1461 4201 1596 4269 hate,
1626 4202 1746 4257 aliis
1776 4203 1887 4269 illa,
1910 4204 2004 4259 sed

422 4319 531 4359 non
562 4300 739 4356 omnia
769 4296 1018 4355 omnibus
1038 4296 1267 4360 dantur;
1307 4295 1379 4349 ita
1406 4302 1459 4349 et
1488 4292 1621 4359 hoc;
1655 4294 1748 4348 sed
1786 4294 2004 4350 univer-

429 4396 544 4453 sale
571 4395 770 4449 donum
802 4399 904 4447 est.
941 4390 1172 4458 Ideoque
1213 4402 1399 4443 omnes
1427 4386 1494 4442 ad
1524 4388 1626 4442 hoc
1654 4396 1809 4442 vocat
1840 4405 1852 4440 :
1885 4403 2006 4441 nam

422 4490 516 4551 ait,
549 4483 894 4542 Entulamini
927 4483 1231 4536 charismata
1260 4479 1472 4534 meliora
1503 4495 1522 4533 :
1546 4487 1594 4531 et
1619 4478 1789 4531 adhuc
1827 4479 2008 4533 excel-

424 4582 684 4636 tentiorem
709 4579 843 4631 viam
870 4575 1005 4630 vobis
1026 4574 1313 4628 demonstro
1333 4587 1355 4637 ;
1378 4572 1653 4627 caritatem
1682 4571 1867 4627 dicens
1883 4588 2007 4642 erga

422 4673 746 4742 proximum.
779 4668 984 4725 Deinde
1013 4680 1314 4721 sermonem
1340 4665 1409 4720 de
1450 4664 1538 4719 illa
1577 4678 1929 4735 aggressurus
1956 4673 2012 4719 et

425 4765 729 4820 cncomium
773 4761 932 4831 hujus
962 4759 1219 4827 praeclare
1270 4757 1417 4823 facti,
1449 4757 1680 4825 primum
1712 4758 1842 4811 facta
1886 4772 2006 4812 cum

426 4857 518 4910 illa
550 4852 1103 4923 comparationematc
1120 4848 1187 4903 de
1231 4848 1411 4902 medio
1447 4847 1604 4911 tollit,
1633 4848 1920 4903 ostendens
1946 4864 2009 4904 ea

432 4946 563 5000 nih’il
598 4960 719 5001 esse
748 4945 865 4999 sine
891 4944 1003 5007 illa,
1036 4939 1431 5009 admodumque
1466 4937 1775 5008 prudenter.
1805 4938 1936 4995 Nam
1966 4940 2011 4995 si

431 5040 610 5098 statim
647 5036 714 5091 de
751 5035 973 5090 caritate
998 5033 1362 5097 disseruisset,
1391 5042 1447 5087 et
1471 5042 1752 5103 postquam
1781 5032 2008 5097 dixerat,

441 5128 589 5183 Viam
618 5127 755 5182 vobis
784 5127 1093 5189 demonstro,
1134 5123 1523 5193 subjunxisset,
1558 5121 1685 5177 Haec
1716 5130 1893 5176 autem
1931 5132 2013 5177 cst

426 5225 643 5284 caritas,
692 5227 746 5275 et
785 5232 889 5272 non
918 5232 1012 5285 per
1055 5215 1515 5284 comparationem
1558 5212 1853 5269 orationem
1888 5228 2009 5285 pro-

429 5314 704 5375 duxisset;
729 5311 927 5365 dictum
951 5307 1165 5377 quidam
1195 5304 1639 5371 subsannassent,
1667 5306 1745 5360 rei
1768 5306 1872 5360 vim
1904 5321 2007 5361 non

428 5408 578 5463 clare
613 5406 867 5467 scientes,
894 5401 987 5457 sed
1018 5399 1191 5454 adhuc
1217 5397 1285 5452 ad
1312 5397 1428 5454 haec
1456 5398 1738 5454 inhiantes.
1764 5400 2008 5470 Quapro-

431 5510 551 5571 pter
581 5512 685 5553 non
711 5496 889 5551 statim
920 5493 1063 5548 illam
1107 5489 1341 5552 revelat;
1384 5489 1479 5544 sed
1504 5505 1624 5543 cum
1654 5492 1828 5561 primo
1855 5490 2011 5544 audi-

436 5597 565 5648 toris
593 5595 832 5645 animmn
861 5603 955 5656 per
981 5582 1392 5656 promissionem
1419 5582 1719 5650 extulisset,
1757 5600 1819 5639 ac
1847 5585 2014 5641 dixis-

434 5693 538 5749 set,
569 5680 983 5736 Excellentiorem
1011 5676 1141 5729 viam
1170 5674 1306 5727 vobis
1325 5672 1635 5740 demonstro,
1659 5684 1711 5730 ct
1732 5677 1784 5731 in
1809 5677 2013 5734 deside-

433 5772 569 5843 rium
590 5774 919 5841 induxisset;
946 5784 1115 5843 neque
1140 5766 1219 5825 sic
1241 5764 1418 5823 statim
1446 5765 1497 5821 in
1528 5766 1667 5821 illam
1688 5765 2006 5840 ingreditur,

1152 322 1206 376 S.
1248 321 1523 378 JOANNIS
1561 317 2035 377 CllllYSOSTOMl
2072 320 2392 376 ARClllEP.
2431 321 2961 380 CONSTANTINOP.

3532 329 3621 385 268

2067 433 2164 490 sed
2185 451 2384 505 augens
2402 436 2580 492 adhuc
2594 438 2922 494 desiderium
2948 439 3100 506 illud,
3129 440 3198 497 de
3218 442 3303 497 his
3322 442 3451 512 ipsis
3471 446 3623 513 primo

2066 528 2303 593 disserit,
2333 539 2388 584 et
2408 531 2663 597 ostendit,
2695 531 2739 585 si
2783 532 2870 585 illa
2897 547 3001 586 non
3028 534 3117 599 sit,
3146 549 3209 589 ea
3235 534 3367 589 nihil
3394 551 3536 601 esse;
3578 554 3622 592 tu

2069 618 2358 673 maximam
2390 619 2513 675 illos
2542 621 2919 676 necessitatem
2949 623 3203 679 inducens
3227 641 3286 680 se
3311 638 3493 681 mutuo
3517 627 3624 682 dili-

2068 710 2249 778 gendi,
2272 712 2523 780 quoniam
2544 727 2610 767 ex
2636 727 2703 767 eo
2718 712 2859 781 quod
2883 714 2973 767 illa
2999 715 3237 784 neglecta
3259 715 3465 783 fuisset,
3487 732 3627 772 eius:

2070 801 2195 856 hinc
2238 803 2474 856 omnium
2523 805 2782 859 malorum
2826 814 2964 859 erat.
3000 805 3356 873 Quamobrem
3394 808 3476 862 vel
3521 808 3628 863 inde

2069 892 2263 947 merito
2306 907 2496 963 magna
2527 894 2615 948 illa
2660 905 2950 966 appareat;
2998 897 3042 952 si
3072 897 3286 967 quidem
3328 899 3627 954 charismata

2070 998 2177 1037 non
2207 985 2366 1040 modo
2386 985 2506 1039 illos
2533 1002 2636 1039 non
2667 988 3018 1042 conciliarunt
3045 999 3099 1045 et
3125 993 3628 1060 congregarunt,sed

2072 1075 2232 1130 etiam
2263 1076 2578 1147 conjunctos
2602 1088 2921 1147 separarunt
2945 1097 2961 1134 :
2985 1080 3102 1137 haec
3128 1098 3254 1136 Vero
3278 1082 3423 1147 illos,
3447 1084 3531 1152 qui
3549 1099 3634 1153 per

2072 1166 2392 1224 charismata
2430 1170 2680 1241 disjuncti
2708 1170 2942 1239 fuerant,
2986 1188 3081 1242 per
3116 1174 3348 1242 seipsam
3394 1174 3630 1228 concilia-

2075 1269 2191 1314 tura
2218 1271 2271 1315 et
2292 1276 2453 1315 unum
2474 1276 2670 1331 corpus
2691 1262 2948 1317 eﬂ'ectura
2971 1272 3072 1318 est.
3101 1262 3204 1318 Sed
3228 1280 3333 1318 non
3356 1265 3527 1319 statim
3548 1264 3633 1319 hoc

2073 1349 2223 1414 dicit,
2267 1366 2453 1407 verum
2502 1356 2643 1421 quod
2692 1354 2924 1409 maxime
2973 1354 3052 1408 illi
3096 1354 3494 1420 desiderabant,
3548 1353 3635 1410 hoc

2078 1442 2261 1510 ponit;
2296 1458 2487 1512 nempe
2512 1443 2652 1513 quod
2685 1459 2772 1498 res
2802 1445 2914 1514 ipsa
2944 1444 3211 1499 charisma
3240 1446 3331 1510 sit,
3359 1455 3414 1500 et
3446 1445 3509 1499 ad
3528 1445 3638 1500 cha-

2076 1533 2292 1587 rismata
2318 1534 2496 1587 omnia
2528 1532 2611 1586 via
2640 1534 2929 1589 excellens.
2952 1534 3290 1605 Quapropter
3314 1535 3519 1590 etiamsi
3545 1551 3637 1589 non

2077 1638 2142 1677 eo
2172 1622 2315 1694 quod
2355 1623 2575 1689 debeas,
2616 1624 2750 1680 velis
2780 1624 2996 1679 fratrem
3027 1625 3265 1696 diligere,
3319 1642 3390 1681 ex
3430 1626 3639 1701 eo'quod

2080 1716 2252 1783 majus
2278 1716 2513 1786 accipias
2560 1717 2770 1787 signum
2813 1726 2866 1773 et
2896 1718 3172 1788 copiosum
3206 1718 3493 1782 charisma,
3521 1717 3642 1772 carL

2083 1814 2243 1860 tatem
2264 1808 2497 1875 suscipe.
2526 1805 2593 1861 Et
2618 1806 2735 1861 vide
2762 1807 3028 1864 undenam
3056 1808 3273 1878 incipiat
3300 1827 3315 1863 :
3342 1810 3563 1879 primum
3583 1809 3643 1861 ab

2078 1913 2145 1952 eo
2174 1899 2314 1968 quod
2364 1900 2605 1954 mirabile
2638 1901 2922 1955 videbatur
2960 1911 3013 1955 et
3057 1918 3309 1971 magnum
3354 1901 3492 1972 apud
3536 1902 3642 1958 illos

2080 2004 2222 2056 esse,
2263 2005 2293 2044 a
2321 1989 2514 2061 linguis
2554 2007 2786 2062 nempe:
2814 2000 2869 2047 et
2911 1992 3175 2048 charisma
3209 1994 3259 2047 in
3308 1994 3537 2049 medium
3562 1992 3644 2047 ad-

2081 2081 2303 2148 ducens,
2332 2099 2437 2138 non
2480 2094 2683 2139 tantum
2723 2085 2852 2140 illud
2881 2087 3058 2155 posuit
3082 2097 3341 2155 quantum
3372 2088 3471 2157 ipsi
3500 2086 3645 2141 habe-

2084 2173 2232 2239 bant,
2265 2175 2360 2230 sed
2393 2176 2550 2247 longe
2576 2176 2768 2247 majus.
2816 2177 2999 2248 Neque
3027 2179 3170 2233 enim
3199 2179 3357 2243 dixit,
3391 2180 3445 2235 Si
3474 2180 3643 2250 linguis

2085 2268 2294 2338 loquar,
2327 2270 2421 2324 sed
2446 2312 2461 2336 ,
2494 2270 2645 2341 (Cap.
2675 2273 2767 2336 15)
2795 2272 2846 2326 1.
2874 2270 2933 2326 Si
2962 2271 3146 2341 linguis
3174 2271 3437 2326 hominum
3464 2274 3641 2342 loquar.

2084 2362 2221 2427 Quid
2252 2363 2514 2433 signiﬁcat
2544 2364 2696 2431 illud,
2729 2364 3049 2419 Hominum?
3080 2365 3329 2420 Omnium
3361 2382 3456 2436 per
3480 2368 3643 2422 orbem

2084 2456 2343 2524 gentium.
2374 2455 2560 2526 Neque
2585 2466 2758 2512 tamen
2792 2460 2889 2511 hac
2918 2458 3209 2528 hyperbole
3236 2469 3519 2514 contentus
3544 2458 3644 2524 fuit,

2087 2548 2180 2602 sed
2211 2548 2370 2601 aliam
2398 2549 2557 2619 longe
2606 2550 2865 2619 majorem
2900 2552 3070 2620 ponit,
3117 2553 3452 2624 subjungens
3494 2569 3554 2608 ac
3578 2553 3647 2607 di-

2088 2654 2239 2704 cens,
2291 2638 2358 2693 Et
2403 2641 2720 2710 angelorum,
2767 2647 3031 2697 caritatem
3080 2654 3247 2697 autent
3290 2662 3393 2698 non
3440 2643 3645 2704 habeam,

2090 2738 2255 2805 [actus
2291 2749 2403 2787 sum
2437 2748 2506 2788 aes
2540 2750 2727 2787 sonans
2767 2744 2854 2788 aut
2889 2736 3171 2806 cymbalum
3213 2737 3451 2790 tinniens.
3487 2736 3651 2790 Viden‘

2090 2839 2321 2894 quonam
2350 2840 2518 2895 usque
2544 2825 2742 2880 elatum
2772 2827 3063 2894 charisma,
3100 2843 3335 2898 quonam
3367 2842 3530 2898 usque
3564 2826 3649 2880 de-

2093 2916 2301 2971 miserit
2325 2920 2496 2987 ipsum
2519 2925 2574 2970 et
2598 2916 2927 2987 projecerit?
2953 2916 3136 2988 Neque
3157 2920 3301 2974 enim
3322 2920 3494 2974 solum
3513 2918 3648 2982 dixit,

2092 3007 2235 3063 Nihil
2254 3022 2394 3073 sum,
2424 3008 2519 3063 sed
2540 3007 2731 3064 Factus
2755 3026 2866 3064 sum
2890 3025 2961 3065 ais
2981 3027 3189 3078 sonans,
3212 3011 3520 3066 insensibile
3543 3008 3651 3076 quid

2095 3109 2150 3155 et
2177 3100 2545 3154 inanimatum.
2576 3100 2857 3168 Quomodo
2883 3111 3060 3157 autem
3106 3118 3180 3156 aes
3208 3103 3454 3157 sonans?
3479 3100 3651 3156 Vocem

2094 3191 2313 3262 quidem
2355 3191 2629 3255 emittens,
2672 3194 2765 3248 sed
2795 3195 2987 3248 frustra
3028 3204 3080 3248 et
3108 3205 3329 3259 temere,
3376 3195 3442 3250 ad
3473 3195 3654 3249 nullum

2098 3299 2273 3338 usum.
2302 3285 2661 3356 Praeterquam
2707 3286 2848 3340 cnim
2879 3285 3022 3355 quod
3069 3287 3197 3341 nihil
3226 3288 3463 3357 perﬁcio,
3510 3285 3656 3340 mole-

2100 3375 2256 3431 stiam
2284 3390 2475 3431 creare
2500 3376 2684 3433 videor
2729 3388 2782 3431 et
2812 3379 3074 3434 molestus
3115 3394 3235 3436 esse
3262 3381 3463 3435 multis.
3497 3379 3655 3435 Viden’

2101 3469 2368 3538 quomodo
2389 3470 2433 3525 is
2460 3471 2550 3541 qui
2581 3471 2819 3525 caritatis
2841 3486 3033 3540 expers
3052 3483 3155 3539 est,
3186 3473 3488 3528 inanimatis
3512 3482 3561 3527 et
3586 3473 3656 3527 iu-

2103 3563 2393 3617 sensilibus
2418 3565 2488 3618 sit
2508 3565 2736 3620 similis?
2762 3564 3020 3637 Linguam
3050 3578 3226 3623 autem
3258 3570 3561 3640 angelorum
3586 3567 3657 3621 hic

2102 3654 2252 3720 dicit,
2287 3669 2393 3708 non
2422 3670 2617 3724 corpus
2656 3656 2862 3726 angelis
2900 3658 3159 3727 tribuens,
3204 3659 3297 3715 sed
3328 3661 3433 3718 hoc
3454 3661 3558 3715 vult
3592 3662 3654 3714 si-

2103 3747 2398 3815 gniﬁcare:
2433 3746 2656 3802 Etiamsi
2696 3748 2767 3802 ita
2798 3747 3003 3819 loquar,
3040 3761 3100 3805 ut
3126 3752 3299 3823 angeli
3343 3753 3517 3807 solent
3541 3752 3660 3806 inter

2105 3854 2169 3893 se
2186 3839 2442 3907 colloqui,
2473 3838 2590 3894 sine
2618 3840 2841 3895 caritate
2863 3840 2994 3895 nihil
3025 3857 3141 3897 sum
3167 3858 3182 3907 ;
3215 3843 3324 3897 imo
3350 3857 3597 3898 onerosus
3614 3850 3661 3895 et

2108 3930 2384 3985 inolestus.
2419 3930 2509 3986 Sic
2535 3930 2677 3987 enim
2707 3931 2829 3985 alibi
2860 3946 3070 4001 quoque
3098 3946 3219 3987 cum
3246 3932 3418 3988 dicit:
3445 3933 3550 4003 Ipsi
3577 3932 3659 4000 [le-

2106 4032 2269 4077 ctetur
2294 4038 2440 4077 omne
2467 4039 2597 4094 genu
2624 4022 2917 4090 celestium,
2947 4025 3255 4079 terrestrium
3288 4034 3337 4079 et
3375 4027 3662 4096 infernon

2111 4111 2371 4184 (Philipp.
2394 4112 2596 4184 2.10);
2629 4127 2738 4167 non
2762 4128 2935 4184 genua
2961 4123 3016 4170 et
3035 4130 3153 4170 ossa
3173 4116 3660 4186 angelisattribuens

2110 4205 2227 4260 Ι)ωο
2256 4206 2418 4272 dicit;
2440 4206 2613 4272 absit;
2646 4206 2740 4262 sed
2767 4216 2822 4263 et
2845 4209 3106 4262 intensam
3131 4216 3184 4262 et
3205 4208 3460 4279 grandem
3487 4208 3661 4262 adora-

2111 4298 2315 4352 tionem
2341 4314 2436 4369 per
2458 4298 2609 4353 illum
2640 4312 2747 4369 quo
2790 4298 2930 4369 apud
2969 4314 3070 4355 nos
3100 4300 3158 4355 ﬁt
3184 4301 3402 4357 modum
3443 4299 3659 4357 subindi-

2110 4402 2239 4445 care
2266 4390 2396 4444 vult.
2428 4390 2518 4445 Sic
2542 4400 2597 4445 et
2626 4391 2726 4445 hoc
2753 4391 2871 4445 loco
2912 4391 3143 4460 linguam
3176 4393 3403 4458 vocavit,
3437 4408 3536 4446 non
3558 4404 3659 4443 car-

2112 4482 2197 4537 nis
2226 4497 2483 4552 organum
2510 4482 2838 4553 signiﬁcans,
2882 4484 2975 4538 sed
3004 4482 3215 4537 illorum
3244 4494 3484 4538 mutuum
3516 4480 3659 4536 collo-

2112 4582 2294 4651 quium
2319 4586 2446 4631 noto
2466 4576 2604 4646 apud
2630 4590 2729 4630 nos
2752 4576 2910 4630 modo
2935 4574 3254 4630 adumbrare
3279 4574 3463 4629 voluit.
3485 4570 3661 4628 Deinde

2115 4681 2172 4726 ut
2196 4669 2462 4740 acceptior
2494 4667 2585 4721 ﬁat
2631 4667 2821 4730 oratio,
2866 4680 2973 4720 non
3011 4665 3076 4719 ad
3107 4666 3310 4736 linguas
3354 4681 3516 4738 usque
3552 4678 3660 4719 con-

2114 4762 2275 4823 sistit,
2305 4760 2399 4815 sed
2426 4760 2490 4813 ad
2515 4758 2722 4829 reliqua
2754 4758 2924 4827 pergit
2944 4757 3286 4819 charismata,
3316 4759 3603 4827 omniaque,
3622 4753 3659 4805 si

2115 4854 2205 4909 illa
2237 4852 2394 4915 absit,
2426 4850 2706 4920 dejiciens,
2736 4859 2861 4903 tunc
2888 4850 3002 4923 ejus
3032 4849 3265 4919 depingit
3295 4851 3566 4920 imaginem
3589 4855 3660 4899 :ct

2115 4944 2368 5015 quoniam
2418 4941 2748 5010 ampliﬁcare
2794 4941 2906 4995 vult
2958 4942 3276 5007 orationem,
3323 4956 3353 4995 a
3397 4938 3661 4996 minoribus

2117 5036 2395 5104 incipiens,
2440 5032 2506 5087 ad
2547 5033 2746 5102 majora
2796 5033 3056 5088 ascendit.
3088 5033 3237 5099 Quod
3284 5034 3446 5100 enim,
3477 5026 3659 5102 quando

2116 5142 2302 5195 eorum
2334 5124 2585 5179 indicavit
2612 5124 2877 5189 ordinem,
2909 5134 3237 5193 postremum
3267 5126 3458 5193 posuit,
3498 5135 3661 5189 nempe

2116 5218 2317 5272 donum
2346 5217 2668 5285 linguarum,
2697 5214 2801 5269 hoc
2827 5230 2968 5270 nunc
2995 5216 3222 5283 printum
3265 5225 3525 5279 numerat,
3554 5226 3663 5279 pau-

2118 5310 2289 5375 latim,
2335 5317 2389 5361 ut
2438 5306 2570 5369 dixi,
2603 5305 2670 5359 ad
2702 5306 2904 5374 majora
2952 5306 3268 5360 ascendens.
3299 5305 3428 5359 Nam
3471 5317 3579 5358 cum
3604 5300 3660 5353 de

2116 5401 2310 5470 linguis
2334 5398 2578 5464 dixisset,
2609 5398 2674 5450 ad
2706 5398 3038 5466 prOphetiam
3070 5413 3190 5450 mox
3224 5398 3430 5461 transit,
3476 5406 3526 5448 et
3560 5392 3651 5445 ait:

2115 5491 2170 5547 2.
2205 5490 2272 5544 Et
2316 5493 2358 5543 si
2390 5490 2610 5542 habuero
2642 5489 2997 5559 prophetiam;
3043 5498 3097 5542 et
3135 5487 3274 5543 hanc
3313 5501 3517 5543 rursum
3559 5494 3657 5537 cum

2121 5584 2432 5657 hyperbole.
2478 5583 2629 5638 Sicut
2676 5582 2821 5636 enim
2870 5580 2941 5634 ibi
2972 5580 3178 5650 linguas
3224 5595 3330 5634 non
3361 5577 3544 5649 posuit,
3582 5574 3659 5625 sed

2119 5676 2393 5730 hominum
2422 5673 2661 5728 omnium
2690 5671 2918 5738 linguas,
2943 5679 2996 5724 et
3021 5683 3337 5739 progressus
3356 5668 3507 5723 etiam
3524 5675 3657 5729 ange-

2118 5768 2317 5836 lorum,
2344 5776 2397 5823 et
2430 5778 2555 5823 tunc
2581 5765 2814 5823 ostendit
2840 5764 2939 5820 hoc
2968 5763 3232 5822 charisma
3273 5763 3403 5820 nilnl
3428 5774 3537 5819 esse
3563 5756 3658 5813 sine
