3826 6216
174 316 260 372 267
1122 308 1189 366 IN
1230 306 1446 366 EPIST.
1487 302 1627 360 IAD
1657 303 1817 362 COB.
1860 304 2091 361 HOMIL.
2132 304 2348 361 XXXII.

166 427 321 501 μέλη·
333 424 452 479 εἴτε
471 423 771 492 δοξάζεται
787 426 857 481 ἓν
872 427 1079 496 μέλος,
1098 424 1411 496 συγχαίρει
1432 420 1630 476 πάντα
1643 418 1717 474 τὰ

162 509 319 581 μέλη.
365 506 649 579 Ἀνωτέρω
692 509 790 579 μέν
821 506 913 563 οὖν
952 508 1299 580 παρεκάλεσε
1338 504 1426 559 διὰ
1468 501 1713 558 τούτων·

168 590 376 647 ἐνταῦθα
402 589 460 643 δέ
486 593 867 662 καταφορικῶς
895 592 988 645 καὶ
1016 588 1418 661 ἐπιτιμητικῶς
1452 587 1718 657 κέχρηται

166 675 236 746 τῷ
254 674 386 743 λόγῳ
410 672 615 727 λοιπόν.
651 676 830 745 Ὅπερ
859 675 968 744 γὰρ
1001 673 1161 743 ἐφην,
1189 671 1315 726 οὔτε
1345 671 1435 725 ἀεὶ
1464 685 1718 740 παρακα-

164 761 281 819 λεῖν,
305 757 423 809 οὔτε
450 756 822 825 ἐπιστομίζειν
848 755 936 811 ἀεὶ
961 758 1087 828 χρή.
1114 754 1213 809 Διά
1232 754 1390 809 τοῦτο
1416 754 1513 807 καὶ
1534 752 1717 815 αὐτὸς,

164 840 329 911 ἐπειδὴ
359 839 444 892 διὰ
474 840 683 892 πολλῶν
707 842 902 904 αὐτοὺς
933 840 1300 910 παρεκάλεσε,
1334 837 1578 908 σφοδρῶς
1605 836 1719 889 λοι-

162 928 255 981 πὸν
281 923 603 988 ἐπιτίθεται,
634 924 808 993 λέγων
827 941 840 954 ·
869 925 965 992 Μὴ
988 924 1210 990 πάντες
1234 922 1564 978 ἀπόστολοι
1587 935 1607 984 ;
1631 918 1718 989 μὴ

160 1009 367 1071 πάντες
389 1007 685 1075 προφῆται
704 1023 722 1070 ;
743 1008 826 1076 μὴ
850 1008 1073 1073 πάντες
1103 1008 1442 1076 χαρίσματα
1465 1003 1720 1072 ἔχουσιν

159 1090 445 1159 ιαμάτων;
490 1090 601 1143 Καὶ
634 1092 731 1160 οὐχ
771 1092 983 1144 ἵσταται
1024 1088 1187 1162 μέχρι
1232 1089 1329 1142 τοῦ
1362 1086 1583 1159 πρώτου
1624 1086 1720 1138 καὶ

155 1173 242 1227 τοῦ
268 1172 519 1241 δευτέρου
544 1172 903 1243 χαρίσματος,
938 1172 1076 1227 ἀλλά
1109 1172 1304 1243 μέχρις
1324 1170 1569 1241 ἐσχάτων
1591 1169 1719 1239 πρό-

157 1271 303 1309 εισιν·
334 1253 366 1323 ἢ
399 1252 555 1308 τοῦτο
583 1255 755 1323 λέγων
775 1297 790 1320 ,
826 1256 909 1309 ὅτι
942 1257 1017 1310 Οὐ
1062 1254 1288 1309 δυνατὸν
1324 1254 1533 1315 πάντας
1578 1250 1719 1306 εῖναι

154 1336 344 1392 πάντα’
380 1335 569 1408 ὥσπερ
601 1338 719 1391 ἐκεῖ
746 1353 933 1407 φησιν,
965 1340 1031 1392 El
1060 1333 1141 1407 ἦν
1169 1335 1243 1390 τὰ
1278 1333 1479 1389 πάντα
1512 1333 1583 1388 ἓν
1609 1334 1716 1404 μέ-

153 1424 275 1484 λος,
315 1417 434 1472 ποῦ
456 1417 523 1471 τὸ
564 1417 734 1487 σῶμα
754 1437 774 1485 ;
811 1420 845 1490 ἢ
890 1420 986 1473 καὶ
1013 1419 1198 1491 ἐτερόν
1235 1434 1290 1471 τι
1331 1416 1470 1488 μετά
1513 1412 1719 1471 τούτων

152 1499 574 1562 κατασκευάζων
621 1504 701 1564 είς
748 1502 1104 1572 παραμυθίας
1136 1501 1294 1570 λόγον
1330 1499 1516 1555 πάλιν.
1561 1500 1720 1553 Ποῖον

150 1584 208 1652 δὴ
250 1582 445 1647 τοῦτο;
482 1584 558 1636 Τὸ
602 1583 774 1649 δεῖξαι
820 1585 915 1637 καὶ
952 1584 1021 1638 τὰ
1073 1583 1335 1638 ἐλάττονα
1363 1582 1564 1654 ὁμοίως
1607 1584 1720 1646 τοῖς

151 1665 356 1737 μείζοσι
392 1665 744 1737 περιμάχητα
780 1667 846 1719 ἐκ
873 1667 967 1721 τοῦ
996 1666 1130 1738 μηδέ
1161 1666 1334 1721 ταῦτα
1365 1665 1554 1728 ἁπλῶς
1584 1666 1719 1718 πᾶσι

146 1748 407 1803 δεδόσθαι.
466 1749 532 1801 Τί
582 1749 712 1820 γὰρ,
773 1750 960 1818 φησὶν,
1015 1749 1238 1818 ἀλγεῖς,
1284 1749 1366 1802 ὅτι
1414 1749 1515 1802 οὐκ
1576 1747 1719 1819 ἔχεις

146 1833 461 1903 χαρίσματα
511 1833 788 1903 ίαμάτων;
842 1834 1094 1905 ἐννόησον
1132 1835 1214 1887 ὅτι
1251 1835 1389 1903 ὅπερ
1434 1832 1581 1903 ἐχεις
1628 1832 1716 1896 σὺ,

143 1916 242 1969 κᾶν
280 1914 506 1969 ἔλαττον
542 1912 613 1988 ᾖ,
662 1914 926 1979 πολλάκις
978 1917 1007 1969 ό
1050 1916 1112 1968 τὸ
1165 1913 1352 1986 μεῖζον
1398 1915 1571 1986 ἔχων,
1618 1914 1719 1969 οὐκ

141 1997 269 2068 ἔχει.
312 1997 416 2052 Διά
443 1999 603 2052 τοῦτό
644 2016 800 2071 φησι·
848 1999 945 2067 Μὴ
990 1998 1216 2065 πάντες
1260 1998 1572 2068 γλώσσαις
1610 2000 1720 2052 λα-

138 2080 353 2144 λοῦσι;
380 2081 472 2148 μὴ
512 2080 734 2148 πάντες
767 2081 1306 2150 διερμηνεύουσιν;
1351 2081 1564 2147 Ὠσπερ
1607 2078 1719 2150 γὰρ

138 2164 205 2217 τὰ
239 2164 459 2234 μεγάλα
500 2165 561 2217 οὐ
594 2167 760 2219 πᾶσιν
790 2166 1084 2236 ἐχαρίσατο
1111 2167 1140 2218 ό
1169 2165 1304 2230 Θεὸς
1345 2164 1545 2230 πάντα,
1580 2163 1720 2219 ἀλλά

138 2252 249 2311 τοῖς
289 2250 395 2318 μὲν
448 2249 629 2315 τοῦτο,
665 2252 777 2313 τοῖς
819 2250 876 2303 δέ
915 2251 1111 2303 ἐκεῖνα
1159 2250 1303 2305 οὕτω
1335 2252 1431 2305 καὶ
1474 2251 1568 2304 ἐπὶ
1609 2248 1719 2302 τῶν

134 2331 442 2385 ἐλαττόνων
519 2332 772 2401 ἐποίησεν
796 2372 810 2397 ,
866 2332 985 2386 οὐδὲ
1055 2333 1226 2386 ταῦτα
1281 2335 1416 2387 πᾶσι
1471 2331 1715 2402 προθείς.

147 2414 409 2483 Ἐποίησε
435 2413 492 2467 δὲ
518 2414 697 2479 τοῦτο,
732 2414 935 2484 πολλὴν
970 2417 1033 2468 ἐκ
1053 2415 1246 2468 τούτου
1277 2416 1376 2486 τὴν
1400 2414 1720 2486 συμφωνίαν

130 2498 225 2550 καὶ
253 2497 360 2568 τὴν
395 2496 622 2567 ἀγάπην
644 2497 963 2569 οἰκοδομῶν,
990 2498 1077 2551 ἴνα
1105 2498 1336 2562 ἕκαστος
1365 2498 1460 2552 τοῦ
1488 2498 1721 2569 πλησίον

129 2579 389 2648 δεόμενος
441 2578 745 2649 συνάγηται
799 2580 935 2650 πρὸς
978 2580 1071 2633 τὸν
1118 2581 1366 2649 ἀδελφόν.
1406 2581 1578 2633 Τοῦτο
1627 2580 1721 2633 καὶ

128 2662 188 2713 ἐν
208 2664 334 2724 ταῖς
355 2661 579 2731 τέχναις
610 2662 951 2734 ᾠκονόμησε,
996 2661 1160 2717 τοῦτο
1200 2664 1295 2716 καὶ
1334 2664 1393 2717 ἐν
1437 2665 1550 2725 τοῖς
1580 2677 1722 2714 στοι-

127 2745 319 2814 χείοις,
353 2745 522 2797 τοῦτο
547 2746 641 2798 καὶ
684 2748 742 2797 ἐν
771 2748 883 2809 τοῖς
930 2747 1121 2814 φυτοῖς
1167 2746 1264 2800 καὶ
1293 2748 1352 2800 ἐν
1393 2748 1506 2810 τοῖς
1535 2745 1723 2818 μέλεσι

127 2830 240 2890 τοῖς
271 2828 577 2898 ἡμετέροις
601 2828 696 2881 καὶ
729 2830 787 2881 ἐν
819 2831 984 2883 πᾶσιν
1011 2828 1219 2893 ἁπλῶς.

195 2916 269 2977 γ’.
286 2905 434 2963 Εἶτα
450 2909 844 2978 ἐπάγειλοιπδν
860 2911 959 2980 τὴν
990 2911 1332 2982 κυριωτάτην
1347 2909 1721 2982 παραμυθίαν,

124 2992 221 3046 καὶ
253 2991 454 3063 ἱκανὴν
488 2993 686 3056 αὐτοὺς
714 2993 1123 3065 ἀνακτήσασθαι
1156 2994 1251 3046 καὶ
1284 2991 1593 3046 ἀναπαῦσαι
1623 2993 1723 3062 τὴν

120 3074 485 3145 ὀδυνωμένην
534 3076 733 3145 ψυχήν.
782 3076 879 3138 Τίς
931 3075 988 3128 δέ
1043 3076 1179 3147 αῦτη
1235 3074 1385 3141 ἐστί;
1433 3074 1722 3141 Ζηλοῦτε,

122 3158 285 3228 φησὶ,
327 3158 410 3212 τὰ
458 3160 802 3227 χαρίσματα
836 3158 909 3212 τὰ
939 3160 1268 3227 κρείττονα.
1317 3157 1429 3210 Καὶ
1475 3157 1563 3211 ἐτι
1594 3158 1722 3211 καθ’

119 3240 491 3309 ὑπερϐολὴν
538 3240 681 3295 ὁδὸν
728 3241 1000 3309 δείκνυμι
1050 3241 1211 3308 ὑμῖν.
1262 3239 1433 3292 Τοῦτο
1462 3239 1518 3293 δὲ
1551 3238 1724 3294 εἰπὼν

119 3325 315 3393 ἠρέμα
367 3324 600 3395 ᾐνίξατο
625 3326 830 3388 αἰτίους
866 3324 1029 3386 ὄντας
1060 3322 1155 3377 τοῦ
1190 3323 1259 3376 τὰ
1292 3323 1550 3377 ἐλάττονα
1582 3323 1723 3394 λαμ-

120 3406 338 3474 ϐάνειν,
398 3408 500 3459 καὶ
533 3407 779 3477 κυρίους,
832 3409 879 3460 εἰ
930 3407 1224 3476 βούλοιντο,
1253 3406 1449 3461 τοῦ.τά
1503 3405 1726 3479 μείζονα

114 3490 335 3544 λαϐεῖν.
377 3490 560 3543 Ὅταν
609 3489 718 3562 γὰρ
749 3489 899 3561 εἴπῃ,
934 3489 1086 3562 [Ξ89]
1118 3490 1407 3557 Ζηλοῦτε,
1451 3489 1550 3561 τὴν
1592 3491 1725 3561 παρ’

116 3575 353 3628 ἐκείνων
388 3574 636 3644 σπουδὴν
662 3575 882 3628 ἀπαιτεῖ
902 3576 996 3628 καὶ
1027 3574 1124 3646 τὴν
1163 3573 1456 3645 ἐπιθυμίαν
1478 3573 1577 3645 τὴν
1599 3575 1726 3646 περὶ

113 3659 185 3711 τά
219 3658 617 3727 πνευματικά.
649 3658 758 3711 Καὶ
803 3658 903 3710 οὐκ
952 3653 1097 3723 εἶπε,
1149 3657 1229 3710 Τὰ
1279 3656 1523 3727 μείζονα,
1567 3656 1722 3722 ἀλλά,

116 3738 202 3793 Τὰ
237 3740 596 3807 κρείττονα,
630 3739 899 3805 τουτέστι,
935 3739 1001 3793 τὰ
1034 3736 1448 3810 χρησιμώτερα,
1482 3737 1552 3792 τά
1585 3757 1725 3810 συμ-

110 3823 393 3893 φέροντα.
437 3825 509 3877 Ὃ
560 3822 617 3875 δὲ
658 3823 831 3891 λέγει,
884 3822 1043 3877 τοῦτό
1095 3824 1242 3876 ἐστι·
1276 3821 1481 3877 Μένετε
1541 3823 1726 3876 ἐπιθυ-

110 3906 361 3974 μοῦντες
398 3907 789 3976 χαρισμάτων,
816 3905 912 3959 καὶ
934 3904 1178 3973 δείκνυμι
1204 3904 1320 3959 ὁδὸν
1342 3906 1724 3977 χαρισμάτων·

108 3989 267 4055 ὑμῖν.
327 3987 483 4040 υύδέ
532 3987 641 4057 γὰρ
687 3983 841 4053 εἷπε,
884 3989 1167 4060 Χάρισμα,
1226 3987 1341 4041 ἀλλ’
1400 3987 1595 4053 Ὀδὸν,
1636 3991 1724 4044 ἴνα

3286 308 3397 365 268

1821 418 2214 486 ἀνακαλύπτει,
2247 420 2382 474 ἀλλά
2401 423 2614 492 πρῶτον
2641 424 2706 495 τῇ
2735 420 3037 493 ἐπαγγελίᾳ
3072 420 3165 477 τὸν
3194 422 3401 495 ἀκροαο

1820 503 1922 574 τὴν
1973 503 2206 575 ἐπάρας,
2260 504 2355 559 καὶ¹
2409 504 2600 571 εἰπὼν,
2660 506 2799 560 Καθ’
2862 508 3208 576 ὑπερϐολὴν
3256 508 3402 563 ὁδὸν

1819 586 2089 657 δείκνυμι
2116 588 2275 658 ὑμῖν,
2296 579 2488 652 καὶλείς
2509 589 2802 661 ἐπιθυμίαν
2820 589 2981 643 αὐτὸν
3010 591 3258 660 ἀγαγὼν,
3278 593 3400 645 ούδέ

1817 668 1989 733 οὕτως
2020 671 2221 734 εὐθέως
2259 672 2340 735 είς
2385 671 2553 744 αὐτὴν
2602 672 2874 745 ἐμϐαίνει,
2925 673 3040 728 ἀλλ’
3093 674 3274 741 αὔξων
3323 675 3402 729 ἐτι

1819 752 1915 806 καὶ
1953 754 2238 807 ἐπιτείνων
2288 755 2468 808 αὐτῶν
2497 755 2597 827 τήν
2639 756 2956 828 ἐπιθυμίαν,
3014 758 3144 829 περὶ
3194 758 3402 811 τούτων

1820 835 1999 888 αὐτῶν
2048 836 2356 905 διαλέγεται
2406 839 2646 910 πρῶτον,
2709 840 2804 894 καὶ
2856 840 3126 895 δείκνυσιν
3184 842 3402 912 ἐκείνης

1821 920 1921 973 οὐκ
1944 918 2131 990 οὔσης,
2159 920 2315 974 οὐδὲν
2343 920 2493 988 ὅντα,
2520 924 2601 985 είς
2636 923 2900 994 μεγίστην
2928 925 3126 989 αὐτοὺς
3154 926 3400 995 ἀνάγκην

1818 1002 1912 1083 106
1965 1003 2140 1072 φιλεῖν
2185 1004 2448 1083 ἀλλήλους
2492 1004 2791 1070 καθιστάς’
2824 1008 3011 1083 ἐπειδὴ
3058 1009 3151 1063 καὶ
3200 1012 3265 1063 ἐκ
3304 1006 3402 1061 τοῦ

1819 1080 2027 1151 ταύτην
2071 1081 2379 1153 ἠμελῆσθαι
2423 1083 2456 1154 ή
2484 1084 2631 1138 αίτία
2662 1084 2770 1139 τῶν
2799 1080 3282 1143 κακῶνάπάντων
3308 1084 3397 1158 ἦν.

1823 1161 1989 1244 Ὥστε
2022 1167 2119 1244 καὶ
2156 1165 2298 1220 κατὰ
2329 1164 2487 1219 τοῦτο
2509 1166 2733 1230 εἰκότως
2762 1166 2828 1221 ἂν
2859 1169 3067 1240 μεγάλη
3095 1172 3309 1244 φανείη,
3351 1172 3405 1225 εῑ

1817 1256 1881 1309 γε
1910 1242 1978 1295 τά
2004 1243 2102 1313 μὲν
2127 1244 2444 1315 χαρίσματα
2473 1245 2534 1298 οὐ
2568 1247 2726 1316 μόνον
2752 1247 2950 1311 αὐτοὺς
2976 1249 3036 1301 ού
3067 1242 3397 1322 συνήγαγεν,

1817 1323 1955 1378 ἀλλά
2008 1326 2103 1380 καὶ⁸
2142 1326 2454 1397 ἡνωμένους
2501 1328 2819 1399 διέστησεν·
2874 1328 3013 1402 αὕτη
3062 1333 3120 1386 δὲ
3163 1336 3290 1400 τοὺς
3332 1336 3399 1390 δι’

1818 1406 2041 1461 ἐκείνων
2077 1408 2413 1473 ,διαστάντας
2456 1411 2523 1464 δι’
2548 1412 2750 1483 ἐαυτῆς
2795 1412 2977 1484 μέλλοι
3008 1417 3262 1486 συνάγειν
3306 1420 3401 1473 καὶ

1818 1492 1992 1545 ποιεῖν
2022 1491 2183 1564 σῶμα
2210 1493 2288 1548 ἐν.
2333 1493 2475 1548 Ἀλλ’
2515 1496 2577 1549 ού
2606 1495 2755 1565 λέγει
2783 1495 2941 1551 τοῦτο
2964 1497 3189 1563 εὐθέως,
3222 1501 3338 1554 ἀλλ’
3370 1502 3401 1555 ὃ

1822 1574 2055 1645 μάλιστα
2079 1576 2331 1642 ἐπόθουν,
2365 1577 2525 1632 τοῦτο
2548 1578 2795 1650 τίθησιψ
2823 1574 2933 1633 οἷον
2957 1580 3037 1633 ὅτι
3059 1582 3309 1654 χάρισμα
3337 1584 3400 1637 τὸ
3433 1603 3441 1611 ’

1818 1658 2054 1728 πρᾶγμά
2097 1660 2235 1723 ἐστι,
2288 1660 2385 1713 καὶ
2421 1661 2531 1715 τῶν
2583 1661 2942 1733 χαρισμάτων
2988 1664 3245 1719 ἁπάντων
3281 1667 3401 1733 ὁδὸς

1820 1740 1940 1809 μεθ’
1995 1741 2319 1812 ὑπερϐολῆς.
2377 1744 2539 1798 Ὥστε
2588 1745 2639 1797 εί
2685 1744 2781 1798 καὶ
2826 1745 2902 1816 μὴ
2934 1746 3023 1799 διά
3053 1746 3115 1801 τὸ
3162 1748 3399 1819 ὀφείλειν

1820 1822 1997 1894 βούλει
2038 1826 2129 1878 τὸν
2177 1826 2403 1896 ἀδελφὸν
2436 1828 2679 1899 ἀγαπᾷν,
2715 1828 2804 1883 διὰ
2845 1829 2907 1883 τὸ
2936 1830 3247 1902 κρείττονος
3274 1835 3398 1887 ἐπι,

1816 1905 2189 1976 λαμϐάνεσθαι
2229 1909 2457 1980 σημείου
2505 1909 2971 1983 καὶ-χαρίσματος
3017 1913 3271 1984 δαψιλοῦς
3294 1932 3399 1971 κα-

1816 1989 2032 2056 τάδεξαι
2051 1990 2149 2062 τὴν
2172 1992 2413 2064 ἀγάπην.
2442 1992 2554 2048 Καὶ
2581 1994 2683 2063 ὃρα
2705 1994 2870 2049 πόθεν
2892 1996 3122 2068 ἄρχεται
3139 2015 3155 2031 ’
3182 2000 3400 2070 πρῶτον

1818 2073 1926 2128 ἀπὸ
1953 2073 2048 2128 τοῦ
2092 2074 2409 2146 θαυμαστοῦ
2448 2075 2732 2141 δοκοῦντος
2763 2072 2902 2133 εἶναι
2928 2081 3063 2152 παρῗ
3091 2082 3276 2147 αὐτοῖς
3307 2085 3401 2138 καὶ

1823 2156 2082 2227 μεγάλου,
2135 2157 2244 2213 τῶν
2288 2158 2584 2228 γλωσσῶντ
2638 2162 2734 2215 καὶ
2766 2160 2989 2231 ἀγαγὼν
3025 2164 3106 2228 είς
3147 2164 3312 2236 μέσον
3338 2167 3400 2221 τὸ

1819 2240 2086 2312 χάρισμα,
2140 2240 2201 2294 ού
2261 2241 2518 2297 τοσοῦτον
2569 2242 2804 2314 τίθησιν,
2858 2246 2984 2300 ὅσον
3037 2244 3202 2319 εἶχον,
3263 2250 3402 2306 ἀλλὰ

1819 2322 1996 2394 πολλῷ
2029 2323 2211 2379 πλέον.
2236 2324 2371 2379 Ούδέ
2404 2325 2513 2397 γὰρ
2545 2320 2720 2393 εἶπεν,
2760 2328 2887 2383 Ἐὰν
2924 2328 3202 2397 γλώσσαις
3230 2331 3398 2399 λαλῶ,

1818 2406 1933 2460 ἀλλ’
1982 2407 2123 2461 Ἐὰν
2158 2407 2289 2474 ταῖς
2340 2409 2649 2478 γλώσσαις
2678 2410 2799 2464 τῶν
2847 2410 3172 2480 ἀνθρώπων
3208 2417 3396 2472 λαλῶ.

1819 2490 1884 2543 Τί
1915 2492 2053 2557 ἐστι,
2086 2490 2207 2545 Τῶν
2233 2492 2593 2560 ἁνθρώπων;
2615 2494 2839 2548 Πάντων
2868 2494 2978 2548 τῶν
3005 2498 3281 2569 πανταχοῦ
3302 2500 3402 2571 τῆς

1818 2574 2139 2660 οἰκουμένης
2171 2574 2361 2660 ἐθνῶν.
2390 2577 2499 2660 Καὶ
2523 2577 2841 2660 ούδέῗταύτῃ
2862 2579 3105 2651 ἠρκέσθη
3135 2585 3200 2653 τῇ
3232 2582 3414 2660 ὑπεροκ

1820 2654 1983 2727 ϐολῇ,
2004 2656 2141 2710 ἀλλά
2180 2658 2272 2712 καὶ
2315 2657 2510 2728 ἐτέραν
2547 2659 2728 2731 πολλῷ
2764 2660 2989 2730 μείζονα
3032 2664 3267 2735 τίθησιν,
3301 2654 3402 2722 ἐπ-

1821 2737 1971 2819 άγων
1998 2740 2093 2792 καὶ
2114 2740 2309 2808 λέγων,
2340 2739 2595 2795 Καϊτῶν
2620 2741 2911 2812 ἀγγέλων,
2941 2745 3187 2816 ἀγάπην
3218 2748 3288 2802 δὲ
3312 2747 3401 2819 μὴ

1824 2818 1972 2893 [290]
2020 2822 2158 2890 ἔχω,
2204 2821 2426 2892 γέγονα
2482 2824 2713 2893 χαλκός
2767 2824 2937 2895 ἠχῶν
2992 2828 3031 2897 ἣ
3089 2831 3403 2900 κύμϐαλον

1820 2902 2144 2964 ἀλαλάζον.
2181 2901 2345 2969 Εἶδες
2370 2904 2475 2959 ποῦ
2501 2907 2563 2960 τὸ
2585 2907 2829 2979 χάρισμα
2859 2910 3107 2981 ἐπάρας,
3128 2913 3232 2967 ποῦ
3263 2914 3400 2968 καθ-

1821 2985 1961 3041 εἶλεν
1999 2986 2132 3041 αὐτὸ
2168 2988 2265 3042 καὶ
2289 2987 2651 3059 κατέρῤιψεν;
2690 2990 2825 3043 Οὐδὲ
2852 2991 2961 3063 γὰρ
3002 2994 3187 3059 ἁπλῶς
3223 2991 3398 3064 εἶπεν,

1821 3068 1903 3122 ὅτι
1964 3070 2130 3123 Οὐδέν
2181 3073 2320 3141 είμι,
2359 3071 2475 3125 ἀλλ’
2527 3072 2610 3125 ὅτι
2651 3072 2886 3142 Γέγονα
2924 3078 3163 3149 ,χαλκὸς
3210 3078 3399 3148 ἠχῶν,

1822 3151 2143 3224 ἀναίσθητόν
2197 3171 2252 3207 τι
2298 3155 2392 3208 καὶ
2423 3153 2649 3226 ἄψυχον.
2701 3156 2827 3222 Πῶς
2873 3158 2931 3211 δέ
2964 3161 3162 3230 χαλκὸς
3216 3162 3399 3234 ήχῶνς

1821 3237 2009 3309 Φωνὴν
2050 3238 2149 3307 μὲν
2179 3239 2382 3308 ἀφιεὶς,
2423 3241 2545 3311 εἱκῆ
2574 3240 2631 3295 δέ
2661 3243 2754 3295 καί
2788 3244 2985 3314 μάτην,
3019 3246 3215 3310 καὶείς
3247 3248 3400 3304 οὐδὲν

1822 3320 1963 3375 δέον.
2013 3321 2159 3392 Πρὸς
2200 3322 2310 3394 γὰρ
2357 3322 2436 3393 τῷ
2476 3323 2645 3394 μηδὲν
2693 3324 2876 3381 ἀνύειν
2914 3329 3007 3381 καὶ
3050 3330 3402 3401 παρενοχλεῖν

1823 3404 1964 3458 δοκῶ
2006 3405 2101 3459 καὶ
2135 3405 2391 3475 φορτικός
2431 3423 2513 3471 τις
2546 3404 2686 3462 εἶναι
2722 3409 2813 3463 καὶ
2844 3411 3089 3484 ἐπαχθὴς
3119 3416 3232 3479 τοῖς
3271 3414 3401 3469 πολ-

1822 3487 1936 3552 λοῖς
1956 3506 1971 3522 ⁸
2019 3490 2152 3561 ὁρᾷς
2185 3487 2300 3553 πῶς
2331 3491 2358 3542 ὁ
2388 3489 2607 3558 ἀγάπης
2647 3493 3092 3566 ἀπεστερημένος
3127 3499 3238 3560 τοῖς
3262 3498 3402 3567 ἀψύ-

1824 3590 1938 3642 χοις
1964 3571 2249 3642 προσέοικε
2280 3572 2373 3625 καὶ
2397 3573 2745 3645 ἀναισθήτοις
2764 3594 2779 3640 ;
2798 3575 3049 3632 Γλῶτταν
3069 3579 3125 3633 δέ
3153 3580 3400 3650 ἀγγέλων

1825 3653 2061 3709 ἐνταῦθά
2084 3671 2268 3725 φησιν,
2303 3655 2423 3725 οὐχὶ
2451 3656 2611 3727 σῶμα
2653 3660 2954 3729 περιτιθεὶς
2983 3662 3252 3731 ἀγγέλοις,
3284 3665 3399 3719 ἀλλ’

1824 3738 1853 3791 ὃ
1880 3738 2049 3806 λέγει,
2095 3736 2336 3792 τοιοῦτόν
2386 3739 2537 3793 ἐστι·
2584 3740 2704 3794 Κᾶν
2754 3742 2896 3795 οὕτω
2947 3744 3292 3817 φθέγγωμαι,
3323 3748 3402 3813 ὡς

1824 3821 2075 3891 ἀγγέλοις
2111 3820 2278 3893 νόμος
2326 3820 2464 3892 πρὸς
2505 3821 2770 3893 ἀλλήλους
2806 3824 3169 3896 διαλέγεσθαι,
3200 3830 3400 3904 ταύτης

1823 3905 1953 3960 ἀνευ
1993 3904 2147 3958 οὐδέν
2184 3906 2323 3974 είμι,
2372 3904 2509 3958 ἀλλὰ
2562 3907 2655 3959 καὶ
2705 3908 2949 3981 ἐπαχθής
2987 3911 3082 3965 καὶ
3122 3914 3394 3984 φορτικός.

1824 3986 1982 4040 Οὕτω
2008 3987 2138 4055 γοῦν
2169 3987 2262 4041 καὶ
2284 3986 2520 4058 ἀλλαχοῦ
2548 3989 2676 4044 ὅταν
2698 3989 2854 4065 λέγῃ,
2879 3992 2959 4045 ὅτι
2977 3993 3148 4060 Αὐτῷ
3176 3997 3399 4067 κάμψει

104 4068 398 4137 μειζόνως
438 4069 628 4142 ἐπάρῃ
670 4069 853 4137 τοῦτο,
896 4069 925 4125 ὃ
960 4070 1146 4141 μέλλει
1192 4069 1404 4139 λέγειν·
1462 4072 1581 4125 οὐδὲ
1616 4074 1723 4144 γὰρ

101 4152 163 4203 ἓν
202 4154 306 4205 καὶ
358 4151 469 4204 δύο
523 4154 617 4205 καὶ
657 4152 786 4225 τρία
817 4154 1133 4225 χαρίσματα
1158 4154 1407 4225 δείκνυμι
1437 4156 1585 4227 ὑμῖν,
1610 4157 1723 4211 ἀλλ’

96 4234 223 4289 ὁδὸν
264 4235 420 4306 μίαν
471 4234 573 4303 τὴν
601 4237 693 4288 ἐπὶ
737 4238 915 4290 πάντα
962 4235 1136 4290 ταῦτα
1167 4237 1438 4310 φέρουσαν
1458 4255 1471 4269 θ
1502 4240 1599 4293 καὶ
1627 4240 1724 4311 οὐχ

96 4316 302 4379 ἁπλῶς
331 4316 495 4381 ὁδὸν,
525 4317 662 4369 ἀλλά
686 4320 781 4371 καὶ
804 4318 924 4389 μεθ’
948 4319 1276 4393 ὑπερϐολῆς,
1300 4321 1394 4374 καὶ
1415 4324 1566 4393 κοινῇ
1592 4324 1725 4376 πᾶσι

92 4400 534 4470 προκειμένην.
571 4399 646 4452 Ού
677 4400 784 4471 γὰρ
813 4401 1001 4472 ὥσπερ
1044 4401 1114 4454 τὰ
1141 4401 1452 4472 χαρίσματα
1483 4407 1595 4468 τοῖς
1626 4406 1725 4476 μὲν

89 4484 307 4549 ταῦτα,
344 4485 480 4547 τοῖς
524 4482 580 4536 δέ
615 4486 818 4550 ἐκεῖνα,
854 4484 968 4537 ἀλλ’
1007 4485 1067 4537 οὐ
1113 4487 1249 4539 πᾶσι
1292 4484 1471 4543 πάντα
1495 4486 1721 4553 δέδοται,

89 4564 248 4618 οὕτω
281 4566 397 4619 καὶ
430 4565 599 4620 τοῦτο
618 4581 631 4594 ’
661 4566 798 4621 ἀλλὰ
824 4566 1112 4621 καθολικὸν
1139 4566 1312 4637 δῶρόν
1337 4569 1475 4622 ἐστι.
1508 4570 1601 4623 Διὸ
1629 4572 1723 4624 καὶ

88 4652 324 4716 πάντας
378 4652 479 4715 είς
516 4650 675 4707 τοῦτο
720 4654 909 4707 καλεῖ·
957 4652 1224 4722 Ζηλοῦτε
1273 4653 1402 4726 γὰρ,
1453 4657 1606 4726 φησὶ,
1650 4658 1722 4712 τὰ

85 4741 485 4808 χαρίσματα
507 4738 582 4792 τὰ
608 4740 950 4807 κρείττοναο
975 4739 1075 4795 καί
1100 4740 1189 4795 ἔτι
1217 4741 1347 4795 καθ’
1379 4743 1723 4811 ὑπερϐολὴν

82 4823 248 4877 ὁδὸν
278 4823 591 4889 δείκνυμι
623 4821 766 4891 ὑμῖν
784 4837 797 4851 ’
839 4826 938 4893 την
989 4823 1209 4894 ἀγάπην
1236 4823 1410 4893 λέγων
1456 4824 1555 4895 τὴν
1585 4825 1721 4897 πρὸς

84 4906 184 4957 τὸν
228 4904 524 4973 πλησίον.
577 4899 713 4957 Εἶτα
767 4905 974 4975 μέλλων
1021 4906 1304 4978 ἐμϐαίνειν
1349 4908 1430 4970 είς
1466 4907 1557 4962 τὸν
1592 4910 1721 4979 περὶ

80 4989 271 5060 αὐτῆς
295 4987 489 5054 λόγον
518 4988 612 5039 καὶ
637 4988 697 5040 τὸ
722 4988 994 5059 ἐγκώμιον
1022 4990 1115 5043 τοῦ
1146 4988 1571 5061 κατορθώματος
1597 4993 1719 5046 τού-

80 5090 217 5136 του,
269 5070 529 5142 πρῶτον
567 5069 823 5140 καθαιρεῖ
864 5072 1037 5126 ταῦτα
1067 5075 1132 5143 τῇ
1170 5073 1308 5145 πρὸς
1342 5073 1556 5146 ἐκείνην
1587 5092 1718 5139 συγ-

80 5154 310 5222 κρίσει,
370 5151 547 5205 οὐδέν
585 5151 712 5206 ὅντα
767 5154 982 5219 δεικνὺς
1034 5154 1238 5225 ταύτης
1271 5155 1464 5227 χωρὶς,
1515 5157 1719 5227 σφόδρα

80 5237 378 5300 συνετῶς.
426 5235 504 5287 El
536 5236 644 5307 γὰρ
681 5237 882 5300 εὐθέως
920 5238 1050 5307 περὶ
1076 5240 1295 5309 ἀγάπης
1322 5238 1589 5310 διελέχθη,
1624 5242 1718 5293 καὶ

77 5320 295 5386 εἰπὼν,
372 5316 573 5371 Ὄδὸν
606 5318 747 5387 ὑμῖν
799 5318 1093 5388 δείκνυμι,
1135 5322 1438 5392 ἐπήγαγεν,
1480 5322 1632 5394 Δῦτη
1661 5322 1719 5376 δέ

76 5406 242 5457 ἐστιν
298 5404 339 5473 ἡ
403 5400 641 5471 ἀγάπη,
691 5402 784 5455 καὶ
832 5402 907 5473 μὴ
936 5403 1075 5456 κατά
1121 5402 1411 5477 σύγκρισιν
1442 5405 1533 5458 τὸν
1561 5405 1717 5475 λόγον

77 5490 450 5558 προήγαγε⁹
506 5483 609 5537 κᾶν
661 5486 1037 5555 ἐμυκτήρισάν
1090 5503 1236 5550 τινες
1278 5488 1339 5540 τὸ
1380 5487 1589 5559 λεχθὲν,
1618 5490 1719 5543 οὐκ

75 5571 304 5633 εἰδότες
358 5564 576 5636 σαφῶς
603 5566 699 5621 τοῦ
751 5568 1073 5640 πράγματος
1123 5569 1222 5642 τὴν
1270 5570 1445 5640 ίσχὺν,
1489 5572 1603 5626 ἀλλ’
1635 5574 1716 5626 ἔτι

76 5656 228 5725 πρὸς
266 5654 485 5706 ταῦτα
538 5651 842 5722 κεχηνότες.
888 5653 1085 5722 Διόπερ
1143 5655 1241 5706 ούκ
1296 5654 1498 5720 εὐθέως
1548 5657 1716 5726 αὐτὴν

1822 4068 1946 4123 πᾶν
1969 4069 2117 4139 γόνυ
2138 4070 2513 4138 ἐπουρανίων
2540 4073 2640 4125 καὶ
2678 4072 2955 4142 ἐπιγείων
2978 4076 3080 4129 καί
3107 4084 3395 4147 καταχθο-

1822 4151 1987 4216 νίων,
2030 4151 2093 4205 ού
2126 4152 2328 4219 γόνατα
2359 4152 2454 4206 καὶ
2484 4153 2618 4207 ὀστᾶ
2665 4156 2965 4227 περιτιθεὶς
3010 4162 3122 4223 τοῖς
3150 4161 3399 4230 ἀγγέλοις

1822 4234 1996 4317 ταῦτα
2034 4232 2204 4317 λέγει,
2250 4233 2453 4317 ἀπαγε,
2488 4235 2624 4291 ἀλλά
2656 4237 2756 4309 τὴν
2801 4240 3198 4313 ἐπιτεταμένην
3225 4261 3398 4317 προσ-

1823 4316 2050 4388 κύνησιν
2073 4315 2161 4369 διὰ
2184 4316 2277 4370 τοῦ
2320 4318 2448 4391 παρ’
2476 4320 2611 4389 ἡμῖν
2642 4321 2921 4393 σχήματος
2946 4323 3250 4388 αἰνίξασθαι
3271 4315 3399 4395 βούτ-

1821 4400 1995 4454 λεται.
2053 4399 2212 4456 Οὕτω
2259 4401 2355 4455 καί¹
2402 4402 2637 4456 ἐνταῦθα
2692 4403 2944 4473 γλῶσσαν
3001 4406 3279 4473 ἐκάλεσεν,
3334 4410 3397 4463 ού

1824 4482 2024 4554 σαρκὸς
2054 4482 2284 4553 δργανον
2311 4483 2508 4553 δηλῶν,
2537 4484 2674 4539 ἀλλά
2697 4487 2797 4556 τὴν
2836 4487 2972 4557 πρὸς
2995 4488 3258 4560 ἀλλήλους
3300 4492 3398 4544 αύ-

1821 4566 1931 4620 τῶν
1970 4566 2187 4636 ὁμιλίαν
2238 4565 2318 4637 τῷ
2352 4565 2614 4639 γνωρίμῳ
2648 4568 2780 4640 παρ’
2810 4570 2940 4639 ἡμῖν
2980 4572 3163 4643 τρόπῳ
3190 4574 3398 4641 αἰνίξα-

1824 4649 1948 4703 σθαι
1980 4648 2320 4719 βουλύμενος.
2354 4646 2487 4703 Εῐτα
2533 4649 2676 4704 ὥστε
2708 4651 3113 4723 εύπαράδεκτον
3141 4656 3397 4723 γενέσθαι

1821 4732 1910 4785 τὸν
1936 4731 2114 4800 λόγον,
2143 4732 2206 4784 οὐ
2250 4732 2414 4803 μέχρι
2438 4732 2546 4788 τῶν
2588 4733 2850 4802 γλωσσῶν
2881 4735 3116 4804 ἵσταται,
3142 4736 3278 4793 ἀλλά
3303 4741 3397 4794 καὶ

1820 4815 1913 4868 ἐπὶ
1938 4813 2009 4868 τά
2030 4814 2192 4869 λοιπά
2219 4815 2433 4886 πρόεισι
2467 4816 2805 4889 χαρίσματα,
2840 4818 2936 4872 καὶ
2965 4820 3142 4874 πάντα
3177 4824 3242 4893 τῇ
3292 4823 3393 4877 αύ-

1818 4896 1927 4981 τῆς
1956 4898 2196 4970 ἀπουσία
2253 4898 2516 4981 καθελὼν,
2573 4900 2694 4953 τότε
2724 4900 2895 4971 αὐτῆς
2944 4903 3250 4973 ὑπογράφει
3292 4906 3394 4981 τὴν

1819 4980 2031 5034 είκόνα’
2065 4982 2161 5034 καὶ
2199 4981 2387 5048 ἐπειδὴ
2418 4980 2644 5053 αὔξησιν
2688 4983 2912 5053 ποιῆσαι
2959 4986 3267 5058 προῄρηται
3295 4988 3392 5042 τοῦ

1818 5065 2001 5132 λόγου,
2032 5064 2141 5119 ἀπὸ
2170 5064 2275 5118 τῶν
2301 5065 2596 5119 ἐλαττόνων
2626 5065 2925 5137 ἀρχόμενος
2956 5070 3161 5124 άνεισιν
3202 5072 3294 5124 ἐπὶ
3322 5072 3392 5127 τά

1822 5146 2011 5217 μείζω.
2045 5147 2218 5217 Ὀπερ
2248 5148 2376 5219 γὰρ,
2403 5149 2568 5217 ἡνίκα
2590 5147 2686 5221 τὴν
2729 5148 2880 5215 τάξιν
2904 5151 3082 5204 αὐτῶν
3108 5152 3394 5225 ἐνέφηνεν,

1820 5230 2043 5300 ὕστερον
2099 5230 2311 5284 τέθεικε
2364 5230 2427 5285 τὸ
2466 5229 2577 5284 τῶν
2614 5233 2895 5301 γλωσσῶν,
2949 5234 3109 5288 τοῦτο
3171 5237 3389 5308 πρῶτον

1819 5312 2040 5383 ἀριθμεῖ
2066 5311 2160 5366 νῦν
2189 5313 2330 5367 κατά
2367 5314 2581 5385 μικρὸν,
2614 5315 2750 5388 ὅπερ
2774 5316 2931 5387 ἔφην,
2960 5319 3050 5371 ἐπὶ
3070 5318 3137 5373 τὰ
3164 5320 3389 5388 μείζονα

1817 5394 2142 5450 ἀναϐαίνων.
2178 5395 2361 5451 Είπὼν
2390 5398 2500 5470 γὰρ
2532 5399 2662 5470 περὶ
2699 5400 2807 5453 τῶν
2837 5400 3120 5469 γλωσσῶν,
3157 5404 3251 5457 ἐπὶ
3286 5405 3388 5475 τὴν

1818 5478 2152 5551 προφητείαν
2173 5478 2372 5544 εὐθέως
2401 5479 2661 5547 ἐκϐαίνει,
2690 5483 2784 5535 καί
2811 5500 2973 5555 φησιο
3004 5484 3113 5539 Καὶ
3132 5486 3242 5540 ἐὰν
3270 5487 3388 5555 ἔχω

1818 5562 2211 5631 προφητείαν*
2271 5565 2365 5618 καὶ
2415 5564 2618 5633 ταύτην
2679 5567 2842 5619 πάλιν
2891 5567 3009 5637 μεθ’
3055 5568 3382 5639 ὑπερϐολῆς.

1818 5645 2026 5719 Ὥσπερ
2050 5645 2158 5715 γὰρ
2180 5648 2297 5700 ἐκεῖ
2322 5648 2383 5700 ού
2422 5647 2673 5717 γλώσσας
2702 5649 2920 5720 ἔθηκεν,
2952 5650 3087 5704 ἀλλά
3115 5652 3213 5714 τάς
3251 5656 3384 5707 πάν-

1816 5747 1920 5782 των
1964 5730 2072 5782 τῶν
2122 5729 2423 5802 ἀνθρώπων
2461 5732 2728 5800 γλώσσας,
2768 5736 2859 5787 καὶ
2900 5735 3102 5805 προϊὼν
3131 5736 3232 5799 τὰς
3275 5738 3383 5793 τῶν

140 5759 159 5781 ⁸
189 5759 374 5808 Vetus
402 5754 784 5831 ipterpres,qui
810 5760 975 5819 venit,
998 5756 1175 5820 {onlem
1194 5756 1592 5824 donorwn,1egil
1623 5778 1713 5819 πη-

146 5842 170 5867 ν
192 5833 573 5884 κηαρισματων.

1820 5754 1920 5782 των
1964 5754 2072 5782 των
2122 5754 2423 5802 ανυρωτῑων
2461 5754 2728 5800 γΛωσσας,
2768 5754 2859 5787 και
2900 5754 3102 5805 προιων
3131 5754 3232 5799 τας
3275 5755 3381 5793 των

1820 5812 2083 5883 ἀγγέλων,
2108 5816 2201 5867 καὶ
2224 5815 2343 5869 τότε
2366 5813 2562 5881 ἔδειξεν
2579 5817 2726 5871 οὐδὲν
2750 5818 2804 5871 ὃν
2828 5817 2885 5870 τὸ
2906 5818 3148 5890 χάρισμα
3161 5821 3268 5890 ἁγά
3280 5840 3381 5889 nn;

2070 5856 2083 5881 ,
2111 5846 2201 5867 mu
2234 5846 2343 5869 ινιτ.
2366 5846 2561 5881 ςυειιδιν
2579 5846 2726 5871 υυυενν
2750 5846 2804 5871 υν
2837 5846 2885 5870 bu
2906 5846 3379 5889 λαίλιυμααῖαῖὶης

74 5825 170 5884 γὲν
192 5818 573 5884 χαρισμάτων.
