3776 6310
388 292 495 348 269

386 407 557 479 χωρίς
576 421 592 437 ο
622 406 765 459 οὑτω
798 404 893 459 καὶ
926 404 1159 458 ἐνταῦθα
1184 408 1246 459 οὑ
1288 405 1388 477 τὴν
1413 408 1751 479 προφητείαν
1782 410 1962 479 τίθησι

392 492 575 561 μόνον,
604 487 740 542 ἀλλὰ
763 487 859 541 καὶ
888 485 989 557 τὴν
1022 482 1362 559 ὑψηλοτάτην
1398 489 1754 560 προφητείαν.
1784 489 1971 544 Εἰπὼν

387 575 518 645 γὰρ,
574 572 707 625 Ἐὰν
737 570 856 640 ἔχω
897 571 1287 639 προφητείαν,
1336 574 1623 643 ἐπήγαγεο
1680 574 1792 630 Καὶ
1834 573 1973 629 ειόῶ

386 660 461 711 τὰ
478 654 779 725 μυστήρια
807 653 1024 718 πάντα,
1054 653 1151 707 καὶ
1181 654 1391 709 πᾶσαν
1422 655 1537 724 τὴν
1560 655 1819 726 γνῶσιν·
1853 657 1972 728 μετ’

388 739 693 801 ἐπιτάσεως
720 736 890 801 τιθεὶς
924 736 1020 790 καὶ
1050 733 1211 790 τοῦτο
1235 737 1297 790 τὸ
1325 738 1594 809 χάρισμα.

457 876 521 929 δ’.
552 871 686 929 Εἶτα
728 873 867 951 μετά
917 875 1076 928 τοῦτο
1108 873 1202 928 καὶ
1228 862 1321 926 ἐπὶ
1347 873 1416 927 τὰ
1451 871 1613 928 λοιπά
1658 872 1971 945 χαρίσματα

390 958 696 1025 προϐαίνει.
731 954 841 1010 Καὶ
864 954 949 1010 ἴνα
980 957 1056 1027 μὴ
1086 956 1146 1009 τὺ
1170 956 1293 1010 καθ’
1320 956 1551 1010 ἕκαστον
1584 956 1761 1011 αὑτῶν
1792 957 1971 1027 λέγων

390 1041 519 1111 δοκῇ
550 1032 711 1096 πάλιν
730 1040 987 1110 ἐνοχλεῖν,
1019 1036 1118 1111 τὴν
1143 1040 1356 1112 μητέρα
1376 1042 1471 1094 καὶ
1500 1042 1684 1112 πηγὴν
1716 1038 1971 1097 ἁπάντων

390 1124 591 1193 τίθησι,
634 1124 729 1175 καὶ
770 1118 939 1194 αὐτὴν
971 1121 1134 1177 πάλιν
1177 1121 1303 1193 μεθ’
1336 1121 1664 1194 ὑπερϐολῆς,
1704 1118 1848 1176 οὑτω
1884 1122 1972 1177 λέ-

391 1214 536 1270 γων·
575 1205 684 1259 Καὶ
726 1205 835 1260 ἐὰν
861 1206 979 1275 ἔχω
1017 1205 1226 1261 πᾶσαν
1257 1204 1373 1274 τὴν
1423 1204 1650 1259 πίστιν.
1697 1204 1809 1259 Καὶ
1849 1204 1971 1259 οὑδὲ

391 1288 635 1361 ἠρκέσθη
664 1282 859 1360 τούτῳ,
899 1286 1035 1343 ἀλλὰ
1066 1285 1180 1352 καὶ,
1212 1288 1348 1359 ὅπερ
1377 1288 1452 1352 ὡς
1483 1288 1738 1359 μέγιστον
1764 1282 1917 1341 εἶπεν
1942 1288 1971 1342 6

391 1364 649 1445 Χριστὸς,
688 1371 782 1425 καὶ
824 1369 983 1425 τοῦτο
1029 1369 1368 1443 προσέθηκεν
1398 1370 1601 1424 εἰπών’
1650 1370 1835 1426 Ὥστε
1861 1369 1969 1439 ὅρη

387 1455 793 1527 μεθιστάνειν,
823 1452 1066 1523 ἀγάπην
1108 1452 1177 1509 δὲ
1196 1455 1282 1523 μὴ
1309 1454 1450 1523 ἔχω,
1481 1452 1663 1509 οὐδέν
1687 1457 1829 1525 ειμι.
1858 1452 1972 1509 Καὶ

393 1539 585 1591 σκόπει
623 1532 742 1601 πῶς
772 1535 933 1590 πάλιν
962 1534 1240 1591 κάνταῦθα
1287 1535 1542 1609 καθαιρεῖ
1569 1537 1680 1591 τῶν
1707 1534 1972 1605 γλωσσῶν

388 1622 452 1676 τὸ
481 1620 720 1692 ἀξίωμα.
769 1615 893 1674 Ἐπὶ
929 1621 1028 1691 μὲν
1067 1623 1176 1693 γάρ
1222 1610 1322 1691 τῆς
1362 1620 1701 1692 προφητείας
1729 1618 1969 1674 δείκνυσι

388 1703 527 1760 ’πολὺ
556 1702 617 1757 τὸ
646 1694 836 1775 κέρδος
862 1700 921 1758 τὸ
951 1698 1045 1756 ἀπ’
1069 1702 1262 1773 αὑτῆς,
1283 1701 1346 1756 τδ
1372 1699 1575 1756 εἰδέναι
1595 1702 1663 1757 τὰ
1694 1702 1971 1775 μυστήρια

394 1790 488 1842 καὶ
524 1787 623 1861 τὴν
662 1784 865 1857 γνῶσιν
895 1784 1038 1857 ἔχειν
1066 1776 1307 1850 ἃπασαν,
1340 1786 1440 1839 καὶ
1475 1786 1567 1839 ἐπὶ
1589 1787 1689 1857 τῆς
1735 1786 1971 1850 πίστεως

388 1862 552 1943 ἰργον
599 1870 658 1923 οὑ
694 1870 909 1941 μικρὸν,
938 1862 999 1922 τδ
1024 1869 1093 1922 τά
1121 1867 1223 1938 δρη
1257 1868 1601 1939 μεθιστάνειν
1621 1886 1634 1900 ο
1664 1869 1757 1922 ἐπὶ
1783 1867 1841 1923 δέ
1863 1869 1970 1923 τῶν

394 1952 655 2024 γλωσσῶν
702 1948 834 2006 αὑτδ
884 1950 1042 2022 μόνον
1087 1948 1258 2004 είπὼν
1296 1948 1449 2023 [291]
1478 1948 1543 2005 τὸ
1571 1951 1838 2023 χάρισμα,
1874 1948 1971 2007 ἁν-

390 2038 658 2135 εχὼρησε.
687 2030 865 2135 Σῦὶδέ
899 2050 992 2135 μοι
1026 2034 1246 2135 κάκεῖνο
1276 2034 1489 2101 σκόπει,
1526 2033 1643 2098 πῶς
1674 2034 1733 2135 ἐν
1774 2034 1972 2135 βραχεί

392 2116 571 2176 πάντα
602 2118 894 2190 περιέλαϐε
935 2116 1005 2170 τά
1047 2116 1383 2188 χαρίσματα,
1432 2119 1769 2190 προφητείαν
1800 2117 1971 2173 είπὼν

392 2200 491 2260 καὶ
515 2204 727 2258 πίστιν·
776 2194 809 2273 ὴ
851 2199 961 2271 7&9
1009 2202 1067 2254 ἐν
1110 2199 1311 2270 λόγοις,
1345 2202 1379 2272 ὴ
1427 2201 1486 2256 ἐν
1523 2197 1708 2274 ἔργοις
1741 2198 1860 2257 ἐστὶ
1902 2204 1971 2258 τά

390 2286 667 2360 θαύματα.
719 2284 831 2342 Καὶ
884 2285 1001 2350 πῶς
1050 2288 1079 2339 6
1117 2285 1353 2356 Χριστός
1413 2304 1598 2357 φησιν,
1657 2284 1971 2359 Ἐλάχιστον

396 2372 561 2444 μέρος
592 2369 693 2442 τῆς
722 2368 960 2431 πίστεως
991 2364 1132 2421 εἶναι
1164 2368 1224 2421 τὸ
1251 2360 1511 2423 δύνασθαι
1543 2369 1671 2440 ὅρος
1700 2368 1971 2444 μεταστῇ..

394 2475 485 2513 σαι
513 2456 623 2525 (ὡς
650 2452 760 2524 7&9
793 2451 1077 2522 ἐλάχιστον
1111 2451 1307 2519 λέγων,
1337 2450 1511 2517 οῦτως
1548 2446 1743 2524 ἔθηκεν
1773 2456 1966 2522 εἰπὼν,

404 2538 548 2595 Ἐὰν
576 2536 753 2607 ἔχητε
798 2533 1007 2588 πίστιν
1047 2534 1128 2600 ὡς
1171 2533 1395 2589 κόκκον
1432 2536 1754 2605 σινζάπεως,
1785 2532 1970 2605 ἐρεῖτε

392 2620 474 2687 τῷ
499 2616 619 2688 ὄρει
642 2618 848 2683 τούτῳ,
884 2615 1206 2685 Μετάϐηθι,
1236 2616 1333 2671 καί
1358 2617 1760 2686 μεταϐήσεται
1777 2618 1796 2689 )
1815 2636 1827 2648 ·
1856 2620 1884 2673 6
1911 2619 1967 2673 δὲ

395 2703 606 2766 Παῦλος
636 2702 816 2755 πᾶσαν
846 2699 945 2770 τὴν
978 2699 1165 2753 πίστιν
1188 2699 1394 2770 ταύτην
1420 2695 1558 2755 εἷναί
1591 2719 1757 2773 φησι;
1784 2701 1851 2756 Τί
1875 2699 1971 2757 οὖν

393 2780 541 2842 ἔστιν
569 2784 777 2850 είπεῖνς
818 2778 1041 2854 Ἐπειδὴ
1081 2778 1225 2853 μέγα
1253 2777 1321 2854 ῆν
1350 2781 1527 2850 τοῦτο,
1563 2783 1625 2837 τδ
1648 2785 1775 2857 ὅρος
1804 2803 1970 2856 μετα-

392 2870 609 2940 στῆσαι,
646 2866 735 2922 διὰ
762 2864 922 2920 τοῦτο
953 2863 1048 2919 καὶ
1080 2864 1245 2921 αὑτοῦ
1295 2866 1724 2938 ἐμνημόνευσεν,
1763 2871 1861 2940 οὑχ
1894 2869 1969 2933 ὡς

389 2954 550 3008 τοῦτο
594 2952 764 3024 μόνης
794 2946 1104 3020 δυναμένης
1153 2944 1333 3022 πάσης
1383 2950 1483 3021 τῆς
1527 2948 1786 3019 πίστεως,
1833 2951 1970 3007 ἀλλά

391 3035 580 3106 ἐπειδὴ
618 3034 776 3088 τοῦτο
817 3031 962 3104 μέγα
1000 3028 1140 3086 εἶναι
1179 3031 1351 3087 ἐδόκει
1379 3030 1493 3099 τοίς
1529 3035 1858 3106 παχυτέροις
1881 3034 1971 3089 διὰ

389 3119 481 3173 τὸν
520 3117 682 3187 δγκον
718 3113 812 3169 τοῦ
832 3112 1125 3185 ·σώματος,
1160 3113 1455 3170 κάντεῦθεν
1493 3114 1708 3190 ἐπαίρει
1734 3114 1797 3171 τὸ
1834 3135 1969 3189 προ-

390 3201 663 3275 κείμενον.
703 3200 769 3253 '0
793 3198 852 3253 δὲ
881 3194 1052 3267 λέγει,
1083 3197 1240 3252 τοῦτό
1271 3198 1451 3253 ἐστιν·
1495 3196 1620 3255 Ἐὰν
1645 3198 1754 3272 ἔχω
1786 3202 1970 3256 πᾶσαν

389 3284 488 3355 τὴν
506 3284 710 3349 πίστιν,
732 3279 827 3336 καὶ
848 3280 942 3334 ἐὰν
960 3278 1204 3350 δύνωμαι
1226 3280 1328 3352 δρη
1353 3280 1721 3351 μεθιστάνειν,
1742 3282 1966 3354 ἀγάπην

391 3366 449 3422 δέ
473 3366 548 3439 μὴ
588 3365 719 3437 ἔχω,
750 3363 903 3418 οὐδέν
930 3364 1047 3432 εἰμι
1066 3377 1080 3391 ·
1110 3362 1225 3416 Καὶ
1254 3363 1363 3417 ἐὰν
1398 3365 1650 3433 ¹ψωμίσω
1675 3362 1869 3419 πάντα
1896 3367 1968 3419 τὰ

392 3445 744 3518 ὑπάρχοντά
763 3462 905 3515 μου,
933 3447 1031 3500 καί
1053 3445 1162 3499 ἐὰν
1188 3443 1431 3515 παραδῶ
1453 3444 1519 3499 τὸ
1542 3444 1713 3516 σῶμα
1734 3465 1851 3517 μου
1869 3447 1969 3501 ἵνα

392 3530 803 3598 καυθήσωμαι,
834 3526 1076 3597 ἀγάπην
1114 3527 1182 3580 δὲ
1206 3526 1293 3597 μὴ
1327 3526 1466 3596 ἐχω,
1493 3527 1674 3583 οὐδὲν
1705 3528 1970 3599 ὠφελοῦ.

388 3633 514 3686 μαι.
547 3612 722 3667 Βαϐαὶ
748 3612 848 3682 τῆς
873 3609 1178 3683 ὑπερϐολῆς
1204 3610 1219 3663 ί
1254 3610 1348 3664 καὶ⁷
1372 3609 1481 3683 7&9
1510 3611 1606 3665 καὶ⁸
1632 3612 1804 3668 ταῦτα
1830 3614 1967 3685 μετά

392 3694 713 3768 προσθήκης
755 3695 948 3764 ἐτέρας
987 3693 1220 3765 τίθησιν.
1268 3694 1344 3747 Οὑ
1372 3693 1480 3765 γὰρ
1520 3691 1693 3761 εἶπεν,
1739 3696 1864 3751 Ἐἀν
1892 3698 1966 3751 δῶ

392 3783 505 3844 τοῖς
534 3779 729 3849 πένησι
760 3776 862 3848 τὴν
899 3774 1155 3849 ἡμίσειαν
1202 3777 1399 3847 μοῖραν
1433 3776 1540 3831 τῶν
1580 3776 1772 3845 ὄντων,
1803 3780 1837 3851 ἢ
1868 3779 1965 3845 τάς

392 3863 486 3919 δύο
523 3862 557 3932 ἦ
588 3861 688 3924 τὰς
735 3860 885 3931 τρεῖς
926 3859 1142 3930 μοίρας,
1184 3857 1299 3913 ἀλλ’
1343 3858 1485 3914 Ἐὰν
1512 3860 1709 3914 πάντα
1739 3878 1858 3931 μου
1895 3865 1969 3916 τὰ

393 3944 762 4013 ὑπάρχοντα.
793 3942 903 3995 Καὶ
938 3941 1040 3994 οὑκ
1068 3937 1212 4005 εἶπε,
1244 3939 1351 4008 Δῶ,
1390 3941 1546 4006 ἀλλά,
1584 3943 1859 4012 Ψωμισω,
1892 3944 1968 4008 ὡς

394 4024 750 4099 προσκεῖσθαι
782 4026 849 4096 τῇ
896 4023 1107 4095 δαπάνῃ
1144 4022 1237 4079 καὶ
1259 4023 1358 4095 τὴν
1402 4024 1679 4078 διακονίαν
1709 4025 1809 4095 τὴν
1848 4026 1965 4096 μετ,

392 4106 708 4178 ἐπιμελείας
732 4106 969 4177 ἀπάσης.
1001 4108 1109 4160 Καὶ
1147 4104 1256 4160 ἐὰν
1291 4105 1536 4174 παραδῶ
1565 4106 1632 4160 τὸ
1655 4106 1825 4177 σῶμά
1844 4126 1964 4177 μου

388 4196 491 4246 ἵνα
514 4190 920 4259 καυθήσωμαι.
972 4189 1085 4243 Οὑκ
1134 4186 1308 4253 εἶπεν,
1354 4190 1479 4243 Ἐὰν
1525 4189 1800 4257 ἀποθάνω,
1829 4190 1966 4245 ἀλλά

392 4274 483 4330 καὶ
508 4272 666 4327 τοῦτο
700 4272 819 4343 μεθ’
854 4268 1187 4344 ὑπερϐολῆς·
1215 4270 1307 4325 τὸν
1336 4271 1443 4344 γάρ
1478 4271 1693 4327 πάντων
1714 4272 1963 4342 χαλεπώ-

386 4374 542 4429 τερον
562 4356 792 4411 θάνατον
814 4354 946 4421 θεὶς,
972 4356 1033 4410 τὸ
1054 4353 1232 4419 ζῶντα
1260 4354 1622 4426 κατακαῆναιο
1657 4356 1750 4409 καὶ
1774 4355 1963 4411 τοῦτον

384 4440 553 4514 χωρὶς
598 4438 821 4511 ἀγάπης
852 4438 1005 4492 οῦδὲν
1049 4438 1194 4509 μέγα
1236 4436 1435 4509 ἔφησεν
1467 4434 1623 4492 εἶναι.
1677 4437 1957 4511 Ἐπὴγαγε

384 4522 535 4593 γοῦν,
588 4521 780 4576 Οὐδὲν
814 4520 1177 4591 ὠφελοῦμαι.
1227 4520 1366 4574 Ἀλλ’
1396 4520 1609 4575 οὐδέπω
1654 4521 1751 4593 τὴν
1781 4523 1960 4578 πᾶσαν

383 4605 687 4679 ὑπερϐολὴν
710 4604 908 4672 ἔδειξα,
933 4604 1038 4668 ἓως
1063 4604 1126 4658 ἂν
1151 4601 1246 4658 τοῦ
1270 4601 1508 4674 Χριστοῦ
1536 4598 1635 4667 τὰς
1659 4605 1961 4678 μαρτυρίας

382 4692 482 4753 τὰς
526 4690 653 4761 περὶ
704 4688 1077 4761 ἐλεημοσύνης
1122 4688 1216 4742 καὶ
1270 4687 1499 4743 θανάτου
1550 4688 1846 4758 εἰρημένας
1879 4691 1959 4753 είς

389 4772 553 4841 μέσον
594 4763 820 4839 ἀγάγω.’
856 4772 1012 4835 Τίνες
1069 4765 1163 4824 οὖν
1206 4771 1344 4824 είσιν
1388 4771 1445 4823 αί
1502 4771 1834 4840 μαρτυρίαι;
1868 4772 1959 4843 Τῷ

382 4854 623 4923 πλουσίῳ
655 4854 840 4924 φησιν,
868 4854 937 4909 El
978 4854 1175 4919 θέλεις
1198 4853 1424 4919 τέλειος
1458 4848 1631 4916 εἶναι,
1667 4852 1959 4920 πώλησόν

382 4953 499 4992 σου
535 4941 608 4991 τὰ
639 4936 1010 5007 ὑπάρχοντα,
1050 4936 1148 4990 καὶ
1190 4935 1297 5001 δὸς
1341 4934 1619 5004 πτωχοῖς,
1651 4935 1751 4989 καί
1778 4935 1956 5007 δεῦρο

380 5020 696 5075 ἀκολούθει
723 5037 828 5090 μοι
850 5034 863 5046 °
913 5020 1010 5073 καὶ
1046 5018 1176 5090 περὶ
1206 5018 1424 5088 ἀγάπης
1473 5018 1529 5071 δὲ
1578 5017 1956 5090 διαλεγόμενος

374 5103 478 5173 ’τῆς
500 5103 580 5169 είς
606 5101 696 5155 τδν
732 5101 960 5173 πλησίον
992 5102 1146 5173 φησὶ,
1179 5098 1433 5162 Μείζονα
1456 5101 1679 5169 ταύτης
1715 5101 1955 5172 ἀγάπην

376 5186 580 5252 ὀὐδεὶς
609 5185 755 5253 ἔχει,
797 5186 898 5239 ἵνα
942 5202 1031 5251 τις
1062 5184 1175 5253 τὴν
1220 5184 1435 5254 ψυχὴν
1477 5184 1664 5240 αὐτοῦ
1691 5184 1769 5254 θῇ
1802 5186 1953 5255 ὑπὲρ

378 5268 497 5322 τῶν
543 5268 739 5338 φίλων
781 5267 991 5322 αὐτοῦ.
1045 5266 1208 5320 Ὅθεν
1259 5267 1437 5337 δῆλον,
1466 5268 1551 5321 ὅτι
1601 5270 1696 5323 καὶ
1734 5270 1826 5322 ἐπὶ
1856 5270 1950 5324 τοῦ

376 5351 510 5406 Θεοῦ
542 5350 701 5406 τοῦτο
730 5350 948 5404 πάντων
977 5350 1233 5420 μέγιστόν
1260 5352 1424 5403 ἐστιν.
1475 5352 1613 5408 Ἀλλ’
1648 5352 1759 5424 ἐγὼ
1781 5353 1946 5423 λέγω,

376 5437 543 5505 φησιν
572 5436 601 5488 6
648 5432 883 5498 Παῦλος,
928 5432 1030 5489 κᾶν
1073 5432 1211 5503 ὑπὲρ
1242 5432 1336 5487 τοῦ
1378 5431 1513 5487 Θεοῦ
1546 5433 1729 5506 θῶμεν
1757 5436 1947 5508 αὑτὴν,

375 5518 471 5571 καὶ
505 5516 641 5589 μηδέ
674 5517 860 5582 ἀπλῶς
890 5516 1096 5587 θῶμεν,
1120 5515 1235 5569 ἀλλ’
1267 5515 1407 5569 ὥστε
1434 5518 1527 5572 καὶ
1560 5519 1948 5592 ἐμπρησθῆναι

377 5600 561 5671 (τοῦτο
594 5601 701 5673 γάρ
725 5602 894 5667 ἐστιν,
956 5599 1099 5653 Ἐὰν
1128 5598 1373 5668 παραδῶ
1412 5600 1476 5655 τὸ
1504 5599 1675 5672 σῶμά
1698 5620 1819 5672 μου
1846 5604 1949 5658 ἵνα

376 5682 819 5754 καυθήσωμαι),
860 5685 920 5737 οὑ
956 5685 1097 5758 μέγα
1129 5682 1279 5740 ἔσται
1310 5684 1501 5756 κέρδος
1532 5686 1663 5757 ἡμῖν
1686 5687 1777 5743 τὸν
1807 5688 1944 5761 πλη-

376 5769 486 5823 σίον
520 5768 620 5823 οὑκ
647 5768 922 5839 ἀγαπῶσι.

1085 289 1142 346 S.
1184 289 1473 345 JOANNIS
1508 288 1970 345 CIIRYSOS'I‘UM

2068 290 2379 349 ARCHIEP.
2416 291 2971 352 CONSTANTINOP.

3546 302 3642 358 270

2141 407 2215 461 Τὸ
2242 408 2343 477 μὲν
2369 405 2465 465 οὖν
2490 409 2672 478 λέγειν
2702 411 2773 466 τὰ
2795 413 3111 484 χαρίσματα
3138 412 3290 468 οὐδὲν
3325 413 3477 485 μέγα
3509 416 3643 484 docn-

2077 489 2187 542 λείν
2211 490 2435 561 ἀγάπης
2475 492 2741 563 ἀπούσης,
2792 495 3105 565 θαυμαστὸν
3148 496 3324 550 οὐδέν’
3388 498 3516 551 ἐπεὶ
3555 494 3642 552 καὶ

2072 571 2167 625 τοῦ
2197 572 2316 642 βίου
2363 573 2594 645 δεύτερά
2630 576 2749 629 ἐστι
2786 577 2858 631 τά
2890 578 3223 650 χαρίσματα.
3278 578 3476 633 Πολλοὶ
3522 580 3643 649 γοῦν

2071 656 2388 726 χαρίσματα
2431 656 2854 728 ἐπιδειξάμενοι,
2895 661 3083 733 ἐπειδὴ
3118 662 3308 731 φαῦλοι
3336 662 3641 731 γεγόνασιν,

2071 738 2463 811 ἐκολάσθησαν,
2514 742 2590 805 ὡς
2622 743 2821 797 ἐκεῖνοι
2850 744 2902 797 οἱ
2937 743 3018 815 τῷ
3049 745 3271 816 ὀνόματι
3304 746 3475 800 αὑτοῦ
3516 763 3643 817 προ-

2072 821 2440 892 φητεύσαντες
2478 823 2575 877 καὶ
2609 824 2863 895 δαιμόνια
2892 826 3063 881 πολλά
3090 828 3413 892 ἐκϐαλόντες
3439 829 3533 882 καὶ
3556 830 3641 882 δυ-

2072 904 2267 975 νάμεις
2300 905 2502 970 πολλὰς
2530 908 2876 979 ποιήσαντες,
2907 909 2983 974 ὡς
3023 910 3224 973 Ἰούδας
3268 912 3297 963 6
3345 909 3641 983 προδότης·

2071 988 2247 1060 ἕτεροι
2268 990 2325 1043 δὲ
2354 989 2469 1060 βίον
2498 993 2908 1065 παρασχόμενοι
2936 993 3120 1047 πιστοὶ
3148 993 3411 1065 καθαρὸν,
3443 994 3645 1057 οὐδενὸς

2068 1072 2373 1143 ἐδεήθησαν
2400 1070 2590 1145 ἐτέρου
2637 1075 2776 1146 πρὸς
2820 1076 2882 1129 τὸ
2915 1077 3177 1148 σωθῆναι.
3212 1078 3285 1129 T6
3328 1079 3431 1147 μὲν
3455 1073 3547 1130 οὖν
3580 1078 3645 1132 τὰ

2072 1156 2415 1227 χαρίσματα,
2440 1157 2579 1229 ὅπερ
2616 1156 2777 1229 ἐφην,
2810 1159 3016 1213 δεῖσθαι
3044 1159 3271 1231 ταύτης,
3328 1158 3643 1229 θαυμαστὸν

2069 1242 2226 1296 οὐδέν
2249 1260 2263 1274 ·
2318 1238 2383 1297 τὸ
2423 1244 2485 1298 δὲ
2542 1245 2640 1299 καὶ
2686 1245 2798 1316 βίον
2856 1247 3235 1317 ὴκριϐωμένον
3282 1245 3442 1318 [292]
3492 1246 3646 1315 μηδὲν

2074 1326 2281 1398 ἰσχύειν
2324 1327 2531 1401 ταύτης
2574 1329 2724 1393 ἄνευ,
2763 1328 2924 1383 τοῦτό
2965 1330 3087 1382 ἐστι
3129 1330 3192 1382 τὸ
3220 1330 3320 1399 τὴν
3346 1329 3648 1399 ὑπερϐολὴν

2074 1410 2339 1479 ἐμφαῖνον
2408 1410 2506 1464 καὶ
2572 1411 2773 1480 πολλὴν
2830 1411 3019 1465 ποιοῦν
3076 1412 3177 1480 τὴν
3237 1412 3508 1481 ἀπορίαν,
3564 1412 3648 1464 καὶ

2075 1493 2312 1564 μάλιστα
2374 1495 2505 1549 ὅταν
2559 1496 2589 1547 6
2642 1495 2879 1567 Χριστὸς
2930 1495 3263 1565 ἀμφοτέροις
3323 1493 3541 1557 τούτοις
3585 1495 3649 1547 τὰ

2076 1576 2290 1647 μεγάλα
2336 1577 2599 1647 φαίνηται
2644 1576 3039 1647 ψηφιζόμενος,
3070 1580 3138 1648 τῇ
3160 1593 3219 1629 τε
3263 1577 3646 1649 ἀκτημοσύνῃ,

2074 1660 2238 1729 λέγω,
2293 1662 2534 1725 καὶτοῖς
2578 1661 2673 1715 τοῦ
2732 1662 3033 1733 μαρτυρίου
3069 1661 3355 1727 κινδύνοις.
3398 1663 3511 1715 Καὶ
3548 1664 3647 1732 γὰρ

2072 1743 2151 1813 τῷ
2196 1742 2435 1815 πλουσίῳ
2477 1745 2665 1815 φησιν,
2725 1746 2861 1816 ὅπερ
2892 1744 3062 1815 ἔφθην
3112 1744 3303 1811 εἰπὼν,
3347 1746 3423 1799 EI
3463 1745 3647 1811 θέλεις

2077 1827 2308 1894 τέλειος
2376 1824 2563 1891 εἶναι,
2620 1826 2915 1896 πώλησόν
2973 1844 3089 1883 σου
3150 1829 3223 1883 τὰ
3272 1828 3646 1898 ὑπάρχοντα,

2072 1910 2171 1965 καί
2208 1910 2314 1977 δὸς
2340 1911 2618 1981 πτωχοῖς,
2653 1912 2752 1966 καί
2798 1911 2975 1980 δεῦρο
3004 1912 3326 1967 ἀκολούθει
3365 1929 3508 1981 μοι’
3560 1912 3649 1967 καὶ

2070 1997 2184 2057 τοῖς
2216 1994 2489 2065 μαθηταῖς
2530 1994 2661 2066 περὶ
2696 1996 2998 2067 μαρτυρίου
3032 1996 3417 2067 διαλεγόμενος
3449 1996 3646 2065 ἔλεγεν,

2077 2080 2177 2144 Ὃς
2214 2076 2294 2132 ἂν
2324 2078 2601 2145 ἀπολέσῃ
2633 2079 2749 2145 τὴν
2778 2078 2993 2148 ψυχὴν
3026 2080 3211 2134 αὐτοῦ
3237 2078 3455 2134 ἕνεκεν
3486 2080 3647 2148 ἐμοῦ,

2068 2159 2316 2228 εὑρήσει
2352 2159 2574 2227 αὑτήν·
2602 2160 2721 2227 καὶ,
2776 2163 2882 2227 Ὃς
2917 2161 3027 2216 ἐὰν
3051 2162 3408 2232 ὁμολογήσῃ
3444 2179 3524 2232 με
3550 2164 3647 2231 δμ-

2069 2246 2339 2311 προσθεν
2365 2242 2485 2298 τῶν
2508 2243 2857 2313 ἀνθρώπων,
2888 2245 3246 2315 ὁμολογήσω
3274 2246 3446 2314 κάγὼ
3471 2245 3649 2299 αὐτὸν

2071 2326 2412 2396 ἔμπροσθεν
2432 2327 2539 2382 τοῦ
2568 2328 2798 2395 Πατρός
2824 2345 2943 2398 μου
2966 2329 3072 2383 τοῦ
3102 2329 3170 2381 ἐν
3194 2328 3319 2395 τοῖς
3346 2328 3645 2397 οὐρανοῖς.

2071 2410 2180 2463 Καὶ
2216 2409 2326 2480 7&9
2376 2410 2545 2472 πολὺς
2591 2412 2620 2464 6
2672 2410 2767 2463 τοῦ
2814 2409 3234 2482 κατορθώματος
3265 2411 3465 2464 τούτου
3496 2412 3648 2474 πόνος

2071 2492 2168 2545 καὶ
2200 2491 2372 2563 αὑτὴν
2408 2492 2593 2561 σχεδὸν
2626 2492 2972 2563 ὑπερϐαίνων
3003 2494 3103 2561 τὴν
3138 2492 3331 2561 φύσιν⁸
3367 2496 3468 2547 καὶ
3497 2493 3648 2547 τοῦτο

2072 2574 2251 2629 ῐσασιν
2294 2576 2345 2628 οί
2385 2575 2813 2642 καταξιωθέντες
2852 2575 2962 2628 τῶν
2996 2577 3275 2644 στεφάνων
3310 2575 3523 2630 τούτων
3556 2593 3646 2629 κα-

2070 2657 2178 2722 λῶς
2203 2673 2217 2687 ·
2250 2658 2409 2727 λόγος
2438 2658 2547 2731 γὰρ
2576 2658 2751 2721 οὐδεὶς
2782 2659 2912 2712 αὐτὸ
2941 2660 3291 2731 παραστῆσαι
3319 2661 3647 2732 δυνήσεται·

2069 2742 2212 2797 οὑτω
2237 2743 2487 2812 γενναίας
2508 2744 2570 2797 τὸ
2589 2744 2823 2814 πρᾶγμά
2843 2744 2959 2798 ἐστι
2989 2745 3188 2815 ψυχῆς,
3214 2746 3308 2797 καὶ
3340 2745 3469 2815 μεθ’
3488 2746 3649 2816 ὑπερ-

2071 2827 2235 2897 ϐολῆς
2260 2826 2596 2898 θαυμαστόν.

2140 2946 2201 2994 ε’.
2238 2934 2379 2993 Ἀλλ’
2390 2935 2540 3011 ὅμως
2554 2939 2612 2993 τὸ
2623 2936 2937 3011 θαυμαστὸν
2948 2938 3104 2994 τοῦτο
3122 2938 3275 2994 οὐδὲν
3292 2939 3439 3010 μέγα
3453 2941 3647 3013 ἔφησεν

2068 3022 2295 3093 ὠφελεῖν
2330 3020 2550 3094 ἀγάπης
2580 3023 2748 3095 χωρὶς
2778 3022 2809 3076 6
2841 3020 3071 3087 Παῦλος,
3119 3022 3220 3076 κάν
3264 3022 3361 3094 τὴν
3406 3024 3647 3096 ἀκτημο-

2071 3106 2237 3177 σύνην
2286 3104 2719 3177 συνεζευγμένην
2768 3104 2886 3176 ἔχῃ.
2929 3104 3085 3169 Τίνος
3116 3102 3209 3159 οῦν
3244 3105 3435 3161 ἐνεκεν
3480 3108 3646 3173 οὑτως

2068 3188 2296 3259 εῐρηκε;
2352 3187 2523 3244 Τοῦτο
2577 3188 2677 3260 ὴδη
2728 3187 2896 3253 δεῖξαι
2950 3189 3314 3259 πειράσομαι,
3381 3192 3645 3264 πρότερον

2071 3273 2245 3325 ἐκεῖνο
2270 3270 2532 3342 ζητήσας,
2559 3271 2677 3335 πῶς
2701 3274 2730 3325 δ
2752 3270 2821 3324 τὰ.
2847 3272 3158 3342 ὑπάρχοντα
3178 3272 3448 3343 ψωμίζων
3474 3275 3645 3328 πάντα

2067 3355 2287 3407 δύναται
2322 3355 2396 3424 μὴ
2429 3354 2572 3425 ἔχειν
2604 3352 2845 3423 ἀγάπην.
2883 3354 2986 3408 Τὸν
3015 3355 3113 3425 μὲν
3136 3356 3245 3427 γὰρ
3269 3357 3493 3427 ἕτοιμον
3521 3360 3644 3412 δντα

2067 3439 2269 3510 καῆναι
2314 3439 2412 3492 καὶ
2446 3439 2517 3492 τά
2543 3438 2854 3511 χαρίσματα
2888 3438 3079 3511 ἔχοντα
3111 3442 3343 3513 ἐγχωρεῖ
3389 3443 3524 3506 ἴσως
3556 3444 3644 3496 καὶ

2072 3524 2145 3594 μὴ
2196 3523 2517 3593 ἀγαπῆσαι·
2544 3525 2600 3577 κδ
2642 3524 2699 3577 δὲ
2736 3522 2810 3594 μὴ
2852 3523 3013 3593 μόνον
3045 3526 3165 3589 δοὺς
3198 3525 3265 3580 τά
3305 3526 3641 3599 ὑπάρχοντα,

2068 3606 2206 3663 ἀλλά
2243 3604 2337 3661 καὶ
2369 3602 2655 3677 ψωμίξων,
2692 3608 2807 3670 πῶς
2851 3608 2951 3661 οὑκ
3002 3609 3227 3681 ἀγαπᾷς
3263 3611 3329 3664 Τί
3360 3608 3460 3666 οὖν
3502 3613 3641 3667 ἐστιν

2067 3694 2279 3757 εἰπεῖν;
2310 3690 2381 3745 Ἥ
2415 3692 2497 3745 δτι
2541 3691 2604 3744 τὸ
2634 3692 2735 3745 οὐκ
2773 3688 2832 3746 ὃν
2872 3693 2946 3757 ὡς
2979 3692 3037 3746 δν
3079 3694 3327 3761 ὑπέθετο,
3365 3696 3512 3768 ὅπερ
3559 3699 3641 3752 ἀεὶ

2069 3775 2214 3846 φιλεῖ
2258 3777 2448 3838 ποιεῖν,
2487 3774 2615 3830 ὅταν
2644 3774 2950 3845 ὑπερϐολὴν
2990 3776 3337 3847 παραστῆσαι
3379 3778 3637 3851 βουληοῇο

2067 3859 2143 3923 ὡς
2173 3860 2300 3913 ὅταν
2327 3857 2594 3920 Γαλάταις
2632 3856 2861 3927 γράφων
2891 3857 3043 3929 λέγῃ·
3089 3858 3229 3913 Ἐὰν
3267 3860 3443 3929 ἡμεῖς
3475 3863 3514 3931 ἢ
3542 3863 3639 3931 ἆγ-

2066 3944 2245 4013 γελος
2296 3940 2366 4005 ἐξ
2414 3939 2680 4008 οὐρανοῦ
2730 3938 3170 4009 εὐαγγελίζηται
3217 3942 3356 4011 ὑμῖν
3416 3944 3554 4013 παρ’
3605 3946 3635 3999 ὃ

2067 4025 2451 4094 παρελάϐετε,
2508 4021 2775 4091 ἀνάθεμα
2824 4022 2999 4077 ἔστω.
3034 4023 3226 4077 Καίτοι
3280 4024 3405 4078 οὔτε
3457 4028 3634 4093 αὑτὸς,

2064 4107 2190 4161 οῦτε
2219 4106 2447 4175 ἄγγελος
2475 4104 2669 4175 ἔμελλε
2703 4102 2861 4158 τοῦτο
2887 4108 3078 4158 ποιεῖν’
3113 4105 3226 4159 ἀλλ’
3251 4107 3337 4160 ἵνα
3362 4108 3517 4182 δείξῃ
3544 4109 3635 4180 τὴν

2067 4188 2372 4262 ὑπερϐολὴν
2407 4184 2503 4241 τοῦ
2538 4189 2883 4259 πράγματος.
2916 4188 3097 4241 καὶτὸ
3132 4190 3254 4259 μηδ’
3278 4190 3416 4249 ὅλως
3444 4194 3633 4261 ἐσόμε-

2064 4287 2155 4325 νον
2191 4271 2423 4325 τέθεικε.
2463 4268 2574 4326 Καὶ
2619 4270 2784 4325 πάλιν
2836 4270 2964 4323 ὅταν
3006 4269 3294 4340 Ῥωμαίοις
3343 4273 3633 4344 ἐπιστέλλῃ

2065 4356 2159 4409 καὶ
2191 4354 2345 4427 λέγῃ,
2374 4353 2525 4407 οὔτε
2566 4353 2826 4422 ἄγγελοι,
2857 4353 2996 4406 οὔτε
3036 4353 3234 4421 ἀρχαὶ,
3273 4354 3413 4407 οὔτε
3457 4354 3632 4408 δυνά-

2058 4453 2193 4507 μεις
2229 4435 2599 4505 δυνήσονται
2630 4433 2789 4505 ἡμᾶς
2824 4436 3076 4505 χωρίσαι
3114 4436 3230 4489 ἀπὸ
3262 4434 3369 4504 τῆς
3397 4439 3633 4508 ἀγάπης

2063 4522 2169 4575 τοῦ
2201 4520 2349 4575 Θεοῦ
2370 4532 2385 4550 ⁵
2427 4514 2548 4573 οὑδέ
2586 4514 2695 4590 γὰρ
2729 4518 2888 4572 τοῦτο
2920 4518 3141 4589 ἔμελλον
3178 4523 3350 4573 ποιεῖν
3388 4524 3626 4591 ἄγγελοι,

2062 4604 2198 4658 ἀλλά
2230 4601 2505 4657 κάνταῦθα
2535 4601 2596 4656 τὸ
2642 4602 2717 4673 μὴ
2742 4599 2800 4656 δν
2843 4600 3177 4665 ὑποτίθεται,
3204 4602 3392 4674 ὥσπερ
3422 4602 3516 4658 οὖν
3541 4602 3629 4657 καὶ

2059 4685 2120 4740 τὸ
2144 4686 2272 4754 ἑξῆς
2301 4685 2497 4755 λέγων·
2533 4686 2683 4740 Οὔτε
2722 4688 2920 4753 κτίσις
2949 4685 3137 4753 ἑτέρα.
3171 4686 3430 4755 Καίτοιγε
3471 4690 3628 4760 ἑτέρα

2058 4771 2159 4824 οὐκ
2205 4770 2321 4823 ἐστι
2372 4768 2586 4832 κτίσιςο
2616 4770 2801 4823 πᾶσαν
2828 4770 2936 4841 7&9
2973 4769 3141 4840 αὐτὴν
3186 4771 3509 4841 περιέλαϐε,
3541 4775 3627 4827 καὶ

2058 4854 2124 4907 τὰ
2162 4854 2274 4909 ἀνω
2310 4852 2403 4906 καὶ
2442 4853 2509 4904 τὰ
2542 4852 2692 4906 κάτω
2726 4853 2905 4906 πάντα
2935 4848 3124 4907 εἰπών·
3162 4852 3279 4907 ἀλλ’
3318 4854 3471 4923 ὅμως
3498 4857 3625 4910 κάν-

2055 4933 2229 4988 ταῦθα
2270 4934 2332 4987 τὸ
2379 4934 2455 5005 μὴ
2487 4933 2546 4988 ὃν
2582 4935 2704 4988 καθ’
2738 4934 2991 4988 ὑπόθεσιν
3020 4935 3253 5006 τίθησιν,
3286 4935 3430 4990 ὥστε
3462 4937 3623 5002 δεῖξαι

2056 5019 2145 5072 τὸν
2175 5016 2292 5089 μεθ’
2319 5017 2626 5088 ὑπερϐολῆς
2655 5017 2821 5071 αὑτοῦ
2864 5017 3057 5071 πόθον·
3100 5016 3128 5071 δ
3166 5018 3231 5090 δὴ
3272 5018 3363 5072 καὶ
3394 5020 3623 5074 ἐνταῦθα

2057 5103 2201 5154 ποιεῖ
2227 5100 2420 5168 λέγων,
2456 5099 2538 5153 δτι
2570 5099 2695 5153 Κᾶν
2713 5098 2905 5155 πάντα
2939 5117 3029 5166 τις
3056 5099 3156 5165 δῷ,
3193 5102 3431 5169 ἀγάπην
3457 5101 3620 5170 δὲμὴ

2054 5186 2186 5255 ἔχῃ,
2212 5183 2395 5238 οὐδὲν
2424 5182 2758 5253 ὠφελεῖται.
2793 5183 2864 5235 Ἢ
2892 5181 3047 5236 τοῦτο
3075 5180 3169 5237 οὖν
3198 5183 3342 5238 ἐστιν
3373 5186 3566 5246 εἰπεῖν,
3590 5184 3619 5252 ὴ

2052 5269 2134 5322 ὅτι
2179 5268 2428 5339 βούλεται
2467 5268 2594 5331 τοὺς
2643 5268 2979 5338 παρέχοντας
3024 5268 3117 5321 καὶ
3162 5267 3618 5337 συγκεκολλῆσθαι

2050 5357 2164 5416 τοῖς
2200 5352 2560 5423 λαμϐάνουσι,
2592 5350 2686 5404 καὶ
2720 5352 2794 5421 μὴ
2826 5349 3014 5414 ἀπλῶς
3043 5350 3243 5404 διδόναι
3264 5349 3614 5418 ἀσυμπαθῶς,

2051 5436 2165 5491 ἀλλ’
2214 5435 2501 5499 ἐλεοῦντας
2556 5434 2649 5489 καὶ
2688 5435 3268 5505 κατακαμπτομένους,
3314 5432 3613 5502 ἐπικλωμέ-

2049 5538 2175 5585 νους
2213 5520 2309 5574 καὶ
2337 5518 2733 5588 συναλγοῦντας
2755 5521 2867 5582 τοῖς
2890 5519 3181 5590 δεομένοις.
3216 5518 3311 5571 Διά
3328 5516 3486 5570 τοῦτο
3510 5516 3613 5587 7&9

2050 5606 2143 5658 καὶ
2170 5605 2203 5675 ὴ
2229 5603 2565 5675 ἐλεημοσύνη
2599 5602 2753 5675 παρὰ
2778 5604 2871 5656 τοῦ
2892 5603 3026 5656 Θεοῦ
3048 5601 3481 5673 νενομοθέτηται.
3506 5597 3607 5653 Καὶ

2050 5689 2157 5758 γάρ
2203 5686 2436 5757 ὴδύνατο
2492 5689 2619 5750 τοὺς
2663 5687 2899 5756 πένητας
2943 5685 3251 5757 διατρέφειν
3294 5686 3322 5737 6
3350 5684 3479 5747 Θεὸς
3523 5683 3607 5734 καὶ

2052 5772 2223 5844 χωρὶς
2246 5769 2460 5837 τούτου,
2494 5769 2608 5825 ἀλλ’
2639 5771 2727 5826 ἵνα
2757 5772 2905 5841 ἡμᾶς
2931 5772 3013 5836 εις
3045 5770 3143 5837 τὴν
3171 5768 3390 5838 ἀγάπην
3421 5765 3603 5833 om“,
