3802 6214
156 306 242 363 ρηρ
1076 294 1143 351 IN
1182 292 1395 354 EPIST.
1437 292 1456 346 l
1519 290 1610 347 tto
1645 287 1802 346 con.
1847 288 2078 345 nomn.
2120 290 2337 348 xxxn.

152 423 342 477 raritate
369 414 484 471 :sic
508 423 563 470 et
589 412 693 469 hoc
719 413 842 469 loco
880 424 987 466 non
1027 409 1362 481 prophetiam
1402 405 1551 478 ponit
1578 416 1698 458 tan—

154 526 263 574 tum,
288 506 375 563 sed
417 520 683 560 summam
726 505 886 560 etiam
914 502 1272 573 prophetiam.
1301 499 1438 555 Cum
1476 498 1701 552 dixisset

148 603 287 663 enim,
313 598 370 651 Si
400 596 621 653 habuero
647 595 989 666 prophetiam,
1032 591 1307 661 subjunxit
1336 609 1351 645 ς
1380 589 1448 642 Et
1474 587 1697 641 noverim

151 692 355 763 mysteria
386 691 559 741 omnia
586 695 633 739 et
663 700 861 741 omnem
886 684 1186 749 scientiam;
1215 696 1338 737 eum
1372 678 1616 749 emphasi
1644 687 1700 733 et

146 782 410 838 inuentione
444 778 545 831 hoc
564 778 725 832 etiam
750 776 1019 831 charisma
1042 788 1268 844 ponens.

202 875 249 927 4.
281 868 472 924 Deinde
495 868 563 922 ad
589 868 791 937 reliqua
839 867 1165 922 charismata
1211 862 1574 935 progreditur.
1631 859 1701 913 Et

140 980 198 1018 ne
248 962 445 1030 singula
495 973 819 1014 enumerans
871 957 1114 1013 videatur
1171 970 1386 1010 rursum
1440 952 1699 1008 molestus

138 1068 282 1117 esse,
326 1059 548 1105 matrem
594 1059 648 1104 et
696 1050 897 1106 fontem
946 1049 1184 1104 omnium
1227 1046 1418 1118 ponit,
1444 1054 1501 1102 et
1530 1044 1698 1113 ipsam

138 1161 304 1200 rursus
329 1158 448 1198 cum
499 1142 832 1214 hyperbole,
880 1144 958 1199 sic
1004 1143 1232 1198 dicens:
1265 1139 1334 1194 Et
1381 1140 1426 1194 si
1478 1136 1698 1190 habuero

136 1254 315 1294 onmem
338 1236 512 1305 ﬁdem.
538 1235 719 1306 Neque
759 1236 892 1290 satis
928 1235 1111 1291 habuit
1165 1234 1267 1288 hoc
1313 1232 1550 1294 dixisse,
1602 1227 1699 1283 sed

135 1330 278 1385 etiam
304 1326 474 1392 illud,
517 1328 658 1397 quod
706 1336 763 1381 ut
806 1326 1100 1381 maximum
1148 1324 1389 1379 Christus
1436 1320 1602 1384 dixit,
1644 1318 1697 1374 id

130 1421 281 1475 etiam
338 1418 536 1487 adjecit
572 1435 584 1471 :
623 1418 706 1472 Ita
731 1427 1001 1471 utmontes
1048 1419 1387 1487 transferam,
1437 1413 1700 1466 caritatem

130 1523 284 1565 autem
308 1526 408 1563 non
438 1509 661 1563 habuero
681 1550 697 1574 ,
736 1509 865 1563 nihil
884 1526 1019 1563 sum.
1047 1506 1329 1576 Perpende
1350 1513 1529 1559 autem
1558 1518 1698 1572 quo-

128 1602 276 1657 modo
308 1600 392 1654 hic
418 1615 606 1654 rursus
636 1600 938 1668 linguarum
966 1599 1278 1669 dignitatem
1304 1596 1540 1667 dejiciat.
1566 1594 1700 1649 Pro-

128 1694 307 1764 phetia:
328 1707 558 1762 namque
580 1693 807 1746 multum
835 1691 1072 1748 ostendit
1097 1691 1302 1745 lucrum
1323 1729 1340 1756 ,
1381 1686 1525 1759 quod
1558 1686 1696 1741 sciat

123 1785 365 1857 mysteria
388 1793 445 1839 et
493 1799 708 1839 omnem
748 1783 945 1840 habeat
985 1784 1298 1847 scientiam;
1349 1780 1473 1836 ﬁdei
1516 1787 1695 1834 autem

121 1892 247 1946 opus
274 1891 381 1931 non
410 1891 631 1945 parvum
656 1917 672 1940 ,
703 1876 845 1946 quod
873 1884 1086 1932 montes
1128 1874 1413 1930 transferat
1441 1889 1455 1926 :
1482 1871 1551 1928 de
1589 1871 1695 1925 lin-

116 1967 228 2037 guis
254 1979 383 2021 vero
422 1967 596 2035 ipsum
627 1968 800 2021 solum
843 1966 1111 2023 charisma
1150 1966 1425 2031 indicans,
1471 1964 1693 2021 recedit.

118 2059 192 2114 Tu
234 2058 364 2113 mihi
411 2058 541 2112 illud
583 2073 799 2129 quoque
840 2059 1144 2125 considera,
1192 2056 1463 2129 quomodo
1512 2057 1694 2125 paucis

111 2151 282 2207 omnia
320 2152 642 2222 complexus
668 2151 740 2206 sit
769 2151 1116 2217 charismata,
1150 2150 1483 2221 prophetiam
1508 2148 1693 2205 dicens

109 2255 161 2298 et
187 2242 344 2298 ﬁdem
378 2260 397 2297 :
424 2253 516 2298 aut
556 2245 702 2299 enim
746 2244 799 2298 in
842 2244 1021 2300 verbis
1059 2253 1153 2299 aut
1178 2244 1231 2297 in
1261 2244 1515 2314 Operibus
1541 2244 1692 2312 signa

104 2345 242 2391 sunt.
272 2335 383 2391 Sed
419 2337 688 2406 quomodo
730 2335 977 2391 Christus
1027 2336 1199 2401 dixit,
1247 2336 1523 2389 minimam
1569 2348 1692 2390 esse

104 2428 223 2481 ﬁdei
253 2435 489 2497 partem,
518 2442 674 2497 posse
698 2436 937 2483 montem
966 2428 1254 2482 transferre
1279 2426 1302 2480 ?
1331 2440 1455 2480 nam
1489 2433 1549 2480 ut
1591 2427 1691 2478 mi-

99 2520 303 2574 nimum
330 2520 648 2591 signiﬁcans
669 2560 685 2585 ,
729 2520 801 2575 ita
832 2521 1010 2589 posuit
1050 2519 1236 2573 dicens
1265 2535 1279 2571 :
1311 2516 1374 2573 Si
1417 2516 1692 2572 habueritis

97 2613 245 2681 [idem
276 2613 421 2667 sicut
446 2630 663 2684 granum
688 2614 902 2683 sinapis,
927 2614 1102 2667 dicetis
1132 2612 1250 2665 huic
1276 2612 1451 2675 monti,
1483 2610 1687 2675 Transi,

93 2714 138 2757 et
162 2704 410 2758 transibis
443 2704 464 2775 (
492 2704 681 2757 Matth.
712 2704 799 2758 l7.
827 2703 896 2758 19
921 2714 935 2773 )
965 2718 980 2756 :
1014 2703 1209 2758 Paulus
1235 2717 1362 2757 vero
1383 2701 1511 2757 dicit
1551 2700 1690 2755 hanc

93 2810 307 2850 omnem
335 2794 507 2849 ﬁdem
527 2794 686 2849 esse?
711 2794 847 2862 Quid
889 2808 1020 2864 ergo
1060 2792 1385 2848 dicendum?
1421 2791 1687 2858 Quoniam

89 2902 345 2957 magnum
378 2886 515 2941 illud
540 2897 691 2951 erat,
722 2896 960 2940 montem
1010 2884 1303 2940 transferre
1326 2923 1343 2948 ,
1388 2883 1511 2939 ideo
1554 2882 1685 2936 illud

90 2976 456 3041 memoravit;
491 2991 599 3031 non
622 2975 773 3046 quasi
806 2977 907 3031 hoc
934 2975 1047 3030 sola
1075 2982 1256 3045 posset
1280 2981 1388 3030 tota
1416 2973 1570 3040 ﬁdes,
1590 2972 1687 3027 sed

86 3067 206 3136 quia
238 3066 347 3120 hoc
377 3081 636 3137 magnum
660 3066 1012 3120 crassioribus
1038 3064 1315 3121 videbatur
1338 3078 1460 3120 esse
1482 3063 1553 3118 ob
1572 3077 1689 3117 mo-

85 3162 189 3214 lem
216 3161 499 3229 corporis,
530 3158 653 3215 hinc
676 3174 892 3230 quoque
920 3173 1033 3213 rem
1082 3158 1409 3228 propositam
1456 3156 1687 3226 ampliﬁ-

80 3263 185 3308 cat.
215 3253 337 3309 lloc
369 3262 556 3309 autem
579 3252 693 3307 vult
721 3251 1026 3323 signiﬁcare
1054 3269 1069 3306 :
1100 3251 1156 3307 Si
1197 3250 1438 3306 habuero
1465 3264 1686 3306 omnem

79 3348 265 3411 ﬁdem,
293 3356 354 3401 et
382 3347 434 3402 si
457 3347 662 3415 possim
690 3355 906 3401 montes
937 3342 1251 3408 transferre,
1283 3342 1564 3399 caritatem
1589 3357 1687 3397 au-

81 3449 183 3495 tem
215 3454 332 3494 non
358 3438 629 3506 habuero,
659 3438 793 3493 nihil
820 3452 960 3495 sum.
992 3438 1046 3493 3.
1080 3437 1149 3491 Et
1188 3437 1236 3493 si
1277 3437 1580 3492 distribuere
1630 3437 1686 3490 in

73 3535 210 3587 cibos
238 3548 546 3603 pauperum
574 3548 745 3587 omnes
769 3532 1037 3602 facultates
1064 3547 1231 3599 meas,
1268 3541 1316 3586 et
1356 3530 1402 3585 si
1428 3530 1686 3585 tradidero

73 3640 261 3693 corpus
303 3640 489 3677 meum
522 3624 595 3676 ita
617 3632 672 3677 ut
693 3624 902 3677 ardeam
924 3664 940 3687 ,
976 3623 1237 3677 caritatem
1265 3630 1429 3677 autem
1458 3639 1561 3676 non
1586 3623 1684 3676 ha-

70 3718 225 3771 buero
251 3757 269 3785 ,
301 3718 449 3771 nihil
473 3717 601 3771 mihi
636 3716 858 3787 prodest.
909 3716 1089 3786 Papae,
1113 3725 1311 3785 quanta
1353 3716 1681 3789 hyperbole!

69 3810 293 3865 Etenim
329 3810 460 3865 haec
490 3810 777 3879 ponitcum
800 3808 908 3865 alio
943 3809 1331 3865 additamenta.
1377 3810 1494 3865 Non
1538 3810 1684 3865 enim

63 3904 252 3957 dixit:
302 3903 373 3959 Si
414 3902 625 3959 dedero
676 3902 997 3972 pauperibus
1046 3902 1322 3958 dimidiam
1374 3902 1683 3958 facultatum

64 4010 321 4048 mearum
365 4002 627 4064 partem,
662 4002 754 4048 aut
775 3992 910 4048 duas
936 3993 1019 4047 vel
1066 4002 1175 4048 tres
1220 4001 1434 4063 partes;
1478 3993 1597 4059 sed,
1622 3993 1686 4049 Si

58 4103 241 4141 omnes
267 4086 569 4156 facultates
593 4101 749 4140 meas.
772 4085 957 4156 Neque
979 4085 1144 4152 dixit,
1174 4084 1404 4153 Dedero,
1431 4086 1547 4149 sed,
1574 4085 1686 4141 Dis-

58 4180 295 4234 tribuero
325 4180 387 4233 in
411 4179 601 4243 cibos;
634 4178 705 4233 ita
735 4186 793 4232 ut
817 4193 938 4233 cum
968 4179 1208 4248 impensa
1239 4178 1400 4234 etiam
1439 4179 1684 4234 ministe-

54 4276 197 4328 rium
231 4282 297 4329 et
329 4287 575 4343 operam
602 4270 838 4341 adjiciat,
860 4286 983 4328 cum
1016 4271 1358 4327 accuratione
1399 4272 1569 4327 omni.
1616 4270 1685 4325 Et

52 4368 97 4418 si
116 4366 326 4421 dedero
360 4380 564 4434 corpus
588 4380 783 4431 meum,
812 4366 883 4418 ita
905 4374 962 4419 ut
986 4365 1214 4419 ardeam.
1250 4364 1367 4419 Non
1407 4364 1577 4432 dixit,
1625 4363 1684 4420 Si

52 4459 268 4513 moriar
309 4476 327 4524 ;
390 4457 502 4513 sed
554 4455 656 4514 hoc
693 4460 853 4513 etiam
897 4472 1017 4513 cum
1067 4456 1358 4527 hyperbole
1400 4458 1683 4513 :omnium

51 4550 199 4603 enim
227 4547 585 4619 gravissima
610 4558 783 4603 morte
812 4549 983 4618 posita
1010 4587 1025 4612 ,
1067 4564 1259 4618 nempe
1302 4549 1484 4604 vivum
1529 4565 1681 4605 com-

51 4640 167 4693 buri
196 4681 214 4705 ,
248 4654 392 4694 eam
441 4639 608 4693 etiam
653 4639 771 4695 sine
817 4640 1039 4694 caritate
1084 4640 1219 4695 nihil
1262 4655 1513 4712 magnum
1563 4657 1684 4697 esse

51 4731 215 4786 dixit.
256 4731 584 4800 Subjunxit
612 4732 811 4802 itaque,
842 4730 991 4785 Nihil
1016 4733 1140 4785 mihi
1160 4734 1380 4801 prodest.
1410 4733 1515 4788 Sed
1545 4750 1683 4789 non-

52 4822 175 4877 lum
210 4832 408 4878 totam
440 4822 784 4894 hyperbolen
810 4822 1021 4878 ostendi
1046 4863 1061 4888 ,
1090 4823 1263 4879 donec
1291 4824 1489 4880 Christi
1534 4827 1682 4881 testi-

54 4917 234 4972 nonia
297 4917 473 4972 circa
523 4915 923 4988 eleemosynam
968 4927 1023 4971 et
1063 4927 1293 4972 mortem
1339 4920 1395 4973 in
1445 4920 1680 4976 medium

51 5008 374 5064 adduxere.
441 5007 704 5075 Quaenam
770 5023 900 5078 ergo
944 5020 1072 5064 sunt
1116 5011 1467 5065 testimonia?
1517 5012 1679 5067 Diviti

51 5102 203 5167 Iixit,
244 5101 317 5157 Si
362 5100 456 5154 vis
500 5104 752 5171 perfectus
785 5117 923 5167 esse,
953 5102 1108 5155 vende
1131 5104 1303 5155 omnia
1330 5120 1445 5172 quia
1489 5105 1642 5159 habes
1662 5145 1679 5171 ,

51 5204 77 5247 α
114 5194 193 5247 da
228 5191 622 5265 "pauperibus,
658 5202 707 5246 et
744 5194 1078 5261 uenisequere
1095 5211 1175 5248 me
1202 5194 1412 5264 (Matth.
1435 5197 1523 5251 l9.
1550 5197 1679 5266 2|);

51 5296 84 5339 et
111 5286 187 5340 de
218 5286 496 5341 caritate
519 5299 643 5354 erga
674 5286 971 5352 proximum
989 5285 1258 5341 disserens
1276 5288 1352 5342 ait
1383 5306 1397 5343 :
1426 5288 1682 5357 Maiorem

51 5394 132 5432 iac
154 5378 474 5432 caritatem
499 5391 643 5429 nemo
671 5376 819 5431 habet
840 5417 856 5441 ,
884 5387 941 5430 ut
975 5379 1085 5448 quis
1110 5388 1264 5447 ponat
1291 5380 1512 5435 animant
1532 5399 1680 5437 suam

51 5489 127 5527 iro
152 5470 366 5524 amicis
390 5467 519 5521 suis
544 5466 741 5537 (Joan.
777 5470 862 5525 15.
892 5471 960 5525 15
981 5471 1021 5540 ).
1052 5470 1202 5526 Unde
1230 5472 1402 5540 palam
1416 5482 1500 5529 est
1517 5476 1678 5529 etiam

52 5560 178 5631 iplld
242 5562 451 5616 Deum
510 5557 611 5614 hoe
656 5562 897 5615 omnium
942 5562 1230 5618 maximum
1279 5579 1419 5621 esse.
1468 5568 1539 5620 At
1579 5581 1679 5637 ego

52 5654 178 5716 iiro,
219 5652 430 5721 inquit
468 5648 695 5714 Paulus,
724 5651 933 5707 etiamsi
961 5668 1060 5723 pro
1088 5654 1197 5709 Deo
1226 5669 1483 5725 ponamus
1508 5656 1675 5723 illam,

52 5759 217 5817 :vque
247 5747 463 5801 solum
500 5757 778 5810 pommus.
810 5744 903 5799 sed
930 5745 999 5800 ita
1029 5755 1083 5800 ut
1108 5746 1486 5805 comburamur
1535 5749 1679 5822 (hoc

252 5919 285 5933 κ

3280 299 3390 357 270

1805 404 1948 460 enim
1976 406 2078 461 sibi
2100 407 2230 471 vult,
2262 407 2414 473 illud.
2444 409 2507 464 Si
2538 408 2797 464 tradidero
2820 426 3007 480 corpus
3035 428 3222 481 meum,
3240 416 3310 468 ita
3332 426 3387 469 ut

1804 496 2092 570 ardeam),
2124 515 2230 553 non
2268 515 2516 571 magnum
2542 502 2646 556 erit
2669 501 2876 583 lucrum
2902 503 3056 560 nobis
3079 544 3096 573 ,
3124 507 3171 561 si
3210 507 3393 576 proxi-

1804 604 1950 644 mum
1974 605 2080 645 non
2108 590 2411 661 diligamus.

1875 681 2195 738 Charismata
2219 702 2306 740 seu
2328 687 2465 740 dona
2487 687 2616 741 nihil
2645 696 2859 754 prosunt
2888 688 2997 743 sine
3021 686 3152 744 bona
3169 691 3292 745 vita.
3313 721 3387 734 —

1803 769 1985 842 Itaque
2006 774 2186 830 dicere
2208 775 2533 831 charismata
2557 792 2661 833 non
2690 778 2914 833 multum
2943 778 3221 849 prodesse,
3246 786 3389 836 cari-

1806 874 1911 922 tate
1941 868 2183 937 absente,
2213 870 2345 924 nihil
2371 872 2566 925 mirum
2597 886 2764 941 gnam
2794 872 2846 925 in
2878 872 2983 926 vita
3012 888 3224 942 quoque
3252 873 3388 929 infe-

1804 960 1945 1014 riora
1971 970 2097 1015 suut
2122 961 2469 1018 charismata.
2495 964 2642 1018 Multi
2676 979 2906 1034 namque
2944 966 3032 1034 qui
3064 965 3387 1021 charismata

1803 1051 2131 1119 exhibuere,
2167 1055 2289 1124 quia
2319 1054 2545 1124 improbi
2575 1054 2825 1119 fuerunt,
2861 1070 3046 1124 ptenas
3074 1055 3334 1111 dederunt
3369 1075 3386 1113 :

1803 1153 1862 1199 nt
1888 1146 1960 1200 illi
1988 1146 2076 1215 qui
2108 1146 2159 1200 in
2186 1147 2403 1203 nomine
2431 1148 2547 1218 ejus
2592 1147 3073 1218 prophetaverant,
3121 1149 3389 1205 daamonia

1804 1238 1968 1291 multa
2018 1238 2327 1308 ejecerant,
2377 1248 2432 1295 et
2482 1240 2706 1294 virtutes
2755 1239 2953 1295 multas
3008 1240 3283 1308 fecerant;
3330 1252 3391 1298 ut

1802 1326 1968 1383 ludas
1996 1328 2239 1398 proditor
2267 1345 2290 1385 ε⁴
2312 1330 2403 1384 alii
2429 1340 2606 1383 autem
2631 1329 2817 1384 ﬁdeles
2840 1371 2855 1395 ,
2885 1331 2973 1401 qui
3006 1332 3166 1385 vitam
3214 1332 3388 1387 duxe-

1800 1430 1923 1473 rant
1955 1436 2139 1488 puram
2161 1461 2176 1485 ,
2206 1423 2348 1476 nullo
2376 1422 2484 1478 alio
2506 1438 2643 1491 Opus
2672 1421 2910 1477 habuere
2931 1424 2997 1476 ad
3025 1425 3257 1479 salutem
3292 1425 3388 1480 ob-

1802 1510 2095 1567 tinendam.
2115 1512 2265 1580 Quod
2283 1529 2412 1584 ergo
2441 1514 2782 1582 charismata,
2813 1523 2869 1570 ut
2893 1516 3025 1579 dixi,
3058 1517 3144 1570 illa
3173 1526 3385 1586 egeant,

1799 1601 1933 1655 nihil
1964 1602 2159 1656 mirum
2188 1621 2201 1656 :
2230 1604 2371 1673 quod
2403 1614 2584 1659 autem
2614 1606 2721 1659 vita
2751 1617 2998 1661 accurata
3029 1618 3079 1660 et
3106 1624 3233 1676 pura
3254 1610 3387 1665 nihil

1799 1692 1971 1762 possit
1992 1693 2109 1748 sine
2127 1693 2217 1748 illa
2236 1735 2251 1759 ,
2282 1694 2383 1749 hoc
2410 1705 2559 1751 certe
2581 1711 2826 1767 magnam
2850 1696 3007 1752 effert
3026 1698 3381 1770 hyperbolen,

1798 1795 1855 1840 et
1884 1784 2104 1839 multam
2130 1786 2271 1855 parit
2292 1785 2663 1842 difﬁcultatem
2689 1805 2704 1853 ;
2735 1802 2856 1843 cum
2886 1790 3118 1843 maxime
3139 1789 3386 1845 Christus

1799 1878 1884 1934 his
1899 1877 2158 1934 ambobus
2179 1894 2365 1950 magna
2387 1879 2682 1935 decernere
2708 1881 2982 1948 videatur;
3004 1896 3196 1952 nempe
3224 1883 3387 1938 facul-

1800 1979 1967 2026 tatum
2017 1971 2379 2035 abdicationi,
2421 1982 2476 2026 et
2513 1972 2765 2042 periculis
2790 1974 3054 2044 martyrii.
3077 1975 3208 2029 Nam
3234 1976 3385 2031 diviti

1797 2064 1890 2131 ait,
1917 2073 1974 2118 ut
1994 2063 2105 2133 jam
2137 2063 2285 2118 disi:
2320 2063 2383 2119 Si
2412 2064 2485 2117 vis
2513 2064 2766 2134 perfectus
2810 2081 2916 2119 esse
2938 2106 2954 2132 ,
3006 2065 3161 2119 vende
3212 2068 3382 2120 omnia

1795 2175 1909 2227 qua?
1932 2158 2103 2225 habes,
2125 2168 2173 2213 et
2200 2158 2269 2213 da
2304 2159 2610 2228 pauperibus
2629 2199 2645 2226 ,
2676 2168 2724 2213 et
2766 2161 2876 2213 ueni
2917 2176 3117 2224 sequere
3160 2177 3278 2224 me;
3322 2171 3381 2215 et

1795 2249 2071 2319 discipulis
2100 2249 2169 2305 de
2195 2250 2455 2320 martyrio
2483 2249 2761 2306 disserens
2785 2250 2997 2305 dicebat
3024 2268 3037 2305 :
3074 2251 3175 2318 Qui
3200 2252 3375 2320 perdi-

1795 2340 1924 2394 derit
1950 2341 2177 2393 animam
2201 2357 2347 2394 suam
2373 2350 2577 2411 prapter
2606 2357 2717 2406 me,
2746 2340 2962 2395 inveniet
2985 2357 3127 2405 eam;
3157 2351 3248 2405 et,
3279 2341 3384 2407 Qui

1793 2450 1873 2489 me
1900 2434 2157 2503 confessus
2187 2434 2339 2503 fuerit
2368 2449 2542 2488 coram
2568 2433 2879 2497 hominibus,
2910 2434 3187 2503 conﬁtebor
3212 2443 3260 2488 et
3285 2451 3380 2505 ego

1791 2540 1905 2579 eum
1930 2541 2102 2578 coram
2124 2523 2280 2579 Patre
2306 2540 2436 2589 meo,
2465 2525 2551 2595 qui
2578 2533 2651 2579 est
2676 2525 2730 2579 in
2757 2525 2895 2580 cretis
2922 2525 3138 2596 (Matth.
3172 2526 3258 2581 16.
3280 2525 3378 2581 25.

1791 2628 1838 2671 et
1869 2617 1955 2673 l0.
1986 2617 2057 2673 52
2087 2618 2127 2689 ).
2178 2617 2315 2672 Nam
2361 2618 2522 2686 hujus
2570 2618 2840 2687 praeclara:
2886 2628 3051 2688 gesta:
3098 2618 3175 2672 rei
3226 2618 3381 2672 labor

1792 2723 2018 2779 magnus
2046 2717 2158 2774 est,
2192 2720 2247 2764 et
2270 2710 2438 2779 ipsam
2465 2709 2579 2765 fere
2607 2717 2825 2779 superat
2850 2717 3094 2763 naturam
3131 2717 3223 2763 :et
3272 2707 3377 2762 hoc

1790 2799 1956 2867 probe
1981 2798 2160 2854 sciunt
2180 2800 2238 2864 ii,
2266 2800 2354 2869 qui
2388 2799 2534 2854 hisce
2561 2800 2777 2854 coronis
2802 2799 2945 2869 digni
2974 2801 3121 2855 luere
3148 2816 3161 2852 :
3196 2799 3375 2853 nullus

1790 2889 1933 2944 enim
1956 2905 2135 2944 sermo
2152 2888 2203 2944 id
2225 2890 2525 2959 exprimere
2563 2890 2767 2959 possit;
2792 2890 2861 2943 ita
2888 2905 3163 2960 generosa:
3182 2905 3375 2960 nempe

1788 2983 1981 3038 animae
2007 2982 2211 3037 facinus
2236 2992 2339 3049 est,
2371 2990 2426 3038 et
2459 2998 2620 3051 supra
2650 2981 2869 3037 modum
2894 2981 3293 3036 admirandum.

1854 3059 1912 3129 Β.
1935 3074 2182 3128 Attamen
2202 3073 2329 3128 illud
2345 3073 2718 3128 admirandum
2741 3088 2846 3128 non
2868 3074 3095 3143 multum
3115 3075 3372 3144 prodesse

1788 3167 1905 3221 sine
1928 3168 2152 3221 caritate
2178 3166 2309 3219 dicit
2347 3165 2546 3220 Paulus
2572 3206 2589 3231 ,
2634 3165 2843 3220 etiamsi
2886 3165 3155 3234 depositas
3195 3163 3370 3219 facul-

1788 3266 1926 3312 tates
1952 3257 2111 3313 simul
2147 3256 2360 3326 junctas
2405 3255 2621 3311 habeat.
2671 3256 2780 3310 Cur
2818 3270 2946 3327 ergo
2986 3256 3065 3310 sic
3116 3256 3372 3326 loquutus

1787 3349 1911 3403 est?
1949 3348 2064 3403 Hoc
2088 3347 2197 3418 jam
2229 3346 2515 3403 ostendere
2542 3346 2814 3410 conabor.
2847 3363 2969 3403 cum
3019 3348 3191 3417 primo
3240 3349 3370 3403 illud

1787 3441 2115 3511 quznsierim,
2146 3440 2416 3510 quomodo
2444 3441 2486 3494 is
2507 3441 2599 3510 qui
2628 3440 2905 3496 facultates
2931 3454 3119 3495 omnes
3146 3442 3196 3495 in
3223 3442 3373 3498 cibos

1787 3535 2098 3602 distribuit,
2132 3535 2299 3605 possit
2326 3550 2446 3589 esse
2470 3535 2588 3589 sine
2627 3535 2870 3589 caritate.
2922 3534 3014 3588 Ille
3054 3536 3196 3591 enim
3220 3577 3236 3601 ,
3280 3536 3373 3605 qui

1790 3638 2005 3696 paratus
2026 3638 2108 3681 est
2131 3627 2199 3681 ad
2227 3627 2469 3697 corporis
2494 3626 2923 3681 combustionem
2943 3668 2959 3693 ,
2993 3627 3119 3682 licet
3160 3627 3370 3682 charis-

1790 3730 1926 3775 mata
1961 3720 2170 3785 habcat,
2200 3719 2315 3775 ﬁeri
2338 3720 2563 3775 fortasse
2593 3728 2767 3790 potest
2798 3730 2982 3775 utnon
3008 3720 3188 3789 diligat
3220 3735 3235 3773 :
3275 3720 3371 3774 sed

1789 3814 1877 3868 ille
1904 3815 1994 3882 qui
2025 3829 2130 3869 non
2155 3813 2316 3868 modo
2344 3812 2626 3867 facultates
2646 3812 2773 3878 dat,
2807 3813 2901 3867 sed
2929 3813 3087 3868 etiam
3121 3815 3171 3868 in
3220 3815 3373 3870 cibos

1785 3904 2090 3970 distribuit,
2122 3904 2392 3976 quomodo
2418 3919 2524 3958 non
2571 3903 2782 3974 diligit?
2829 3903 2965 3972 Quid
3018 3920 3146 3976 ergo
3189 3906 3373 3961 dicen-

1785 4000 1956 4054 dum?
1987 3999 2080 4054 Vel
2110 4000 2250 4071 quod
2284 3999 2333 4053 id
2361 3999 2503 4070 quod
2533 4016 2639 4054 non
2671 4009 2829 4067 erat,
2856 4015 2919 4056 ac
2947 4001 2992 4055 si
3023 4010 3166 4055 esset
3188 4041 3205 4068 ,
3237 4017 3370 4072 snp-

1788 4089 2027 4158 posuerit
2045 4130 2065 4157 ,ν
2103 4091 2245 4160 quod
2270 4105 2488 4160 semper
2520 4089 2697 4145 facere
2726 4091 2898 4158 solet,
2941 4106 3061 4145 cum
3110 4093 3374 4162 imperbo-

1788 4182 1892 4236 lem
1920 4182 2205 4251 quamdam
2238 4182 2351 4236 vult
2376 4181 2655 4252 proferre;
2692 4191 2749 4235 ut
2771 4198 2889 4235 cum
2914 4182 3113 4240 Galatis
3131 4184 3379 4259 scribens

1786 4273 1921 4328 dixit
1951 4291 1965 4327 :
1997 4273 2060 4328 Si
2088 4289 2179 4328 nos
2203 4315 2217 4337 ,
2242 4282 2331 4326 aut
2359 4275 2570 4344 angelus
2599 4274 2662 4328 de
2704 4274 2829 4326 ctelo
2874 4274 3178 4343 evangelizet
3229 4273 3373 4327 vobis

1788 4375 2123 4435 praeterquam
2148 4365 2211 4431 id
2229 4365 2365 4436 quod
2393 4366 2658 4433 accepistis
2679 4406 2694 4429 ,
2728 4364 3001 4418 anathema
3028 4365 3093 4419 sit
3120 4364 3139 4435 (
3167 4363 3282 4418 Gal.
3315 4366 3370 4419 1.

1786 4459 1877 4529 8).
1912 4459 2073 4529 Atqui
2124 4474 2296 4527 neque
2344 4459 2497 4527 ipse,
2552 4473 2724 4528 neque
2771 4459 2992 4527 angelus
3033 4459 3085 4513 id
3132 4457 3371 4514 facturus

1785 4559 1938 4617 erat;
1991 4550 2085 4605 sed
2134 4559 2191 4604 ut
2236 4549 2544 4605 ostenderet
2578 4550 2656 4603 rei
2694 4549 3105 4620 excellentiam,
3136 4549 3370 4619 idquiid

1789 4656 2079 4711 numquam
2111 4639 2343 4694 futurum
2367 4648 2485 4694 erat
2506 4642 2700 4707 posuit.
2736 4640 2803 4695 Et
2839 4655 3051 4693 rursum
3098 4655 3218 4695 cum
3264 4640 3373 4696 Ro-

1788 4734 1960 4788 manis
1980 4734 2167 4789 scrihit
2195 4743 2248 4787 et
2277 4733 2441 4798 dicit,
2476 4731 2653 4802 Neque
2678 4734 2880 4803 angeli,
2913 4748 3071 4802 neque
3111 4734 3372 4805 principa-

1791 4834 1891 4892 tus,
1918 4842 2078 4895 neque
2130 4826 2337 4879 uirtutes
2391 4833 2628 4892 poterunt
2676 4841 2769 4878 nos
2813 4840 3050 4893 separare
3087 4841 3121 4878 a
3161 4826 3372 4880 caritate

1784 4916 1879 4971 Dei
1908 4917 1926 4989 (
1952 4918 2103 4972 Rom.
2134 4918 2188 4972 8.
2221 4916 2327 4986 39)
2357 4933 2371 4969 :
2404 4930 2578 4985 neque
2599 4915 2743 4969 enim
2770 4914 2821 4969 id
2851 4915 3038 4969 facturi
3066 4926 3221 4971 erant
3261 4931 3364 4970 an-

1786 5011 1920 5080 geli;
1953 5011 2046 5068 sed
2072 5011 2159 5065 hic
2188 5010 2349 5064 etiam
2378 5009 2435 5064 id
2459 5009 2745 5078 supponit,
2790 5007 2931 5078 quod
2976 5023 3082 5064 non
3119 5008 3369 5075 exsistit;

1785 5104 1924 5158 sicut
1947 5105 2106 5158 etiam
2140 5103 2188 5157 id
2220 5102 2361 5173 quod
2402 5103 2685 5172 sequitur,
2739 5099 2921 5172 Neque
2965 5110 3198 5155 creatura
3237 5101 3368 5155 alia.

1784 5196 1989 5269 Neque“
2013 5196 2116 5250 alia
2145 5202 2393 5251 creatura
2428 5193 2647 5249 :omnia
2678 5192 2822 5247 enim
2854 5192 2969 5261 ipse
3014 5192 3371 5263 comprehcn-

1785 5287 1884 5353 dit,
1916 5303 2035 5357 qnze
2061 5302 2219 5356 supra
2251 5295 2305 5341 et
2331 5300 2451 5356 quae
2477 5284 2610 5339 infra
2642 5293 2797 5352 sunt,
2827 5300 2948 5338 cum
2973 5285 3152 5340 omnia
3198 5285 3363 5349 dicit;

1785 5380 1879 5435 sed
1937 5381 2024 5435 hic
2078 5381 2240 5434 etiam
2309 5378 2359 5433 id
2429 5378 2567 5448 quod
2618 5392 2725 5432 non
2775 5385 2860 5433 est
2923 5378 3184 5432 exsistere
3231 5392 3364 5446 sup-

1787 5471 1955 5541 ponit,
1989 5482 2045 5526 ut
2076 5470 2323 5528 ostendat
2352 5486 2474 5525 cum
2503 5469 2795 5541 hyperbole
2823 5469 3146 5523 desiderium
3169 5484 3322 5521 suum
3344 5484 3375 5547 εν

1787 5564 1837 5618 id
1860 5564 2001 5634 quod
2026 5566 2189 5619 etiam
2224 5563 2307 5618 hic
2335 5562 2461 5618 facit
2491 5562 2696 5626 dicens,
2728 5562 2789 5616 Si
2819 5563 2990 5615 omnia
3018 5561 3130 5631 quis
3151 5559 3362 5625 dederit,

1785 5656 2046 5710 caritatem
2069 5665 2238 5710 autem
2262 5672 2362 5709 non
2387 5654 2647 5717 habuerit,
2680 5652 2811 5707 nihil
2838 5653 2934 5723 ipsi
2985 5652 3205 5721 prodest.
3256 5649 3363 5704 Aut

1786 5751 1884 5804 huc
1918 5750 2074 5819 igitur
2100 5757 2182 5804 cst
2211 5747 2529 5812 dicendum,
2564 5756 2652 5801 aut
2682 5745 2822 5816 quod
2859 5744 2980 5799 velit
3007 5758 3100 5799 eos
3121 5741 3211 5812 qui
3241 5755 3365 5795 cro-
