3802 6214
451 286 547 343 ST!

450 427 579 488 gant
600 418 919 488 coniunctus
940 425 998 474 et
1020 416 1415 488 conglutinatos
1443 430 1566 472 esse
1603 413 1988 483 accipientibus
2008 449 2028 478 ,

452 527 552 568 nec
576 512 893 583 simpliciter
916 511 1045 566 dare
1068 512 1188 566 sine
1237 511 1342 565 ulla
1383 509 1853 565 commiseratione
1878 547 1895 569 ,
1936 506 2032 561 sed

451 606 791 670 tuiserenles,
825 601 1083 667 innexos,
1122 600 1323 657 fractos
1349 644 1365 669 ,
1399 610 1454 655 et
1482 616 1603 655 cum
1635 600 1817 671 egenis
1845 599 2032 655 dolen-

452 706 552 751 tes.
582 694 705 749 Ideo
731 709 959 763 namque
985 695 1325 763 eleemosyna
1358 709 1388 746 a
1431 694 1540 747 Deo
1584 692 1699 762 lege
1743 692 2031 747 constituta

451 796 554 840 est.
584 785 716 840 Nam
740 794 945 854 poterat
978 784 1122 839 Deus
1150 784 1265 837 sine
1288 784 1395 838 ullo
1418 785 1523 838 alio
1553 798 1812 853 pauperes
1840 782 2022 843 alere;

450 878 546 933 sed
575 884 633 931 ut
663 892 761 931 nos
788 877 839 931 in
868 877 1091 931 caritate
1130 877 1485 945 conjungeret
1509 916 1525 940 ,
1570 886 1625 930 et
1664 885 1719 929 ut
1747 889 1869 944 erga
1897 874 2024 931 alios

451 971 680 1025 invicem
710 969 1148 1032 incenderemur,
1183 970 1326 1038 ipsos
1349 969 1510 1037 jussit
1533 983 1561 1020 a
1592 967 1747 1023 nobis
1769 967 1859 1020 ali.
1904 965 2030 1019 ldeo

448 1060 578 1116 alibi
608 1076 821 1131 quoquc
848 1060 979 1114 dicit
1012 1078 1025 1115 :
1060 1059 1240 1115 Sermo
1283 1060 1442 1113 bonus
1470 1060 1648 1112 melior
1670 1101 1685 1125 ,
1734 1075 1886 1128 quam
1931 1058 2027 1110 do-

449 1169 573 1206 num
604 1167 619 1203 τ
650 1160 723 1217 et,
754 1151 887 1205 Ecce
912 1168 1074 1205 sermo
1100 1168 1255 1219 supra
1286 1150 1473 1205 donum
1504 1151 1661 1202 bonus
1698 1148 1897 1219 (Eccli.
1937 1146 2023 1202 18.

448 1244 535 1300 16.
571 1243 699 1314 17).
728 1244 953 1314 Ipseque
976 1243 1070 1309 ait,
1108 1240 1512 1296 Misericordiam
1540 1241 1651 1295 volo
1675 1281 1691 1306 ,
1724 1250 1770 1294 et
1806 1257 1907 1293 non
1944 1256 2029 1292 sa-

446 1336 697 1404 crificium
730 1335 956 1405 (Matth.
987 1334 1041 1389 9.
1072 1333 1197 1401 18).
1230 1334 1363 1402 Quia
1395 1334 1536 1388 enim
1567 1348 1683 1387 mos
1734 1342 1852 1397 est,
1905 1331 2026 1387 illos

444 1441 630 1481 amare
657 1427 747 1495 qui
773 1427 1034 1482 benelicio
1061 1426 1385 1491 afliciuntur,
1416 1435 1474 1481 et
1497 1441 1592 1480 eos
1620 1426 1710 1497 qui
1739 1426 1882 1481 bono
1902 1426 2024 1479 afﬁ-

443 1518 661 1572 ciuntur
700 1533 825 1587 erga
877 1516 1143 1573 beneﬁcos
1172 1518 1307 1572 bene
1345 1517 1563 1571 affectos
1615 1532 1737 1571 esse
1761 1559 1777 1581 ,
1834 1516 2023 1571 vincu-

444 1612 555 1666 lum
582 1610 828 1665 amicitia:
858 1611 1051 1665 faciens
1071 1653 1086 1678 ,
1118 1611 1217 1665 hoc
1242 1610 1359 1681 lege
1407 1610 1679 1680 przecepit.
1726 1610 1831 1665 Sed
1881 1610 2023 1679 quod

438 1703 700 1773 quaeritur
744 1710 827 1756 est
850 1741 865 1768 ,
896 1701 1166 1772 quomodo
1192 1743 1205 1762 .
1235 1701 1455 1756 Christo
1482 1702 1598 1756 haec
1623 1702 1781 1756 ambo
1813 1700 2020 1771 perfec-

441 1796 601 1851 tionis
626 1810 746 1850 esse
771 1795 1115 1860 declarante,
1160 1796 1245 1850 hic
1284 1794 1375 1848 illa
1414 1795 1531 1850 sine
1565 1795 1788 1850 caritate
1826 1794 2025 1863 imper-

438 1882 577 1942 fecta
603 1901 725 1943 esse
749 1886 909 1942 dicat.
939 1885 1056 1941 Non
1103 1887 1200 1957 ipsi
1240 1887 1647 1953 contradicens,
1692 1886 1869 1953 absit;
1925 1886 2021 1941 sed

435 1979 725 2035 admodum
748 1994 869 2035 cum
902 1979 992 2034 illo
1022 1993 1345 2033 consonans.
1369 1978 1500 2033 Nam
1532 1979 1684 2033 diviti
1725 1996 1831 2034 non
1862 1979 2021 2035 modo

436 2069 592 2135 dixit,
638 2070 805 2125 Vende
827 2070 997 2125 omnia
1020 2086 1136 2141 quae
1160 2070 1312 2124 habes
1352 2080 1398 2124 et
1431 2074 1498 2123 da
1537 2071 1879 2141 pauperibus;
1922 2071 2018 2127 sed

442 2162 737 2231 sulijunxit,
769 2160 838 2215 Et
867 2161 980 2215 veni
1023 2177 1227 2232 sequere
1278 2178 1374 2215 me.
1407 2161 1485 2217 Ex
1519 2161 1584 2216 iis
1624 2176 1753 2217 vero
1792 2161 1885 2233 qui
1927 2176 2018 2218 se-

435 2260 674 2319 quuntur
699 2252 868 2318 illum,
895 2252 1023 2305 nihil
1046 2252 1118 2305 ita
1141 2252 1453 2322 discipulum
1471 2252 1668 2307 Christi
1681 2254 2014 2323 comprobat,

433 2351 492 2395 ut
539 2357 691 2395 amor
735 2343 983 2412 proximi.
1045 2341 1111 2397 In
1164 2343 1258 2396 hoc
1297 2344 1440 2397 enim
1483 2354 1783 2415 cognoscent
1813 2362 2013 2411 omnes,

433 2432 625 2501 inquit,
659 2434 795 2502 quod
818 2432 1057 2504 discipuli
1106 2434 1203 2487 mei
1253 2434 1405 2499 estis,
1449 2434 1493 2488 si
1537 2434 1763 2505 diligatis
1808 2435 2017 2490 invicem

431 2521 625 2590 (Joan.
661 2524 747 2577 15.
778 2523 847 2577 55
870 2523 912 2592 ).
949 2523 1013 2577 El
1037 2538 1161 2578 cum
1185 2523 1334 2589 dtcit,
1364 2523 1465 2591 Qui
1492 2525 1769 2594 perdiderit
1793 2527 2017 2580 animam

428 2632 575 2668 suam
600 2626 807 2686 propter
835 2632 934 2683 me,
966 2617 1181 2670 inveniet
1209 2631 1362 2680 eam;
1391 2625 1477 2683 et,
1514 2617 1615 2684 Qui
1638 2635 1716 2672 me
1759 2623 2017 2689 confessus

430 2710 585 2778 fuerit
614 2725 786 2762 coram
815 2708 1105 2762 hominibus
1124 2749 1141 2775 ,
1171 2708 1449 2777 conﬁtebor
1477 2717 1523 2762 et
1555 2724 1646 2778 ego
1691 2726 1803 2762 eunt
1843 2726 2014 2763 coram

430 2813 575 2867 patre
600 2820 727 2867 meo,
755 2805 841 2875 qui
865 2804 917 2856 in
942 2803 1081 2857 caelis
1109 2812 1181 2857 est
1207 2800 1419 2873 (Matth.
1452 2800 1539 2858 10.
1572 2803 1638 2858 59
1670 2813 1717 2856 et
1748 2802 1875 2872 '59.);
1908 2819 2011 2859 non

429 2896 530 2949 hoc
576 2894 725 2961 dicit,
782 2895 925 2965 quod
974 2894 1090 2950 haec
1132 2909 1240 2949 non
1284 2893 1414 2949 liant
1460 2904 1682 2965 propter
1709 2897 2010 2961 caritatem,

424 2987 521 3042 sed
551 2988 853 3043 mercedem
884 2988 967 3043 his
998 2987 1268 3045 laboribus
1293 2989 1584 3059 repositam
1614 2988 1836 3044 indicat.
1879 2990 2012 3044 Nam

423 3080 565 3148 quod
594 3096 714 3135 cum
744 3081 1002 3153 martyrio
1029 3079 1132 3136 hoc
1174 3095 1387 3151 quoque
1420 3080 1694 3150 requirat,
1725 3080 1866 3136 'alibi
1912 3080 2012 3135 hoc

426 3173 583 3228 valde
613 3172 990 3239 subindicavit,
1019 3173 1097 3227 sic
1119 3172 1305 3227 dicens
1336 3188 1351 3225 :
1380 3170 1600 3226 Calicem
1620 3171 1818 3240 quidem
1847 3187 2011 3224 meum

424 3264 615 3328 bibetis,
647 3273 694 3317 et
722 3264 997 3333 baptismo,
1030 3279 1127 3332 quo
1176 3278 1267 3332 ego
1317 3263 1547 3332 baptizor
1567 3304 1584 3328 ,
1632 3263 2009 3330 baptizabimini

425 3355 651 3427 (Matth.
680 3355 772 3411 20.
797 3356 869 3411 ‘25
895 3359 951 3426 );
983 3354 1037 3409 id
1064 3364 1165 3416 est,
1195 3354 1507 3425 martyrium
1538 3354 1888 3419 sustinebitis,
1912 3370 2011 3424 pro

426 3461 513 3500 me
536 3445 886 3509 occidentini;
919 3444 1093 3499 sedere
1143 3454 1311 3497 autem
1350 3446 1420 3496 ad
1457 3444 1715 3497 dexteram
1759 3444 1838 3497 vel
1880 3445 2005 3497 sini—

426 3548 584 3591 stram
615 3554 775 3590 meum
793 3553 813 3601 ;
844 3553 947 3592 non
979 3536 1122 3606 quod
1151 3536 1363 3607 quidam
1391 3536 1618 3591 sedeant
1644 3536 1709 3589 ad
1725 3536 2007 3592 dexteram

427 3629 512 3683 vel
539 3628 603 3682 ad
636 3628 908 3683 sinistram
940 3628 1076 3698 ejus,
1107 3626 1201 3683 sed
1231 3641 1534 3696 supremam
1577 3626 1759 3681 sedem
1812 3636 1868 3683 et
1910 3628 2009 3685 ho-

424 3736 609 3776 norem
636 3720 853 3786 dicens;
882 3736 983 3774 non
1011 3730 1084 3775 est
1112 3738 1275 3775 meum
1302 3720 1445 3787 dare,
1481 3721 1681 3789 inquit,
1713 3721 1802 3774 sed
1827 3722 2008 3791 quibus

421 3824 656 3883 paratum
691 3824 783 3869 est.
831 3814 1031 3870 Deinde
1066 3814 1358 3869 ostendens
1395 3813 1586 3884 quibus
1627 3823 1867 3884 paratum
1898 3816 2004 3882 sit,

422 3909 551 3976 ipsis
572 3908 865 3973 advocatis,
889 3907 1015 3962 dicit
1045 3922 1062 3961 :
1091 3906 1419 3971 Quivoluerit
1436 3906 1488 3958 in
1510 3906 1643 3959 vobis
1663 3922 1770 3961 esse
1785 3908 2001 3976 primus,

418 4005 484 4058 sit
509 4004 733 4057 omnium
758 4012 975 4056 vestrum
1002 4001 1227 4055 minister
1255 3999 1273 4070 (
1296 3999 1432 4053 Ibid.
1460 4016 1509 4053 υ.
1538 3998 1645 4069 26)
1666 4040 1681 4066 ,
1726 4000 2003 4055 humilita-

420 4106 526 4149 tem
554 4095 859 4165 signiﬁcans
881 4102 934 4149 et
959 4094 1258 4148 caritatem.
1276 4091 1566 4147 Caritatem
1589 4104 1718 4147 vero
1738 4105 2002 4146 summam

418 4187 661 4257 requirit.
712 4185 833 4240 Ideo
883 4200 1059 4255 neque
1104 4182 1175 4238 ibi
1223 4182 1494 4249 substitit,
1542 4183 1637 4237 sed
1684 4181 2000 4252 subjunxit:

417 4278 566 4331 Sicut
608 4275 773 4331 Filius
799 4275 1016 4329 hominis
1068 4291 1169 4327 non
1196 4274 1328 4327 venit
1372 4273 1682 4340 ministrari,
1730 4273 1820 4328 sed
1861 4272 2005 4326 mini-

414 4382 582 4424 strare
601 4411 615 4434 ,
647 4380 693 4422 et
721 4369 844 4423 dare
868 4368 1091 4420 animam
1110 4382 1256 4420 suam
1281 4365 1674 4433 redemptionem
1713 4383 1806 4436 pro
1833 4366 2003 4419 multis

413 4461 590 4534 (Ibid.
642 4476 691 4514 υ.
736 4457 884 4533 28);
930 4458 1225 4515 ostendens
1262 4458 1340 4513 sic
1387 4472 1568 4512 amare
1610 4469 1898 4528 oportere,
1948 4467 2005 4512 ut

412 4556 572 4611 etiam
604 4567 748 4610 mors
776 4552 993 4608 ferenda
1021 4553 1094 4607 sit
1123 4565 1221 4621 pro
1246 4550 1456 4605 dilectis
1480 4567 1495 4604 :
1522 4549 1625 4604 hoc
1655 4549 1799 4605 enim
1828 4550 2002 4604 maxi-

413 4664 501 4707 me
527 4657 612 4703 est
639 4647 812 4716 ipsum
840 4644 1086 4715 diligere.
1129 4642 1257 4698 Ideo
1300 4641 1461 4695 etiam
1508 4642 1669 4695 Petro
1706 4640 1837 4695 dicit
1883 4652 1897 4689 :
1940 4640 2005 4695 Si

411 4756 558 4794 antas
583 4754 681 4802 me,
708 4754 858 4807 pasce
883 4752 996 4789 oves
1022 4751 1161 4788 meus
1190 4736 1210 4801 (
1232 4732 1391 4787 Joan.
1424 4734 1512 4788 13.
1540 4732 1659 4802 19).
1692 4732 1758 4787 Ει
1793 4742 1849 4787 ιιι
1890 4733 2003 4787 dis-

414 4830 548 4883 catis
569 4840 826 4898 quantum
854 4829 922 4882 sit
949 4826 1076 4880 illud
1110 4834 1163 4881 et
1188 4840 1343 4894 quam
1379 4824 1638 4893 praeclare
1662 4833 1892 4893 gestum,
1926 4824 2006 4890 ip-

416 4936 529 4976 sam
577 4920 851 4974 caritatem
894 4916 1061 4972 verbo
1108 4915 1519 4980 describamus,
1572 4913 2003 4983 quandoquidem

417 5014 532 5083 ipsa
560 5029 619 5066 re
646 5028 905 5080 nusquam
945 5009 1091 5064 illam
1120 5007 1523 5077 conspicimus;
1572 5015 1626 5060 et
1672 5006 2001 5074 cogitemus,

416 5106 559 5177 quod
588 5105 631 5159 si
659 5103 745 5158 illa
785 5103 981 5172 ubique
1022 5102 1360 5156 abundanter
1395 5109 1577 5164 esset,
1627 5107 1825 5167 quanta
1880 5097 2005 5152 hinc

418 5200 557 5255 bona
586 5198 874 5253 orirentur.
917 5194 1101 5264 Neque
1148 5195 1289 5247 enim
1329 5192 1531 5262 legibus
1571 5205 1745 5259 neque
1786 5188 2005 5259 judiciis

417 5306 555 5361 opus
584 5300 767 5351 esset,
802 5301 974 5356 neque
1002 5285 1280 5355 suppliciis
1303 5325 1318 5343 .
1367 5298 1540 5353 neque
1585 5283 1696 5336 ullo
1735 5282 1843 5337 alio
1898 5281 2003 5335 hu-

415 5380 673 5454 jusmodi.
704 5377 838 5435 Nam
866 5379 908 5431 si
950 5389 1141 5432 omnes
1187 5374 1473 5443 diligerent
1519 5384 1573 5428 et
1614 5373 2002 5443 diligerentur,

420 5490 581 5532 nemo
604 5472 853 5542 cuiquam
881 5469 1093 5524 fecisset
1122 5465 1404 5537 injuriam;
1434 5464 1527 5519 sed
1554 5465 1749 5528 cedes,
1781 5479 2002 5534 pugme,

420 5567 583 5631 bella,
611 5565 924 5627 seditiones,
957 5561 1157 5630 rapina:
1176 5602 1190 5624 ,
1217 5560 1436 5613 avaritia
1459 5598 1474 5623 ,
1501 5558 1784 5627 omniaque
1827 5557 1965 5611 mala
1985 5597 2001 5621 ,

422 5663 607 5733 procul
636 5662 1045 5727 abscessissent,
1077 5668 1131 5716 ct
1159 5657 1225 5713 ad
1264 5671 1457 5713 nomen
1490 5671 1657 5725 usque
1704 5654 2002 5724 ignoratum

422 5765 606 5811 vitium
632 5754 839 5812 fuisset.
862 5755 1023 5828 Signa
1050 5763 1225 5811 autem
1261 5751 1359 5807 hoc
1388 5764 1492 5805 non
1537 5746 1856 5813 effecerint,
1908 5744 2001 5800 sed

1222 283 1282 340 s.
1322 284 1596 341 JOANle
1630 278 2106 339 cnnvsosrout
2142 279 2458 340 ARCIllEP.
2496 284 3031 347 CONSTANTINOP.
3584 293 3654 348 ετξ
3740 256 3741 293 ‘

2142 391 2211 446 ad
2247 408 2434 447 vanam
2460 394 2683 463 gloriam
2707 408 2761 451 et
2792 398 3154 469 arrogantiam
3193 398 3452 454 extollant
3484 416 3566 457 eius
3595 410 3654 472 qd
3740 456 3741 475 η

2140 500 2244 540 non
2275 488 2574 541 attendunt.

2210 577 2263 629 6.
2295 577 2493 633 Caritas
2519 580 2583 633 ab
2608 582 2748 634 omni
2776 582 3000 652 pernicie
3025 582 3207 637 libera.
3236 610 3306 622 -
3329 582 3567 653 Quodque
3586 592 3654 639 Iti-

2136 683 2254 722 rum
2281 669 2329 721 in
2361 671 2606 737 caritate,
2628 680 2821 727 cietera
2848 671 3065 742 quidem
3086 674 3222 727 bona
3250 672 3451 727 habent
3466 675 3655 743 adjuncta

2138 760 2305 825 mala;
2341 761 2489 815 verbi
2518 763 2711 832 gratia.
2740 763 2832 833 qui
2863 762 3145 818 facultates
3188 779 3295 818 non
3350 764 3523 829 habet,
3547 781 3594 819 es
3613 770 3655 821 de

2135 865 2297 905 causa
2327 866 2471 922 saepe
2513 852 2755 918 inﬂatur;
2786 855 2878 924 qui
2906 854 3118 910 dicendi
3162 855 3371 924 peritus
3400 866 3498 918 est,
3525 857 3657 924 gloria

2134 944 2424 1012 cupiditate
2453 944 2690 1010 laborat;
2722 946 2939 1002 humilis
2962 946 3296 1017 propterboc
3322 947 3375 999 in
3396 950 3656 1003 conscientia

2133 1050 2227 1091 sua
2257 1037 2421 1090 altum
2453 1028 2592 1106 sapit
2626 1056 2639 1092 :
2668 1040 2865 1094 caritas
2915 1050 3095 1095 autem
3137 1040 3211 1094 ab
3233 1039 3531 1109 huiusmodi
3553 1043 3655 1094 omni

2133 1130 2370 1199 pernicie
2399 1130 2566 1186 libera
2608 1141 2692 1187 est
2720 1150 2732 1186 :
2763 1149 2887 1188 nam
2915 1142 3104 1189 contra
3143 1133 3402 1189 dilectum
3430 1147 3658 1201 numquam

2130 1221 2251 1290 quis
2273 1221 2578 1277 extollatur.
2601 1222 2711 1277 Nec
2741 1223 2872 1278 mihi
2909 1226 3155 1293 posueris
3190 1239 3355 1278 unum
3392 1223 3479 1292 qui
3504 1222 3658 1291 diligat,

2130 1313 2226 1367 scd
2272 1328 2462 1369 omnes
2490 1315 2761 1382 similiter,
2800 1326 2855 1372 et
2885 1326 3014 1372 tunc
3040 1317 3156 1387 ejus
3181 1317 3437 1371 virtutem
3462 1315 3657 1371 videtis:

2130 1403 2239 1458 imo
2268 1405 2465 1474 potius,
2494 1408 2539 1460 si
2563 1406 2759 1477 placet,
2794 1407 2970 1477 primo
2998 1423 3163 1462 unum
3189 1408 3448 1462 dilectum
3466 1418 3515 1460 et
3539 1422 3658 1460 nam

2128 1505 2397 1555 amantem
2425 1512 2598 1567 pone;
2625 1507 2899 1554 amantem
2919 1498 3129 1555 scilicet
3151 1508 3209 1555 ut
3234 1514 3335 1570 par
3360 1508 3445 1553 est
3468 1497 3658 1567 diligere.

2127 1588 2261 1644 Nam
2290 1600 2487 1645 terram
2518 1599 2787 1659 tamquam
2818 1591 3007 1645 caelum
3061 1591 3281 1657 incolet,
3338 1589 3528 1659 ubique
3551 1599 3660 1643 tran-

2127 1680 2389 1751 quillitate
2417 1680 2620 1745 fruens,
2649 1690 2705 1737 et
2727 1682 3037 1738 innumeras
3084 1682 3185 1737 sibi
3213 1690 3439 1736 nectens
3466 1695 3657 1736 coronas.

2126 1772 2227 1839 Qui
2250 1774 2390 1827 enim
2424 1772 2547 1827 talis
2575 1782 2676 1839 est,
2701 1783 2756 1829 et
2776 1773 2971 1830 invidia
3000 1784 3055 1830 et
3081 1774 3157 1829 ira
3186 1783 3244 1829 et
3267 1773 3441 1828 livore
3461 1787 3661 1842 arrogan-

2126 1866 2324 1936 tisque,
2356 1879 2492 1920 vana
2515 1864 2684 1934 gloria
2713 1873 2770 1921 et
2788 1866 2929 1921 mala
2962 1865 3399 1935 concupiscentia
3420 1905 3435 1931 ,
3464 1866 3661 1936 υιιιιιιφε

2124 1955 2359 2010 absurdo
2387 1971 2571 2011 amore
2595 1964 2757 2027 atque
2780 1956 2969 2012 morbo
2994 1970 3181 2027 puram
3211 1955 3454 2011 servabit
3479 1957 3660 2010 anim
3740 1952 3741 2027 Ῑ

2123 2064 2295 2104 suam.
2316 2048 2776 2115 Quemadmodum
2804 2050 2947 2105 enim
2978 2049 3077 2105 sibi
3111 2050 3210 2119 ipsi
3248 2063 3416 2104 nemo
3444 2048 3657 2118 quidpia-

2123 2141 2249 2195 mali
2293 2140 2566 2207 intulerit,
2597 2142 2670 2196 ita
2712 2156 2890 2211 neque
2933 2140 3021 2196 hic
3070 2140 3357 2209 proximis.
3401 2140 3537 2195 Talis
3568 2156 3659 2193 vero

2122 2250 2246 2290 cum
2275 2236 2363 2302 sit,
2393 2250 2512 2289 cum
2535 2236 2652 2305 ipso
2680 2235 2847 2290 stabit
2866 2233 3139 2298 Gabriele,
3172 2234 3226 2287 in
3252 2242 3402 2288 terra
3434 2231 3657 2303 gradiens.
3740 2231 3741 2305 ᾗ

2123 2328 2192 2383 Ει
2220 2328 2308 2398 qui
2358 2328 2639 2383 caritatem
2680 2328 2894 2397 quidem
2932 2325 3112 2394 habet,
3157 2326 3283 2382 talis
3308 2336 3395 2381 est
3424 2343 3436 2377 :
3467 2326 3545 2395 qui
3568 2340 3659 2379 vero

2121 2419 2272 2489 signa
2303 2418 2446 2483 facit,
2491 2428 2545 2472 et
2574 2417 2864 2488 perfectam
2906 2417 3069 2473 habet
3111 2417 3396 2472 scientiam
3431 2417 3539 2471 sine
3561 2416 3656 2470 cari-

2122 2520 2263 2575 tate;
2302 2511 2510 2565 etiamsi
2558 2511 2709 2566 mille
2757 2523 2997 2565 mortuos
3023 2510 3392 2573 suscitaverit,
3422 2510 3541 2563 nihil
3575 2524 3655 2560 ner

2119 2619 2282 2675 gnum
2311 2604 2623 2670 lucrabitur,
2654 2603 2727 2658 ab
2744 2603 2991 2657 omnibus
3016 2602 3273 2670 abruptus
3288 2612 3481 2656 etcum
3495 2602 3657 2655 nemine

2118 2711 2499 2752 conservorum
2546 2710 2605 2750 se
2656 2695 2991 2751 commisceri
3047 2696 3277 2764 patiens.
3312 2695 3440 2750 Ideo
3464 2695 3656 2749 Christus

2121 2787 2369 2858 perfecta:
2401 2788 2455 2842 in
2495 2788 2673 2857 ipsum
2696 2786 2935 2842 caritatis
2963 2787 3173 2855 signum
3206 2786 3345 2841 dixit
3384 2801 3501 2841 esse
3523 2789 3655 2855 proxi-

2119 2894 2265 2933 mum
2314 2878 2558 2949 diligere.
2607 2878 2739 2933 Nam
2768 2884 2880 2934 ait:
2915 2878 2975 2934 Si
3021 2879 3193 2949 diligis
3248 2896 3350 2941 me,
3388 2878 3546 2945 Petre,
3572 2882 3656 2948 plu

2118 2971 2215 3037 his,
2249 2987 2399 3043 pasce
2424 2987 2538 3025 oves
2562 2987 2719 3025 meas.
2748 2970 2993 3025 Vidistin‘
3018 2985 3125 3041 quo
3151 2980 3317 3039 pacto
3339 2971 3463 3025 hinc
3487 2986 3654 3023 rursm:

2117 3064 2551 3127 subindicaverit,
2580 3063 2721 3134 quod
2750 3063 2853 3119 hoc
2877 3063 2946 3117 sit
2964 3062 3136 3133 majus
3166 3064 3466 3134 martyrio?
3492 3064 3652 3118 Etenim

2116 3156 2161 3210 si
2185 3155 2349 3210 lilium
2372 3156 2492 3227 quis
2522 3156 2743 3211 haberet
2771 3155 3046 3222 dilectum,
3082 3163 3136 3210 et
3164 3169 3263 3224 pro
3283 3171 3395 3225 quo
3412 3158 3559 3210 etiam
3572 3156 3655 3207 ani-

2118 3261 2256 3301 mam
2287 3246 2416 3300 dare
2468 3254 2688 3315 paratus
2732 3254 2903 3309 esset;
2953 3244 3147 3301 deinde
3187 3246 3454 3315 quispiam
3493 3256 3653 3315 patrem

2114 3348 2339 3402 amaret,
2371 3338 2481 3393 lilio
2520 3347 2699 3393 autem
2743 3338 2893 3392 nullo
2932 3338 3093 3393 modo
3136 3338 3372 3394 animam
3401 3339 3651 3401 adhiberet,

2116 3441 2317 3498 patrem
2368 3430 2653 3486 admodum
2697 3431 2952 3497 irritaret,
3001 3447 3175 3502 neque
3221 3446 3442 3486 sensum
3482 3440 3651 3502 caperet

2116 3524 2257 3578 illius
2282 3524 2333 3576 in
2357 3538 2414 3578 se
2435 3523 2655 3588 amoris,
2680 3537 2747 3577 eo
2780 3522 2921 3592 quod
2944 3522 3109 3577 lilium
3132 3533 3516 3579 contemneret.
3536 3522 3649 3590 Quod

2113 3616 2157 3670 si
2190 3615 2241 3669 in
2275 3624 2423 3685 patre
2450 3625 2506 3670 et
2532 3614 2643 3669 ﬁlio
2671 3614 2773 3669 hoc
2792 3614 3074 3683 contingit,
3102 3615 3271 3669 multo
3306 3616 3475 3686 magis
3503 3615 3547 3668 in
3571 3614 3651 3668 Deo

2111 3718 2161 3763 et
2191 3708 2495 3763 hominibus
2524 3726 2537 3761 :
2566 3708 2835 3762 amantior
2860 3707 3003 3762 enim
3039 3708 3178 3762 Deus
3206 3718 3309 3769 est,
3331 3722 3486 3777 quam
3512 3716 3650 3776 patres

2112 3815 2320 3855 omnes.
2355 3800 2643 3869 Propterea
2666 3814 2786 3854 cum
2820 3797 3079 3852 dixisset:
3118 3796 3352 3851 Primum
3390 3808 3437 3852 et
3459 3812 3649 3868 magna

2111 3892 2404 3946 nmndalum
2434 3907 2452 3945 :
2484 3890 2674 3963 Diliges
2718 3888 2995 3943 Dominum
3041 3887 3204 3943 Deum
3256 3899 3438 3956 tuum,
3475 3888 3648 3955 subjuno

2112 3990 2224 4040 xit:
2255 3985 2545 4041 Secundum
2600 3994 2788 4050 autem,
2821 3998 2921 4038 nec
2971 3984 3140 4050 siluit,
3190 3984 3285 4038 sed
3330 3982 3547 4052 adjecit,
3586 3981 3648 4035 Si-

2110 4077 2230 4130 mile
2253 4085 2326 4132 est
2355 4076 2471 4130 huic
2497 4092 2516 4129 :
2542 4074 2737 4146 Diliges
2788 4076 3081 4146 proximum
3126 4085 3268 4128 tuum
3296 4075 3431 4129 sicut
3479 4075 3647 4142 teipsut

2113 4166 2325 4234 (Matth.
2346 4167 2437 4221 22.
2467 4168 2554 4223 '58.
2584 4168 2697 4231 59).
2740 4166 2806 4222 Et
2853 4168 2974 4222 vide
3022 4165 3293 4236 quomodo
3339 4182 3458 4221 cum
3500 4164 3646 4220 eadem
3740 4164 3741 4236 ἦ

2110 4259 2221 4314 fere
2273 4259 2565 4331 hyperbole
2613 4259 2717 4317 hoc
2758 4259 2953 4328 exigat.
2992 4260 3066 4314 De
3117 4259 3227 4313 Deo
3281 4272 3511 4327 namque
3529 4256 3644 4315 dicit.
3740 4256 3741 4279 ῖ

2111 4350 2194 4405 Ea:
2233 4360 2335 4405 toto
2383 4352 2534 4405 corde
2555 4360 2676 4414 tuo;
2714 4349 2781 4405 de
2831 4351 3076 4419 proximo
3131 4360 3308 4403 autem
3363 4359 3452 4402 tuo
3477 4389 3491 4412 ,
3532 4344 3644 4400 Sint

2110 4442 2362 4511 teipsum;
2403 4442 2545 4513 quod
2599 4441 2819 4511 perinde
2870 4450 2956 4496 est
3010 4449 3170 4511 atque
3216 4440 3398 4506 illud,
3455 4438 3526 4493 Es
3565 4446 3641 4488 toto

2108 4534 2259 4589 corde
2293 4543 2400 4588 tuo.
2436 4533 2645 4589 Etenim
2691 4535 2735 4587 si
2783 4541 3034 4588 accurate
3072 4532 3175 4587 hoc
3203 4540 3531 4593 servaretur,
3565 4540 3641 4579 non
3740 4530 3741 4537 ‘

2108 4644 2315 4694 servus,
2343 4644 2448 4685 non
2475 4628 2612 4683 liber
2636 4635 2815 4690 esset;
2844 4642 2951 4682 non
2974 4626 3246 4696 princeps,
3277 4639 3385 4679 non
3412 4621 3638 4679 subditas;

2110 4736 2215 4775 non
2254 4721 2425 4787 dives,
2457 4735 2562 4775 non
2611 4734 2846 4789 pauper;
2876 4733 2983 4773 non
3027 4732 3245 4787 parvus,
3278 4732 3387 4770 non
3427 4724 3639 4783 magnus;

2110 4830 2215 4868 non
2260 4812 2506 4867 diabolus
2546 4825 2795 4880 umquam
2839 4808 3087 4879 cognitus
3132 4807 3320 4861 fuisset
3353 4823 3368 4860 :
3399 4819 3496 4860 non
3533 4801 3638 4859 dico.

2109 4907 2226 4972 llic,
2255 4905 2348 4961 sed
2392 4904 2603 4960 etiamsi
2631 4903 2770 4957 alius
2797 4901 2944 4969 talis,
2973 4887 3186 4956 etiamsi
3214 4907 3449 4960 centum,
3478 4890 3639 4950 etiarnsi

2110 4997 2372 5053 innumeri
2396 4996 2530 5051 tales
2550 5003 2753 5059 essent,
2773 4992 2907 5047 nihil
2935 4989 3359 5062 potuissent,an
3380 4986 3637 5043 essistente.

2110 5090 2251 5155 Ignis
2276 5089 2419 5143 enim
2449 5086 2790 5157 injectionem
2837 5084 3015 5155 potius
3041 5081 3242 5137 frenum
3273 5080 3493 5140 tulisset,
3518 5082 3638 5143 quam

2110 5183 2378 5237 flammam
2423 5179 2660 5234 caritatis
2706 5175 2972 5232 diabolus.
3022 5174 3149 5229 Haec
3178 5186 3332 5227 muro
3373 5168 3543 5224 fortior
3561 5169 3636 5221 est.

2112 5277 2225 5333 haec
2252 5275 2534 5330 adamante
2556 5273 2789 5337 lirmior;
2821 5278 2875 5325 et
2897 5269 2943 5324 si
2971 5282 3131 5338 quam
3162 5265 3323 5321 aliam
3348 5262 3531 5317 dixeris
3554 5254 3635 5307 lof-

2112 5372 2303 5425 tiorem
2351 5367 2651 5430 materiam,
2689 5362 2869 5417 omnia
2910 5366 3129 5431 superat
3168 5355 3405 5413 caritatis
3445 5346 3635 5444 limitis.

2109 5462 2259 5518 Hanc
2288 5475 2387 5515 nec
2414 5457 2634 5524 όὶι·ἰιί;ι>,
2685 5470 2783 5510 nec
2808 5459 3094 5524 paupertas
3123 5448 3325 5511 vincit;
3372 5445 3471 5498 imo

2110 5567 2219 5609 non
2244 5560 2389 5607 esset
2410 5558 2715 5619 paupertas,
2746 5560 2851 5599 non
2882 5542 3042 5597 nimia
3096 5536 3410 5593 divitiarum
3437 5527 3634 5619 copiast

2110 5647 2306 5700 caritas
2334 5618 2513 5704 esset,
2561 5635 2655 5691 sed
2683 5651 2745 5689 ea
2794 5634 2965 5689 solum
3012 5644 3132 5700 quae
3160 5643 3229 5683 ex
3277 5626 3504 5692 utrisque
3544 5618 3634 5667 sunl

2112 5740 2272 5795 bona.
2303 5734 2517 5790 Etenim
2548 5746 2611 5787 ex
2654 5729 2759 5785 illis
2788 5726 2993 5797 copiam
3020 5723 3427 5794 decerporcmus
3446 5756 3461 5781 ,
3488 5726 3542 5767 es
3565 5708 3633 5759 hic
