3802 6214
164 340 252 396 ιτι
423 358 429 365 ’
1161 330 1227 387 ΙΝ
1267 328 1485 386 EPIST.
1526 328 1546 384 l
1580 327 1670 383 AD
1700 324 1859 383 COR.
1886 322 2122 381 HOMIL.
2163 322 2381 381 XXXII.

52 436 55 441 λ
159 469 235 524 σῃ,
269 447 356 502 καὶ
394 446 479 500 ἵνα
518 444 1034 516 διαθερμαινώμεθα
1077 445 1217 517 πρὸς
1246 445 1530 516 ἀλλήλους,
1568 441 1697 524 παρέ

155 522 293 603 ήμῶν
339 529 529 592 αὐτοὺς
582 529 838 582 ἐκέλευσε
891 528 1212 598 τρέφεσθαι.
1252 528 1352 581 Διά
1400 527 1559 580 τοῦτο
1607 522 1703 578 καὶ

52 600 57 627 i‘
154 600 359 684 ἀλλαχοῦ
393 628 544 681 φησιο
575 614 892 680 Κρείσσων
928 614 1112 681 λόγος
1164 612 1410 680 ἀγαθὸς,
1443 610 1482 675 ἢ
1509 609 1701 673 δόσις·

52 712 53 717 ‘
152 698 248 763 καὶ,
287 694 430 750 Ἰδοὺ
451 696 635 761 λόγος
661 694 814 759 ὑπὲρ
837 694 991 763 δόμα
1010 693 1254 762 ἀγαθός.
1280 693 1393 747 Καὶ⁵
1419 692 1583 753 αὐτός
1608 707 1707 759 φη·

52 794 53 797 ‘
151 798 240 848 σιν,
275 779 481 832 Ἕλεον
526 775 675 848 [2951
729 777 902 838 θέλω,
942 777 1040 831 καί
1084 779 1157 831 οὐ
1199 778 1439 831 θυσίαν.
1487 774 1704 843 Ἐπειδὴ

52 898 53 903 η
147 845 243 932 γάρ
273 860 383 921 ἔθος
410 845 545 922 τούς
558 877 618 912 τε
654 845 1143 930 εὐεργετουμένους
1169 859 1363 927 φιλεῖν,
1393 858 1521 921 τούς
1551 876 1611 912 τε
1641 854 1702 912 εὖ

142 944 426 1012 πάσχοντας
457 942 593 1010 πρὸς
625 942 751 1005 τοὺς
783 940 1203 1010 εὐεργετοῦντας
1237 941 1563 1013 οἰκειότερον
1590 941 1705 993 διαῖ-

143 1025 355 1087 κεῖσθαι,
414 1024 710 1094 σύνδεσμον
767 1015 950 1090 φιλίας
997 1024 1192 1089 ποιῶν,
1240 1025 1397 1078 τοῦτο
1454 1023 1705 1093 ἐνομοθέ-

139 1124 305 1177 τησεν.
345 1106 502 1159 Ἀλλά
546 1107 608 1159 τὸ
657 1105 989 1177 ζητούμενον
1040 1100 1215 1161 ἐκεῖνό
1266 1111 1403 1172 ἐστι,
1438 1107 1575 1172 πῶς,
1605 1106 1701 1160 τοῦ

138 1190 357 1262 Χριστοῦ
391 1190 678 1262 ἀμφότερα
722 1189 894 1243 ταῦτα
937 1190 1276 1261 τελειότητος
1305 1186 1444 1243 εἶναι
1491 1193 1702 1261 φήσαν-

137 1292 237 1338 τος,
276 1268 423 1335 οὗτος
451 1275 619 1343 χωρὶς
665 1273 888 1343 ἀγάπης
920 1273 1083 1343 ἀτελῆ
1117 1273 1292 1327 ταῦτα
1330 1270 1472 1328 εἷναί
1513 1291 1698 1344 φησιν.

136 1358 238 1410 Οὐκ
277 1355 771 1425 ἁντιφθεγγόμενος
817 1355 988 1425 αὐτῷ,
1042 1356 1117 1428 μὴ
1164 1358 1396 1425 γένοιτο,
1428 1356 1565 1410 ἀλλὰ
1609 1356 1704 1410 καὶ

137 1438 326 1509 σφόδρα
362 1439 512 1508 αὐτῷ
550 1440 810 1511 συνᾴδων.
845 1442 955 1494 Καὶ
1002 1442 1110 1511 γὰρ
1159 1442 1254 1494 ἐπὶ
1310 1439 1401 1492 τοῦ
1446 1440 1701 1492 πλουσίου

132 1524 221 1593 οὐχ
251 1521 433 1585 ἁπλῶς
463 1518 605 1580 εἷπε.
640 1522 935 1591 Πώλησόν
959 1538 1077 1578 σου
1104 1525 1179 1578 τὰ
1203 1523 1575 1592 ὑπάρχοντα,
1602 1522 1701 1576 καὶ

133 1607 227 1672 δὸς
260 1604 538 1673 πτωχοῖς,
560 1606 676 1660 ἀλλ’
706 1608 977 1678 ἐπήγαγε,
1020 1608 1129 1661 Καὶ
1164 1606 1343 1675 δεῦρο
1382 1608 1704 1661 ἀκολούθει

127 1707 237 1760 μοι.
281 1689 342 1741 Ἡ
368 1688 425 1741 δὲ
455 1688 812 1759 ἀκολούθησις
842 1690 1008 1744 αὐτοῦ
1038 1690 1228 1743 οὐδένα
1265 1688 1412 1743 οῦτω
1454 1689 1702 1761 μαθητὴν

130 1772 468 1826 ἀποδείκνυσι
501 1771 596 1825 τοῦ
633 1773 895 1844 Χριστοῦ,
931 1774 1006 1839 ὡς
1051 1773 1113 1827 τὺ
1148 1773 1411 1845 ἀλλήλους
1458 1775 1700 1845 ἀγαπᾷν.

140 1857 235 1911 Ἐν
260 1856 368 1924 7&9
394 1857 587 1920 τούτῳ
615 1856 951 1926 γνώσονται
976 1856 1220 1923 πάντες,
1257 1859 1443 1929 φησὶν,
1480 1858 1568 1912 ὅτι
1590 1876 1705 1928 μα·

125 1940 290 2009 θηται
305 1941 428 2009 μού
452 1940 614 2004 ἐστε,
642 1942 752 1995 ἐὰν
783 1941 1051 2011 ἀγαπᾶτε
1080 1941 1413 2011 ἀλλήλους.
1437 1944 1549 1997 Καὶ
1573 1944 1702 1997 ὅταν

124 2024 177 2077 δὲ
204 2023 356 2094 λέγῃ,
386 2026 495 2091 Ὃς
529 2023 606 2077 ἂν
638 2025 917 2094 ἀπολέσῃ
951 2026 1065 2094 τὴν
1103 2026 1319 2095 ψυχὴν
1349 2027 1536 2081 αὑτοῦ
1578 2027 1703 2081 ἓνε-

119 2125 219 2161 κεν
241 2107 411 2177 ἐμοῦ,
439 2108 686 2176 εὑρήσει
720 2110 934 2177 αὑτήν·
975 2111 1087 2177 καὶ,
1121 2113 1227 2176 Ὃς
1252 2110 1328 2164 ἂν
1349 2111 1700 2180 ὁμολογήσῃ

115 2210 185 2262 με
215 2192 561 2260 ἔμπροσθεν
596 2191 717 2245 τῶν
750 2191 1094 2261 ἀνθρώπων,
1139 2194 1494 2263 ὁμολογήσω
1540 2195 1702 2265 κάγὼ

113 2275 298 2329 αὐτὸν
327 2276 679 2344 ἔμπροσθεν
697 2275 804 2329 τοῦ
824 2276 1057 2344 Πατρός
1077 2295 1198 2346 μου
1228 2277 1334 2331 τοῦ
1356 2277 1425 2331 ἐν
1452 2277 1576 2344 τοῖς
1603 2280 1702 2333 οὺ-

109 2359 319 2428 ρανοῗς
343 2376 357 2391 ⁸
381 2360 445 2412 οὐ
472 2358 630 2413 τοῦτό
661 2377 846 2429 φησιν,
866 2360 948 2413 ὅτι
977 2360 1036 2413 οὐ
1077 2360 1144 2413 δι’
1169 2361 1412 2431 ἀγάπην,
1446 2362 1581 2416 ἀλλά
1610 2364 1701 2416 τὸν

113 2444 303 2514 μισθὸν
347 2443 445 2497 τὸν
485 2444 853 2515 ἀποκείμενον
905 2447 1016 2509 τοῖς
1054 2445 1239 2510 πόνοις
1281 2446 1493 2510 τούτοις
1530 2447 1697 2517 δηλοῖ’

110 2528 230 2580 ἐπεὶ
260 2527 347 2581 ὅτι
381 2527 525 2596 μετά
557 2526 650 2579 τοῦ
684 2527 987 2597 μαρτυρίου
1017 2528 1112 2581 καὶ
1137 2527 1295 2581 τοῦτο
1334 2529 1508 2600 ζητεῖ,
1537 2530 1700 2585 ἀλλα-

110 2609 203 2680 χοῦ
236 2610 451 2681 σφόδρα
476 2610 608 2663 αὐτὸ
632 2610 873 2681 ᾐνίξατο,
903 2611 1074 2675 οὕτως
1101 2611 1291 2666 εἰπών’
1328 2614 1399 2669 T6
1433 2614 1552 2683 μὲν
1590 2630 1701 2669 πο-

106 2692 313 2761 τήριόν
338 2710 469 2762 μου
505 2694 736 2757 πίεσθε,
775 2694 873 2748 καὶ
914 2694 980 2748 τὸ
1009 2694 1349 2765 βάπτισμα,
1377 2696 1410 2751 ὅ
1445 2698 1561 2768 ἐγὼ
1584 2699 1702 2763 βα-

106 2775 402 2845 πτίζομαι,
435 2777 961 2845 βαπτισθήσεσθε·
991 2779 1258 2844 τουτέστι,
1283 2783 1700 2854 Μαρτυρήσετε,

104 2859 463 2930 σφαγήπσθε
503 2861 643 2932 ὑπὲρ
685 2860 843 2931 ἐμοῦ·
880 2862 948 2916 τὸ
990 2862 1059 2915 δὲ
1085 2864 1330 2919 καθίσαι
1375 2865 1444 2919 ἐκ
1488 2866 1704 2931 δεξιῶν

104 2943 199 2997 καὶ
239 2943 311 3008 ἐξ
343 2944 696 3013 εὐωνύμων,
725 2945 825 3015 οὐχ
857 2943 931 3006 ὥς
957 2962 1121 2998 τινων
1149 2946 1482 3017 καθημένων
1524 2951 1591 3003 ὲκ
1618 2949 1705 3004 δε-

100 3025 231 3092 ξιῶν
281 3027 382 3080 καὶ
436 3026 498 3092 ἐξ
551 3026 867 3096 εὐωνύμων,
901 3027 1036 3082 ἀλλά
1080 3032 1180 3101 τὴν
1221 3030 1485 3085 ἀνωτάτω
1530 3031 1704 3102 λέγων

99 3107 406 3179 προεδρίαν
460 3125 523 3160 τε
578 3109 672 3165 καὶ
700 3110 887 3181 τιμὴν,
914 3113 1027 3165 οὐκ
1071 3112 1244 3167 ἐστιν
1286 3112 1434 3183 ἐμὸν
1468 3114 1702 3181 δοῦναι,

101 3191 292 3261 φησιν,
351 3192 500 3246 ἀλλ’
538 3188 630 3258 οἷς
678 3194 1056 3262 ἡτοίμασται.
1114 3190 1247 3249 Εἶτα
1302 3197 1517 3261 δεικνὺς
1562 3198 1704 3251 τίσιν

96 3274 467 3345 ἡτοίμασται,
516 3276 750 3339 καλέσας
799 3278 1017 3343 αὐτοὺς,
1059 3280 1245 3349 φησίν·
1284 3281 1390 3345 ’ος
1420 3280 1532 3335 ἐὰν
1557 3280 1703 3348 θέλῃ

96 3358 166 3411 ἐν
189 3357 342 3428 ὑμῖν
369 3354 535 3412 εἶναι
569 3359 817 3426 πρῶτος,
842 3361 998 3415 ἔστω
1026 3362 1269 3416 πάντων
1306 3362 1474 3432 ὑμῶν
1505 3363 1704 3418 διάκο-

94 3457 234 3506 νοςο
259 3441 784 3511 ταπεινοφροσύνην
825 3443 1000 3513 δηλῶν
1037 3445 1131 3497 καὶ
1170 3445 1414 3515 ἀγάπην.
1457 3447 1703 3513 Ἀγάπην

99 3531 154 3581 δε
209 3523 633 3594 ἐπιτεταμένην
679 3525 919 3580 ἀπαιτεῖ.
954 3526 1053 3580 Διά
1092 3527 1156 3597 δὴ
1189 3528 1348 3581 τοῦτο
1386 3529 1509 3582 οὐδὲ
1542 3529 1702 3600 μέχρι

89 3602 288 3657 τούτου
351 3605 519 3678 ἔστη,
563 3607 679 3661 ἀλλ’
719 3608 1021 3677 ἐπήγαγεψ
1065 3610 1291 3679 Ὥσπερ
1344 3614 1378 3665 ό
1426 3615 1559 3679 Υίὸς
1595 3614 1703 3667 τοῦ

87 3683 430 3751 ἀνθρώπου
474 3690 589 3743 οὐκ
620 3687 771 3761 ἦλθε
808 3691 1261 3761 διακονηθῆναι,
1304 3696 1466 3750 ἀλλὰ
1502 3696 1702 3751 διακο-

86 3766 284 3833 νῆσαι
318 3769 431 3823 καὶ
469 3771 682 3826 δοῦναι
713 3772 829 3840 τὴν
856 3773 1071 3842 ψυχὴν
1098 3777 1282 3831 αὐτοῦ
1317 3779 1541 3847 λύτρον
1567 3780 1702 3835 ἀντὶ

80 3848 375 3904 πολλῶν·
418 3853 637 3918 δεικνὺς
668 3854 750 3907 ὅτι
782 3853 925 3907 οὕτω
952 3856 1033 3907 δεῖ
1057 3856 1253 3925 φιλεῖν,
1292 3859 1368 3923 ὡς
1404 3863 1497 3916 καὶ
1531 3863 1701 3931 σφάτ-

80 3934 279 3988 τεσθαι
328 3936 487 4006 ὑπὲρ
529 3936 638 3989 τῶν
669 3938 1085 4006 ἀγαπωμένων
1130 3939 1282 3993 τοῦτο
1324 3941 1432 4013 γὰρ
1464 3944 1701 4015 μάλιστα

73 4018 251 4072 αὐτόν
282 4020 420 4072 ἐστι
450 4019 646 4088 φιλεῖν.
689 4020 780 4072 Διὸ
816 4020 910 4073 καὶ
946 4021 1025 4092 τῷ
1054 4024 1244 4095 Πέτρῳ
1284 4025 1469 4096 φησὶν,
1505 4029 1577 4082 El
1607 4046 1701 4099 φι-

72 4100 210 4167 λεῖς
231 4120 341 4171 με,
369 4104 659 4171 ποίμαινε
689 4103 759 4157 τὰ
785 4105 1049 4173 πρόϐατά
1070 4124 1209 4175 μου.
1241 4108 1351 4161 Καὶ
1373 4109 1459 4162 ἵνα
1491 4111 1699 4183 μάθητε

70 4183 204 4240 ὅσον
266 4186 407 4240 ἐστὶ
461 4184 525 4239 τὸ
556 4186 906 4258 κατόρθωμα,
963 4189 1375 4261 ὐπογράψωμεν
1411 4195 1584 4267 αὐτὴν
1622 4195 1700 4267 τῷ

66 4268 246 4340 λόγῳ,
282 4269 498 4341 ἐπειδὴ
532 4272 645 4334 τοῖς
674 4272 999 4342 πράγμασιν
1025 4273 1198 4345 αὐτὴν
1224 4275 1322 4345 οὐχ
1347 4276 1563 4348 ὁρῶμέν
1593 4295 1697 4332 που

67 4355 474 4425 φαινομένην,
512 4356 608 4408 καὶ
647 4357 1014 4427 ἐννοήσωμεν,
1052 4357 1130 4421 ώς
1170 4360 1219 4412 εὶ
1250 4362 1523 4431 πανταχοῦ
1560 4362 1701 4433 μετά

61 4438 381 4509 δαψιλείας
445 4434 516 4509 ἦν
556 4438 718 4509 αὐτη,
759 4440 900 4494 πόσα
934 4440 1001 4493 ἂν
1052 4443 1272 4509 ἐγένετο
1315 4444 1516 4512 ἀγαθά.
1561 4445 1699 4501 Οὔτε

64 4528 182 4593 7&9
214 4522 433 4593 νόμων
468 4519 593 4575 οὐτε
632 4522 1002 4595 δικαστηρίων
1039 4524 1171 4589 ἔδει,
1202 4526 1265 4579 οὐ
1299 4528 1598 4595 κολάσεων,
1634 4531 1697 4584 οὐ

56 4600 407 4676 τιμωριῶν,
447 4605 547 4659 οὐκ
580 4605 739 4661 ἀλλου
778 4606 887 4660 τῶν
918 4607 1175 4662 τοιούτων
1216 4610 1450 4675 οὐδενός.
1480 4613 1544 4665 EE
1588 4613 1698 4685 7&9

58 4689 333 4752 ἅπαντες
359 4688 608 4759 ἠγάπων
636 4689 732 4743 καὶ
758 4691 1074 4760 ἡγαπῶντο,
1098 4693 1250 4745 οὐδὲν
1272 4693 1339 4748 ἂν
1376 4706 1401 4735 ι
1441 4695 1698 4766 ἠδίκησεν

53 4771 281 4837 οὐδεὶς,
328 4771 489 4826 ἀλλά
528 4772 622 4825 καὶ
666 4772 819 4841 φόνοι
852 4774 947 4828 καὶ
993 4776 1167 4845 μάχαι
1212 4777 1308 4829 καὶ
1340 4778 1567 4849 πόλεμοι
1602 4780 1697 4834 καὶ¹

56 4855 308 4918 στάσεις
376 4855 486 4908 καὶ
534 4855 778 4925 ἁρπαγαὶ
816 4857 911 4909 καὶ
950 4856 1256 4923 πλεονεξίαι
1295 4860 1390 4914 καὶ
1427 4861 1604 4917 πάντα
1631 4862 1697 4917 ἀν

52 4937 338 4990 ἐκποδὼν
373 4938 629 5006 ἐγεγόνει
650 4937 721 4992 τά
742 4938 977 5010 πονηρὰ,
1005 4939 1099 4993 καὶ
1128 4940 1320 5012 μέχρις
1340 4943 1598 5014 ὀνόματος
1630 4946 1696 5000 ἂν

51 5020 331 5091 ἡγνοήεὴ]
385 5022 428 5091 ἠ
460 5021 651 5074 κακία.
684 5021 768 5074 Τά
798 5022 980 5092 μέντοι
1024 5025 1227 5093 σημεῖα
1273 5025 1374 5079 οὐκ
1422 5025 1489 5080 ἀν
1535 5027 1695 5081 τοῦτο

51 5104 425 5173 εἰργάσατο,
458 5102 597 5157 ἀλλά
622 5102 717 5158 καὶ
745 5106 825 5168 είς
852 5104 1156 5172 κενοδοξίαν
1186 5106 1405 5179 ἐπαίρει
1450 5109 1578 5175 τούς
1618 5110 1692 5182 μὴ

51 5188 488 5260 προσέχοντας
512 5187 608 5241 καὶ
636 5187 915 5247 ἀπόνοιαν,

124 5278 212 5336 ς’.
252 5272 393 5325 Καὶ
445 5270 507 5323 τὸ
536 5271 603 5343 δὴ
632 5272 945 5342 θαυμαστὸν
969 5272 1069 5343 τῆς
1111 5272 1352 5346 ἀγάπης,
1382 5276 1465 5329 ὅτι
1492 5275 1561 5331 τὰ
1594 5278 1693 5347 μὲν

51 5353 196 5410 illa
253 5354 481 5425 ἀγαθά
523 5354 637 5425 ἔχει
687 5355 1110 5425 παρεζευγμένα
1162 5355 1232 5409 τά
1270 5358 1453 5411 κακά·
1506 5355 1618 5413 οἷον
1664 5363 1693 5416 6

51 5438 360 5508 ἀκτήμων
399 5438 647 5505 φυσᾶται
674 5436 936 5501 πολλάκις
959 5438 1046 5491 διά
1069 5437 1248 5505 τοῦτο,
1283 5441 1312 5493 6
1339 5440 1517 5509 λέγειν
1538 5443 1692 5508 εἰδὼς

51 5522 148 5577 καὶ
179 5519 368 5594 [294]
416 5518 744 5590 δοξομανίαν
788 5521 953 5585 νοσεῖ,
992 5521 1021 5573 6
1045 5523 1424 5594 ταπεινόφρων
1464 5525 1530 5579 δι’
1559 5526 1693 5581 αὐτὸ

51 5604 223 5660 τοῦτο
280 5602 579 5666 πολλάκις
612 5602 753 5657 κατά
780 5601 842 5656 τὸ
879 5604 1116 5668 συνειδὸς
1146 5605 1291 5676 μέγα
1330 5610 1535 5677 φρονεῖ·
1571 5610 1605 5681 ἡ
1635 5609 1690 5663 δέ

51 5686 262 5758 ὶγάπη
296 5687 512 5757 πάσης
537 5684 636 5757 τῆς
667 5686 921 5757 τοιαύτης
952 5686 1296 5759 ἀπήλλακται
1320 5688 1518 5761 λύμης⁶
1550 5693 1689 5749 κατὰ

106 5856 139 5887 ι
168 5844 368 5897 Vetus
393 5846 658 5906 mterprca
679 5842 806 5907 legit
829 5843 996 5896 οὐδένα
1020 5843 1076 5894 ἄν
1097 5882 1111 5908 ,
1127 5845 1245 5896 editi
1269 5845 1400 5896 οὐδὲν
1424 5847 1500 5897 ἄν.

3272 324 3379 381 272

1806 438 1917 509 γὰρ
1944 436 2040 491 τοῦ
2069 428 2437 507 ἀγαπωμένου
2465 436 2568 490 οὐκ
2595 437 2660 492 ἀν
2680 455 2763 501 τις
2786 436 3053 508 ἐπαρθείη
3088 437 3238 493 ποτέ.
3272 441 3382 494 Καὶ

1808 526 1883 592 μή
1911 538 2000 591 μοι
2035 519 2133 590 θῇς
2160 519 2258 573 ἕνα
2294 518 2613 587 ἀγαπῶντα,
2654 520 2788 574 ἀλλά
2811 520 3018 583 πάντας
3043 521 3265 591 ὁμοίως,
3287 541 3382 578 και

1803 602 1926 655 τότε
1970 602 2141 671 αὐτῆς
2188 602 2309 671 ὄψει
2342 602 2443 673 τὴν
2474 603 2707 673 ἀρετήν’
2754 602 2953 672 μᾶλλον
2983 602 3060 665 δὲ,
3100 605 3150 657 εί
3177 603 3378 673 βούλει,

1806 684 2023 755 πρῶτον
2055 684 2153 738 ἕνα
2179 684 2543 755 ἀγαπώμενον
2574 686 2667 739 καὶ
2699 685 2795 738 ἕνα
2825 686 3079 754 φιλοῦντα
3108 686 3267 751 τίθει,
3292 705 3380 757 φι-

1804 768 2001 822 λοῦντα
2034 769 2241 840 μέντοι,
2284 768 2360 833 ὡς
2390 770 2566 838 φιλεῖν
2593 770 2762 834 ἀξιον.
2801 768 2913 840 Τὴν
2942 768 3051 840 γὰρ
3076 769 3179 839 γῆν
3209 769 3382 834 οὕτως

1803 851 1880 915 ὡς
1896 852 1987 906 τὸν
2007 852 2234 918 οὐρανὸν
2255 854 2485 924 οίκήσει,
2504 852 2779 924 πανταχοῦ
2806 853 3047 925 γαλήνης
3067 854 3381 922 ἀπολαύων,

1805 934 1901 988 καὶ
1925 934 2155 1005 μυρίους
2184 936 2360 1006 ἐαυτῷ
2383 935 2599 990 πλέκων
2633 936 2950 1005 στεφάνους.
2996 936 3052 990 '0
3075 936 3184 1008 7&9
3204 935 3385 990 τοιοῦ-

1802 1033 1895 1080 τος
1920 1019 2014 1070 καὶ
2036 1018 2230 1085 φθόνου
2252 1018 2346 1072 καὶ
2379 1018 2549 1089 ὀργῆς
2570 1020 2663 1072 καὶ
2685 1019 2981 1088 βασκανίας
3005 1020 3100 1074 καὶ
3124 1019 3383 1082 ἀπονοίας

1804 1100 1901 1153 καὶ⁵
1930 1100 2234 1167 κενοδοξίας
2279 1101 2375 1156 καὶ
2415 1104 2658 1173 πονηρᾶς
2701 1103 2996 1174 ἐπιθυμίας
3046 1103 3142 1158 καὶ
3180 1104 3382 1167 παντὸς

1805 1182 2008 1255 ἔρωτος
2039 1185 2243 1238 ἀτόπου
2280 1185 2375 1238 καὶ
2408 1186 2604 1251 παντὸς
2633 1188 2938 1258 νοσήματος
2974 1186 3384 1258 καθαρεύουσαν

1802 1265 2121 1338 διατηρήσει
2161 1268 2261 1338 τὴν
2312 1269 2504 1322 ἐαυτοῦ
2553 1270 2752 1341 ψυχήν.
2789 1270 3001 1340 Ὠσπερ
3036 1269 3145 1340 γάρ
3191 1269 3385 1324 ἐαυτὸν

1803 1350 1904 1403 οὐκ
1930 1349 1997 1404 ἀν
2026 1367 2111 1415 τις
2143 1351 2439 1421 ἐργάσαιτό
2458 1370 2512 1406 τι
2532 1353 2723 1416 κακὸν,
2743 1352 2916 1417 οὕτως
2941 1354 3061 1407 οὐδέ
3090 1354 3215 1416 τούς
3242 1351 3382 1421 πλη-
3412 1391 3423 1425 ι

1806 1431 1921 1485 σίον
1948 1426 2124 1497 οὗτος.
2155 1434 2409 1499 Τοιοῦτος
2431 1434 2489 1489 δέ
2510 1435 2607 1498 ὢν,
2640 1437 2757 1506 μετ’
2787 1437 2951 1491 αὐτοῦ
3002 1438 3257 1507 στήσεται
3286 1432 3382 1489 τοῦ

1804 1514 2047 1587 Γαϐριὴλ
2087 1516 2179 1569 ἐπὶ
2216 1516 2317 1586 τῆς
2359 1519 2463 1588 γῆς
2510 1518 2760 1589 βαδίζων.
2808 1521 2918 1574 Καὶ
2967 1522 2995 1574 ὁ
3031 1519 3129 1591 μὲν
3159 1518 3383 1589 ἀγάπην

1804 1594 1944 1666 ἔχων
1983 1598 2254 1662 τοιοῦτος’
2290 1600 2318 1652 6
2350 1599 2408 1652 δὲ
2442 1604 2643 1670 σημεῖα
2672 1602 2862 1669 ποιῶν,
2894 1603 2988 1656 καὶ⁸
3015 1602 3216 1672 γνῶσιν
3243 1601 3383 1672 ἔχων

1804 1679 2241 1751 ἀπηρτισμένην,
2271 1682 2477 1753 ταύτης
2514 1685 2663 1748 ἀνευ,
2693 1685 2794 1739 κᾶν
2824 1685 3051 1757 μυρίους
3080 1685 3266 1757 ἐγείρῃ
3293 1701 3382 1739 νε-

1804 1763 1996 1832 κροὺς,
2023 1762 2177 1818 οὐδὲν
2206 1764 2349 1835 μέγα
2371 1765 2576 1837 ὀνήσει,
2597 1768 2814 1822 πάντων
2842 1769 3257 1842 ἀπέρρηγμένος
3289 1766 3384 1821 καὶ

1805 1845 1982 1898 οὐδενὶ
2015 1844 2127 1901 τῶν
2155 1847 2455 1904 συνδούλων
2492 1851 2852 1921 ἀναμιγνύναι
2886 1853 3077 1907 ἐαυτὸν
3121 1852 3384 1922 ἀνεχόμεο

1804 1943 1915 1990 νος.
1952 1928 2051 1981 Διά
2072 1928 2136 2001 δὴ
2160 1928 2318 1984 τοῦτο
2349 1931 2445 1986 καὶ
2466 1933 2496 1986 6
2521 1933 2756 2004 Χριστὸς
2784 1935 2882 2006 τῆς
2919 1936 2999 1999 είς
3036 1935 3196 1988 αὐτὸν
3225 1936 3387 2005 ἀκρι-

1805 2009 1935 2075 ϐοῦς
1975 2012 2201 2083 ἀγάπης
2239 2017 2464 2086 σημεῖον
2501 2015 2702 2088 ἔφησεν
2744 2012 2905 2079 εἶναι,
2940 2018 3001 2071 τὸ
3034 2018 3124 2072 τὸν
3160 2019 3387 2089 πλησίον

1805 2093 2003 2161 φιλεῖν.
2039 2096 2109 2149 El
2153 2096 2263 2168 7&9
2292 2099 2489 2168 φιλεῖς
2516 2116 2615 2169 με,
2643 2101 2830 2171 φησὶν,
2853 2097 2899 2157 ὦ
2926 2101 3129 2170 Πέτρε,
3159 2104 3385 2155 τούτων

1804 2175 2019 2245 πλέον,
2050 2179 2331 2248 ποίμαινε
2369 2182 2442 2235 τὰ
2487 2184 2754 2250 πρόϐατά
2786 2202 2928 2254 μου.
2963 2181 3117 2247 Εἶδες
3141 2184 3259 2247 πῶς
3292 2188 3385 2238 καὶ

1802 2259 2055 2315 ἐντεῦθεν
2080 2261 2242 2317 πάλιν
2271 2263 2509 2334 ᾐνίξατο,
2532 2267 2616 2319 ὅτι
2655 2267 2953 2339 μαρτυρίου
2990 2266 3172 2339 μεῖζον
3193 2266 3350 2320 τοῦτο
3367 2308 3384 2330 ,

1804 2344 1914 2397 Καὶ
1949 2346 2058 2417 γὰρ
2104 2348 2153 2400 εί
2199 2348 2367 2402 παῖδά
2395 2366 2478 2412 τις
2519 2344 2665 2420 εἶχεν
2696 2352 2999 2422 ἀγαπητὸν,
3033 2352 3126 2406 καὶ⁹
3157 2350 3297 2421 ὐπέρ
3323 2343 3385 2404 οὐ

1805 2431 1899 2480 καὶ
1923 2428 2025 2499 τὴν
2049 2428 2229 2502 ψυχὴν
2259 2430 2326 2485 ἂν
2353 2432 2648 2497 ἐπέδωκεν,
2672 2430 2792 2488 εἶτά
2815 2452 2897 2498 τις
2925 2435 3014 2489 τὸν
3046 2435 3144 2505 μέν
3173 2434 3386 2504 πατέρα

1804 2508 2000 2579 ἐφίλει,
2040 2510 2117 2581 τῷ
2146 2511 2203 2566 δὲ
2238 2512 2389 2566 παιδὶ
2423 2514 2544 2586 μηδ’
2578 2516 2713 2579 ὅλως
2760 2520 3036 2588 προσεῖχε,
3082 2518 3287 2589 σφόδρα
3318 2517 3385 2571 ἂν

1805 2594 2091 2664 παρώξυνε
2125 2596 2216 2649 τὸν
2246 2596 2479 2667 πατέρα,
2509 2599 2602 2652 καὶ
2622 2599 2721 2652 οὐκ
2744 2598 2809 2653 ἂν
2829 2599 3027 2670 ᾔσθετο
3051 2600 3153 2669 τῆς
3180 2599 3386 2663 οἰκείας

1804 2677 2028 2749 ἀγάπης
2056 2678 2144 2732 διά
2176 2678 2275 2752 τὴν
2303 2680 2398 2734 τοῦ
2429 2682 2616 2746 παιδὸς
2639 2682 2964 2753 ὑπεροψίαν.
2993 2684 3054 2736 Εἰ
3081 2682 3137 2736 δέ
3160 2684 3253 2736 ἐπὶ
3281 2700 3387 2737 πα-

1804 2760 1933 2831 τρὸς
1970 2762 2067 2815 καὶ
2096 2763 2285 2827 παιδὸς
2313 2763 2472 2818 τοῦτο
2508 2765 2816 2837 συμϐαίνει,
2847 2765 3028 2837 πολλῷ
3063 2766 3261 2837 μᾶλλον
3292 2767 3386 2821 ἐπὶ

1805 2842 1940 2895 Θεοῦ
1964 2845 2060 2897 καὶ
2094 2845 2417 2916 ἀνθρώπων*
2447 2850 2543 2902 καὶ
2569 2848 2680 2919 γὰρ
2706 2850 2959 2918 πατέρων
2989 2849 3243 2902 ἀπάντων
3268 2847 3387 2902 ἐστὶ

1806 2927 2292 2999 φιλοστοργότερος
2314 2931 2342 2982 6
2368 2928 2518 2993 Θεός.
2551 2931 2647 2983 Διά
2672 2931 2736 3002 δὴ
2766 2930 2925 2984 τοῦτο
2963 2929 3152 2994 εἰπὼν,
3180 2931 3384 2999 Πρώτη

1805 3009 1905 3061 καὶ
1928 3009 2163 3079 μεγάλη
2193 3012 2435 3079 ἐντολὴ,
2475 3012 2829 3082 Ἀγαπήσεις
2856 3014 3076 3081 Κύριον
3102 3014 3209 3066 τὸν
3238 3015 3386 3069 Θεόγ

1806 3107 1946 3157 σου,
1981 3096 2254 3164 ἐπήγαγε,
2283 3096 2539 3164 Δευτέρα
2574 3095 2663 3163 δὲ,
2698 3096 2791 3150 καὶ
2819 3097 2927 3149 οὐκι
2945 3097 3220 3168 ἐσίγησεν,
3248 3096 3385 3153 ἀλλὰ

1806 3175 2173 3247 προσέθηκεν,
2218 3177 2423 3247 Ὁμοία
2457 3177 2668 3246 αὐτῆς,
2713 3179 3064 3249 Ἀγαπήσεις
3092 3181 3197 3232 τὸν
3231 3183 3385 3247 πλη-

1805 3259 1947 3312 σίον
1976 3276 2093 3314 σου
2132 3261 2212 3326 ὡς
2239 3261 2477 3316 ἑαυτόν.
2506 3263 2620 3315 Καὶ
2643 3262 2745 3333 ὅρα
2775 3262 2892 3325 πῶς
2924 3262 3060 3331 μετά
3081 3263 3181 3333 τῆς
3209 3263 3379 3332 αὐτῆς

1806 3340 1989 3409 σχεδὸν
2027 3342 2332 3414 ὑπερϐολῆς
2358 3345 2581 3397 ἀπαιτεί
2607 3344 2701 3397 καὶ
2725 3344 2947 3414 ταύτην.
2981 3346 3114 3416 Περὶ
3144 3346 3240 3416 μὲν
3265 3345 3377 3416 γάρ

1805 3424 1899 3476 τοῦ
1936 3423 2073 3478 Θεοῦ
2130 3443 2314 3497 φησιν,
2357 3426 2459 3491 Ἐξ
2497 3425 2646 3493 ὅλὴς
2692 3428 2940 3495 καρδίας
2976 3441 3111 3482 σου’
3147 3428 3274 3499 περὶ
3315 3428 3373 3481 δὲ

1804 3507 1898 3563 τοῦ
1956 3508 2183 3581 πλησίον
2233 3527 2349 3573 σου,
2390 3510 2484 3575 Ὠς
2524 3509 2761 3577 ἑαυτὸν,
2808 3512 2944 3582 ὅπερ
2987 3513 3100 3566 ἴσον
3132 3514 3249 3565 ἐστὶ
3281 3513 3382 3583 τῷ,

1818 3591 1919 3656 Ἐξ
1941 3591 2088 3659 ὅλης
2114 3596 2225 3659 τῆς
2256 3591 2503 3660 καρδίας
2531 3607 2668 3649 σου.
2703 3594 2814 3647 Καὶ
2851 3594 2958 3665 γὰρ
2991 3596 3040 3647 εί
3070 3597 3208 3666 μετὰ
3233 3597 3385 3665 ἀκρι-

1806 3673 1957 3737 ϐείας
1981 3673 2140 3727 τοῦτο
2169 3675 2516 3743 ἐφυλάττετο,
2547 3678 2607 3729 οὐ
2631 3676 2835 3741 δοῦλος,
2860 3679 2959 3731 οὐκ
2985 3679 3267 3751 ἐλεύθερος
3290 3675 3381 3750 ἦν,

1803 3759 1904 3811 οὐκ
1941 3757 2146 3829 ἄρχων,
2184 3759 2284 3813 οὐκ
2318 3760 2644 3831 ἀρχόμενος,
2676 3761 2738 3814 οὐ
2774 3761 3045 3827 πλούσιος,
3088 3764 3149 3818 οὐ
3191 3765 3383 3833 πένης.

1802 3843 1861 3895 οὐ
1897 3841 2113 3912 μικρὸς,
2150 3843 2211 3895 οὐ
2243 3843 2435 3913 μέγας,
2473 3844 2535 3897 οὐ
2562 3844 2807 3908 διάϐολος
2850 3845 2916 3899 ἀν
2948 3845 3192 3919 ἐγνώσθη
3228 3848 3380 3901 ποτέ·

1802 3927 1861 3979 οὐ
1893 3926 2060 3994 λέγω,
2088 3920 2277 3991 Οὗτος,
2320 3926 2437 3980 ἀλλ’
2460 3928 2507 3980 εί
2547 3928 2642 3980 καὶ
2670 3928 2852 4000 ἕτερος
2883 3928 3142 3994 τοιοῦτος,
3182 3931 3384 4001 μᾶλλον

1800 4008 1857 4061 δὲ
1881 4011 1930 4061 εί
1960 4008 2056 4062 καὶ
2089 4008 2310 4071 ἐκατδν,
2346 4009 2441 4062 καὶ
2474 4011 2657 4080 μυρίοι
2683 4011 2917 4065 τοιοῦτοι
2946 4007 3108 4082 ἦσαν,
3140 4013 3292 4066 οὐδὲν
3316 4012 3383 4066 ἄν

1804 4092 2033 4162 ῐσχυσαν
2078 4090 2293 4162 ἐκείνης
2334 4091 2519 4164 οὔσης.
2554 4092 2771 4147 Μᾶλλον
2800 4094 2909 4165 γὰρ
2950 4096 3143 4166 χόρτος
3183 4096 3383 4167 ήνεγκε

1803 4173 1976 4245 πυρὸς
2013 4174 2331 4246 ἐπαγωγὴν,
2357 4175 2389 4247 ἢ
2430 4176 2605 4244 φλόγα
2633 4177 2851 4248 ἀγάπης
2877 4180 2907 4230 6
2929 4178 3193 4241 διάϐολος.
3228 4177 3379 4249 Αὕτη

1800 4256 2012 4325 τείχους
2038 4256 2380 4327 ἰσχυροτέρα,
2399 4258 2539 4328 αῦτη
2562 4259 2867 4329 ἀδάμαντος
2898 4261 3246 4331 στερροτέρα·
3279 4260 3380 4314 κᾶν

1801 4340 1995 4409 ἑτέραν
2020 4338 2225 4409 ταύτης
2260 4340 2615 4411 ἰσχυροτέραν
2640 4340 2800 4413 εἴπῃς
2827 4341 2980 4414 ὕλην,
3016 4343 3193 4398 πάντα
3215 4345 3382 4414 ὐπερ-

1800 4421 1984 4476 ϐάλλει
2012 4422 2107 4493 τῆς
2131 4422 2353 4493 ἀγάπης
2380 4423 2413 4493 ἡ
2446 4423 2762 4496 στερῤότης.
2798 4425 3013 4498 Ταύτην
3036 4426 3097 4479 οὐ
3126 4426 3377 4489 πλοῦτος,

1799 4507 1860 4559 οὐ
1894 4505 2056 4561 πενία
2089 4508 2235 4577 νικᾷο
2266 4506 2466 4577 μᾶλλον
2492 4506 2548 4560 δέ
2580 4507 2688 4560 οὐδ’
2713 4508 2779 4562 ἂν
2800 4503 2869 4579 ἦν
2903 4508 3083 4573 πενία,
3104 4509 3204 4562 οὐκ
3227 4507 3376 4581 [295]

1798 4588 2037 4659 ἀμετρία
2062 4587 2316 4655 πλούτου,
2349 4590 2395 4641 εἰ
2419 4590 2606 4660 ἀγάπη
2633 4585 2723 4660 ἦν,
2751 4590 2887 4644 ἀλλὰ
2917 4592 2985 4643 τά
3007 4591 3066 4657 ἐξ
3099 4590 3378 4661 ἑκατέρων

1799 4671 1980 4739 ἀγαθά
2013 4672 2191 4742 μόνον.
2218 4671 2329 4725 Καὶ
2359 4671 2469 4743 γὰρ
2491 4671 2588 4742 τὴν
2610 4672 2670 4737 ἐξ
2692 4670 2899 4726 ἐκείνου
2925 4673 3187 4743 ἀφθονίαν
3211 4674 3378 4744 ἐκαρ-

1798 4753 2102 4825 πωσάμεθα
2136 4752 2222 4816 ἀν,
2259 4754 2353 4807 καὶ
2383 4755 2485 4826 τὴν
2530 4756 2595 4808 ἐκ
2635 4754 2839 4826 ταύτης
2883 4755 3233 4827 ἀμεριμνίανο
3280 4755 3377 4809 καὶ

1797 4836 1921 4891 οὔτε
1951 4836 2047 4890 τοῦ
2073 4837 2310 4890 πλούτου
2339 4836 2437 4900 τὰς
2471 4838 2777 4909 φροντίδας,
2821 4836 2944 4891 οὐτε
2974 4839 3073 4910 τῆς
3102 4839 3291 4903 πενίας
3311 4839 3372 4892 τὸ

1796 4921 1915 4985 δέος
1938 4919 2312 4991 ὑπεμείναμεν
2333 4920 2418 4975 ἀν.
2447 4921 2556 4974 Καὶ
2577 4921 2631 4974 τί
2656 4921 2800 4990 λέγω
2817 4922 2886 4977 τά
2904 4921 2964 4987 ἐξ
2986 4923 3153 4993 αὐτῆς
3174 4924 3375 4996 κέρδη;

1795 5003 1939 5059 Αὐτὸ
1961 5004 2069 5077 γὰρ
2092 5003 2215 5057 καθ’
2245 5003 2406 5056 ἑαυτὸ
2430 5003 2491 5057 τὸ
2521 5004 2695 5073 φιλεῖν
2727 5005 2983 5076 ἐννόησον
3014 5008 3204 5078 ἡλίκον
3230 5009 3369 5072 ἐστὶ,

1796 5088 1970 5158 πόσην
2004 5086 2161 5158 φέρει
2180 5084 2282 5156 τὴν
2309 5086 2670 5158 εὐφροσύνην,
2702 5087 2763 5142 ἐν
2788 5089 2930 5161 πόσῃ
2958 5089 3245 5162 καθίστησι
3274 5090 3374 5160 χά-

1799 5187 1906 5242 ριτι
1936 5169 2032 5240 τὴν
2063 5168 2262 5239 ψυχὴν,
2285 5169 2313 5221 ὃ
2340 5168 2574 5239 μάλιστα
2605 5169 2773 5240 αὐτῆς
2797 5172 2945 5224 ἐστιν
2972 5171 3268 5243 ἐξαίρετον.
3292 5173 3373 5227 Τὰ

1797 5254 1897 5324 μὲν
1933 5253 2043 5326 γὰρ
2082 5252 2217 5305 ἀλλα
2244 5251 2344 5322 τῆς
2376 5250 2579 5323 ἀρετῆς
2608 5253 2749 5324 μέρη
2796 5255 3221 5326 συνεζευγμένον
3260 5255 3372 5327 ἔχει

1792 5337 1885 5390 τὸν
1926 5337 2108 5400 πόνον,
2138 5330 2250 5388 οἷον
2278 5333 2521 5405 νηστεία,
2561 5336 2903 5408 σωφροσύνη,
2944 5338 3242 5410 ἀγρυπνία,
3274 5340 3368 5410 βα.

1795 5422 2048 5486 σκανίαν,
2108 5417 2426 5489 ἐπιθυμίαν,
2476 5419 2808 5490 ὑπεροψίανο
2852 5423 2885 5493 ή
2919 5421 2976 5475 δὲ
3006 5423 3193 5494 ἀγάπη
3234 5424 3372 5493 μετά

1792 5504 1885 5560 τοῦ
1932 5504 2159 5575 κέρδους
2200 5502 2399 5575 πολλὴν
2433 5500 2547 5573 ἔχει
2588 5505 2681 5559 καὶ
2712 5506 2814 5576 τὴν
2845 5504 3059 5577 ἡδονὴν,
3089 5506 3183 5560 καὶ
3209 5508 3370 5560 πόνον

1791 5590 2003 5645 οὐδέναο
2036 5588 2133 5644 καὶ
2157 5586 2408 5658 καθάπερ
2440 5587 2667 5655 μέλιττα
2699 5589 2898 5659 ἀγαθὴ,
2938 5590 3007 5644 τὰ
3037 5589 3369 5658 πανταχόθεν

1794 5675 2100 5744 συνάγουσα
2132 5671 2334 5740 ἀγαθὰ,
2363 5673 2444 5735 είς
2470 5673 2571 5743 τὴν
2592 5670 2686 5727 τοῦ
2710 5672 2991 5743 φιλοῦντος
3018 5672 3369 5727 κατατίθεται

1790 5759 1990 5828 ψυχήν.
2014 5755 2133 5812 Κάν
2159 5753 2381 5825 δουλεύῃ
2404 5772 2508 5820 τις,
2532 5754 2665 5825 ήδίω
2682 5756 2779 5826 τῆς
2801 5752 3112 5826 ἐλευθερίας
3134 5753 3368 5821 ἀποφαί-

1793 5860 1871 5901 νει
1902 5842 2000 5912 τὴν
2025 5838 2285 5896 δουλείαν.
2319 5838 2375 5893 '0
2404 5837 2510 5907 7&9
2532 5837 2698 5907 φιλῶν
2719 5838 2815 5905 οὐχ
2843 5835 3013 5901 οὕτως
3041 5838 3365 5896 ἐπιτάττων.
