3802 6214
357 261 464 316 275

349 379 426 441 ὡς
469 378 893 449 ἐπιταττόμενος
941 379 1144 450 χαίρει,
1194 379 1372 432 καίτοι
1411 394 1478 446 γε
1527 377 1588 432 τὸ
1625 377 1934 430 ἐπιτάττειν

351 468 472 541 ήδύο
495 468 632 524 ἀλλὰ
659 470 1014 543 μετατίθησιν
1041 470 1179 543 αῦτη
1207 470 1318 525 τῶν
1341 471 1684 542 πραγμάτων
1711 469 1811 540 τὴν
1837 467 1936 537 φύ-

353 575 460 625 σιν,
501 561 596 614 καὶ
635 561 814 615 πάντα
861 563 919 614 ἐν
963 562 1150 632 χερσὶν
1188 562 1403 632 ,ἔχουσα
1455 559 1815 631 παραγίνεται
1869 557 1939 610 τά

350 649 560 719 ἀγαθά,
592 652 778 724 πάσης
825 653 1031 724 μητρὸς
1075 655 1379 726 ὴπιωτέρα,
1429 654 1614 723 πάσης
1667 651 1939 722 βασιλίδος

353 742 731 814 εὐπορωτέρα,
762 747 856 798 καὶ
885 745 952 796 τά
977 745 1208 798 ἐπίπονα
1239 745 1420 814 κοῦφα
1447 745 1592 799 ποιεῖ
1616 744 1711 797 καὶ
1743 745 1938 814 ῥᾷστα,

354 834 453 902 τὴν
487 834 588 902 μὲν
616 835 816 904 ἀρετὴν
852 833 1096 900 εὖκολον,
1127 835 1228 907 τὴν
1269 837 1326 890 δέ
1361 837 1562 890 κακίαν
1604 835 1943 906 πικροτάτην

355 927 490 995 ἡμῖν
529 926 926 994 ἀποφαίνουσα.
964 928 1166 983 Σκόπει
1200 930 1287 983 δέ’
1319 932 1394 984 Τὸ
1422 931 1670 1004 δαπανᾷν
1695 928 1942 1000 λυπηρὸν

355 1013 496 1072 εἶναι
521 1019 668 1072 δοκεῖ
694 1021 788 1073 καί
813 1023 959 1074 ποιεῖ
987 1021 1122 1075 αὐτὸ
1148 1021 1288 1093 αῦτη
1313 1023 1435 1094 ἡδύ·
1464 1023 1527 1076 τὸ
1554 1022 1855 1094 λαμϐάνειν
1872 1020 1944 1074 τά

356 1111 558 1181 ἐτέρων
591 1111 711 1182 ἡδὺ,
749 1113 846 1167 καὶ
899 1114 1002 1167 οὐκ
1043 1115 1270 1184 ἀφίησιν
1321 1117 1454 1169 αὐτὸ
1503 1115 1789 1185 φαίνεσθαι
1816 1115 1942 1186 ἡδὺ,

354 1199 492 1253 ἀλλά
533 1201 758 1272 φεύγειν
789 1202 865 1268 ώς
902 1205 1176 1276 μοχθηρὸν
1221 1207 1649 1276 παρασκευάζει.
1679 1207 1849 1262 Πάλιν
1885 1206 1945 1261 τὸ

356 1292 543 1357 κακῶς
571 1293 771 1364 λέγειν,
802 1295 975 1365 γλυκύ
1016 1299 1181 1351 πᾶσιν
1213 1294 1352 1352 εῖναι
1394 1299 1572 1354 δοκεῖ’
1608 1299 1751 1371 αὕτη
1787 1301 1946 1356 τοῦτο

361 1385 462 1456 μὲν
493 1388 692 1460 μικρὸν
717 1388 1030 1459 ἀποφαίνει,
1053 1391 1114 1444 τὸ
1137 1391 1193 1444 δὲ
1219 1391 1400 1455 καλῶς
1423 1393 1622 1462 λέγειν,
1649 1393 1768 1465 ἡδύν
1791 1393 1945 1446 οὐδὲν

359 1481 470 1552 γάρ
505 1481 702 1547 οὕτως,
754 1482 833 1545 ὡς
883 1483 976 1536 τὸν
1019 1483 1342 1554 φιλούμενον
1386 1486 1779 1556 ἐγκωμιάζειν,
1811 1489 1946 1556 ἡμῖν

360 1571 482 1641 ἡδύ.
520 1573 688 1628 Πάλιν
729 1575 759 1626 6
791 1573 961 1644 θυμὸς
996 1575 1107 1644 ἔχει
1137 1576 1259 1630 τινὰ
1293 1577 1514 1648 ἡδονὴν,
1555 1577 1671 1631 ἀλλ’
1705 1577 1946 1633 ἐνταῦθα

359 1665 565 1730 οὐκέτι,
611 1665 748 1720 ἀλλὰ
777 1667 956 1721 πάντα
984 1668 1151 1721 αὐτοῦ
1196 1669 1269 1722 τὰ
1312 1669 1478 1742 νεῦρα
1516 1670 1806 1743 ἀνῄρηται·
1843 1671 1947 1725 κᾶν

361 1756 580 1830 λυπήσῃ
600 1757 692 1812 τὸν
715 1757 975 1826 φιλοῦντα
997 1759 1027 1811 6
1052 1759 1434 1831 ἀγαπώμενος,
1467 1763 1639 1832 θυμὸς
1671 1762 1772 1834 μὲν
1790 1761 1949 1815 οὐδα-

366 1849 468 1916 μοῦ
499 1849 771 1918 φαίνεται,
800 1847 1014 1920 δάκρυα
1044 1851 1102 1905 δέ
1135 1854 1231 1907 καί
1272 1855 1672 1926 παρακλήσεις,
1712 1856 1807 1908 καὶ
1832 1857 1948 1910 ἰκε-

361 1939 569 2012 τηρίαι·
599 1943 855 1997 τοσοῦτον
893 1943 1089 2014 ἀπέχει
1118 1945 1212 1998 τοῦ
1245 1946 1668 2017 παροξυνθῆναι.
1707 1949 1828 2003 Κᾶν
1862 1949 1948 2024 ῖδῃ

363 2030 768 2102 ἁμαρτάνοντα,
804 2034 994 2088 πενθεῖ
1020 2039 1110 2090 καὶ
1137 2036 1408 2090 ὀδυνᾶται·
1433 2037 1570 2092 ἀλλὰ
1598 2038 1694 2092 καὶ
1727 2041 1759 2110 ή
1785 2041 1948 2112 ὀδύνη

362 2121 503 2194 αῦτη
528 2123 725 2197 ἡδονὴν
759 2125 936 2197 φέρει.
965 2128 1079 2200 Τῆς
1110 2127 1218 2200 γὰρ
1257 2130 1479 2202 ἀγάπης
1508 2133 1604 2185 καὶ
1637 2131 1709 2186 τὰ
1734 2133 1950 2205 δάκρυα

365 2215 460 2267 καὶ
503 2216 538 2287 ῆ
577 2216 721 2289 λύπη
774 2217 1008 2288 γέλωτος
1057 2223 1257 2285 παντὸς
1289 2223 1424 2294 ἡδίω
1469 2226 1564 2279 καὶ
1597 2228 1796 2298 χαρᾶς.
1835 2228 1949 2299 Οὐχ

364 2303 508 2359 οὕτω
557 2308 687 2377 γοῦν
725 2309 1096 2367 ἀναπαύονται
1151 2315 1200 2367 οἰ
1251 2314 1538 2382 γελῶντες,
1587 2316 1664 2379 ὡς
1704 2319 1754 2371 οἱ
1807 2317 1950 2389 ὑπὲρ

367 2397 538 2464 φίλων
582 2399 897 2466 κλαίοντεςο
943 2401 1047 2456 κᾶν
1089 2404 1344 2472 άπιστῇς,
1394 2405 1620 2475 ἐπίσχες
1661 2407 1843 2460 αὐτῶν
1881 2406 1950 2462 τὰ

366 2492 599 2565 δάκρυα,
658 2495 751 2548 καὶ
819 2494 897 2558 ὡς
961 2495 1031 2549 τά
1097 2497 1375 2565 ἀνήκεστα
1447 2499 1741 2565 παθόντες,
1809 2501 1951 2555 οὕτω

367 2583 825 2654 δυσχεραίνουσιν.
860 2583 1001 2637 Ἀλλ’
1037 2585 1235 2656 ἡδονὴν
1274 2585 1409 2656 ἔχει,
1443 2589 1627 2657 φησὶν,
1664 2588 1866 2643 ἄτοπον
1889 2590 1951 2643 τὸ

370 2673 567 2742 φιλεῖν.
615 2674 852 2742 Ἄπαγε,
886 2675 978 2728 καὶ
1029 2675 1291 2746 εὐφήμει,
1343 2677 1632 2748 άνθρωπευ
1663 2679 1816 2733 οὐδὲν
1841 2679 1952 2752 γὰρ

369 2764 543 2831 οὕτως
597 2767 791 2839 ἡδονῆς
838 2765 1137 2839 καθαρεύει
1177 2768 1457 2840 τοιαύτης,
1485 2769 1562 2835 ώς
1590 2770 1780 2842 ἀγάπη
1814 2789 1952 2846 γνη-

374 2858 484 2914 σία.

442 3042 508 3107 ζ’.
529 3039 619 3113 Μὴ
650 3039 757 3110 γάρ
788 3057 878 3111 μοι
899 3040 1104 3114 ταύτην
1131 3039 1292 3116 εῖπῃς
1309 3041 1409 3114 τὴν
1437 3040 1662 3114 δημώδη
1696 3042 1792 3096 καὶ
1823 3043 1956 3112 ἀγο-

377 3136 548 3207 ραῖον,
585 3135 679 3188 καὶ
705 3133 860 3186 νόσον
895 3133 1094 3204 μᾶλλον
1126 3133 1159 3205 ἢ
1185 3135 1406 3206 ἀγάπην
1433 3131 1620 3200 οὖσαν,
1655 3134 1793 3189 ἀλλά
1824 3135 1956 3188 ταύ-

374 3245 474 3296 την
527 3227 594 3299 ἢν
642 3227 673 3279 6
727 3225 938 3289 Παῦλος
980 3226 1249 3298 ἐπιζητεῖ,
1289 3229 1388 3299 τὴν
1434 3229 1496 3282 τὸ
1538 3231 1819 3301 συμφέρον
1845 3231 1956 3282 τῶν

375 3319 761 3389 ἀγαπωμένων
783 3319 1118 3381 σκοποῦσαν,
1159 3319 1255 3372 καὶ
1274 3319 1396 3388 ὄψει
1415 3322 1498 3374 ὅτι
1523 3321 1779 3392 πατέρων
1809 3317 1954 3376 οὗτοι

379 3411 869 3482 φιλοστοργότεροι.
908 3412 1019 3465 Kal
1062 3414 1253 3484 ὥσπερ
1291 3412 1343 3467 οἱ
1375 3413 1636 3484 χρήματα
1674 3413 1956 3483 φιλοῦντες

377 3503 480 3556 οὐκ
516 3501 584 3555 ἂν
608 3501 812 3555 ἕλοιντο
835 3503 1143 3574 δαπανῆσαι
1175 3504 1454 3574 χρήματα,
1487 3504 1601 3558 ἀλλ’
1627 3504 1777 3576 ἥδιον
1807 3506 1872 3560 ἂν
1899 3506 1957 3559 ἐν

381 3593 714 3665 στενοχωρία
748 3595 1024 3663 γενέσθαι,
1061 3595 1096 3666 ἢ
1148 3597 1333 3650 ἐκεῖνα
1384 3595 1513 3650 ἰδεῖν
1563 3596 1952 3668 ἐλαττούμεναο

379 3686 524 3740 οὕτω
573 3689 669 3741 καὶ
707 3687 737 3741 6
767 3687 904 3758 πρός
925 3704 1044 3740 τινα
1081 3687 1252 3758 ἡδέως
1277 3687 1437 3759 ἔχων,
1473 3688 1640 3760 μυρία
1684 3690 1750 3743 ἂν
1785 3691 1958 3744 ἐλοιτο

381 3776 595 3840 παθεῖν,
633 3776 668 3846 ἢ
706 3777 798 3832 τὸν
835 3776 1200 3849 ἀγαπώμενον
1247 3779 1759 3851 καταϐλαπτόμενον
1808 3784 1957 3843 ἰδεῖν.

384 3868 508 3933 Πῶς
531 3864 642 3935 οῦν,
668 3871 822 3941 φησὶ,
849 3871 939 3925 τὸν
971 3872 1168 3942 Ἰωσὴφ
1198 3873 1232 3943 ἡ
1258 3873 1527 3943 Αἰγυπτία
1552 3875 1803 3943 φιλοῦσα,
1826 3879 1960 3933 καθ·

385 3961 604 4033 υϐρίσαι
654 3962 953 4032 ἡθέλησενς
985 3963 1106 4017 Ὅτι
1149 3964 1356 4035 ταύτην
1388 3967 1563 4036 ἐφίλει
1607 3968 1705 4039 τὴν
1737 3970 1960 4041 ἀγάπην

382 4053 490 4125 τὴν.
514 4052 662 4127 [296]
692 4053 1021 4127 διαϐολικήν.
1068 4055 1126 4108 '0
1172 4056 1355 4126 μέντοι
1393 4058 1590 4130 Ἰωσὴφ
1640 4061 1702 4114 ού
1731 4062 1958 4133 ταύτην,

385 4147 500 4201 ἀλλ’
521 4147 588 4217 ἦν
617 4149 646 4200 6
679 4145 890 4209 Παῦλος
915 4145 1085 4217 ζητεῖ.
1139 4147 1418 4218 Ἐννόησον
1446 4143 1540 4203 οὖν
1567 4151 1702 4220 ὅσης
1739 4151 1960 4221 ἀγάπης

384 4237 551 4292 αὐτοῦ
598 4236 668 4290 τά
714 4239 938 4309 ῥήματα
982 4233 1072 4310 ἦν,
1105 4239 1200 4292 καί
1243 4239 1313 4292 τά
1356 4241 1660 4311 πράγματα
1703 4242 1740 4296 ἃ
1777 4242 1960 4313 ἐκείνη

385 4333 558 4401 ἔλεγε
583 4331 929 4399 Καθύϐρισόν
951 4349 1018 4402 με
1047 4332 1142 4386 καὶ
1164 4332 1390 4404 ποίησον
1419 4333 1722 4405 μοιχαλίδα,
1753 4335 1851 4388 καὶ
1873 4335 1964 4388 τὸν

385 4427 555 4500 ἄνδρα
589 4427 865 4500 άδίκησον,
910 4430 1004 4482 καὶ
1029 4427 1130 4500 τὴν
1164 4429 1337 4482 οἰκίαν
1377 4429 1680 4500 ἀνάτρεψον
1721 4430 1962 4497 ἅπασαν,

384 4521 480 4574 καὶ
539 4521 734 4574 σαυτὸν
785 4518 887 4589 τῆς
937 4520 1073 4591 πρὸς
1112 4521 1204 4573 τὸν
1229 4520 1362 4574 Θεὸν
1395 4520 1590 4574 ἔκϐαλε
1627 4521 1962 4593 παρρησίας

386 4610 530 4683 άπερ
561 4611 622 4664 οὐ
656 4611 814 4682 μόνον
845 4612 1078 4678 ἐκεῖνον,
1135 4611 1252 4664 ἀλλ’
1291 4611 1412 4665 οὐδέ
1461 4610 1661 4684 ἑαυτὴν
1705 4610 1966 4683 φιλούσης

385 4700 474 4774 ἦν.
507 4700 674 4768 Οὗτος
704 4705 761 4758 δέ
799 4703 987 4774 ἐπειδὴ
1013 4703 1253 4776 γνησίως
1292 4704 1488 4773 ἐφίλει,
1515 4700 1967 4760 τούτωνίπάντων

388 4796 592 4866 ἀπῆγε.
623 4795 735 4851 Kal
775 4796 862 4850 ῖνα
909 4796 1090 4868 μάθῃς
1135 4797 1220 4850 ὅτι
1256 4797 1429 4867 αὐτῆς
1476 4797 1721 4868 ἐκήδετο,
1755 4799 1822 4852 ἐκ
1867 4798 1968 4867 τῆς

389 4887 766 4958 παραινέσεως
797 4887 930 4940 αύτὸ
959 4887 1270 4958 κατάμαθε.
1310 4889 1387 4942 υύ
1427 4888 1536 4958 γὰρ
1575 4887 1836 4943 ἀπώσατο
1873 4889 1970 4960 μόο

389 4996 481 5034 νον
510 4978 701 5049 αὐτὴν,
732 4979 868 5033 ἀλλά
898 4979 995 5035 καὶ
1020 4980 1343 5053 παραίνεσιν
1375 4981 1641 5051 εἰσήγαγε
1673 4983 1855 5036 πᾶσαν
1881 4983 1972 5037 δυο

389 5072 631 5144 ναμένην
667 5071 858 5126 σϐέσαι
899 5073 1096 5145 πυράν.
1145 5076 1215 5128 Εἰ
1245 5074 1357 5144 γὰρ
1400 5075 1435 5128 ό
1461 5075 1664 5142 κύριός
1683 5092 1826 5144 μου,
1863 5093 1961 5144 φη.

395 5164 501 5224 σὶν.
536 5165 608 5217 οὐ
652 5162 932 5231 γινώσκει
975 5163 1053 5218 δι’
1096 5165 1201 5234 ἐμὲ
1240 5165 1424 5220 οὐδὲν
1464 5165 1584 5220 τῶν
1620 5165 1692 5219 ἐν
1721 5166 1801 5232 τῷ
1829 5168 1973 5232 οἴκῳ

393 5252 601 5308 αὐτοῦ.
638 5251 854 5318 Εὐθέως
887 5255 1055 5326 αὐτὴν
1081 5255 1353 5326 ἀνέμνησε
1381 5256 1476 5311 τοῦ
1513 5257 1723 5329 ἀνδρὸς,
1765 5259 1851 5311 ἵνα
1883 5259 1969 5311 ἐν-

393 5345 588 5418 τρέψῃ.
619 5345 732 5401 Kal
765 5347 865 5400 οὐκ
890 5342 1062 5410 εἶπεν,
1110 5348 1168 5401 '0
1191 5349 1331 5419 ἀνήρ
1360 5366 1476 5413 σου,
1511 5347 1627 5402 ἀλλ’
1660 5350 1724 5403 '0
1767 5350 1973 5418 κύριός

391 5455 530 5507 μου,
567 5437 596 5490 δ
625 5438 829 5508 μᾶλλον
861 5437 1042 5493 ἰκανὸν
1079 5432 1148 5510 ἦν
1179 5439 1349 5509 αὐτὴν
1384 5443 1696 5511 κατασχεῖν,
1722 5443 1818 5496 καὶ
1852 5443 1972 5494 πεῖ-

398 5545 489 5582 σαι
517 5529 768 5599 ἐννοῆσαι
806 5529 890 5594 τίς
920 5524 1054 5583 οῦσα
1094 5529 1238 5594 τίνος
1266 5530 1386 5602 ἐρᾷ,
1412 5532 1494 5584 ὅτι
1531 5530 1787 5585 δέσποινα
1815 5525 1971 5596 οὖσα,

395 5619 603 5680 δούλου.
655 5621 716 5674 Εἰ
748 5620 856 5693 γὰρ
897 5621 1103 5686 ἐκεῖνος
1143 5621 1352 5691 κύριος,
1409 5621 1505 5674 καὶ
1542 5621 1608 5675 σὺ
1653 5622 1837 5692 κυρία.
1882 5624 1975 5676 Αἰ-

401 5711 657 5786 σχύνθητι
713 5713 889 5769 τοίνυν
941 5713 1039 5787 τὴν
1087 5714 1224 5786 πρὸς
1263 5713 1352 5769 τὸν
1381 5713 1566 5768 δοῦλον
1600 5713 1836 5785 ὁμιλίαν,
1883 5717 1976 5770 καὶ

1035 259 1093 316 S.
1134 256 1425 315 JOANNIS
1462 258 1603 313 (ὶί1ιί
1617 258 1646 310 ἴ
1661 257 1828 312 SOS'l
1841 259 1961 310 om

2078 260 2328 316 mrum).
2371 263 2922 327 CONSTANTJNOP.

3525 278 3638 334 ΞΠ

2042 375 2296 446 ἐννόησον
2325 381 2472 445 τίνος
2509 379 2644 439 οὖσα
2673 388 2832 460 γυνή,
2871 390 2980 444 τίνι
3005 390 3188 462 βούλει
3219 395 3642 465 συμπλακῆναι.

2049 469 2144 523 καὶ
2185 473 2314 542 περὶ
2341 475 2464 528 τίνα
2491 477 2786 548 ἀχάριστος
2821 482 2949 555 γίνῃ
2992 485 3088 538 καὶ
3111 485 3406 558 ἀγνώμων.
3429 492 3536 542 καί
3566 490 3646 540 ὃτι

2047 561 2159 629 ἐγὼ
2206 563 2430 621 πλείονα
2471 569 2627 640 αὐτῷ
2669 573 2931 644 ἀπονέμω
2967 573 3200 632 εὔνοιαν.
3233 581 3346 633 Kal
3380 582 3494 652 δρα
3530 582 3647 642 πῶς

2045 652 2267 741 ἐπαίρει
2315 656 2484 710 αὐτοῦ
2537 659 2638 722 τὰς
2686 663 3028 732 εὐεργεσίας.
3077 668 3295 738 Ἐπειδὴ
3341 672 3456 741 γὰρ
3491 671 3649 723 οῦδὲν

2046 739 2156 794 τῶν
2187 743 2407 814 ὑψηλῶν
2432 748 2684 818 ἐννοῆσαι
2713 751 2945 820 ἠδύνατο
2971 755 3004 825 ἡ
3032 755 3307 828 βάρϐαρος
3331 739 3530 827 ἐκείνη
3563 761 3649 810 καὶ

2049 831 2371 899 ἀκόλαστος,
2404 838 2513 890 ἀπὸ
2541 839 2650 892 τῶν
2683 841 3040 912 ἀνθρωπίνων
3067 847 3238 919 αὐτὴν
3264 850 3534 919 ἐντρέπει
3568 850 3652 900 λέ-

2048 938 2183 990 γων’
2223 927 2306 980 Οὐ
2337 927 2618 995 γινώσκει
2650 930 2724 984 δι’
2754 932 2860 1001 ἐμὲ
2887 934 3088 989 οὐδέν·
3125 939 3438 1001 τουτέστιν,
3475 939 3652 1010 Εὐερ-

2051 1018 2204 1084 γετεῖ
2238 1034 2305 1087 με
2336 1019 2568 1088 μεγάλα,
2600 1024 2692 1076 καὶ
2729 1025 2791 1078 οὐ
2821 1025 3058 1098 δύναμαι
3105 1030 3199 1084 τὸν
3228 1033 3564 1101 προστάτην
3598 1033 3652 1084 ἐν

2049 1111 2164 1174 τοῖς
2196 1111 2407 1181 κυρίοις
2432 1113 2654 1183 πλῆξαι.
2688 1116 2819 1186 Ἑμέ
2843 1117 3094 1190 δεύτερον
3117 1123 3347 1193 ἐποίησε
3374 1124 3654 1192 δεσπότην

2051 1202 2151 1271 τῆς
2193 1202 2400 1269 οἰκίας,
2452 1205 2570 1271 καὶ,
2604 1205 2817 1273 Οὐδείς
2863 1211 3242 1280 ὐπεξῄρηται
3280 1232 3443 1284 μου,
3481 1215 3657 1279 πλὴν

2052 1291 2190 1346 σοῦ.
2230 1291 2496 1349 Ἐνταῦθα
2531 1297 2748 1369 ἐπαίρει
2793 1301 2964 1372 αὐτῆς
2992 1301 3054 1356 τὸ
3084 1304 3370 1374 φρόνημα,
3417 1305 3516 1359 ἵνα
3553 1306 3657 1358 κᾶν

2053 1379 2225 1447 οὕτως
2259 1386 2614 1458 αἰσχυνθῆναι
2645 1391 3066 1464 παρασκευάσῃ,
3088 1394 3184 1448 καὶ
3207 1394 3360 1465 δείξῃ
3399 1395 3657 1465 μεγάλην

2052 1469 2218 1528 οὖσαν
2250 1476 2351 1546 τὴν
2397 1481 2584 1548 τιμήν.
2613 1481 2722 1534 Kal
2742 1482 2865 1536 οὐδὲ
2894 1483 3058 1554 μέχρι
3095 1484 3288 1539 τούτου
3318 1487 3484 1557 ἐστη.
3518 1487 3659 1540 am

2053 1567 2150 1620 καὶ
2176 1567 2459 1637 ἐπήγαγεν
2487 1570 2660 1642 ϐνομα
2689 1574 2873 1628 ἱκανὸν
2894 1574 3064 1646 αὐτὴν
3095 1581 3426 1647 κατασχεῖν,
3449 1577 3654 1645 λέγων·

2054 1655 2159 1710 Διὰ
2189 1658 2260 1711 τό
2294 1673 2372 1713 σε
2403 1661 2661 1729 γυναῖκα
2694 1663 2883 1719 αὐτοῦ
2911 1661 3085 1734 εἶναι,
3114 1667 3215 1721 καί
3247 1666 3382 1735 πῶς
3412 1667 3662 1737 ποιήσω

2053 1746 2122 1800 τὸ
2152 1747 2317 1817 ῥῆμα
2349 1749 2418 1804 τὸ
2448 1751 2719 1822 πονηρὸν
2754 1756 2965 1820 τοῦτος
3010 1757 3170 1812 Ἀλλὰ
3215 1759 3270 1812 τί
3310 1759 3546 1827 λέγειςς
3579 1761 3657 1812 ὅτι

2053 1839 2116 1891 οὐ
2149 1839 2415 1911 πάρεστιν
2441 1843 2470 1896 6
2498 1843 2658 1916 ἀνὴρ,
2690 1845 2812 1900 οὐδέ
2838 1842 2981 1900 οἶδεν
3001 1849 3084 1901 δτι
3102 1849 3416 1917 ἀδικεῖται;
3457 1850 3609 1904 Ἀλλ’
3631 1854 3659 1904 6

2053 1930 2187 1996 Θεὸς
2218 1932 2501 2004 ἐπόψεται.
2539 1935 2680 1989 Ἀλλ’
2714 1937 2815 1991 οὐκ
2860 1937 3152 2009 ἐκέρδανεν
3198 1940 3352 1995 ούδέν
3407 1941 3530 1994 άπὸ
3566 1942 3659 2012 τῆς

2057 2022 2368 2095 συμϐουλῆς
2399 2024 2606 2096 ἐκείνη,
2643 2026 2760 2081 ἀλλ’
2793 2027 3149 2083 ἐπεσπάσατο
3176 2031 3362 2085 αὐτόν.
3402 2031 3530 2102 τὴν
3555 2032 3664 2101 γάρ

2054 2112 2262 2167 οἰκείαν
2289 2115 2485 2185 μανίαν
2506 2117 2792 2189 πληρῶσαι
2825 2117 3150 2191 βουλομένη,
3184 2121 3246 2175 ού
3287 2121 3540 2190 φιλοῦσα
3570 2123 3664 2176 τὸν

2067 2205 2289 2278 Ἰωσὴφ,
2322 2208 2496 2263 ταῦτα
2523 2210 2782 2281 ἐπραττεο
2809 2213 2905 2266 καὶ
2923 2213 3082 2285 δῆλον
3119 2213 3180 2280 ἐξ
3199 2208 3274 2270 ῶν
3304 2216 3457 2287 μετά
3485 2216 3662 2270 ταῦτα

2057 2300 2303 2371 ἐποίησε.
2336 2301 2448 2354 Kal
2477 2303 2586 2375 γάρ
2611 2303 2962 2376 δικαστήριον
3006 2304 3242 2372 καθίζει,
3268 2311 3366 2362 καὶ
3409 2325 3657 2378 κατηγο-

2059 2391 2182 2461 ρίαν
2205 2393 2440 2460 εἰσάγει,
2473 2396 2663 2448 καὶτὰ
2693 2395 2864 2468 ψευδῆ
2907 2401 3337 2470 καταμαρτυρεῖ,
3369 2400 3477 2452 καὶ
3519 2399 3662 2452 inﬁ-

2055 2481 2188 2534 δωσι
2222 2480 2398 2554 θηρίῳ
2423 2483 2516 2537 τὸν
2546 2485 2701 2539 οὐδὲν
2733 2486 3053 2557 ἠδικηκότα,
3080 2489 3177 2543 καὶ
3225 2490 3309 2553 εἰς
3360 2489 3660 2560 δεσμωτή-

2062 2590 2175 2644 ριον
2204 2575 2484 2645 ἐμϐάλλει·
2519 2578 2722 2646 μᾶλλον
2744 2579 2822 2646 δέ,
2849 2581 2910 2634 τό
2937 2597 3001 2649 γε
3021 2582 3190 2653 αὐτῆς
3218 2583 3413 2654 μέρος,
3446 2583 3549 2637 καὶ
3573 2584 3660 2635 ἀνι

2058 2665 2220 2720 εῖλεψ
2255 2666 2401 2722 οὕτω
2439 2668 2533 2724 τὸν
2575 2669 2842 2743 δικαστὴν
2871 2673 3205 2728 καθώπλισε.
3250 2653 3320 2728 Τί
3360 2670 3505 2742 οὖν;
3555 2671 3659 2746 ἆρα
3681 2653 3706 2678 ⁶

2059 2762 2155 2815 καὶ
2180 2760 2375 2834 Ἰωσὴφ
2406 2763 2682 2830 τοιοῦτος;
2716 2765 3037 2821 Τούναντίον
3068 2768 3168 2838 μὲν
3195 2764 3290 2822 οῦν
3319 2769 3504 2824 ἀπαν·
3538 2768 3659 2822 οὔτε

2059 2854 2168 2925 γὰρ
2194 2856 2470 2920 ἀντεῖπεν,
2494 2857 2619 2911 οὕτε
2651 2860 2998 2931 κατηγόρησε
3029 2861 3129 2931 τῆς
3153 2861 3446 2929 γυναικός.
3500 2863 3658 2916 Ἠπι-

2063 2947 2234 3019 στήθη
2260 2947 2369 3020 γάρ
2406 2948 2492 3014 ἂν,
2527 2949 2683 3022 φησί.
2718 2950 2831 3004 Kal
2868 2950 2976 3022 μὴν
3017 2951 3224 3024 σφόδρα
3258 2953 3538 3023 ἐφιλεῖτο,
3572 2955 3660 3008 καὶ

2059 3037 2218 3110 δῆλον
2243 3040 2344 3094 οὐκ
2363 3041 2471 3095 ἀπὸ
2497 3040 2596 3113 τῆς
2623 3041 2800 3114 ἀρχῆς
2831 3044 3012 3113 μόνον,
3035 3043 3170 3099 ἀλλά
3195 3044 3292 3098 καὶ
3316 3045 3433 3099 ἀπὸ
3452 3045 3558 3100 τοῦ
3579 3046 3660 3099 τὲ-

2061 3132 2207 3198 λους.
2233 3133 2296 3187 Εἰ
2316 3133 2426 3207 γάρ
2457 3135 2534 3207 μὴ
2567 3136 2774 3207 σφόδρα
2798 3136 2960 3190 αὐτὸν
2989 3135 3265 3210 βάρϐαρος
3297 3139 3523 3200 ἐκεῖνος
3545 3138 3660 3207 ἐφί-

2061 3227 2164 3290 λει,
2193 3227 2298 3281 κᾶν
2339 3229 2630 3282 ἀπέκτεινε
2665 3229 2901 3298 σιγῶντα
2943 3230 3039 3282 καὶ
3077 3229 3232 3283 οὐδὲν
3273 3229 3656 3298 ἀντιλέγοντα.

2063 3318 2174 3370 Kal
2215 3318 2325 3389 γὰρ
2363 3318 2661 3386 Αἰγύπτιος
2701 3315 2791 3391 ἦν,
2825 3321 2919 3374 καὶ
2953 3321 3160 3391 ἄρχων,
3194 3320 3460 3392 καὶπερὶ
3499 3321 3660 3390 εὐνὴν

2064 3409 2413 3481 ἠδικημένος,
2445 3409 2596 3482 [297]
2617 3410 2694 3474 ώς
2713 3411 2954 3481 ἐνόμιζε,
2987 3411 3084 3466 καὶ
3110 3411 3264 3482 παρά
3290 3413 3548 3478 οἰκέτου,
3570 3414 3658 3465 καὶ

2063 3502 2276 3557 οἰκέτου
2305 3502 2533 3558 τοιαῦτα
2556 3503 3031 3576 εύεργετηθέντος.
3060 3505 3200 3558 Ἀλλ’
3225 3505 3455 3576 ἐνίκησε
3486 3505 3659 3559 ταῦτα

2065 3596 2246 3649 πάντα
2283 3596 2313 3648 6
2357 3595 2522 3658 πόθος
2564 3595 2659 3649 καὶ
2693 3597 2727 3666 ὴ
2766 3595 2946 3667 χάρις,
2977 3597 3044 3667 ῆν
3074 3599 3103 3650 6
3132 3596 3266 3661 Θεὸς
3305 3596 3487 3651 αὐτοῦ
3536 3614 3662 3651 κατε

2067 3688 2210 3759 έχεε.
2244 3687 2402 3742 Μετὰ
2437 3688 2496 3742 δέ
2525 3688 2627 3759 τῆς
2657 3688 2881 3760 χάριτος
2919 3690 3017 3744 καὶ
3051 3689 3151 3760 τῆς
3178 3690 3398 3761 ἀγάπης
3446 3690 3657 3760 ταύτης

2067 3781 2163 3834 καὶ
2224 3781 2502 3852 τεκμήρια
2551 3776 2696 3851 εἶχεν
2751 3781 2813 3835 οὐ
2860 3780 3054 3853 μικρὰ,
3098 3782 3149 3834 εἰ
3194 3781 3660 3850 δικαιολογεῖσθαι

2068 3871 2492 3937 ἐϐούλετο,αὐτά
2503 3872 2572 3926 τὰ
2588 3873 2799 3944 ἱμάτια.
2823 3873 2883 3926 El
2899 3872 3008 3944 γὰρ
3030 3871 3169 3944 αὐτη
3190 3868 3308 3944 ἧνη
3336 3872 3656 3943 βιασθεῖσα,

2065 3961 2157 4014 τὸν
2185 3959 2390 4032 χιτῶνα
2429 3961 2599 4032 αὐτῆς
2625 3962 3022 4034 περιερῥῆχθαι
3063 3963 3194 4028 ἐδει,
3231 3962 3328 4032 τὴν
3356 3962 3494 4032 ὄψιν
3532 3979 3656 4016 κατο

2068 4052 2431 4127 εσπαράχθαι,
2464 4053 2526 4106 ού
2558 4051 2627 4106 τὰ
2666 4051 2877 4107 ἐκείνου
2927 4053 3178 4124 κατέχειν
3229 4053 3440 4124 ἱμάτια.
3497 4053 3658 4110 Ἀλλ’

2069 4147 2321 4215 ἤκουσε,
2346 4145 2532 4215 φησιν,
2561 4143 2650 4198 ὅτι
2683 4144 2905 4213 ὕψωσα
2937 4143 3057 4212 τὴν
3081 4144 3311 4215 φωνὴν,
3333 4147 3430 4198 καί
3469 4160 3657 4200 κατα·

2068 4236 2267 4291 λιπὼν
2290 4236 2365 4290 τὰ
2395 4235 2596 4305 ἱμάτια
2617 4235 2826 4294 αὐτοῦ.
2849 4234 3111 4305 ἀπῆλθε.
3153 4235 3309 4300 Τίνος
3337 4231 3428 4289 οὖν
3463 4237 3658 4290 ἕνεκεν

2071 4329 2167 4385 καὶ
2200 4328 2516 4393 άπέδυσας;
2546 4328 2599 4382 τί
2643 4326 2752 4399 γὰρ
2793 4327 3040 4400 παθούσῃ
3072 4327 3192 4397 βίαν
3227 4329 3533 4397 ἀγαπητὸν
3558 4325 3655 4400 ῆνς

2072 4421 2146 4475 Τὸ
2172 4420 2553 4490 ἀπαλλαγῆναι
2575 4418 2669 4472 τοῦ
2691 4418 3056 4490 ἐνοχλοῦντος.
3093 4420 3240 4489 Ἐγὼ
3256 4421 3313 4474 δέ
3339 4420 3437 4474 οὐκ
3469 4417 3656 4474 ὲντεῦ·

2073 4514 2166 4568 θεν
2191 4515 2370 4585 μόνον,
2406 4512 2542 4566 ἀλλὰ
2569 4513 2666 4566 καὶ
2694 4514 2759 4566 ἐκ
2795 4512 2907 4566 τῶν
2937 4511 3076 4583 μετά
3097 4512 3267 4566 ταῦτα
3292 4512 3463 4580 δεῖξαι
3498 4513 3655 4581 δυνή-

2074 4622 2238 4676 σομαι
2292 4603 2457 4658 αὐτοῦ
2502 4603 2601 4675 τὴν
2631 4602 2845 4656 εὖνοιαν
2883 4606 2977 4657 καὶ
3003 4603 3102 4676 τὴν
3129 4604 3367 4674 ἀγάπην.
3400 4605 3529 4657 Kal
3559 4603 3654 4672 γάρ

2073 4698 2162 4751 ὅτε
2196 4697 2277 4760 εἰς
2311 4695 2558 4766 ἀνάγκην
2590 4695 2816 4748 ἐνέπεσε
2849 4693 2943 4747 τοῦ
2973 4695 3078 4766 τὴν
3127 4695 3304 4748 αἰτίαν
3345 4693 3542 4746 εἰπεῖν
3571 4693 3653 4746 τώ

2073 4787 2446 4861 δεσμωτηρίου
2497 4787 2593 4842 καὶ
2640 4786 2743 4854 τῆς
2779 4787 2897 4840 ἐκεῖ
2923 4785 3229 4856 διατριϐῆς,
3255 4785 3373 4840 ούδέ
3406 4785 3548 4839 τότε
3580 4785 3655 4850 ἐξ·

2075 4887 2197 4938 εἰπε
2223 4884 2282 4937 τὸ
2308 4883 2516 4954 δρᾶμα,
2543 4880 2680 4935 ἀλλά
2704 4879 2758 4934 τί
2788 4897 2954 4953 φησι;
2977 4879 3087 4934 Καὶ
3116 4879 3235 4951 ἐγὼ
3251 4880 3363 4933 οὐκ
3389 4879 3654 4947 ἐποίησα

2074 4978 2274 5042 οὐδὲν,
2315 4977 2479 5033 ἀλλὰ
2513 4974 2717 5043 κλοπῇ
2762 4973 3039 5043 ἐκλὰπην
3078 4973 3152 5028 ἐκ
3199 4971 3314 5043 τῆς
3349 4971 3650 5039 Ἑϐραίων·

2076 5069 2171 5122 καὶ
2203 5066 2440 5138 οὐδαμοῦ
2473 5066 2748 5138 μέμνηται
2765 5067 2866 5136 τῆς
2887 5063 3216 5136 μοιχαλίδος,
3237 5065 3357 5118 οὐδὲ
3382 5063 3650 5118 καλλωπί·

2077 5159 2229 5222 ζεται
2258 5157 2352 5212 ἐπὶ
2383 5156 2463 5227 τῷ
2492 5156 2802 5229 πράγματι,
2833 5156 2863 5209 6
2889 5156 2999 5220 πᾶς
3034 5172 3120 5219 τις
3143 5151 3240 5211 οῦν
3267 5155 3336 5210 ἂν
3353 5155 3584 5221 ἔπαθεν,
3609 5157 3648 5208 εί

2077 5257 2170 5310 καὶ
2200 5255 2275 5328 μὴ
2309 5252 2622 5324 φιλοτιμίας
2653 5251 2861 5312 ἐνεκεν,
2886 5248 3003 5302 ἀλλ’
3025 5248 3168 5303 ὥστε
3207 5250 3282 5321 μὴ
3313 5249 3460 5314 δόξαι
3483 5265 3646 5317 πονη-

2079 5351 2180 5421 ράς
2209 5349 2396 5402 ἕνεκεν
2417 5344 2598 5409 αἰτίας
2633 5345 2715 5407 εἰς
2737 5342 2798 5396 τὸ
2829 5342 3036 5414 οἴκημα
3059 5343 3431 5414 ἐμϐεϐλῆσθαι
3454 5343 3642 5396 ἐκεῖνο.

2078 5441 2142 5496 Εἰ
2170 5441 2280 5513 γὰρ
2309 5437 2405 5493 καὶ
2433 5436 2838 5509 ἁμαρτάνοντες
2867 5434 2962 5490 ἀνθ
2973 5452 3164 5507 ρωποι,
3205 5435 3325 5489 οὐδὲ
3353 5434 3530 5500 οὕτως
3554 5437 3645 5490 ἀπ-

2079 5535 2295 5606 έχονται
2322 5531 2417 5586 τοῦ
2453 5529 2628 5585 ταῦτα
2659 5527 2930 5598 ἐγκαλεῖν,
2963 5528 3142 5582 καίτοι
3171 5544 3237 5596 γε
3271 5527 3536 5598 αἰσχύνην
3563 5523 3643 5580 τοῦ

2081 5626 2405 5698 πράγματος
2434 5621 2713 5693 φέροντος,
2744 5617 2864 5682 πῶς
2888 5618 2989 5672 οὐκ
3022 5617 3170 5684 ἀξιον
3203 5618 3484 5689 θαυμάσαι
3508 5619 3639 5672 ἐκεί-

2083 5738 2190 5784 νον,
2218 5721 2297 5772 ὅτι
2328 5715 2418 5772 καὶ
2453 5715 2690 5786 καθαρὸς
2715 5713 2790 5768 ῶν
2815 5713 2916 5767 οὐκ
2947 5708 3067 5768 εἷπε
3097 5711 3188 5766 τὸν
3219 5712 3396 5784 ἔρωτα
3423 5712 3522 5784 τῆς
3557 5727 3640 5779 re.
