3802 6214
147 252 236 310 επ
1101 244 1166 301 lN
1207 247 1419 303 EPIST.
1464 250 1481 303 Ι
1546 250 1636 304 ΑΙ)
1674 260 1679 299 i

1749 251 1830 308 ιιι.
1872 253 2101 311 llOIlllL.
2142 252 2358 311 XXX“.

146 383 255 426 vero
278 365 571 419 libertatem
597 374 630 418 a
653 363 820 425 curis,
866 376 928 418 ac
956 377 1127 431 neque
1156 364 1458 417 divitiarum
1489 365 1691 420 sollicio

146 458 363 517 tudines,
411 468 586 523 neque
638 452 968 523 paupertatis
1018 462 1216 507 metum
1277 455 1687 511 sustineremus.

145 546 323 619 Ecquid
341 545 465 600 dico
488 545 557 600 de
586 545 750 600 lucris
778 560 845 599 ex
872 544 957 598 illa
982 545 1191 613 partis!
1223 544 1337 614 ipsa
1382 559 1598 615 quoque
1639 547 1690 600 in

137 657 189 697 se
209 637 433 701 dilectio,
462 644 655 707 quanta
687 637 757 692 sit
780 636 1085 701 considera,
1112 646 1363 707 quantam
1395 637 1528 691 ferat
1552 637 1690 691 lasti-

136 737 265 797 tism,
292 730 342 784 in
367 739 560 800 quanta
588 732 756 798 gratia
786 731 1080 785 constituat
1103 730 1333 784 animam
1361 748 1374 782 :
1404 730 1543 800 quod
1572 732 1689 801 qui-

132 827 239 880 dem
268 823 317 876 in
337 821 424 875 illa
454 821 716 876 eximium
741 830 843 876 est.
866 822 1001 878 Alias
1026 836 1258 892 namque
1283 822 1493 876 virtutis
1511 832 1689 893 partes

128 915 447 985 coniunctum
476 913 678 968 habent
704 913 983 979 laborem;
1009 915 1156 969 verbi
1185 915 1375 985 gratia,
1403 915 1682 985 jejunium,

126 1005 454 1075 temperantia
475 1046 490 1070 ,
536 1004 732 1075 vigiliae
756 1045 772 1070 ,
818 1006 1072 1060 invidiam
1096 1048 1110 1070 ,
1163 1007 1682 1077 concupiscentiam,

125 1105 468 1165 contemptum
488 1113 503 1148 :
523 1099 719 1151 caritas
748 1106 926 1152 autem
948 1114 1071 1152 cum
1097 1098 1248 1153 lucro
1275 1100 1495 1155 multam
1527 1101 1687 1155 habet

119 1192 263 1244 etiam
292 1189 635 1256 voluptatem,
666 1199 721 1243 et
746 1189 981 1245 laborem
1014 1190 1219 1245 nullum
1247 1208 1260 1244 :
1293 1201 1349 1246 et
1377 1192 1515 1246 sicut
1544 1192 1683 1246 bona

118 1284 239 1351 apis,
268 1280 502 1349 undique
550 1281 687 1335 bona
730 1281 1010 1352 colligens,
1039 1282 1129 1338 illa
1159 1281 1374 1353 deponit
1406 1282 1459 1337 in
1505 1282 1681 1336 anima

111 1376 220 1443 ejus
246 1371 331 1441 qui
361 1371 549 1441 diligit.
582 1372 808 1427 Etiamsi
836 1374 958 1443 quis
1003 1374 1225 1437 serviat,
1278 1374 1525 1427 libertate
1554 1387 1679 1426 sna-

110 1466 299 1518 viorem
349 1462 568 1516 exhibet
595 1465 935 1520 servitutem.
988 1464 1088 1532 Qui
1120 1465 1262 1519 enim
1291 1473 1434 1518 amat
1460 1479 1568 1518 non
1608 1463 1678 1516 ita

104 1556 283 1626 gaudet
306 1567 429 1608 cum
459 1553 701 1623 imperat,
737 1564 798 1610 ut
823 1570 945 1611 cum
988 1555 1304 1626 imperatur,
1332 1554 1541 1609 etiamsi
1572 1553 1677 1608 im-

102 1660 281 1723 perare
305 1646 378 1704 sit
400 1646 694 1719 jucundum
717 1664 732 1713 ;
760 1648 853 1704 sed
884 1650 998 1718 ipsa
1028 1664 1207 1703 rerum
1226 1657 1471 1702 naturam
1499 1657 1676 1703 trans-

100 1751 279 1805 mutat,
308 1740 632 1811 advenitque
656 1740 712 1795 in
746 1755 902 1794 manu
926 1739 1065 1794 bona
1094 1740 1275 1794 omnia
1305 1739 1527 1803 habens,
1549 1754 1677 1808 qua-

97 1837 169 1887 vis
184 1843 352 1888 matre
367 1832 638 1900 blandior,
654 1833 843 1903 quavis
868 1832 1048 1903 regina
1076 1832 1390 1901 locupletior
1416 1850 1430 1886 :
1452 1846 1676 1901 qua?th

92 1926 349 1979 laboriosa
378 1933 524 1988 sunt,
557 1925 693 1980 levia
726 1933 780 1980 et
811 1923 987 1978 facilia
1034 1923 1230 1982 reddit,
1259 1923 1511 1978 virtutem
1539 1921 1671 1977 faei-

91 2020 209 2080 iem,
260 2016 558 2085 nequitiam
605 2014 1011 2071 acerbissimam
1042 2014 1198 2070 nobis
1227 2014 1508 2070 exhibens.
1541 2016 1672 2069 Ani-

86 2108 354 2162 madverte
376 2116 555 2161 autem
590 2125 604 2160 :
637 2107 952 2178 impendere
981 2107 1191 2162 videtur
1215 2108 1497 2162 molestum
1528 2122 1667 2170 esse,

82 2210 132 2254 et
156 2199 256 2253 hoc
304 2198 397 2252 illa
426 2198 581 2254 dulce
608 2197 826 2262 reddit;
860 2199 1037 2254 aliena
1084 2199 1329 2269 accipere
1349 2198 1666 2269 jucundum,

79 2300 129 2345 et
158 2306 262 2344 non
291 2290 426 2343 sinit
449 2289 579 2343 illud
599 2289 895 2359 jucundum
924 2304 1209 2360 apparere,
1237 2290 1331 2346 sed
1362 2300 1419 2344 ut
1446 2305 1666 2360 pravum

78 2383 252 2449 fugere
272 2380 492 2435 suadet.
516 2380 727 2435 Rursus
754 2381 1082 2435 maledicere
1124 2394 1287 2436 suave
1312 2382 1561 2436 omnibus
1588 2382 1668 2435 vi-

75 2475 226 2527 detur
250 2487 417 2537 esse;
451 2474 565 2543 ipsa
594 2482 772 2527 autem
802 2473 933 2528 illud
962 2488 1200 2528 amarum
1241 2489 1363 2529 esse
1407 2474 1661 2541 declarat,

71 2574 123 2617 et
149 2562 478 2619 benedicere
509 2563 666 2618 dulce
694 2583 709 2619 :
742 2564 872 2618 nihil
902 2564 1046 2619 enim
1076 2565 1228 2620 nobis
1271 2565 1343 2619 ita
1369 2580 1531 2621 suave
1558 2575 1661 2632 est,

71 2664 124 2706 ut
160 2654 384 2708 laudare
432 2669 556 2709 eum
602 2670 762 2724 quem
792 2670 1057 2710 amamus.
1088 2654 1297 2710 Rursus
1324 2656 1397 2709 ira
1428 2656 1658 2726 aliquam

67 2747 223 2801 habet
245 2747 619 2817 voluptatem;
644 2757 699 2801 at
726 2747 811 2803 hic
838 2762 1190 2817 nequaquam,
1219 2747 1313 2802 sed
1336 2762 1522 2803 omnes
1544 2749 1660 2817 ejus

66 2838 210 2891 nervi
228 2838 433 2892 sublati
459 2847 585 2892 sunt
610 2857 621 2890 :
650 2840 858 2893 etiamsi
892 2840 938 2896 is
963 2841 1052 2910 qui
1077 2839 1315 2909 diligitur
1334 2840 1571 2911 diligenti
1601 2857 1661 2896 se

62 2930 365 2984 molestiam
390 2929 611 2994 crearit,
634 2931 707 2985 ira
735 2946 997 3001 nusquam
1019 2940 1259 3002 apparet,
1274 2931 1367 2987 sed
1388 2933 1655 3003 lacrymze.

58 3021 476 3077 adhortationes
498 3031 551 3077 et
577 3024 996 3091 supplicationes
1030 3042 1043 3078 :
1077 3033 1280 3078 tantum
1309 3025 1461 3078 abest
1490 3034 1547 3079 ut
1566 3042 1662 3080 ex-

54 3124 362 3184 asperetur.
415 3115 636 3170 Etiamsi
660 3116 838 3171 videat
872 3126 1179 3186 peccantem
1200 3158 1215 3183 ,
1244 3117 1387 3187 luget
1414 3128 1468 3171 et
1491 3117 1654 3181 dolet;

54 3208 143 3261 sed
171 3208 337 3262 dolor
368 3208 462 3263 ille
485 3208 811 3278 voluptatem
839 3209 1011 3263 affert.
1037 3208 1286 3265 Caritatis
1312 3209 1453 3264 enim
1487 3211 1661 3280 laery-

48 3314 147 3351 nuc
177 3307 235 3353 et
256 3298 428 3353 dolor
457 3300 571 3354 risu
592 3308 719 3354 sunt
743 3301 887 3354 omni
912 3311 966 3355 et
992 3301 1188 3371 gaudio
1214 3303 1513 3357 suaviores.
1537 3302 1653 3357 Non

48 3392 181 3446 adeo
203 3392 375 3462 igitur
398 3394 691 3463 quiescunt
725 3394 758 3450 ii
781 3395 873 3466 qui
904 3394 1102 3461 rident,
1133 3404 1194 3449 ut
1225 3396 1258 3450 ii
1282 3395 1373 3466 qui
1399 3412 1493 3465 pro
1517 3397 1650 3450 ami.

47 3485 118 3537 eis
150 3485 383 3554 plorant
417 3503 432 3541 :
463 3495 520 3543 et
539 3486 583 3542 si
613 3488 665 3543 id
691 3502 797 3543 non
837 3487 1035 3554 credis,
1064 3488 1297 3557 reprime
1329 3489 1541 3543 illorum
1575 3490 1651 3542 la-

47 3591 281 3649 crymas,
317 3587 379 3634 et
408 3593 479 3634 ac
518 3580 562 3634 si
590 3579 905 3650 gravissima
935 3588 1263 3648 paterentur,
1293 3580 1364 3633 ita
1386 3594 1528 3649 aegre
1571 3579 1653 3633 fe-

47 3680 181 3724 “unt.
208 3671 283 3725 At
304 3685 527 3736 amare,
560 3670 793 3741 inquies,
814 3670 1100 3725 absurdam
1122 3669 1283 3725 habet
1303 3670 1648 3740 voluptatem.

48 3762 211 3827 Absit,
238 3763 392 3817 bOua
430 3762 613 3826 verba,
646 3776 679 3816 ο
700 3761 863 3817 homo
888 3779 903 3816 :
933 3760 1063 3817 nihil
1087 3762 1228 3816 enim
1253 3761 1322 3815 ita
1351 3778 1541 3832 purum
1568 3772 1653 3817 est

48 3860 86 3906 it
123 3853 333 3907 caritas
357 3853 624 3924 genuina.

99 3945 155 4000 Ἰ.
201 3944 287 3999 Ne
322 3945 471 3998 mihi
514 3944 657 4000 enim
686 3943 833 3999 dicas
858 3944 1003 4000 illam
1043 3943 1358 4015 popularem
1384 3952 1439 3998 et
1464 3943 1646 3998 furen-

50 4054 158 4105 em,
202 4039 304 4111 qui
337 4046 437 4094 est
483 4038 658 4107 petius
681 4038 920 4102 morbus,
964 4053 1122 4110 quam
1154 4039 1349 4093 caritas
1376 4047 1432 4093 et
1474 4053 1645 4102 amor,

48 4131 111 4184 ed
144 4132 291 4185 hanc
324 4144 510 4201 quam
538 4128 729 4184 Paulus
756 4130 967 4199 quaerit,
1018 4143 1138 4200 quae
1162 4129 1305 4200 quod
1332 4129 1463 4184 utile
1507 4128 1646 4183 dile-

52 4222 117 4275 iis
145 4231 235 4278 est
264 4231 527 4294 spectat,
560 4229 616 4278 et
640 4221 851 4277 videbis
882 4222 1004 4277 illos
1029 4236 1150 4277 esse
1194 4221 1436 4292 patribus
1457 4236 1645 4276 aman-

56 4331 207 4371 orcs.
235 4319 323 4371 Ac
356 4314 827 4386 quemadmodum
856 4316 891 4369 ii
913 4316 1008 4386 qui
1032 4316 1288 4385 pecunias
1315 4321 1517 4379 amant,
1544 4329 1644 4384 pe-

47 4408 203 4461 unias
233 4407 585 4479 impendere
606 4424 714 4463 non
748 4408 1040 4477 elegerint,
1072 4406 1168 4462 sed
1200 4406 1415 4461 suavius
1458 4414 1646 4475 putant

48 4516 60 4551 I
104 4475 378 4570 angustia
411 4475 563 4566 esse',
595 4515 756 4570 quam
796 4475 917 4554 illas
961 4500 1271 4554 imminutas
1296 4499 1524 4571 videre:
1566 4500 1645 4554 sic

47 4599 60 4644 t
91 4592 187 4646 ille
214 4592 319 4661 qui
349 4605 496 4661 erga
517 4592 746 4661 aliquem
778 4591 916 4646 bene
951 4600 1005 4646 et
1029 4592 1265 4646 suaviter
1286 4590 1512 4645 amictus
1535 4599 1639 4658 est,

47 4697 307 4737 momen
336 4682 467 4751 pati
488 4681 755 4750 maluerit,
773 4697 932 4753 quam
947 4682 1200 4736 dilectum
1223 4680 1405 4736 videre
1431 4681 1637 4737 laesum.

54 4774 311 4830 nomodo
372 4774 571 4844 igitur,
630 4774 860 4845 inquies,
893 4774 1143 4845 [Egyptia
1175 4774 1286 4839 illa,
1331 4789 1453 4844 quae
1491 4774 1643 4830 lose-

48 4882 170 4919 auro
240 4865 527 4929 amabat,
582 4865 730 4919 illum
777 4864 1098 4919 contumelia
1160 4864 1380 4919 afficere
1429 4865 1641 4919 voluit?

48 4956 132 5010 uia
170 4955 346 5009 illum
380 4955 613 5010 amabat
640 4954 929 5011 dilectione
957 4954 1241 5010 diabolica.
1286 4954 1484 5025 Joseph
1513 4972 1640 5010 vero

48 5063 102 5101 in
134 5047 293 5102 hanc
347 5045 576 5110 habuit,
611 5045 704 5099 sed
733 5060 849 5099 eam
882 5060 1041 5115 quam
1074 5045 1269 5101 Paulus
1296 5046 1637 5102 dilectionem

48 5139 317 5194 merebat.
365 5137 571 5207 Cogita
620 5138 782 5207 igitur
820 5147 1031 5207 quantae
1058 5139 1295 5193 caritatis
1327 5139 1442 5210 ejus
1474 5141 1637 5195 verba

48 5240 205 5294 sent,
238 5238 302 5285 et
330 5242 492 5300 quas
518 5229 711 5281 resilla
734 5228 943 5283 dicebat
967 5246 980 5282 :
1009 5229 1089 5283 Me
1112 5231 1437 5286 contumelia
1480 5229 1639 5287 afiice

63 5320 405 5375 adulteram
437 5316 645 5372 redde:
674 5318 919 5386 injuriam
949 5321 1088 5374 infer
1107 5319 1309 5385 viro,et
1336 5320 1640 5375 totamsnb-

47 5423 145 5468 arte
174 5412 465 5474 domum,
507 5416 661 5475 teque
690 5408 860 5478 ipsum
891 5410 1062 5478 abjice
1085 5425 1114 5464 a
1142 5411 1331 5466 fiducia
1374 5426 1534 5482 quam
1581 5414 1637 5470 in

47 5519 166 5556 eum
197 5500 396 5555 habes
434 5514 453 5551 :
494 5512 612 5566 qua:
638 5499 799 5553 verba
828 5500 972 5555 illius
991 5510 1163 5565 erant,
1196 5516 1314 5571 qum
1344 5518 1440 5557 nec
1462 5504 1632 5571 illum,

47 5610 92 5649 se
120 5593 390 5663 seipsam
440 5598 674 5643 amaret.
725 5589 823 5644 Hic
868 5600 1083 5657 autem,
1128 5593 1379 5663 quoniam
1423 5597 1636 5651 sincere

47 5689 241 5749 nabat,
298 5684 441 5739 hac
468 5682 652 5737 omnia
691 5682 903 5753 abjeeit.
947 5686 1119 5757 Atque
1162 5697 1223 5742 ut
1248 5689 1457 5745 ediscas
1487 5690 1629 5762 quod

3281 269 3387 324 97‘

1801 367 1916 436 ejus
1943 384 2125 423 curam
2154 379 2387 440 gereret,
2418 386 2484 427 ex
2506 372 2624 442 ejus
2648 373 3023 431 adhortatione
3051 378 3103 433 id
3144 382 3382 451 percipe,

1800 458 1914 514 Non
1945 460 2105 514 modo
2140 462 2285 515 enim
2310 462 2455 517 illam
2502 466 2719 535 repulit,
2750 467 2847 522 sed
2871 476 2927 522 et
2954 469 3383 529 adhortationem

1798 549 2025 614 induxit,
2065 567 2185 622 qua:
2225 562 2431 622 poterat
2458 569 2670 610 omnem
2711 556 2979 613 ﬂammam
3001 562 3381 633 exstinguere:

1799 639 1860 694 Si
1883 641 2017 694 enim
2036 642 2273 697 dominus
2299 660 2459 711 meus,
2480 645 2672 715 inquit,
2693 656 2898 717 propter
2921 665 3002 703 me
3020 650 3149 705 nihil
3167 654 3301 706 novit
3326 655 3383 709 in

1796 730 1945 805 domo
1984 748 2078 785 sua
2126 732 2277 802 (Gen.
2321 735 2408 791 39.
2459 736 2537 807 8).
2586 737 2774 795 Statim
2822 739 2895 794 illi
2933 742 3105 795 virum
3133 757 3287 796 suum
3317 744 3382 799 in

1796 832 2031 876 mentem
2062 825 2353 887 revocavit,
2384 834 2442 880 ut
2463 827 2609 881 illam
2639 828 2841 896 pudore
2867 828 3129 887 afficeret.
3157 831 3269 888 Nec
3292 833 3378 888 di-

1795 916 1890 975 xit,
1930 915 2022 969 Vir
2052 926 2193 982 tuus,
2233 917 2329 973 sed
2359 918 2607 977 Dominus
2644 937 2803 988 meus,
2835 923 2975 992 quod
3006 924 3173 993 magis
3198 935 3378 993 posset

1796 1007 1939 1061 illam
1969 1010 2204 1065 retinere
2233 1020 2288 1065 et
2309 1012 2539 1066 suadere
2576 1013 2833 1083 cogitare,
2862 1030 3101 1084 quaenam
3133 1033 3252 1072 eum
3284 1033 3377 1073 es-

1790 1106 1893 1166 set,
1940 1114 2099 1168 quem
2140 1112 2367 1167 amaret,
2413 1117 2606 1173 nempe
2642 1104 2858 1158 domina
2901 1120 3136 1160 servum.
3168 1106 3299 1161 Nam
3329 1109 3374 1161 si

1791 1188 1880 1243 ille
1907 1201 1992 1246 est
2017 1190 2289 1259 dominus,
2322 1202 2371 1247 et
2408 1203 2462 1248 tu
2492 1194 2728 1248 domina.
2765 1196 2967 1250 Pudeat
2991 1208 3041 1251 te
3073 1199 3232 1267 igitur
3262 1200 3374 1253 eol-

1789 1280 1951 1350 loquii
1980 1283 2102 1338 talis
2130 1299 2251 1339 eum
2280 1299 2459 1351 servo,
2511 1294 2567 1341 et
2584 1287 2754 1355 cogita
2783 1288 2934 1355 cujus
2959 1303 3080 1342 cum
3111 1290 3184 1343 sis
3211 1306 3369 1353 uxor,

1785 1386 1906 1425 cum
1936 1389 2043 1442 quo
2071 1375 2204 1429 velis
2232 1376 2399 1439 coire,
2423 1384 2477 1431 et
2505 1377 2556 1431 in
2581 1392 2740 1447 quem
2782 1379 2857 1431 sis
2887 1380 3112 1449 ingrata,
3144 1391 3197 1434 et
3223 1381 3367 1450 quod

1784 1476 1885 1531 ego
1923 1464 2180 1534 majorem
2211 1467 2502 1522 exhibeam
2549 1469 3001 1526 benevolentiam.
3034 1471 3167 1526 Vide
3187 1483 3367 1528 autem

1782 1554 2055 1621 quomodo
2083 1555 2200 1625 ejus
2228 1558 2449 1613 extollat
2472 1558 2754 1616 beneficia.
2787 1559 2922 1627 Quia
2948 1565 3090 1617 enim
3118 1563 3251 1617 nihil
3276 1578 3369 1617 sn.

1782 1644 1948 1701 biime
1989 1656 2200 1716 peierat
2244 1649 2468 1706 barbara
2510 1652 2597 1706 illa
2624 1661 2681 1708 et
2721 1654 2985 1723 impudica
3009 1656 3264 1726 cogitare,
3296 1660 3366 1712 ab

1782 1735 2030 1793 humanis
2057 1739 2204 1795 illam
2233 1740 2437 1809 pudore
2458 1741 2733 1807 suffundit,
2764 1744 2950 1800 dicens
2978 1762 2994 1801 :
3030 1745 3253 1817 Propter
3281 1765 3361 1801 me

1780 1828 1910 1882 nihil
1936 1832 2193 1900 cognoscit
2218 1848 2237 1897 ;
2261 1831 2312 1887 id
2343 1843 2447 1897 est,
2478 1834 2663 1903 Magna
2693 1836 2823 1889 mihi
2848 1837 3099 1893 beneﬁcia
3130 1839 3360 1905 confert,

1779 1934 1877 1974 nec
1901 1934 2120 1990 possum
2154 1931 2435 1991 patronum
2456 1924 2507 1977 in
2534 1924 2697 1980 rebus
2724 1929 3009 1997 praecipuis
3036 1929 3249 1985 laedere.
3279 1931 3367 1987 Me

1776 2010 2071 2067 secundum
2099 2012 2373 2068 dominum
2417 2013 2541 2069 fecit
2566 2015 2759 2070 domus
2778 2031 2910 2083 sum,
2942 2028 2996 2072 et
3026 2017 3221 2074 Nullus
3248 2023 3361 2076 exi-

1777 2103 1950 2163 mitur,
1980 2104 2080 2157 nisi
2107 2113 2181 2157 tu.
2210 2104 2307 2160 Hie
2327 2104 2443 2174 ejus
2467 2119 2682 2161 sensum
2711 2116 2766 2163 et
2786 2107 3024 2163 animum
3046 2110 3275 2173 extollit,
3301 2121 3362 2166 ut
3392 2136 3397 2141 -

1774 2193 1851 2248 sic
1896 2194 2040 2248 illam
2078 2194 2145 2248 ad
2183 2194 2442 2264 pudorem
2478 2195 2713 2263 inducat,
2744 2207 2797 2253 et
2827 2199 3082 2255 ostendat
3107 2215 3357 2270 magnum

1773 2299 1893 2341 esse
1922 2285 2204 2341 honorem.
2236 2286 2420 2356 Neque
2442 2286 2529 2342 hic
2555 2288 2810 2351 substitit.
2837 2290 2929 2343 sed
2959 2291 3119 2344 etiam
3150 2291 3360 2347 induxit

1772 2391 1969 2432 nomen
2012 2377 2154 2447 quod
2195 2387 2379 2447 posset
2422 2378 2567 2433 illam
2597 2381 2831 2437 retinere
2863 2380 3049 2439 dicens
3079 2399 3092 2437 :
3122 2381 3201 2439 Eo
3222 2385 3357 2453 quod

1770 2477 1824 2523 tu
1848 2469 1917 2524 sis
1935 2484 2067 2523 uxor
2084 2470 2229 2537 ejus;
2254 2478 2301 2523 et
2320 2470 2573 2540 quomodo
2590 2472 2776 2543 faciant
2795 2472 2997 2529 verbum
3020 2474 3115 2529 hoc
3124 2475 3313 2529 malum
3330 2477 3357 2531 7

1767 2559 1876 2617 Sed
1897 2560 2024 2630 quid
2047 2561 2225 2617 dicis?
2248 2562 2366 2617 Non
2405 2562 2559 2620 adest
2603 2565 2706 2631 vir,
2739 2582 2912 2635 neque
2938 2570 3044 2623 scit
3071 2583 3131 2623 se
3162 2567 3352 2637 injuria

1767 2652 1907 2708 allici
1928 2654 1951 2706 ?
1975 2652 2081 2709 Sed
2112 2655 2249 2710 Deus
2278 2656 2520 2726 aspiciet.
2551 2659 2621 2712 At
2646 2658 2779 2714 nihil
2800 2675 2869 2714 ex
2892 2660 2979 2714 tali
3008 2662 3232 2717 consilio
3260 2663 3350 2717 illa

1769 2746 1968 2801 lucrata
1991 2758 2093 2811 est,
2108 2748 2204 2804 sed
2227 2749 2375 2803 illum
2398 2751 2637 2806 attraxit.
2664 2752 2921 2807 Furorem
2945 2769 3173 2824 namque
3193 2770 3349 2810 suum

1765 2838 2041 2907 complere
2067 2840 2277 2904 volens,
2310 2856 2418 2895 non
2448 2857 2635 2897 amans
2660 2843 2953 2914 Josephum
2983 2849 3096 2899 lure
3123 2845 3267 2909 ﬁcit,
3292 2858 3350 2902 ut

1765 2930 1938 2997 palam
1962 2940 2047 2985 est
2057 2947 2123 2986 ex
2149 2932 2216 2986 iis
2231 2948 2350 3002 qum
2373 2944 2553 3002 postea
2575 2934 2895 3005 designavit.
2919 2926 3183 2993 iudicium
3200 2939 3346 2995 enim

1764 3021 2063 3088 constituit,
2093 3033 2147 3077 et
2172 3025 2569 3081 accusationem
2597 3026 2780 3095 infert,
2808 3040 2968 3099 atque
3000 3029 3129 3084 falsa
3160 3032 3349 3087 testifi-

1764 3120 1937 3177 catur,
1984 3127 2048 3167 ac
2085 3112 2215 3169 ferae
2252 3113 2416 3169 tradit
2464 3131 2609 3181 eum,
2653 3118 2745 3187 qui
2784 3133 2843 3174 se
2870 3120 2999 3173 nihil
3030 3121 3263 3185 laeserat,
3290 3124 3344 3179 in

1762 3218 2142 3273 carceremque
2186 3207 2444 3276 conjicit;
2490 3208 2599 3263 imo
2646 3210 2843 3279 potius,
2900 3220 3154 3281 quantum
3202 3214 3255 3267 in
3286 3228 3346 3269 se

1761 3303 1897 3359 erat,
1932 3297 2130 3353 occidit
2164 3317 2178 3352 :
2210 3299 2282 3352 ita
2313 3314 2506 3369 nempe
2528 3300 2764 3369 judicem
2788 3304 3034 3358 armavit.
3087 3303 3222 3372 Quid
3249 3305 3347 3375 igi-

1761 3390 1888 3442 tur?
1914 3398 2101 3444 eratne
2136 3388 2334 3460 JOseph
2382 3392 2544 3445 etiam
2591 3392 2751 3446 talis?
2780 3393 3099 3462 lmmgontra
3126 3412 3140 3458 ;
3170 3411 3345 3466 neque

1758 3480 1902 3534 enim
1932 3481 2280 3546 contradixit,
2310 3498 2485 3553 neque
2515 3485 2793 3541 mulierem
2821 3490 3111 3542 accusavit.
3140 3492 3230 3551 At,
3256 3491 3340 3543 in-

1759 3573 1933 3641 quies,
1962 3589 2069 3628 non
2102 3574 2363 3631 creditum
2402 3576 2474 3629 illi
2506 3575 2718 3632 fuisset.
2749 3578 2909 3649 Atqui
2939 3580 3095 3635 valde
3120 3582 3341 3635 amab"-

1758 3674 1867 3733 tur,
1896 3676 1956 3722 ut
1975 3667 2149 3736 palam
2190 3677 2295 3735 est,
2328 3684 2434 3723 non
2458 3684 2524 3723 ex
2547 3670 2810 3739 principio
2834 3673 3028 3738 solum,
3060 3672 3152 3728 sed
3177 3675 3338 3732 etiam

1757 3775 1823 3815 ex
1854 3759 1979 3815 fine.
2012 3759 2122 3815 Nisi
2150 3763 2293 3816 enim
2322 3762 2469 3816 illum
2507 3762 2765 3818 barbarus
2811 3764 2905 3820 ille
2938 3766 3162 3821 multum
3199 3767 3339 3821 dile-

1754 3853 1942 3915 sisset,
1967 3854 2127 3908 etiam
2152 3854 2438 3911 occidisset
2464 3856 2709 3911 silentem
2734 3865 2789 3911 et
2814 3857 2945 3911 nihil
2966 3858 3340 3913 contradicen-

1758 3952 1885 4001 tem.
1905 3945 2115 4001 Etenim
2132 3945 2270 4017 Egy
2279 3947 2419 4015 ptius
2438 3957 2551 4002 erat
2567 3957 2621 4001 et
2637 3948 2909 4018 princeps,
2928 3959 2978 4003 et
3004 3949 3056 4003 in
3071 3949 3337 4020 conjogali

1756 4035 1894 4090 lecto
1916 4035 2137 4093 aﬁ‘ectus
2155 4038 2370 4107 injuria,
2390 4047 2449 4091 ut
2466 4040 2704 4107 putabat;
2722 4048 2777 4094 et
2792 4054 2821 4093 a
2845 4040 3063 4106 famulo,
3085 4057 3112 4093 a
3132 4039 3237 4095 fam
3248 4042 3337 4093 nlo

1754 4126 1995 4196 inquam,
2026 4128 2229 4198 qui-tot
2258 4128 2515 4183 beneﬁcia
2546 4141 2847 4199 acceperat.
2880 4130 2984 4185 Sed
3015 4131 3128 4185 lateo
3156 4132 3335 4185 omnia

1752 4218 1880 4273 vicit
1918 4219 2137 4275 dilectio
2178 4230 2233 4275 et
2272 4222 2461 4289 gratia,
2506 4237 2665 4292 quam
2696 4222 2837 4277 Deus
2865 4222 2917 4276 in
2944 4223 3094 4278 illum
3124 4222 3334 4277 infudit.

1750 4309 1885 4365 Cum
1906 4313 2073 4381 gratia
2096 4321 2272 4367 autem
2294 4324 2350 4367 et
2368 4313 2654 4371 dilectione
2675 4313 2775 4368 hac
2800 4314 2991 4369 indicia
3016 4315 3199 4369 habuit
3225 4331 3330 4370 non

1751 4416 1934 4472 parva,
1964 4405 2006 4457 si
2031 4403 2153 4473 jure
2181 4405 2508 4460 contendere
2538 4406 2812 4471 voluisset,
2842 4406 2953 4475 ipsa
2984 4406 3328 4461 vestimenta.

1751 4495 1807 4549 Si
1834 4497 1978 4551 enim
2009 4496 2093 4549 illa
2122 4497 2227 4550 vim
2258 4512 2412 4562 passa
2443 4498 2650 4559 fuisset,
2680 4499 2961 4566 oportebat
2984 4508 3196 4568 ruptam
3216 4500 3334 4569 ejus

1753 4588 1917 4644 fuisse
1962 4590 2222 4656 tunicam,
2253 4589 2545 4645 laceratum
2593 4589 2816 4656 vultum,
2861 4605 2968 4646 non
3007 4591 3147 4646 illius
3173 4593 3336 4646 vesti-

1751 4690 1928 4734 menta
1962 4689 2166 4734 tenere.
2195 4680 2303 4735 Sed
2326 4681 2538 4738 audivit.
2572 4681 2763 4750 inquit,
2790 4682 2927 4750 quod
2950 4698 3118 4735 vocem
3142 4682 3331 4749 extuli,

1749 4780 1799 4826 et
1826 4772 2016 4831 relictis
2056 4773 2269 4826 vestibus
2305 4772 2429 4825 abiit
2461 4771 2610 4843 (Gen.
2642 4773 2734 4828 59.
2781 4772 2896 4843 15).
2924 4771 3031 4827 Cur
3055 4788 3183 4843 ergo
3208 4787 3329 4828 eum

1749 4866 1940 4920 exuisti
1963 4865 1985 4918 ?
2012 4866 2139 4935 quid
2180 4865 2285 4919 vim
2320 4864 2547 4935 patienti
2588 4864 2878 4935 optandum
2921 4865 3074 4919 erat?
3100 4864 3168 4921 Ut
3196 4864 3332 4919 libe-

1749 4964 1960 5010 raretur
1986 4957 2053 5009 ab
2081 4970 2146 5010 eo
2177 4956 2264 5026 qui
2294 4956 2393 5010 sibi
2420 4956 2726 5010 violentiam
2758 4955 3000 5011 inferret.
3034 4955 3146 5027 Ego
3197 4972 3328 5011 vero

1748 5062 1854 5101 non
1876 5046 2000 5101 hinc
2027 5056 2253 5109 tantum,
2284 5046 2378 5101 sed
2402 5047 2561 5100 etiam
2589 5062 2654 5100 ex
2678 5048 3020 5115 sequentibus
3042 5047 3329 5102 ostendere

1750 5138 1948 5207 possim
1993 5139 2108 5208 ejus
2150 5138 2571 5193 benevolentiam
2601 5148 2655 5192 et
2681 5154 2937 5194 amorem.
2971 5141 3176 5195 Etenim
3203 5155 3327 5194 eum

1748 5228 1801 5283 in
1830 5231 2203 5284 necessitatem
2233 5229 2440 5292 incidit,
2471 5238 2529 5283 ut
2550 5245 2765 5284 causam
2792 5230 2997 5286 diceret
3016 5232 3250 5286 carceris
3270 5241 3324 5285 et

1746 5321 2011 5377 diuturnae
2055 5323 2108 5375 in
2158 5321 2251 5375 illo
2298 5336 2500 5387 morae;
2548 5336 2719 5390 neque
2759 5331 2882 5376 tunc
2909 5322 3091 5376 drama
3122 5321 3248 5376 illud
3276 5328 3332 5375 et

1747 5430 1860 5473 rem
1890 5424 2094 5486 gestam
2122 5414 2333 5485 aperuit
2357 5431 2374 5479 ;
2421 5414 2515 5469 sed
2542 5415 2667 5485 quid
2695 5415 2764 5469 ait
2788 5414 2903 5470 ἵει
2935 5431 3025 5487 ego
3050 5415 3180 5467 nihil
3208 5414 3326 5486 (rei,

1741 5506 1833 5563 sed
1859 5507 2001 5581 [mlo
2029 5504 2256 5559 sublatus
2285 5520 2395 5557 sum
2420 5520 2485 5559 ea:
2509 5512 2641 5557 terra
2687 5502 3017 5559 Hebraeorum
3046 5502 3200 5575 (Gen.
3233 5504 3327 5558 40.

1743 5598 1854 5673 15).
1882 5599 1950 5655 Et
1980 5612 2241 5667 nusquam
2261 5604 2523 5652 memorat
2544 5595 2874 5663 adulteram;
2898 5612 3072 5667 neque
3091 5595 3160 5649 de
3181 5610 3241 5651 ea
3268 5610 3329 5650 ro

1740 5691 2029 5762 gloriatur,
2071 5688 2212 5759 quod
2252 5688 2504 5759 quislibet
2545 5687 2681 5743 alius
2722 5686 2955 5755 fecisset,
2980 5686 3191 5742 etiamsi
3215 5686 3328 5741 'non
