3802 6214
395 247 499 302 275

396 358 585 430 gloria:
603 373 786 423 causa,
812 356 907 411 sed
933 372 1003 413 ne
1030 356 1304 412 videretur
1344 356 1480 408 mala
1500 354 1575 410 de
1601 369 1762 409 causa
1788 355 1842 408 in
1872 352 1978 408 tale

394 455 672 520 coniectus
718 450 884 507 fuisse
922 449 1274 506 domicilium.
1310 449 1365 504 Si
1394 450 1849 527 enimpeccantes
1873 446 1974 499 ho-

396 544 577 598 mines
601 557 776 613 neque
802 544 879 596 sic
908 542 1180 596 abstinent
1205 556 1235 594 a
1270 541 1357 594 tali
1387 542 1744 602 accusatione,
1769 539 1975 593 etiamsi

394 652 485 691 res
525 636 760 691 dedecus
790 635 1016 690 afferat:
1060 634 1331 704 quomodo
1375 650 1480 688 non
1510 635 1705 703 dignus
1740 633 1975 687 admira-

392 726 541 783 tione
583 727 674 783 ille
720 735 823 793 est,
876 727 1017 797 quod
1067 741 1189 780 cum
1232 736 1377 781 esset
1427 741 1611 794 purus,
1653 742 1757 779 non
1786 724 1980 795 dixerit

396 832 637 873 amorem
692 818 949 881 mulieris,
989 834 1163 886 neque
1201 828 1477 886 peccatum
1508 817 1852 887 evulgaverit,
1882 830 1979 870 ne-

392 923 500 978 que
526 909 686 963 etiam
728 908 944 979 quando
990 910 1042 963 in
1085 910 1276 963 solium
1306 908 1549 962 ascendit
1575 918 1629 963 et
1658 907 1875 978 zEgypti
1903 917 1983 960 to-

393 1000 502 1053 tius
548 1016 643 1054 rex
681 999 855 1054 factus
895 1010 997 1064 est,
1031 1001 1238 1067 injuriae
1263 999 1364 1054 sibi
1393 1014 1422 1053 a
1452 998 1677 1053 muliere
1706 998 1865 1052 illatze
1890 1014 1980 1051 re-

392 1088 650 1144 co.datus
670 1090 759 1154 sit,
792 1105 968 1160 neque
992 1091 1062 1144 ab
1092 1090 1179 1144 illa
1216 1104 1401 1159 pinnas
1421 1088 1744 1158 expetierit?

463 1179 519 1233 8.
562 1179 805 1235 Vidistinâ€˜
834 1182 1104 1251 quomodo
1128 1182 1240 1250 ipse
1260 1181 1376 1250 ejus
1400 1196 1582 1234 curam
1605 1178 1858 1243 habebat;
1893 1175 1979 1231 illa

391 1286 523 1328 vero
548 1288 654 1328 non
676 1273 910 1341 amabat,
940 1275 1031 1328 sed
1057 1274 1292 1329 furebat?
1317 1272 1498 1343 Neque
1517 1272 1659 1328 enim
1686 1272 1978 1341 Josephum

394 1362 675 1433 diligebat,
698 1364 791 1417 sed
827 1365 1039 1419 volebat
1068 1364 1341 1419 libidinem
1363 1364 1581 1433 explere
1605 1382 1617 1418 :
1637 1377 1763 1418 nam
1790 1364 1834 1418 si
1861 1364 1982 1432 quis

394 1452 511 1523 ipsa
532 1455 693 1509 verba
720 1464 968 1510 accurate
987 1456 1392 1519 exaininaverit,
1415 1470 1475 1508 ea
1503 1455 1738 1509 furorem
1760 1455 1982 1508 omnino

393 1546 602 1614 spirant
623 1554 679 1601 et
710 1545 933 1603 eadem.
974 1546 1109 1614 Quid
1137 1548 1280 1603 enim
1325 1548 1441 1602 ait?
1471 1546 1732 1601 Induxiin
1772 1564 1982 1618 puerum

393 1636 668 1691 Hebrtzum
690 1677 704 1702 ,
736 1646 789 1691 ut
819 1639 959 1693 nobis
987 1638 1221 1693 illuderet
1252 1640 1270 1711 (
1294 1637 1422 1693 Gen.
1453 1638 1544 1694 59.
1572 1640 1638 1694 17
1663 1642 1681 1709 )
1715 1657 1729 1694 :
1775 1639 1980 1695 benefi-

392 1730 536 1783 cium
564 1728 754 1784 marito
782 1730 1152 1798 exprobrans:
1196 1739 1252 1786 et
1276 1730 1599 1787 vestimenta
1618 1730 1978 1797 ostendebat,

394 1821 541 1874 omni
588 1818 702 1875 fera
756 1822 972 1876 stevior.
1032 1821 1141 1877 Sed
1182 1837 1289 1876 non
1338 1822 1408 1876 ita
1456 1820 1567 1876 ille.
1609 1821 1810 1891 Ecquid
1860 1820 1982 1875 dico

392 1912 511 1982 ejus
535 1928 657 1983 erga
688 1913 859 1984 ipsam
891 1913 1341 1979 benevolentiam,
1370 1915 1584 1985 quando
1611 1930 1734 1983 erga
1765 1915 1979 1977 fratres,

399 2004 490 2073 qui
516 2005 688 2073 ipsum
722 2019 860 2073 pene
887 2005 1195 2059 occiderant
1217 2048 1232 2071 ,
1263 2006 1382 2060 talis
1411 2016 1524 2060 erat
1546 2047 1561 2067 ,
1608 2016 1661 2059 et
1689 2021 1979 2076 numquam

397 2094 467 2149 de
507 2095 637 2166 ipsis
665 2096 921 2151 velimus
963 2096 1043 2150 vel
1086 2097 1213 2152 foris
1256 2097 1456 2167 aliquid
1496 2112 1658 2168 grave
1688 2098 1770 2152 vel
1817 2098 1985 2152 mole-

393 2195 535 2239 stum
562 2185 740 2240 dixit?
770 2185 895 2241 Ideo
922 2186 1115 2241 Paulus
1140 2188 1413 2242 caritatem
1443 2188 1574 2242 dixit
1601 2204 1720 2243 esse
1756 2196 1980 2241 matrem

393 2278 634 2331 omnium
684 2280 943 2333 bonorum
968 2320 982 2343 ,
1024 2294 1249 2350 eamque
1289 2280 1505 2350 praefert
1547 2282 1714 2350 signis
1756 2279 1984 2351 aliisque

393 2366 827 2424 charismatibus.
887 2370 1347 2438 Quemadmodum
1395 2371 1539 2426 enim
1602 2371 1648 2425 si
1702 2382 1879 2427 vestes
1927 2381 1985 2427 et

394 2459 559 2515 calcei
586 2462 733 2515 aurei
765 2463 907 2530 sint,
955 2463 1063 2517 alio
1087 2463 1251 2519 etiam
1288 2463 1485 2518 indicio
1524 2478 1658 2533 opus
1686 2463 1941 2519 habemus
1963 2504 1980 2530 ,

397 2562 456 2605 ut
490 2566 775 2609 noscamus
801 2569 980 2625 regem
1009 2571 1023 2621 ;
1064 2556 1109 2610 si
1141 2570 1271 2610 vero
1300 2571 1591 2625 purpuram
1632 2556 1905 2610 videamus
1929 2566 1985 2611 et

394 2640 680 2712 diadema,
713 2646 918 2701 nullum
962 2646 1106 2702 aliud
1148 2649 1295 2718 regni
1346 2648 1556 2719 signum
1600 2649 1785 2704 videre
1831 2664 1982 2719 qua:-

396 2738 610 2792 rimus:
656 2738 727 2792 ita
786 2738 872 2793 hic
916 2754 1147 2810 quoque.
1200 2738 1333 2795 Cum
1386 2741 1625 2796 caritatis
1673 2751 1757 2797 est
1812 2742 1984 2811 impo-

394 2827 558 2883 situm
608 2828 886 2895 diadema,
931 2829 1131 2885 sufficit
1174 2840 1233 2885 ut
1283 2830 1479 2886 Christi
1534 2846 1718 2886 verum
1745 2832 1980 2902 discipu-

394 2916 504 2972 lum
557 2920 844 2988 ostendat,
883 2936 987 2975 non
1045 2921 1200 2977 nobis
1254 2930 1457 2976 tantum
1484 2962 1499 2988 ,
1540 2922 1633 2977 sed
1661 2925 1821 2977 etiam
1857 2921 1989 2976 infli-

397 3009 629 3066 delibus.
692 3010 761 3065 In
811 3013 908 3066 hoc
973 3013 1151 3080 enim,
1206 3012 1418 3079 inquit,
1464 3021 1768 3084 cognoscent
1811 3029 1985 3068 omnes

395 3102 533 3172 quod
559 3102 798 3172 discipuli
827 3104 924 3158 mei
953 3104 1104 3171 estis,
1157 3104 1203 3157 si
1231 3102 1511 3159 dilexeritis
1536 3105 1751 3158 invicem
1781 3104 1980 3175 (Joan.

398 3192 503 3257 15,
546 3194 681 3263 55).
750 3195 932 3264 Itaque
982 3195 1083 3251 hoc
1125 3194 1333 3266 signum
1396 3197 1645 3251 omnibus
1691 3196 1859 3267 signis
1900 3206 1985 3253 est

399 3284 618 3353 majus,
678 3286 939 3355 siquidem
1008 3285 1061 3341 in
1121 3287 1239 3357 ipso
1285 3290 1629 3358 cognoscitur
1665 3290 1980 3360 discipulus.

399 3372 624 3428 Etiamsi
666 3376 807 3429 enim
842 3376 1057 3445 quidam
1087 3377 1364 3431 innumera
1404 3378 1567 3433 edant
1595 3380 1742 3450 signa
1767 3422 1783 3447 ,
1827 3382 1871 3435 si
1900 3382 1983 3435 in-

397 3465 570 3519 vicem
594 3464 907 3530 dissideant,
941 3467 1148 3521 ridiculi
1178 3467 1477 3525 infidelibus
1498 3481 1654 3525 erunt
1686 3490 1699 3526 :
1726 3472 1984 3541 quemad-

400 3554 620 3610 modum
650 3557 693 3609 si
720 3557 923 3611 nullum
952 3556 1148 3612 faciant
1176 3558 1384 3627 signum
1410 3601 1426 3625 ,
1456 3570 1512 3616 et
1535 3575 1657 3617 sese
1682 3562 1836 3618 valde
1859 3578 1982 3618 mu-

400 3656 497 3701 tuo
545 3649 817 3719 diligant,
867 3658 923 3705 et
970 3652 1257 3705 venerandi
1290 3663 1345 3708 et
1397 3653 1576 3708 invicti
1604 3655 1746 3724 apud
1793 3670 1984 3712 omnes

400 3739 710 3795 manebunt.
729 3740 860 3795 Nam
880 3751 935 3797 et
955 3741 1176 3797 Paulum
1197 3744 1317 3799 ideo
1336 3745 1610 3812 miramur,
1635 3761 1740 3801 non
1765 3757 1984 3819 propter

400 3839 644 3885 mortuos
671 3845 807 3901 quos
831 3833 1111 3888 suscitavit
1134 3874 1149 3898 ,
1178 3849 1283 3891 non
1314 3844 1533 3907 propter
1574 3837 1820 3908 leprosos
1845 3854 1983 3910 quos

399 3922 710 3989 mundavit,
740 3924 837 3980 sed
863 3940 985 3995 quia
1015 3927 1231 3983 dicebat
1256 3968 1273 3993 ,
1304 3929 1428 3995 Quis
1457 3931 1768 3999 inï¬rmatur,
1814 3942 1860 3986 et
1888 3949 1981 4004 ego

397 4029 501 4067 non
546 4015 777 4083 in/irmor
797 4016 824 4069 ?
868 4017 980 4085 quis
1027 4018 1403 4074 scandalizatur
1429 4061 1444 4085 ,
1508 4030 1553 4075 et
1597 4038 1691 4091 ego
1719 4039 1820 4077 non
1859 4039 1985 4079 uror

396 4102 470 4172 (2.
489 4102 609 4158 Cor.
641 4106 730 4160 11.
758 4104 829 4161 29
854 4104 916 4177 )?
952 4105 1174 4162 Etiamsi
1203 4109 1347 4163 enim
1392 4111 1553 4165 millia
1583 4114 1651 4166 ad
1681 4112 1799 4169 huic
1827 4114 1979 4184 signa

398 4195 700 4265 adjeceris,
752 4212 846 4266 par
898 4197 1029 4252 nihil
1072 4199 1240 4256 dices.
1300 4200 1433 4256 Nam
1476 4212 1532 4257 et
1574 4203 1686 4272 ipse
1727 4205 1979 4272 dicebat,

397 4302 645 4360 magnam
688 4288 791 4343 sibi
840 4290 1144 4346 mercedem
1191 4293 1479 4361 repositam
1509 4308 1630 4349 esse
1653 4336 1670 4362 ,
1703 4310 1807 4350 non
1837 4297 1980 4366 quod

394 4380 548 4449 signa
580 4378 833 4447 fecisset,
865 4379 963 4435 sed
991 4384 1115 4451 quia
1145 4383 1369 4439 infirmis
1398 4384 1570 4441 factus
1595 4396 1679 4440 est
1710 4387 1977 4443 inï¬rmus.

395 4474 645 4541 Quanam
670 4484 749 4529 est
771 4474 913 4529 enim
936 4514 951 4538 ,
982 4475 1187 4545 inquit,
1230 4492 1343 4530 mea
1384 4493 1574 4532 merces
1599 4478 1625 4531 .9
1666 4477 1735 4532 Ut
1765 4493 1982 4549 evange-

391 4565 553 4619 lizans
579 4566 690 4620 sine
714 4576 921 4635 sumptu
952 4582 1138 4635 ponant
1164 4568 1477 4639 evangelium
1505 4569 1581 4641 (1.
1615 4569 1733 4624 Cor.
1762 4569 1818 4626 9.
1849 4569 1974 4641 18).

1133 242 1191 299 S.
1228 239 1505 300 JOANNIS
1525 236 1877 298 CHRYSOST
1880 236 1994 295 0M1
2031 237 2347 295 ARCIIIEP.
2388 240 2923 301 CONSTANâ€™Iâ€˜INOP.

3578 245 3675 302 ÎµÎº

2090 351 2157 408 Et
2184 368 2304 407 cum
2331 368 2391 409 se
2420 357 2676 425 apostolis
2701 363 2988 428 praeponit.
3016 374 3124 415 non
3150 358 3302 428 dicit,
3329 360 3489 416 Plura
3520 376 3670 429 quam

2087 442 2186 513 ipsi
2217 446 2319 499 feci
2349 446 2523 516 signa,
2571 449 2667 502 sed
2691 489 2706 513 ,
2743 448 2870 503 Plus
2900 452 3005 504 illis
3033 452 3263 509 laboravi
3291 452 3309 522 (
3340 455 3397 509 1.
3434 451 3560 506 Cor.
3590 453 3671 506 15.

2088 534 2155 588 10
2185 535 2224 601 ).
2264 533 2402 601 Quin
2432 528 2593 590 etiam
2623 538 2757 593 fame
2785 539 2908 593 ideo
2937 543 3075 595 mori
3106 542 3353 609 volebat,
3384 558 3489 610 pro
3510 543 3674 595 sal-te

2085 623 2474 693 discipulorum
2510 645 2523 679 :
2554 627 2756 682 Bonum
2785 640 2858 685 est
2887 633 3030 685 enim
3056 673 3072 697 ,
3106 634 3279 703 inquit
3309 675 3325 698 ,
3355 635 3492 686 mihi
3522 638 3675 702 magis

2087 717 2237 775 mori,
2268 734 2418 786 quam
2439 728 2494 772 ut
2519 721 2872 788 gloriationem
2899 739 3060 776 meum
3087 725 3199 791 quis
3224 736 3437 777 evastat
3458 725 3541 787 (Î™.
3563 724 3657 777 Car

2086 806 2139 861 9.
2175 809 2263 878 15)
2290 826 2303 870 Í¾
2334 825 2440 863 non
2466 811 2605 878 quod
2639 812 2751 881 ipse
2779 814 3118 882 gloriaretur,
3148 814 3241 869 sed
3286 829 3355 868 ne
3410 814 3676 868 videretur

2089 898 2217 966 ipsis
2259 896 2608 968 exprobrare.
2653 902 2922 973 Nusquam
2971 906 3115 959 enim
3165 907 3306 960 solet
3356 906 3587 975 gloriari
3633 907 3677 959 in

2089 987 2241 1043 bonis
2267 991 2519 1059 operibus
2549 994 2659 1047 suis
2688 1034 2701 1056 ,
2733 994 2776 1047 si
2808 1003 3017 1061 tempus
3046 995 3112 1049 ad
3144 996 3193 1049 id
3223 1011 3334 1049 non
3366 1005 3568 1059 vocet;
3594 998 3678 1049 sed

2089 1078 2293 1133 etiamsi
2320 1091 2538 1136 coactus
2564 1082 2632 1137 sit
2658 1124 2672 1147 ,
2708 1084 3046 1153 insipientem
3072 1100 3132 1141 se
3161 1098 3337 1141 vocat.

2162 1168 2359 1223 Paulus
2403 1172 2679 1240 aliquando
2716 1184 2920 1228 coactus
2957 1176 3227 1245 gloriatur.
3265 1205 3342 1216 â€”
3380 1175 3443 1231 Si
3474 1177 3683 1246 quando

2087 1270 2262 1314 autem
2306 1260 2601 1330 gloriatur,
2636 1263 2687 1317 in
2718 1263 3152 1332 inï¬rmitatibus,
3201 1267 3253 1320 in
3286 1268 3645 1322 contumeliis
3667 1310 3681 1329 ,

2088 1350 2140 1403 in
2168 1365 2234 1404 eo
2263 1351 2403 1419 quod
2432 1351 2589 1407 valde
2627 1354 2948 1409 misereatur
2970 1370 3159 1411 eorum
3187 1357 3391 1427 quibus
3436 1358 3682 1411 molestia

2087 1454 2299 1495 creatur
2320 1483 2334 1506 ,
2380 1442 2429 1496 id
2460 1442 2622 1509 facit;
2671 1452 2727 1499 ut
2754 1444 2917 1501 etiam
2944 1445 3047 1501 hoc
3083 1447 3204 1501 loco
3228 1447 3363 1502 dicit
3397 1466 3414 1502 :
3449 1447 3585 1514 Quis
3612 1449 3685 1500 is-

2088 1532 2338 1601 ï¬rmatur,
2370 1543 2416 1587 et
2442 1550 2533 1604 ego
2560 1551 2663 1589 non
2698 1536 2933 1605 inï¬rmor
2955 1537 2980 1589 ?
3022 1536 3145 1592 llzec
3174 1538 3341 1593 verba
3372 1550 3512 1593 sunt
3543 1542 3685 1609 peri-

2087 1624 2222 1679 culis
2257 1626 2398 1699 â€˜ipsis
2440 1627 2640 1695 majora
2684 1645 2698 1681 :
2745 1627 2972 1699 ideoque
3015 1628 3104 1682 illa
3149 1630 3459 1700 posteriora
3492 1632 3684 1699 ponit,

2088 1729 2390 1770 sermonem
2429 1717 2780 1787 amplificans.
2826 1719 3068 1787 Quanam
3110 1736 3239 1791 ergo
3276 1736 3339 1776 re
3388 1735 3500 1776 nos
3548 1722 3688 1791 digni

2089 1805 2361 1873 fuerimus,
2395 1807 2439 1862 si
2468 1824 2591 1863 cum
2621 1808 2715 1864 illo
2742 1824 3144 1880 comparemur,
3178 1813 3269 1881 qui
3303 1826 3496 1882 neque
3526 1827 3689 1882 pecco

2090 1899 2206 1953 nias
2234 1897 2558 1967 despicimus
2583 1908 2802 1970 propter
2832 1916 2932 1957 nos
2963 1902 3108 1971 ipsos
3132 1945 3148 1970 ,
3195 1919 3378 1973 neque
3410 1903 3685 1974 superï¬‚ua

2089 2006 2156 2045 ex
2204 1991 2544 2045 facultatibus
2593 1994 2924 2061 erogatnus?
2971 1996 3043 2048 At
3071 2010 3175 2048 non
3204 1996 3299 2050 ille
3326 1996 3415 2050 sic
3439 2037 3458 2061 ,
3508 1997 3607 2050 sed
3642 2008 3693 2051 et

2089 2084 2320 2137 animam
2350 2092 2406 2138 et
2431 2097 2630 2154 corpus
2655 2084 2937 2151 tradebat,
2968 2095 3028 2139 ut
3054 2088 3142 2155 qui
3176 2087 3328 2141 illum
3369 2087 3691 2156 lapidabaut

2088 2182 2146 2227 et
2171 2175 2411 2244 colaphis
2442 2175 2719 2231 caedebant
2743 2217 2758 2241 ,
2804 2192 3028 2247 regnum
3059 2192 3567 2249 consequerentur.
3608 2182 3693 2237 Sic

2089 2266 2230 2319 enim
2262 2280 2346 2320 me
2370 2306 2384 2329 ,
2416 2266 2585 2335 inquit
2607 2307 2624 2331 ,
2655 2266 2837 2321 docuit
2861 2267 3107 2323 Christus
3142 2269 3376 2337 diligere
3401 2311 3420 2333 ,
3465 2274 3562 2341 qui
3594 2288 3688 2326 no-

2090 2371 2213 2409 vum
2256 2357 2563 2411 mandatutn
2594 2357 2808 2427 reliquit
2835 2358 2903 2414 de
2931 2359 3252 2426 dilectione,
3308 2371 3367 2415 et
3396 2364 3549 2431 quod
3582 2365 3689 2432 ipse

2089 2447 2343 2515 operibus
2390 2448 2646 2519 implevit.
2705 2449 2914 2505 Etenim
2958 2466 3079 2506 cum
3130 2452 3245 2507 Rex
3305 2456 3693 2509 universorum

2089 2547 2264 2604 esset,
2317 2548 2372 2594 et
2423 2540 2591 2595 beata:
2621 2541 2763 2595 illius
2816 2546 3059 2609 naturae;
3110 2543 3365 2601 homines
3394 2588 3415 2611 ,
3468 2563 3610 2616 quos
3633 2564 3691 2601 ex

2092 2630 2259 2685 nihilo
2289 2631 2541 2700 produxit
2565 2673 2579 2697 ,
2616 2644 2671 2688 et
2697 2634 2891 2704 quibus
2919 2636 3081 2688 millia
3118 2639 3355 2692 contulit
3382 2639 3653 2693 beneficia
3676 2680 3690 2697 .

2090 2735 2151 2777 se
2179 2721 2501 2777 contumelia
2531 2724 2827 2778 allicientes
2846 2734 2900 2778 et
2930 2737 3247 2803 respuentes
3272 2744 3385 2783 non
3416 2739 3695 2783 aversatus

2089 2824 2194 2879 est,
2225 2814 2319 2869 sed
2346 2824 2401 2870 et
2426 2816 2587 2871 homo
2611 2816 2781 2871 factus
2807 2826 2888 2871 est
2919 2828 3141 2887 propter
3164 2819 3289 2873 illos
3310 2860 3328 2885 ,
3359 2834 3495 2874 cum
3529 2836 3693 2874 merc-

2092 2907 2313 2962 tricibus
2357 2914 2411 2961 et
2436 2908 2736 2977 publicanis
2765 2921 3115 2966 conversatus
3144 2921 3271 2975 est,
3317 2912 3695 2967 dtemoniacos

2089 3000 2333 3064 curavit,
2363 3008 2417 3054 et
2444 2998 2634 3055 caelum
2676 3000 2939 3069 promisit.
2990 3001 3118 3057 Post
3147 3002 3264 3057 haec
3292 3012 3491 3057 autem
3520 3006 3693 3057 omnia

2090 3090 2536 3160 comprehensum
2580 3092 2751 3162 ipsum
2795 3092 3037 3161 colaphis
3072 3093 3438 3161 ceciderunt,
3495 3096 3693 3162 ligaveâ€”

2093 3192 2252 3248 runt,
2284 3181 2620 3252 ï¬‚agellarunt
2644 3224 2660 3249 ,
2691 3184 3005 3251 irrisernnt,
3034 3184 3251 3240 demunt
3272 3188 3693 3241 crucifixeruat.

2091 3273 2194 3329 Sed
2225 3291 2290 3327 ne
2316 3276 2394 3328 sic
2422 3273 2636 3344 quidem
2666 3277 2785 3329 tllos
2812 3288 3087 3332 aversatus
3115 3288 3199 3332 est
3226 3320 3242 3341 ,
3282 3281 3381 3333 sed
3408 3294 3551 3334 cum
3584 3297 3697 3335 sur-

2091 3382 2209 3419 sum
2240 3375 2383 3419 esset
2411 3365 2462 3419 in
2492 3380 2649 3420 cruce
2671 3407 2686 3433 ,
2718 3366 2891 3432 dixit,
2924 3368 3104 3433 Pater,
3136 3370 3338 3423 dimitte
3364 3372 3483 3424 illis
3514 3388 3694 3439 peccs-

2089 3466 2197 3511 tum
2227 3459 2245 3528 (
2270 3457 2396 3512 Luc.
2444 3458 2535 3514 25.
2569 3460 2639 3514 54
2658 3458 2699 3528 ).
2731 3459 3017 3516 Latronem
3047 3478 3173 3517 vero
3198 3503 3214 3527 ,
3259 3464 3350 3532 qui
3381 3479 3527 3518 eum
3577 3474 3696 3519 ante

2089 3559 2468 3618 accusaverat,
2501 3552 2661 3607 etiam
2694 3554 2745 3607 in
2774 3553 3077 3623 paradisum
3105 3555 3399 3610 introduxit
3427 3598 3449 3621 ,
3483 3568 3547 3612 et
3575 3574 3695 3628 per.

2089 3653 2433 3712 sequutorem
2459 3642 2681 3697 Paulum
2707 3645 3006 3714 apostolum
3034 3645 3180 3709 fecit;
3212 3646 3313 3701 sibi
3342 3658 3546 3703 autem
3577 3665 3696 3719 pm-

2092 3734 2239 3803 prios
2291 3744 2345 3789 et
2394 3733 2640 3790 addictos
2688 3735 2982 3806 discipulos
3034 3738 3101 3792 ad
3153 3747 3383 3793 mortem
3470 3743 3696 3796 tradidit

2090 3836 2310 3897 propter
2335 3824 2549 3881 Judasos
2568 3867 2585 3888 .
2609 3828 2700 3898 qui
2728 3828 2902 3899 ipsum
2928 3830 3322 3885 crucifixerant.
3361 3831 3503 3888 Haec
3533 3833 3696 3904 igitur

2088 3920 2267 3975 omnia
2287 3961 2303 3985 ,
2325 3935 2445 3991 quae
2478 3920 2570 3977 Dei
2596 3929 2755 3988 sunt,
2787 3936 2907 3993 quae
2936 3920 3234 3990 hominum,
3263 3924 3402 3993 apud
3436 3941 3552 3981 nos
3578 3929 3694 3981 col-

2089 4013 2317 4084 ligentes
2338 4053 2355 4077 ,
2381 4015 2498 4069 haec
2520 4015 2770 4084 praeclara
2792 4024 2940 4086 gesta
2960 4016 3295 4084 aemulemur,
3318 4025 3374 4071 et
3392 4020 3693 4074 caritatem

2088 4104 2502 4161 charismatibus
2529 4106 2780 4160 omnibus
2814 4106 3148 4176 superiorem
3195 4108 3559 4176 acquiramus
3584 4151 3602 4174 ,
3640 4122 3693 4163 ut

2088 4206 2144 4251 et
2170 4195 2456 4267 praesentia
2504 4206 2559 4251 et
2605 4196 2780 4250 futura
2828 4196 2967 4252 bona
3015 4212 3409 4266 assequamur:
3444 4216 3689 4268 quorum

2091 4290 2292 4342 utinam
2325 4303 2424 4342 nos
2448 4288 2734 4358 participes
2763 4287 2875 4343 fieri
2901 4288 3212 4358 contingat,
3242 4290 3410 4359 gratia
3441 4302 3508 4345 et
3540 4292 3687 4347 beni-

2088 4382 2290 4452 gnitate
2323 4382 2531 4435 Domini
2583 4382 2752 4436 nostri
2795 4381 2923 4436 Jesu
2965 4380 3204 4446 Christi,
3253 4385 3479 4453 quicum
3538 4386 3683 4440 Patri

2089 4489 2302 4545 unaque
2331 4473 2552 4544 Spiritui
2595 4482 2782 4529 sancto
2821 4475 2991 4545 gloria
3014 4514 3031 4539 ,
3078 4474 3364 4543 imperium
3388 4517 3402 4539 ,
3458 4476 3647 4533 honor
3674 4522 3687 4543 ,

2089 4583 2232 4624 nunc
2258 4577 2316 4623 et
2341 4581 2576 4638 semper,
2608 4576 2663 4621 et
2689 4567 2739 4621 in
2771 4566 2968 4621 stecula
2993 4567 3333 4622 saeculorum.
3379 4569 3593 4625 Amen.

1696 4776 2038 4839 HOMILIA
2070 4775 2378 4838 XXXIII.

395 4921 527 4977 CAP.
557 4923 646 4978 15.
678 4939 729 4976 v.
775 4924 830 4978 4.
862 4923 1064 4979 Caritas
1110 4928 1309 4996 patiens
1340 4932 1444 4987 est,
1489 4922 1703 4993 benigna
1732 4931 1802 4977 est
1833 4938 1851 4976 :
1882 4939 1983 4976 non

541 5019 840 5082 tantulatur,
870 5037 970 5074 non
1009 5022 1114 5089 agit
1144 5035 1448 5090 perperam,
1476 5035 1580 5070 non
1606 5018 1836 5086 inï¬‚atur.

474 5109 524 5163 1.
571 5109 855 5177 Postquam
908 5111 1049 5163 enim
1106 5110 1504 5179 pronuntiavit,
1560 5124 1658 5162 nec
1706 5107 1828 5162 ï¬dei
1885 5123 1985 5162 nec

399 5200 640 5254 scientiae
667 5216 765 5253 nec
793 5202 1088 5269 pr0phetia:
1116 5216 1289 5270 neque
1319 5202 1618 5272 linguarum
1657 5214 1829 5268 neque
1855 5199 1984 5254 cha-

399 5293 678 5347 rismatum
707 5306 808 5345 nec
838 5292 1087 5360 perfecta:
1112 5293 1239 5346 vitae
1268 5309 1366 5349 nec
1394 5295 1672 5366 martyrii,
1701 5294 1747 5348 si
1788 5294 1986 5349 caritas

402 5383 573 5449 absit,
612 5396 864 5455 magnam
891 5398 1013 5439 esse
1043 5385 1323 5440 utilitatem
1350 5426 1365 5452 ,
1396 5389 1701 5441 necessario
1729 5387 1985 5458 deinceps

401 5475 657 5530 describit
721 5471 1037 5530 immensam
1104 5476 1219 5544 ejus
1275 5477 1727 5547 pulchritudinem
1764 5519 1782 5546 ,
1830 5478 1981 5549 quasi

399 5564 715 5635 quibusdam
738 5565 1011 5623 coloribus
1040 5566 1250 5621 virtutis
1279 5568 1514 5637 partibus
1543 5568 1661 5638 ejus
1694 5568 1980 5638 imaginem

399 5669 701 5724 exornans,
727 5665 785 5710 et
821 5655 940 5726 ejus
982 5658 1223 5714 membra
1250 5659 1430 5717 omnia
1474 5668 1719 5714 accurate
1766 5672 1985 5729 compo-

2093 4935 2250 4976 nens.
2276 4918 2346 4973 At
2370 4934 2439 4975 ne
2470 4928 2873 4989 prmtercurras,
2900 4921 3097 4977 dilecte
3117 4962 3134 4989 ,
3166 4936 3227 4978 ea
3258 4937 3378 4993 quae
3402 4922 3689 4986 dicuntur,

2090 5011 2187 5066 sed
2232 5027 2423 5065 eorum
2471 5012 2684 5082 singula
2729 5014 2981 5067 examina
3022 5014 3474 5084 diligentissime,
3527 5030 3589 5070 ut
3620 5018 3691 5071 mi

2096 5104 2405 5160 thesaurum
2438 5104 2621 5159 videas
2646 5146 2661 5168 ,
2692 5114 2746 5159 et
2787 5105 3010 5176 pictoris
3036 5116 3232 5161 artem.
3268 5108 3566 5178 Perpende
3597 5112 3691 5181 igi-

2095 5205 2180 5250 tur
2209 5195 2350 5250 unde
2378 5196 2557 5249 statim
2608 5196 2892 5264 inceperit,
2927 5211 2981 5250 et
3008 5213 3165 5267 quam
3192 5201 3418 5267 primam
3445 5204 3689 5270 posuerit

2091 5291 2334 5345 omnium
2361 5289 2629 5345 bonorum
2655 5304 2896 5345 causam.
2926 5290 3064 5356 Quid
3094 5302 3271 5345 autem
3306 5291 3411 5347 hoc
3433 5295 3569 5348 est?
3596 5296 3689 5349 Pa.

2096 5383 2321 5446 tientia;
2372 5381 2487 5437 lucc
2516 5380 2869 5451 philosophiae
2913 5383 3088 5435 omnis
3114 5391 3197 5436 est
3240 5386 3414 5437 radix.
3449 5384 3583 5440 Ideo
3609 5402 3688 5441 sa-

2092 5474 2247 5544 piens
2289 5472 2553 5543 quispiam
2591 5472 2845 5527 dicebat:
2889 5471 2977 5526 Vir
3005 5475 3200 5543 patiens
3238 5484 3313 5527 est
3351 5478 3538 5530 multi:
3567 5496 3687 5547 ÏÎ±Î¹

2091 5566 2274 5620 demite
2310 5580 2330 5619 :
2370 5565 2460 5635 qui
2497 5575 2667 5619 autem
2708 5564 2977 5634 impatiens
3006 5574 3079 5619 est
3124 5566 3274 5620 valde
3316 5567 3568 5638 insipiens
3611 5578 3679 5622 est

2091 5658 2275 5731 (Prov.
2312 5659 2397 5714 M.
2425 5656 2540 5727 29).
2573 5657 2641 5712 Et
2679 5671 2801 5713 cum
2831 5656 2962 5713 urbe
3004 5658 3207 5714 munita
3235 5659 3406 5729 ipsam
3446 5678 3571 5718 com
3586 5681 3675 5732 pa-
