3802 6214
91 225 179 282 Ἧὲἰ

99 341 274 404 ναικὸς,
304 337 423 392 οὐδέ
454 337 829 408 ἐξεπόμπευσε
850 335 952 406 τὴν
979 335 1252 407 ἁμαρτίαν
1287 375 1303 400 ,
1326 335 1447 389 οὐδὲ
1471 335 1632 406 ἡνίκα

95 430 175 484 ἐπὶ
198 425 281 479 τὸν
304 422 488 492 θρόνον
522 421 690 490 ἀνέϐη
738 421 832 474 καὶ
860 420 962 489 τῆς
993 418 1268 488 Δίγύπτου
1304 419 1486 488 πάσης
1514 419 1634 486 ὲγέ..

96 527 199 567 mo
216 506 471 579 βασιλεὺς,
492 504 901 575 ἐμνησικάκησε
916 505 982 574 τῇ
998 502 1237 572 γυναικὶ,
1253 502 1371 556 οὐδὲ
1387 502 1632 573 ἀπῄτησε

93 595 232 660 δίκην
249 609 264 657 ;

156 742 376 817 η’.Εἷδες
388 742 677 807 πῶςαύτὸς
689 745 783 815 μὲν
802 743 1045 814 ἐκήδετο,
1079 743 1259 812 ἐκείνη
1285 743 1343 797 δὲ
1389 744 1489 798 οὐκ
1518 745 1637 813 ἐφί-

88 838 178 897 λει,
194 831 299 887 ἀλλ’
324 828 569 899 ἐμαίνετο
588 845 603 893 ;
624 829 697 882 Οὐ
718 828 827 899 γάρ
846 827 938 881 τὸν
962 826 1157 897 Ἰωσὴφ
1172 827 1363 899 ἐφίλει,
1381 826 1517 881 ἀλλά
1537 827 1637 899 τὴν

91 896 657 981 ἀκολασίαν-πληρῶσαι
680 896 950 965 ἐϐούλετο·
970 911 1064 963 καὶ
1080 896 1219 963 αὐτά
1243 911 1301 964 δὲ
1323 912 1392 965 τά
1417 896 1637 981 ῥήματα

88 999 136 1052 εί
174 1014 251 1059 τις
281 994 581 1059 ἐξετάσειεν
626 993 890 1064 ἀκριϐῶς,
930 993 1067 1063 μετά
1108 992 1279 1064 θυμοῦ
1321 994 1417 1047 καὶ
1440 992 1637 1047 πολλοῦ

92 1081 256 1149 φόνου.
305 1076 369 1128 Τί
413 1078 522 1148 γάρ
564 1091 763 1146 φησιν;
799 1076 1133 1147 Είσήγαγες
1158 1076 1342 1131 παῖδα
1367 1077 1639 1147 Ἐὅραῖον

88 1157 373 1231 ἐμπαίζειν
430 1160 593 1228 ἡμῖν,
641 1158 979 1223 ὀνειδίζουσα
1036 1160 1137 1231 τὴν
1196 1161 1518 1231 εὐεργεσίαν
1558 1160 1639 1233 τῷ

87 1244 259 1315 ἀνδρί·
302 1243 395 1295 καὶ
453 1243 524 1295 τά
575 1242 766 1311 ἱμάτια
815 1242 1132 1309 ἐπεδείκνυ,
1196 1242 1385 1315 θηρίου
1438 1245 1641 1307 παντὸς

88 1326 379 1397 ἀγριωτέρα
409 1325 694 1395 γενομένη.
738 1324 879 1378 Ἀλλ’
908 1326 1008 1379 οὐκ
1036 1326 1242 1390 ἐκεῖνος
1264 1326 1426 1380 οὕτω.
1458 1327 1569 1380 Kal
1587 1327 1640 1380 τί

85 1411 215 1478 λέγω
255 1408 353 1477 τὴν
407 1408 543 1476 πρὸς
589 1408 792 1478 ταύτην
829 1408 1068 1470 εὔνοιαν,
1106 1410 1239 1462 ὅπου
1266 1426 1331 1478 γε
1380 1411 1473 1463 καὶ
1504 1409 1642 1480 πρὸς

86 1495 201 1556 τοὺς
236 1490 519 1554 ἀνελόντας
552 1491 813 1561 ἀδελφοὺς
841 1492 1084 1557 τοιοῦτος
1116 1488 1206 1563 ἦν,
1238 1494 1329 1547 καὶ
1362 1493 1483 1545 ούδέ
1512 1493 1642 1564 περὶ

82 1576 292 1629 ἐκείνων
340 1574 495 1626 οὐδέν
510 1591 675 1627 ..ποτε
718 1570 838 1627 εἷπε
887 1575 1167 1647 δυσχερὲς,
1205 1576 1304 1629 οὐκ
1330 1575 1510 1642 ἔνδον,
1540 1577 1641 1630 οὐκ

83 1660 209 1725 Eia);
240 1658 338 1711 Διά
380 1657 540 1711 τοῦτο
585 1661 614 1713 ό
650 1658 862 1722 Παῦλος
900 1660 1000 1730 τὴν
1040 1660 1250 1731 μητέρα
1279 1660 1387 1713 τῶν
1419 1660 1642 1727 ἀγαθῶν

80 1742 330 1797 ἁπάντων
381 1741 585 1811 ταύτην
622 1738 761 1795 εἶναί
792 1758 945 1812 φησι,
985 1743 1077 1796 καὶ
1123 1744 1367 1813 σημείων
1403 1744 1495 1797 καὶ
1532 1744 1642 1797 τῶν

80 1826 244 1879 ἀλλων
272 1824 630 1893 χαρισμάτων
658 1824 1000 1896 προτίθησιν.
1024 1825 1236 1898 ’Ὠσπερ
1276 1826 1385 1897 γὰρ
1426 1828 1643 1897 χρυσῶν

81 1908 174 1978 μὲν
201 1906 435 1977 ἱματίων
483 1908 651 1959 ὅντων
694 1907 791 1960 καὶ
835 1908 1219 1979 ὑποδημάτων,
1269 1912 1502 1981 δεόμεθα
1549 1913 1645 1965 καὶ

76 1991 254 2060 ἐτέρου
302 1990 449 2053 τινὸς
492 1990 844 2061 ἐνδείγματος
877 2004 927 2056 ι,
973 1992 1113 2047 ὥστε
1153 1993 1247 2048 τὸν
1288 1994 1516 2064 βασιλέα
1548 2014 1646 2066 μα-

77 2075 215 2126 θεῖν·
253 2071 320 2126 ἀν
348 2073 407 2125 δὲ
449 2074 549 2145 τὴν
584 2074 875 2144 ἁλουργίδα
910 2076 1109 2146 ίδωμεν
1147 2079 1240 2131 καὶ
1284 2079 1346 2131 τὸ
1385 2079 1642 2150 διάδημα,

72 2155 219 2209 οὐδὲν
270 2155 464 2226 ἕτερον
513 2157 879 2230 ἐπιζητοῦμεν
930 2161 1030 2230 τῆς
1068 2160 1342 2230 βασιλείας
1378 2163 1506 2217 ίδεῖν
1543 2181 1643 2236 ση-

78 2243 240 2309 μεῖον
276 2240 424 2293 οὕτω
457 2241 522 2312 δὴ
565 2244 658 2295 καὶ
684 2242 934 2298 ἐνταῦθα.
968 2244 1136 2298 Ὅταν
1183 2246 1244 2298 τὸ
1290 2246 1392 2316 τῆς
1427 2248 1647 2320 ἀγάπης

70 2326 338 2378 ἐπίκειται
383 2324 643 2395 διάδημα,
694 2327 853 2397 ἀρκεῖ
902 2326 1070 2392 δεῖξαι
1114 2328 1208 2381 τοῦ
1263 2330 1500 2400 Χριστοῦ
1554 2332 1647 2385 τὸν

69 2408 265 2482 ἀκριϐῆ
297 2409 575 2480 μαθητὴν,
608 2410 705 2480 οὐχ
734 2412 865 2481 ἡμῖν
890 2410 1069 2480 μόνον,
1097 2412 1235 2466 ἀλλά
1262 2416 1356 2467 καὶ
1380 2418 1491 2479 τοῖς
1519 2417 1647 2469 ἀπί-

72 2508 229 2555 στοις.
284 2492 395 2546 Ἑν
442 2493 632 2559 τούτῳ
672 2493 802 2563 γὰρ,
846 2495 1000 2563 φησὶ,
1034 2496 1365 2563 γνώσονται
1400 2497 1645 2565 πάντες,

67 2577 150 2628 ὅτι
190 2576 462 2643 μαθηταί
507 2576 624 2644 μού
664 2574 825 2642 ἐστε,
850 2576 959 2630 ἐὰν
996 2577 1264 2646 ἀγαπᾶτε
1311 2580 1644 2649 ἀλλήλους.

72 2659 229 2711 Ὥστε
258 2657 325 2711 τὸ
360 2661 591 2728 σημεῖον
620 2657 778 2712 τοῦτο
809 2660 1051 2729 σημείων
1077 2661 1330 2715 ἀπάντων
1360 2664 1560 2733 μεῖζον,
1598 2663 1654 2717 εί

64 2758 123 2807 γε
156 2743 214 2794 ἐν
240 2739 400 2810 αύτῷ
428 2740 757 2813 γνωρίζεται
804 2742 834 2794 ό
875 2743 1143 2814 μαθητής.
1172 2745 1292 2798 Κᾶν
1326 2745 1435 2817 γὰρ
1482 2746 1650 2819 μυρία

66 2822 259 2876 ποιῶσί
290 2840 447 2886 τινες
490 2826 710 2894 σημεῖα,
736 2824 1066 2888 στασιάζωσι
1101 2827 1158 2879 δὲ
1186 2826 1322 2898 πρὸς
1365 2828 1649 2900 ἀλλήλους,

63 2906 475 2974 καταγέλαστοι
507 2909 619 2971 τοῖς
641 2906 890 2971 ἀπίστοις
926 2907 1160 2961 ἔσονται·
1193 2909 1381 2982 ὥσπερ
1406 2912 1510 2965 κᾶν
1544 2931 1653 2984 μη-

62 2989 148 3039 δὲν
206 2987 414 3042 ποιῶσι
471 2991 714 3059 σημεῖον,
763 2988 913 3061 [298]
964 2991 1219 3059 ἀγαπῶσι
1281 2992 1339 3046 δὲ
1392 2994 1654 3064 ἀλλήλους

61 3072 332 3144 ἀκριϐῶς,
362 3074 465 3128 καὶ
505 3073 772 3143 αίδέσιμοι
811 3076 904 3128 καὶ
957 3075 1244 3145 ἀχείρωτοι
1293 3078 1459 3131 πᾶσιν
1505 3080 1657 3144 ὄντες

58 3157 443 3226 διαμένουσιν.
502 3158 654 3213 Ἐπεὶ
691 3159 787 3223 καὶ
824 3157 1038 3212 Παῦλον
1066 3159 1155 3213 διά
1182 3159 1342 3214 τοῦτο
1383 3162 1658 3234 θαυμάζοο

63 3256 181 3307 μεν,
220 3241 285 3293 ού
317 3241 418 3295 διὰ
456 3242 585 3305 τοὺς
620 3242 846 3311 νεκροὺς
885 3241 978 3304 οὒς
1006 3243 1245 3314 ἤγειρεν,
1277 3244 1397 3299 οὐδὲ
1419 3245 1506 3300 διά
1532 3248 1658 3312 τοὺς

57 3322 298 3392 λεπροὺς
360 3322 468 3387 οὒς
519 3323 864 3394 ἐκαθάρισεν,
921 3324 1038 3379 ἀλλ’
1078 3326 1266 3397 ἐπειδὴ
1321 3328 1497 3397 ἔλεγε,
1563 3330 1660 3396 Τίς

58 3406 328 3470 ἀσθενεῖ,
362 3406 471 3461 καὶ
501 3409 613 3461 οὐκ
637 3407 875 3463 ἀσθενῶ
892 3424 912 3472 ;
932 3409 1025 3477 τίς
1054 3411 1535 3477 σκανδαλίζεται,
1560 3413 1660 3467 καί

59 3493 164 3546 οὐκ
192 3490 318 3561 ἐγὼ
344 3491 663 3561 πυροῦμαι
683 3508 696 3557 ;
720 3493 840 3547 Κᾶν
868 3493 977 3565 γάρ
1002 3495 1169 3565 μυρία
1197 3496 1335 3567 πρὸς
1357 3496 1531 3551 ταῦτα
1562 3498 1661 3570 θῇς

61 3576 288 3643 σημεῖα,
314 3575 490 3628 οὐδὲν
522 3576 635 3629 ῐσον
656 3576 820 3646 ἐρεῖς
853 3576 976 3630 ἐπεὶ
1000 3578 1092 3630 καὶ
1112 3577 1275 3641 αὐτὸς
1307 3578 1498 3649 μισθὸν
1526 3579 1665 3634 ἀπο-

63 3658 273 3712 κεῖσθαι
328 3659 529 3727 μέγαν
576 3657 780 3728 ἔφησεν
837 3658 1008 3729 αὐτῷ,
1065 3660 1167 3714 οὐκ
1216 3661 1404 3734 ἐπειδὴ
1460 3665 1665 3734 σημεῖα

66 3744 250 3805 ςποίει,
282 3743 413 3796 ἀλλ’
448 3742 644 3813 ἐπειδὴ
673 3744 786 3804 τοῖς
810 3741 1095 3796 ἀσθενοῦσι
1137 3744 1362 3813 γέγονεν
1395 3745 1472 3809 ώς
1498 3745 1664 3800 ἀσθε-

67 3825 169 3893 ιής.
206 3826 311 3891 Τίς
347 3825 474 3896 γάρ
497 3826 620 3894 μού
656 3824 810 3888 ἐστι,
844 3826 1027 3897 φησὶν,
1057 3829 1092 3881 ό
1115 3828 1368 3895 parade;
1398 3828 1533 3883 Ἵνα
1562 3831 1664 3885 εὐ-

69 3906 561 3978 ιηηελιζΰμενος,
598 3908 937 3977 ἀδάπανον·
962 3908 1130 3976 θήσω
1171 3911 1241 3965 τὸ
1270 3912 1662 3981 Εῠατγέλιον.

71 3991 156 4043 [αἱ
187 3992 328 4046 ὅταν
375 3990 508 4046 τῶν
536 3990 852 4046 ἀποστόλων
887 3992 1079 4048 ἐαυτὸν
1113 3993 1368 4067 προτιθῇ,
1399 3995 1461 4050 οὐ
1491 3996 1664 4067 λέγει,

102 4150 129 4177 ιι
158 4136 459 4205 agebatur
483 4137 760 4203 ἐνδύματος.

1108 211 1175 267 IN
1215 210 1433 269 EPIST.
1472 211 1491 267 Ι
1533 211 1623 265 ΑΙ)
1658 210 1818 267 CUR.
1858 211 2096 269 HOMIL.
2129 211 2269 266 XXX
2288 211 2381 268 111.

3206 216 3311 271 ἓῗϐ

1735 334 2105 405 Περισσότερα
2134 333 2313 387 αὐτῶν
2340 335 2540 403 σημεῖα
2562 331 2813 403 ἐποίησα·
2844 331 3001 400 ἀλλά,
3028 336 3317 403 Περισσόε

1732 434 1907 484 τερον
1953 417 2152 471 αὐτῶν
2196 417 2511 469 ἐκοπίασα.
2557 417 2666 469 Kal
2711 417 2855 487 λιμῷ
2904 418 2961 470 δέ
3015 418 3103 471 διά
3154 418 3317 472 τοῦτο

1734 498 1987 552 ἐϐούλετο
2015 497 2306 551 ἀποθανεῖν
2328 498 2414 551 διὰ
2444 498 2543 569 τὴν
2573 498 2850 569 σωτηρίαν
2883 498 2993 552 τῶν
3030 500 3310 571 μαθητῶν

1735 580 1938 633 Καλὸν
1975 580 2083 651 γάρ
2128 596 2229 648 μοι
2263 578 2525 649 μᾶλλον,
2565 581 2753 651 φησὶν,
2797 581 3143 646 ἀποθανεῖν,
3178 583 3217 647 ἢ
3247 582 3318 636 τὸ

1735 662 2016 731 καύχημά
2042 678 2162 730 μου
2189 663 2290 715 ἳνα
2316 680 2406 727 τις
2431 663 2690 730 κενώσῃ·
2714 664 2815 716 οὐκ
2836 664 3022 735 ἐπειδὴ
3048 666 3319 734 ἐκαυχᾶτο

1734 744 1918 807 αὐτός,
1958 744 2073 798 ἀλλ’
2106 744 2194 797 ἶνα
2235 746 2309 816 μὴ
2339 746 2463 815 δόξῃ
2492 746 2769 809 ὀνειδίζειν
2815 747 3018 809 αὐτοῖς.
3062 746 3317 814 Ούδαμοῦ

1735 826 1845 895 γὰρ
1877 823 1984 879 οἶδε
2017 826 2325 897 καυχᾶσθαι
2351 828 2444 879 ἐπὶ
2477 829 2591 891 τοῖς
2614 828 2779 881 αὑτοῦ
2811 829 3215 901 κατορθώμασι,
3242 828 3318 902 μὴ

1736 909 2029 973 καλοῦντος
2094 909 2310 981 καιροῦ,
2367 909 2503 964 ἀλλά
2563 913 2667 966 κάν
2723 911 3067 983 ἀναγκασθῇ,
3103 912 3317 984 ἄφρονα

1743 992 1939 1046 ἐαυτὸν
1967 990 2141 1045 καλεῖ.

1808 1076 1872 1128 Et
1904 1075 1963 1128 δέ
2008 1092 2139 1127 ποτε
2166 1074 2260 1127 καὶ
2294 1074 2586 1145 καυχᾶται,
2619 1075 2677 1127 ἐν
2705 1075 3032 1139 ἀσθενείαις,
3066 1077 3125 1129 ἐν
3155 1075 3319 1148 ὕϐρε-

1741 1176 1847 1223 σιν,
1878 1159 1938 1211 ἐν
1969 1158 2047 1228 τῷ
2075 1158 2320 1229 σφοδρῶς
2363 1158 2646 1227 συναλγεῖν
2683 1162 2797 1221 τοῖς
2836 1159 3315 1230 ἐπηρεαζομένοιςο

1739 1242 1928 1313 ὥσπερ
1956 1238 2048 1295 οῦν
2078 1242 2173 1295 καὶ
2204 1240 2440 1294 ἐνταῦθά
2471 1258 2627 1312 φησι,
2656 1241 2756 1307 Τίς
2779 1243 3042 1304 ἀσθενεῖ,
3076 1243 3175 1296 καί
3206 1244 3317 1297 οὐκ

1739 1323 2011 1387 ἀσθενῶ;
2031 1323 2214 1376 Ταῦτα
2239 1324 2335 1376 καὶ
2359 1323 2621 1377 κινδύνων
2658 1324 2826 1395 μείζω
2854 1325 2923 1378 τὰ
2960 1326 3202 1394 ῥήματα·
3232 1327 3314 1379 διὸ

1742 1407 1837 1461 καὶ
1863 1406 2091 1477 ὕστερον
2113 1406 2253 1460 αύτά
2272 1406 2504 1478 τίθησιν,
2533 1407 2711 1474 αὔξων
2736 1408 2827 1461 τὸν
2849 1408 3025 1475 λόγον.
3052 1408 3207 1473 Τίνος
3227 1405 3319 1462 οῦν

1743 1489 1810 1542 ἂν
1835 1489 2028 1559 εἴημεν
2062 1488 2202 1553 ἄξιοι
2245 1490 2407 1560 ἡμεῖς
2431 1490 2567 1560 πρὸς
2596 1492 2802 1543 ἐκεῖνον
2834 1490 3233 1562 ἐξεταζόμενοι.
3268 1492 3319 1544 οἱ

1746 1572 1887 1642 μήτε
1936 1571 2236 1642 χρημάτων
2279 1571 2746 1643 καταφρονοῦντες
2792 1572 2860 1625 δι’
2898 1574 3046 1644 ἡμᾶς
3098 1574 3319 1636 αὐτοὺς,

1744 1655 1883 1724 μήτε
1930 1653 2000 1707 τά
2042 1653 2275 1724 περιττά
2319 1655 2634 1724 προϊέμενοι
2663 1654 2772 1707 τῶν
2803 1654 3009 1721 δντων;
3054 1656 3191 1708 Ἀλλ’
3219 1655 3321 1707 οὐκ

1742 1736 1948 1798 ἐκεῖνος
1976 1733 2169 1799 οὕτως,
2205 1734 2343 1788 ἀλλά
2370 1737 2465 1788 καὶ
2489 1736 2587 1807 τὴν
2613 1736 2790 1808 ψυχὴν
2816 1737 2911 1790 καὶ
2936 1737 2997 1791 τὸ
3032 1737 3189 1808 σῶμα
3217 1738 3320 1790 ἐπ-

1742 1819 1935 1885 εδίδου,
1962 1817 2047 1871 ἵνα
2067 1818 2117 1871 οί
2143 1817 2465 1882 λιθάσαντες
2485 1819 2646 1872 αὐτὸν
2674 1821 2768 1873 καὶ
2792 1820 3137 1890 ραπίσαντες,
3170 1820 3321 1890 βασι-

1741 1902 1892 1965 λείας
1920 1904 2271 1971 ἐπιτύχωσιν.
2299 1901 2455 1954 Οῦτω
2482 1902 2592 1972 γάρ
2627 1919 2716 1972 με,
2751 1903 2935 1972 φησὶν,
2962 1904 3183 1973 ἀγαπᾷν
3212 1902 3322 1956 ἐδί-

1743 1984 1901 2051 δαξεν
1926 1986 1953 2037 ὁ
1973 1983 2229 2054 Χριστὸς,
2258 1984 2287 2036 ὁ
2308 1983 2406 2053 τὴν
2436 1983 2605 2054 καλὴν
2636 1984 2856 2055 ἐντολὴν
2881 1985 3196 2038 καταλιπὼν
3221 1984 3321 2054 τὴν

1744 2069 1873 2139 περὶ
1911 2066 2011 2135 τῆς
2039 2066 2280 2135 ἀγάπης,
2307 2066 2401 2119 καὶ
2422 2065 2489 2137 ἥν
2515 2067 2674 2128 αὐτὸς
2700 2066 2788 2119 διά
2814 2067 2921 2120 τῶν
2947 2067 3122 2138 ἔργων
3154 2066 3323 2137 ἐπλή-

1749 2168 1909 2224 ρωσε.
1934 2150 2045 2203 Kal
2067 2149 2176 2219 γάρ
2208 2148 2459 2219 βασιλεὺς
2486 2149 2597 2202 τῶν
2624 2150 2761 2203 ὅλων
2779 2151 3082 2221 τυγχάνων,
3110 2149 3323 2217 καὶτῆς

1750 2232 2024 2304 μακαρίας
2052 2232 2266 2302 ἐκείνης
2292 2231 2507 2299 φύσεως
2532 2230 2627 2292 ὢν,
2663 2233 2997 2304 ἀνθρώπους,
3020 2232 3112 2297 οῦς
3140 2233 3198 2299 ἐξ
3223 2232 3323 2287 οὐκ

1745 2317 1913 2370 ὄντων
1942 2314 2185 2386 ἐποίησε,
2215 2314 2310 2367 καὶ
2344 2313 2437 2377 οὓς
2478 2316 2648 2386 μυρία
2692 2315 3051 2387 εὐηργέτησε,
3097 2314 3323 2379 τούτους

1747 2397 2069 2469 ὑϐρίζοντας
2120 2397 2214 2449 καὶ
2264 2395 2622 2461 διαπτύοντας
2665 2398 2767 2451 οὐκ
2810 2399 3158 2470 ἀπεστράφη,
3186 2398 3324 2451 ἀλλά

1747 2482 1844 2533 καὶ
1873 2480 2162 2549 ἄνθρωπος
2191 2479 2407 2546 ἐγένετο
2438 2479 2505 2531 δι’
2531 2481 2751 2545 αὐτοὺς,
2776 2482 2873 2534 καὶ
2910 2480 3321 2552 συνανεστράφη

1748 2562 1975 2633 πόρναις
2005 2562 2101 2615 καὶ
2125 2561 2405 2625 τελώναις,
2428 2563 2523 2616 καὶ
2549 2564 2674 2626 τοὺς
2694 2564 3069 2635 δαιμονῶντας
3113 2565 3321 2625 ίάσατο,

1750 2647 1844 2699 καὶ
1866 2645 1957 2700 τὸν
1985 2645 2213 2716 οὐρανὸν
2240 2644 2621 2715 ἐπηγγείλατο.
2647 2646 2757 2700 Kal
2789 2646 2925 2717 μετά
2950 2646 3123 2700 ταῦτα
3148 2647 3327 2701 πάντα

1749 2728 2004 2791 λαϐόντες
2050 2728 2211 2781 αὐτὸν
2266 2728 2590 2799 ἐῤῥάπισαν,
2642 2730 2860 2799 ἔδησαν,
2921 2730 3326 2798 ἐμαστίγωσαν,

1752 2811 2139 2881 κατεγέλασαν,
2165 2811 2321 2875 τέλος
2350 2811 2720 2883 ἐσταύρωσαν.
2748 2814 2855 2865 Kal
2884 2813 3004 2865 ούδέ
3031 2812 3203 2876 οὕτως
3224 2813 3329 2865 ἀπ-

1718 2894 1721 2899 ’
1752 2894 2067 2967 εστρέφετο,
2098 2894 2235 2949 ἀλλά
2282 2896 2378 2949 καὶ
2402 2896 2529 2949 Δάνω
2557 2896 2633 2949 ὢν
2672 2897 2731 2949 ἐν
2773 2895 2852 2965 τῷ
2890 2896 3127 2966 σταυρῷ,
3172 2895 3324 2965 φησί’

1752 2977 1965 3046 Πάτερ,
2004 2976 2153 3046 ἄφες
2190 2976 2394 3044 αὐτοῖς
2439 2979 2555 3045 τὴν
2610 2980 2923 3047 ἁμαρτίαν.
2980 2978 3085 3031 Τὸν
3128 2978 3188 3031 δέ
3223 2977 3331 3049 πρὸ

1751 3060 1945 3114 τούτου
1968 3059 2378 3131 κατηγοροῦντα
2415 3060 2619 3135 λῃστὴν
2647 3062 2740 3115 καὶ
2762 3062 2843 3125 είς
2871 3061 3197 3132 παράδεισον
3219 3060 3333 3112 είσ-

1755 3143 1955 3213 ήγαγε,
1997 3142 2095 3196 καὶ
2126 3142 2219 3195 τὸν
2250 3142 2486 3214 διώκτην
2521 3144 2730 3198 Παῦλον
2758 3144 3054 3198 ἀπόστολον
3084 3142 3331 3212 ἐποίησε,

1754 3226 1853 3281 καὶ
1880 3226 2007 3289 τοὺς
2030 3225 2263 3289 οἰκείους
2294 3228 2421 3290 τοὺς
2445 3227 2609 3281 αὑτοῦ
2636 3228 2731 3281 καὶ
2760 3227 3154 3299 ἀνακειμένους
3184 3224 3334 3295 αὐτῷ

1760 3308 2008 3381 μαθητάς
2030 3310 2108 3371 είς
2135 3309 2362 3364 θάνατον
2390 3311 2622 3378 ἐξεδίδου
2651 3310 2738 3365 διά
2757 3311 2884 3375 τοὺς
2914 3309 3336 3380 σταυρώσαντας

1758 3392 1921 3448 αὐτὸν
1975 3392 2283 3456 Ἰουδαίους.
2322 3394 2486 3447 Ταῦτ’
2532 3392 2626 3448 οὖν
2681 3396 2895 3449 ἅπαντα
2949 3394 3079 3464 παρ’
3122 3393 3337 3455 ἑαυτοῖς

1761 3475 2110 3543 συλλέγοντες
2154 3476 2224 3529 τά
2249 3474 2344 3529 τοῦ
2377 3476 2535 3541 Θεοῦ,
2564 3476 2635 3530 τά
2659 3476 2765 3530 τῶν
2801 3472 3125 3548 ἀνθρώπων,
3164 3472 3339 3545 ζηλώο

1762 3576 1945 3629 σωμεν
1970 3557 2144 3612 ταῦτα
2168 3560 2239 3612 τά
2275 3560 2699 3632 κατορθώματα,
2722 3560 2817 3614 καὶ
2843 3560 2941 3631 τὴν
2979 3558 3338 3631 χαρισμάτων

1761 3642 2022 3696 ἁπάντων
2046 3642 2328 3712 ἀνωτέραν
2359 3635 2691 3714 κτησώμεθα
2718 3645 2959 3714 ἀγάπην,
2993 3642 3079 3696 ἵνα
3118 3639 3341 3695 καὶτῶν

1761 3726 2046 3797 παρόντων
2102 3726 2198 3778 καὶ
2228 3726 2338 3779 τῶν
2373 3727 2675 3796 μελλόντων
2710 3728 3056 3798 ἐπιτύχωμεν
3097 3724 3339 3794 ἀγαθῶν·

1762 3804 1839 3864 ὧν
1883 3809 2090 3877 γένοιτο
2129 3809 2335 3873 πάντας
2368 3811 2515 3881 ἡμᾶς
2545 3812 2843 3881 ἐπιτυχεῖν,
2872 3812 3055 3881 χάριτι
3096 3809 3192 3862 καὶ
3218 3807 3342 3876 φιλ-

1765 3891 2048 3963 ανθρωπίᾳ
2095 3890 2243 3965 [299]
2284 3891 2380 3947 τοῦ
2422 3895 2627 3964 Κυρίου
2675 3893 2834 3965 ἡμῶν
2877 3891 3052 3963 Ἰησοῦ
3080 3887 3341 3962 Χριστοῦ,

1768 3974 1885 4045 μεθ’
1899 3966 1962 4027 οῦ
1985 3974 2062 4045 τῷ
2086 3975 2284 4045 Πατρὶ,
2305 3974 2424 4046 ἀμα
2441 3976 2520 4047 τῷ
2540 3976 2683 4049 ἀγίῳ
2704 3976 3006 4047 Πνεύματι,
3031 3974 3180 4039 δόξα,
3203 3972 3344 4044 κρά-

1764 4074 1879 4122 τος,
1910 4059 2069 4129 τιμὴ,
2090 4057 2184 4111 νῦν
2204 4060 2301 4115 καὶ
2321 4059 2431 4126 ἀεὶ,
2463 4062 2558 4115 καὶ
2582 4062 2662 4126 είς
2692 4061 2819 4125 τοὺς
2847 4059 3049 4123 αίῶνας
3077 4058 3187 4112 τῶν
3213 4054 3345 4111 αἰώ-

1768 4157 1899 4195 νων.
1933 4140 1993 4193 ’Δ
2001 4141 2129 4212 μήν.

1490 4568 1737 4623 ΟΜΙΛΙΔ
1782 4569 1906 4625 ΛΡ.

87 4738 113 4789 VL
133 4734 365 4807 ἀγάπη
414 4730 824 4803 μακροθυμεῖ,
882 4728 1297 4800 χρηστεύεται,
1342 4725 1417 4781 οὐ
1472 4720 1665 4794 ζηλοῖ,

322 4821 413 4874 οὐ
448 4814 909 4885 περπερεύεται,
943 4817 1016 4869 οὐ
1054 4813 1377 4884 φυσιοῦται

93 4995 161 5047 α’.
204 4987 463 5057 Ἐπειδὴ
514 4984 629 5055 γάρ
667 4978 1003 5053 ἀπεφήνατο.
1030 4980 1111 5033 ὅτι
1149 4978 1243 5032 καὶ
1290 4975 1525 5038 πίστεως
1570 4974 1667 5028 κα)⁸

96 5078 297 5139 ὦσεως
338 5074 454 5128 καὶ
486 5067 836 5139 προφητείας
861 5066 956 5118 καὶ
980 5062 1241 5131 γλωσσῶν
1265 5061 1363 5114 καὶ
1387 5058 1661 5129 χαρισμάο

97 5179 126 5211 ν
161 5162 266 5214 καὶ
293 5158 593 5230 ἰαμάτων
620 5155 713 5207 καὶ
745 5151 857 5221 βίου
886 5149 1055 5219 ἄκρου
1084 5155 1178 5200 καὶ
1208 5144 1508 5230 μαρτυρίου
1538 5141 1662 5230 ταύ-

99 5264 113 5308 ς
148 5226 441 5315 ἀπούσης
483 5236 653 5293 οὐδὲν
690 5234 881 5305 ὄφελος
918 5232 1078 5302 μέγα,
1131 5228 1443 5297 ἀναγκαίως
1474 5226 1663 5315 λοιπὸν

101 5330 356 5400 δγράφει
390 5313 473 5378 τὸ
514 5320 719 5383 κάλλος
753 5317 925 5386 αὐτῆς
959 5315 1020 5400 τί)
1068 5313 1687 5400 ἀμήχανον,καθάπερ⁸

103 5414 125 5467 l
169 5397 486 5486 ’χρώμασι
555 5406 670 5466 τοῖς
725 5399 1317 5486 μέρεσι-τῆςηάρετῆξ
1345 5397 1442 5468 τὴν
1477 5397 1663 5486 εἰκόνα

105 5480 696 5567 τῆξάαξτακοσμῶν,
749 5483 847 5537 καὶ
894 5481 963 5535 τὰ
1013 5480 1147 5552 μέλη
1187 5482 1355 5551 αὐτῆς
1394 5482 1663 5545 συντιθεὶς

223 5572 580 5650 ἀκριϐείας
635 5568 871 5623 ἅπαντα.
1149 5564 1661 5640 μὴ’παραδράμῃςι

109 5648 325 5737 ιπιινιτὲ,⁷
371 5660 459 5714 τὰ
525 5652 828 5724 λεγόμενα,
868 5649 981 5706 ἀλλ’
1029 5648 1261 5705 ἕκαστον
1294 5649 1474 5706 αὐτῶν
1525 5650 1663 5723 μετά

1768 4724 1973 4798 πολλῆς
2013 4723 2235 4792 ἐξέταζε
2280 4724 2378 4795 τῆς
2419 4722 2758 4795 ἐπιμελείας,
2792 4724 2881 4779 ἱνα
2930 4724 3025 4780 καὶ
3065 4725 3160 4779 τοῦ
3198 4730 3341 4800 πρά·

1768 4825 1975 4879 γματος
2013 4811 2161 4881 εἰδῇς
2201 4809 2294 4863 τὸν
2331 4808 2627 4880 θησαυρὸν,
2669 4808 2765 4861 καὶ
2792 4808 2887 4862 τοῦ
2924 4809 3216 4880 ζωγράφου
3245 4810 3343 4882 τὴν

1763 4893 1979 4965 τέχνην.
2013 4894 2212 4947 Σκόπει
2266 4891 2399 4962 γοῦν
2440 4891 2604 4945 πόθεν
2644 4892 2847 4956 εὐθέως
2898 4893 3120 4964 ἤρξατο,
3170 4894 3262 4947 καὶ
3289 4894 3343 4948 τί

1762 4976 1975 5031 τέθεικε
2007 4977 2224 5049 πρῶτον
2248 4977 2308 5030 τὸ
2338 4975 2558 5029 πάντων
2591 4975 2764 5029 αἴτιον
2788 4974 2897 5028 τῶν
2924 4975 3166 5044 ἀγαθῶν.
3194 4976 3261 5029 Τί
3286 4977 3342 5031 δὲ

1763 5059 1920 5113 τοῦτό
1974 5062 2121 5127 ἐστι;
2175 5058 2578 5131 Μακροθυμία·
2628 5058 2768 5128 αὕτη
2818 5059 2921 5129 τῆς
2966 5060 3342 5131 φιλοσοφίαςή

1772 5142 1897 5214 ῥίζα
1925 5144 2123 5214 πάσης.
2154 5144 2244 5196 Διὸ
2270 5143 2364 5196 καί
2391 5159 2474 5205 τις
2512 5140 2672 5211 σοφὸς
2700 5140 2854 5210 ἔλεγε
2877 5157 2893 5173 ·
2946 5143 3344 5212 Μακρόθυμος

1768 5226 1923 5295 ἀνὴρ
1954 5227 2148 5293 πολὺς
2175 5227 2245 5279 ἐν
2272 5222 2585 5295 φρονήσει,
2613 5226 2647 5278 ό
2668 5222 2738 5277 δὲ
2772 5226 3142 5294 ὀλιγόψυχος
3174 5227 3345 5295 ισχυ-

1760 5309 1884 5377 ρῶς
1938 5309 2161 5379 ἄφρων.
2216 5308 2326 5363 Kal
2379 5307 2535 5360 πόλει
2580 5306 2637 5360 δὲ
2683 5307 3020 5378 παραϐαλὼν
3062 5310 3156 5362 καὶ
3202 5310 3341 5381 αὐτῇ

1772 5395 1987 5465 ίσχυρᾷ,
2022 5391 2437 5462 ἀσφαλεστέραν
2469 5390 2639 5460 αὐτὴν
2689 5390 2891 5461 ἔφησεν
2939 5392 3157 5463 ἐκείνης
3180 5386 3339 5445 εἶναι.

1771 5480 1880 5533 Kal
1908 5481 2018 5549 γὰρ
2043 5478 2204 5531 ὅπλον
2240 5478 2386 5530 ἐστὶν
2412 5475 2645 5545 ἄμαχον,
2678 5476 2771 5527 καὶ
2816 5472 3024 5546 πύργος
3057 5491 3138 5535 τις
3165 5474 3341 5546 άῤῥαο

1770 5564 1893 5634 γὴς,
1925 5562 2104 5616 πάντα
2149 5558 2548 5630 διακρουομένη
2591 5556 2792 5630 ῥᾳδίως
2824 5558 2893 5609 τά
2946 5556 3185 5628 λυπηρά.
3232 5557 3342 5610 Kal

1772 5645 2023 5717 καθάπερ
2054 5646 2133 5709 είς
2155 5643 2390 5700 ἄϐυσσον
2417 5639 2651 5713 σπινθὴρ
2676 5639 2935 5711 ἐμπεσὼν
2983 5640 3199 5711 ἐκείνην
3243 5638 3342 5710 μέν
