3802 6214
448 297 601 352 οὐδὲν
636 296 1005 368 παρέϐλαψεν,
1030 299 1191 363 αὐτὸς
1225 299 1282 353 δέ
1313 299 1544 370 ἐσϐέσθη
1574 301 1789 371 ῥαδίως·
1842 300 2014 365 οὕτως

441 386 523 447 εἰς
549 384 902 454 μακρόθυμον
935 382 1114 453 ψυχὴν
1137 384 1274 454 ὅπερ
1303 384 1371 437 ἂν
1411 386 1630 457 ἐμπέσῃ
1677 384 1787 437 τῶν
1819 386 2018 455 ἀδοκή-

440 482 571 529 των,
610 465 766 519 τοῦτο
806 465 907 533 μὲν
937 465 1259 534 ἀφανίζεται
1318 466 1535 537 ῥᾳδίως,
1593 468 1811 537 ἐκείνην
1856 467 1913 521 δέ
1955 466 2017 520 οὐ

438 550 720 618 ταράττει.
744 548 855 602 Καὶ
880 549 989 618 γάρ
1020 549 1237 605 πάντων
1261 549 1612 620 στερρά-τερον
1644 549 2014 620 μακροθυμία·

440 632 547 688 κᾶν
583 631 925 701 στρατόπεδα
952 632 1134 704 εἴπῃς,
1184 632 1289 687 κᾶν
1322 633 1606 702 χρήματα,
1647 634 1750 686 κᾶν
1794 634 2013 695 ἵππους,

440 713 545 768 κᾶν
575 714 753 783 τείχη,
792 713 895 766 κᾶν
924 714 1085 776 ὅπλα,
1115 714 1219 769 κᾶν
1246 714 1446 776 ὁτιοῦν,
1475 715 1629 768 οὐδὲν
1658 716 1773 768 ἴσον
1807 732 2015 786 μακρο-

442 796 641 866 θυμίας
686 799 851 865 ἐρεῖς.
884 796 940 851 '0
998 797 1099 866 μὲν
1140 798 1250 867 γάρ
1289 799 1475 852 ἐκεῖνα
1524 798 2040 868 περιϐεϐλημένος,

445 879 550 930 ὑπὸ
584 878 756 947 θυμοῦ
787 878 1083 948 κρατηθεὶς
1122 879 1404 943 πολλάκις.
1440 881 1692 951 καθάπερ
1731 882 2016 951 μειράκιον

442 960 679 1024 εὐτελὲς,
731 962 1145 1030 περιτρέπεται,
1188 964 1282 1015 καί⁵
1332 963 1510 1016 πάντα
1552 964 1783 1034 θορύϐου
1815 965 2016 1033 πληροῖ

441 1043 535 1095 καὶ
563 1042 731 1113 ζάλης
754 1059 768 1075 ·
824 1036 980 1107 οὗτος
1018 1044 1075 1098 δὲ
1110 1044 1298 1116 ὥσπερ
1339 1047 1398 1098 ἐν
1447 1046 1629 1117 λιμένι
1680 1047 2013 1117 καθήμενος,

442 1126 665 1197 βαθείας
693 1127 957 1183 ἀπολαύει
1000 1129 1240 1200 γαλήνης
1266 1145 1281 1159 ·
1338 1130 1443 1183 κᾶν
1471 1131 1646 1200 ζημίᾳ
1689 1130 2013 1203 περιὸἀλῃςν

438 1212 541 1266 οὐκ
577 1212 837 1282 ἐκίνησας
861 1214 961 1282 τὴν
988 1212 1217 1284 πέτραν,
1257 1213 1362 1266 κᾶν
1390 1213 1548 1284 ὕϐριν
1574 1214 1884 1287 ἐπαγάγῃς,
1915 1216 2017 1267 οῦκ

439 1295 656 1359 ἔσεισας
693 1297 786 1349 τὸν
817 1296 1047 1365 πύργον,
1106 1296 1212 1349 κᾶν
1259 1295 1477 1364 πληγὰς
1528 1299 1891 1369 προστρίψῃς,
1916 1299 2017 1350 οὐκ

439 1378 682 1449 ἓπληξας
714 1378 806 1432 τὸν
838 1378 1121 1447 ἀδάμαντα
1143 1393 1157 1409 ·
1218 1379 1313 1431 καὶ
1350 1380 1459 1451 γὰρ
1499 1380 1883 1449 μακρόθυμος
1928 1380 2017 1435 διὰ

439 1461 600 1521 τοῦτο
630 1462 863 1529 λέγεται,
896 1462 1082 1532 ἐπειδὴ
1114 1462 1329 1533 μακράν
1359 1480 1482 1516 τινα
1510 1464 1605 1517 καὶ
1634 1463 1877 1534 μεγάλην
1901 1463 2014 1533 ἔχει

434 1543 636 1613 ψυχήν·
672 1544 732 1597 τὸ
765 1543 871 1615 7&9
911 1544 1140 1614 μακρὸν,
1186 1544 1283 1598 καλ⁵
1346 1545 1489 1614 μέγα
1548 1545 1790 1615 λέγεται.
1856 1545 2015 1599 Ἀλλά

437 1625 597 1682 τοῦτο
646 1624 709 1681 τὸ
755 1626 920 1683 καλὸν
953 1626 1063 1680 ἀπὸ
1116 1629 1215 1690 τῆς
1265 1629 1488 1697 ἀγάπης
1536 1628 1751 1698 φύεται,
1777 1628 1873 1682 καί
1900 1631 2015 1691 τοῖς

437 1708 797 1778 κεκτημένοις
843 1708 939 1762 καὶ
988 1712 1103 1772 τοῖς
1150 1710 1486 1765 ἀπολαύουσι
1532 1712 1736 1782 πολλὴν
1770 1712 2013 1781 παρέχον

437 1790 537 1861 τὴν
580 1792 870 1860 ὠφέλειαν.
930 1794 1021 1860 Μὴ
1080 1792 1192 1863 γάρ
1234 1811 1324 1863 μοι
1376 1795 1504 1857 τοὺς
1552 1795 2013 1864 ἀπεγνωσμένους

438 1873 623 1944 εἴπῃς,
664 1874 715 1927 οἳ
747 1874 1032 1938 ποιοῦντες
1082 1875 1271 1938 κακῶς
1308 1876 1404 1929 καὶ
1459 1877 1534 1948 μὴ
1577 1878 1879 1948 πάσχοντες
1910 1893 2014 1930 κα-

437 1956 575 2019 κῶς,
606 1958 825 2028 χείρους
862 1958 1123 2027 γίνονται.
1168 1959 1433 2013 Ἐνταῦθα
1477 1960 1585 2031 γὰρ
1622 1960 1683 2012 οὐ
1717 1960 1870 2030 παρὰ
1912 1960 2011 2031 τὴν

440 2040 825 2110 μακροθυμίαν
854 2041 1067 2105 τούτου,
1096 2042 1233 2095 ἀλλά
1284 2044 1415 2112 παρ’
1463 2043 1708 2106 ἐκείνους
1751 2044 1880 2107 τοὺς
1911 2044 2013 2097 οὐκ

436 2123 521 2185 είς
548 2122 665 2177 δέον
691 2124 825 2194 αὐτῇ
854 2125 1169 2194 χρωμένους
1198 2125 1356 2177 τοῦτο
1380 2126 1686 2196 συμϐαίνει.
1712 2127 1804 2196 Μὴ
1830 2126 2012 2178 τοίνυν

439 2220 533 2273 μοι
585 2204 807 2268 τούτους
865 2206 1046 2276 εῐπῃς,
1087 2205 1223 2259 ἀλλά
1262 2208 1390 2270 τοὺς
1445 2208 1905 2278 ἐπιεικεστέρους,
1959 2207 2009 2259 οἳ

439 2287 658 2357 μεγάλα
706 2287 958 2343 ἐντεῦθεν
1008 2289 1402 2360 κερδαίνουσιν.
1443 2290 1613 2343 Ὅταν
1662 2291 1770 2362 γὰρ
1823 2291 2010 2353 κακῶς

436 2372 767 2440 ποιήσαντες
817 2370 892 2441 μὴ
948 2371 1164 2424 πάθωσι
1217 2371 1425 2436 κακῶς,
1454 2373 1555 2442 τὴν
1587 2373 1879 2443 πραΰτητα
1914 2372 2009 2425 τοῦ

436 2450 589 2523 [500]
616 2452 881 2516 παθόντος
907 2453 1306 2523 θαυμάσαντες.
1332 2454 1595 2524 μεγίστην
1619 2454 1867 2507 ἐντεῦθεν
1883 2472 2011 2525 καρ-

434 2536 663 2592 ποῡνται
689 2536 1003 2605 φιλοσοφίας
1029 2536 1397 2589 διδασκαλίαν.
1420 2537 1592 2599 Αὐτὸς
1614 2537 1669 2590 δὲ
1695 2538 1816 2590 οὐδὲ
1848 2538 2009 2608 μέχρι

433 2618 623 2672 τούτου
654 2618 892 2695 ἵσταται,
919 2619 1056 2673 ἀλλὰ
1078 2620 1173 2672 καὶ
1198 2622 1268 2673 τά
1295 2619 1429 2674 ἀλλα
1462 2621 1633 2690 αὐτῆς
1653 2622 1851 2690 ἐπάγει
1880 2639 2011 2674 κατ·
2036 2637 2039 2640 '

432 2702 750 2772 ορθώματα,
797 2702 1004 2771 λέγων·
1049 2705 1470 2771 Χρηστεύεται.
1521 2705 1737 2775 Ἐπειδὴ
1792 2706 1897 2776 γάρ
1924 2723 2009 2758 τι·

434 2784 524 2848 νές
557 2785 714 2850 εἰσιν,
743 2785 791 2837 οἰ
821 2788 888 2856 τῇ
922 2786 1274 2857 μακροθυμίᾳ
1301 2788 1402 2840 οὐκ
1439 2788 1521 2849 εἰς
1546 2787 1646 2858 τήν
1682 2788 1890 2840 οἰκείαν
1914 2788 2007 2840 κέ-

434 2885 668 2940 χρηνται
706 2869 1047 2937 φιλοσοφίαν,
1083 2869 1202 2924 ἀλλ’
1226 2872 1306 2932 εἰς
1348 2872 1448 2939 τὴν
1487 2870 1700 2941 ἄμυναν
1731 2871 1840 2923 τῶν
1870 2889 2011 2941 παρ-

432 2952 763 3018 οξυνάντων,
808 2952 1235 3023 διαρρηγνύντες
1273 2954 1520 3017 ἑαυτοὺς,
1569 2956 1731 3023 φησὶν
1767 2955 1851 3006 ὅτι
1888 2954 2010 3006 ούδέ

432 3033 593 3088 τοῦτο
639 3034 752 3104 ἔχει
784 3035 845 3089 τὸ
889 3035 1198 3105 ἐλάττωμα.
1246 3035 1337 3088 Διὸ
1395 3037 1492 3090 καί.
1533 3038 1804 3107 ἐπήγαγε,
1852 3039 2008 3105 Χρη-

431 3118 728 3173 creverat.
757 3117 833 3170 Οὐ
854 3116 965 3188 γὰρ
994 3118 1087 3170 ἐπὶ
1109 3117 1187 3188 τῷ
1212 3118 1313 3187 τὴν
1342 3118 1517 3187 φλόγα
1545 3119 1746 3187 ἀνάψαι
1768 3119 1876 3173 τῶν
1904 3119 2010 3173 ὑπὸ

432 3202 533 3270 τῆς
572 3201 741 3271 ὀργῆς
787 3201 1160 3270 ἐκκαιομένων
1189 3200 1526 3271 ἠθικώτερον
1554 3201 1740 3263 αὐτοῖς
1771 3203 2009 3273 κέχρην-

432 3299 547 3345 ται,
579 3283 696 3337 ἀλλ’
731 3284 824 3337 ἐπὶ
852 3282 932 3353 τῷ
966 3282 1348 3353 καταπραῧναι
1394 3284 1489 3336 καὶ
1520 3284 1877 3338 κατασϐέσαι·
1914 3287 2010 3339 καὶ

432 3365 495 3417 ού
531 3364 690 3431 μόνον
715 3365 793 3435 τῷ
823 3366 1011 3436 φέρειν
1044 3365 1326 3432 γενναίως,
1381 3365 1518 3419 ἀλλὰ
1566 3367 1661 3419 καὶ
1704 3367 1784 3436 τῷ
1840 3366 2005 3439 θεραο

435 3450 622 3501 πεύειν
646 3448 739 3502 καὶ
778 3448 1114 3519 παρακαλεῖν
1138 3448 1197 3501 τὸ
1226 3448 1381 3512 ἕλκος
1422 3449 1609 3501 ἰῶνται
1642 3450 1733 3504 καὶ
1761 3450 1823 3503 τὺ
1844 3451 2011 3521 τραῦ-

439 3549 515 3600 μα
566 3530 928 3601 θεραπεύουσι
976 3530 1071 3585 τοῦ
1107 3529 1299 3601 θυμοῦ·
1343 3534 1427 3585 Οὐ
1457 3532 1658 3599 ζηλοῖ·
1693 3534 1851 3587 Ἔστι
1895 3536 2007 3606 7&9

435 3613 531 3666 καὶ
571 3613 924 3683 μακρόθυμόν
942 3630 1063 3667 τινα
1096 3609 1239 3667 εἶναι
1268 3614 1361 3668 καί
1382 3614 1672 3684 βάσκανον,
1706 3618 1803 3671 καὶ
1830 3617 2008 3690 τούτῳ

434 3698 609 3752 ἐκεῖνο
658 3696 1029 3769 διαφθείρεται
1070 3697 1132 3752 τὸ
1176 3697 1524 3767 κατόρθωμα.
1562 3699 1701 3751 Ἀλλ’
1735 3698 1874 3772 αῦτη
1912 3704 2008 3755 καὶ

434 3778 591 3833 τοῦτο
629 3779 901 3849 διέφυγεν.
953 3782 1034 3835 Οὐ
1074 3781 1512 3847 περπερεύεται.
1568 3782 1879 3846 Τουτέστιν,
1932 3786 2005 3838 οὐ

434 3862 853 3932 προπετεύεται·
885 3863 978 3916 καὶ
1015 3862 1121 3934 γάρ
1158 3862 1378 3916 συνετὸν
1408 3863 1703 3933 ἐργάζεται
1748 3866 1840 3919 τὸν
1868 3868 2006 3935 ἀγα-

434 3945 621 3998 πῶντα
646 3947 742 3999 καὶ
775 3945 947 4016 βαρὺν
996 3948 1089 4001 καὶ
1142 3946 1431 4018 βεϐηκότα.
1483 3948 1603 4001 Τῶν
1640 3949 1738 4018 μὲν
1770 3949 1879 4021 γὰρ
1914 3953 2003 4003 αἰ-

434 4026 617 4099 σχρῶς
642 4027 938 4095 φιλούντων
967 4029 1098 4085 ἴδιον
1121 4030 1184 4082 τὸ
1211 4028 1498 4099 ἐλάττωμα
1531 4030 1709 4083 τοῦτο·
1739 4032 1768 4083 ὁ
1795 4032 1852 4085 δὲ
1877 4033 2005 4087 ταύσ

430 4127 532 4178 την
560 4110 718 4173 εἰδὼς
750 4109 846 4181 τὴν
882 4111 1121 4183 ἀγάπην,
1153 4112 1357 4165 τούτων
1393 4113 1629 4183 μάλιστα
1657 4114 1871 4169 πάντων
1899 4118 2003 4169 ἀπο

430 4192 715 4261 ήλλακται.
745 4194 913 4246 Ὅταν
942 4194 1050 4265 γὰρ
1100 4194 1271 4263 θυμὸς
1321 4194 1468 4249 ἐνδον
1516 4197 1591 4266 μὴ
1644 4194 1702 4268 ᾖ,
1744 4202 1838 4251 καὶ
1867 4216 2001 4267 προ-

430 4277 621 4329 πέτεια
649 4279 797 4329 πᾶσα
824 4276 1090 4347 ἀνῄρηται
1127 4278 1222 4330 καὶ
1255 4276 1434 4345 ῦὸρις.
1470 4279 1579 4330 Καὶ
1608 4282 1717 4349 γὰρ
1749 4281 2000 4353 καθάπερ

426 4375 510 4421 τις
537 4357 759 4429 ἄριστος
796 4361 1042 4429 γεωργὸς
1079 4359 1226 4413 ἔνδον
1269 4359 1621 4432 ἐγκαθημένη
1677 4365 1744 4433 τῇ
1788 4362 1934 4435 ψυχῇ
1967 4368 1999 4435 ἡ

424 4440 637 4511 ἀγάπη,
669 4442 770 4495 οὑκ
813 4442 1039 4511 ἀφίησιν
1082 4442 1237 4494 οὐδεν
1282 4442 1489 4496 τούτων
1545 4442 1845 4515 βλαστῆσαι
1891 4447 2001 4499 τῶν

421 4523 695 4577 ἀκανθῶν.
735 4525 819 4577 Οὐ
856 4524 1197 4592 φυσιοῦται.
1230 4525 1338 4577 Καὶ
1382 4527 1491 4596 7&9
1525 4525 1741 4596 ὁρῶμεν
1771 4527 2000 4595 πολλοὺς

422 4608 512 4659 ἐπ’
550 4608 734 4671 αὐτοῖς
772 4607 984 4670 τούτοις
1011 4610 1123 4670 τοῖς
1149 4607 1539 4679 κατορθώμασι
1573 4609 1715 4678 μέγα
1742 4612 2000 4681 φρονοῦν-

420 4705 540 4755 τας,
568 4685 680 4745 οἷον
705 4692 790 4744 ὅτι
833 4691 911 4761 μή
957 4692 1074 4743 ἐστι
1107 4691 1377 4760 βάσκανος
1410 4692 1545 4762 μηδὲ
1597 4694 1831 4764 πονηρὸς
1863 4696 1999 4766 μηδέ

418 4772 740 4843 όλιγάψυχος
789 4773 925 4844 μηδὲ
968 4774 1270 4845 προπετής.
1306 4774 1443 4828 Οὐδὲ
1492 4774 1601 4845 γὰρ
1649 4775 1866 4847 πλούτῳ
1902 4779 1998 4832 καί

422 4857 586 4928 πενίᾳ
611 4858 1002 4929 παρυφέστηκε
1030 4856 1100 4910 τά
1130 4856 1277 4911 κακά
1307 4856 1482 4911 ταῦτα
1512 4860 1703 4928 μόνον,
1728 4861 1864 4915 ἀλλά
1902 4865 1997 4916 καί⁴

420 4940 607 5001 αὐτοῖς
639 4942 752 5003 τοῖς
785 4939 946 5009 φύσει
970 4940 1178 5005 καλοῖς.
1214 4940 1356 4994 Ἀλλ’
1385 4942 1418 5010 ή
1448 4942 1634 5013 ἀγάπη
1670 4946 1807 5013 μετά
1837 4948 1996 5017 ἀκρι-

424 5021 580 5086 ϐείας
608 5023 926 5093 ἐκκαθαίρει
956 5026 1154 5078 πάντα.
1182 5025 1383 5079 Σκόπει
1413 5025 1469 5078 δέ
1492 5041 1506 5056 ⁸
1547 5026 1606 5080 '0
1643 5029 1995 5100 μακρόθυμος

420 5104 482 5157 ού
516 5106 733 5167 πάντως
761 5106 856 5161 καὶ
885 5108 1118 5176 χρηστός
1139 5125 1153 5138 ·
1190 5108 1255 5161 ἂν
1285 5108 1342 5162 δὲ
1374 5109 1449 5180 μὴ
1478 5107 1512 5177 ᾖ
1547 5111 1801 5181 χρηστὸς,
1828 5129 1996 5184 πονη-

425 5188 517 5261 ρία
544 5188 606 5241 τὸ
641 5189 874 5259 πρᾶγμα
901 5190 1131 5256 γίνεται,
1160 5192 1255 5246 καὶ
1280 5194 1579 5247 κινδυνεύει
1613 5195 1692 5257 εἰς
1724 5212 1986 5266 μνησικα⁸

421 5272 550 5325 κίαν
589 5273 869 5342 ἐμπεσεῖν.
905 5274 1003 5327 Διά
1047 5274 1203 5327 τοῦτο
1231 5275 1369 5347 αῦτη
1395 5277 1458 5330 τὸ
1486 5278 1780 5348 φάρμακον
1804 5279 1990 5347 δοῦσα,

420 5355 522 5426 τὴν
554 5355 899 5426 χρηστότητα
938 5356 1101 5424 λέγω,
1148 5358 1396 5428 καθαράν
1446 5360 1695 5432 διατηρεῖ
1725 5366 1824 5433 τὴν
1865 5365 1994 5433 ἀρε-

420 5442 545 5506 τήν.
576 5438 744 5491 Πάλιν
765 5441 796 5493 ό
823 5438 1059 5513 χρηστὸς
1085 5440 1344 5501 πολλάκις
1364 5442 1583 5508 εὔκολος
1607 5445 1838 5514 γίνεται,
1857 5447 1993 5504 ἀλλὰ

422 5521 520 5574 καὶ⁵
564 5520 724 5586 τοῦτο
762 5522 903 5593 αῦτη
945 5522 1274 5591 διορθοῦται·
1322 5524 1386 5581 Ἠ
1417 5526 1617 5596 ἀγάπη
1646 5528 1775 5598 γάρ,
1802 5532 1987 5600 φησὶν,

427 5607 499 5659 οὐ
538 5608 975 5675 περπερεύεται,
1029 5608 1102 5661 οὐ
1141 5608 1479 5677 φυσιοῦται.
1514 5611 1572 5662 ὐ
1626 5613 1859 5682 χρηστὸς
1894 5616 1989 5669 καὶ

1137 187 1193 241 S.
1235 184 1525 242 JOANNIS
1562 185 2055 243 CHRYSUSTOMI
2095 188 2417 247 ARCHIEP.
2459 186 3015 245 CONSTANTINOP.

3579 186 3669 243 278

2122 304 2478 375 μακρόθυμος
2506 302 2895 367 ἀλαζονεύεται
2922 300 3206 364 πολλάκις·
3230 298 3368 355 ἀλλά
3384 298 3480 353 καί
3492 298 3672 369 ταύτην

2118 385 2337 456 ἀναιρεῖ
2365 386 2466 455 τὴν
2493 385 2711 439 κακίαν.

2186 469 2250 537 β’.
2283 468 2392 523 Καὶ
2408 468 2512 522 θέα
2531 469 2647 531 πῶς
2674 468 2846 539 αὐτὴν
2873 464 2973 521 οὐκ
2996 467 3088 535 ἀφ’
3108 460 3183 520 ὧν
3215 465 3330 535 ἔχει
3353 466 3537 535 μόνον,
3559 466 3675 521 ἀλλά

2113 550 2205 602 καί
2235 551 2329 619 ἀφ’
2355 544 2431 604 ὧν
2467 552 2569 605 οὐκ
2599 551 2735 620 ἔχει,
2763 552 2979 620 κοσμεῖ.
3007 550 3119 602 Καὶ
3140 549 3251 620 7&9
3279 550 3489 619 ἀρετὴν
3510 550 3674 607 ἔπειτα

2112 634 2258 701 άγει,
2310 636 2404 687 καὶ
2456 634 2659 687 κακίαν
2690 635 2972 693 ἐκκόπτει,
3018 632 3175 701 φησὶ,
3242 632 3449 701 μᾶλλον
3489 631 3546 683 δέ
3573 632 3675 683 om

2112 715 2305 785 ἀφίησι
2333 715 2498 784 φῦναι
2532 717 2633 784 τὴν
2660 716 2856 785 ἀρχήν.
2902 715 3037 767 Οὐδὲ
3071 714 3180 785 7&9
3206 710 3352 777 εἷπε,
3379 712 3545 781 Ζηλοῖ
3577 714 3674 782 μὶν,

2112 800 2454 869 περιγίνεται
2489 799 2548 852 δὲ
2580 798 2674 851 τοῦ
2714 798 2933 865 φθόνου,
2960 798 3069 850 οὐδ’
3091 799 3175 851 ὅτι
3207 798 3550 850 ’Δπονοεῖται
3578 799 3675 865 μὲν,

2112 881 2330 945 κολάζει
2351 880 2408 933 δέ
2433 880 2495 933 τὸ
2528 880 2721 945 πάθος,
2764 879 2879 933 ἀλλ’
2904 881 2987 932 ὃτι
3018 882 3103 933 Οὐ
3140 877 3332 945 ζηλοῖ,
3365 881 3442 931 οὐ
3476 894 3676 945 περκεο

2105 966 2362 1032 ρεύεται,
2394 966 2466 1017 οὐ
2501 964 2856 1032 φυσιοῦται·
2904 961 2934 1014 ὃ
2977 962 3042 1033 δὴ
3076 962 3315 1031 μάλιστά
3342 963 3464 1015 ἐστι
3492 962 3679 1030 60091-

2114 1048 2259 1110 στὸν,
2284 1048 2366 1102 ὅτι
2399 1047 2495 1101 καὶ
2544 1047 2713 1118 χωρὶς
2758 1046 2935 1099 πόνων
2977 1045 3235 1115 κατορθοῖ
3260 1048 3330 1099 τὰ
3360 1045 3567 1112 ἀγαθὰ,
3603 1049 3679 1098 καὶ

2113 1131 2281 1199 χωρὶς
2308 1131 2545 1200 πολέμου
2578 1129 2671 1183 καὶ
2694 1130 3052 1199 παρατάξεως
3078 1128 3139 1181 τὸ
3166 1129 3439 1197 τρόπαιον
3460 1129 3679 1196 ἵστησιν.

2113 1215 2189 1267 Οὐ
2240 1214 2350 1285 γὰρ
2392 1215 2620 1285 ἀφίησιν
2670 1213 2898 1283 ἱδρῶσαι
2926 1213 3017 1266 τὸν
3050 1212 3264 1282 ἔχοντα,
3308 1214 3408 1265 καί¹
3442 1212 3681 1265 οῦτωτδσι

2115 1300 2375 1365 στέφανον
2414 1297 2621 1361 λαϐεῖν,
2664 1296 2783 1350 ἀλλ’
2814 1295 3047 1366 ἀπονητί
3096 1296 3317 1364 κομίζει
3346 1296 3413 1348 τὸ
3446 1296 3681 1364 βραϐεῖον

2112 1379 2281 1449 αὐτῷ.
2330 1380 2500 1433 Ἔνθα
2550 1381 2658 1450 7&9
2711 1380 2812 1431 οὐκ
2852 1378 3000 1431 ἔστιν
3045 1378 3343 1431 ἀντίπαλον
3395 1378 3577 1441 πάθος
3619 1378 3684 1447 τῷ

2114 1462 2352 1533 σώφρονι
2382 1464 2646 1534 λογισμῷ,
2680 1459 2833 1535 [5011
2867 1462 2954 1524 τίς
2988 1461 3055 1515 ἂν
3078 1460 3290 1528 γένοιτο
3320 1462 3533 1527 τεόνοςς
3578 1465 3681 1515 οὑν

2110 1546 2451 1614 ἀσχημονεῖ
2481 1559 2530 1599 ι.
2565 1546 2630 1598 Τί
2662 1546 2772 1614 γὰρ
2804 1544 2969 1611 λέγω,
3006 1545 3192 1613 φησὶν,
3234 1545 3320 1597 ὅτι
3353 1545 3418 1597 οὐ
3472 1545 3684 1612 φυσιοῦ-

2109 1646 2221 1694 ται,
2248 1629 2382 1681 ὅπου
2410 1644 2475 1695 γε
2500 1626 2755 1681 τοσοῦτον
2788 1627 2983 1696 ἀπέχει
3007 1625 3101 1678 τοῦ
3132 1626 3362 1690 πάθους,
3396 1627 3487 1679 ὅτι
3512 1629 3606 1679 καὶ
3628 1628 3687 1679 τά

2110 1711 2312 1781 ἔσχατα
2344 1710 2591 1764 παθοῦσα
2622 1710 2710 1763 διὰ
2745 1708 2837 1762 τὸν
2866 1708 3254 1777 ἀγαπώμενον.
3293 1709 3422 1761 οὐδὲ
3460 1709 3687 1779 ἀσχημο-

2112 1794 2281 1863 σύνην
2331 1793 2393 1846 τὸ
2447 1794 2682 1864 πρᾶγμα
2732 1791 2986 1861 νομίζει;
3046 1791 3160 1845 Οὐκ
3213 1788 3338 1844 εἶπε
3388 1791 3587 1855 πάλιν,
3616 1793 3687 1845 ὅτι

2109 1878 2413 1946 ἀσχημονεῖ
2464 1877 2587 1945 μὲν,
2638 1875 2796 1944 φέρει
2846 1874 2903 1927 δὲ
2948 1874 3049 1944 τὴν
3090 1872 3362 1943 αἰσχύνην
3401 1874 3687 1941 γενναίως,

2110 1957 2225 2010 ἀλλ’
2255 1960 2338 2012 ὅτι
2366 1957 2489 2011 οὐδὲ
2519 1957 2772 2027 αἴσθησίν
2808 1973 2931 2013 τινα
2959 1956 3229 2025 λαμῦάνει
3256 1959 3361 2027 τῆς
3402 1956 3686 2025 αἰσχύνης.

2108 2042 2171 2093 Εἰ
2201 2040 2311 2111 γὰρ
2352 2042 2401 2094 οἱ
2430 2041 2832 2110 φιλοχρήματοι
2876 2038 3056 2093 πάντα
3087 2038 3469 2107 ὑπομένοντες
3496 2038 3570 2089 τά
3601 2040 3687 2089 ἐκ.

2107 2121 2380 2175 ονείόιστα
2405 2122 2508 2188 τῆς
2535 2121 2841 2188 καπηλείας
2858 2120 3045 2174 ἐνεκεν
3060 2121 3300 2191 ἐκείνης,
3322 2121 3388 2173 ού
3411 2120 3586 2190 μόνον
3602 2121 3689 2172 οὐκ

2109 2204 2567 2272 ἑγκαλύπτονται,
2590 2204 2726 2258 ἀλλά
2757 2204 2852 2263 καὶ
2880 2204 3227 2272 ἀγάλλονται,
3264 2202 3459 2271 πολλῷ
3503 2202 3689 2272 μᾶλλον

2106 2291 2135 2341 ό
2164 2289 2261 2357 τὴν
2285 2288 2577 2359 ἐπαινετὴν
2598 2289 2805 2358 ταύτην
2833 2288 2972 2357 ἔχων
2998 2288 3245 2357 ἀγάπην,
3278 2287 3429 2357 ὑπὲρ
3463 2289 3569 2357 τῆς
3596 2286 3689 2339 τῶν

2109 2371 2447 2441 φιλουμένων
2489 2371 2793 2439 ἀσφαλείας
2846 2370 2999 2423 οὐδὲν
3043 2368 3224 2422 ὁτιοῦν
3263 2371 3688 2440 παραιτήσεται,

2108 2454 2201 2506 καί
2232 2453 2294 2507 ού
2336 2454 2496 2522 μόνον
2538 2455 2598 2507 οὺ
2638 2453 3038 2525 παραιτήσεται
3070 2452 3121 2517 ιι,
3150 2453 3266 2507 ἀλλ’
3295 2452 3427 2505 οὐδὲ
3476 2451 3690 2519 πάσχων

2107 2536 2443 2605 αἰσχύνεται·
2486 2534 2707 2590 ἀλλ’ἵνα
2739 2537 2814 2606 μὴ
2842 2536 2948 2590 ἀπὸ
2972 2535 3065 2589 τοῦ
3094 2534 3339 2606 πονηροῦ
3366 2535 3691 2605 πράγματος

2106 2620 2170 2672 τὸ
2205 2618 2553 2689 παράδειγμα
2597 2620 2876 2689 φέρωμεν,
2908 2619 3256 2689 ἐξετάσωμεν
3287 2618 3389 2671 ἐπὶ
3426 2617 3535 2670 τοῦ
3566 2618 3689 2686 Χρι-

2109 2701 2235 2754 στοῦ
2264 2701 2421 2755 τοῦτο
2448 2701 2601 2767 αὐτὸ,
2624 2703 2719 2754 καί¹
2734 2701 2855 2754 τότε
2885 2701 3129 2770 ὀψόμεθα
3150 2699 3245 2753 τοῦ
3279 2699 3581 2769 λεχθέντος
3608 2699 3693 2767 τὴν

2105 2784 2357 2853 δύναμιν.
2403 2784 2462 2836 '0
2516 2782 2626 2854 7&9
2657 2783 2863 2856 Κύριος
2912 2784 3070 2855 ἡμῶν
3106 2782 3317 2853 Ἰησοῦς
3369 2786 3400 2836 ὁ
3457 2781 3692 2853 Χριστὸς

2107 2867 2203 2923 καὶ
2247 2866 2539 2920 ἐνεπτύετο
2591 2867 2686 2919 καὶ
2734 2866 3063 2938 ἐρραπίζετο
3114 2868 3270 2939 παρά
3334 2867 3694 2937 ἀνδραπόδων

2106 2950 2358 3021 οἰκτρῶν·
2409 2950 2505 3003 καὶ
2548 2950 2610 3007 οὐ
2670 2950 2832 3023 μόνον
2881 2952 2983 3008 ούκ
3027 2953 3279 3023 ἐνόμιζεν
3325 2953 3691 3021 ἀσχημονεῖν.

2105 3031 2244 3086 ἀλλὰ
2272 3033 2368 3087 καὶ
2406 3032 2691 3103 ⁴ἰλγάλλετο,
2745 3036 2839 3088 καὶ
2891 3034 3049 3099 δόξαν
3074 3035 3134 3088 τὸ
3180 3036 3419 3104 πρᾶγμα
3470 3032 3691 3088 ἐκάλει·

2108 3118 2201 3173 καὶ
2220 3115 2422 3187 λῃστὴν
2454 3116 2548 3169 καὶ
2574 3116 2897 3188 ἀνδροφόνον
2926 3117 3048 3187 μεθ’
3078 3116 3271 3171 ἑαυτοῦ
3315 3116 3426 3187 πρὸ
3458 3116 3587 3169 τῶν
3614 3115 3696 3168 άλ-

2106 3200 2213 3254 λων
2242 3202 2321 3269 εἰς
2362 3200 2453 3254 τὸν
2472 3200 2816 3270 ’παράδεισον
2843 3201 3099 3269 εἰσάγων,
3124 3201 3218 3255 καὶ
3244 3201 3419 3270 πόρνῃ
3450 3199 3696 3264 δια-λεγό-

2111 3300 2291 3351 μενος,
2332 3284 2426 3337 καὶ
2453 3282 2625 3336 ταῦτα
2663 3283 2771 3336 τῶν
2808 3283 3190 3353 περιεστώτων
3217 3282 3490 3336 ἁπάντων
3534 3283 3697 3349 ἐγκα·

2106 3366 2363 3431 λούντων,
2394 3368 2495 3421 οὐκ
2520 3366 2737 3437 ἐνόμιζε
2760 3366 2821 3420 τὸ
2846 3368 3080 3437 πρᾶγμα
3113 3361 3253 3421 εἶναι
3273 3367 3537 3436 αἰσχρὸν,

2106 3450 2201 3505 καὶ
2244 3450 2419 3520 φιλεῖν
2459 3450 2598 3520 αὐτῇ
2646 3450 2775 3514 τοὺς
2807 3450 2977 3513 πόδας
3030 3452 3261 3520 παρεῖχε
3300 3450 3428 3511 τοὺς
3467 3447 3695 3512 ἑαυτοῦ,

2107 3534 2202 3589 καὶ
2229 3533 2443 3604 βρέχειν
2471 3532 2533 3585 τὸ
2564 3532 2723 3603 σῶμα
2748 3534 2862 3595 τοῖς
2895 3532 3147 3602 δάκρυσι,
3198 3532 3290 3585 καὶ
3337 3532 3696 3601 ἀπομάσσειν

2105 3619 2225 3680 ταῖς
2258 3616 2402 3687 θριξί
2424 3633 2439 3646 ·
2482 3616 2577 3668 καὶ
2607 3613 2777 3668 ταῦτα
2807 3616 2865 3667 ἐν
2896 3614 3048 3685 μέσῳ
3092 3615 3303 3685 θεάτρῳ
3331 3614 3444 3668 τῶν
3476 3614 3696 3685 ἐχθρῶν

2107 3703 2203 3757 καὶ
2232 3700 2526 3771 πολεμίων.
2563 3698 2628 3751 Ἡ
2679 3697 2789 3767 7&9
2825 3698 3017 3769 ἀγάπη
3066 3699 3167 3751 οὐκ
3211 3700 3550 3767 ἀσχημονεῖ.
3606 3699 3697 3751 Διὰ

2104 3783 2264 3841 τοῦτο
2288 3786 2383 3839 καὶ
2413 3781 2665 3852 πατέρες,
2694 3782 2796 3833 κᾶν
2822 3781 3077 3835 ἁπάντων
3106 3776 3208 3836 ὦσι
3252 3782 3695 3853 φιλοσοφώτεροι

2106 3866 2199 3919 καὶ
2234 3863 2678 3936 ρητορικώτεροι,
2704 3863 2807 3916 οὐκ
2833 3864 3177 3933 αἰσχύνονται
3203 3867 3311 3928 τοῖς
3356 3868 3537 3919 παισὶ
3570 3884 3696 3935 σομε

2102 3948 2463 4023 ψελλίξοντες·
2514 3948 2609 4001 καὶ
2639 3946 2813 4013 οὐδεὶς
2857 3946 3079 4015 ἐγκαλεῖ
3110 3948 3217 4007 τῶν
3249 3947 3544 4017 δρώντων,

2102 4031 2244 4084 οῦτω
2295 4030 2461 4083 καλὸν
2492 4024 2630 4081 εἶναι
2684 4028 2745 4080 τὸ
2794 4029 3028 4098 πρᾶγμα
3079 4030 3243 4091 δοκεῖ,
3275 4030 3349 4091 ώς
3380 4031 3489 4081 καὶ
3527 4032 3693 4099 εὐχῆς

2102 4115 2251 4180 ἄξιον
2283 4108 2442 4167 εἶναι.
2477 4113 2595 4165 Κᾶν
2627 4113 2853 4183 πονηροὶ
2878 4113 3140 4179 γένωνται
3175 4113 3355 4177 πάλιν,
3383 4105 3556 4167 οὗτοι
3611 4114 3693 4180 μέ-

2101 4214 2250 4249 νουσι
2276 4193 2633 4265 διορθοῦντες,
2660 4194 3063 4264 ἐπιμελόμενοι,
3092 4195 3478 4256 συστέλλοντες
3507 4195 3693 4249 αὐτῶν

2099 4279 2170 4332 τά
2197 4278 2395 4348 ὀνείδη.
2430 4277 2526 4330 καὶ
2570 4276 2669 4329 οὑκ
2702 4276 3073 4347 αἰσχύνονται.
3107 4278 3170 4330 Ἦ
3204 4277 3310 4347 γάρ
3358 4278 3571 4347 ἀγάπη
3598 4279 3691 4330 οὐκ

2101 4363 2421 4432 ἀσχημονεῖ,
2454 4359 2589 4412 ἀλλά
2619 4360 2872 4430 καθάπερ
2896 4363 3125 4431 χρυσαῖς
3155 4377 3264 4412 τισι
3292 4359 3532 4429 πτέρυξι
3568 4378 3691 4425 0'07-

2102 4444 2366 4497 καλύπτει
2394 4443 2575 4494 πάντα
2606 4443 2675 4493 τά
2719 4443 3095 4512 ἁμαρτήματα
3122 4442 3232 4494 τῶν
3268 4443 3687 4510 ἀγαπωμένων.

2100 4526 2258 4581 Οῦτω
2283 4526 2379 4578 καὶ
2411 4525 2500 4577 τὸν
2546 4524 2709 4578 Δαυῒδ
2740 4526 2769 4577 ὁ
2798 4525 3051 4579 ’ἰωνάθαν
3080 4525 3273 4592 ἐφίλει,
3319 4525 3412 4576 καὶ
3462 4527 3688 4577 ἀκούων

2098 4610 2192 4664 τοῦ
2244 4606 2448 4677 πατρὸς
2491 4605 2760 4674 λέγοντος,
2797 4608 2893 4659 Υἰὲ
2939 4608 3237 4673 κορασίων
3269 4609 3688 4675 αὐτομολούν-

2100 4712 2215 4751 των
2262 4704 2286 4733 ο
2353 4691 2845 4762 γυναικοτραφὲς,
2916 4691 3018 4745 οὐκ
3074 4690 3357 4761 ᾐσχύνετο,
3398 4692 3594 4743 καίτοι
3626 4707 3685 4757 γε

2098 4778 2297 4847 πολλῆς
2329 4774 2684 4844 αἱσχρότητος
2712 4774 2779 4827 τὰ
2816 4774 3037 4844 ῥήματα
3065 4774 3247 4843 γέμει.
3272 4775 3335 4825 ’³0
3364 4772 3480 4840 γάρ
3509 4774 3681 4841 λέγει,

2103 4860 2253 4913 τοῦτό
2278 4862 2445 4912 ἐστιν·
2483 4855 2580 4908 Υἱὲ
2610 4854 2899 4925 πορνιδίων
2926 4855 3366 4925 ἐπιμαινομένων
3390 4856 3680 4926 ἀνδράσιν,

2100 4942 2490 5014 ὲπιτρεχόντων
2508 4940 2621 5001 τοῖς
2652 4939 2955 5009 παριοῦσιν,
2984 4939 3426 5008 ἐκνενευρισμένε
3458 4942 3564 4991 καὶ
3584 4959 3683 5009 μα-

2095 5029 2226 5081 ι.ακὲ
2277 5026 2372 5079 καὶ
2420 5021 2587 5095 μηδὲν
2626 5021 2765 5092 ἔχων
2804 5020 3016 5091 ἀνδρὸς,
3047 5019 3166 5073 ἀλλ’
3192 5020 3280 5073 ἐπ’
3312 5021 3557 5093 αἰσχύνη
3591 5040 3681 5075 σου

2157 5192 2182 5219 ⁸
2205 5190 2313 5239 Alia
2336 5188 2489 5236 lectio
2515 5189 2610 5242 est,
2631 5183 2685 5232 οὐ
2711 5181 2982 5245 φιλοτιμεῖη
2999 5195 3145 5245 gnam
3180 5187 3386 5245 geculus
3411 5188 3495 5230 est
3537 5188 3677 5228 rem:

2095 5252 2344 5313 interpres
2362 5246 2459 5313 qui_
2473 5240 2756 5313 verti'ttno'g
2777 5240 3155 5313 est_'ambiiio§a.
3174 5243 3467 5313 _!.ectiongm
3502 5252 3676 5313 funem

2094 5315 2180 5363 οὐκ
2200 5304 2479 5375 ἀσχημονεῖ,
2501 5321 2612 5375 ηοω
2644 5305 2897 5375 ίριϐτεοὶε
2916 5304 3301 5375 ειιιειῐιριοινίίιιιιιΔ
3322 5305 3476 5375 nugo
3500 5304 3674 5375 ἵει-ιον,

2094 5379 2160 5424 ita
2185 5366 2445 5433 νριίῐὶιῂιιε,
2465 5366 2647 5433 ιη’ίβεεδ
2665 5368 3039 5433 (ὶὴτιεοθιοωιιε
3061 5368 3441 5433 ίοιεηπειιιιρς,
3466 5378 3567 5433 pan
3586 5366 3673 5413 de.

2092 5437 2237 5486 decus
2255 5432 2349 5484 sibi
2370 5425 2731 5493 ἱηῙεττίξριιιαι,
2763 5425 2967 5485 quando
3006 5425 3213 5493 θεωρεῖ
3236 5440 3327 5490 pro
3363 5425 3562 5493 Christo
3585 5440 3673 5471 ex-

2092 5506 2253 5558 tremar
2270 5488 2469 5558 palilu'r.
2501 5554 2511 5558 _
2556 5488 2591 5558 ὶί
2615 5493 3013 5558 υεςτᾳίεοηιηισ,
3039 5489 3119 5535 καί
3143 5488 3284 5558 οῦῴὲ
3306 5490 3667 5558 παραιτήσεται.

2156 5564 2177 5590 ε
2202 5548 2285 5609 8ίὲ
2323 5551 2624 5618 exemplaria
2671 5548 2854 5602 Biblica
2893 5556 2940 5601 et
2964 5562 3088 5603 um
3106 5555 3216 5600 cod.
3246 5548 3669 5615 Βεςξιιςώειυ

2091 5622 2290 5685 αὐτομο)
2300 5619 2473 5668 ουσῶν.
