3776 6312
186 202 280 256 277

177 333 334 384 rans,
387 319 636 376 tutiorem
684 336 804 377 eam
851 322 939 379 illa
968 337 1088 381 esse
1116 324 1251 382 dixit
1279 344 1293 381 :
1325 343 1448 385 nam
1477 340 1746 386 armatura

181 409 421 481 quaedam
470 421 555 468 est
598 414 1050 487 inexpugnabilis,
1096 429 1156 475 et
1201 421 1516 478 inconcussa
1541 425 1702 481 turris
1730 465 1748 491 ,

172 517 285 570 qua:
306 503 532 558 molesta
562 506 741 561 omnia
766 504 923 563 facile
948 511 1242 579 propulsat.
1268 512 1337 566 Et
1358 514 1498 569 sicut
1517 516 1750 573 scintilla

172 591 218 645 in
247 592 498 663 abyssum
526 595 774 653 incidens
793 638 811 666 ,
857 600 1003 655 illam
1031 602 1247 673 quidem
1279 604 1407 660 nihil
1435 606 1601 673 laedit,
1632 609 1746 679 ipsa

170 698 293 739 vero
318 685 478 741 facile
498 689 896 760 exstinguitur:
925 694 1004 747 sic
1031 704 1084 749 et
1113 694 1166 748 in
1196 698 1480 764 patientem
1510 701 1745 755 animam

165 776 418 848 quidquid
447 780 869 852 inexspectatum
898 785 1118 852 incidit,
1148 786 1201 841 id
1223 789 1437 856 quidem
1466 790 1619 848 facile
1644 792 1744 847 de-

164 868 330 935 letur,
367 872 512 928 illam
542 888 675 930 vero
720 874 942 932 minime
994 878 1193 934 turbat.
1226 880 1435 936 Etenim
1486 884 1741 951 patientia

162 961 399 1016 omnium
447 962 753 1019 ﬁrmissima
795 976 883 1023 est
931 984 946 1022 :
992 969 1201 1025 etiamsi
1249 973 1516 1029 exercitus
1544 974 1692 1031 dicas
1720 1016 1736 1042 ,

160 1050 364 1106 etiamsi
394 1067 526 1123 opes
544 1095 563 1123 ,
594 1056 807 1112 etiamsi
847 1072 1045 1127 equos,
1074 1075 1257 1116 muros
1279 1101 1296 1127 ,
1325 1076 1473 1118 arma
1499 1073 1553 1119 et
1579 1065 1738 1135 quid-

158 1144 235 1199 vis
260 1145 407 1199 aliud
434 1187 450 1211 ,
495 1148 628 1202 nihil
668 1150 941 1219 patientiae
962 1167 1063 1221 par
1107 1153 1275 1210 dices.
1316 1154 1449 1210 Nam
1494 1157 1586 1227 qui
1632 1157 1738 1212 illis

158 1234 445 1291 instructus
474 1248 535 1293 et
559 1240 926 1297 circumdatus
952 1252 1057 1310 est,
1084 1259 1114 1298 a
1143 1244 1322 1300 furore
1347 1261 1493 1316 saepe
1520 1263 1738 1318 correp-

158 1334 257 1391 tus,
288 1329 462 1384 instar
490 1332 637 1399 pueri
664 1332 857 1389 debilis
884 1337 1176 1403 evertitur,
1203 1348 1257 1393 et
1298 1340 1479 1394 omnia
1507 1341 1733 1397 tumultu

154 1433 213 1474 ac
238 1428 563 1490 tempestate
610 1423 820 1493 replet:
852 1424 943 1482 hic
988 1435 1167 1483 autem
1196 1439 1463 1500 tamquam
1497 1433 1549 1487 in
1578 1443 1733 1503 portu

152 1515 341 1569 sedens
365 1555 380 1578 ,
412 1514 681 1584 profunda
726 1516 919 1573 fruitur
967 1522 1390 1591 tranquillitate:
1421 1525 1631 1581 etiamsi
1674 1526 1731 1581 in

150 1606 396 1663 damnum
441 1608 782 1677 conjeceris,
828 1621 1036 1682 petram
1080 1629 1186 1670 non
1234 1618 1487 1685 movisti;
1516 1621 1730 1677 etiamsi

150 1701 523 1754 contumeliam
549 1702 814 1770 intuleris,
836 1707 1026 1761 turrim
1048 1722 1152 1762 non
1175 1712 1520 1775 concussisti;
1541 1713 1732 1768 etiam-

147 1788 189 1842 si
215 1790 398 1860 plagas
430 1790 723 1860 inflixeris,
754 1794 1093 1853 adamantem
1124 1815 1229 1855 non
1262 1804 1599 1873 percussisti.
1633 1806 1728 1861 Et-

145 1881 277 1933 enim
302 1884 618 1952 longanimis
646 1884 766 1941 ideo
795 1886 1009 1957 dicitur,
1040 1892 1163 1961 quia
1194 1893 1409 1965 longum
1439 1898 1724 1967 quemdam

144 1980 193 2024 et
221 1985 478 2041 magnum
505 1973 667 2029 habet
694 1977 929 2033 animum
956 1996 971 2036 :
998 1982 1142 2052 quod
1168 1992 1347 2041 autem
1378 1987 1594 2060 longum
1618 2001 1722 2056 est,

142 2062 291 2117 etiam
322 2079 584 2136 magnum
624 2067 839 2125 dicitur.
882 2069 989 2126 Sed
1027 2071 1133 2130 hoc
1174 2075 1373 2132 bonum
1404 2093 1469 2134 ex
1501 2082 1724 2138 caritate

141 2153 302 2208 oritur
324 2196 341 2219 ,
369 2164 429 2210 et
465 2156 565 2224 iis,
597 2159 686 2229 qui
732 2175 851 2216 eam
888 2163 1167 2233 possident
1194 2167 1391 2239 illaque
1429 2168 1680 2228 fruuntur
1703 2214 1719 2239 ,

144 2259 382 2315 magnam
435 2249 577 2318 parit
607 2250 911 2308 utilitatem.
960 2254 1037 2311 Ne
1068 2257 1198 2313 mihi
1229 2260 1372 2315 enim
1403 2261 1719 2334 desperatos

138 2334 364 2405 dixeris,
392 2341 489 2411 qui
520 2342 657 2398 mala
705 2346 1005 2417 facientes,
1054 2366 1231 2422 neque
1272 2356 1543 2425 patientes
1588 2360 1721 2418 fiunt

136 2426 450 2485 deteriores.
510 2432 610 2489 Hic
660 2451 768 2492 non
816 2452 883 2494 ex
937 2441 1193 2511 patientia
1244 2445 1435 2517 hujus,
1489 2452 1584 2507 sed
1649 2455 1718 2511 ab

141 2517 230 2585 iis,
260 2521 347 2590 qui
379 2522 475 2576 illa
506 2538 612 2579 non
660 2534 716 2582 ut
760 2544 857 2598 par
884 2542 1029 2587 esset
1060 2542 1318 2605 utuntur,
1350 2538 1454 2596 hoc
1496 2544 1713 2602 accidit.

136 2606 205 2665 Ne
232 2610 409 2682 itaque
453 2614 586 2670 mihi
618 2615 718 2673 hos
748 2617 992 2689 dixeris,
1025 2622 1121 2681 sed
1147 2631 1539 2690 mansuetiores
1559 2677 1574 2702 ,
1623 2641 1712 2709 qui

136 2716 310 2774 magna
343 2704 475 2761 hinc
500 2707 798 2766 lucrantur.
839 2712 1065 2781 Quando
1094 2719 1237 2775 enim
1265 2724 1408 2780 male
1452 2704 1712 2787 facientes

134 2811 228 2851 non
257 2799 395 2855 male
425 2802 737 2872 patiuntur,
767 2807 1019 2876 patientis
1047 2817 1512 2875 mansuetudinem
1538 2822 1710 2879 admi-

134 2900 332 2957 rantes,
367 2908 620 2964 magnam
646 2896 772 2953 inde
797 2897 1074 2957 lucrentur
1099 2903 1454 2979 philosophiae
1501 2912 1707 2970 doctri-
1757 2950 1775 2971 .

132 2993 263 3035 nam.
312 2982 435 3053 Ipse
465 2999 596 3040 vero
626 3002 732 3042 non
766 2989 851 3045 hic
896 2994 1120 3063 gradum
1149 2996 1327 3066 sistit,
1357 3002 1455 3057 sed
1501 3013 1558 3060 et
1601 3008 1703 3062 alia

131 3072 235 3142 ejus
261 3078 524 3145 praeclara
551 3088 702 3150 gesta
746 3082 1022 3156 subjungit
1060 3087 1247 3145 dicens
1284 3108 1299 3146 :
1341 3091 1571 3168 Benigaa
1607 3109 1702 3155 est.

130 3162 246 3230 Quia
274 3167 419 3222 enim
450 3170 672 3239 quidam
712 3183 876 3241 sunt,
910 3177 999 3246 qui
1029 3179 1287 3248 patientia
1326 3199 1433 3240 non
1461 3162 1534 3243 ad
1574 3204 1701 3259 pro-

129 3257 281 3326 priam
307 3260 709 3333 philosophiam
734 3276 973 3339 utuntur,
996 3271 1091 3327 sed
1115 3273 1183 3329 ad
1209 3276 1465 3335 ultionem
1488 3257 1700 3351 eorum,

127 3349 204 3418 qui
230 3352 374 3421 ipsos
401 3355 722 3422 irritavere,
756 3360 967 3429 seipsos
991 3361 1423 3438 disrumpentes,
1458 3373 1590 3430 dicit
1631 3349 1698 3430 il;

130 3440 218 3498 lam
247 3444 345 3501 hoc
376 3448 514 3502 vitio
539 3463 647 3504 non
680 3450 943 3509 laborare.
976 3455 1042 3511 Et
1089 3459 1212 3515 ideo
1239 3463 1512 3536 subjungit
1533 3508 1549 3535 ,
1594 3468 1696 3526 Be-

127 3535 263 3605 iligna
306 3548 397 3596 est.
451 3540 637 3610 Neque
679 3543 822 3598 enim
870 3548 935 3602 ad
979 3551 1374 3613 accendendam
1425 3535 1694 3617 flammam

125 3640 287 3682 eorum
308 3632 400 3700 qui
428 3632 511 3687 ira
536 3634 912 3704 incenduntur,
932 3656 1055 3697 cum
1077 3644 1182 3700 illis
1208 3646 1488 3719 benignius
1507 3666 1691 3723 agunt,

124 3717 204 3771 sed
226 3720 287 3775 ad
316 3723 618 3779 sedandam
658 3735 714 3785 et
741 3731 1228 3805 exstinguendam;
1262 3717 1438 3812 nerine
1488 3717 1695 3805 tantum

122 3821 359 3876 generose
388 3814 655 3883 ferendo,
701 3819 798 3875 sed
843 3821 1005 3880 etiam
1035 3826 1274 3887 curando
1322 3844 1378 3889 et
1426 3834 1693 3898 hortando

124 3902 267 3959 ulceri
288 3906 580 3965 medentur
598 3914 865 3970 et'vulnus
891 3916 984 3974 ira:
1012 3930 1221 3977 curant.
1252 3922 1375 3981 Non
1397 3930 1688 3990 laetamur.

123 3992 283 4052 Potest
308 4002 458 4056 enim
485 4002 685 4074 aliquis
712 4009 923 4075 patiens
949 4026 1072 4068 esse
1114 4022 1169 4071 et
1210 4016 1424 4076 invidus
1446 4064 1463 4091 ,
1494 4033 1549 4079 et
1584 4025 1690 4083 hoc

124 4089 232 4144 vitio
256 4092 457 4150 bonum
476 4110 611 4166 opus
633 4099 760 4154 illud
777 4106 1157 4175 corrumpitur.
1174 4108 1280 4167 Sed
1292 4112 1412 4183 ipsa
1433 4089 1537 4172 hoc
1553 4133 1687 4191 quo-

119 4195 204 4249 que
228 4185 431 4258 eﬁ'ugit.
482 4188 606 4246 Non
632 4193 740 4265 agit
766 4212 1052 4266 perperam.
1080 4199 1138 4255 Id
1159 4212 1274 4272 est,
1310 4222 1417 4263 non
1438 4185 1686 4285 praeceps

118 4284 187 4329 est
210 4293 361 4335 :nam
391 4281 715 4351 prudentem
736 4287 1048 4346 redditeum
1076 4294 1166 4364 qui
1195 4295 1367 4370 diligit
1392 4311 1447 4357 et
1465 4281 1683 4375 gravem

117 4373 161 4417 et
172 4368 370 4436 placide
384 4373 758 4432 incedentem.
776 4377 847 4434 lis
865 4381 1010 4437 enim
1020 4383 1118 4454 qui
1137 4368 1365 4458 turpiter
1379 4368 1562 4451 amant
1579 4396 1682 4455 hoc

117 4458 362 4531 proprium
385 4464 580 4520 vitium
600 4476 685 4522 est
704 4485 719 4522 :
742 4471 830 4540 qui
852 4486 981 4528 vero
996 4474 1134 4533 hanc
1148 4480 1675 4560 novitdilectionem,

116 4550 170 4603 ab
187 4550 262 4608 his
280 4558 536 4615 omnibus
563 4563 795 4620 maxime
812 4565 958 4624 liber
970 4578 1084 4625 est.
1120 4571 1256 4629 Nam
1277 4590 1400 4632 cum
1428 4580 1571 4638 intus

116 4656 203 4699 non
232 4646 427 4719 fuerit,
483 4654 777 4722 petulantia
806 4662 983 4718 amis
1007 4674 1062 4720 et
1090 4672 1416 4727 contumelia
1462 4676 1674 4734 sublata

114 4744 198 4827 est.
225 4739 432 4799 Etenim
465 4754 524 4800 ut
549 4747 764 4816 quidam
791 4754 1026 4822 optimus
1046 4759 1281 4827 agricola
1313 4762 1458 4820 intus
1480 4769 1674 4826 animae

116 4824 328 4888 insidens
346 4837 551 4892 caritas
575 4847 632 4894 et
655 4840 895 4910 dilectio,
911 4861 1025 4901 non
1052 4824 1183 4905 sinit
1204 4853 1343 4910 ullas
1365 4824 1669 4927 hujusmodi

112 4918 267 4984 spinas
287 4927 616 4994 germinare.
650 4929 772 4986 Non
795 4936 1027 5005 inﬂatur.
1057 4939 1269 4998 Etenim
1299 4918 1495 5006 multos
1523 4918 1669 5011 vide;

113 5020 211 5063 mus
229 5012 293 5069 de
317 5014 401 5071 his
427 5019 703 5087 pmclaris
729 5025 984 5093 operibus
1001 5030 1167 5087 altum
1190 5037 1491 5109 sapientes;
1516 5060 1668 5102 nem-

115 5112 181 5199 pe.
201 5106 331 5171 quod
376 5124 484 5163 non
527 5110 641 5166 sint
685 5113 849 5170 invidi
897 5134 1072 5190 neque
1112 5126 1243 5181 mali
1282 5106 1663 5204 .nequevpusilli

112 5189 247 5285 animi
272 5210 445 5267 neque
475 5202 795 5270 petulantes.
837 5189 1021 5280 Neque
1044 5215 1190 5270 enim
1214 5189 1390 5276 solum
1428 5189 1659 5285 cultu

115 5277 242 5381 vitiis.
266 5294 319 5340 et
366 5301 685 5360 paupertate
726 5295 841 5353 haec
885 5277 1023 5358 mala
1051 5304 1345 5381 habentur,
1372 5317 1469 5373 sed
1496 5321 1659 5378 etiam

111 5376 210 5423 cum
231 5371 328 5429 illis
350 5392 472 5447 qua:
497 5389 690 5439 natura
717 5398 844 5444 sunt
868 5389 1028 5448 bona.
1055 5395 1163 5454 Sed
1182 5371 1384 5463 caritas

115 5464 263 5574 Ontnia
284 5482 562 5544 expurgat.
595 5477 849 5537 Animum
873 5495 1051 5543 autem
1071 5491 1267 5551 adhibe
1292 5501 1419 5571 :qni

122 5559 219 5617 est,
254 5573 354 5617 non
400 5576 482 5622 est
524 5570 746 5626 omnino
793 5574 1099 5649 benignus:
1143 5589 1289 5658 quod
1313 5559 1363 5662 si
1392 5559 1654 5670 bonigiiiis

120 5653 204 5698 Ion
227 5650 324 5723 sit,
353 5654 467 5715 haec
491 5678 579 5718 res
605 5675 689 5721 est
713 5667 935 5741 vitium,
963 5683 1019 5732 et
1053 5650 1353 5750 peri-culum.
1377 5700 1463 5748 est
1501 5650 1570 5753 Se
1595 5699 1649 5756 in

405 5778 678 5850 Puttoo.
730 5792 848 5857 Gn.
895 5801 1044 5866 LXI.

1108 242 1113 248 -
1166 209 1234 268 IN
1270 206 1483 271 EPIST.
1525 215 1545 269 l
1609 216 1700 271 AD
1734 212 1892 275 60R.
1932 217 2164 280 HOMIL.
2206 222 2445 287 XXXHI.

3336 244 3442 303 27R

1854 336 2281 398 recordationem
2304 342 2620 413 iniuriarum
2648 349 2866 406 incidat.
2895 352 3015 409 Ideo
3043 355 3153 425 ipsa
3183 356 3446 427 pharma-

1860 441 1981 483 cum
2007 429 2141 489 dans
2160 474 2176 501 ,
2207 433 2589 509 benignitatem
2617 439 2739 497 dico
2760 484 2776 509 ,
2796 458 2986 512 puram
3008 459 3293 504 conservat
3324 451 3434 505 vir-

1860 526 2049 574 tutem.
2069 520 2303 579 Rursum
2325 526 2585 599 benignus
2624 544 2767 602 saepe
2794 534 2963 589 facilis
2984 545 3068 591 est
3090 578 3105 603 ,
3136 539 3231 595 sed
3256 548 3312 596 et
3338 540 3438 596 hoc

1856 608 1944 662 illa
1978 612 2237 683 corrigit:
2266 613 2465 672 Caritas
2512 620 2654 674 enim
2679 661 2696 688 ,
2743 622 2950 694 inquit,
2983 643 3084 682 non
3113 631 3217 700 agit
3257 647 3437 702 perpe—

1853 716 1999 768 ram,
2031 720 2133 758 non
2158 707 2391 775 inﬂatur.
2420 709 2524 777 Qui
2563 710 2826 783 benignus
2850 725 2905 770 et
2936 731 3140 786 pauens
3167 730 3271 788 est,
3293 736 3438 793 saepe

1850 803 2106 862 arrogans
2135 805 2218 851 est
2245 815 2258 851 :
2287 798 2381 853 sed
2410 810 2464 854 et
2495 801 2633 857 hanc
2663 804 2801 859 tollit
2830 809 3144 879 nequitiam.

1917 882 1971 936 2.
2001 884 2351 955 Etperpende
2376 893 2645 959 quomodo
2665 909 2803 960 eam,
2828 913 2933 953 non
2956 900 3117 955 modo
3137 901 3205 956 ab
3223 902 3288 958 iis
3307 918 3426 973 quae

1848 972 2010 1029 habet
2031 1016 2046 1042 ,
2070 977 2165 1032 sed
2192 979 2350 1033 etiam
2372 981 2439 1035 ab
2466 981 2532 1036 iis
2558 998 2677 1054 quae
2706 1001 2809 1042 non
2834 987 2993 1045 habet
3016 1001 3262 1048 exornet.
3291 972 3425 1057 Dicit

1844 1065 1991 1118 enim
2019 1080 2138 1121 eam
2167 1071 2221 1122 et
2248 1069 2501 1126 virtutem
2553 1074 2805 1133 inducere
2853 1088 2907 1134 et
2933 1081 3189 1137 malitiam
3216 1086 3419 1140 exscin-

1842 1153 2009 1221 dere;
2037 1157 2144 1211 imo
2167 1173 2295 1213 vero
2316 1175 2384 1215 ne
2399 1162 2466 1216 ab
2490 1164 2639 1219 initio
2665 1168 2807 1223 nasci
2838 1170 3049 1240 quidem
3078 1173 3222 1228 sinit.
3244 1172 3427 1245 Neque

1842 1244 1982 1298 enim
2013 1244 2183 1315 dixit,
2212 1247 2519 1307 Emulatur
2549 1255 2795 1324 quidem,
2831 1259 3084 1315 invidiam
3111 1278 3238 1318 vero
3267 1244 3426 1334 supe-

1843 1344 1960 1401 rat;
2011 1352 2202 1408 neque,
2236 1344 2507 1412 Arrogans
2556 1346 2770 1415 quidem
2812 1359 2927 1416 est,
2959 1353 3053 1408 sed
3104 1354 3206 1409 hoc
3237 1356 3425 1410 vitium

1837 1428 2091 1500 castigat;
2121 1431 2216 1486 sed
2236 1472 2252 1499 ,
2279 1432 2402 1487 Non
2439 1437 2731 1505 aemulatur,
2755 1457 2856 1494 non
2877 1442 2981 1513 agit
3003 1462 3289 1516 perperam,
3317 1463 3420 1501 non

1836 1517 2043 1586 inﬂatur
2065 1536 2083 1573 :
2105 1520 2246 1589 quod
2272 1531 2450 1578 autem
2482 1527 2713 1583 maxime
2736 1530 2977 1587 mirabile
3006 1543 3108 1602 est,
3132 1535 3246 1590 sine
3276 1535 3425 1591 labo-

1837 1609 1987 1664 ribus
2010 1612 2148 1666 bona
2174 1612 2340 1682 facit,
2369 1626 2423 1671 et
2448 1618 2565 1674 sine
2594 1620 2736 1676 bello
2767 1623 2850 1678 vel
2880 1625 2995 1680 acie
3022 1636 3283 1699 tropaeum
3313 1630 3421 1685 eri-

1832 1700 1929 1770 git.
1960 1701 2143 1772 Neque
2166 1704 2310 1759 enim
2341 1707 2534 1763 sudare
2558 1709 2687 1766 sinit
2716 1727 2837 1768 eum
2870 1717 2958 1784 qui
2987 1731 3046 1772 se
3075 1718 3330 1787 possidet,
3362 1730 3416 1775 et

1834 1792 1905 1846 ita
1943 1806 2199 1848 coronam
2232 1797 2514 1868 accipere,
2550 1802 2642 1857 sed
2686 1805 2802 1859 sine
2848 1806 3031 1864 labore
3057 1810 3298 1866 hravium
3342 1814 3418 1869 illi

1830 1882 2024 1940 defert.
2052 1884 2155 1942 Ubi
2178 1888 2319 1943 enim
2347 1906 2453 1945 non
2481 1902 2564 1947 est
2589 1895 2955 1953 adversarium
2984 1902 3168 1957 vitium
3200 1913 3411 1975 tempe-

1829 1976 1967 2029 ranti
1994 1977 2337 2047 cogitationi,
2372 1982 2492 2052 quis
2514 1983 2670 2039 labor
2697 1985 2897 2044 fuerit?
2926 1991 2981 2049 5.
3028 1991 3150 2047 Non
3195 1994 3413 2051 dedecus

1827 2067 1922 2120 sibi
1951 2068 2130 2139 inferri
2159 2080 2323 2140 putat.
2357 2071 2494 2139 Quid
2521 2077 2663 2131 enim
2692 2078 2813 2135 dico
2833 2121 2848 2145 ,
2894 2082 3099 2152 inquit,
3131 2086 3273 2156 quod
3304 2103 3411 2142 non

1827 2156 2043 2212 infletur
2065 2199 2081 2225 ,
2114 2161 2328 2229 quando
2355 2172 2560 2220 tantum
2586 2166 2750 2225 distat
2773 2170 2841 2225 ab
2869 2173 2969 2229 hoc
3002 2174 3150 2242 vitio,
3183 2188 3260 2243 ut,
3288 2193 3410 2233 cum

1826 2262 1924 2317 pro
1950 2247 2143 2305 dilecto
2165 2260 2404 2309 extrema
2435 2270 2590 2326 passa
2617 2258 2718 2324 sit,
2754 2278 2858 2316 non
2886 2262 3119 2322 dedecus
3149 2282 3267 2324 esse
3292 2286 3409 2325 rem

1825 2338 2150 2396 existimet?
2194 2342 2378 2417 Neque
2403 2346 2539 2404 dixit
2568 2366 2782 2408 rursum
2804 2396 2820 2422 ,
2852 2371 2961 2411 non
3008 2358 3257 2416 indecore
3284 2364 3407 2434 qui-

1821 2430 1945 2487 dem
1977 2435 2174 2503 patitur
2195 2477 2209 2502 ,
2259 2437 2354 2493 sed
2380 2438 2616 2498 dedecus
2640 2442 2748 2501 fert
2789 2462 3092 2517 generose;
3132 2453 3227 2508 sed
3258 2430 3403 2525 quod

1822 2540 1890 2578 ne
1915 2541 2129 2581 sensum
2158 2528 2373 2598 quidem
2404 2529 2687 2592 dedecoris
2730 2537 2947 2598 habeat.
2997 2543 3128 2598 Nam
3156 2547 3202 2601 si
3239 2562 3403 2617 pecu.

1820 2616 1922 2671 nia:
1949 2628 2193 2676 amantes
2216 2663 2231 2688 ,
2263 2624 2521 2692 probrosa
2565 2632 2743 2687 omnia
2773 2650 2867 2703 pro
2897 2637 2983 2691 illa
3010 2643 3404 2710 eauponatione

1818 2708 2052 2767 ferentes
2076 2752 2093 2779 ,
2122 2728 2227 2767 non
2265 2715 2425 2772 modo
2457 2734 2563 2775 non
2592 2724 2915 2783 erubescunt
2939 2772 2954 2791 .
2987 2732 3081 2786 sed
3113 2734 3275 2789 etiam
3304 2751 3401 2791 ex-

1816 2799 2047 2866 sultant;
2078 2804 2243 2857 multo
2272 2809 2440 2878 magis
2468 2811 2533 2877 is,
2570 2812 2659 2883 qui
2689 2817 3007 2875 laudabilem
3039 2822 3175 2879 hanc
3208 2828 3403 2883 carita-

1817 2898 1923 2945 tem
1954 2891 2116 2948 habet
2138 2934 2153 2956 ,
2197 2912 2292 2965 pro
2314 2898 2639 2959 'dileCtorum
2687 2911 2981 2968 securitate
3011 2915 3144 2970 nihil
3175 2921 3400 2975 omnino

1813 2982 2114 3049 recusabit;
2161 2984 2272 3039 imo
2319 3005 2492 3059 neque
2558 2995 2764 3064 patiens
2817 3003 3116 3062 erubescet.
3169 3007 3276 3065 Sed
3330 3027 3400 3067 ne

1812 3086 1842 3125 a
1887 3087 1948 3128 re
2002 3075 2142 3131 mala
2196 3080 2499 3150 exemplum
2572 3085 2890 3159 afferamus,
2952 3093 3053 3149 hoc
3111 3097 3285 3169 ipsum
3342 3101 3393 3157 in

1807 3159 2024 3223 Christo
2073 3171 2478 3237 examinemus.
2528 3186 2585 3233 et
2641 3192 2767 3238 tunc
2822 3186 2947 3241 dicti
3001 3190 3107 3245 vim
3177 3196 3397 3264 conSpi-

1806 3256 2030 3316 ciemus.
2070 3258 2333 3320 Dominus
2376 3270 2520 3325 enim
2563 3271 2719 3330 Jesus
2747 3275 2993 3336 Christus
3028 3294 3083 3338 et
3122 3300 3391 3357 conspue-

1804 3349 1962 3407 batur
2004 3363 2058 3409 et
2100 3356 2343 3428 colaphis
2386 3363 2696 3422 caedebatur
2742 3386 2773 3425 a
2828 3374 3221 3434 miserabilibus
3256 3349 3388 3435 ser-

1803 3534 1899 3589 sed
1933 3538 2092 3592 etiam
2137 3542 2475 3616 exsultabat,
2531 3565 2761 3625 eamque
2812 3574 2924 3614 rem
2970 3562 3192 3632 gloriam
3224 3582 3388 3622 voca-

1799 3622 1924 3691 bat;
1980 3636 2034 3681 et
2085 3627 2212 3686 dum
2262 3633 2524 3695 latronem
2586 3654 2640 3698 et
2692 3646 3009 3707 homicidam
3063 3663 3188 3712 ante
3242 3659 3380 3715 alios

1799 3730 1982 3773 secum
2013 3718 2066 3774 in
2093 3724 2394 3792 paradisum
2425 3730 2823 3809 introduceret,
2856 3751 2910 3798 et
2940 3750 3276 3806 meretricem
3304 3753 3387 3807 al-

1796 3806 2139 3881 loqueretur,
2171 3815 2330 3888 idque
2359 3821 2833 3888 circumstantibus
2878 3838 3129 3895 omnibus
3156 3856 3380 3899 accusa-

1799 3901 2005 3958 toribus
2031 3906 2142 3962 suis
2162 3950 2177 3975 ,
2210 3925 2319 3967 non
2343 3919 2566 3984 putabat
2603 3938 2715 3977 rem
2752 3942 2875 3983 esse
2904 3938 3113 4002 turpem
3140 3976 3156 4003 ,
3187 3936 3283 3993 sed
3325 3948 3382 3994 et

1796 3990 1897 4093 ipsi
1921 3993 2083 4064 pedes
2105 4013 2232 4055 suos
2260 4006 2485 4073 praebuit
2508 4015 2827 4075 osculandos
2852 4062 2867 4089 ,
2898 4031 2954 4079 et
2981 3990 3175 4098 corpus
3202 4030 3378 4104 lacry-

1786 4081 1924 4184 ‘mis.
1948 4087 2274 4158 irrigandum
2327 4100 2641 4174 capillisque
2692 4114 3010 4181 tergendum
3039 4081 3158 4184 ;‘et
3188 4120 3289 4178 hoc
3313 4081 3379 4178 in

1788 4173 1984 4231 medio
2014 4178 2245 4237 hostium
2273 4198 2325 4241 et
2356 4189 2695 4253 inimicorum
2727 4202 2958 4260 theatro.
2993 4209 3202 4268 Caritas
3233 4217 3378 4270 enim

1790 4277 1895 4319 non
1943 4266 2193 4329 indecore
2253 4293 2433 4336 secum
2493 4287 2576 4357 agi
2639 4301 2804 4358 putat.
2866 4296 3094 4371 Ideoque
3142 4315 3371 4374 patres.

1789 4357 1996 4414 etiamsi
2025 4360 2357 4437 philOSOphis
2379 4372 2794 4453 rhetoribusque
2820 4357 3067 4448 omnibus
3096 4357 3373 4464 praestent:

1787 4462 1894 4507 non
1937 4456 2261 4515 erubescunt
2288 4463 2449 4521 simul
2480 4469 2751 4532 balbutire
2778 4494 2899 4535 cum
2932 4483 3088 4552 filiis;
3122 4497 3178 4542 et
3209 4506 3369 4546 nemo

1784 4540 2077 4640 videntium
2104 4547 2158 4603 id
2186 4552 2553 4625 reprehendit,
2586 4565 2682 4619 sed
2708 4568 2843 4623 adeo
2874 4540 3092 4640 pulchra
3121 4594 3208 4633 res
3239 4596 3361 4637 esse

1776 4630 2028 4703 videtur,
2060 4647 2117 4692 ut
2146 4638 2190 4694 si
2217 4644 2380 4699 etiam
2411 4648 2462 4701 in
2507 4655 2663 4709 votis.
2698 4656 2768 4713 Ει
2806 4660 2850 4715 si
2874 4630 3070 4722 'rursus
3096 4672 3218 4725 mali
3251 4673 3368 4729 fue-

1782 4722 1883 4777 rint
1909 4765 1925 4792 ,
1959 4725 2013 4782 hi
2066 4743 2286 4789 manent
2325 4740 2655 4813 corrigentes
2677 4789 2693 4814 ,
2722 4765 2970 4811 curantes
2995 4800 3011 4825 ,
3052 4764 3242 4830 probra
3269 4781 3368 4821 eo-

1778 4826 1899 4869 rum
1928 4829 2241 4880 coercentes
2262 4870 2277 4895 ,
2310 4844 2411 4887 nec
2450 4836 2611 4904 pudet
2643 4841 2784 4898 illos.
2829 4846 3036 4908 Caritas
3052 4826 3211 4911 venint
3260 4878 3366 4917 non

1774 4906 2040 5011 indecore
2061 4915 2203 4985 agit;
2236 4922 2332 4977 sed
2363 4929 2514 4995 quasi
2545 4934 2724 4990 aureis
2751 4941 3069 5009 quibusdam
3097 4952 3219 5017 alis,
3241 4969 3361 5009 om-

1773 4999 1865 5055 nia
1893 5003 2209 5064 delictorum
2235 5029 2461 5083 peccata
2490 4999 2870 5098 contegit..Sic
2899 5047 2955 5091 et
2984 4999 3234 5100 Davidem
3265 5048 3363 5103 Jo-

1773 5091 1962 5204 natb'as
2007 5101 2241 5168 amabat,
2286 5106 2615 5183 audiensque
2654 5091 2867 5189 patrem
2897 5127 3205 5204 dicentem,
3254 5139 3363 5196 Fili

1768 5183 2057 5302 2:131!an
2098 5192 2230 5302 ultro
2278 5201 2580 5259 venientium
2606 5251 2622 5272 ,
2652 5183 2939 5281 eﬂ'eminale
2968 5223 3047 5295 (l.
3094 5183 3221 5302 Regi
3264 5234 3355 5290 9.0.

1770 5271 1897 5343 50),
1934 5292 2039 5387 ηεξ]
2072 5283 2459 5387 ertthescebat,
2501 5271 3354 5387 etsiturpitudineplenauverba

1768 5374 1941 5471 erant.
1971 5366 2103 5429 Nam
2132 5372 2233 5430 hoc
2261 5381 2374 5437 vult
2400 5386 2700 5457 significare
2720 5441 2733 5463 ,
2765 5399 2865 5458 Fili
2891 5366 3352 5473 meretriculnrum

1767 5456 1819 5512 in
1844 5459 1993 5515 viros
2020 5464 2415 5544 insanientium,
2440 5482 2504 5535 ad
2526 5500 2909 5554 praetereuntes
2929 5510 3349 5581 accurrentium,

1767 5563 2018 5581 mm”..-
2088 5562 2232 5581 ω...
2403 5572 2414 5581 .
2484 5576 2516 5581 --
2544 5579 2573 5581 _

1765 5563 2020 5663 elncrvate
2039 5599 2054 5624 ,
2086 5562 2294 5632 mollis,
2326 5572 2414 5640 qui
2444 5576 2575 5632 nihil
2616 5584 2769 5641 virile
2794 5588 2962 5649 habes
2986 5637 3002 5663 ,
3030 5598 3124 5655 sed

2347 5639 2355 5640 ί
2726 5639 2764 5641 ,_
2794 5639 2961 5649 -ηπ
3030 5639 3124 5655 Ν,
3153 5639 3219 5656 ω,
3247 5639 3342 5661 με-

1763 5639 2144 5757 decreti-tum,
2176 5663 2229 5710 et
2272 5660 2390 5731 ejus
2435 5669 2525 5737 qui
2573 5679 2623 5727 te
2667 5683 2879 5749 peperit
2928 5639 3152 5757 matris,
3186 5696 3342 5753 vivis.

1759 5732 1896 5802 Quid
1940 5738 2131 5813 igitur,
2162 5747 2397 5814 harccine
2438 5776 2581 5832 aegre
2622 5732 2767 5841 tu-litl,
2800 5785 2853 5831 et
2897 5795 3006 5850 pra:
3035 5734 3237 5853 pudore
3278 5806 3341 5851 se

2993 5872 3067 5934 18
