3802 6214
359 191 464 248 2‘79

356 307 663 373 abscondit,
711 315 872 376 atque
919 319 948 360 a
992 302 1192 358 dilecto
1239 299 1513 357 recessit?
1555 297 1749 354 Totum
1791 303 1936 351 certe

355 399 683 454 contrarium
732 395 897 462 fecit,
948 393 1017 449 de
1067 407 1254 449 amore
1302 391 1630 463 gloriabatur
1661 407 1675 442 :
1705 388 1805 443 etsi
1852 387 1941 442 ille

359 500 487 545 tunc
517 503 610 543 rex
637 495 754 544 erat
777 528 790 551 ,
825 485 964 541 ﬁlius
990 497 1119 540 vero
1147 483 1288 554 regis
1328 482 1586 538 Jonathas
1611 521 1626 543 ,
1656 477 1818 534 David
1849 491 1943 531 au-

359 592 466 636 tem
501 579 772 651 fugitivus.
825 576 929 633 Sed
962 590 1138 647 neque
1167 575 1246 629 sic
1291 573 1359 629 de
1402 571 1635 627 amicitia
1679 567 1942 625 erubuit:

357 671 553 724 caritas
581 669 723 724 enim
757 683 862 722 non
891 667 1140 720 indecore
1178 665 1308 733 agit.
1351 663 1482 718 Nam
1511 661 1613 716 hoc
1640 661 1692 715 in
1722 660 1810 715 illa
1839 658 1942 712 mi-

362 762 532 817 rabile
581 771 698 827 est,
745 759 884 830 quod
932 755 1256 812 contumelia
1287 753 1538 810 affectum
1566 793 1580 818 ,
1629 767 1734 807 non
1782 749 1943 806 modo

362 870 468 909 non
499 853 638 908 sinat
663 852 847 906 dolere
876 856 932 905 et
973 847 1243 912 morderi,
1279 845 1375 902 sed
1405 845 1566 900 etiam
1613 851 1670 898 ut
1713 841 1944 912 gaudeat

358 946 574 1001 efﬁciat.
610 941 842 1013 Ideoque
872 941 963 996 ille
1005 947 1128 1010 post
1166 938 1281 993 haec
1309 940 1520 1002 omnia,
1552 934 1705 1005 quasi
1740 947 1941 987 corona

363 1037 641 1094 redimitus
658 1075 676 1102 ,
704 1036 782 1091 sic
803 1033 992 1089 abiens
1012 1030 1270 1086 Davidem
1296 1029 1604 1098 complexus
1626 1035 1728 1081 est.
1757 1024 1944 1094 Neque

359 1131 502 1184 enim
530 1127 732 1183 caritas
771 1126 872 1182 scit
897 1123 1026 1195 quid
1057 1123 1126 1178 sit
1155 1121 1410 1192 probrum
1436 1135 1451 1174 :
1482 1119 1604 1173 ideo
1650 1116 1810 1172 etiam
1841 1115 1942 1170 sibi

362 1225 534 1294 placet
561 1221 613 1275 in
645 1234 712 1274 eo
731 1261 747 1286 ,
776 1218 844 1273 de
873 1232 980 1288 quo
1007 1217 1142 1270 alius
1168 1212 1454 1270 erubescit.
1485 1209 1664 1266 Pudor
1690 1208 1830 1264 enim
1862 1216 1944 1262 est

362 1315 568 1370 nescire
617 1325 838 1377 amare,
890 1319 944 1364 et
985 1316 1252 1362 amantem
1303 1319 1407 1358 non
1458 1317 1617 1356 omne
1648 1298 1942 1370 periculum

362 1409 511 1464 adire
549 1406 835 1476 omniaque
864 1403 1068 1473 perpeti
1099 1413 1195 1471 pro
1222 1398 1451 1454 dilectis.
1481 1396 1616 1451 Cum
1646 1395 1825 1448 omnia
1867 1392 1948 1446 di-

364 1518 470 1568 co,
498 1517 564 1557 nc
593 1509 748 1571 putes
792 1512 876 1553 me
902 1511 965 1551 ea
1009 1509 1130 1566 qua:
1170 1502 1296 1548 sunt
1324 1491 1482 1547 noxia
1527 1490 1751 1552 dicere;
1804 1497 1860 1541 ιιι
1903 1486 1947 1539 si

366 1597 486 1666 quis
513 1593 727 1659 dixerit,
752 1607 811 1647 se
833 1589 1016 1661 juveni
1041 1603 1199 1658 opem
1229 1586 1448 1642 ferrent
1475 1585 1708 1654 potiatur
1733 1583 1904 1635 amica
1930 1596 1944 1643 ;

364 1698 454 1743 aut
481 1689 526 1743 si
553 1686 670 1757 quis
690 1683 832 1740 aliud
857 1682 1128 1754 quidpiam
1155 1681 1474 1737 damnosum
1503 1679 1676 1733 facere
1696 1676 1944 1746 postulet.

366 1779 492 1833 Nam
541 1778 630 1848 qui
675 1777 794 1831 talis
839 1785 1062 1830 estnon
1093 1773 1394 1844 diligit;et
1437 1771 1540 1826 hoc
1584 1786 1755 1840 nuper
1796 1769 1950 1824 vobis

363 1873 572 1928 ostendi
601 1886 668 1926 ex
698 1868 945 1940 [Egyptia
988 1867 1234 1922 muliere.
1268 1864 1400 1919 Nam
1432 1863 1521 1918 ille
1560 1863 1708 1916 siilus
1733 1861 1947 1931 diligit,

365 1964 455 2034 qui
486 1978 548 2019 ea
575 1977 696 2034 quae
725 1961 921 2016 dilecto
953 1958 1098 2013 utilia
1136 1966 1262 2012 sunt
1287 1955 1518 2026 quzerit:
1554 1956 1707 2009 itaut
1746 1955 1788 2008 si
1832 1953 1952 2023 quis

370 2055 471 2110 hoc
495 2055 692 2108 bonum
721 2066 828 2106 non
858 2057 1082 2104 venetur
1101 2089 1116 2114 ,
1148 2047 1358 2103 etiamsi
1383 2045 1686 2102 sexcenties
1713 2045 1856 2099 dicat
1892 2058 1953 2099 se

367 2147 622 2217 diligere,
653 2143 994 2198 inimicorum
1022 2140 1260 2195 omnium
1293 2139 1362 2192 sit
1406 2136 1828 2192 inimicissimus.
1863 2135 1954 2189 Sic

367 2249 422 2295 ct
449 2239 576 2293 olim
617 2235 879 2301 Rebecca,
901 2235 1025 2305 quia
1055 2233 1207 2289 valde
1230 2246 1260 2286 a
1293 2231 1401 2286 ﬁlio
1445 2230 1731 2302 pendebat,
1760 2238 1816 2284 et
1845 2228 1955 2283 fur-

374 2342 484 2384 tum
511 2327 634 2384 fecit
661 2337 717 2383 et
742 2342 848 2382 non
882 2326 1097 2382 erubuit
1122 2340 1190 2380 ne
1218 2323 1751 2394 deprehenderetur,
1783 2336 1955 2392 neque

373 2421 547 2475 timuit
579 2435 594 2484 ;
630 2433 805 2488 neque
832 2417 976 2473 enim
1007 2418 1128 2472 leve
1162 2414 1459 2487 periculum
1485 2423 1636 2479 erat;
1667 2413 1760 2468 sed
1795 2413 1956 2468 etiam

379 2512 490 2568 tilio
544 2521 872 2584 repugnante
923 2522 976 2567 et
1025 2510 1205 2566 verbis
1249 2524 1370 2564 eum
1425 2508 1516 2563 illa
1555 2507 1954 2573 cantendcnte,

371 2605 504 2661 dixit
529 2624 542 2660 :
569 2605 635 2660 In
666 2622 745 2659 me
768 2604 834 2660 sit
860 2602 1148 2658 maledictio
1172 2614 1257 2655 tua
1276 2641 1292 2665 ,
1321 2601 1402 2670 ﬁli
1430 2599 1579 2672 (Gen.
1610 2599 1700 2654 27.
1738 2598 1847 2671 15).

444 2698 495 2752 ’5.
526 2696 772 2752 Vidistin‘
803 2695 962 2751 etiam
989 2698 1040 2748 in
1072 2693 1292 2749 muliere
1313 2693 1550 2748 animum
1571 2690 1956 2763 apostolicum?

375 2787 504 2842 Nam
530 2790 668 2843 sicut
709 2787 912 2858 Optavit
940 2785 1137 2840 Paulus
1178 2786 1260 2857 (si
1302 2785 1420 2856 quis
1446 2799 1670 2856 parvum
1697 2799 1818 2839 cum
1844 2797 1959 2838 nta-

371 2896 478 2951 gnn
506 2878 780 2948 conferat)
815 2893 910 2946 pro
939 2875 1138 2931 Judaeis
1163 2875 1447 2931 anathema
1470 2889 1590 2930 esse
1627 2891 1642 2931 :
1668 2875 1746 2930 sic
1787 2882 1844 2931 et
1869 2873 1960 2929 illa

376 2984 432 3030 nt
467 2971 606 3029 ﬁlius
647 2970 1076 3035 benediceretnr,
1104 2969 1267 3022 etiam
1295 2967 1540 3023 maledici
1566 2965 1958 3023 consentiebat.

382 3068 446 3122 Et
476 3067 547 3121 illi
576 3065 791 3136 quidem
847 3062 1000 3118 bonis
1044 3060 1308 3127 cedebat;
1350 3076 1458 3116 non
1513 3061 1656 3116 enim
1703 3075 1827 3116 cum
1868 3059 1962 3115 illo

375 3159 803 3216 benedictionem
831 3166 1112 3226 acceptura
1144 3163 1294 3216 erat;
1357 3154 1496 3208 mala
1522 3161 1702 3208 autem
1729 3152 1843 3223 ipsa
1869 3167 1963 3207 so-

380 3257 428 3309 la
451 3255 716 3310 sustinere
748 3259 931 3321 parata
959 3256 1078 3304 erat
1105 3266 1120 3303 :
1151 3258 1388 3303 attamen
1412 3247 1678 3319 gaudebat
1719 3257 1777 3304 et
1809 3262 1964 3318 urge-

381 3349 491 3413 bat,
514 3355 568 3402 et
593 3345 696 3400 hoc
715 3359 836 3400 eum
867 3352 1074 3398 tantum
1093 3342 1400 3396 immineret
1426 3340 1740 3410 periculum,
1771 3347 1824 3394 et
1850 3353 1964 3394 mo-

381 3454 495 3493 ram
537 3453 680 3508 aegre
711 3437 935 3492 ferebat.
966 3433 1213 3490 Timebat
1254 3435 1419 3500 enim,
1453 3449 1522 3490 ne
1546 3434 1592 3488 si
1618 3433 1966 3504 praevenisset

386 3529 548 3594 Esau,
598 3543 788 3584 vanam
819 3527 937 3598 ejus
966 3526 1217 3582 redderet
1259 3527 1596 3598 sapientiam.
1646 3525 1768 3580 ldeo
1807 3526 1966 3580 etiam

387 3621 548 3676 verba
579 3620 630 3675 in
662 3619 1038 3690 compendium
1066 3617 1256 3689 redigit
1279 3626 1332 3673 et
1364 3626 1516 3688 urget
1547 3616 1965 3683 adolescentem,

389 3723 437 3769 el
486 3724 768 3786 postquam
801 3713 1070 3782 prioribus
1100 3713 1474 3768 contradicere
1499 3711 1658 3776 sivit,
1705 3713 1968 3765 rationem

385 3805 541 3861 all’ert
563 3820 681 3875 quae
702 3804 931 3858 sufﬁciat
957 3803 1023 3859 ad
1049 3803 1498 3874 persuadendum.
1520 3800 1702 3874 Neque
1721 3802 1864 3858 enim
1891 3800 1973 3856 di-

387 3900 494 3962 xit,
523 3895 742 3953 Frustra
775 3897 890 3952 huic
917 3897 1086 3964 dicis,
1117 3907 1171 3952 et
1195 3899 1316 3952 sine
1357 3913 1519 3952 causa
1567 3896 1760 3951 metuis
1783 3937 1798 3963 ,
1847 3910 1971 3950 cum

389 4001 538 4059 pater
567 3998 688 4044 tuus
709 3989 1048 4045 consenuerit
1066 3999 1123 4044 et
1144 3991 1292 4046 claro
1311 4005 1474 4046 sensu
1496 3990 1563 4042 sit
1591 3989 1854 4058 privatus;
1879 3986 1974 4044 sed

389 4081 549 4152 quid?
577 4080 644 4134 In
689 4098 767 4136 me
792 4082 856 4135 sit
897 4083 1184 4138 maledictio
1227 4093 1334 4150 tua,
1361 4082 1478 4152 fili:
1509 4092 1712 4136 tantum
1760 4095 1872 4136 rem
1921 4089 1978 4136 et

399 4175 587 4232 drama
611 4191 680 4232 ne
703 4178 916 4248 perdas,
968 4191 1140 4246 neque
1167 4183 1414 4230 venatum
1441 4174 1652 4227 amittas
1674 4213 1690 4239 ,
1733 4186 1833 4228 nec
1860 4171 1977 4227 lbe-

399 4287 615 4328 sanrum
661 4271 877 4342 prodas.
923 4269 1043 4340 lpse
1070 4281 1201 4349 vero
1239 4267 1404 4323 Jacob
1429 4281 1609 4321 annon
1638 4264 1738 4320 fuit
1765 4278 1974 4322 merce-

400 4366 582 4420 narius
608 4362 748 4435 apud
776 4369 1058 4432 cognatum
1078 4360 1161 4416 bis
1189 4367 1394 4430 septem
1420 4357 1632 4414 annos?
1658 4372 1836 4412 annon
1856 4371 1977 4412 cum

401 4455 680 4521 servitute,
713 4454 870 4508 etiam
901 4467 996 4522 pro
1024 4451 1113 4506 illa
1145 4450 1351 4505 fallacia
1382 4449 1514 4505 risui
1541 4449 1691 4504 erat?
1721 4447 1859 4516 Quid
1889 4463 1980 4503 er-

404 4548 511 4618 go?
533 4561 659 4602 num
672 4560 833 4600 sensu
852 4542 1078 4598 affectus
1099 4541 1259 4598 estob
1273 4538 1478 4596 risum?
1497 4555 1624 4594 num
1648 4553 1708 4594 se
1729 4538 1983 4594 indecore

411 4654 569 4708 agere
592 4638 812 4709 putavit,
837 4635 979 4706 quod
1006 4635 1142 4691 liber
1170 4650 1290 4690 cum
1303 4643 1447 4690 esset
1467 4641 1528 4690 et
1542 4649 1607 4689 ex
1625 4632 1810 4688 liberis
1830 4641 1986 4689 natus

412 4745 476 4785 ac
497 4729 784 4784 liberaliter
801 4727 1078 4794 educatus,
1104 4741 1223 4797 qua:
1239 4739 1518 4781 servorum
1539 4732 1692 4779 erant
1712 4737 1902 4794 passus
1917 4723 1988 4779 sit

411 4839 440 4876 a
470 4822 748 4892 cognatis?
777 4820 919 4892 quod
950 4820 1180 4874 maxime
1206 4817 1458 4873 mordere
1486 4816 1624 4872 solet
1663 4831 1783 4872 cum
1812 4815 1933 4887 quis
1955 4830 1987 4870 a

413 4917 552 4968 notis
597 4914 707 4967 suis
733 4912 1119 4968 contumeliose
1147 4912 1344 4982 agitur.
1394 4909 1742 4980 Nequaquam
1779 4927 1794 4965 :
1827 4923 1986 4966 causa

414 5016 588 5060 autem
617 5015 731 5059 erat
750 5003 986 5070 dilectio,
1009 5017 1128 5074 quae
1156 5012 1385 5072 tempus,
1414 5001 1724 5056 diuturnum
1752 5015 1874 5056 cum
1897 5015 1988 5056 es-

417 5106 519 5162 set,
542 5095 807 5150 tnudicum
837 5094 967 5149 illud
987 5093 1291 5149 exhibebat.
1326 5092 1490 5147 Erant
1511 5093 1666 5155 enim,
1695 5091 1886 5161 inquit,
1937 5091 1990 5145 in

415 5197 682 5257 conspectu
709 5188 818 5257 ejus
841 5186 982 5256 quasi
1008 5186 1114 5239 dies
1148 5185 1296 5256 pauci
1321 5184 1473 5256 (Gen.
1502 5184 1590 5240 29.
1613 5183 1729 5254 ‘20).
1761 5184 1988 5238 Tantum

423 5280 608 5333 aberat
637 5287 695 5333 ut
719 5277 1056 5332 morderetur
1071 5284 1126 5330 et
1141 5277 1479 5330 erubesceret
1501 5275 1568 5330 de
1587 5276 1685 5329 hac
1708 5274 1990 5330 servitute.

425 5371 550 5428 lure
571 5386 697 5440 ergo
718 5370 924 5425 dicebat
950 5370 1134 5423 beatus
1157 5369 1351 5423 Paulus
1384 5389 1397 5422 :
1429 5368 1626 5425 Caritas
1645 5387 1745 5423 non
1762 5370 1993 5425 indecore

424 5464 530 5536 agit
549 5479 569 5518 :
609 5480 709 5518 non
735 5462 914 5533 quierit
943 5475 1057 5532 qua:
1079 5476 1172 5514 sua
1188 5469 1323 5527 sunt,
1349 5477 1448 5514 non
1477 5461 1725 5516 irritatur.
1750 5459 1884 5516 Cum
1913 5460 1995 5516 di-

425 5563 589 5616 xisset
615 5559 779 5621 enim,
800 5572 902 5610 non
923 5554 1154 5609 indecore
1167 5555 1292 5624 agit,
1323 5552 1537 5608 modum
1563 5551 1723 5608 etiam
1739 5553 1994 5620 ostendit,

427 5667 535 5724 quo
565 5666 669 5706 non
699 5647 946 5705 indecore
971 5647 1098 5718 agit.
1126 5644 1256 5715 Quis
1300 5653 1476 5702 autem
1507 5643 1697 5702 modus
1734 5645 1824 5703 ille
1866 5645 1994 5703 ett?

1075 185 1132 244 8.
1170 181 1448 242 JOANNlS
1475 174 1959 238 CIIRYSOSTOMI
1996 175 2311 236 ARCHIEP.
2351 179 2884 244 CONSTANTINOP.

2053 295 2193 363 Quia
2224 311 2324 350 non
2347 298 2528 367 quierit
2555 314 2672 369 que
2706 316 2801 355 tua
2824 310 2961 356 sunt.
2998 297 3260 359 Dilectum
3287 304 3434 359 enim
3463 306 3634 360 ornnia

2053 383 2155 440 sibi
2184 399 2305 442 esse
2327 397 2501 458 putat,
2534 400 2588 445 et
2609 399 2737 447 tunc
2763 390 3019 449 indecore
3045 408 3106 449 se
3132 407 3294 464 agere
3320 405 3498 464 putat,
3522 410 3633 450 cum

2053 493 2159 533 non
2179 487 2355 549 potest
2381 482 2529 537 illum
2564 483 2818 540 indecore
2837 493 3080 556 agentem
3114 487 3382 553 liberare;
3413 488 3490 541 ita
3519 496 3575 541 ut
3598 491 3634 542 si

2050 568 2235 626 liceret
2261 587 2359 642 per
2384 573 2616 631 dedecus
2643 590 2800 632 suum
2828 577 3081 634 dilectum
3111 593 3267 634 suum
3291 580 3509 650 juvare,
3537 595 3638 636 non

2048 661 2178 718 illud
2203 664 2440 722 dedecus
2465 682 2588 724 esse
2616 677 2830 739 putaret
2860 685 2875 724 :
2900 671 2990 727 ille
3014 685 3248 743 namque
3275 673 3364 729 hic
3395 674 3518 744 ipse
3540 685 3635 730 est.

2048 754 2158 811 Hoc
2179 767 2261 812 est
2279 759 2423 813 enim
2448 761 2706 826 amicitia,
2749 777 2874 818 cum
2913 764 2960 818 is
2997 765 3088 834 qui
3118 765 3312 836 diligit,
3366 776 3426 821 et
3479 767 3526 821 is
3559 768 3640 836 qui

2047 845 2308 918 diligitur,
2334 865 2441 905 non
2467 851 2574 907 duo
2601 851 2756 907 divisi
2785 861 2931 921 sunt,
2964 855 3058 910 sed
3088 871 3226 912 unus
3253 857 3422 912 homo
3459 876 3475 914 :
3506 860 3640 927 quod

2049 953 2154 994 non
2201 941 2438 1010 aliunde,
2479 944 2573 998 sed
2623 959 2650 998 a
2682 945 2906 1001 caritate
2935 947 3046 1002 sola
3075 947 3327 1005 efﬁcitur.
3388 949 3476 1005 Ne
3522 966 3643 1021 ergo

2048 1045 2257 1098 quaeras
2287 1033 2427 1102 quod
2457 1043 2602 1088 tuum
2630 1047 2746 1103 est,
2805 1046 2864 1091 ut
2895 1038 3136 1094 invenias
3180 1042 3325 1110 quod
3360 1050 3513 1095 tuum
3545 1054 3639 1097 et.

2048 1120 2147 1188 Qui
2173 1124 2316 1178 enim
2353 1126 2494 1195 quod
2522 1141 2677 1182 suum
2705 1138 2788 1184 est
2813 1131 3027 1200 quaerit,
3056 1133 3197 1202 quod
3229 1147 3387 1187 suum
3421 1144 3510 1187 est
3545 1152 3642 1188 non

2052 1213 2272 1270 invenit.
2298 1214 2420 1271 Ideo
2447 1217 2642 1274 Paulus
2656 1219 2888 1287 dicebat,
2920 1221 3087 1278 Nerua
3114 1237 3310 1293 qua'rat
3336 1226 3482 1295 quod
3506 1245 3646 1282 suam

2051 1313 2144 1370 est,
2172 1306 2261 1359 sed
2285 1309 2629 1379 unusquisque
2649 1311 2786 1382 quod
2815 1315 3038 1383 proximi
3057 1325 3127 1370 est
3154 1319 3232 1386 (1.
3258 1317 3384 1373 Cor.
3416 1319 3509 1373 10.
3533 1320 3646 1386 21).

2053 1395 2273 1467 Propria
2310 1400 2454 1454 enim
2481 1403 2684 1457 utilitas
2713 1405 2764 1458 in
2814 1405 3047 1462 utilitate
3076 1410 3307 1476 proximi
3339 1412 3443 1463 sita
3474 1423 3578 1474 est.
3599 1423 3648 1466 et

2054 1491 2193 1548 illius
2239 1492 2439 1550 utilitas
2465 1496 2516 1550 in
2548 1497 2658 1551 illa.
2690 1498 3152 1566 Quemadmodum
3178 1519 3310 1574 ergo
3341 1507 3386 1557 si
3416 1507 3542 1574 quis
3563 1523 3650 1559 au—

2055 1597 2170 1636 rum
2200 1585 2472 1654 proprium
2502 1588 2554 1641 in
2582 1586 2744 1642 domo
2775 1591 3004 1660 proximi
3033 1591 3315 1650 defossum
3346 1595 3580 1662 habens,
3610 1599 3650 1650 si

2055 1673 2146 1728 illo
2175 1675 2394 1730 veniens
2422 1677 2472 1731 id
2490 1694 2734 1748 quaerere
2759 1689 2813 1736 et
2833 1681 3092 1740 defodere
3113 1688 3481 1752 recusaverit,
3504 1704 3653 1742 nurn-

2055 1781 2214 1836 quam
2238 1767 2411 1838 ipsum
2440 1770 2642 1826 videbit
2671 1774 2787 1829 :sic
2811 1775 2902 1845 qui
2932 1791 3040 1832 non
3069 1778 3185 1833 vult
3205 1778 3260 1833 in
3289 1781 3534 1849 proximi
3557 1785 3654 1835 u:i-

2057 1859 2204 1917 litate
2221 1877 2373 1918 suam
2397 1864 2681 1921 utilitatem
2712 1883 2978 1937 quaerere,
3010 1886 3240 1926 coronas
3267 1873 3398 1929 huic
3442 1873 3527 1929 rei
3575 1875 3658 1930 de-

2057 1950 2196 2006 bitas
2223 1967 2332 2007 non
2363 1964 2745 2026 consequetur.
2787 1959 2998 2015 Etenim
3044 1962 3186 2017 Deus
3233 1963 3360 2018 ideo
3403 1963 3544 2019 illud
3589 1965 3656 2020 ita

2057 2045 2343 2116 disposuit,
2379 2056 2436 2103 ut
2474 2049 2642 2105 simus
2672 2061 2858 2108 mutuo
2883 2054 3138 2125 colligati.
3169 2056 3245 2110 Ac
3278 2057 3427 2113 sicut
3472 2058 3521 2113 si
3544 2059 3658 2128 quis

2060 2151 2283 2206 puerum
2314 2140 2734 2198 somniculosum
2763 2147 3028 2213 excitans,
3056 2147 3357 2205 utfratrem
3375 2163 3657 2222 sequatur;

2059 2231 2103 2284 si
2133 2246 2197 2285 ex
2229 2245 2288 2286 se
2322 2231 2489 2299 nolit,
2519 2234 2662 2305 quod
2694 2237 2793 2306 ipsi
2824 2237 3181 2295 desiderabile
3209 2251 3265 2296 et
3289 2243 3658 2312 expetendum

2060 2331 2146 2379 est
2174 2323 2336 2380 tradit
2365 2324 2548 2391 fratri,
2578 2337 2637 2384 ut
2665 2330 2963 2400 accipiendi
2987 2334 3282 2404 cupiditate
3307 2351 3438 2391 eum
3469 2339 3563 2408 qui
3591 2350 3661 2392 te-

2063 2424 2156 2473 net
2193 2427 2450 2486 sequatur
2476 2461 2491 2484 ,
2524 2420 2666 2490 quod
2692 2423 2852 2477 etiam
2893 2424 3128 2481 efﬁcitur
3155 2445 3169 2481 :
3200 2427 3270 2481 ita
3299 2437 3361 2484 et
3402 2428 3496 2484 hic
3525 2432 3660 2498 quod

2065 2509 2348 2580 unicuique
2369 2512 2499 2567 utile
2526 2524 2630 2580 est,
2664 2515 2909 2584 proximo
2938 2518 3176 2585 tradidit,
3198 2529 3256 2574 ιιι
3279 2520 3411 2576 hinc
3433 2523 3577 2577 alter
3599 2524 3661 2576 ad

2063 2602 2287 2658 alterum
2316 2619 2680 2672 accurramus,
2715 2616 2770 2663 et
2798 2624 2868 2665 ne
2893 2611 3064 2666 simus
3092 2611 3310 2667 divulsi.
3339 2614 3481 2669 Etsi
3510 2616 3661 2677 velis.

2064 2693 2167 2750 hoc
2197 2703 2252 2751 et
2299 2698 2351 2751 in
2376 2698 2530 2754 nobis
2554 2699 2677 2755 vide
2697 2701 2785 2770 qui
2816 2700 3085 2772 loquimur
3117 2721 3130 2756 :
3164 2705 3309 2774 quod
3338 2706 3494 2761 enim
3534 2708 3662 2761 mihi

2067 2786 2197 2842 utile
2225 2797 2328 2855 est,
2353 2789 2405 2843 iu
2435 2798 2486 2845 te
2515 2790 2676 2846 situm
2708 2801 2809 2856 est,
2854 2805 2907 2847 et
2935 2794 3078 2864 quod
3111 2795 3206 2850 tibi
3238 2797 3375 2852 utile
3397 2839 3415 2864 ,
3464 2798 3521 2852 in
3552 2814 3663 2852 me.

1992 2890 2018 2916 ⁸
2067 2878 2185 2934 Tibi
2217 2882 2358 2936 enim
2390 2883 2520 2939 utile
2548 2894 2631 2939 est
2658 2893 2717 2939 ut
2745 2884 2991 2941 docearis
3021 2902 3082 2942 ea
3110 2903 3231 2958 quae
3266 2888 3388 2944 Deo
3416 2891 3662 2960 placent;

2066 2970 2161 3026 sed
2195 2971 2309 3028 haec
2333 2987 2460 3028 cura
2485 2975 2616 3029 mihi
2636 2976 2837 3031 credita
2860 2975 2979 3043 fuit,
3000 2989 3057 3033 ut
3080 2987 3136 3034 tu
3155 2994 3184 3033 a
3213 2994 3302 3036 me
3329 2980 3385 3036 id
3405 2983 3663 3054 accipias,

2069 3064 2296 3136 ideoque
2323 3076 2540 3126 coactus
2587 3069 2662 3124 sis
2715 3071 2781 3125 ad
2811 3085 2899 3125 me
2923 3086 3205 3129 accurrere
3238 3090 3252 3127 :
3284 3083 3344 3130 et
3370 3075 3510 3132 mihi
3542 3079 3668 3133 utile

2069 3167 2154 3213 est
2178 3169 2235 3214 ut
2257 3169 2311 3214 tu
2341 3160 2532 3216 melior
2550 3161 2833 3229 et‘ﬁciaris;
2865 3178 3109 3235 magnam
3138 3166 3431 3224 eniminde
3463 3184 3668 3225 merce-

2070 3251 2192 3306 dem
2222 3254 2510 3325 accipiam;
2538 3255 2631 3310 sed
2651 3255 2754 3312 hoc
2772 3271 2954 3312 rursus
2979 3259 3030 3313 in
3057 3268 3108 3315 te
3134 3260 3292 3314 situm
3316 3271 3424 3328 est,
3458 3272 3521 3319 et
3550 3263 3668 3318 ideo

2073 3353 2126 3399 te
2168 3346 2426 3415 consequi
2461 3361 2646 3418 cogor,
2679 3356 2813 3404 utet
2842 3358 2900 3403 tu
2925 3350 3117 3406 melior
3138 3352 3234 3417 sis,
3265 3360 3322 3407 et
3367 3367 3477 3424 ego
3525 3357 3668 3424 quod

2073 3435 2202 3489 mihi
2253 3435 2384 3492 utile
2413 3445 2498 3492 est
2524 3452 2554 3492 a
2589 3447 2642 3493 te
2686 3439 2968 3509 accipiam.
3015 3439 3141 3496 ldeo
3175 3441 3392 3498 dicebat
3442 3443 3667 3509 Paulus.

2077 3530 2204 3594 Quae
2223 3531 2355 3584 enim
2380 3546 2492 3585 mea
2517 3547 2630 3600 spes
2648 3533 2764 3586 est?
2796 3549 2968 3589 annon
2996 3535 3124 3589 vos?
3149 3544 3201 3590 et
3245 3550 3437 3592 rursus
3461 3578 3481 3604 ,
3541 3538 3672 3608 Spro

2073 3637 2206 3687 mea,
2224 3621 2466 3691 gaudium
2477 3633 2715 3686 meum,et
2729 3640 2916 3679 corona
2930 3625 3248 3696 gloriationir
3262 3643 3386 3681 mea
3397 3627 3418 3699 (
3426 3628 3450 3682 Ι
3463 3667 3479 3681 .
3490 3627 3670 3682 Tum.

2072 3711 2130 3766 2.
2158 3711 2246 3766 t9.
2273 3710 2388 3782 20).
2420 3711 2604 3783 Itaque
2642 3713 2794 3768 Pauli
2828 3714 3081 3785 gaudium
3123 3715 3365 3786 discipuli
3393 3728 3578 3782 erant.
3622 3729 3675 3773 et

2076 3803 2244 3873 ipsius
2284 3804 2534 3874 gaudium
2573 3805 2646 3860 illi
2679 3804 2966 3862 habebant.
2990 3805 3114 3862 Ideo
3139 3809 3299 3864 etiam
3329 3809 3672 3881 lacrymaba-

2079 3906 2185 3962 tur,
2218 3896 2262 3950 si
2284 3897 2499 3967 quando
2523 3907 2814 3968 pereuntes
2846 3899 3074 3955 videret.
3107 3900 3342 3955 Rursum
3383 3903 3535 3971 quod
3565 3904 3674 3957 illis

2080 3987 2230 4052 utile,
2275 3989 2330 4043 in
2383 3987 2550 4043 Paulo
2577 3998 2695 4045 erat
2741 4005 2756 4042 :
2803 4001 3088 4060 propterea
3135 3991 3386 4047 dicebat:
3418 3992 3533 4048 Pro
3583 4013 3676 4063 spe

2080 4081 2292 4136 [tractis
2333 4081 2526 4136 cinctus
2553 4098 2665 4137 sum
2708 4083 2804 4138 hac
2836 4093 3014 4138 catena
3041 4083 3176 4155 (Act.
3192 4084 3285 4140 28.
3305 4083 3436 4156 20);
3464 4096 3524 4141 et
3547 4103 3675 4141 rur-

2083 4187 2224 4240 sum,
2253 4171 2376 4228 Htrc
2426 4175 2592 4243 patior
2633 4184 2839 4244 prapter
2882 4173 3084 4242 electos,
3115 4185 3171 4231 ut
3219 4177 3374 4231 vitam
3424 4188 3675 4232 uerum

2084 4275 2453 4336 consequantur
2476 4265 2554 4336 (2.
2583 4264 2713 4319 Tim.
2743 4265 2799 4319 2.
2827 4265 2942 4336 l0).
2972 4266 3084 4322 Hoc
3108 4268 3267 4322 etiam
3295 4267 3486 4324 videre
3511 4279 3597 4325 est
3623 4272 3674 4324 in

2086 4354 2152 4410 iis
2177 4370 2297 4425 quae
2322 4355 2388 4410 ad
2427 4357 2588 4410 vitam
2619 4357 2888 4427 pertinent
2920 4376 2933 4411 :
2967 4371 3089 4412 nam
3114 4358 3209 4422 ait,
3245 4357 3436 4414 Mulier
3479 4362 3672 4431 proprii

2084 4449 2312 4518 corporis
2355 4457 2646 4518 potestatem
2695 4465 2798 4504 non
2829 4451 2995 4517 habet,
3029 4468 3186 4522 neque
3205 4451 3317 4516 uir;
3359 4453 3452 4507 sed
3492 4455 3674 4507 mlier

2088 4541 2204 4606 viri,
2232 4551 2277 4594 et
2301 4541 2378 4594 vir
2401 4541 2626 4595 mulieris
2652 4539 2729 4614 (Ι.
2759 4540 2880 4598 Cor.
2913 4543 2967 4597 7.
3000 4543 3080 4615 ι).
3105 4544 3181 4600 Ita
3202 4553 3258 4601 et
3280 4560 3380 4603 nos
3402 4560 3534 4601 cum
3574 4547 3672 4602 ali-

2089 4647 2226 4703 quos
2253 4632 2509 4703 colligare
2539 4633 2807 4700 volumus,
2836 4633 2940 4690 hoc
2975 4634 3198 4691 facimus
3228 4654 3242 4690 :
3276 4638 3556 4694 neminem
3592 4637 3671 4692 sui

2092 4725 2367 4780 dominum
2395 4724 2770 4794 relinquimus.
2799 4726 2894 4780 sed
2926 4726 3158 4782 mediam
3204 4728 3564 4786 extendentes
3587 4743 3670 4786 a-

2095 4826 2294 4882 tenam,
2325 4817 2376 4872 id
2403 4816 2684 4883 efﬁcimus,
2733 4826 2790 4872 ut
2819 4816 2906 4872 hic
2939 4819 3006 4874 ab
3053 4819 3145 4874 illo
3170 4829 3225 4873 et
3249 4820 3336 4875 ille
3366 4820 3434 4874 ab
3467 4823 3576 4878 hoe
3598 4832 3670 4876 te-

2093 4920 2302 4966 neatur.
2330 4909 2422 4964 Vis
2452 4908 2553 4964 hoc
2579 4909 2740 4964 etiam
2792 4909 2976 4964 videre
3013 4910 3066 4964 in
3093 4911 3539 4981 magistratibus?
3574 4914 3666 4981 Qui

2091 5003 2313 5074 iudicat,
2359 5017 2466 5057 non
2505 5001 2656 5058 sedet
2694 5001 2797 5057 sibi
2836 5003 3106 5073 judicans,
3137 5003 3232 5058 sed
3257 5019 3508 5074 quaerens
3533 5006 3668 5077 quod

2097 5094 2339 5164 proximo
2387 5091 2648 5147 conferat.
2703 5092 2908 5148 Rursus
2959 5092 3051 5163 qui
3098 5093 3203 5148 illis
3260 5093 3458 5149 subditi
3512 5108 3668 5160 sunt,

2097 5183 2239 5254 quod
2289 5183 2513 5252 principi
2564 5182 2804 5238 conferat
2852 5191 3115 5252 quaerunt,
3167 5199 3264 5254 per
3301 5186 3528 5252 cultum,
3578 5203 3668 5255 per

2096 5275 2454 5330 ministerium
2505 5288 2707 5344 perque
2747 5273 2851 5327 alia
2898 5275 3098 5328 omnia.
3145 5275 3340 5331 Milites
3390 5292 3488 5346 pro
3522 5280 3666 5332 nobis

2099 5383 2247 5422 arma
2268 5374 2514 5430 sumunt;
2537 5375 2757 5436 propter
2777 5380 2875 5420 nos
2899 5365 3038 5421 enim
3063 5368 3299 5436 pericula
3316 5367 3548 5424 adeunt:
3571 5384 3664 5424 nos

2099 5475 2198 5532 pro
2236 5460 2342 5514 illis
2371 5457 2582 5515 iabores
2625 5457 2982 5529 suscipimus;
3012 5473 3043 5513 a
3069 5458 3223 5514 nobis
3250 5461 3397 5515 enim
3436 5463 3660 5516 alunuir.

2171 5555 2225 5609 4.
2267 5552 2462 5608 Caritas
2497 5568 2530 5606 a
2571 5550 2741 5606 Paulo
2781 5551 3266 5607 commendatur.—
3291 5553 3348 5609 Si
3378 5564 3552 5610 autem
3578 5555 3650 5608 di—

2106 5648 2268 5716 xeris,
2296 5660 2730 5718 unumquemque
2753 5661 2848 5702 sua
2874 5653 3202 5718 qurerentem
3217 5645 3320 5704 hoc
3346 5647 3538 5710 facete.
3567 5648 3658 5701 bo:
