3802 6214
222 204 308 258 ,79
1181 197 1244 252 IN
1284 194 1502 254 El’lST.
1535 196 1556 249 ι
1594 193 1686 249 AD
1725 191 1883 250 con.
1925 193 2160 257 HOMIL.
2198 199 2439 263 xxxm.

219 317 404 386 καὶτῆς
433 316 697 386 τεκούσης
750 334 810 371 σε
861 318 1066 388 μητρὸς
1097 316 1228 380 ξῶν.
1277 317 1341 370 Τί
1367 313 1494 382 οὕνς
1524 316 1760 387 ἤλγησεν

217 404 296 458 ἐπὶ
317 398 513 463 τούτοις
542 400 634 452 καὶ
662 401 1049 470 ἐνεκαλύψατο,
1085 399 1181 453 καὶ
1207 399 1421 469 ἀπέστη
1451 398 1548 452 τοῦ
1581 397 1762 466 φιλου-

218 486 396 557 μένου;
437 483 760 538 Τοῦναντίον
789 485 886 554 μὲν
913 480 1007 537 οὖν
1041 484 1204 549 ἅπαν,
1238 484 1332 536 καὶ
1360 479 1764 543 ἐκαλλωπίζετο

212 571 280 640 τῷ
310 567 537 636 φίλτρῳ*
590 566 768 619 καίτοι
804 583 867 634 γε
915 569 944 620 6
983 569 1081 638 μὲν
1118 566 1369 636 βασιλεὺς
1396 560 1465 636 ἦν
1490 565 1631 628 τότε,
1669 563 1763 615 καὶ¹

215 650 456 724 βασιλέως
513 650 628 712 υίὸς
651 651 680 702 6
719 650 992 714 Ἱωνάθαν,
1026 652 1054 703 6
1083 649 1139 703 δέ
1174 648 1350 720 φυγὰς
1383 647 1478 700 καὶ
1506 647 1710 716 ἀλήτης
1736 646 1765 697 6

209 733 371 789 Δαυΐδ.
411 732 549 784 Ἀλλ’
577 732 695 786 ούδέ
719 733 891 796 οὕτως
924 732 1184 803 ᾐσχύνετο
1218 731 1384 785 αὐτοῦ
1411 733 1476 801 τῇ
1513 729 1682 800 φιλίᾳ·
1727 730 1762 799 ἡ

208 821 304 888 γὰρ
328 815 510 885 ἀγάπη
537 815 636 868 οὐκ
663 816 979 886 ἀσχημονεῖ.
997 815 1105 869 Kal
1128 815 1236 887 γὰρ
1261 815 1322 868 τὸ
1345 813 1655 884 θαυμαστὸν
1672 813 1761 866 αὕ-

210 901 294 968 τῆς
323 897 472 951 τοῦτὸ
504 901 670 962 ἐστιν,
706 900 786 952 ὅτι
830 898 919 952 τὸν
970 897 1324 969 ὑϐριζόμενον
1360 898 1421 950 ού
1477 897 1634 965 μόνον
1661 895 1761 948 οὐκ

207 983 415 1050 ἀφίησιν
444 981 629 1049 ἀλγεῖν
662 982 781 1034 οὕδέ
798 981 1112 1043 δάκνεσθαι,
1136 982 1271 1036 ἀλλά
1303 983 1398 1036 καὶ
1423 981 1632 1051 χαίρειν
1658 997 1762 1032 πα-

209 1064 538 1135 ρασκευάζει.
591 1065 688 1118 Διά
735 1065 798 1136 δὴ
845 1065 1004 1118 τοῦτο
1053 1067 1146 1118 καὶ
1181 1066 1386 1127 ἐκεῖνος
1422 1062 1562 1133 μετά
1588 1061 1762 1114 ταῦτα

205 1149 424 1209 ἅπαντα,
453 1146 641 1218 ὥσπερ
675 1147 938 1216 στέφανον
968 1148 1365 1218 περικείμενος,
1393 1145 1565 1208 οὕτως
1597 1142 1762 1196 ἀπελ-

204 1231 305 1286 θὼν
333 1228 630 1301 περιεχύθη
671 1230 749 1300 τῷ
781 1231 961 1283 Δαυῖδ.
988 1231 1062 1284 Οὐ
1098 1230 1207 1302 γὰρ
1233 1225 1340 1283 οἶδε
1370 1229 1421 1281 τί
1455 1229 1584 1280 ποτέ
1613 1229 1760 1280 ἐστιν

202 1312 342 1388 [502]
370 1313 597 1384 αἰσχύνη
633 1316 664 1384 ἠ
696 1315 882 1383 ἀγάπη
902 1329 914 1341 ’
956 1313 1044 1367 διά
1073 1313 1230 1368 τοῦτο
1255 1312 1350 1367 καὶ
1375 1311 1758 1381 φιλοτιμεῖται,

201 1397 280 1465 ἐφ’
303 1393 382 1459 οἷς
424 1396 608 1467 ἕτερος
645 1396 1064 1464 ἐγκαλύπτεται.
1127 1395 1362 1467 Αίσχύνη
1411 1393 1520 1464 γὰρ
1570 1392 1632 1445 16
1683 1393 1758 1463 μὴ

198 1479 388 1534 εἰδέναι
421 1479 616 1548 φιλεῖν,
644 1481 704 1532 οὐ
737 1480 796 1533 16
833 1479 1089 1549 φιλοῦντα
1115 1464 1440 1534 κινδύνεύειν
1463 1477 1555 1530 καὶ
1584 1476 1760 1530 πάντα

198 1564 480 1634 ὑπομένειν
499 1562 637 1632 ὑπὲρ
659 1563 766 1615 τῶν
782 1563 1134 1634 φιλουμένων.
1167 1563 1347 1616 Πάντα
1367 1562 1421 1616 δέ
1444 1561 1568 1614 ὅταν
1598 1559 1758 1621 εἴπω,

201 1648 271 1719 μὴ
299 1646 544 1719 νομίσῃς,
571 1646 746 1699 καὶτά
769 1646 1034 1717 ἐπιϐλαϐἦ
1055 1646 1255 1715 λέγειν,
1281 1640 1392 1699 οἷον
1411 1645 1464 1697 εί
1485 1661 1567 1707 τις
1588 1642 1758 1712 λέγοι,

194 1731 296 1801 νέῳ
325 1730 694 1799 συμπράττειν
727 1732 806 1792 εἰς
854 1730 1158 1801 ἐρωμένην,
1190 1729 1224 1800 ἢ
1263 1728 1316 1782 εί
1342 1745 1425 1791 τις
1472 1726 1660 1798 ἕτερόν
1707 1743 1760 1779 τι

193 1812 484 1876 ἐπιϐλαϐἐς
511 1813 651 1877 ἀξιοῖ
693 1812 948 1866 διανύειν.
985 1813 1041 1867 Ὀ
1086 1813 1194 1883 γὰρ
1222 1811 1460 1875 τοιοῦτος
1489 1811 1548 1864 ού
1584 1810 1757 1878 φιλεῖ*

189 1896 462 1952 καὶτοῦτο
493 1895 680 1967 πρῴην
713 1897 839 1966 ὑμῖν
876 1895 1050 1961 ἔδειξα
1079 1897 1186 1950 ἀπὸ
1216 1896 1313 1966 τῆς
1341 1895 1641 1964 Αἰγυπτίας
1667 1911 1763 1962 γυ-

188 1980 395 2043 ναικός.
437 1979 550 2033 Kal
581 1978 690 2050 γάρ
718 1980 922 2042 ἐκεῖνος
975 1979 1135 2050 μόνος
1184 1979 1328 2031 ἐστὶν
1358 1979 1387 2031 6
1423 1977 1613 2046 φιλῶν,
1641 1979 1669 2030 ὁ
1694 1972 1765 2030 τά

186 2064 538 2135 συμφέροντα
567 2063 742 2133 ζητῶν
778 2063 854 2135 τῷ
908 2063 1249 2134 φιλουμένῳ·
1283 2062 1359 2126 ὼς
1401 2060 1456 2114 εί
1499 2079 1581 2125 τις
1609 2061 1764 2114 τοῦτο

185 2149 261 2219 μὴ
313 2146 538 2218 θηρεύοι
569 2147 628 2200 16
672 2147 853 2210 καλὸν,
901 2146 1002 2201 κᾶν
1061 2147 1322 2218 μυριάκις
1373 2145 1506 2217 λέγῃ
1565 2145 1761 2212 φιλεῖν,

184 2230 394 2304 ἐχθρῶν
428 2232 548 2284 ἐστι
584 2231 984 2301 πολεμιώτερος
1015 2231 1250 2284 πάντων.
1283 2229 1435 2282 Οὕτω
1467 2231 1558 2282 καὶ
1585 2231 1618 2299 ἡ
1650 2228 1762 2281 Ῥε-

181 2317 355 2369 ϐέκκα
384 2315 540 2378 ποτὲ,
572 2315 757 2386 ἐπειδὴ
793 2315 995 2385 σφόδρα
1027 2315 1288 2384 ἐξήρτητο
1309 2313 1403 2366 τοῦ
1436 2312 1643 2376 παιδὸς,
1671 2312 1766 2365 καὶ

179 2400 388 2470 κλοπὴν
423 2399 728 2471 εἰργάζετο,
783 2398 872 2450 καὶ
924 2399 1022 2450 οὒκ
1062 2396 1324 2468 ᾐσχύνετο
1363 2395 1438 2468 μὴ
1477 2395 1610 2466 ἁλῷ,
1643 2396 1764 2448 οὕδέ

174 2482 477 2536 ἐδεδοίκει·
530 2483 620 2534 καὶ
668 2481 773 2552 γὰρ
824 2482 914 2534 καὶ
945 2481 1190 2545 κίνδυνος
1219 2477 1286 2552 ἦν
1337 2483 1432 2551 οὐχ
1484 2481 1512 2534 6
1550 2479 1761 2550 τυχών·

176 2566 316 2620 ἀλλά
349 2568 448 2620 καὶ
485 2566 576 2620 τοῦ
607 2566 794 2628 παιδος
824 2564 1342 2634 ἀκριϐολογουμένου
1394 2564 1527 2634 1196;
1572 2563 1762 2634 αὐτὴν,

189 2653 312 2706 Ἐπ’
339 2652 455 2721 ἐμὲ
491 2653 528 2720 ἡ
569 2650 794 2719 κατάρα
833 2667 972 2716 σου,
1003 2649 1240 2715 τέκνον,
1275 2649 1482 2715 ἔλεγεν.

241 2833 314 2905 Υ.
333 2833 499 2898 Εἶδες
515 2833 609 2888 καὶ
627 2836 685 2886 ἐν
710 2835 930 2902 γυναικὶ
950 2831 1124 2903 ψυχὴν
1144 2831 1508 2900 ἀποστολικήν
1529 2849 1543 2897 ;
1577 2831 1765 2885 Καθά-

167 2938 279 2991 περ
304 2919 424 2991 γὰρ
444 2922 475 2972 6
499 2917 708 2980 Παῦλος
735 2917 905 2971 εἵλετο
931 2917 1024 2984 (ὼς
1048 2915 1114 2969 ἂν
1139 2917 1187 2968 εί
1211 2914 1432 2985 μεγάλῳ
1457 2930 1542 2977 τις
1572 2912 1766 2984 μικρὸν

167 3003 500 3075 παραϐάλοι
531 3001 548 3070 )
577 3001 716 3067 ὑπὲρ
749 3000 1016 3053 Ἰουδαίων
1046 2998 1292 3068 ἀνάθεμα
1316 2996 1592 3066 γενέσθαι,
1624 2995 1768 3050 οὕτω

164 3091 264 3142 καὶ
300 3086 482 3156 αὕτη,
520 3086 605 3138 ἵνα
659 3088 688 3138 6
737 3086 866 3147 παῖς
916 3083 1204 3153 εὕλογηθῇ,
1259 3083 1353 3135 καὶ
1395 3080 1768 3152 καταραθῆναι

163 3172 371 3225 εἵλετο.
407 3169 528 3224 Kal
551 3167 656 3221 τῶν
688 3167 786 3237 μὲν
824 3164 1046 3234 ἀγαθῶν
1089 3165 1280 3234 ἐκείνῳ
1311 3163 1621 3236 παρεχώρει
1641 3181 1654 3194 ο
1704 3163 1766 3216 οὐ

157 3255 277 3325 γάρ
307 3254 378 3324 δὴ
421 3253 546 3322 μετ’
573 3251 780 3304 ἐκείνου
811 3247 1149 3317 εὐλογεῖσθαι
1180 3247 1372 3318 ἔμελλε
1398 3264 1410 3276 ’
1447 3247 1514 3300 τά
1537 3246 1593 3299 δὲ
1620 3245 1767 3300 κακὰ

159 3338 310 3408 αὐτὴ
374 3341 525 3407 μόνη
576 3331 1017 3404 παρεσκευάζετο
1061 3332 1388 3401 ὑπομένειν·
1442 3331 1558 3384 ἀλλ’
1618 3332 1767 3401 ὅμως

157 3422 364 3492 ἔχαιρε
426 3419 529 3473 καὶ
562 3417 840 3487 ἠπείγετο,
883 3416 975 3468 καὶ
1019 3413 1189 3467 ταῦτα
1220 3415 1472 3467 τοσούτου
1523 3413 1766 3467 κινδύνου

155 3504 578 3576 προκειμένου,
602 3501 696 3554 καὶ
729 3501 794 3570 τῇ
826 3499 1080 3569 μελλήσει
1113 3498 1222 3550 τῶν
1245 3497 1584 3568 πραγμάτων
1612 3497 1768 3550 ἐδυσ-

153 3589 422 3658 χέραινε.
478 3583 590 3636 Kal
644 3581 754 3653 γὰρ
787 3581 1040 3634 ἐδεδοίκει
1082 3581 1156 3651 μὴ
1194 3579 1477 3651 προλαϐὼν
1519 3582 1546 3633 6
1597 3579 1767 3632 Ἠσαῦ

154 3671 422 3743 ματαίαν
457 3667 632 3737 αὐτῆς
664 3667 864 3737 ποιήσῃ
889 3663 986 3734 τὴν
1017 3663 1223 3733 σοφίαν.
1251 3664 1341 3716 Διό
1370 3665 1463 3716 καὶ
1484 3664 1770 3732 συντέμνει

149 3755 225 3808 τὰ
269 3754 541 3824 ῥήματα,
572 3748 666 3801 καὶ
711 3747 918 3814 ἐπείγει
970 3746 1060 3800 τὸν
1095 3747 1394 3808 νεανίσκον,
1444 3746 1536 3800 καὶ
1573 3747 1770 3814 ἀφεῖσα

145 3838 464 3892 ἀντειπεῖν
509 3832 644 3902 πρὸς
677 3831 746 3884 τὰ
773 3831 1054 3902 εἰρημένα,
1087 3831 1344 3902 λογισμὸν
1373 3831 1556 3884 ίκανὺν
1585 3833 1771 3885 πεῖσαι

146 3921 330 3975 αὑτὸν
360 3919 549 3985 λέγει.
581 3915 714 3967 Οὐδὲ
739 3913 845 3984 γάρ
877 3909 1050 3977 εἶπεν,
1088 3915 1221 3984 Είκῆ
1256 3913 1431 3968 ταῦτα
1470 3914 1648 3982 λέγεις
1675 3917 1773 3970 καὶ

143 4007 349 4077 μάτην
377 4002 663 4061 δέδοικας,
697 3995 792 4049 τοῦ
820 3997 1026 4066 πατρός
1052 4014 1144 4050 σου
1174 3997 1547 4068 γεγηρακότος
1580 3998 1673 4052 καὶ
1708 3998 1773 4052 16

138 4089 367 4159 τρανὸν
405 4085 524 4154 τῆς
561 4081 864 4152 αἰσθήσεως
908 4082 1284 4152 ἀφῃρημένου,
1334 4081 1470 4134 ἀλλά
1519 4081 1607 4147 τί;
1651 4083 1771 4136 Ἐπ’

135 4172 259 4242 ἐμὲ
297 4172 343 4239 ἡ
388 4165 636 4233 κατάρα
664 4180 801 4228 σου,
829 4163 1074 4216 τέκνον·
1129 4163 1286 4234 μόνον
1319 4165 1382 4217 σὺ
1421 4164 1494 4237 μὴ
1534 4165 1773 4233 διαφθεί-

138 4273 256 4328 ρῃς
289 4254 365 4308 τὸ
395 4251 618 4322 δρᾶμα,
674 4247 808 4319 μηδὲ
845 4247 1116 4330 ἀπολέσῃς
1144 4247 1205 4300 16
1235 4247 1482 4318 θήραμα,
1519 4249 1651 4319 μηδὲ
1680 4250 1772 4302 τὸν

136 4326 465 4409 θησαυρὸν
499 4331 729 4403 προδῷς.
763 4332 932 4394 Αὐτὸς
962 4332 1018 4384 δὲ
1044 4326 1194 4394 οὕτος
1223 4333 1252 4383 6
1281 4332 1474 4386 Ἰακὼϐ
1501 4334 1621 4404 οὐχὶ
1649 4335 1774 4404 ἐθή-

130 4440 276 4477 τευε
327 4418 514 4490 παρὰ,
534 4417 611 4486 τῷ
639 4418 890 4484 συγγενεῖ
928 4415 1009 4478 δὶς
1031 4415 1124 4485 ἐτη
1152 4415 1322 4481 ἐπτά;
1357 4417 1476 4486 οὐχ).
1513 4419 1648 4487 μετά
1676 4420 1773 4490 τῆς

129 4505 430 4567 δουλείας
466 4502 566 4554 καὶ
610 4501 818 4568 γέλωτα
859 4492 1038 4567 ὦφλεν
1072 4500 1210 4570 ὑπὲρ
1252 4500 1349 4571 τῆς
1379 4499 1592 4570 ἀπάτης
1627 4501 1772 4554 ἐκεί-

126 4608 287 4662 νης;
336 4588 418 4641 Τί
461 4581 599 4649 οὗν;
646 4579 755 4654 ἆρα
785 4582 982 4653 ᾔσθετο
1016 4581 1112 4634 τοῦ
1141 4583 1416 4651 γέλωτος;
1450 4579 1562 4653 ἆρα
1599 4585 1774 4656 ἀσχη-

131 4675 353 4745 μονεῖν
392 4666 664 4739 ἐνόμιζεν
698 4668 780 4720 ὅτι
808 4665 1089 4737 ἐλεύθερος
1117 4667 1192 4718 ὣν
1242 4667 1336 4720 καὶ
1377 4665 1436 4731 ἐξ
1477 4666 1774 4738 ἐλευθέρων

126 4759 237 4813 καὶ
271 4753 548 4828 τραφεὶς
574 4749 831 4818 εὐγενῶς,
863 4749 930 4803 τά
953 4749 1062 4803 τῶν
1093 4749 1294 4803 δούλων
1321 4749 1582 4821 ὑπέμεινε
1624 4750 1776 4822 παρὰ

122 4847 259 4906 τοῖς
297 4837 712 4910 προσήκουσιν
731 4849 746 4899 ;
795 4833 823 4886 ὃ
855 4833 1088 4904 μάλιστα
1137 4833 1352 4888 δάκνειν
1392 4833 1601 4899 εἴωθεν,
1645 4835 1774 4888 ὅταν

125 4925 311 4998 παρὰ
353 4924 499 4985 τοῖς
531 4919 828 4990 γνωρίμοις
853 4935 937 4981 τις
963 4916 1033 4969 τὰ
1065 4917 1402 4971 ἐπονείδιστα
1437 4917 1642 4992 πάσχῃ.
1671 4918 1777 4972 06-

117 5010 380 5081 δαμῶς·
425 5005 506 5058 τὸ
536 5003 594 5056 δέ
627 5002 797 5055 αἴτιον
821 5003 854 5070 ἡ
895 5001 1105 5071 ἀγάπη,
1145 5000 1179 5071 ἢ
1211 5003 1304 5055 καὶ
1335 5001 1426 5054 16v
1453 5002 1642 5072 χρόνον
1677 5019 1775 5055 πο..

121 5095 240 5146 λὺν
286 5093 460 5144 ὅντα.
523 5086 704 5155 ὀλίγον
741 5085 1037 5154 ἀπέφηνεν.
1061 5081 1255 5139 Ἦσαν
1296 5086 1436 5156 γὰρ,
1483 5086 1652 5156 φησὶ,
1681 5087 1777 5140 ἐνσ

114 5177 356 5230 ώπιον
399 5168 612 5225 αὑτοῦ
633 5168 778 5222 ὡσεί
805 5167 1018 5237 ἡμέραι
1053 5169 1266 5238 ὀλίγαι.
1295 5170 1561 5222 Τοσοῦτον
1582 5171 1775 5241 ἀπεῖχε

112 5261 232 5314 τοῦ
274 5251 624 5311 δάκνεσθαι
677 5251 771 5304 καὶ
818 5251 1074 5322 ἐρυθριᾷν
1101 5253 1194 5304 ἐπὶ
1235 5254 1298 5324 τῇ
1332 5251 1544 5323 δουλείᾳ
1580 5252 1775 5324 ταύτῃ.

110 5342 423 5405 Είκότως
478 5332 575 5390 οὖν
606 5336 789 5405 ἔλεγεν
823 5339 851 5389 6
887 5338 1155 5408 μακάριος
1197 5337 1428 5402 Παῦλος,
1475 5338 1545 5392 Ἡ
1574 5337 1776 5409 ἀγάπη

107 5432 248 5484 οὐκ
287 5421 713 5493 ἀσχημονεῖ·
749 5423 821 5474 οὐ
849 5419 1007 5489 ζητεῖ
1041 5421 1112 5476 τὰ
1139 5421 1378 5489 ἑαυτῆς,
1414 5425 1486 5477 οὐ
1519 5423 1779 5492 παροξύ-

107 5531 342 5572 νεται.
433 5507 636 5562 Είπὼν
669 5507 796 5578 γὰρ,
843 5507 923 5560 ὅτι
981 5510 1103 5562 Οὐκ
1147 5508 1500 5577 ἀσχημονεῖ,
1538 5509 1776 5563 δείκνυσι

105 5603 224 5655 καὶ
265 5599 386 5650 τὸν
428 5591 670 5662 τρόπον,
692 5591 760 5644 δι’
788 5589 848 5643 ὃν
869 5590 969 5643 οὐκ
996 5592 1310 5662 ἀσχημονεῖ.
1349 5592 1445 5657 Τίς
1483 5591 1540 5645 δέ
1581 5594 1610 5646 6
1649 5594 1775 5665 196-

108 5705 226 5748 7:);
256 5702 274 5750 ;
319 5681 486 5733 "01:
532 5677 603 5730 οὺ
644 5674 803 5744 ζητεῖ
827 5674 899 5729 τὰ
931 5675 1171 5744 ἑαυτῆς.
1203 5676 1306 5732 Τὸν
1339 5677 1448 5748 γὰρ
1477 5675 1776 5749 ἀγαπώμε-

3335 208 3442 262 280

1867 336 1954 372 νον
1985 320 2164 376 πάντα
2189 319 2329 377 εἶναι
2351 325 2582 394 νομίζει,
2609 326 2702 379 καὶ
2720 326 2840 378 τότε
2862 327 3179 396 ἀσχημονεῖ,
3210 325 3334 380 ὅταν
3367 326 3442 397 μὴ

1863 402 2065 474 δυνηθῇ
2109 405 2415 471 ἀπαλλάξαι
2465 410 2670 462 ἐκεῖνον
2709 407 3155 478 ἀσχημονοῦντα·
3215 409 3290 474 ὼς
3346 410 3443 464 ἐὰν

1863 485 1957 556 ἐξῇ
1991 487 2142 559 [505]
2175 488 2264 542 διά
2289 490 2390 558 τῆς
2420 490 2803 561 ἀσχημοσύνης
2827 492 2927 562 τῆς
2953 491 3145 545 ἐαυτοῦ
3183 492 3274 546 τὸν
3302 493 3439 562 ἀγα·-

1863 569 2115 640 πώμενον
2158 571 2458 642 ὠφελῆσαι,
2509 573 2628 627 οὐδέ
2681 574 3064 644 ἀσχημοσύνην
3101 575 3162 627 τὸ
3207 578 3441 646 πρᾶγμα

1865 649 2002 707 εἶναι
2026 654 2273 724 νομίζει·
2309 658 2514 720 ἐκεῖνος
2543 657 2650 729 γάρ
2688 657 2848 720 αὐτός
2884 659 3000 710 ἐστι
3029 657 3237 713 λοιπόν.
3273 657 3445 712 Τοῦτο

1864 737 1974 808 γάρ
2011 738 2127 791 ἐστι
2167 737 2336 807 φιλία,
2391 740 2587 810 μηκέτι
2641 735 2782 794 εἶναι
2825 739 2915 793 16v
2939 738 3194 809 φιλοῦντα
3233 740 3326 794 καὶ
3351 739 3444 794 τὸν

1865 820 2186 891 φιλούμενον
2235 821 2328 875 δύο
2362 821 2744 894 διῃρημένους,
2775 822 2891 876 ἀλλ’
2944 824 3040 877 ἕνα
3075 822 3197 876 τινά
3232 822 3444 894 ἀνθρω-

1865 923 1966 960 πον
1988 923 2002 937 ο
2035 908 2171 979 ὅπερ
2221 906 2537 977 οὐδαμόθεν.
2587 907 2701 960 ἀλλ’
2736 907 2768 978 ἢ
2798 907 2906 960 ἀπὸ
2929 910 3027 977 τῆς
3051 907 3272 977 ἀγάπης
3303 906 3447 975 γίνε-

1863 1009 1973 1046 ται.
2011 991 2102 1062 Μὴ
2137 990 2316 1044 τοίνυν
2346 989 2499 1060 ζήτει
2529 989 2589 1043 16
2619 991 2731 1053 σὺν,
2783 991 2868 1043 ἴνα
2911 989 3078 1061 εὕρῃς
3116 990 3179 1043 16
3223 991 3334 1044 σόν.
3386 989 3444 1043 '0

1861 1073 1972 1144 γὰρ
2013 1073 2192 1143 ζητῶν
2220 1073 2284 1127 τὸ
2312 1073 2527 1138 ἐαυτοῦ,
2579 1074 2676 1142 οὐχ
2714 1073 2960 1144 εὑρίσκει.
2993 1074 3054 1125 16
3086 1072 3302 1128 ἐαυτοῦ.
3352 1073 3444 1126 Διὸ

1862 1156 1957 1209 καὶ
1998 1158 2026 1208 6
2076 1154 2288 1218 Παῦλος
2335 1154 2510 1223 ἔλεγε,
2568 1155 2787 1220 Μηδεὶς
2820 1155 2886 1208 τὸ
2916 1155 3137 1210 ἑαυτοῦ
3183 1154 3441 1224 ζητείτω,

1861 1241 2024 1294 ἀλλὰ
2063 1239 2129 1293 τὸ
2177 1240 2282 1294 τοῦ
2336 1240 2609 1308 πλησίον
2647 1239 2928 1306 ἕκαστος.
2970 1240 3044 1293 Τὸ
3085 1240 3195 1309 γὰρ
3246 1242 3444 1294 οίκεῖον

1865 1323 2141 1392 συμφέρον
2167 1323 2225 1376 ἐν
2261 1321 2338 1392 τῷ
2362 1322 2456 1375 τοῦ
2485 1322 2710 1390 πλησίον
2743 1323 3073 1393 συμφέροντι
3117 1326 3316 1386 κεῖται,
3349 1322 3444 1376 καὶ

1862 1406 1923 1458 16
1949 1406 2159 1458 ἐκείνου
2193 1407 2253 1460 ὲν
2281 1406 2477 1478 τούτῳ.
2504 1407 2714 1478 ’Ὠσπερ
2753 1404 2843 1460 οῦν
2873 1408 2925 1460 εἴ
2950 1425 3030 1471 τις
3068 1407 3287 1479 χρυσίον
3314 1407 3443 1461 ίδιον

1863 1492 1920 1543 ἐν
1953 1493 2018 1560 τῇ
2054 1490 2203 1560 οἰκία
2229 1493 2296 1561 τῇ
2327 1490 2421 1543 τοῦ
2456 1491 2679 1561 πλησίον
2711 1491 3128 1561 κατωρυγμένον
3170 1494 3218 1544 εί
3248 1509 3445 1562 παραι-

1862 1576 2007 1626 τοῖτο
2041 1572 2209 1627 ἐλθὼν
2245 1574 2360 1626 ἐκεῖ
2409 1572 2592 1643 ζητεῖν
2647 1577 2740 1628 καὶ
2797 1575 3136 1646 ἀνορύττειν,
3187 1575 3444 1630 οὐδέποτε

1864 1656 1995 1710 αὐτὸ
2022 1655 2235 1726 ὄψεται·
2271 1655 2414 1710 οὕτω
2443 1658 2535 1710 καὶ
2566 1658 2797 1711 ἐνταῦθα
2835 1660 2862 1711 6
2899 1659 2972 1729 μὴ
3001 1659 3324 1731 βουλόμενος
3349 1661 3446 1713 καὶ

1865 1742 1924 1793 ἐν
1949 1742 2013 1811 τῇ
2045 1739 2138 1792 τοῦ
2172 1739 2396 1809 πλησίον
2422 1740 2660 1811 ὠφελείᾳ
2690 1741 2750 1794 16
2800 1742 2996 1794 οἰκεῖον
3047 1743 3324 1813 συμφέρον
3351 1742 3447 1815 ζη-

1864 1825 1998 1884 τεῖν,
2049 1823 2149 1876 οὐκ
2189 1822 2529 1886 ἐπιτεύξεται
2582 1824 2689 1874 τῶν
2721 1823 2863 1895 ὑπὲρ
2901 1824 3092 1878 τούτου
3140 1827 3443 1895 στεφάνων.

1866 1907 1977 1962 Kal
2000 1907 2110 1975 γὰρ
2145 1909 2174 1960 6
2201 1906 2332 1971 Θεὸς
2361 1907 2450 1960 διὰ
2475 1909 2632 1960 τοῦτο
2661 1908 2836 1972 οὕτως
2859 1909 2990 1962 αὐτὸ
3017 1909 3339 1981 κατέθηκεν,
3359 1912 3448 1965 ἵνα

1864 1984 2014 2060 ὦμεν
2042 1991 2294 2060 ἀλλήλοις
2321 1991 2710 2060 συνδεδεμένοι.
2757 1993 2864 2045 Kal
2896 1992 3086 2063 ὥσπερ
3122 2011 3205 2057 τις
3237 1993 3448 2047 παιδίον

1867 2075 2101 2146 ὐπνηλδν
2151 2076 2435 2146 διεγείρων
2480 2077 2558 2144 τῷ
2592 2075 2808 2146 ἀδελφῷ
2850 2077 3290 2141 κατακολουθεῖν,
3319 2079 3449 2132 ὅταν

1865 2160 2074 2213 οἴκοθεν
2103 2160 2176 2230 μὴ
2209 2159 2466 2230 βούλοιτο,
2495 2161 2555 2212 τὸ
2581 2159 2916 2230 ἐπιθυμητὸν
2946 2161 3096 2231 αὐτῷ
3125 2161 3218 2214 καὶ
3247 2162 3449 2233 ἐπέρα-

1869 2261 1992 2296 στον
2017 2244 2307 2313 ἐγχειρίζει
2334 2242 2411 2313 τῷ
2434 2242 2668 2313 ἀδελφῷ,
2705 2243 2791 2296 ἵνα
2839 2243 3105 2314 ἐπιθυμίᾳ
3133 2243 3228 2297 τοῦ
3263 2243 3449 2298 λαϐεῖν

1867 2325 2181 2400 καταδιώκῃ
2224 2327 2316 2380 16v
2364 2326 2684 2398 κατέχοντα,
2716 2327 2744 2379 ὃ
2782 2327 2846 2397 δὴ
2881 2327 2976 2381 καὶ
3003 2328 3212 2398 γίνεται
3237 2343 3250 2358 ·
3307 2327 3451 2382 οὕτω

1867 2411 1958 2464 καὶ
1999 2409 2229 2463 ἐνταῦθα
2261 2409 2321 2462 16
2370 2409 2586 2481 ἑκάστῳ
2619 2410 2899 2482 συμφέρον
2939 2410 3018 2482 τῷ
3061 2410 3287 2482 πλησίον
3315 2412 3448 2466 ἐδω-

1867 2512 1983 2555 κεν,
2027 2495 2114 2546 ἵνα
2159 2493 2401 2564 ἀλλήλων
2433 2493 2684 2546 ἐντεῦθεν
2736 2495 3182 2566 κατατρέχωμεν,
3229 2497 3325 2548 καὶ
3374 2497 3450 2566 μὴ

1865 2573 2018 2647 ὦμεν
2047 2577 2454 2648 διεσπασμένοι.
2511 2577 2622 2629 Kal
2675 2579 2722 2629 εἰ
2773 2577 2975 2648 βούλει,
3021 2577 3178 2631 τοῦτο
3225 2579 3319 2633 καὶ
3363 2579 3450 2648 ἐφ’

1867 2663 2022 2733 ἡμῶν
2076 2661 2151 2714 ίδέ
2189 2662 2297 2714 τῶν
2345 2661 2633 2729 λεγόντων·
2692 2661 2754 2715 16
2793 2663 2904 2735 γάρ
2935 2662 3062 2734 ἐμοὶ
3092 2665 3367 2734 συμφέρον
3393 2665 3452 2717 ἐν

1869 2748 1950 2800 σοὶ
1980 2748 2177 2809 κεῖται,
2213 2746 2308 2798 καὶ
2338 2745 2400 2799 16
2437 2746 2520 2798 col
2549 2745 2878 2812 λυσιτελοῦν,
2917 2749 2975 2800 ἐν
3007 2747 3145 2817 ἐμοί.
3191 2747 3301 2800 Καὶ
3341 2747 3452 2816 γάρ

1868 2831 1952 2884 σοὶ⁹
1990 2830 2255 2900 συμφέρει
2299 2831 2361 2882 16
2389 2829 2734 2883 διδάσκεσθαι
2779 2831 2847 2884 τά
2890 2830 2968 2901 τῷ
3005 2828 3124 2900 Θεῷ
3155 2829 3450 2892 δοκοῦντα.

1867 2913 2002 2968 ἀλλὰ
2043 2914 2202 2966 τοῦτο
2235 2912 2564 2984 ἐπιστεύθην
2594 2911 2726 2980 ἐγὼ,
2753 2914 2840 2968 ἵνα
2885 2915 3016 2985 παρ’
3052 2913 3186 2985 ἐμοῦ
3221 2915 3286 2968 σὺ
3318 2914 3454 2969 αὐτὸ

1866 2997 2058 3068 λάϐῃς,
2099 2997 2194 3050 καὶ
2235 2995 2323 3050 διά
2353 2994 2512 3049 τοῦτο
2555 2997 2904 3066 ἀναγκασθῇς
2934 2997 3162 3069 δραμεῖν
3195 2997 3284 3050 ἐπ’
3313 2998 3414 3067 ἐμέ
3433 3013 3448 3027 ⁸

1868 3080 1964 3134 καὶ
1998 3080 2120 3150 ἐμοὶ
2166 3079 2456 3150 συμφέρει,
2487 3079 2548 3132 16
2583 3079 2642 3132 σέ
2695 3078 2890 3149 βελτίω
2931 3079 3214 3148 γενέσθαι·
3261 3080 3452 3150 μισθὸν

1866 3165 1976 3236 γὰρ
2009 3163 2200 3218 τούτου
2223 3163 2469 3234 λήψομαι
2503 3162 2668 3215 πολύν
2687 3181 2699 3192 ·
2732 3162 2868 3215 ἀλλά
2889 3163 3048 3216 τοῦτο
3090 3162 3251 3216 πάλιν
3278 3166 3452 3218 κεῖται

1867 3250 1926 3302 ἐν
1957 3247 2060 3312 σοὶ,
2097 3248 2191 3301 καὶ
2217 3246 2305 3300 διὰ
2345 3247 2504 3300 τοῦτο
2547 3246 2932 3316 ἀναγκάζομαι
2979 3263 3037 3298 σε
3071 3245 3450 3306 καταδιώκειν,

1868 3333 1955 3387 ῖνα
1988 3333 2052 3386 σὺ
2099 3327 2165 3405 ᾖς
2212 3331 2455 3401 βελτίων,
2491 3332 2580 3384 καὶ
2618 3331 2678 3384 16
2710 3332 2834 3401 ἐμοὶ
2864 3330 3142 3401 συμφέρον
3173 3330 3324 3401 παρά
3357 3329 3452 3383 σοῦ

1867 3416 2153 3487 λαμϐάνω.
2212 3415 2303 3480 Διὸ
2359 3415 2452 3469 καὶ
2506 3415 2716 3478 Παῦλος
2762 3413 2947 3482 ἐλεγε,
3014 3416 3109 3479 Τίς
3160 3414 3271 3482 γάρ
3333 3415 3451 3484 μού

1867 3502 2038 3555 ἐστιν
2065 3501 2104 3568 ἡ
2136 3499 2353 3565 (Huic;
2391 3499 2430 3566 ἣ
2481 3497 2619 3566 οὐχί
2647 3497 2744 3551 καὶ
2777 3497 2980 3566 ὐμεῖς;
3017 3497 3112 3550 καὶ
3157 3497 3339 3557 πάλιν.
3385 3497 3458 3550 ἸΙ

1868 3584 2045 3650 ἐλπίς
2075 3601 2215 3653 μου,
2256 3582 2355 3636 καί
2387 3583 2425 3648 ἠ
2462 3581 2619 3650 χαρά
2650 3599 2790 3650 μου,
2823 3581 2920 3634 καὶ
2953 3583 2984 3634 ό
3006 3579 3310 3649 στέφανος
3342 3579 3455 3648 τῆς

1871 3666 2227 3737 καυχήσεώς
2247 3684 2386 3736 μου.
2421 3667 2582 3719 Ὥστε
2614 3667 2648 3736 ἡ
2699 3663 2910 3717 Παύλου
2941 3663 3085 3734 χαρὰ
3117 3664 3165 3716 οἱ
3215 3663 3454 3732 μαθηταὶ

1869 3747 2028 3823 ἦσαν,
2057 3751 2150 3805 καὶ
2172 3751 2270 3820 τὴν
2302 3750 2511 3803 ἐκείνου
2541 3749 2718 3821 χαρὰν
2749 3751 2946 3801 ἐκεῖνοι
2980 3743 3144 3817 εἶχον.
3177 3747 3273 3800 Διά
3297 3746 3455 3800 τοῦτο

1873 3838 1966 3892 καὶ
1997 3836 2282 3906 ἐδάκρυεν,
2323 3835 2376 3887 εῖ
2415 3851 2547 3886 ποτε
2569 3829 2708 3886 εἶδεν
2736 3831 3167 3902 ἀπολλυμένους.
3205 3830 3372 3885 Πάλιν
3394 3831 3455 3885 16

1871 3921 2093 3974 ἐκείνων
2122 3917 2398 3988 συμφέρον
2428 3918 2485 3969 ἐν
2513 3916 2591 3987 τῷ
2624 3915 2821 3986 Παύλῳ
2853 3911 2919 3986 ἦν
2944 3931 2958 3943 ·
3010 3913 3090 3966 διὸ
3123 3909 3217 3967 καὶ
3247 3914 3453 3982 ἔλεγεν·

1884 4003 2064 4073 ’Υπὲρ
2096 3987 2208 4071 τῆς
2228 3987 2475 4067 ἐλπίδος
2503 3998 2607 4054 τοῦ
2642 3998 2890 4068 Ἰσραὴλ
2917 3997 3034 4066 τὴν
3066 3987 3293 4053 ἅλυσιν
3324 3999 3458 4052 ταύ-

1873 4104 1986 4154 την
2033 4087 2399 4155 περίκειμαι·
2463 4084 2556 4136 καὶ
2610 4082 2794 4146 πάλιν,
2842 4081 3035 4136 Ταῦτα
3087 4079 3304 4151 πάσχω
3355 4080 3456 4134 διὰ

1873 4171 2014 4236 τοὺς
2039 4168 2509 4236 ἐκλεκτοὺς,ἵνα
2545 4165 2695 4234 ζωῆς
2732 4165 2974 4220 αἰωνίου
3010 4166 3255 4233 τύχωσι.
3286 4163 3456 4217 Τοῦτο

1875 4255 1968 4308 καὶ
2005 4255 2097 4306 ἐπὶ
2141 4253 2250 4306 τῶν
2274 4249 2540 4322 βιωτικῶν
2588 4250 2688 4302 ίδοι
2732 4267 2816 4312 τις
2861 4248 2964 4302 ἄν·
3009 4251 3081 4301 ἸΙ
3127 4245 3237 4316 γὰρ
3275 4247 3454 4315 γυνὴ,

1877 4338 2029 4407 φησὶ,
2060 4337 2168 4390 τοῦ
2209 4335 2362 4389 ἰδίου
2393 4335 2668 4404 σώματος
2696 4334 2807 4387 οὐκ
2843 4328 3206 4396 ἐξουσιάζει,
3242 4328 3386 4384 οὐδὲ
3423 4331 3457 4384 ὀ

1875 4422 2051 4489 ἀνὴρ,
2083 4421 2222 4474 ἀλλ’
2253 4421 2290 4488 τι
2322 4416 2477 4488 γυνὴ
2509 4417 2618 4470 τοῦ
2647 4416 2891 4484 ἀνδρὸς,
2923 4415 3020 4468 καί
3071 4418 3104 4467 ὁ
3151 4413 3306 4482 ἀνὴρ
3348 4411 3456 4467 τοῦ

1873 4507 1985 4574 τῆς
2013 4504 2321 4576 γυναικός.
2365 4501 2521 4555 Οὕτω
2550 4501 2644 4554 καὶ
2672 4501 2834 4570 ἡμεῖς
2867 4500 2994 4552 ὅταν
3016 4496 3168 4560 τινάς
3198 4496 3458 4566 συνδῆσαι

1876 4565 2210 4660 θελήέςωμεν,
2250 4585 2410 4638 τοῦτο
2471 4583 2754 4654 ποιῶμεν·
2804 4582 2996 4635 οὐδένα
3040 4579 3233 4634 ἑαυτοῦ
3265 4579 3455 4649 κύριον

1876 4671 2128 4741 ἀφίεμεν,
2162 4669 2297 4724 ἀλλὰ
2325 4670 2496 4740 μέσην
2522 4667 2714 4721 ἅλυσιν
2748 4665 3103 4727 ἐκτείνοντες,
3139 4661 3333 4715 τοῦτον
3365 4662 3456 4714 ὑπ’

1878 4759 2083 4810 ἐκείνου
2134 4756 2227 4808 καὶ
2275 4755 2480 4807 ἐκεῖνον
2530 4753 2635 4805 ὕπὸ
2668 4751 2860 4805 τούτου
2913 4746 3234 4820 κρατεῖσθαι
3273 4763 3460 4817 παραυ

1879 4840 2235 4909 σκευάζομεν.
2289 4837 2474 4890 Βούλει
2531 4837 2624 4889 καὶ
2677 4835 2770 4888 ἐπί
2814 4833 2921 4886 τῶν
2967 4831 3245 4902 ἀρχόντων
3298 4829 3459 4883 τοῦτο

1880 4926 2044 4989 ἰδεῖν;
2087 4925 2147 4975 '0
2172 4921 2409 4991 δικάζων
2448 4922 2548 4991 οὐχ
2579 4919 2756 4989 ἐαυτῷ
2790 4916 3026 4988 κάθηται
3061 4915 3282 4984 κρίνων,
3320 4913 3458 4967 ἀλλά

1875 5008 1937 5062 16
1963 4979 2070 5062 τῶν
2101 4979 2641 5077 πλησίονδσυμφέρον
2689 4979 2890 5073 ζητῶν.
2920 4979 2986 5054 bl
3018 4979 3312 5070 ἀρχόμενοι
3346 4997 3456 5050 πά-

1877 5092 1959 5145 λιν
1986 5091 2046 5144 τὸ
2073 5089 2150 5160 τῷ
2177 5090 2396 5161 ἄρχοντι
2448 5087 2723 5157 συμφέρον
2779 5083 3002 5156 ζητοῦσι
3035 5084 3122 5136 διὰ
3157 5083 3256 5152 τῆς
3289 5081 3456 5153 θερα-

1878 5175 2057 5239 πείας,
2081 5175 2168 5227 διά
2195 5174 2291 5243 τῆς
2317 5171 2612 5234 διακονίας,
2635 5169 2723 5223 διὰ
2751 5169 2857 5221 τῶν
2884 5167 3058 5222 ἄλλων
3084 5167 3359 5221 ἀπάντων.
3389 5166 3454 5218 Ol

1879 5259 2208 5332 στρατιῶται
2242 5258 2380 5328 ὑπὲρ
2414 5255 2568 5327 ἡμῶν
2594 5254 2734 5308 ὅπλα
2757 5253 2996 5308 τίθενται
3021 5269 3034 5281 °
3075 5251 3143 5304 δι’
3172 5252 3320 5322 ἡμᾶς
3342 5249 3452 5321 γὰρ

1879 5346 2272 5402 κινδυνεύουσιν
2287 5361 2301 5376 ·
2347 5345 2508 5414 ἡμεῖς
2533 5341 2673 5412 ὑπὲρ
2690 5340 2913 5394 ἐκείνων
2935 5337 3450 5409 ταλαιπωρούμεθα·

1878 5433 2004 5503 παρ’
2033 5430 2192 5501 ἡμῶν
2230 5430 2336 5498 γὰρ
2366 5429 2551 5492 αὐτοῖς
2578 5429 2635 5480 αἱ
2667 5425 2885 5497 τροφαί.

1946 5515 2006 5569 δ’.
2036 5513 2185 5586 [504]
2218 5514 2280 5565 Εἰ
2297 5513 2353 5567 δὲ
2379 5512 2574 5580 λέγεις,
2599 5511 2680 5564 ὅτι
2715 5510 2776 5563 16
2801 5509 2998 5562 οἰκεῖον
3017 5505 3196 5576 ζητῶν
3224 5505 3455 5586 ἕκαστος

1879 5585 2222 5662 τοῦτοίποιεῖ,
2257 5597 2414 5651 τοῦτο
2459 5597 2553 5652 xal
2601 5593 2714 5664 ἐγὼ
2761 5593 2924 5660 λέγω,
2971 5590 3085 5645 ἀλλ’
3117 5591 3197 5643 ὅτι
3238 5587 3326 5641 διὰ
3356 5585 3450 5640 τοῦ

1881 5682 2162 5749 ἀλλοτρίου
2193 5681 2253 5736 16
2278 5683 2474 5735 οἰκεῖον
2498 5679 2831 5750 εὑρίσκεται.
2862 5675 2930 5728 Ὅ
2956 5691 3014 5727 τε
3043 5672 3150 5743 γὰρ
3182 5669 3445 5741 στρατιῶ-
