3802 6214
289 242 386 299 281

288 373 409 425 της,
445 351 540 407 ἐὰν
566 351 641 424 μὴ
672 348 957 421 πολεμήσῃ
984 348 1124 420 ὑπὲρ
1144 346 1251 401 τῶν
1276 344 1603 425 τρεφόντων,
1628 336 1869 425 οὐκμέχει

288 419 487 499 τδνεῑς
514 419 673 487 τοῦτο
697 419 1150 504 διακονούμενον·
1200 428 1364 492 αὑτός
1394 443 1457 480 τε
1499 419 1655 486 οῦτος
1685 420 1869 482 πάλιν,

290 523 386 576 ἐὰν
410 520 486 592 μὴ
532 517 705 590 θρέψῃ
753 517 847 570 τὸν
882 512 1243 587 στρατιώτην,
1271 511 1373 564 οὑκ
1422 509 1538 579 ἐχει
1584 506 1678 559 τὸν
1707 505 1873 592 ὑπερ-

292 587 609 669 ασπίζοντα.
633 597 786 664 Εἶδες
812 598 911 670 τὴν
932 597 1155 667 ἀγάπην
1176 591 1454 665 πανταχοῦ
1480 587 1876 659 διατεταμένην

293 690 387 744 καὶ
422 689 599 743 πάντα
650 682 1072 754 οίκονομοῦσαν;
1112 680 1271 733 Ἀλλὰ
1311 678 1386 749 μὴ
1427 675 1743 746 ἀποκάμῃς.
1773 672 1879 733 ἕως

296 774 364 827 ἂν
394 771 687 843 ὀλόκληρον
711 768 807 838 τὴν
841 766 1050 837 χρυσῆν
1078 765 1282 834 ταύτην
1314 763 1500 832 σειρὰν
1530 755 1876 843 καταμάθῃς.

296 854 482 909 Είπὼν
504 840 633 925 7&9,
671 854 753 906 Οὐ
781 850 941 917 ζητεῖ
969 850 1039 903 τὰ
1062 846 1307 916 ἑαυτῆς,
1336 846 1488 914 λέγει
1520 843 1681 897 πάλιν
1714 840 1783 892 τὰ
1816 841 1880 925 ἐκ

295 937 487 993 τούτου
520 922 823 1005 τικτόμενα
856 931 1055 1001 ἀγαθά.
1108 931 1241 985 Τίνα
1283 930 1341 984 δέ
1368 926 1543 983 ταῦτά
1567 928 1747 986 ἐστιν;
1799 922 1880 974 Οὐ

297 1021 721 1090 παροξύνεται,
764 1018 837 1071 οὐ
869 1015 1165 1086 λογίζεται
1206 1014 1275 1068 τὸ
1305 1013 1512 1068 κακόν.
1540 1011 1685 1080 Ὅρα
1720 1005 1883 1061 πάλιν

297 1104 357 1157 οὐ
391 1101 700 1174 κρατοῦσαν
726 1099 829 1170 τῆς
865 1099 1066 1162 κακίας
1101 1097 1283 1169 μόνον,
1326 1095 1439 1151 ἀλλ’
1467 1094 1590 1149 οὑδὲ
1631 1092 1883 1162 ἀφιεῖσαν

299 1185 470 1257 αὑτὴν
501 1184 694 1254 στῆναι
722 1182 823 1254 τὴν
862 1182 1057 1254 ἀρχήν.
1105 1182 1179 1235 Οὑ
1209 1179 1319 1251 γὰρ
1346 1175 1488 1244 εἶπε,
1515 1174 1883 1257 Παροξύνεται

305 1255 436 1341 μὲν,
479 1270 818 1339 περιγίνεται
866 1268 947 1330 δέ,
1001 1266 1118 1319 ἀλλ’
1180 1265 1315 1318 Οὑδέ
1368 1260 1747 1341 παροξύνεται·
1789 1255 1885 1341 καὶ

302 1339 406 1408 οὑκ
430 1348 604 1418 εἶπεν,
630 1353 743 1406 υὺκ
771 1352 1065 1423 ἐργάζεται
1093 1348 1154 1403 τὸ
1176 1348 1368 1412 κακὸν,
1405 1345 1523 1401 ἀλλ’
1573 1343 1710 1397 Οὑδέ
1738 1339 1885 1408 λογί-

306 1436 477 1502 ζεται.
502 1436 665 1490 Οὑδέν
692 1435 803 1508 γὰρ
832 1434 1064 1504 πονηρὸν
1095 1432 1157 1485 οὑ
1188 1431 1346 1502 μόνον
1372 1430 1434 1483 οὐ
1463 1423 1884 1508 κατασκευάζει,

306 1521 423 1575 ἀλλ’
444 1520 565 1575 οὑδὲ
592 1518 885 1574 ὑποπτεύει
917 1502 1059 1571 κατὰ
1097 1516 1193 1570 τοῦ
1246 1512 1592 1583 φιλουμένου.
1643 1508 1767 1571 Πῶς
1793 1502 1886 1560 οῦν

310 1605 380 1660 ἂν
422 1604 735 1675 ἐργάσαιτο,
787 1602 821 1672 ἢ
876 1601 992 1665 πῶς
1026 1600 1090 1655 ἂν
1122 1597 1488 1671 παροξυνθείη
1523 1597 1557 1667 ἡ
1594 1593 1728 1665 μηδέ
1759 1590 1889 1675 61:6-

310 1672 722 1757 νοιανπονηράν
740 1683 1136 1749 καταδέξασθαι
1166 1680 1502 1753 ἀνεχομένη;
1533 1677 1653 1732 ὅθεν
1682 1672 1890 1747 ήπηγὴ

310 1771 412 1842 τῆς
447 1770 699 1843 στοργῆς.
738 1769 823 1823 Οὐ
852 1768 1043 1839 χαίρει
1086 1768 1183 1822 ἐπί
1220 1764 1295 1834 τῇ
1328 1763 1544 1830 ἀδικίᾳ.
1575 1758 1887 1843 Τουτέστιν,

310 1838 412 1908 οὑκ
455 1838 708 1924 ἐφήδεται
757 1855 872 1916 τοῖς
917 1851 1103 1915 κακῶς
1132 1851 1454 1919 πάσχουσιν·
1496 1843 1591 1898 καὶ¹
1640 1842 1702 1896 οὑ
1735 1838 1893 1924 τοῦτο

315 1921 506 2009 μόνον,
522 1921 660 1991 ἀλλά
689 1935 806 2000 καὶ,
830 1936 860 1988 δ
894 1934 1073 2005 πολλῷ
1107 1932 1290 2005 μεῖζόν
1315 1932 1451 1993 ἐστι,
1484 1925 1798 1997 Συγχαίρει
1824 1921 1894 2009 δε

312 2005 386 2090 τῇ
416 2022 690 2089 ἀληθείᾳ.
722 2019 1039 2089 Συνήδεται,
1072 2017 1225 2089 φησὶ,
1252 2018 1365 2079 τοῖς
1397 2010 1771 2081 εὐδοκιμοῦσιν
1796 2023 1809 2037 ·
1865 2005 1894 2058 δ

314 2105 462 2172 λέγει
478 2102 708 2166 Παῦλος·
731 2103 970 2171 Χαίρειν
989 2101 1140 2171 μετὰ
1163 2100 1511 2169 χαιρόντων,
1532 2095 1629 2149 καί
1660 2090 1896 2146 κλαίειν

310 2188 463 2259 μετά
515 2187 874 2241 κλαιόντων.
917 2184 1196 2239 Ἐντεῦθεν
1226 2183 1288 2236 οὑ
1332 2180 1505 2252 ζηλοῖ,
1553 2172 1895 2259 ἐντεῦθενοὺ

315 2269 605 2337 φυσιοῦται
626 2286 639 2298 ⁸
671 2270 768 2324 καὶ
790 2269 899 2341 7&9
924 2270 1099 2322 οίκεῖα
1128 2268 1196 2321 τά
1216 2266 1472 2337 ἀλλότρια
1494 2262 1702 2333 νομίζει
1732 2258 1895 2313 καλά·

316 2350 456 2417 εἶδες
485 2353 603 2417 πῶς
634 2354 775 2407 κατά
809 2353 1003 2426 μικρὸν
1027 2352 1256 2420 ἄγγελον
1278 2351 1425 2404 ποιεῖ
1448 2352 1540 2400 τὸν
1567 2345 1735 2413 αὑτῆς
1769 2341 1896 2414 τρό-

319 2454 486 2508 (ξιμον
514 2439 549 2508 ἡ
576 2437 766 2508 ἀγάπη
793 2453 807 2503 ;
840 2437 1011 2492 Ὅταν
1040 2436 1150 2508 γὰρ
1172 2436 1439 2505 ἀόργητος
1467 2428 1523 2507 ᾗ,
1558 2431 1653 2484 καὶ
1690 2429 1898 2499 βασκα-

317 2520 439 2584 νίας
465 2519 722 2591 καθαρὸς,
756 2520 849 2573 καὶ
898 2519 1097 2582 παντὸς
1141 2516 1467 2589 τυραννικοῦ
1509 2514 1712 2576 πάθους
1750 2509 1900 2565 ἐλεύ-

321 2604 499 2675 θερος,
530 2603 886 2675 ἐννόησον-ὅτι
921 2604 1017 2659 καὶ
1040 2604 1140 2674 τῆς
1168 2599 1519 2672 ἀνθρωπίνης
1553 2598 1768 2667 φύσεως
1788 2595 1901 2649 ἀπ-

318 2687 532 2759 ηλλάγη
582 2685 784 2748 λοιπὸν,
837 2688 931 2740 καὶ
981 2685 1117 2758 πρὸς
1166 2685 1336 2756 αὐτὴν
1378 2682 1488 2737 τῶν
1514 2680 1767 2751 ἀγγέλων
1803 2677 1903 2748 τὴν

322 2771 592 2825 ἀπάθειαν
648 2769 1053 2843 μεθωρμίσατο.
1110 2767 1251 2821 Ἀλλ’
1303 2768 1454 2838 ὅμως
1511 2765 1613 2819 οὑκ
1654 2762 1905 2834 ἀρκεῖται

321 2855 553 2918 τούτοις,
575 2853 692 2908 ἀλλ’
730 2853 842 2924 ἔχει
873 2870 927 2906 τι
958 2853 1051 2907 καὶ
1083 2852 1266 2906 πλεῖον
1294 2849 1515 2905 τούτων
1564 2850 1740 2902 εἰπεῖν
1762 2862 1779 2879 ·
1838 2844 1908 2900 τά

324 2940 431 3010 γὰρ
476 2939 799 3009 ἰσχυρότερα
851 2938 1076 3009 ὕστερον
1133 2936 1336 3007 τίθησι.
1379 2934 1471 2988 Διό
1518 2950 1673 3005 φησι,
1704 2929 1909 2986 Πάντα

324 3020 541 3092 στέγει.
582 3021 715 3074 Ἀπὸ
752 3022 850 3093 τῆς
883 3020 1288 3093 μακροθυμίας,
1335 3019 1444 3074 ἀπὸ
1468 3017 1568 3089 τῆς
1598 3014 1907 3087 χρηστότη-

326 3125 437 3171 τος,
469 3107 574 3162 κᾶν
610 3107 843 3179 φορτικά
880 3103 938 3180 ᾖ,
966 3106 1070 3160 κᾶν
1104 3104 1321 3176 ἐπαχθῆ
1350 3115 1402 3163 ι,
1433 3101 1538 3156 κᾶν
1566 3100 1778 3171 ῦϐρεις,
1806 3096 1910 3152 κᾶν

327 3191 556 3260 πληγαὶ,
592 3192 697 3246 κᾶν
729 3190 979 3255 θάνατος,
1030 3190 1132 3243 κᾶν
1175 3189 1375 3246 ὁτιοῦν.
1407 3186 1520 3241 Καὶ
1561 3183 1718 3238 τοῦτο
1752 3182 1912 3237 πάλιν

329 3276 438 3329 ἀπὸ
464 3274 559 3329 τοῦ
612 3275 883 3347 μακαρίου
937 3273 1101 3327 Δαυῖδ
1144 3273 1376 3327 συνιδεῖν
1424 3269 1670 3324 δυνατόν.
1707 3269 1774 3322 Τί
1806 3266 1914 3340 7&9

330 3358 736 3430 φορτικώτερον
785 3358 882 3411 τοῦ
929 3357 1043 3411 υἱὸν
1075 3358 1201 3411 ἰδεῖν
1236 3353 1668 3423 ἐπανιστάμενον
1696 3352 1792 3405 καὶ
1819 3368 1911 3405 τυ-

337 3442 578 3516 ραννίδος
611 3441 897 3513 ἐφιέμενον
942 3442 1036 3495 καὶ
1068 3441 1298 3511 αἵματος
1337 3436 1580 3508 διψῶντα
1626 3432 1914 3506 πατρῴους

347 3525 509 3580 Ἀλλά
542 3525 639 3579 καὶ
688 3524 847 3580 τοῦτο
899 3524 1122 3592 ἐστεγεν
1164 3525 1192 3577 6
1242 3521 1508 3593 μακάριος
1570 3519 1796 3581 ἐκεῖνος.
1826 3517 1919 3571 καὶ

336 3609 460 3665 οὑδὲ
485 3607 659 3673 οὑτως
686 3607 934 3679 ἠνείχετο
965 3607 1164 3678 πικρὸν
1198 3607 1348 3680 ῥῆμα
1371 3602 1624 3658 ἐκϐαλεῖν
1656 3600 1799 3655 κατά
1822 3601 1919 3653 τοῦ

339 3693 687 3765 πατραλοίου,
718 3693 854 3747 ἀλλά
881 3693 1107 3756 καὶτοῖς
1129 3691 1457 3763 στρατηγοῖς
1480 3687 1657 3742 πάντα
1690 3686 1759 3741 τὰ
1785 3685 1920 3741 ἀλλα

339 3780 519 3849 ἀφεὶς,
569 3776 711 3849 ὑπὲρ
768 3776 870 3846 τῆς
931 3776 1143 3830 ἐκείνου
1213 3772 1489 3846 σωτηρίας
1542 3772 1917 3841 ἐπέσκηπτεν·

344 3861 539 3934 ισχυρὰ
569 3859 679 3932 γὰρ
704 3854 772 3931 ἦν
808 3861 844 3931 ἡ
868 3859 968 3930 τῆς
993 3860 1216 3929 ἀγάπης
1255 3856 1477 3930 κρηπίς.
1511 3856 1603 3910 Διὸ
1626 3855 1721 3910 καὶ
1745 3854 1924 3908 πάντα

346 3945 549 4015 στέγει·
581 3946 675 3997 καὶ⁵
703 3943 802 4016 τὴν
839 3942 940 4014 μὲν
970 3942 1201 4014 δύναμιν
1222 3941 1393 4012 αὑτῆς
1419 3938 1669 3994 ἐντεῦθεν
1694 3939 1928 3992 αἰνίττε-

345 4046 459 4093 ται,
491 4026 590 4100 τὴν
614 4027 671 4082 δὲ
690 4027 1004 4099 ἀγαθότητα
1032 4026 1121 4080 διά
1152 4025 1259 4079 τῶν
1293 4025 1440 4095 ἑξῆς·
1469 4021 1673 4077 Πάντα
1698 4021 1805 4094 7&9
1834 4020 1929 4074 ἑλ·

348 4112 519 4181 316“,
557 4115 709 4184 φησὶ,
744 4113 941 4167 πάντα
972 4112 1264 4177 πιστεύει,
1293 4108 1493 4163 πάντα
1519 4106 1826 4177 ὑπομένει.
1862 4104 1930 4158 Τί

350 4204 489 4261 ἐστι,
513 4197 719 4254 Πάντα
751 4196 1008 4260 ἐλπίζει;
1045 4195 1233 4251 Πάντα
1262 4193 1332 4249 τὰ
1353 4193 1587 4265 χρηστὰ,
1618 4191 1803 4262 φησὶν,
1831 4190 1933 4244 οὑκ

349 4281 723 4353 ἀπογινώσκει
760 4281 855 4335 τοῦ
898 4278 1291 4352 ἀγαπωμένου,
1339 4277 1477 4332 ἀλλά
1503 4275 1607 4330 κᾶν
1639 4274 1843 4343 φαῦλος
1871 4269 1930 4346 ᾖ,

354 4365 657 4438 παραμένει
720 4364 1101 4437 διορθουμένη,
1155 4361 1479 4435 προνοοῦσα,
1537 4358 1931 4430 ἐπιμελομένη.

354 4452 558 4507 Πάντα
602 4450 893 4507 πιστεύει.
950 4450 1027 4503 υὺ
1061 4447 1171 4519 γὰρ
1213 4447 1400 4511 ἁπλῶς
1449 4444 1682 4508 ἐλπίζει,
1746 4444 1934 4513 φησὶν,

354 4538 493 4593 ἀλλά
546 4536 640 4589 καὶ
676 4534 923 4588 πιστεύει
961 4534 1028 4588 ἐκ
1082 4532 1179 4587 τοῦ
1232 4532 1439 4603 σφόδρα
1481 4528 1676 4599 φιλεῖν·
1720 4527 1826 4581 κᾶν
1862 4526 1938 4598 μὴ

358 4622 584 4695 ἐκϐαίνῃ
612 4618 754 4674 κατὰ
785 4618 886 4690 τὴν
914 4618 1105 4671 ἐλπίδα
1132 4616 1201 4671 τά
1233 4617 1447 4688 χρηστά
1478 4615 1675 4676 ταῦτα,
1704 4611 1822 4695 ἀλλξ
1854 4610 1936 4664 ἐτι

359 4694 757 4778 φορτικώτερος
812 4704 1019 4767 ἐκεῖνος
1058 4698 1118 4774 ᾖ,
1174 4699 1478 4756 καὶταῦτα
1507 4697 1684 4769 φέρει.
1739 4694 1943 4778 Πάντα

360 4777 492 4861 γὰρ,
521 4777 704 4860 φησὶν,
732 4786 883 4860 [505]
902 4784 1210 4856 ὑπομένει.
1226 4785 1290 4839 Ἡ
1306 4782 1507 4852 ἀγάπη
1526 4779 1817 4836 οὐδέποτε
1839 4777 1941 4831 ἐκ·

364 4874 583 4927 πίπτει.
618 4867 771 4935 Εἶδες
804 4871 906 4941 τὴν
933 4868 1202 4942 κορωνίδα
1233 4868 1365 4922 πότε
1396 4866 1582 4937 ἔθηκε,
1634 4864 1731 4918 καὶ
1772 4862 1803 4915 6
1837 4862 1945 4934 μά-

363 4956 523 5010 λιστά
549 4957 695 5009 ἐστιν
749 4954 1022 5026 ἐξαίρετον
1069 4952 1265 5008 τούτου
1322 4946 1683 5027 τοῦδώρους
1733 4945 1800 5000 Τί
1829 4943 1941 5015 γάρ

366 5042 537 5105 ἐστιν,
572 5040 694 5093 Οὐκ
724 5038 1028 5103 ὲκπίπτει;
1056 5038 1134 5092 Οὑ
1171 5034 1546 5097 διακόπτεται,
1572 5031 1635 5085 οὑ
1669 5028 1947 5084 διαλύεται

367 5122 446 5195 τῷ
474 5122 680 5193 φέρειν·
714 5122 929 5193 στέργει
962 5121 1073 5193 γὰρ
1106 5120 1304 5176 πάντα.
1342 5120 1402 5173 '0
1443 5116 1554 5188 7&9
1596 5113 1767 5186 φιλῶν
1797 5113 1950 5169 οὑδέ-

370 5225 501 5262 ποτε
548 5206 772 5277 μισῆσαι
828 5205 1074 5270 δύναται,
1106 5205 1211 5258 κᾶν
1260 5203 1439 5257 ὁτιοῦν
1476 5202 1736 5273 γένηται·
1793 5200 1953 5254 τοῦτο

371 5291 481 5362 γὰρ
508 5291 678 5361 αὑτῆς
723 5290 787 5344 τὸ
833 5290 1088 5362 μέγιστον
1114 5288 1339 5358 ἀγαθόν.
1372 5286 1628 5349 Τοιοῦτος
1654 5280 1722 5357 ἦν
1743 5286 1771 5338 6
1798 5281 1951 5337 Παῦ-

372 5376 494 5438 λος·
530 5373 610 5427 διὸ
632 5375 725 5428 καὶ
763 5374 967 5443 ἔλεγεν,
1003 5373 1077 5427 Et
1103 5388 1229 5436 πως
1254 5368 1659 5439 παραζηλώσω
1686 5385 1808 5439 μου
1837 5366 1956 5436 τὴν

374 5457 595 5527 σάρκα,
633 5460 726 5511 καὶ
755 5458 945 5529 ἐμενεν
990 5456 1245 5521 ἐλπίζων.
1293 5453 1404 5507 Καὶ
1432 5451 1684 5523 Τιμοθέῳ
1722 5450 1955 5522 παρῄνει

377 5541 553 5612 λέγων
573 5560 587 5572 ·
624 5543 859 5597 Δοῦλον
888 5539 958 5594 δὲ
994 5540 1219 5609 Κυρίου
1252 5538 1324 5592 οὐ
1357 5535 1447 5592 δεῖ
1470 5535 1788 5607 μάχεσθαι,
1817 5532 1955 5590 ἀλλ’

451 5778 480 5809 ³
518 5776 719 5831 Deerant
738 5774 900 5835 verba,
920 5774 1008 5823 κᾶν
1029 5789 1140 5836 φ....
1169 5768 1368 5832 ἐπαχθῆ.

978 235 1035 291 S.
1077 230 1365 289 JOANNIS
1401 220 1896 286 CIIRYSOS’I'OMl
1936 220 2257 280 ARCHIEP.
2297 218 2849 280 CONSTANTINOP.

3445 214 3559 272 289

1982 331 2167 400 ἤπιον
2196 328 2348 387 εῖναι
2384 332 2536 402 πρὸς
2566 332 2821 401 πάντας,
2869 331 2940 388 ἐν
2981 331 3272 401 πραΰτητι
3316 328 3562 384 παιδεύ-

1981 433 2129 470 οντα
2154 415 2299 482 τοὺς
2329 415 2931 487 ἀντιδιατιθεμένους,
2957 416 3196 486 μήποτε
3230 411 3318 479 δῷ
3353 412 3561 477 αὐτοῖς

1982 505 2016 556 ὁ
2055 501 2201 568 Θεὸς
2247 502 2578 572 ἐπίγνωσιν
2624 502 2936 569 ἀληθείας.
2986 501 3053 554 Τί
3106 495 3222 565 οῦν,
3270 497 3458 569 φησιν,
3498 497 3566 550 ἂν

1979 586 2165 657 ἐχθροὶ
2194 584 2297 639 ὦσι
2329 587 2425 640 καὶ
2448 585 2732 657 Ἕλληνες,
2767 586 2829 639 οὑ
2862 585 2942 639 δεῖ
2972 586 3189 656 μισεῖν;
3222 583 3421 637 Μισεῖν
3438 582 3564 651 μὲν,

1982 670 2083 722 οὑκ
2121 669 2362 733 ἐκείνους
2410 670 2489 734 δὲ,
2541 668 2679 724 άλλά
2709 669 2770 722 τὸ
2805 668 3005 738 δόγμα,
3031 668 3095 721 οὑ
3133 666 3227 721 τὸν
3249 665 3566 736 ἄνθρωπον,

1985 753 2123 808 ἀλλά
2155 755 2255 825 τὴν
2294 753 2538 825 πονηρὰν
2586 751 2805 825 πρᾶξιν,
2854 753 2954 822 τὴν
2988 746 3399 820 διεφθαρμένην
3422 745 3571 815 γνὼ-

1991 854 2119 908 μην.
2168 838 2228 889 Ὀ
2268 837 2365 908 μὲν
2392 838 2503 907 γὰρ
2531 836 2816 906 ἅνθρωπος
2842 834 3002 904 ἔργον
3039 831 3196 898 Θεοῦ,
3235 832 3272 902 ἡ
3302 829 3360 884 δέ
3390 828 3571 896 πλάνη

1984 922 2147 992 ἔργον
2191 922 2286 975 τοῦ
2338 921 2606 977 διαϐόλου.
2659 921 2753 993 Μὴ
2809 920 2992 974 τοίνυν
3039 914 3313 989 ἀναμίξῃς
3358 916 3431 968 τὰ
3474 913 3575 966 τοῦ

1985 1005 2145 1071 Θεοῦ,
2179 1005 2276 1060 καὶ
2321 1005 2391 1059 τὰ
2428 1006 2521 1058 τοῦ
2569 1004 2840 1059 διαϐόλου·
2876 1004 2999 1057 ἐπεὶ
3046 1001 3142 1056 καὶ
3178 999 3425 1054 Ἰουδαῖοι
3477 996 3577 1050 καὶ

1988 1089 2300 1160 βλάσφημοι
2329 1084 2471 1162 ἦσαν
2509 1091 2605 1144 καὶ
2631 1088 2859 1143 διῶκται
2886 1087 2980 1141 καὶ
3010 1084 3286 1157 ὑϐρισταὶ,
3322 1083 3424 1137 καὶ⁵
3467 1099 3576 1162 μυ-

1989 1173 2081 1244 ρία
2124 1172 2216 1226 τὸν
2264 1160 2499 1244 Χριστὸν
2532 1172 2720 1241 ἔλεγον
2748 1172 2896 1226 κακά
2916 1187 2934 1204 ·
2982 1165 3110 1240 Ἆρ’
3135 1163 3229 1223 οῦν
3256 1167 3445 1237 ἐμίσει
3479 1160 3583 1217 αὑο

1986 1256 2114 1319 τοὺς
2146 1255 2376 1320 Παῦλος,
2405 1258 2433 1309 6
2470 1254 2705 1326 μάλιστα
2732 1256 2952 1309 πάντων
2981 1253 3073 1307 τὸν
3100 1246 3341 1323 Χριστὸν
3372 1244 3581 1318 φιλῶνς

1989 1337 2274 1410 Οὐδαμῶς,
2320 1336 2458 1393 ἀλλά
2500 1338 2595 1393 καὶ
2640 1337 2835 1409 ἐφίλει,
2885 1338 2980 1390 καὶ
3006 1336 3181 1391 πάντα
3219 1334 3364 1405 ὑπὲρ
3390 1330 3584 1385 αὑτῶν

1990 1423 2256 1494 ἔπραττε·
2296 1423 2392 1477 καὶ
2433 1420 2527 1477 νῦν
2564 1420 2662 1492 μέν
2701 1437 2888 1491 φησιν,
2918 1419 2989 1475 Ἣ
3021 1420 3140 1488 μὲν
3177 1416 3433 1472 εὐδοκία
3481 1413 3584 1468 καί

1990 1510 2029 1577 ὴ
2065 1507 2273 1575 δέησίς
2305 1524 2427 1577 μου
2473 1505 2624 1575 πρὸς
2651 1506 2761 1560 τὸν
2791 1505 2942 1560 Θεὸν
2984 1503 3137 1573 ὑπὲρ
3173 1501 3378 1557 αὐτῶν
3405 1501 3590 1555 ἐστιν

1988 1594 2078 1657 είς
2129 1590 2463 1659 σωτηρίαν·
2500 1588 2596 1643 νῦν
2642 1588 2719 1655 δὲ,
2767 1590 3064 1658 Ηύχόμην
3106 1585 3375 1655 ἀνάθεμα
3427 1580 3589 1637 εἶναι

1990 1675 2112 1731 ἀπὸ
2145 1675 2253 1730 τοῦ
2286 1673 2547 1743 Χριστοῦ
2584 1671 2739 1742 ὑπὲρ
2771 1671 2992 1727 αὐτῶν.
3037 1671 3193 1725 Οῦτω
3226 1671 3322 1725 καὶ
3347 1672 3377 1724 6
3414 1667 3589 1731 Ἰεζε·

1993 1759 2142 1832 κιὴλ,
2175 1759 2317 1832 δρῶν
2343 1758 2541 1822 αὑτοὺς
2589 1756 2962 1829 σφαζομένους
2995 1754 3200 1823 ἔλεγεν·
3235 1756 3434 1823 Οιμοι,
3468 1753 3591 1807 Κύ-

1987 1861 2101 1915 ριε,
2146 1844 2484 1913 ἐξαλείφεις
2539 1841 2623 1896 σὺ
2689 1840 2831 1908 τοὺς
2884 1839 3291 1905 καταλοίπους
3328 1836 3445 1891 τοῦ
3481 1837 3594 1891 Ἱσ-
3670 1860 3684 1869 -

1990 1926 2193 1996 ραήλ;
2241 1928 2337 1983 καὶ
2381 1929 2409 1981 6
2466 1925 2730 1996 Μωῡσῆς,
2766 1927 2831 1979 El
2863 1924 2983 1994 μὲν
3027 1921 3191 1992 ὰςρῇς
3216 1920 3433 1988 αὐτοῖς
3473 1921 3596 1988 τὴν

1997 2013 2311 2083 ἁμαρτίαν,
2343 2012 2513 2081 ἄφες.
2556 2011 2621 2064 Τί
2650 2005 2744 2064 οῦν
2793 2025 2958 2081 φησιν
2990 2009 3019 2061 6
3054 2006 3255 2073 Δαυῖδ;
3299 2006 3458 2072 Τοὺς
3493 2022 3594 2075 μι-

1999 2097 2267 2162 σοῦντάς
2290 2114 2384 2160 σε,
2410 2097 2613 2165 Κύριε,
2634 2094 2923 2163 ἐμίσησα,
2945 2092 3045 2146 καί
3079 2090 3179 2145 ἐπὶ
3197 2089 3327 2155 τοῖς
3344 2087 3596 2158 ἐχθροῖς

2000 2196 2117 2235 σου
2141 2180 2539 2248 ἐξετηκόμην·
2564 2177 2801 2231 τέλειον
2832 2176 3016 2246 μῖσος
3051 2174 3308 2244 ἐμίσουν
3336 2173 3595 2238 αὐτούς.

1999 2264 2252 2318 Μάλιστα
2289 2264 2387 2333 μὲν
2427 2262 2487 2315 οὑ
2532 2261 2714 2316 πάντα
2743 2259 2813 2314 τὰ
2837 2260 2896 2312 ἐν
2925 2261 3035 2322 τοῖς
3065 2258 3320 2329 Ψαλμοῖς
3348 2255 3463 2310 ὑπὸ
3496 2254 3596 2309 τοῦ

2000 2347 2165 2403 Δαυῒδ
2207 2347 2495 2417 εἰρημένα,
2551 2346 2615 2398 ἐκ
2656 2343 2951 2415 προσώπου
3000 2341 3093 2395 τοῦ
3144 2340 3312 2395 Δαυτδ
3342 2341 3595 2412 εἴρηται·

2003 2434 2099 2487 καὶ
2126 2431 2235 2504 γὰρ
2260 2431 2422 2494 αὐτὸς
2447 2426 2603 2494 οῦτός
2630 2446 2785 2501 φησι,
2819 2426 3269 2496 Κατεσκήνωσα
3290 2426 3451 2496 μετὰ
3477 2423 3603 2478 τῶν

2002 2515 2418 2586 σκηνωμάτων
2480 2514 2687 2584 Κηδάρ
2711 2530 2724 2544 ·
2779 2514 2895 2580 καὶ,
2936 2510 3067 2565 Ἐπί
3135 2510 3256 2564 τῶν
3306 2508 3603 2580 ποταμῶν

2003 2598 2367 2665 Βαϐυλῶνος
2415 2596 2546 2653 ἐκεῖ
2576 2596 2967 2665 ἐκαθίσαμεν,
2999 2593 3099 2648 καί
3160 2594 3602 2663 ἐκλαύσαμετ·

2004 2686 2130 2741 οὑτε
2151 2685 2208 2739 δὲ
2240 2678 2533 2736 Βαϐυλῶνα
2560 2677 2721 2747 εἶδεν,
2742 2678 2868 2733 οὔτε
2898 2677 2967 2732 τὰ
2993 2678 3333 2750 σκηνώματα
3375 2677 3600 2748 Κηδάρ·

2007 2768 2182 2832 ἄλλως
2204 2767 2283 2832 δὲ,
2311 2766 2408 2820 καὶ
2437 2763 2657 2819 πλείονα
2698 2761 2794 2817 νῦν
2833 2760 3216 2831 ἀπαιτούμεθα
3247 2759 3603 2831 φιλοσοφίαν.

2008 2851 2099 2906 Διὸ
2127 2849 2224 2906 καὶ
2250 2849 2361 2905 τῶν
2389 2847 2651 2921 μαθητῶν
2686 2846 2983 2915 ἀξιούντων
3014 2846 3412 2917 κατενεχθῆναι
3466 2846 3605 2917 πῦρ,

2009 2935 2087 2999 ὡς
2119 2935 2213 2988 ἐπὶ
2240 2933 2447 2996 Ἦλιοὺ,
2472 2933 2597 2987 Οὐκ
2625 2931 2844 3001 οίδατε,
2880 2929 3044 3002 φησὶν
3070 2930 3102 2984 6
3124 2928 3385 3002 Χριστὸς,
3417 2929 3609 2984 ποίου

2013 3017 2353 3089 πνεύματός
2384 3017 2546 3071 ἐστε.

2084 3175 2148 3225 ε’.
2181 3169 2317 3224 Τότε
2343 3168 2443 3240 μὲν
2472 3166 2581 3238 γὰρ
2603 3166 2725 3237 οὑχ).
2742 3165 2843 3237 τὴν
2865 3162 3118 3220 ἀσέϐειαν
3153 3164 3337 3235 μόνον,
3354 3162 3501 3218 ἀλλὰ
3517 3162 3612 3217 καὶ

2015 3256 2143 3316 τοὺς
2168 3251 2503 3314 ἀσεϐοῦντας
2531 3251 2730 3313 αὑτοὺς
2767 3251 2946 3319 μισεῖν
2972 3246 3307 3310 ἐκελεύοντο,
3333 3247 3424 3299 ἴνα
3461 3245 3545 3316 μὴ
3578 3247 3612 3315 η

2018 3337 2173 3407 φιλία
2208 3335 2431 3407 ἀφορμὴ
2457 3334 2680 3405 γένηται
2715 3331 3057 3404 παρανομίας
3087 3331 3270 3392 αὑτοῖς
3289 3348 3303 3363 ·
3329 3329 3420 3382 διά
3450 3328 3615 3382 τοῦτο

2020 3422 2115 3475 καὶ
2143 3420 2242 3484 τὰς
2269 3419 2593 3489 συγγενείας
2622 3416 2861 3485 διέκοψε,
2902 3417 2995 3468 καὶ
3036 3416 3136 3475 τὰς
3166 3414 3479 3483 ἐπιμιξίας,
3520 3412 3617 3466 καὶ

2021 3503 2288 3559 πάντοθεν
2299 3503 2497 3565 αὑτοὺς
2510 3500 2845 3570 ἀπετείχιζε·
2860 3497 2954 3551 νῦν
2964 3497 3022 3551 δὲ
3035 3497 3222 3567 ἐπειδὴ
3232 3496 3367 3566 πρὸς
3382 3495 3613 3566 μείζονα

2022 3589 2173 3661 ἡμᾶς
2201 3586 2374 3657 ἤγαγε
2402 3583 2739 3654 φιλοσοφίαν,
2759 3582 2854 3636 καὶ
2883 3580 3246 3652 ὑψηλοτέρους
3266 3579 3368 3649 τῆς
3400 3578 3617 3649 βλάϐης

2023 3670 2239 3739 ἐκείνης
2272 3668 2517 3738 ἐποίησε,
2546 3668 2642 3720 καὶ
2676 3664 2996 3734 προσίεσθαι
3023 3664 3119 3717 καὶ
3147 3662 3497 3733 παρακαλεῖν
3536 3680 3619 3717 κε·

2024 3754 2195 3808 λεύει.
2246 3754 2322 3807 Οὑ
2359 3751 2471 3823 7&9
2522 3752 2652 3821 ἡμῖν
2685 3748 2747 3814 ἐξ
2783 3748 3009 3802 ἐκείνων
3039 3746 3233 3817 βλάϐη,
3285 3744 3406 3800 ἀλλ’
3466 3746 3619 3800 ἐκεί-

2025 3855 2139 3901 νοις
2163 3836 2225 3902 ἐξ
2247 3836 2405 3906 ἡμῶν
2429 3834 2669 3903 ὠφέλεια
2697 3832 2929 3901 γίνεται.
2973 3830 3040 3882 Τί
3068 3826 3163 3883 οῦν
3191 3846 3391 3897 (mam;
3422 3830 3508 3883 Οὐ
3538 3829 3621 3882 δεῖ

2030 3924 2232 3995 μισεῖν,
2258 3920 2372 3974 ἀλλ’
2405 3920 2595 3972 ἐλεεῖν.
2628 3917 2726 3970 Ἂν
2752 3916 2861 3987 7&9
2906 3915 3166 3986 μισήσῃς,
3200 3914 3319 3977 πῶς
3348 3914 3621 3995 emo-‘9‘?

2027 3994 2150 4079 ψεις
2177 4004 2371 4077 ῥᾳδίως
2397 4002 2489 4056 τὸν
2532 3998 2922 4071 πλανώμενον;
2973 3996 3094 4061 πῶς
3139 3996 3270 4069 εὔξῃ
3326 3996 3478 4068 ὑπὲρ
3528 3994 3622 4051 τοῦ

2031 4092 2297 4156 ἀπίστου;
2331 4089 2456 4142 Ὅτι
2488 4085 2596 4157 7&9
2626 4081 2883 4154 εὑχεσθαι
2906 4081 3008 4147 δεῖ,
3037 4080 3270 4136 ἄκουσον
3300 4080 3353 4135 τί
3390 4097 3573 4151 φησιν
3594 4081 3625 4132 6

2030 4175 2263 4238 Παῦλος·
2295 4166 2627 4241 Παρακαλῶ
2653 4164 2769 4222 οὖν
2788 4164 3027 4235 πρῶτον
3050 4163 3293 4218 πάντων
3315 4163 3625 4218 ποιεῖσθαι

2035 4258 2185 4333 [506]
2203 4255 2466 4324 δεήσεις,
2491 4250 2858 4321 προσευχὰς,
2878 4247 3207 4333 ἐντεύξεις,
3226 4247 3627 4333 εὐχαριστίας

2034 4330 2188 4412 ὑπὲρ
2221 4340 2462 4395 πάντων
2503 4335 2848 4405 ἀνθρώπων.
2889 4334 3012 4387 Ὀτι
3049 4332 3105 4386 δὲ
3139 4331 3337 4395 πάντες
3371 4330 3507 4383 τότε
3529 4332 3628 4384 οὑκ

2034 4423 2176 4499 ἦσαν
2215 4422 2422 4483 πιστοὶ,
2457 4419 2622 4474 παντί
2673 4435 2777 4472 που
2825 4416 3005 4487 δῆλον.
3060 4415 3190 4499 ἰξαὶῇ
3223 4413 3427 4499 nam:

2033 4496 2365 4576 βασιλέων,
2422 4504 2521 4558 καί
2572 4500 2690 4556 τῶν
2724 4501 2796 4555 ὲν
2830 4497 3103 4569 ὑπεροχῇ
3158 4497 3364 4552 ὄντων.
3404 4496 3541 4549 ὀτι
3570 4496 3627 4548 ἂ

2038 4586 2188 4647 οῦτοι
2221 4590 2439 4652 ἀσεϐεῖς
2463 4583 2606 4658 ἦσαν
2633 4582 2732 4639 καὶ
2769 4583 3102 4655 παράνομοι,
3141 4581 3239 4635 καὶ
3273 4579 3432 4633 τοῦτο
3460 4578 3627 4649 δῆλον

2040 4678 2264 4752 ὁμοίως.
2300 4670 2437 4729 Εἶτα
2460 4673 2556 4727 καὶ
2595 4671 2695 4742 τὴν
2726 4670 2909 4752 αἰτίαν
2936 4668 3113 4752 λέγων
3157 4667 3263 4752 τῆς
3298 4666 3493 4752 εὑχῆς,
3527 4667 3625 4752 tu:

2044 4746 2190 4833 ἀγει·
2219 4759 2399 4814 Τοῦτο
2418 4757 2528 4826 γὰρ
2546 4754 2740 4809 καλὸν
2760 4751 2861 4808 καὶ
2879 4749 3217 4807 ἀποδεκτόν
3238 4747 3502 4833 ἐνώπιον
3522 4746 3626 4833 to;

2046 4829 2322 4916 Σωτῆρος
2352 4842 2523 4913 ἡμῶν
2558 4840 2726 4903 Θεοῦ,
2760 4838 2830 4903 ὃς
2861 4835 3096 4900 πάντας
3130 4831 3485 4916 ἀνθρώπους
3532 4829 3628 4916 οι-

2046 4933 2140 4987 λέι
2165 4914 2453 4997 άωθῆναι,
2501 4926 2599 4979 καὶ
2622 4927 2710 4991 εὶς
2741 4923 3071 4991 ἐπίγνωσιν
3092 4915 3383 4985 ἀληθείας
3404 4914 3626 4997 ἐλθεῖν.

2048 5014 2148 5069 Διά
2174 5012 2334 5069 τοῦτο
2360 5012 2464 5066 κᾶν
2485 5011 2515 5051 ιι
2541 5007 2823 5079 Ἑλληνίδα
2847 5005 3083 5074 γυναῖκα
3109 5000 3249 5072 εὑρη
3274 4996 3629 5053 συνοικοῦσαν

2049 5096 2250 5169 πιστῷ,
2296 5096 2357 5150 οὑ
2411 5091 2761 5161 διαζεύγνυσι
2813 5088 2906 5143 τὸν
2938 5086 3137 5157 γάμον·
3167 5083 3345 5169 καίτοι
3373 5098 3443 5169 γε
3471 5080 3525 5169 τί
3550 5082 3625 5169 of-

2051 5164 2330 5253 κειότερον
2358 5178 2549 5250 ἀνδρὸς
2581 5172 2831 5246 γυναικί;
2873 5172 3163 5253 Ἔσονται
3190 5166 3301 5237 γὰρ
3328 5167 3385 5253 οί
3410 5164 3520 5253 δύο

2053 5246 2272 5337 σάρκα,
2309 5246 2472 5335 φησὶ,
2488 5262 2657 5332 μίαν·
2689 5257 2786 5312 καὶ
2814 5255 2952 5310 πολὺ
2996 5254 3059 5308 τὸ
3095 5251 3315 5337 φίλτρον
3365 5251 3485 5337 ἐκεῖ
3540 5246 3629 5337 καί

2055 5329 2258 5424 θερμὸς
2283 5329 2532 5410 δ’πόθος.
2564 5342 2629 5397 Et
2650 5342 2709 5396 δὲ
2745 5340 3032 5424 μέλλοιμεν
3068 5330 3309 5424 ἀσὲϐεῖς-
3335 5329 3628 5424 μισεῖν-καὶ

2055 5417 2534 5510 παρανομοῦντας,
2571 5426 2855 5510 προϊόντες
2883 5423 2979 5510 καί
3001 5418 3359 5510 ἀμαρτιυλοὺς

2062 5495 2185 5593 μεν,
2244 5495 2338 5570 καὶ
2391 5512 2567 5577 οὑτως
2619 5495 2725 5581 δδῷ
2777 5506 3087 5579 προϐαίνων
3124 5505 3220 5558 καὶ
3251 5500 3361 5555 τῶν
3393 5495 3627 5567 ἀδελφῶν

2130 5753 2158 5794 ι»
2187 5748 2446 5816 Legebatur
2472 5749 2546 5806 ἦν.
