3776 6316
276 313 366 369 581

271 431 428 486 etiam
447 447 552 504 ego
571 434 715 503 dico;
733 439 829 495 sed
847 442 973 512 quia
1010 456 1108 515 per
1125 445 1362 506 alienum
1395 465 1550 508 suum
1572 453 1856 514 invenitur.

269 519 421 577 Miles
452 524 623 592 enim,
655 528 759 584 nisi
786 529 988 588 bellum
1017 544 1169 605 gerat
1191 552 1290 607 pro
1325 540 1393 596 iis
1422 544 1513 612 qui
1547 545 1723 615 ipsum
1767 565 1863 603 nu-

272 613 440 670 triunt
464 657 481 682 ,
517 632 625 672 non
658 618 818 677 habet
845 625 935 694 qui
981 624 1083 683 hoc
1116 628 1213 697 ipsi
1257 632 1524 690 ministret
1555 613 1581 692 ε’
1597 637 1685 693 hic
1736 655 1864 697 vero

266 721 476 774 rursus,
502 710 605 765 nisi
638 714 864 771 militem
885 717 1028 785 alat,
1063 737 1168 775 non
1197 722 1358 780 habet
1383 728 1473 797 qui
1503 743 1562 784 se
1588 730 1859 790 defendat.

270 797 523 856 Vidistin‘
545 805 823 862 caritatem
856 809 1054 881 ubique
1099 825 1374 872 extensum
1405 830 1460 874 et
1486 822 1664 876 omnia
1688 824 1861 881 admi-

265 890 584 948 nistrantem
606 896 629 948 ‘i
651 897 754 952 Sed
782 914 850 954 ne
896 899 1206 973 defatigeris
1234 906 1406 964 donec
1455 910 1591 968 hanc
1641 929 1855 972 auream

261 991 507 1039 catenam
538 985 813 1044 didiceris.
847 991 979 1046 Cum
1009 993 1236 1052 dixisset
1279 1000 1423 1055 enim
1449 1043 1467 1068 ,
1516 1002 1639 1060 Non
1678 1007 1857 1075 quaerit

260 1091 373 1142 quae
396 1092 499 1129 sua
530 1089 669 1144 sunt,
692 1080 823 1136 dicit
861 1098 1048 1141 rursus
1074 1085 1214 1142 bona
1241 1105 1364 1160 quze
1392 1092 1514 1150 inde
1541 1109 1854 1154 nascuntur.

258 1169 520 1236 Quaenam
551 1173 684 1228 illa?
714 1174 837 1230 Non
861 1179 1110 1245 irritatur,
1145 1199 1246 1237 non
1267 1187 1456 1256 cogitat
1481 1190 1691 1244 malu—m.
1726 1193 1854 1248 Vide

257 1277 476 1320 rursum
504 1280 623 1321 eam
654 1283 760 1322 non
787 1271 960 1327 solum
984 1273 1037 1328 in
1065 1275 1250 1332 vitium
1276 1278 1562 1351 imperare,
1583 1284 1676 1340 sed
1688 1287 1848 1342 etiam

253 1369 362 1408 non
392 1355 577 1412 sinere
599 1367 658 1413 ut
683 1360 801 1427 ejus
828 1362 1113 1433 imperium
1139 1369 1416 1425 consistat.
1445 1372 1559 1428 Non
1591 1376 1734 1431 enim
1763 1377 1848 1433 di-

251 1445 348 1511 xit,
369 1446 620 1504 lrritatur
634 1451 871 1520 quidem,
890 1455 985 1510 sed
1015 1468 1268 1527 superat;
1300 1461 1417 1529 sed,
1442 1463 1558 1519 Non
1581 1465 1843 1537 irritatur;

248 1551 429 1607 neque
457 1538 613 1607 dixit,
645 1540 761 1597 Non
805 1557 1058 1614 operatur
1109 1550 1331 1617 malum,
1385 1553 1602 1619 scd,Ne
1650 1560 1846 1630 cogitat

245 1631 490 1700 quidem.
519 1634 661 1690 Nihil
701 1637 844 1692 enim
875 1641 1001 1695 mali
1028 1657 1131 1696 non
1158 1644 1319 1699 modo
1339 1660 1442 1701 non
1471 1660 1714 1718 apparat,
1748 1652 1845 1708 sed

245 1739 315 1778 ne
345 1725 657 1795 suSpicatur
706 1727 925 1798 quidem
976 1731 1238 1791 adversus
1287 1751 1410 1793 eum
1449 1740 1541 1810 qui
1585 1741 1841 1813 diligitur.

242 1815 533 1882 Quomodo
570 1833 702 1890 ergo
743 1831 966 1891 operata
1015 1823 1220 1893 fuerit,
1249 1838 1343 1886 aut
1368 1832 1638 1902 quomodo
1662 1835 1839 1892 irrite-

244 1917 353 1974 tur,
388 1925 512 1980 quae
555 1926 622 1966 ne
672 1913 1031 1984 suSpicionem
1076 1918 1293 1987 quidem
1346 1923 1540 1980 malam
1570 1928 1842 1998 suspicere

239 1999 394 2065 velit,
430 2001 574 2057 unde
599 2000 721 2057 fons
744 2015 828 2060 est
850 2009 1088 2062 amoris?
1117 2009 1170 2064 6.
1205 2009 1328 2065 Non
1351 2015 1538 2083 gaudet
1560 2034 1715 2088 super
1741 2022 1840 2076 ini-

235 2091 452 2159 quitate.
503 2093 618 2149 Hoc
640 2103 743 2162 est,
774 2113 883 2154 non
910 2099 1011 2170 ipsi
1061 2100 1235 2170 placet
1259 2106 1401 2175 quod
1427 2108 1518 2163 alii
1560 2112 1700 2168 male
1743 2129 1839 2182 pa-

237 2182 449 2238 tiantur
483 2200 496 2237 :
528 2201 703 2256 neque
731 2187 832 2244 hoc
863 2198 1068 2246 tantum
1093 2233 1108 2257 ,
1138 2194 1234 2249 sed
1263 2198 1406 2264 quod
1456 2199 1613 2271 longe
1664 2204 1838 2274 majus

234 2281 343 2339 est,
370 2273 668 2344 Congaudet
694 2287 864 2334 autem
884 2281 1083 2336 veritati
1113 2283 1289 2354 (Rom.
1318 2287 1405 2343 12.
1438 2290 1550 2361 15).
1585 2273 1834 2350 Gratula-

233 2373 345 2430 tur,
389 2367 588 2438 inquit,
621 2369 716 2436 iis,
741 2375 830 2443 qui
872 2371 1010 2430 bene
1036 2390 1150 2431 rem
1180 2388 1402 2449 gerunt;
1436 2382 1488 2438 id
1514 2385 1656 2455 quod
1703 2387 1835 2445 dicit

232 2457 438 2515 Paulus
471 2477 488 2516 :
530 2461 766 2519 Gaudere
788 2481 905 2521 cum
923 2469 1298 2541 gaudentibus,
1331 2484 1379 2530 et
1403 2477 1527 2547 ﬂere
1552 2495 1666 2534 cum
1695 2483 1831 2550 ﬂen-

233 2549 389 2606 tibus.
419 2551 560 2608 Hinc
588 2569 695 2610 non
721 2556 1027 2627 aemulatur,
1059 2559 1184 2617 hinc
1207 2579 1312 2618 non
1335 2564 1552 2624 inﬂatur
1589 2588 1602 2624 :
1635 2549 1831 2631 etenim

232 2640 414 2697 aliena
443 2642 585 2698 bona
611 2658 707 2702 sua
737 2661 857 2704 esse
881 2651 1172 2708 existimat.
1193 2653 1380 2712 Viden’
1403 2662 1674 2727 quomodo
1691 2668 1831 2722 cari-

231 2743 314 2791 tas
373 2735 654 2793 alumnum
681 2754 838 2797 suum
868 2743 1122 2812 paulatim
1172 2750 1418 2820 angelum
1448 2751 1642 2812 faciat?
1698 2757 1828 2814 Cum

231 2827 379 2883 enim
421 2829 518 2884 ira:
535 2845 730 2900 expers
755 2833 847 2903 sit,
875 2835 944 2891 ab
965 2837 1160 2894 invidia
1193 2856 1380 2912 purus,
1403 2855 1458 2900 et
1487 2847 1555 2902 ab
1573 2851 1719 2905 omni
1749 2861 1831 2923 ty-

228 2920 461 2977 rannico
504 2923 635 2979 vitio
662 2925 800 2981 liber
821 2965 839 2994 ,
866 2928 1041 3000 cogita
1071 2931 1222 2988 illum
1249 2935 1318 2991 ab
1361 2936 1591 2994 humana
1638 2920 1827 2999 natura

229 3011 545 3082 abductum,
576 3014 644 3069 ad
671 3016 846 3086 ipsam
881 3021 1192 3092 angelorum
1224 3026 1706 3096 impassibilitatem
1730 3050 1827 3104 ap-

227 3103 458 3172 pulisse.
508 3106 758 3164 Attamen
789 3125 897 3166 non
943 3111 1030 3169 his
1073 3127 1360 3175 contentus
1406 3132 1526 3190 est,
1575 3126 1669 3182 sed
1698 3103 1826 3198 quid

227 3197 396 3252 etiam
448 3197 533 3252 his
561 3200 734 3268 majus
757 3201 1042 3260 dicendum
1072 3206 1232 3265 habet
1259 3227 1274 3266 :
1305 3227 1426 3267 nam
1452 3230 1572 3284 quae
1604 3197 1824 3275 fortiora

226 3295 354 3341 sunt
400 3298 679 3357 postremo
707 3293 880 3358 ponit.
913 3294 1251 3369 Quapropter
1279 3302 1410 3358 dicit
1442 3321 1454 3359 :
1491 3305 1676 3362 Omnia
1714 3314 1826 3382 suf-

224 3374 344 3443 fert.
388 3380 434 3431 A
468 3380 751 3450 patientia,
789 3397 820 3438 a
847 3385 1290 3456 mansuetudine;
1342 3395 1454 3450 sive
1484 3401 1823 3457 contumelia:

222 3468 353 3536 sint,
382 3470 500 3525 sive
531 3471 721 3543 plagae,
751 3474 864 3531 sive
884 3492 1051 3544 mors,
1071 3481 1183 3536 sive
1209 3483 1419 3553 quidvis
1440 3487 1604 3543 aliud.
1633 3492 1695 3546 Et
1721 3491 1823 3548 hoc

223 3574 412 3616 rursus
439 3576 505 3616 ex
529 3562 686 3620 beato
702 3564 900 3623 Davide
924 3573 1153 3641 perspici
1175 3585 1374 3643 potest.
1396 3577 1530 3646 Quid
1545 3582 1687 3638 enim
1713 3600 1824 3640 mo«

222 3650 412 3708 Iestius
433 3663 541 3718 est,
573 3671 732 3726 quam
762 3658 945 3716 videre
969 3662 1137 3718 lilium
1166 3664 1528 3738 insurgentem
1557 3681 1611 3728 et
1635 3683 1819 3747 tyran-

218 3744 398 3800 nidem
411 3745 752 3804 aﬂectantem
769 3760 1158 3826 paternumque
1174 3761 1486 3830 sanguinem
1511 3744 1777 3822 sitientem
1795 3768 1818 3823 ?

216 3836 319 3892 Sed
351 3846 410 3892 et
432 3836 539 3894 hoc
566 3840 686 3893 tulit
714 3841 900 3898 beatus
924 3845 1046 3911 ille;
1071 3862 1243 3920 neque
1283 3850 1354 3903 ita
1390 3854 1816 3914 susdnuitacer-

216 3925 340 3981 bum
367 3929 596 3986 verbum
620 3932 867 3988 emittere
885 3947 1070 3991 contra
1099 3940 1439 4008 parricidam,
1460 3945 1552 3999 scd
1566 3961 1685 4001 cum
1711 3948 1814 4004 alia

214 4019 391 4072 omnia
413 4018 540 4074 belli
557 4019 785 4077 ducibus
806 4026 1184 4094 commisisset,
1207 4032 1457 4098 proillius
1475 4036 1644 4092 salute
1655 4054 1810 4094 man-

212 4110 332 4165 data
357 4111 558 4178 dabat;
588 4113 799 4170 ﬁrmum
828 4118 970 4172 enim
998 4132 1112 4176 erat
1138 4125 1372 4180 caritatis
1387 4127 1808 4188 fundamentum.

211 4199 444 4272 Ideoque
480 4205 659 4260 omnia
694 4207 916 4275 suﬂ‘ert;
949 4221 999 4266 et
1020 4210 1144 4269 hinc
1165 4217 1379 4284 quidem
1414 4219 1530 4290 ejus
1560 4223 1808 4282 virtutem

209 4294 542 4361 subindicat,
576 4297 868 4356 bonitatem
897 4312 1075 4360 autem
1109 4320 1204 4375 per
1219 4323 1292 4364 ea
1322 4325 1441 4380 qua:
1470 4326 1804 4384 sequuntur:

209 4400 329 4441 nam
352 4388 454 4452 ait,
492 4388 679 4444 Omnia
720 4403 912 4463 sperat,
943 4398 1114 4452 omnia
1150 4401 1338 4467 credit,
1375 4408 1547 4461 omnia
1575 4412 1807 4468 sustinet.

207 4477 342 4545 Quid
369 4489 479 4543 est,
515 4479 702 4537 Omnia
727 4487 944 4553 sperat?
972 4489 1046 4544 De
1067 4489 1224 4547 bonis
1245 4494 1689 4570 quibuscumque,
1723 4504 1805 4561 in-

206 4570 337 4639 quit,
380 4571 566 4626 dilecti
592 4574 673 4628 sui
705 4590 810 4630 non
838 4577 1125 4649 desperat;
1158 4584 1252 4640 sed
1281 4587 1491 4644 etiamsi
1520 4590 1606 4647 ille
1632 4595 1802 4653 malus

207 4661 294 4727 sit,
325 4674 614 4731 permanet
636 4665 783 4723 illum
811 4672 1106 4742 corrigens,
1137 4677 1442 4746 providens,
1481 4697 1663 4740 curam
1704 4702 1801 4757 ge-

205 4765 347 4807 rens.
376 4753 567 4808 Omnia
582 4759 757 4812 credit.
784 4759 900 4817 Non
918 4763 1087 4819 solum
1105 4768 1248 4822 enim
1267 4783 1467 4840 sperat,
1490 4774 1682 4846 inquit,
1703 4779 1796 4834 sed

204 4843 362 4900 etiam
391 4846 591 4914 credit,
606 4865 672 4905 ex
693 4866 758 4904 eo
778 4856 917 4921 quod
934 4857 1086 4912 valde
1101 4869 1244 4916 amet
1269 4878 1282 4915 :
1298 4865 1506 4919 etiamsi
1526 4866 1640 4923 haec
1658 4869 1795 4927 bona

205 4949 310 4992 non
336 4943 638 4996 secundum
668 4957 821 5012 spem
848 4948 1160 5018 succedant,
1180 4953 1276 5010 sed
1288 4955 1498 5013 etiamsi
1515 4960 1604 5016 ille
1625 4964 1793 5021 mole-

201 5030 332 5085 stior
360 5032 452 5100 sit,
481 5048 546 5090 ea
587 5035 750 5094 etiam
776 5040 899 5096 fert.
932 5042 1116 5100 Omnia
1147 5049 1293 5105 enim
1323 5053 1558 5122 sustinet,
1599 5057 1787 5129 inquit.

202 5120 253 5174 3.
283 5120 485 5180 Caritas
513 5142 792 5198 numquam
817 5134 1023 5190 excidit.
1061 5137 1304 5196 Vidistin‘
1329 5120 1551 5213 quando
1569 5120 1785 5206 coroni-

201 5214 318 5268 dem
349 5216 689 5290 imposuerit,
715 5230 768 5278 et
794 5227 934 5299 quod
966 5227 1020 5284 in
1047 5229 1149 5287 hoc
1176 5233 1320 5292 dono
1342 5240 1510 5310 magis
1532 5243 1786 5303 eximium

200 5307 303 5362 sit?
330 5310 468 5379 Quid
503 5314 649 5369 enim
687 5317 788 5373 sibi
815 5321 951 5387 vult,
981 5322 1103 5379 Non
1127 5329 1354 5384 excidit?
1382 5307 1497 5389 uti.
1526 5335 1784 5394 discindi-

203 5409 299 5468 tur,
329 5421 434 5461 non
476 5407 792 5467 dissolvitur
809 5413 1064 5474 ferendo:
1085 5433 1229 5479 amat
1258 5427 1400 5484 enim
1426 5433 1623 5487 omnia.
1649 5434 1781 5492 Nam

201 5493 286 5592 qui
313 5507 476 5566 amat,
519 5516 812 5574 numquam
839 5507 1018 5567 odisse
1042 5518 1232 5584 possit,
1280 5517 1535 5592 quidquid
1582 5525 1779 5586 factum

200 5580 389 5641 fuerit:
415 5589 519 5648 hoc
548 5595 748 5667 quippe
777 5609 864 5656 est
885 5580 1178 5663 maximum
1200 5580 1366 5681 ipsius
1385 5580 1779 5680 bonum-"falis

199 5687 308 5734 erat
330 5679 572 5743 Paulus:
605 5688 836 5763 ideoque
871 5695 1106 5769 dicebat,
1135 5701 1199 5759 Si
1221 5679 1336 5774 Qqua
1388 5710 1540 5767 modo
1588 5732 1772 5784 proro-

202 5781 300 5826 cem
341 5775 408 5834 ad
431 5780 781 5842 inmutandum
805 5803 1010 5847 carnem
1036 5810 1197 5852 meam
1223 5797 1403 5870 (llam.
1435 5805 1522 5863 11.
1555 5775 1671 5882 Ii),
1721 5823 1776 5871 et

1278 331 1345 391 IN
1385 336 1599 395 EPIST.
1646 339 1662 394 I
1731 341 1818 393 AD
1857 343 2010 399 COB.
2053 347 2282 408 I—IOMII..
2326 355 2565 415 XXXIII.

3460 390 3568 446 282‘.

1976 477 2202 533 sperans
2241 477 2456 531 mansit.
2508 478 2577 536 Et
2607 481 2944 545 Timotheum
2977 493 3288 556 hortabatur
3334 504 3563 565 dicens:

1972 553 2179 614 Servum
2207 573 2374 619 autem
2411 567 2617 627 Domini
2644 591 2744 630 non
2791 592 2988 648 oportet
3028 602 3273 658 pugnare,
3303 596 3565 651 “dmum

1971 657 2167 702 suetum
2195 668 2301 707 esse
2325 656 2395 710 ad
2436 675 2632 729 omnes,
2665 666 2720 721 in
2749 671 2996 728 modestia
3037 680 3348 738 erudientem
3373 697 3567 759 eosqui

3381 739 3384 740 ,
3440 739 3446 740 ,
3481 739 3564 759 τη,

1968 739 2204 796 resistunt
2245 749 2482 819 ueritati,
2523 771 2589 808 an
2619 757 2751 826 [orte
2789 763 2870 818 det
2899 767 3003 822 illis
3040 769 3183 828 Deus
3219 779 3564 847 cognitionem

1966 830 2187 935 ueritatis
2241 835 2318 908 (2.
2344 839 2478 896 Tim.
2504 844 2674 938 2.24.
2697 850 2812 924 25).
2861 855 2999 923 Quid
3043 877 3206 933 ergo,
3252 830 3555 938 ίιῖιιέέίέζζὲ

2770 918 2782 924 ,
2872 918 2903 923 κ-
3105 918 3160 933 υ.
3191 918 3205 930 ,
3511 918 3555 928 υ.

1964 918 2167 979 inimici
2186 929 2299 986 sint
2327 941 2380 986 et
2404 937 2655 1006 gentiles,
2686 956 2866 1002 annon
2883 948 3062 1008 odisse
3079 959 3345 1025 oportuit?
3364 961 3569 1020 Odisse-

1963 1015 2202 1121 quidem,
2252 1037 2361 1078 non
2387 1025 2530 1096 illos,
2563 1033 2658 1088 sed
2686 1034 2910 1107 dogma;
2964 1059 3070 1100 non
3111 1015 3402 1121 hominem,

1961 1104 2166 1161 malum
2189 1123 2346 1181 Opus,
2375 1130 2687 1190 corruptum
2713 1128 2972 1187 animum.
2999 1135 3172 1194 iIomo
3199 1156 3430 1212 namque
3469 1161 3553 1204 est

1956 1207 2094 1263 opus
2125 1198 2239 1267 Dei,
2272 1218 2428 1261 error
2454 1223 2632 1266 autem
2664 1231 2800 1285 opus
2821 1221 3037 1279 diaboli.
3061 1228 3137 1285 Ne
3163 1246 3292 1303 ergo
3318 1240 3549 1297 misceas

1956 1300 2018 1341 ea
2045 1304 2165 1358 quae
2189 1296 2281 1348 Dei
2312 1309 2457 1368 sunt,
2482 1313 2534 1356 et
2557 1321 2676 1375 qua:
2701 1310 2920 1369 diaboli.
2950 1317 3081 1376 Nam
3113 1296 3282 1383 Judati
3313 1343 3464 1387 erant
3493 1296 3564 1391 et.

1953 1376 2252 1449 blasphemi
2275 1397 2329 1442 et
2352 1404 2769 1464 persequutores
2791 1414 2844 1458 et
2872 1414 3269 1486 contumeliosi,
3299 1420 3547 1481 innume-

1954 1483 2118 1540 raque
2144 1474 2211 1530 de
2236 1476 2454 1538 Christo
2482 1485 2733 1547 dicebant
2763 1497 2900 1552 mala
2936 1518 2950 1554 :
2979 1519 3180 1573 ergone
3206 1474 3328 1568 illos
3357 1516 3546 1573 oderat

1951 1565 2183 1639 Paulus,
2211 1576 2300 1644 qui
2330 1581 2563 1638 maxime
2591 1591 2829 1647 omnium
2861 1565 3137 1656 Christum
3168 1608 3415 1666 amabat?
3439 1613 3543 1670 Ne-

1941 1673 2242 1736 quaquam,
2275 1668 2383 1726 imo
2410 1683 2464 1727 et
2489 1678 2721 1746 amabat,
2749 1693 2804 1738 et
2827 1689 3006 1743 omnia
3035 1707 3132 1760 pro
3159 1696 3287 1766 ipsis
3313 1703 3536 1772 agebat:

1947 1759 2002 1806 et
2031 1769 2170 1810 nunc
2201 1759 2420 1827 quidem
2451 1763 2602 1835 dicit,
2672 1770 2920 1830 Voluntas
2947 1759 3149 1849 quidem
3177 1759 3224 1840 et
3249 1759 3542 1857 deprecatio

1947 1858 2058 1898 mea
2075 1848 2145 1901 ad
2164 1847 2329 1905 Deum
2349 1855 2407 1923 [it
2423 1873 2517 1927 pro
2545 1861 2648 1915 illis
2672 1867 2740 1917 ad
2765 1847 2980 1923 salutem
3002 1873 3277 1942 (Rom.lO.
3296 1847 3374 1952 );
3395 1847 3536 1942 nunc

1945 2027 2120 2099 (Rom.
2164 2033 2216 2088 9.
2251 2036 2328 2103 5).
2352 2037 2441 2096 Sic
2471 2053 2525 2100 et
2555 2043 2810 2106 Ezechiel
2855 2052 3041 2110 videns
3069 2073 3163 2114 eos
3188 2027 3357 2121 occidi

1942 2120 2030 2175 bat
2058 2139 2070 2172 :
2103 2123 2203 2179 Hei
2222 2129 2347 2182 milii
2366 2172 2382 2198 ,
2413 2132 2647 2206 Domine,
2676 2139 2814 2197 deles
2835 2152 2889 2196 tu
2916 2162 2998 2200 eos
3024 2149 3111 2219 qui
3132 2164 3248 2208 sunt
3271 2158 3452 2228 reliqui
3473 2178 3536 2217 es:

1941 2209 2108 2268 Israel
2134 2215 2344 2286 (Ezeclt.
2377 2221 2432 2278 9.
2461 2225 2564 2295 8)?
2592 2238 2645 2283 et
2673 2230 2884 2303 Moyses
2910 2251 2923 2286 :
2959 2209 3269 2310 Si'quidem

1940 2305 2043 2359 illis
2067 2321 2344 2378 peccatum,
2377 2316 2574 2374 dimitte
2603 2320 2798 2392 (Exod.
2824 2327 2912 2384 52.
2938 2330 3052 2403 51).
3076 2305 3220 2402 Quid
3252 2353 3379 2410 ergo
3403 2305 3532 2399 dicit

1942 2396 2150 2457 David?
2196 2403 2301 2460 Eos
2315 2409 2402 2476 qui
2436 2411 2652 2467 oderunt
2680 2426 2745 2484 te,
2777 2396 3271 2499 Domine,'oderam,
3312 2396 3359 2488 et
3378 2452 3531 2506 super

1936 2490 2174 2551 inimicos
2217 2507 2328 2554 tuos
2361 2504 2672 2562 tabescebam
2701 2527 2720 2564 :
2749 2519 2970 2585 perfecto
2998 2490 3119 2577 odio
3160 2525 3366 2582 oderam
3414 2490 3535 2585 illos

1941 2582 2111 2654 (Psal.
2142 2588 2264 2645 138.
2297 2591 2386 2647 21.
2412 2593 2524 2666 2:2).
2556 2600 2715 2670 Atqui
2745 2582 2850 2658 non
2881 2611 3082 2678 omnia,
3110 2629 3230 2683 qua:
3253 2631 3282 2670 a
3317 2582 3518 2676 Davide

1936 2679 1989 2730 in
2022 2677 2251 2736 Psalmis
2271 2684 2410 2740 dicta
2433 2700 2576 2752 sunt.
2603 2708 2668 2747 ex
2695 2710 2922 2763 persona
2957 2677 3170 2762 Davidis
3189 2713 3476 2767 suntdicta
3505 2735 3516 2770 :

1933 2772 2128 2826 etenim
2159 2773 2246 2830 hic
2274 2779 2389 2846 ipse
2420 2782 2567 2848 dicit,
2596 2785 3005 2849 Tabernaculum
3034 2800 3126 2866 ﬁxi
3151 2817 3265 2856 cum
3291 2806 3524 2862 taberna-

1927 2867 2059 2922 culis
2086 2867 2279 2934 Cedar;
2317 2883 2390 2938 et,
2425 2876 2597 2947 Super
2615 2882 2830 2950 ﬂumina
2855 2886 3134 2960 Babylonis
3159 2895 3267 2950 illic
3296 2901 3532 2956 sedimus.

1932 2967 1978 3012 et
2007 2961 2236 3029 ﬂeuimus
2256 2963 2429 3036 (Psal.
2464 2971 2592 3026 119.
2622 2975 2676 3027 5.
2699 2985 2747 3029 ει
2774 2978 3008 3049 156.1);
3035 3000 3208 3054 neque
3234 3005 3363 3045 vero
3390 2993 3524 3048 vidit

1931 3049 2300 3123 Babylonem,
2359 3074 2535 3128 neque
2589 3065 2931 3126 tabernacula
2988 3049 3164 3131 Cedar
3215 3096 3228 3133 :
3285 3082 3520 3153 alioquin

1929 3143 2088 3198 etiam
2111 3161 2253 3202 nunc
2267 3150 2441 3220 major
2462 3167 2492 3208 a
2514 3155 2669 3210 nobis
2695 3161 2924 3230 exigitur
2949 3143 3517 3242 pliilosOphia.Quam—

1928 3235 2138 3302 obrem,
2192 3243 2505 3312 rogantibus
2535 3247 2812 3320 discipulis
2839 3264 2896 3310 ut
2927 3235 3301 3319 demitteretur
3343 3266 3513 3336 ignis,

1927 3339 1987 3383 ut
2009 3336 2248 3402 tempore
2273 3334 2425 3402 Elim,
2451 3337 2695 3409 Nescitis,
2720 3343 2890 3416 inquit
2936 3349 3198 3419 Christus,
3221 3334 3384 3427 cujus—
3401 3362 3513 3430 spi-

1923 3421 2052 3476 ritus
2081 3425 2196 3479 estis
2223 3424 2370 3494 (Luc.
2400 3428 2453 3485 9.
2484 3432 2599 3503 55).

2003 3515 2058 3572 5.
2095 3515 2250 3576 Tunc
2275 3524 2420 3578 enim
2463 3541 2570 3581 non
2615 3529 2948 3600 impietatem
2989 3541 3180 3608 modo,
3210 3548 3303 3598 sed
3339 3549 3505 3605 etiam

1933 3607 2128 3678 impios
2154 3611 2304 3682 ipsos
2332 3616 2518 3674 odisse
2541 3620 2895 3694 jubebantur,
2921 3645 2989 3685 ne
3011 3634 3251 3691 amicitia
3281 3644 3518 3696 occasio,

1931 3699 2066 3768 ipsis
2097 3716 2240 3758 esset
2287 3708 2616 3780 iniquitatis;
2661 3716 2890 3788 ideoque
2922 3728 3279 3795 cognationes
3319 3734 3500 3790 absci-

1929 3793 2010 3848 dit
2059 3806 2112 3850 et
2163 3802 2597 3872 commixtiones,
2639 3820 2692 3863 et
2739 3793 3149 3885 undique'illos
3196 3827 3496 3884 muniebat.

1925 3881 2082 3942 Nunc
2114 3896 2334 3957 autem,
2357 3895 2483 3963 quia
2517 3897 2586 3952 ad
2623 3881 2901 3970 majorem
2926 3924 3029 3965 nos
3066 3911 3219 3967 duxit
3259 3881 3499 3985 philoso;

1916 3973 2095 4043 phiam
2114 3987 2169 4034 et
2194 3985 2518 4044 excelsiores
2547 3992 2744 4061 posuit,
2760 4010 2918 4066 quam
2935 4007 2992 4053 ut
3006 3999 3204 4058 damno
3219 4003 3343 4061 hinc
3363 4007 3502 4062 affici

1917 4080 2213 4133 possemus,
2237 4082 2292 4128 ct
2317 4076 2602 4136 admittere
2622 4098 2715 4139 eos
2736 4095 2790 4141 et
2813 4091 3079 4147 consolari
3109 4094 3278 4164 jubet.
3313 4098 3499 4168 Neque

1913 4159 2056 4214 enim
2079 4163 2233 4217 nobis
2261 4165 2330 4220 ab
2361 4168 2464 4224 illis
2503 4171 2781 4245 damnum,
2810 4180 2904 4235 sed
2935 4182 3041 4238 illis
3062 4199 3091 4238 a
3115 4188 3270 4243 nobis
3300 4191 3510 4247 utilitas

1910 4253 2176 4319 provenit.
2198 4255 2335 4324 Quid
2353 4263 2621 4331 ergodicit
2637 4269 2658 4320 ?
2675 4267 2791 4324 Non
2814 4283 3028 4342 oportet
3052 4276 3252 4345 odisse,
3277 4282 3370 4337 sed
3396 4285 3500 4337 ini-

1908 4343 2103 4398 sereri.
2126 4345 2180 4401 Si
2207 4348 2349 4404 enim
2370 4352 2568 4421 oderis,
2591 4362 2864 4428 quomodo
2893 4377 3164 4424 errantem
3187 4369 3343 4428 facile
3368 4390 3498 4428 con-

1909 4438 2122 4491 vertes?
2149 4442 2418 4508 quomodo
2437 4447 2618 4504 orabis
2638 4466 2735 4521 pro
2761 4452 2997 4512 infideli?
3024 4458 3156 4514 Nam
3177 4463 3318 4532 quod
3341 4478 3509 4520 orare

1905 4536 2170 4596 oporteat,
2197 4533 2320 4588 audi
2349 4538 2474 4607 quid
2504 4539 2648 4597 dicat
2673 4543 2871 4604 Paulus
2901 4566 2915 4604 :
2948 4550 3166 4608 Obsecro
3207 4555 3363 4626 igitur
3384 4559 3492 4625 pri-

1903 4634 2040 4673 mum
2065 4624 2291 4679 omnium
2320 4627 2434 4696 ﬁeri
2452 4630 2841 4705 obsecrationes,
2882 4642 3158 4709 orationes,
3191 4624 3488 4715 postulatio-

1903 4727 2011 4778 nes,
2039 4716 2318 4784 gratiarum
2339 4724 2561 4779 actiones
2577 4744 2670 4796 pro
2690 4732 2924 4787 omnibus
2945 4736 3229 4793 hominibus
3247 4740 3296 4810 (I
3313 4783 3325 4795 .
3353 4741 3485 4798 Tim.

1899 4803 1953 4858 2.
1987 4807 2038 4859 1.
2061 4808 2138 4878 2).
2162 4810 2314 4878 Quod
2341 4823 2520 4871 autem
2547 4827 2672 4876 tunc
2701 4837 2808 4878 non
2838 4839 3027 4882 omnes
3049 4827 3236 4886 fideles
3255 4803 3264 4810 ‘
3284 4845 3486 4901 essent,

1900 4898 2067 4956 cuivis
2099 4905 2436 4962 manifesmm
2474 4920 2577 4966 est.
2609 4915 2673 4968 Et
2705 4931 2936 4983 rursum,
2962 4920 3069 4976 Pro
3095 4926 3314 4995 regibus,
3350 4938 3402 4982 et
3425 4931 3488 4986 iis

1896 4992 1984 5060 qui
2027 4993 2079 5047 in
2128 4996 2374 5066 dignitate
2412 5007 2670 5060 constituti
2699 5024 2837 5065 sunt.
2871 5014 3023 5081 Quod
3061 5034 3220 5086 porro
3253 5023 3304 5077 hi
3337 5025 3486 5095 impii

1895 5093 2079 5139 essent
2119 5095 2174 5142 et
2220 5089 2406 5161 iniqui,
2463 5093 2564 5150 hoc
2592 5096 2716 5153 item
2750 5116 3088 5173 persmcuum
3139 5121 3245 5166 est.
3277 5113 3483 5172 Deinde

1894 5187 2110 5231 causam
2137 5194 2352 5251 quoque
2371 5187 2633 5244 orationis
2651 5191 2857 5261 dicens,
2880 5198 3186 5272 subjungit:
3215 5204 3330 5261 Hoc
3350 5211 3482 5265 enim

1892 5266 2077 5323 bonum
2118 5283 2194 5326 est
2235 5283 2284 5328 et
2312 5288 2577 5348 acceptum
2613 5283 2666 5339 in
2710 5302 2980 5360 conspectu
3008 5293 3293 5354 Saluatoris
3322 5308 3483 5359 nostri

1887 5355 2009 5428 Dei,
2035 5363 2126 5433 qui
2154 5380 2326 5422 omnes
2365 5369 2593 5429 homines
2617 5378 2724 5433 uult
2747 5355 2913 5438 salvos
2932 5385 3062 5454 ﬁeri,
3093 5397 3141 5443 et
3165 5391 3235 5445 ad
3261 5397 3482 5464 agnitio-

1888 5470 2002 5510 nem
2030 5460 2254 5516 ueritatis
2283 5465 2452 5522 venire
2481 5467 2646 5538 (Ibid.
2677 5490 2726 5528 υ.
2753 5475 2808 5532 5.
2855 5477 2933 5551 4).
2979 5480 3104 5538 Ideo
3141 5483 3187 5539 si
3217 5460 3471 5556 gentilem

1884 5547 2166 5606 mulierem
2193 5552 2458 5613 invenerit
2478 5574 2598 5616 cum
2623 5561 2765 5621 ﬁdeli
2791 5547 3139 5639 habitantem,
3167 5591 3272 5630 non
3313 5580 3471 5636 solvit

1882 5640 2227 5712 conjugium:
2257 5659 2576 5722 quamquam
2599 5656 2728 5725 quid
2757 5669 2840 5715 est
2869 5662 3076 5719 mulieri
3099 5665 3216 5721 viro
3240 5671 3467 5738 conjun-

1881 5729 2056 5787 ctius?
2085 5732 2252 5792 Erunt
2295 5741 2437 5796 enim
2495 5745 2597 5800 duo
2642 5747 2696 5802 in
2739 5765 2890 5806 carne
2941 5769 3043 5808 una
3068 5755 3219 5824 (Gen.
3247 5759 3302 5815 2.
3327 5729 3463 5829 Si):

1880 5837 2177 5898 magnaque
2222 5841 2304 5888 est
2327 5833 2436 5891 illic
2467 5836 2764 5896 animorum
2801 5845 3110 5913 conjunctio
3161 5859 3215 5906 et
3247 5852 3464 5913 fervens
