3776 6308
321 353 431 408 985

318 483 491 523 amor.
517 467 574 523 Si
601 475 778 522 autem
798 465 992 536 impios
1009 475 1060 519 ct
1090 464 1300 534 iniquos
1316 463 1441 519 odio
1464 462 1690 518 habituri
1718 462 1906 527 simus,

280 573 290 584 ‘
319 565 460 618 ultra
488 560 759 632 progressi
791 559 952 615 etiam
1001 567 1310 628 peccatores
1338 557 1464 613 odio
1491 555 1823 618 habebimus,
1857 564 1912 610 et

319 657 400 711 sic
427 655 652 709 ulterius
683 651 1002 722 procedens,
1029 665 1060 704 a
1087 649 1268 704 multis
1285 647 1539 704 fratribus
1566 646 1904 713 discinderis,

317 749 429 802 imo
458 746 528 802 ab
547 745 795 801 omnibus
832 763 846 799 :
872 757 1030 799 nemo
1061 743 1228 808 enim,
1272 756 1433 798 nemo
1457 752 1604 798 certe
1633 741 1750 796 sine
1780 755 1908 812 pec-

318 850 438 895 cato
465 847 567 896 est.
602 839 732 895 Nam
771 837 816 893 si
847 843 1096 908 oporteat
1143 835 1237 892 Dei
1271 835 1516 890 inimicos
1544 834 1721 890 odisse
1745 875 1760 898 ,
1800 848 1906 888 non

316 932 492 989 solum
512 931 726 1001 impios,
759 929 853 986 sed
878 929 1038 985 etiam
1063 936 1374 997 peccatores
1388 926 1512 982 odio
1533 925 1731 980 habere
1750 939 1909 994 opor-

317 1032 392 1079 tet
425 1039 439 1077 :
471 1031 525 1078 et
547 1023 626 1076 sic
643 1021 844 1077 erimus
872 1019 996 1076 feris
1017 1017 1338 1086 deteriores,
1366 1031 1554 1073 omnes
1573 1027 1903 1084 aversantes,

317 1115 622 1186 arrogantia
651 1114 839 1180 inflati,
867 1111 1114 1168 sicutille
1135 1111 1457 1167 Pharisaeus.
1488 1109 1558 1164 At
1579 1124 1686 1164 non
1705 1109 1772 1163 ita
1790 1108 1908 1178 jus-

316 1207 385 1261 sit
415 1205 632 1271 Paulus,
662 1205 755 1260 sed
789 1203 1105 1275 quomodo?
1145 1201 1351 1256 Monete
1377 1201 1753 1270 incompositos,
1783 1215 1904 1255 con-

313 1296 552 1352 sulamini
577 1296 950 1366 pusillanimes,
977 1294 1216 1363 suscipite
1231 1293 1482 1363 inﬁrmos,
1505 1292 1750 1363 patientes
1773 1300 1907 1346 esto-

311 1399 362 1444 te
383 1388 453 1444 ad
479 1404 650 1443 omnes
677 1387 754 1460 (l.
785 1386 965 1442 Thess.
989 1386 1043 1443 5.
1068 1384 1332 1457 14).ρυὶ(1
1359 1400 1508 1455 ergo,
1535 1384 1761 1454 inquies,
1781 1398 1903 1438 cum

311 1479 467 1534 dicit:
499 1477 562 1534 Si
610 1479 721 1547 quis
747 1494 847 1532 non
873 1478 1036 1532 obedit
1075 1477 1224 1532 verba
1264 1485 1435 1530 nostro
1482 1491 1571 1546 per
1599 1474 1900 1543 epistolam,

314 1572 450 1624 hunc
475 1579 664 1635 notate,
696 1579 744 1624 et
769 1586 867 1624 non
891 1569 1318 1624 commisceamini
1354 1585 1469 1622 cum
1496 1569 1585 1621 illo
1615 1567 1690 1640 (2.
1722 1566 1898 1622 Thess.

312 1665 366 1719 3.
401 1663 530 1732 M)?
557 1663 693 1720 Vere
715 1663 927 1734 quidem
957 1662 1061 1717 hoc.
1087 1663 1153 1718 de
1193 1662 1446 1717 fratribus
1471 1662 1672 1717 dictum
1702 1671 1817 1728 est;
1848 1674 1905 1718 at

311 1770 418 1810 non
447 1755 712 1818 absolute,
745 1754 838 1810 sed
868 1770 989 1810 cum
1015 1753 1451 1809 mansuetudine.
1480 1751 1559 1808 Ne
1587 1753 1731 1808 enim
1757 1767 1904 1808 rese-

308 1862 402 1903 ces
427 1862 488 1902 ea
515 1862 636 1918 qua:
658 1855 977 1917 sequuntur,
1007 1844 1102 1901 sed
1138 1853 1192 1900 et
1214 1859 1274 1900 ea
1299 1860 1420 1915 qua:
1448 1853 1570 1899 sunt
1593 1853 1774 1914 postea
1802 1843 1901 1898 ad-

310 1939 485 2008 jicias.
509 1938 640 1994 Nam
663 1955 785 1993 cum
817 1939 1061 2005 dixisset,
1095 1936 1180 1992 Ne
1209 1937 1652 2003 commisceamini,
1675 1935 1900 2006 subjun-

307 2031 387 2086 xit
415 2049 429 2085 :
462 2030 530 2085 Et
550 2032 707 2086 nolite
733 2033 880 2102 quasi
901 2032 1160 2086 inimicum
1186 2030 1494 2098 existimare,
1527 2029 1617 2085 sed
1639 2029 1902 2085 admonete

307 2131 360 2176 ut
387 2127 596 2194 fratrem
627 2121 678 2189 (1
689 2122 792 2176 bid.
827 2139 874 2177 υ.
931 2122 1040 2195 15).

381 2213 524 2284 0pm
551 2213 742 2268 diaboli
775 2223 848 2268 est
878 2215 1095 2268 alterum
1120 2213 1186 2269 ab
1208 2215 1370 2269 altero
1399 2213 1656 2269 diuellere.
1691 2213 1898 2269 Caritas

307 2306 480 2360 omnia
499 2315 728 2376 superat.
753 2334 822 2344 —
852 2304 1038 2360 Viden‘
1070 2304 1343 2376 quomodo
1365 2305 1568 2360 malum
1596 2305 1900 2375 opusjubet

309 2398 510 2464 odisse,
537 2414 644 2453 non
677 2397 949 2453 hominem
973 2399 996 2452 ?
1027 2398 1158 2452 Nam
1187 2413 1324 2468 opus
1353 2398 1552 2454 diaboli
1579 2407 1662 2454 est
1687 2412 1786 2454 nos
1813 2399 1898 2454 al-

311 2501 483 2549 terum
514 2494 582 2548 ab
606 2493 779 2548 altero
801 2492 1057 2548 divellere
1091 2511 1104 2547 :
1135 2500 1190 2548 et
1222 2491 1378 2548 valde
1398 2491 1621 2548 curabat
1646 2491 1737 2547 ille
1762 2492 1899 2549 cari-

309 2592 472 2640 tatem
499 2584 573 2640 de
597 2584 775 2639 medio
800 2585 1010 2650 tollere,
1041 2593 1100 2638 ut
1124 2583 1480 2639 correctionis
1504 2583 1644 2639 viam
1666 2592 1895 2650 secaret,

307 2678 684 2748 detineretque
708 2678 854 2732 illum
887 2677 1103 2748 quidem
1132 2677 1184 2731 iu
1216 2691 1420 2744 errore,
1447 2685 1498 2732 te
1523 2685 1700 2732 autem
1724 2676 1774 2731 in
1798 2677 1900 2732 ini-

307 2771 532 2838 micitia,
555 2771 858 2842 deindeque
881 2779 1092 2826 arceret
1120 2785 1241 2826 eum
1265 2785 1294 2824 a
1326 2769 1410 2825 via
1439 2769 1647 2825 salutis.
1675 2768 1900 2838 Quando

307 2862 454 2918 enim
477 2862 719 2918 medicus
743 2863 856 2916 odit
886 2872 1144 2932 a‘grolum
1170 2871 1226 2916 et
1247 2861 1315 2915 ab
1338 2861 1432 2916 illo
1455 2860 1606 2932 fugit,
1639 2868 1694 2917 et
1721 2875 1897 2931 aagro-

307 2963 394 3009 tus
415 2953 679 3010 medicum
709 2963 1010 3015 aversatur,
1038 2952 1381 3024 quandonam
1418 2952 1508 3007 hic
1536 2951 1896 3020 convalescet,

309 3061 432 3102 cum
465 3061 642 3117 neque
666 3045 753 3102 hic
781 3045 929 3101 illum
946 3045 1193 3112 advocet,
1215 3061 1392 3115 neque
1420 3044 1701 3118 illeipsum
1719 3043 1900 3103 adeat?

305 3138 416 3193 Cur
453 3153 605 3210 ergo,
659 3153 865 3209 quaeso,
915 3138 1184 3192 aversaris
1208 3145 1262 3192 et
1289 3135 1428 3207 fugis
1451 3136 1644 3192 illum?
1676 3151 1745 3191 an
1775 3136 1899 3206 quia

309 3242 394 3288 est
419 3231 748 3302 impius?At
771 3230 892 3286 ideo
919 3238 1132 3301 oportet
1165 3229 1313 3284 illum
1342 3229 1492 3285 adire
1520 3237 1576 3284 et
1601 3243 1812 3294 curare,
1843 3237 1901 3284 ut

306 3333 565 3396 aegrotum
591 3322 658 3376 ad
680 3321 1040 3377 valetudinem
1075 3334 1318 3376 revoces.
1348 3318 1500 3388 Quod
1547 3320 1591 3375 si
1621 3318 1900 3375 incurabili

313 3413 504 3470 morbo
528 3413 755 3479 laborat,
797 3412 891 3467 sed
926 3421 979 3466 tu
1020 3411 1205 3481 jussus
1239 3426 1298 3465 es
1341 3409 1486 3481 quod
1533 3413 1585 3465 in
1635 3421 1688 3465 te
1715 3421 1796 3466 est
1818 3409 1899 3464 fa-

311 3520 435 3561 cere
477 3521 491 3558 :
541 3519 660 3558 nam
705 3512 760 3560 et
812 3502 978 3559 Judas
1035 3503 1316 3560 incurabili
1368 3504 1558 3558 morbo
1602 3503 1894 3570 laborabat,

314 3612 413 3652 nec
445 3604 620 3650 tamen
672 3595 880 3650 destitit
924 3595 1062 3649 Deus
1121 3593 1266 3650 illum
1322 3609 1534 3650 curare.
1589 3594 1668 3650 Ne
1721 3595 1898 3667 itaque

310 3697 369 3741 tu
427 3701 640 3757 quoque
691 3685 1018 3756 defatigeris.
1067 3684 1200 3740 Nam
1253 3685 1490 3754 ctiamsi,
1515 3702 1710 3758 magno
1742 3687 1898 3743 adhi-

310 3780 422 3834 bito
469 3779 666 3845 studio,
722 3780 896 3850 ipsmn
937 3779 1005 3832 ab
1045 3779 1319 3849 impietate
1358 3794 1464 3834 non
1501 3780 1720 3846 liberes,
1753 3795 1817 3835 ac
1847 3781 1894 3836 si

309 3873 598 3927 liberasses
647 3871 954 3927 mercedem
1001 3871 1276 3943 accipies,
1325 3881 1380 3928 et
1425 3871 1629 3928 efficies
1671 3879 1733 3927 ut
1786 3873 1900 3943 ipse

312 3964 774 4019 mansuetudinem
829 3975 972 4019 tuam
1021 3965 1354 4031 admiretur;
1404 3965 1586 4036 sicque
1613 3965 1681 4020 ad
1729 3966 1898 4022 Deum

311 4064 420 4107 tota
449 4054 562 4109 haec
591 4055 758 4124 gloria
794 4055 1059 4111 transibit.
1091 4056 1316 4112 Etiamsi
1343 4056 1486 4112 enim
1515 4056 1772 4112 miracula
1803 4073 1898 4128 pa-

310 4158 443 4216 tres,
493 4148 700 4203 etiamsi
746 4147 957 4220 quidvis
995 4149 1140 4205 aliud
1188 4150 1374 4217 facias,
1428 4165 1715 4220 numquam
1745 4161 1796 4207 te
1825 4151 1898 4206 ita

307 4241 720 4299 admirabuntur
765 4242 1017 4314 gentiles,
1061 4251 1120 4298 ut
1165 4258 1287 4298 cum
1321 4253 1371 4298 te
1403 4243 1636 4299 viderint
1689 4245 1896 4311 mitem,

309 4344 668 4402 mansuetum,
715 4348 1014 4406 suavesque
1056 4349 1237 4390 mores
1276 4334 1640 4390 exhibentem.
1675 4335 1790 4390 Non
1815 4345 1900 4392 est

309 4436 488 4482 autem
530 4426 631 4482 hoc
659 4426 926 4482 modicum
971 4425 1183 4481 virtutis
1212 4440 1349 4495 epns
1380 4443 1392 4480 :
1427 4425 1578 4480 nmlti
1608 4427 1749 4481 enim
1783 4437 1899 4482 tan-

308 4519 433 4574 dem
460 4534 488 4573 a
523 4519 665 4574 malo
694 4519 1087 4575 liberabuntur.
1121 4517 1420 4574 Nihilenim
1452 4519 1521 4573 ita
1547 4527 1722 4589 potest
1741 4528 1899 4574 attra-

315 4611 465 4677 here,
491 4621 550 4666 ut
577 4612 795 4667 caritas.
825 4611 958 4666 Nam
990 4622 1210 4680 promer
1238 4611 1326 4666 illa
1349 4610 1564 4682 quidem
1599 4620 1650 4666 te
1679 4612 1899 4667 armala-

316 4707 534 4768 huntur,
564 4712 782 4773 propter
812 4704 962 4772 signa
987 4703 1109 4758 dico
1138 4713 1193 4758 et
1219 4703 1474 4758 miracula
1499 4719 1516 4769 ;
1549 4715 1767 4774 prepter
1796 4704 1900 4760 hoc

311 4805 491 4848 autetn
518 4803 572 4849 et
592 4794 1001 4849 admirabuntur
1024 4803 1080 4850 et
1105 4794 1362 4849 amabunt
1393 4813 1405 4847 :
1449 4802 1498 4849 te
1519 4803 1695 4850 autem
1716 4810 1898 4850 aman-

315 4895 420 4950 tes,
451 4887 730 4941 veritatem
778 4887 916 4942 ultra
949 4887 1216 4958 progressi
1243 4887 1652 4957 amplectentur.
1686 4888 1744 4944 Si
1771 4904 1898 4944 vero

315 4991 422 5030 non
449 4977 626 5030 statim
658 4978 748 5032 fiat
775 4977 970 5045 ﬁdelis,
996 4993 1064 5034 ne
1095 4979 1328 5042 mireris,
1364 4994 1534 5050 neque
1563 4995 1771 5051 urgeas,
1806 4997 1899 5036 ne-

312 5083 418 5138 que
464 5067 642 5122 omnia
692 5068 852 5124 simul
897 5085 1137 5141 qumras;
1188 5069 1282 5126 sed
1329 5071 1445 5126 sine
1491 5071 1639 5125 illum
1685 5072 1898 5127 interim

315 5159 555 5224 laudare,
589 5175 791 5224 amare,
822 5170 876 5216 et
901 5163 980 5215 sic
1013 5162 1240 5216 ulterius
1271 5161 1570 5230 procedens
1598 5164 1795 5217 veniet.
1834 5165 1898 5218 Et

314 5263 373 5305 ut
401 5251 546 5305 clare
573 5251 747 5306 discas
765 5260 1022 5320 quantum
1055 5252 1155 5308 hoc
1181 5255 1271 5319 sit,
1296 5254 1417 5308 audi
1440 5255 1706 5324 quomodo
1736 5257 1894 5310 etiam

315 5342 514 5397 Paulus
554 5341 826 5397 infidelem
870 5341 1104 5412 judicem
1155 5344 1342 5398 adiens
1368 5361 1488 5400 sese
1515 5355 1737 5415 purget:
1771 5363 1890 5400 nam

313 5435 412 5503 ait,
429 5432 646 5488 Beatum
674 5449 754 5487 me
775 5433 1030 5500 existimo,
1077 5450 1192 5486 cum
1218 5435 1359 5504 apud
1385 5444 1433 5488 te
1457 5438 1553 5490 sim
1580 5454 1658 5491 me
1682 5438 1732 5490 in
1744 5438 1893 5508 judi-

315 5527 394 5581 cio
419 5527 717 5597 defensurus
744 5527 764 5595 (
780 5525 1010 5579 Act.'26.
1041 5525 1134 5597 2).
1167 5525 1292 5582 Haec
1320 5537 1497 5582 autem
1528 5529 1758 5598 dicebat,
1787 5546 1892 5584 non

313 5627 594 5672 assentaus
617 5617 687 5683 ei,
709 5616 868 5683 absit,
893 5615 987 5671 sed
1015 5623 1072 5670 ut
1091 5632 1211 5671 eum
1235 5619 1642 5674 mansuetudine
1662 5620 1894 5676 lucrare-

315 5718 419 5766 tur.
454 5709 520 5763 lit
559 5726 624 5763 ex
671 5720 819 5778 parte
849 5709 1084 5764 lucratus
1118 5718 1220 5776 est,
1263 5718 1318 5765 et
1341 5710 1575 5780 judicent
1608 5713 1771 5781 cepit,
1803 5715 1890 5778 qui

317 5799 570 5859 hactenus
611 5805 820 5860 crimini
875 5804 1137 5862 obnoxius
1186 5804 1488 5877 putabatur,
1525 5815 1577 5861 et
1607 5806 1883 5863 victoriam

1091 348 1150 405 S.
1188 347 1467 406 JOANNIS
1502 345 1972 404 CHRYSOSTOMI
2009 345 2324 404 ARCHIEP.
2366 347 2896 406 CONSTANTINOP.

3499 358 3596 413 ‘28l

2019 460 2137 530 ejus
2185 461 2232 517 is
2276 461 2392 534 ipse
2419 464 2508 534 qui
2535 475 2721 533 captus
2745 473 2828 522 est
2847 464 3125 536 splendida
3152 481 3286 523 voce
3319 479 3592 540 prmsenti-

2016 554 2118 610 bus
2155 557 2406 611 omnibus
2434 557 2788 614 confitebatur
2831 559 3012 617 dicens
3046 579 3059 615 :
3097 560 3290 617 Parum
3315 564 3452 619 abest
3479 568 3597 636 quin

2014 646 2137 700 mihi
2165 649 2472 718 persuadeas
2501 660 2556 704 ut
2580 651 2703 720 [iam
2729 651 3048 708 Christianus
3077 654 3211 726 (Act.
3241 656 3330 712 26.
3356 657 3426 713 28
3449 658 3488 728 ).

2085 739 2138 794 6.
2157 740 2293 809 Quid
2310 756 2438 812 ergo
2459 742 2688 798 Paulus?
2711 744 2875 814 Magis
2891 746 3142 815 expandit
3159 762 3408 818 sagenam
3425 760 3479 806 et
3495 752 3592 809 ait:

2017 829 2259 901 Optarent
2288 850 2401 904 ego,
2432 851 2534 889 non
2549 836 2716 890 solum
2736 847 2802 903 te,
2829 838 2917 892 sed
2937 840 3085 893 etiam
3104 856 3275 896 omnes
3290 843 3376 913 qui
3391 844 3592 910 adsunt,

2013 923 2110 977 hoc
2143 939 2252 979 esse
2285 925 2422 995 quod
2458 942 2550 998 ego
2598 944 2730 990 sum,
2771 934 2991 998 exceptis
3036 932 3117 986 his
3167 933 3380 989 vinculis
3408 932 3514 1006 (Ib.
3545 951 3590 989 ιι.

2009 1011 2125 1084 29).
2156 1015 2293 1082 Quid
2331 1017 2466 1073 dicis
2485 1057 2506 1087 ,
2532 1032 2567 1074 0
2595 1017 2777 1085 Paule,
2805 1019 3043 1091 Exceptis
3072 1023 3322 1080 vinculis?
3355 1035 3410 1081 et
3451 1042 3592 1094 quaa-

2010 1120 2133 1160 nam
2169 1107 2263 1162 tibi
2294 1107 2363 1162 de
2392 1119 2590 1164 caetero
2612 1108 2827 1178 ﬁducia,
2855 1111 2900 1166 si
2932 1127 3116 1168 eorum
3148 1123 3198 1168 te
3229 1114 3424 1184 pudeat
3454 1126 3508 1171 et
3533 1131 3591 1171 ea

2008 1195 2199 1268 fugias,
2228 1207 2283 1253 et
2311 1198 2413 1255 hoc
2453 1207 2602 1256 tanto
2627 1210 2894 1272 prasente
2925 1205 3159 1276 populo?
3198 1219 3375 1261 annon
3403 1205 3457 1262 in
3487 1207 3594 1277 cpio

2009 1289 2164 1345 stolis
2195 1291 2300 1346 tuis
2333 1292 2431 1347 hac
2470 1293 2538 1349 de
2573 1309 2633 1349 re
2669 1294 2866 1366 ubique
2891 1297 3158 1366 gloriaris,
3188 1305 3244 1353 et
3275 1307 3327 1354 te
3355 1300 3591 1356 vinctum

2008 1381 2269 1451 appellas,
2303 1382 2544 1454 hancque
2561 1394 2806 1442 catenam
2835 1385 3031 1457 ubique
3057 1387 3211 1443 nobis
3235 1390 3387 1459 quasi
3416 1390 3593 1446 diade-

2009 1487 2094 1527 ma
2121 1473 2476 1531 circumfers?
2501 1477 2625 1547 quid
2657 1493 2788 1550 ergo
2809 1494 2950 1536 nunc
2979 1479 3176 1536 factum
3199 1490 3298 1548 est,
3331 1491 3391 1537 ut
3412 1485 3592 1538 vincu-

2007 1563 2057 1618 la
2086 1563 2433 1636 depreceris?
2457 1567 2572 1623 Non
2606 1569 2720 1639 ipse
2749 1569 3027 1642 deprecor,
3071 1573 3260 1644 inquit,
3300 1591 3480 1645 neque
3509 1591 3590 1632 me

2009 1655 2190 1725 pudet,
2218 1658 2313 1714 sed
2348 1660 2560 1716 illorum
2580 1661 2875 1718 inﬁrmitati
2897 1679 2984 1719 me
2998 1673 3296 1737 attempero
3316 1684 3331 1734 ;
3352 1668 3588 1723 nondum

2004 1749 2148 1804 enim
2197 1762 2422 1821 possunt
2466 1755 2739 1824 suscipere
2783 1771 2956 1813 meam
2998 1758 3394 1828 gloriationem.
3424 1762 3587 1817 Didici

2004 1848 2184 1896 autem
2214 1857 2245 1897 a
2274 1842 2500 1900 Domino
2529 1859 2670 1912 meo,
2700 1860 2806 1903 non
2829 1847 3214 1905 immittendam
3237 1867 3359 1908 esse
3387 1863 3587 1924 partem

2004 1932 2167 2002 panni
2193 1933 2346 1990 rttdis
2371 1935 2424 1990 in
2450 1950 2684 2005 pannum
2707 1947 2941 1995 veterem
2964 1943 2981 2010 (
3007 1940 3192 1996 Matth.
3221 1943 3276 1999 9.
3310 1944 3404 2015 l6)
3433 1963 3448 2002 :
3472 1946 3590 2002 ideo

2004 2023 2082 2079 sic
2113 2025 2364 2097 loquutus
2389 2041 2531 2082 sum.
2572 2029 2704 2084 Nam
2737 2032 2876 2088 male
2901 2034 3042 2102 apud
3073 2034 3192 2091 illos
3219 2037 3370 2093 audit
3399 2039 3586 2111 dogma

2002 2125 2271 2182 nostrum,
2319 2126 2376 2174 et
2421 2134 2553 2174 crux
2604 2121 2710 2177 illis
2759 2123 2930 2179 invisa
2976 2135 3078 2180 est.
3109 2126 3163 2182 Si
3205 2144 3332 2199 ergo
3379 2131 3587 2188 vincula

2002 2223 2214 2280 quoque
2241 2209 2509 2281 adjiciam,
2541 2213 2714 2282 majus
2741 2213 2920 2270 odium
2951 2217 3073 2272 erit.
3104 2217 3227 2273 Ideo
3253 2219 3368 2275 haec
3398 2233 3580 2278 sustu-

2004 2299 2064 2366 ii,
2111 2309 2168 2356 ut
2199 2301 2328 2357 illud
2375 2313 2517 2358 esset
2559 2315 2859 2374 acceptum.
2888 2305 3100 2362 Etenim
3129 2313 3580 2370 contumeliosum

2003 2393 2109 2448 illis
2144 2393 2356 2450 videtur
2398 2410 2519 2451 esse
2542 2397 2771 2452 vinculis
2796 2401 3110 2472 constringi,
3143 2402 3265 2472 quia
3293 2419 3437 2471 eam,
3470 2421 3586 2476 quae

2001 2487 2140 2558 apud
2169 2503 2267 2544 nos
2313 2496 2415 2555 est,
2441 2489 2667 2561 gloriam
2693 2491 2928 2548 nondum
2959 2491 3328 2564 degustarunt.
3361 2496 3586 2566 Oportet

2003 2579 2167 2651 igitur
2197 2593 2317 2635 sese
2345 2589 2722 2652 attemperare.
2749 2581 2881 2638 Nam
2903 2599 3023 2639 cum
3044 2584 3321 2641 didicerint
3353 2586 3584 2656 philoso-

2004 2669 2176 2738 phari,
2209 2678 2335 2725 tunc
2361 2671 2533 2727 scient
2561 2673 2720 2728 etiam
2763 2673 2922 2744 hujus
2963 2674 3088 2731 ferri
3130 2676 3583 2746 pulchritudinem

2002 2769 2058 2817 et
2079 2763 2418 2833 splendorem
2448 2766 2539 2836 qui
2569 2781 2636 2821 ex
2654 2765 2882 2823 vinculis
2911 2769 3101 2824 oritur.
3129 2768 3264 2825 Cum
3287 2770 3416 2827 aliis
3440 2787 3585 2827 nam.

2000 2869 2106 2924 que
2133 2854 2429 2924 disserens,
2474 2856 2612 2913 hanc
2641 2872 2756 2913 rem
2798 2860 3023 2930 gratiam
3052 2869 3209 2916 vocat
3233 2861 3447 2929 dicens,
3480 2862 3583 2917 Da-

2002 2955 2110 3000 tum
2138 2955 2211 3000 est
2251 2947 2394 3003 nobis
2430 2965 2463 3002 a
2491 2947 2601 3004 Deo
2628 2965 2731 3004 non
2752 2950 2904 3005 modo
2929 2961 2982 3005 ut
3006 2951 3061 3005 in
3098 2953 3265 3022 ipsum
3294 2955 3580 3020 credamus,

2001 3039 2091 3094 sed
2118 3039 2269 3094 etiam
2296 3049 2351 3094 ut
2376 3055 2468 3111 pro
2491 3040 2580 3095 illo
2603 3041 2859 3112 patiamur
2885 3041 3152 3114 (Philipp.
3183 3045 3236 3099 1.
3265 3044 3335 3100 29
3365 3046 3385 3117 )
3416 3064 3431 3101 :
3463 3056 3584 3101 tunc

2001 3138 2182 3186 autem
2210 3130 2313 3185 hoc
2346 3146 2508 3186 unum
2549 3132 2840 3202 optandum
2871 3142 3006 3198 erat,
3039 3143 3097 3189 ut
3121 3150 3333 3191 crucem
3366 3139 3584 3195 audien-

2003 3229 2084 3277 tes
2124 3237 2230 3276 non
2269 3222 2472 3293 pudore
2515 3221 2877 3281 afficerentur.
2935 3225 3223 3296 Propterea
3265 3229 3406 3284 ultra
3459 3246 3581 3302 pro-

2000 3313 2261 3385 greditur.
2301 3314 2416 3370 Nou
2465 3316 2606 3371 enim
2635 3316 2681 3371 si
2725 3317 2843 3386 quis
2901 3318 2952 3372 in
2993 3321 3191 3389 regiam
3240 3320 3474 3390 aliquem
3515 3325 3583 3378 in-

2003 3405 2267 3469 troducat,
2323 3416 2606 3478 antequam
2636 3409 2904 3465 vestibula
2951 3426 3070 3482 qua:
3101 3413 3228 3467 foris
3276 3422 3405 3469 sunt
3428 3429 3582 3485 aSpe-

2004 3504 2168 3568 xerit,
2207 3503 2350 3572 cogit
2377 3503 2524 3556 illmn
2553 3512 2610 3558 ut
2634 3518 2696 3559 ca
2728 3520 2848 3574 qua:
2877 3505 3018 3559 intus
3046 3515 3170 3560 sunt
3191 3507 3444 3564 observet
3473 3508 3583 3565 :sic

2001 3593 2144 3648 enim
2167 3609 2265 3648 nec
2297 3594 2554 3648 mirabilia
2588 3595 2672 3648 illa
2700 3605 3041 3666 apparerent,
3071 3597 3170 3651 nisi
3193 3599 3310 3667 quis
3329 3599 3468 3654 intra
3495 3613 3585 3670 po-

2003 3686 2159 3752 situs,
2187 3686 2366 3742 omnia
2389 3685 2656 3742 didicerit.
2689 3684 2780 3742 Sic
2803 3687 2982 3758 itaque
3009 3695 3064 3742 et
3093 3703 3192 3743 nos
3217 3703 3337 3743 cum
3358 3690 3582 3744 ethnicis

2002 3778 2332 3836 disseramus
2361 3795 2485 3836 eum
2531 3780 2999 3851 attemperatione,
3031 3794 3152 3836 cum
3183 3783 3428 3838 caritate.
3463 3782 3581 3837 Hcce

2002 3873 2201 3942 quippe
2251 3886 2441 3941 magna
2467 3881 2551 3927 est
2573 3872 2848 3943 magistra,
2878 3887 2998 3942 quae
3025 3872 3194 3942 possit
3227 3882 3281 3927 et
3305 3875 3376 3928 ab
3404 3886 3583 3929 errore

2002 3963 2290 4032 abducere,
2339 3973 2392 4020 et
2445 3979 2626 4020 mores
2679 3978 3021 4034 componere,
3079 3973 3238 4035 atque
3286 3964 3353 4019 ad
3412 3967 3584 4035 philo-

2001 4056 2246 4127 sophiam
2275 4057 2413 4112 viam
2444 4067 2706 4122 sternere,
2736 4072 2910 4126 exque
2936 4057 3203 4127 lapidibus
3232 4057 3481 4114 homines
3505 4057 3580 4111 fa-

2001 4165 2146 4206 cere.
2179 4149 2248 4204 Et
2273 4149 2318 4204 si
2348 4150 2425 4204 vis
2457 4149 2574 4219 ejus
2601 4150 2850 4204 virtutem
2874 4149 3136 4213 ediscere,
3162 4148 3335 4204 adduc
3359 4151 3486 4204 mihi
3516 4150 3584 4204 vi-

2002 4257 2121 4299 rum
2141 4241 2383 4296 timidum
2411 4250 2465 4296 et
2485 4241 2574 4312 qui
2601 4242 2684 4296 vel
2713 4240 2992 4311 strepitum
3019 4240 3270 4296 formidet
3294 4251 3346 4296 et
3372 4241 3583 4296 umbras

2004 4336 2226 4400 timeat;
2257 4335 2433 4405 sitque
2462 4332 2772 4400 iracundus,
2803 4347 2981 4403 asper,
3012 4343 3066 4388 et
3091 4331 3198 4388 fera
3230 4334 3401 4404 magis
3428 4348 3582 4404 quam

2004 4424 2184 4491 homo,
2219 4426 2370 4481 salax
2411 4433 2466 4480 et
2507 4424 2844 4488 libidinosus,
2877 4424 3023 4480 nullo
3045 4439 3150 4479 non
3181 4424 3309 4480 vitio
3336 4425 3578 4489 allectus;

2002 4529 2058 4574 et
2086 4515 2235 4571 trade
2281 4515 2430 4570 illum
2469 4515 2520 4570 in
2551 4529 2741 4570 manus
2771 4514 3030 4582 caritatis,
3061 4525 3116 4570 et
3143 4515 3196 4570 in
3225 4515 3327 4570 hoc
3360 4531 3577 4588 gymna-

2003 4607 2140 4664 sium
2166 4606 2356 4672 induc;
2386 4616 2441 4662 et
2470 4607 2576 4661 cito
2602 4605 2806 4661 videbis
2835 4605 3079 4660 timidum
3103 4605 3251 4662 illum
3275 4621 3338 4662 ac
3366 4605 3580 4664 meticu-

2003 4702 2202 4766 losum,
2255 4699 2448 4754 fortem
2497 4697 2754 4753 effectum
2784 4707 2839 4753 et
2865 4697 3044 4768 magni
3069 4698 3255 4763 animi,
3299 4700 3578 4769 omniaque

2004 4791 2158 4847 facile
2212 4791 2520 4845 audentem.
2569 4787 2720 4856 Quod
2783 4796 2962 4844 autem
3009 4789 3252 4844 mirabile
3293 4801 3414 4856 est,
3469 4790 3576 4844 haec

2003 4901 2110 4939 non
2142 4893 2345 4940 mutata
2373 4883 2488 4952 ejus
2518 4887 2706 4936 natora
2736 4883 2888 4946 fiunt,
2917 4881 3009 4936 sed
3038 4881 3091 4936 in
3123 4884 3236 4951 ipsa
3264 4882 3448 4937 timida
3469 4882 3578 4936 ani-

2005 4994 2089 5034 tua
2121 4993 2270 5032 suam
2298 4977 2494 5031 caritas
2521 4975 2754 5030 ostendit
2780 4975 3031 5030 virtutem
3055 4992 3070 5040 ;
3101 4985 3157 5031 et
3185 4977 3403 5046 perinde
3430 4977 3485 5032 ﬁt
3504 4987 3577 5032 at-

2001 5086 2106 5141 que
2130 5071 2173 5125 si
2205 5070 2323 5140 quis
2340 5083 2523 5124 ensem
2542 5066 2870 5141 plumbeum,
2902 5082 3006 5122 non
3036 5067 3266 5123 ferreum
3297 5069 3538 5125 eﬁ'ectum
3558 5111 3571 5134 ,

2002 5163 2095 5217 sed
2115 5171 2418 5217 manentem
2444 5162 2496 5216 in
2523 5160 2725 5231 plumbi
2752 5171 2960 5228 natura,
2979 5160 3172 5214 efﬁciat
3187 5171 3243 5216 ut
3261 5161 3446 5218 eadem
3465 5178 3573 5231 qua:

2002 5258 2200 5310 ferrum
2235 5265 2506 5325 operetur.
2537 5254 2788 5307 Animum
2811 5264 2990 5309 autem
3012 5253 3211 5310 adhibe
3243 5271 3255 5308 :
3279 5253 3442 5309 Jacob
3467 5253 3572 5307 sine

2003 5348 2124 5403 fuco
2151 5355 2285 5413 erat,
2318 5346 2462 5401 domi
2493 5343 2742 5401 habitans
2770 5355 2825 5400 et
2849 5345 3092 5401 laborum
3123 5347 3571 5417 periculorumque

2001 5455 2214 5508 expers,
2245 5438 2408 5492 vitam
2440 5435 2728 5507 quamdam
2755 5450 2922 5507 agens
2949 5438 3224 5492 remissam
3251 5446 3307 5493 et
3332 5437 3564 5499 liberam,

2001 5541 2053 5585 et
2082 5531 2218 5584 sicut
2239 5528 2387 5597 virgo
2416 5529 2466 5581 in
2510 5526 2767 5593 thalamo,
2802 5527 2882 5582 sic
2907 5527 3051 5582 intus
3076 5529 3288 5594 sedens,
3318 5537 3377 5583 ut
3403 5527 3561 5598 pluri-

2001 5639 2145 5677 mum
2168 5621 2386 5676 domum
2419 5636 2636 5676 servare
2661 5619 2975 5692 cogebatur,
3004 5635 3034 5675 a
3060 5619 3158 5676 fori
3191 5622 3410 5675 tumultu
3436 5620 3565 5674 etab

1999 5715 2249 5770 omnibus
2270 5713 2574 5781 huiusmodi
2592 5713 2742 5772 liber.
2765 5728 2976 5782 semper
2994 5724 3170 5768 autem
3195 5715 3244 5767 in
3266 5713 3438 5781 quiete
3454 5712 3562 5766 etin

2002 5807 2388 5880 tranquillitate
2420 5821 2659 5864 mancus.
2707 5806 2846 5876 Quid
2880 5806 3080 5878 igitur?
3123 5804 3398 5876 Postquam
3421 5802 3557 5859 illum
