3802 6214
243 291 335 349 285

239 407 585 481 ἀπορραγήτῃ
638 408 746 462 τῶν
792 410 1076 480 πλειόνων,
1133 417 1336 486 μᾶλλον
1369 417 1427 473 δέ
1457 418 1696 473 πάντωνο
1733 419 1794 472 οὐ

237 493 332 564 γὰρ
352 490 518 576 ἐστιν,
543 491 644 576 οὐκ
673 491 820 547 ἐστιν
849 497 1026 562 οὐδεὶς
1053 500 1330 572 ἁμαρτίας
1370 504 1558 574 χωρίς.
1591 504 1654 556 Εἰ
1682 503 1792 576 γὰρ

232 577 304 630 δεῖ
329 575 446 638 τοὺς
477 575 704 658 ἐχθροὺς
753 577 848 632 τοῦ
895 580 1033 635 θεοῦ
1089 588 1289 654 μισεῖν,
1319 587 1444 658 οὐχὶ
1472 587 1690 651 ἀσεϐεῖς
1715 587 1798 641 δεῖ

235 660 396 730 μισεῖν
430 657 614 730 μόνον,
649 661 784 715 ἀλλά
806 663 902 718 καὶ
931 665 1308 738 ἁμαρτωλούς
1341 671 1435 723 καὶ
1463 671 1636 734 οὕτως
1677 670 1797 725 ἐσόο

231 743 360 812 μεθα
389 742 594 814 θηρίων
618 746 858 818 χείρους,
893 747 1104 814 πάντας
1149 752 1643 824 ἀποστρεφόμενοι,
1699 755 1794 808 καὶ

225 825 443 897 ἀπονοίᾳ
488 829 821 900 φυσώμενοι,
879 832 1132 906 καθάπερ
1180 837 1209 889 6
1240 837 1535 908 Φαρισαῖος
1566 839 1788 901 ἐκεῖνος.

239 909 368 961 Ἀλλ’
396 910 493 980 οὐχ
532 912 562 964 6
602 912 812 977 Παῦλος
865 915 1041 980 οὕτως
1085 917 1393 983 ἐκέλευσεν,
1440 920 1576 974 ἀλλά
1627 921 1790 987 πῶς;

223 990 558 1048 Νουθετεῖτε
605 995 748 1062 τοὺς
796 996 1113 1065 ἀτάκτους,
1171 1002 1616 1070 παραμυθεῖσθε
1651 1003 1793 1070 τοὺς

225 1074 642 1145 ὀλιγοψύχους,
667 1078 997 1149 ἀντέχεσθε
1029 1081 1150 1136 τῶν
1181 1083 1477 1151 ἀσθενῶν,
1499 1091 1794 1155 μακροθυ-

215 1157 543 1243 μεῖτεπρὸς
571 1162 823 1230 πάντας.
851 1165 917 1218 Τί
943 1160 1038 1220 οὖν
1065 1183 1251 1236 φησιν,
1275 1169 1406 1222 ὅταν
1438 1168 1681 1243 λέγῃ,Εῑ
1701 1186 1792 1236 τις

221 1241 328 1332 οὐχ
360 1242 650 1298 ὑπακούει
686 1245 766 1332 τῷ
787 1249 950 1317 λόγῳ
971 1249 1143 1320 ἡμῶν
1174 1250 1272 1305 διὰ
1294 1250 1404 1319 τῆς
1435 1241 1788 1320 ἐπιστολῆς,

215 1328 427 1404 τοῦτον
460 1328 847 1396 σημειοῦσθε,
885 1331 985 1386 καί
1009 1331 1096 1402 μὴ
1129 1336 1660 1404 συναναμίγνυσθε
1681 1337 1789 1388 αὺ-

214 1403 324 1489 ab;
357 1405 610 1489 Μάλιστα
636 1411 735 1480 μὲν
762 1414 892 1485 περὶ
917 1415 1162 1485 ἀδελφῶν
1199 1403 1623 1484 τοῦτοίεῖρηται,
1652 1418 1790 1489 πλὴν

209 1488 328 1541 οὐδὲ
355 1488 516 1543 τοῦτο
539 1493 747 1560 άπλῶς,
779 1496 917 1550 ἀλλά
943 1501 1037 1552 καὶ
1067 1497 1227 1552 τοῦτο
1259 1501 1397 1570 μετά
1424 1488 1785 1572 ἡμερότητος.

211 1573 299 1642 Μὴ
343 1573 453 1646 γὰρ
497 1575 562 1648 δὴ
606 1579 914 1653 περικόψῃς
958 1582 1027 1636 τά
1059 1583 1208 1654 ἑξῆς,
1255 1583 1392 1638 ἀλλά
1430 1586 1526 1637 x01
1553 1584 1620 1639 τά
1652 1583 1789 1655 μετά

209 1656 380 1711 ταῦτα
403 1662 710 1732 προστίθει.
763 1665 875 1719 K01
920 1666 1029 1739 γάρ
1079 1666 1270 1733 εἰπὼν,
1315 1668 1414 1736 Μὴ
1450 1668 1787 1737 συναναμί-

205 1745 452 1809 γνυσθε.
497 1745 768 1816 ἐπήγαγε,
825 1750 936 1804 Καὶ
989 1750 1076 1819 μὴ
1133 1750 1216 1818 ὡς
1268 1751 1487 1822 ἐχθρὸν
1520 1751 1783 1822 ἡγεῖσθε,

201 1823 363 1879 ἀλλὰ
397 1829 730 1884 νουθετεῖτε
756 1831 839 1886 ὡς
861 1831 1150 1903 ἀδελφόν.

281 1979 452 2064 Ὁρᾷς
488 1983 605 2049 πῶς
649 1985 711 2040 16
747 1986 911 2059 ἔργον
950 1993 1136 2059 μισεῖν
1165 1992 1227 2046 16
1265 1992 1492 2061 φαῦλον,
1531 1993 1654 2064 οὐχὶ
1694 1992 1787 2048 τὸν

197 2063 491 2151 ἀνθρωπον
523 2069 812 2139 ἐκέλευσε;
846 2072 958 2151 K01
985 2073 1096 2146 γάρ
1122 2075 1286 2147 ἔργον
1312 2076 1407 2130 τοῦ
1442 2063 1694 2131 διαϐόλου
1724 2077 1788 2130 16

192 2147 435 2232 διασπᾷν
461 2152 613 2223 ἡμᾶς
639 2155 737 2208 ἀπ’
764 2147 1034 2227 ἀλλήλων,
1081 2160 1175 2214 καὶ
1207 2160 1415 2232 σφόδρα
1448 2161 1786 2215 ἐσπούδακεν

193 2230 412 2288 ἀνελεῖν
441 2235 544 2306 τὴν
570 2237 813 2310 ἀγάπην,
843 2241 932 2295 ἵνα
963 2242 1175 2315 ἐκκόψῃ
1195 2244 1296 2313 τῆς
1323 2230 1666 2316 διορθώσεως
1687 2243 1787 2314 τὴν

187 2317 334 2384 ὁδὸν,
371 2322 474 2374 καὶ
504 2323 755 2396 κατάσχῃ
785 2326 996 2380 ἐκεῖνον
1036 2327 1137 2398 μὲν
1193 2329 1250 2381 ἐν
1289 2328 1489 2400 πλάνῃ,
1537 2328 1598 2382 σέ
1642 2327 1697 2381 δέ
1727 2320 1819 2379 ἐν(

187 2401 489 2474 ἀπεχθείᾳ.
524 2400 626 2458 εἶθ’
651 2406 824 2471 οὕτως
843 2409 1164 2483 ἀποτειχίσῃ
1200 2412 1303 2482 τῆς
1343 2410 1556 2465 ἐκείνου
1605 2427 1782 2481 σωτη-

185 2484 317 2555 ρίας
350 2485 459 2556 τὴν
489 2487 626 2543 ὁδόν.
663 2491 834 2544 Ὀταν
861 2491 970 2562 γὰρ
992 2492 1085 2545 καὶ
1115 2495 1143 2546 6
1171 2493 1356 2565 ίατρδς
1383 2496 1516 2565 μισῇ
1556 2493 1652 2547 16v
1678 2493 1781 2548 κά·

187 2586 402 2638 μνοντα
431 2572 532 2626 καὶ
564 2573 764 2648 φεύγῃ,
798 2577 891 2630 καὶ
917 2579 946 2631 6
981 2578 1208 2649 κάμνων
1258 2577 1349 2631 τὸν
1403 2579 1590 2650 ἰατρὸν
1641 2579 1780 2632 ἀπο-

184 2652 525 2724 στρέφηται,
552 2655 685 2710 πότε
718 2659 1085 2731 ἀναστήσεται
1133 2664 1162 2716 6
1211 2661 1403 2726 νοσῶν,
1454 2665 1585 2717 ὅταν
1641 2663 1778 2734 μήτε

178 2736 403 2800 ἐκεῖνος
448 2739 590 2810 πρὸς
636 2742 802 2796 αὐτὸν
853 2745 1014 2816 καλῇ,
1075 2747 1212 2818 μήτε
1267 2742 1426 2810 οὗτος
1456 2747 1594 2818 πρὸς
1618 2747 1781 2800 αὑτὸν

176 2819 354 2893 ἀπίῃ;
389 2821 557 2886 Τίνος
585 2823 643 2877 δέ
671 2824 880 2892 ἐνεκεν,
907 2828 1031 2884 εἰπέ
1065 2845 1176 2900 μοι,
1205 2829 1300 2883 καὶ
1328 2829 1654 2903 ἀποστρέφῃ
1686 2831 1780 2884 καὶ

173 2904 417 2975 φεύγεις
451 2907 653 2977 αύτόν;
687 2909 768 2964 ὅτι
807 2912 1012 2979 ἀσεϐής
1050 2914 1232 2979 ἐστιν;
1264 2912 1476 2968 Οὐκοῦν
1506 2913 1596 2968 διά
1623 2913 1782 2968 τοῦτο

171 2986 259 3042 δεῖ
304 2990 646 3061 προσίεσθαι
697 2993 794 3047 x01
843 2993 1194 3066 θεραπεύειν,
1229 2996 1317 3051 ῐνα
1348 2997 1663 3071 ἀναστήσῃς
1688 3015 1776 3050 νο-

169 3073 410 3130 σοῦντα.
440 3077 509 3129 El
532 3076 589 3130 δὲ
612 3077 804 3132 ἀνίατα
828 3081 995 3142 νοσεῖ,
1028 3079 1167 3134 ἀλλά
1192 3081 1256 3134 σὺ
1279 3082 1341 3135 16
1371 3081 1570 3136 σαυτοῦ
1606 3084 1780 3137 ποιεῖν

167 3157 550 3229 ἐκελεύσθης·
576 3160 699 3215 ἐπεὶ
738 3162 832 3215 καὶ
853 3163 882 3217 6
920 3163 1122 3228 Ἰούδας
1149 3164 1346 3220 ἀνίατα
1377 3165 1574 3228 ἐνόσει,
1597 3165 1694 3220 καὶ
1717 3167 1778 3219 ού

159 3241 436 3296 διέλιπεν
465 3243 498 3295 6
526 3242 660 3308 Θεὸς
689 3245 853 3298 αὐτὸν
899 3245 1240 3316 θεραπεύων.
1271 3248 1364 3319 Μὴ
1413 3248 1590 3302 τοίνυν
1643 3247 1780 3321 μηδὲ

163 3327 235 3379 σὺ
260 3325 608 3398 ἀποκάμῃς.
643 3327 762 3382 Κᾶν
789 3329 899 3400 γάρ
929 3330 1099 3385 πολλὰ
1129 3331 1438 3398 σπουδάσας
1477 3331 1552 3403 μὴ
1599 3332 1772 3386 ἀπαλ-

158 3409 347 3483 λάξῃς
368 3409 485 3480 τῆς
511 3411 763 3468 ἀσεϐείας
785 3413 969 3492 αὐτόν,
1001 3415 1152 3486 ὅμως
1182 3417 1276 3469 καὶ
1303 3415 1400 3471 τοῦ
1432 3416 1780 3482 ἀπαλλάξαν-

156 3512 255 3556 τος
282 3492 450 3567 λήψῃ
477 3494 573 3548 τὸν
600 3495 812 3566 μισθὸν,
838 3497 933 3551 καὶ
971 3498 1416 3569 παρασκευάσεις
1449 3499 1612 3555 αὑτὸν
1651 3500 1781 3554 θαυ-

157 3577 378 3647 μάζειν
402 3594 511 3630 σου
545 3577 644 3648 τὴν
678 3580 1020 3651 ἡμερότητα,
1063 3583 1155 3636 καὶ
1193 3581 1366 3646 οὕτως
1408 3583 1489 3646 εἰς
1523 3583 1614 3635 τὸν
1644 3584 1780 3636 Θεὸν

147 3662 184 3730 ὴ
223 3661 370 3724 δόξα
405 3661 607 3714 ἅπασα
648 3660 787 3730 αὕτη
820 3662 1156 3733 διαϐήσεται.
1195 3665 1314 3719 Κάν
1363 3667 1472 3736 γὰρ
1521 3666 1780 3737 θαύματα

147 3743 352 3814 ποιῇς,
414 3742 533 3797 κᾶν
581 3746 810 3817 νεκροὺς
865 3747 1104 3819 ἐγείρῃς,
1155 3748 1259 3802 κᾶν
1311 3749 1493 3803 ὁτιοῦν
1541 3751 1777 3822 ἐργάσῃ,

140 3828 442 3882 οὐδέποτέ
506 3846 565 3882 σε
616 3829 758 3884 οὕτω
808 3831 1182 3902 θαυμάσονται
1207 3834 1490 3905 Ἕλληνες,
1544 3835 1619 3898 ὡς
1647 3835 1778 3890 ὅταν

145 3911 318 3966 ῖδωσι
343 3913 546 3984 πρᾶον
562 3913 658 3967 καὶ
677 3912 824 3986 [507]
842 3915 1050 3986 ἥμερον
1066 3917 1162 3969 καὶ
1179 3916 1382 3986 γλυκὺν
1406 3918 1778 3990 παρεχόμενον

139 3997 397 4068 τρόπον.
439 3997 524 4050 Οὐ
562 3997 758 4068 μικρὸν
787 3998 844 4052 δὲ
876 3999 972 4060 καὶ
1010 3999 1169 4053 τοῦτο
1208 4000 1562 4072 κατόρθωμω
1593 4003 1778 4058 πολλοὶ

135 4081 272 4152 γάρ,
328 4081 448 4134 καὶ
504 4080 688 4134 τέλεον
739 4081 1223 4152 ἀπαλλαγήσονται
1254 4081 1350 4136 τοῦ
1380 4084 1578 4140 κακοῦ.
1612 4087 1779 4140 Οὐδὲν

135 4165 262 4237 γὰρ
313 4163 524 4228 οὕτως
555 4165 968 4220 ἐπισπάσασθαι
1013 4165 1265 4234 δύναται,
1292 4167 1369 4232 ὡς
1402 4168 1616 4239 ἀγάπη.
1660 4170 1777 4223 Ἐπ’

127 4249 406 4312 ἐκείνοις
443 4247 554 4318 μὲν
581 4247 692 4319 γάρ
741 4265 803 4301 σε
849 4249 944 4308 καὶ
989 4248 1452 4322 ζηλοτυπήσουσι,
1514 4255 1628 4316 τοῖς
1682 4271 1776 4324 ση-

131 4333 366 4403 μείοις,
405 4331 588 4400 λέγω,
622 4331 718 4388 καὶ
736 4330 1033 4403 θαύμασιν,
1057 4334 1150 4386 ἐπὶ
1166 4332 1343 4403 τούτῳ
1361 4333 1420 4386 δὲ
1450 4336 1544 4390 καὶ
1564 4335 1777 4407 θαυμά-

123 4433 348 4470 σονται
382 4414 501 4469 καὶ
528 4413 836 4486 φιλήσουσν
872 4414 1155 4484 φιλοῦντες
1179 4415 1237 4469 δέ
1267 4410 1486 4488 καὶτῆς
1517 4417 1777 4489 ἀληθείας

121 4498 550 4569 ἐπιλήψονται
571 4497 676 4569 όδῷ
704 4498 1115 4570 προϐαίνοντες.
1153 4500 1216 4553 Εἰ
1249 4499 1305 4553 δέ
1330 4500 1432 4559 οὐκ
1458 4501 1665 4564 εὐθέως
1693 4503 1778 4572 γί-

119 4601 299 4638 νεται
349 4581 594 4646 πιστὸς,
630 4583 705 4653 μὴ
733 4581 986 4653 θαύμαζε
1013 4583 1150 4653 μηδὲ
1176 4583 1399 4651 ἐπείγου
1438 4583 1573 4654 μηδὲ
1603 4583 1777 4640 ἀπαν-

115 4683 198 4726 τα
252 4664 429 4736 όμοῦ
492 4665 664 4736 ζήτει,
700 4665 817 4719 ἀλλ’
842 4665 1002 4719 ἔασον
1032 4665 1193 4718 αὑτὸν
1222 4666 1360 4730 τέως
1399 4666 1660 4731 ἐπαινεῖν,
1690 4685 1778 4737 φι-

114 4751 278 4818 λεῖν,
335 4749 460 4805 καὶ
502 4748 584 4812 είς
606 4748 764 4802 τοῦτο
795 4748 901 4820 όδῷ
929 4747 1136 4820 προῖὼν
1158 4747 1302 4820 ἥξει.
1329 4751 1440 4804 K01
1474 4751 1560 4802 ἵνα
1597 4751 1776 4824 μάθῃς

113 4836 346 4903 σαφῶς
375 4831 592 4904 ἡλίκον
619 4831 778 4886 τοῦτό
806 4833 976 4897 ἐστιν,
1017 4831 1252 4886 ἄκουσον
1283 4831 1401 4896 πῶς
1428 4835 1524 4887 καὶ
1565 4834 1776 4898 Παῦλος

113 4919 280 4990 πρὸς
311 4913 614 4986 δικαστὴν
635 4915 821 4968 εἰσιὼν
844 4914 1071 4970 ἄπιστον
1093 4914 1439 4984 ἀπελογεῖτο.
1467 4916 1776 4987 Μακάριον

104 5002 268 5072 γὰρ,
335 4997 560 5070 φησὶν,
610 4997 836 5067 ἥγημαι
888 4997 1169 5068 ἐμαυτὸν,
1214 4998 1458 5069 μέλλων
1508 4999 1610 5054 ἐπὶ
1656 5001 1773 5056 σοῦ

105 5084 518 5153 κρίνεσθαι.
550 5079 737 5134 Ταῦτα
764 5080 823 5134 δὲ
862 5080 1068 5150 ἔλεγεν,
1115 5081 1178 5136 οὐ
1227 5080 1544 5136 κολακεύων
1589 5084 1770 5150 αὐτὸν,

98 5171 360 5238 ἄπαγε,
398 5163 560 5220 ἀλλά
590 5164 679 5219 διά
700 5165 802 5235 τῆς
836 5166 1176 5237 ἡμερότητος
1223 5164 1483 5239 κερδᾶναι
1505 5166 1771 5239 βουλόμε-

99 5271 236 5317 νος.
276 5249 426 5306 Καὶ
465 5249 539 5302 ἐκ
570 5248 772 5319 μέρους
795 5248 1072 5321 ἐκέρδανε,
1105 5250 1200 5308 καὶ
1223 5249 1316 5309 τὸν
1338 5249 1601 5323 δικαστὴν
1628 5247 1772 5306 εἷλεν

95 5339 132 5392 6
165 5337 344 5400 τέως
387 5333 710 5395 κατάδικος
747 5327 884 5387 εἶναι
915 5332 1290 5406 νομιζόμενος,
1320 5335 1415 5389 καὶ
1468 5337 1568 5406 τὴν
1613 5338 1771 5408 νίκην

94 5421 297 5484 αὐτὸς
333 5421 373 5472 ὁ
410 5416 721 5487 χειρωθεὶς
750 5417 1002 5486 ὁμολογεῖ
1029 5416 1260 5489 λαμπρᾷ
1290 5420 1356 5490 τῇ
1384 5421 1534 5490 φωνῇ
1571 5423 1769 5492 παρόν-

93 5520 230 5558 των
297 5500 615 5558 ἀπάντων
663 5499 858 5568 λέγων,
899 5501 1002 5555 Ἐν
1032 5501 1214 5569 ὀλίγῳ
1245 5519 1322 5570 με
1361 5502 1583 5569 πείθεις
1639 5507 1767 5573 Χρι-

91 5585 424 5643 στιανὸν
455 5581 769 5652 γενέσθαι.

177 5741 273 5810 ςι’.
307 5738 396 5794 Τί
429 5731 841 5804 οὗνόΠαῦλοςς
886 5738 1006 5792 Ἐπὶ
1025 5739 1183 5793 πλέον
1212 5741 1373 5794 ἁπλοῖ
1388 5742 1483 5812 τὴν
1508 5744 1766 5814 σαγήνην,

89 5828 206 5887 καί
234 5821 834 5898 φησιν’Ἐύξαίμην
861 5823 937 5880 ἂν
964 5824 1142 5894 ἔγωγε
1171 5824 1256 5895 μὴ
1274 5826 1466 5894 μόνον
1491 5827 1582 5892 σὲ,
1610 5829 1771 5884 ἀλλὰ

1247 300 1319 358 IN
1353 301 1570 360 EPIST.
1615 304 1631 360 1
1669 305 1758 360 AD
1797 305 1952 363 COR.
1999 305 2234 363 HOMIL.
2271 305 2512 362 XXXIII.

3386 305 3496 361 284

1907 420 2171 487 καὶτοὺς
2195 422 2500 490 παρόντας
2529 421 2802 486 ἅπαντας
2823 435 3000 473 τουτο
3029 419 3314 488 γενέσθαι
3347 420 3492 489 ὅπερ

1904 503 2039 574 ἐγὼ,
2060 504 2208 559 ἄνευ
2229 503 2348 558 τῶν
2369 503 2611 573 δεσμῶν
2631 503 2875 557 τούτων.
2903 501 2969 554 Τί
2993 500 3195 571 λέγεις,
3219 495 3265 556 ὧ
3288 502 3492 569 Παῦλε,

1909 587 2095 641 "Areu
2117 585 2238 640 τῶν
2267 585 2540 656 δεσμῶν;
2577 586 2670 639 x01
2702 585 2831 638 ποία
2857 603 2940 639 σοι
2971 585 3160 639 λοιπὸν
3180 586 3491 657 παρρησία,

1903 668 1954 720 εί
1973 667 2146 722 ταῦτα
2175 668 2410 741 αἰσχύνῃ
2453 668 2548 722 καὶ
2591 668 2835 738 φεύγεις,
2861 669 2955 721 καὶ
2983 666 3159 721 ταῦτα
3182 668 3277 721 ἐπὶ
3315 668 3493 737 δήμου

1904 751 2195 817 τοσούτους
2227 752 2288 804 οὐ
2320 750 2600 822 πανταχοῦ
2635 752 2745 804 τῶν
2777 750 3078 804 ἐπιστολῶν
3111 749 3206 802 ἐπὶ
3236 749 3318 820 τῷ
3343 747 3491 819 πρά-

1903 848 2075 903 γματι
2097 833 2273 906 τούτῳ
2299 835 2597 905 καυχᾶσαι,
2627 837 2722 889 καὶ
2750 835 2976 904 δέσμιον
3007 832 3237 888 σεαυτὸν
3279 832 3490 896 καλεῖς,

1901 919 1996 971 καὶ
2009 918 2109 989 τὴν
2126 919 2316 974 ἅλυσιν
2333 919 2538 988 ταύτην
2558 921 2691 989 ἡμῖν
2713 920 2835 973 ἀντὶ
2853 918 3184 990 διαδήματος
3206 916 3488 986 πανταχοῦ

1901 1001 2248 1075 περιφέρεις;
2269 1002 2324 1055 τί
2338 1001 2726 1070 τοίνυνεγέγονε
2740 1001 2858 1067 νῦν,
2875 1002 2957 1055 ὅτι
2971 1000 3189 1072 ἀπεύχῃ
3205 999 3272 1054 τά
3287 999 3486 1069 δεσμά;

1901 1083 2015 1137 Οὐκ
2025 1083 2185 1147 αὐτὸς
2198 1083 2531 1155 ἀπεύχομαι,
2544 1075 2858 1155 φησὶν,οὐδέ
2874 1081 3338 1155 αίσχύνομαι,ἀλλ’
3353 1081 3490 1135 ἐκεί-

1900 1183 2006 1221 νων
2036 1171 2103 1240 τῇ
2128 1168 2380 1240 ἀσθενείᾳ
2401 1166 2825 1238 συγκαταϐαίνω
2843 1185 2859 1200 ·
2889 1166 3043 1222 οὔπω
3075 1166 3186 1238 γὰρ
3217 1166 3487 1237 χωροῦσιν

1897 1249 2153 1316 δέξασθαι
2181 1252 2242 1304 16
2262 1251 2524 1323 καύχημα
2545 1251 2608 1305 16
2635 1251 2790 1322 ἐμόν.
2843 1249 3088 1320 Ἐμαθον
3119 1249 3180 1302 δέ
3209 1247 3359 1319 παρά
3391 1245 3486 1300 τοῦ

1898 1335 2171 1388 Δεσπότου
2199 1351 2302 1405 μου
2325 1335 2400 1405 μὴ
2434 1333 2748 1388 ἐπιϐάλλειν
2772 1332 3052 1405 ἐπίϐλημα
3090 1333 3293 1403 ῥάκους
3319 1331 3486 1399 ἀγνά-

1899 1432 2000 1484 φου
2034 1416 2127 1468 ἐπὶ
2163 1416 2360 1488 ίματίῳ
2398 1417 2614 1488 παλαιῷ
2633 1433 2647 1448 ο
2675 1415 2766 1470 διά
2792 1415 2951 1470 τοῦτο
2970 1414 3145 1477 οὕτως
3175 1408 3349 1466 εἵπον.
3374 1411 3484 1466 K01

1896 1499 2004 1569 γὰρ
2043 1499 2424 1571 διαϐέϐληνται
2457 1501 2596 1563 τέως
2635 1499 2771 1572 πρὸς
2800 1499 2862 1553 16
2889 1499 3064 1570 δόγμα
3100 1498 3163 1551 16
3189 1497 3478 1568 ἡμέτερον,

1898 1581 1991 1635 x01
2028 1582 2164 1654 πρὸς
2207 1583 2296 1636 16v
2321 1584 2553 1656 σταυρὸν
2593 1582 2850 1654 ἀπεχθῶς
2895 1583 3129 1652 ἔχουσιν.
3177 1581 3274 1635 Ἂν
3300 1579 3479 1634 τοίνυν

1897 1664 1993 1717 καὶ
2017 1665 2085 1720 τά
2124 1665 2299 1736 δεσμὰ
2331 1667 2575 1738 προσθῶ,
2619 1666 2807 1737 μεῖζον
2831 1665 2892 1718 τὸ
2926 1667 3080 1736 μῖσος
3105 1664 3333 1734 γίνεται.
3377 1663 3476 1716 Διὰ

1896 1747 2053 1801 τοῦτο
2079 1749 2284 1804 ἀνεῖλον
2305 1749 2500 1814 ταῦτα,
2529 1750 2618 1804 ῖνα
2655 1751 2834 1803 ἐκεῖνο
2862 1748 3272 1820 εύπαράδεκτον
3302 1745 3467 1818 γένη-

1894 1848 2006 1886 ται.
2047 1832 2158 1885 K01
2184 1831 2293 1903 γὰρ
2319 1832 2679 1886 ἐπονείδιστον
2703 1833 2890 1896 αὐτοῖς
2913 1827 3052 1885 εῖναι
3072 1830 3220 1884 δοκεῖ
3241 1829 3301 1882 16
3333 1828 3479 1882 δεδέρ-

1897 1914 2045 1978 σθαι,
2082 1914 2206 1968 ἐπεὶ
2250 1913 2476 1985 μηδέπω
2513 1915 2612 1984 τῆς
2649 1916 2779 1985 παρ’
2810 1916 2945 1986 ἡμῖν
2985 1913 3278 1982 ἐγεύσαντο
3297 1910 3476 1980 δόξης.

1895 1999 1988 2051 Δεῖ
2015 1997 2195 2052 τοίνυν
2225 1996 2700 2067 συγκαταϐαίνειν.
2739 1998 2911 2051 Ὅταν
2941 1995 3050 2068 γὰρ
3081 1994 3294 2067 μάθωσι
3331 1994 3480 2064 φιλο-

1897 2085 2100 2152 σοφεῖν,
2132 2083 2254 2136 τότε
2282 2083 2518 2136 εἴσονται
2552 2081 2644 2134 καὶ
2669 2079 2765 2135 τοῦ
2798 2081 3020 2152 σιδήρου
3039 2079 3233 2133 τούτου
3258 2078 3321 2131 16
3347 2077 3480 2131 κάλ-

1893 2161 2004 2224 λος,
2035 2161 2131 2214 καὶ
2161 2160 2258 2231 τὴν
2287 2161 2396 2214 ἀπὸ
2421 2161 2531 2215 τῶν
2570 2159 2787 2230 δεσμῶν
2835 2158 3213 2230 περιφάνειαν.
3263 2156 3479 2220 Ἀλλοις

1859 2240 1862 2243 ’
1891 2243 2022 2310 γοῦν
2052 2243 2458 2314 διαλεγόμενος,
2489 2244 2581 2296 καὶ
2619 2245 2782 2313 χάριν
2823 2241 2884 2294 16
2930 2242 3161 2312 πρᾶγμα
3205 2239 3358 2292 καλεῖ
3388 2238 3480 2291 λέ-

1891 2341 2036 2393 γων,
2067 2327 2149 2380 ὅτι
2198 2326 2407 2394 Ἐδόθη
2452 2325 2597 2395 ἡμῖν
2627 2325 2747 2379 ἀπὸ
2781 2321 2932 2379 Θεοῦ
2963 2326 3046 2379 οὑν
3065 2324 3258 2393 μόνον
3292 2321 3358 2376 τὸ
3391 2323 3479 2388 είς

1889 2410 2077 2463 αὐτὸν
2119 2411 2450 2472 πιστεύειν,
2491 2409 2655 2464 ἀλλὰ
2692 2408 2788 2464 καί
2830 2409 2897 2461 τὸ
2946 2406 3100 2477 ὑπὲρ
3137 2407 3326 2461 αὑτοῦ
3362 2406 3476 2459 πά-

1891 2509 2067 2562 σχειν
2090 2510 2104 2524 ·
2137 2493 2199 2546 16
2230 2494 2287 2546 δὲ
2308 2493 2446 2556 τέως
2475 2492 2757 2562 ἀγαπητὸν
2783 2488 2851 2563 ἦν
2876 2492 2938 2544 16
2971 2490 3324 2562 τὸν-σταυρὸν
3347 2491 3475 2552 τοὺς

1890 2577 2192 2640 ἀκούοντας
2255 2576 2330 2647 μὴ
2369 2575 2818 2648 ἐπαισχυνθῆναι.
2862 2577 2961 2629 Διά
3000 2576 3161 2628 τοῦτο
3197 2574 3300 2645 όδῴ
3336 2574 3473 2645 πρό-

1890 2677 2046 2714 εισιν.
2087 2660 2224 2715 Οὐδὲ
2249 2661 2358 2731 γάρ
2389 2661 2469 2723 εἰς
2512 2659 2760 2730 βασίλειά
2793 2677 2875 2723 τις
2904 2662 3140 2726 εἰσάγων
3168 2659 3311 2722 τινὰ,
3343 2660 3474 2729 πρὶν

1889 2747 1922 2818 ἦ
1951 2746 2020 2799 τά
2055 2744 2369 2816 προπύλαια
2406 2743 2706 2798 θεάσασθαι
2748 2744 2855 2810 ἔξω
2887 2742 3119 2805 ἑστῶτα,
3165 2741 3470 2810 ἀναγκάζει

1891 2827 2246 2884 κατοπτεύειν
2272 2827 2342 2881 τὰ
2364 2827 2513 2881 ἔνδον
2537 2844 2550 2857 °
2583 2826 2724 2880 οὕτω
2753 2827 2862 2899 γάρ
2889 2827 3011 2880 οὐδὲ
3051 2826 3341 2898 θαυμαστά
3365 2844 3468 2894 φα-

1889 2915 2081 2976 νεῖται,
2115 2911 2184 2965 ἂν
2216 2913 2288 2982 μή
2311 2928 2397 2974 τις
2424 2909 2574 2964 ἔνδον
2607 2910 2920 2980 γενόμενος,
2961 2909 3179 2964 ἅπαντα
3215 2911 3470 2980 καταμά-

1889 2995 1990 3049 θοι.
2052 2992 2210 3048 Οὕτω
2257 2993 2438 3048 τοίνυν
2491 2994 2586 3046 καὶ
2633 2993 2794 3064 ἡμεῖς
2839 2995 2952 3056 τοῖς
3002 2993 3271 3064 Ἐλλήνων
3317 2994 3473 3044 παισὶ

1889 3077 2285 3150 προσϐάλωμεν
2311 3117 2327 3144 ,
2389 3076 2529 3148 μετὰ
2589 3074 2741 3149 [508]
2795 3076 3279 3144 συγκαταϐἀσεως,
3333 3074 3475 3145 μετά

1888 3162 2128 3232 ἀγάπης.
2177 3160 2405 3232 Μεγάλη
2451 3159 2561 3231 γάρ
2599 3158 2739 3230 αὕτη
2780 3159 3120 3224 διδάσκαλος,
3165 3159 3260 3213 καὶ
3312 3159 3473 3230 ἱκανὴ

1888 3245 1984 3299 καὶ
2011 3243 2219 3315 πλάνης
2258 3243 2588 3312 ἀπαγαγεῖν,
2638 3243 2733 3297 καὶ
2769 3241 2971 3313 τρόπον
3007 3240 3470 3314 μεταρρυθμίσαι,

1889 3329 1984 3387 καὶ
2023 3327 2161 3399 πρὸς
2196 3325 2514 3398 φιλοσοφίαν
2552 3326 3003 3397 χειραγωγῆσαι,
3040 3327 3134 3379 καὶ
3162 3325 3270 3378 ἀπὸ
3307 3324 3471 3377 λίθων

1889 3411 2204 3482 ἀνθρώπους
2239 3410 2598 3481 ἐργάσασθαι.
2638 3410 2745 3462 K01
2787 3410 2837 3461 εί
2867 3407 3046 3479 βούλει
3076 3407 3268 3478 μαθεῖν
3300 3406 3472 3476 αὐτῆς

1887 3495 1986 3568 τὴν
2014 3494 2261 3564 δύναμιν,
2301 3494 2399 3563 ἀγε
2437 3511 2528 3564 μοι
2548 3493 2724 3563 ,ἀνδρα
2757 3492 2931 3546 δειλὸν
2956 3492 3052 3546 καὶ
3084 3489 3324 3560 ψοφοδεῆ
3375 3493 3470 3544 ναὶ

1885 3579 1984 3641 τὰς
2009 3578 2167 3641 σκιὰς
2189 3579 2479 3648 τρέμοντα.
2526 3577 2620 3630 καὶ
2649 3575 2866 3647 ὀργίλον
2893 3575 2986 3629 καὶ
3008 3575 3216 3646 τραχὺν
3246 3573 3340 3626 καὶ
3369 3573 3468 3643 θη-

1891 3662 2006 3734 ρίον
2027 3661 2274 3732 μᾶλλονῆ
2303 3659 2610 3731 ἄνθρωπον,
2638 3661 2732 3713 καὶ
2754 3659 2952 3728 λάγνον
2973 3658 3067 3712 καὶ
3101 3656 3339 3727 ἀσελγῆ,
3374 3657 3469 3710 καὶ

1890 3748 2069 3800 πᾶσαν
2101 3744 2294 3814 ἔχοντα
2326 3741 2546 3808 κακίαν,
2590 3743 2685 3795 καὶ
2719 3741 2962 3814 παράδος
3003 3741 3166 3794 αὑτὸν
3208 3742 3329 3803 ταῖς
3367 3741 3468 3810 τῆς

1886 3828 2108 3900 ἀγάπης
2137 3826 2315 3899 χερσὶ,
2344 3828 2436 3880 x01
2461 3826 2543 3890 είς
2577 3826 2638 3877 16
2671 3825 2971 3896 γυμνάσιον
2994 3825 3256 3893 εἰσάγαγε
3286 3823 3464 3888 τοῦτο,

1888 3912 1984 3968 καὶ
2012 3911 2134 3982 ϐψει
2153 3911 2365 3982 ταχέως
2393 3909 2483 3964 τὸν
2515 3908 2694 3981 ,δειλὸν
2727 3911 2933 3964 ἐκεῖνον
2966 3910 3060 3963 καὶ
3090 3909 3341 3979 ἄτολμον,
3373 3909 3467 3961 ἀν-

1885 3998 2062 4068 δρεῖον
2110 3996 2204 4050 καὶ
2252 3994 2631 4065 μεγαλόψυχον
2673 3994 2958 4065 γινόμενον
2997 3994 3094 4047 1:01
3129 3993 3307 4047 πάντα
3347 3991 3466 4045 τολ-

1890 4080 2076 4152 μῶντα
2108 4077 2326 4150 ῥᾳδίως.
2365 4079 2556 4131 K0116
2585 4076 2650 4148 δὴ
2673 4077 3006 4148 θαυμαστὸν,
3041 4076 3208 4129 ὅτιού
3241 4076 3339 4143 τῆς
3362 4075 3464 4144 φύ-

1887 4181 2026 4228 σεως
2064 4163 2213 4235 αὐτῷ
2270 4163 2702 4234 μεταϐληθείσης
2752 4161 2928 4217 ταῦτα
2975 4161 3203 4231 γίνεται,
3254 4161 3371 4215 ἀλλ’
3407 4163 3467 4212 ἐν

1884 4250 2021 4319 αὐτῇ
2044 4250 2110 4320 τῇ
2140 4248 2286 4320 δειλῇ
2322 4248 2466 4320 ψυχῇ
2500 4247 2602 4320 τὴν
2644 4247 2848 4317 ἑαυτῆς
2887 4246 3215 4300 ἐνδείκνυσιν
3241 4245 3466 4315 δύναμιν

1886 4333 1919 4403 ὴ
1943 4331 2133 4401 ἀγάπη
2156 4348 2170 4362 ·
2212 4333 2307 4384 καὶ
2336 4331 2529 4384 ταυτὸν
2557 4331 2788 4399 γίνεται,
2815 4325 2927 4384 οἷον
2961 4330 3028 4384 ἂν
3061 4330 3114 4383 εἴ
3145 4347 3227 4392 τις
3264 4329 3463 4399 μάχαι-

1887 4433 1986 4487 ραν
2023 4414 2352 4486 μολιϐδίνην,
2387 4415 2449 4468 ού
2482 4414 2708 4483 σιδηρᾶν
2749 4413 3002 4484 ποιήσας,
3029 4411 3164 4466 ἀλλά
3199 4413 3464 4484 μένουσαν

1885 4501 1978 4554 ἐπὶ
2001 4500 2100 4571 τῆς
2124 4499 2220 4552 τοῦ
2255 4497 2505 4571 μολίϐδου
2530 4498 2764 4566 φύσεως,
2791 4497 2861 4551 τὰ
2893 4495 3112 4568 σιδήρου
3135 4495 3465 4568 ἐργάζεσθαι

1885 4583 2299 4655 παρασκευάσῃ.
2322 4582 2520 4636 Σκόπει
2544 4582 2600 4636 δέ
2620 4598 2635 4614 ο
2670 4582 2728 4634 ’0
2765 4579 2959 4635 Ἰακὼϐ
2983 4579 3258 4646 ἄπλαστος
3277 4577 3364 4651 ῆν,
3382 4583 3464 4633 οἱ-

1885 4667 1997 4722 κῶν
2040 4666 2236 4731 οἰκίαν,
2280 4667 2375 4718 καὶ
2426 4665 2600 4718 πόνων
2658 4663 2990 4735 ἀμελέτητος
3035 4665 3132 4718 καὶ
3185 4664 3460 4728 κινδύνων,

1883 4749 2164 4818 ἀνειμένον
2189 4748 2310 4802 τινὰ
2335 4747 2445 4817 βίον
2486 4747 2593 4813 ζῶν
2627 4751 2717 4802 καὶ
2750 4747 3052 4822 ἐλεύθερον,
3087 4747 3179 4802 καὶ
3215 4747 3464 4817 καθάπερ

1886 4836 2156 4906 παρθένος
2183 4837 2240 4886 ἐν
2266 4833 2516 4906 θαλάμῳ,
2552 4832 2695 4886 οὕτω
2727 4833 2820 4892 καὶ
2839 4825 2994 4896 οὗτος
3025 4831 3172 4885 ἐνδον
3217 4832 3466 4903 καθήμε-

1885 4935 1973 4983 νος
2009 4917 2078 4972 τὰ
2116 4917 2338 4971 πλείονα
2392 4917 2663 4988 οἰκουρεῖν
2702 4914 3068 4986 ἠναγκάζετο,
3113 4915 3317 4986 ἀγορᾶς
3366 4915 3465 4985 μὲν

1885 5000 2113 5056 καὶτῶν
2158 5001 2223 5056 ἐκ
2273 5000 2373 5072 τῆς
2413 5000 2619 5071 ἀγορᾶς
2671 4998 2916 5068 θορύϐων
2953 4997 3049 5052 καὶ
3095 4998 3313 5052 πάντων
3357 4997 3466 5050 τῶν

1887 5083 2144 5138 τοιούτων
2186 5083 2629 5156 ἀπηλλαγμένος,
2670 5082 2964 5146 διαπαντὸς
2999 5081 3056 5135 δὲ
3089 5083 3147 5134 ἐν
3175 5082 3329 5152 ἀδείᾳ
3373 5083 3466 5135 καὶ

1883 5168 2084 5240 ἠσυχίᾳ
2115 5167 2313 5239 μένων.
2350 5166 2415 5220 Τί
2444 5162 2573 5232 οὗν;
2613 5166 2837 5237 Ἐπειδὴ
2877 5165 3039 5220 αὑτὸν
3070 5168 3099 5221 6
3138 5166 3343 5238 πυρσὸς
3369 5168 3464 5234 τῆς

1881 5248 2105 5317 ἀγάπης
2155 5245 2348 5318 ἀνῆψε,
2397 5245 2489 5300 160
2534 5244 2808 5299 ἄπλαστον
2840 5245 3031 5299 τοῦτον
3071 5245 3164 5299 καὶ
3209 5245 3465 5299 οἰκοῦντα

1882 5329 2060 5385 οἰκίαν
2092 5331 2192 5399 ὅρα
2227 5330 2344 5394 πῶς
2384 5329 2608 5400 ἐποίησε
2652 5330 2978 5400 καρτερικὸν
3020 5330 3114 5382 καὶ
3155 5330 3461 5399 φιλόπονον.

1883 5411 1990 5463 K01
2017 5408 2187 5462 ταῦτα
2219 5407 2293 5479 μὴ
2320 5409 2450 5480 παρ’
2477 5407 2632 5479 ἐμοῦ,
2670 5408 2806 5462 ἀλλά
2834 5410 2963 5479 παρ’
2987 5407 3152 5462 αὑτοῦ
3179 5409 3342 5463 ἄκουε
3371 5407 3461 5459 τοῦ

1883 5492 2243 5564 πατριάρχου.
2281 5491 2559 5559 Ἐγκαλῶν
2581 5491 2688 5562 γὰρ
2712 5490 2788 5563 τῷ
2807 5491 3063 5564 κηδεστῇ,
3079 5492 3250 5562 φησι,
3274 5487 3462 5544 Ταῦτά

1876 5594 1976 5646 μοι
2020 5577 2256 5631 εἴκοσιν
2292 5577 2394 5645 ἔτη
2572 5577 2687 5644 είμι
2716 5576 2867 5644 μετά
2904 5577 3040 5631 σοῦ.
3080 5565 3190 5638 ιςάι
3224 5575 3352 5638 πῶς,
3391 5575 3459 5631 τά

1881 5661 2081 5714 εἴκοσιν
2123 5660 2216 5729 ἐτη
2257 5661 2475 5730 ἐγένου;
2523 5662 2615 5714 καὶ
2662 5661 2770 5732 γὰρ
2805 5662 2898 5714 καὶ
2950 5661 3106 5714 τοῦτο
3155 5658 3456 5732 προστίθει,

1881 5745 2318 5815 Συγκαιόμενος
2359 5745 2439 5811 τῷ
2485 5745 2736 5822 καύματι
2772 5743 2878 5812 τῆς
2929 5745 3185 5822 ἡμέρας,
3234 5745 3328 5799 καί
3379 5761 3458 5808 τῳ

1882 5827 2116 5896 πατετῶ
2144 5828 2252 5894 τῆς
2282 5831 2521 5896 νυκτὸς,
2557 5817 2658 5883 καί
2698 5817 2995 5896 ἀφίστατο
3041 5833 3073 5884 ό
3102 5829 3293 5896 ὕπνος
3336 5826 3457 5883 ἀπὸ
