3802 6214
335 286 441 345 285

336 404 457 457 τῶν
488 400 813 472 ὀφθαλμῶν
848 418 991 470 μου.
1023 401 1208 454 Ταῦτα
1245 402 1273 453 6
1300 401 1575 466 ἄπλαστος
1614 404 1708 456 καὶ
1743 402 1908 458 οἰκῶν

335 486 513 542 οἰκίαν
541 484 638 540 καὶ
666 484 757 537 16v
776 484 1057 553 ἀνειμένον
1086 484 1199 553 βίον
1228 484 1355 550 ζῶν.
1392 486 1511 538 Ὅτι
1545 485 1602 539 δὲ
1632 486 1914 550 καὶδειλδς

335 568 429 640 ἦν,
464 569 625 639 δῆλον
652 568 711 632 ἐξ
735 562 810 622 ὧν
832 568 923 621 τὸν
966 568 1136 621 Ἠσαῦ
1176 568 1489 638 προσδοκῶν
1518 569 1765 639 ὄψεσθαι,
1797 572 1914 623 ἐτε-

338 654 532 724 θνήκει
564 651 643 720 τῷ
670 650 804 705 δέει.
848 650 987 703 Ἀλλ’
1020 652 1124 721 ὅρα
1159 653 1277 714 πῶς
1310 652 1472 705 πάλιν
1506 647 1658 716 οὗτος
1687 654 1716 705 6
1744 652 1915 715 δειλὸς

337 736 551 799 λέοντος
577 734 907 804 θρασύτερος
928 733 1033 787 61:6
1054 733 1153 803 τῆς
1177 733 1398 804 ἀγάπης
1413 734 1623 802 γέγονε.
1652 734 1917 806 Καθάπερ

339 822 449 889 γάρ
496 836 619 877 τινα
668 818 927 889 πρόϐολον
975 818 1167 871 ἐαυτὸν
1218 818 1324 889 πρὸ
1374 818 1481 871 τῶν
1526 818 1701 874 ἀλλων
1749 819 1917 887 τάξας

340 903 617 965 ἁπάντων,
656 902 869 972 ἕτοιμος
909 896 978 971 ἦν
1017 900 1108 954 τὸν
1148 900 1339 969 ἄγριον
1384 903 1590 955 ἐκεῖνον
1624 903 1719 957 καὶ
1757 904 1916 972 φόνου

343 986 598 1050 πνέοντα,
625 984 806 1049 καθὼς
842 983 1000 1055 ᾤετο,
1038 983 1298 1051 δέξασθαι
1348 984 1582 1056 πρῶτος,
1614 986 1709 1041 καὶ
1752 987 1815 1039 ἐν
1842 984 1919 1056 τῷ

342 1068 529 1139 οἰκείῳ
570 1066 784 1138 σώματι
832 1070 953 1131 ταῖς
1006 1068 1225 1137 γυναιξὶ
1272 1067 1370 1139 τὴν
1413 1069 1712 1138 ἀσφάλειαν
1750 1086 1920 1128 κατα·

344 1152 610 1206 σκευάσαι
628 1167 641 1180 ·
672 1152 771 1206 καὶ
797 1151 861 1207 δν
880 1150 1137 1207 ἐδεδοίκει
1166 1152 1261 1206 καὶ
1285 1151 1526 1222 έφριττε,
1551 1152 1768 1223 πρῶτος
1793 1154 1919 1209 ιδεῖν

343 1235 437 1288 ἐπὶ
466 1235 569 1304 τῆς
606 1233 965 1307 παρατάξεως
992 1233 1276 1305 ἐπεθύμει.
1314 1233 1421 1287 Τοῦ
1452 1236 1562 1305 γὰρ
1597 1234 1766 1304 φόϐου
1798 1235 1921 1290 τού-

343 1334 439 1373 του
459 1316 831 1388 δυνατώτερος,
851 1313 920 1389 ἦν
944 1319 972 1372 ό
994 1317 1100 1371 τῶν
1120 1316 1395 1386 γυναικῶν
1419 1317 1602 1379 πόθος.
1634 1314 1785 1381 Εἶδες
1806 1318 1921 1382 πῶς

344 1400 517 1463 δειλὸς
564 1398 661 1466 ῶν,
703 1400 979 1471 τολμητὴς
1026 1399 1248 1468 γέγονεν
1290 1398 1505 1469 ἀθρόον,
1556 1400 1616 1452 06
1665 1400 1766 1469 τὴν
1809 1400 1923 1464 ἕξιν

349 1480 689 1553 μεταϐαλὼν,
721 1482 836 1536 ἀλλ’
872 1482 978 1535 ὑπὸ
1016 1482 1117 1552 τῆς
1146 1481 1368 1551 ἀγάπης
1403 1480 1762 1553 κρατυνθείς;
1801 1484 1922 1535 Ὀτι

345 1566 457 1636 γάρ
477 1566 571 1619 καὶ
606 1566 745 1636 μετά
774 1566 949 1621 ταῦτα
982 1565 1151 1629 δειλὸς
1180 1561 1270 1638 ἦν,
1315 1564 1473 1636 δῆλον
1510 1564 1570 1629 ἐξ
1609 1559 1689 1619 ὧν
1722 1566 1923 1627 τόπους

347 1649 414 1700 ἐκ
439 1647 622 1701 τόπων
652 1647 891 1718 ἀμείϐει.
953 1648 1115 1703 ’Δλλά
1156 1648 1345 1719 μηδεὶς
1378 1646 1646 1717 νομιζέτω
1687 1664 1924 1720 κατηγο-

351 1732 473 1802 ρίαν
504 1727 645 1784 εἶναι
667 1729 760 1791 τοῦ
785 1729 992 1788 δικαίου
1016 1730 1092 1784 τὰ
1114 1730 1401 1801 εἰρημένα.
1431 1730 1506 1783 Ού
1531 1730 1638 1801 γάρ
1664 1730 1725 1782 τὸ
1755 1730 1925 1784 δειλὸν

348 1810 510 1877 εἶναι,
540 1814 833 1885 ἔγκλημα·
877 1814 1034 1875 τοῦτο
1081 1815 1193 1886 γάρ
1227 1812 1474 1883 φύσεως·
1532 1815 1668 1868 άλλά
1710 1814 1771 1867 16
1832 1814 1925 1869 διά

347 1898 547 1952 δειλίαν
598 1916 650 1951 τι
688 1901 857 1951 ποιεῖν
904 1899 1011 1952 τῶν
1061 1899 1137 1969 μὴ
1174 1898 1579 1969 προσηκόντων.
1622 1896 1779 1951 Ἔστι
1818 1897 1927 1969 γάρ

348 1982 444 2035 καὶ
468 1981 640 2036 δειλὸν
668 1981 799 2036 ὅντα
828 1984 893 2053 τῇ
923 1982 1105 2051 φύσει,
1144 1982 1387 2052 ἀνδρεῖον
1416 1980 1668 2050 γενέσθαι
1698 1980 1805 2034 ὑπὸ
1828 1981 1927 2052 τῆς

348 2065 655 2129 εὐλαϐείας.
723 2066 789 2119 Τί
825 2067 883 2120 δὲ
934 2068 963 2120 6
999 2066 1280 2135 Μωυσῆςς
1330 2065 1450 2136 οὐχὶ
1492 2065 1588 2118 ἕνα
1631 2064 1928 2133 Αἰγύπτιον

349 2149 611 2220 φοϐηθεὶς
642 2148 829 2217 ἔφυγε,
878 2149 971 2203 καὶ
1010 2148 1149 2219 πρὸς
1188 2148 1286 2216 τὴν
1321 2148 1619 2220 ὑπερορίαν
1655 2147 1925 2217 μετέστη;

362 2231 506 2287 Ἀλλ’
533 2232 683 2301 ὅμως
707 2230 935 2299 όφυγάς
963 2224 1139 2294 οὗτος,
1180 2231 1276 2285 καὶ
1320 2230 1437 2294 ἐνὸς
1477 2228 1670 2301 ἀνδρὸς
1699 2229 1929 2300 ἀπειλὴν

351 2314 451 2369 οὐκ
486 2314 743 2382 ἐνεγκὼν,
770 2313 958 2372 ἐπειδὴ
985 2315 1247 2382 ἐγεύσατο
1281 2312 1377 2367 τοῦ
1420 2313 1633 2384 μέλιτος
1661 2311 1811 2386 [509]
1831 2313 1931 2383 τῆς

350 2396 597 2468 ἀγάπης,
635 2396 816 2462 καλῶς
861 2397 958 2451 καὶ
992 2398 1217 2469 μηδενὸς
1256 2398 1763 2466 καταναγκάζοντπ
1802 2413 1929 2450 συν·

353 2483 649 2539 meum
681 2486 794 2547 τοῖς
838 2485 1226 2555 ἀγαπωμένοις
1255 2485 1536 2555 ἠπείγετο.
1584 2486 1658 2541 Εἰ
1677 2484 1798 2554 μὲν
1818 2483 1931 2554 γὰρ

354 2565 519 2636 ἀφῇς
565 2567 770 2633 αὐτοῖς
813 2567 929 2635 τὴν
964 2568 1279 2640 ἁμαρτίαν,
1328 2569 1516 2637 φησιν,
1548 2566 1729 2638 ἄφες·
1774 2569 1828 2629 εί
1863 2566 1933 2621 δὲ

355 2651 460 2719 μὴ,
489 2651 641 2719 κάμὲ
662 2650 994 2721 ἐξαλείψω·
1017 2654 1087 2707 ἐκ
1120 2651 1232 2719 τῆς
1254 2652 1479 2717 ,βίϐλου
1514 2665 1632 2707 σου
1656 2647 1733 2721 ἧς
1757 2654 1931 2721 ἐγρα-

356 2738 501 2803 ψας.
534 2735 653 2788 Ὅτι
682 2734 740 2789 δέ
772 2733 869 2788 καὶ
894 2732 989 2788 τὸν
1017 2734 1221 2807 θρασὺν
1248 2734 1489 2805 ἐπιεικῆ,
1526 2736 1623 2789 καί⁵
1652 2735 1745 2788 τὸν
1772 2736 1931 2790 ἀσελ-

357 2942 752 2969 m—

754 2945 839 2961 ’Ὗ

1024 285 1083 338 S.
1123 282 1411 340 JOANNIS
1448 282 1941 340 CHRYSOSTOMI
1980 283 2303 342 ARCHIEP.
2340 286 2896 349 CONS’I'ANTINOP.

3483 292 3593 347 288

2013 408 2083 477 γῆ
2119 404 2371 476 σώφρονα
2415 407 2563 461 ποιεῖ
2619 405 2680 458 16
2723 405 2917 474 φιλεῖν,
2963 404 3082 458 0666
3127 404 3595 476 παραδειγμάτων

2014 492 2144 561 ημῖν
2175 490 2409 545 ἐνταῦθα
2436 488 2596 560 χρεία
2622 489 2839 544 λοιπόν·
2886 489 3021 542 πᾶσι
3050 488 3161 558 γὰρ
3197 487 3360 541 τοῦτο
3397 488 3591 558 δῆλον.

2016 573 2118 627 κᾶν
2147 572 2335 643 θηρίου
2368 572 2568 636 παντός
2586 589 2671 635 τις
2697 571 3031 643 ἀγριώτερος
3059 569 3117 647 ᾗ,
3151 572 3435 644 προϐάτου
3463 590 3599 627 πανι

2016 656 2105 719 τὸς
2136 655 2487 728 ἡμερώτερος
2516 655 2625 710 ἀπὸ
2651 652 2746 709 τοῦ
2790 655 2966 725 φιλεῖν
2993 656 3225 723 γίνεται.
3262 656 3332 707 Τί
3357 656 3471 725 γὰρ
3502 653 3599 707 τοῦ

2018 739 2192 797 Σαοὺλ
2219 738 2558 811 ἀγριώτερον
2588 732 2658 809 ἦν
2692 738 2786 793 καί⁸
2818 737 3223 809 μανικώτερονς
3266 739 3414 793 Ἀλλ’
3439 739 3602 809 ἡνίκα

2016 822 2109 876 τὸν
2146 821 2337 893 ἐχθρὸν
2364 821 2636 875 ἀπέλυσεν
2657 821 2692 891 ἠ
2712 820 2982 893 θυγάτηρ.
3004 822 3127 876 οὑδέ
3152 822 3307 893 ῥῆμα
3336 822 3479 891 πρὸς
3504 822 3604 875 αύ-

2017 906 2119 976 τὴν
2142 903 2361 969 ἐξέϐαλε
2387 903 2583 974 πικρόν
2607 920 2622 936 ·
2658 906 2753 958 καὶ
2777 903 2808 956 6
2834 905 2965 968 τοὺς
3004 905 3186 976 ιερέας
3216 904 3389 976 ἄρδην
3428 904 3606 957 ᾶπαν-

2018 1005 2113 1052 τας
2136 986 2489 1054 κατασφάξας
2514 985 2603 1043 διά
2625 986 2717 1040 τὸν
2754 986 2918 1042 Δαυῖδ
2937 1027 2954 1053 ,
2993 988 3095 1059 τὴν
3143 987 3425 1058 θυγατέρα
3458 988 3606 1059 δρῶν

2020 1070 2085 1124 ἐκ
2118 1069 2218 1140 τῆς
2254 1067 2429 1131 οἰκίας
2459 1068 2620 1123 αὑτὸν
2652 1070 2904 1138 ἀφεῖσαν,
2932 1069 3057 1125 οὐδὲ
3084 1069 3249 1141 μέχρι
3274 1070 3441 1138 λόγου
3467 1069 3607 1140 πρὶς

2020 1152 2189 1220 αὐτὴν
2238 1152 2608 1221 ἠγανάκτησε,
2673 1152 2768 1205 καὶ
2827 1150 3002 1207 ταῦτα
3045 1152 3263 1223 ἀπάτης
3326 1151 3609 1221 τοσαύτης

2022 1235 2107 1288 ἐπ’
2135 1232 2297 1288 αὑτὸν
2336 1232 2685 1304 συντεθείσης
2704 1250 2720 1267 ·
2751 1232 3107 1306 δυνακτωτέρῳ
3140 1236 3252 1305 γάρ
3284 1234 3501 1304 χαλινῷ
3528 1234 3611 1302 τῷ

2021 1318 2120 1387 τῆς
2143 1316 2363 1388 ἀγάπης
2391 1315 2695 1385 κατείχετο.
2725 1316 2939 1386 Ὥσπερ
2956 1316 3014 1371 δὲ
3037 1318 3321 1380 ἐπιεικεῖς,
3342 1316 3498 1370 οὓτω
3517 1314 3615 1373 καὶ

2024 1396 2307 1472 σώφρονας
2338 1395 2475 1452 οἶδεν
2523 1397 2661 1468 αῦτη
2711 1402 2919 1453 ποιεῖν·
2968 1399 3072 1453 κᾶν
3126 1400 3227 1468 τὴν
3271 1398 3473 1453 ἑαυτοῦ
3525 1415 3614 1460 τις

2023 1482 2213 1551 ἀγαπᾷ
2239 1484 2471 1549 γυναῖκα
2494 1482 2687 1546 οὕτως,
2712 1481 2787 1546 ὠς
2808 1482 3027 1554 ἀγαπᾷν
3064 1482 3166 1548 δεῖ,
3198 1482 3304 1537 κᾶν
3334 1482 3613 1553 μυριάκις

2022 1564 2255 1634 ἀσελγὴς
2290 1562 2348 1637 ᾖ,
2371 1567 2471 1619 ούκ
2505 1565 2755 1631 ἀνέξεται
2799 1566 2995 1639 ἑτέραν
3038 1567 3167 1621 ἰδεῖν
3202 1567 3289 1621 διά
3332 1567 3426 1620 τὸν
3469 1566 3615 1635 πρὸς

2026 1648 2240 1717 ἐκείνην
2268 1648 2450 1702 πόθον.
2482 1649 2741 1716 Κραταιὰ
2776 1649 2908 1720 γάρ,
2948 1651 3134 1719 φησὶν,
3167 1651 3248 1716 ὡς
3269 1650 3539 1714 θάνατος
3574 1650 3617 1715 ἠ

2025 1730 2249 1800 ἀγάπη.
2285 1731 2453 1784 Ὥστε
2476 1732 2775 1802 οὐδαμόθεν
2804 1733 3027 1787 ἄλλοθεν
3052 1733 3115 1787 16
3145 1733 3496 1800 ἀσελγαίνειν
3526 1732 3619 1797 γί-

2025 1832 2195 1877 νεται,
2244 1814 2277 1883 ἢ
2320 1816 2384 1867 ἐκ
2431 1814 2529 1868 τοῦ
2561 1816 2637 1887 μὴ
2682 1816 2880 1884 φιλεῖν.
2943 1816 3099 1872 Ἐπεὶ
3134 1813 3227 1869 οὖν
3268 1816 3623 1887 δημιουργὸς

2025 1898 2225 1969 ἀρετῆς
2253 1898 2472 1968 ἀπάσης
2502 1900 2535 1968 ή
2572 1900 2783 1968 ἀγάπη,
2822 1899 2960 1970 μετά
2985 1898 3270 1969 ἀκριϐείας
3297 1899 3534 1967 ἀπάσης
3562 1899 3623 1949 ἐν

2026 1983 2143 2043 ταῖς
2168 1980 2376 2037 ἑαυτῶν
2404 1981 2907 2053 καταφυτεύσωμεν
2936 1981 3109 2052 αὐτὴν
3133 1980 3348 2051 ψυχαῖς,
3378 1981 3454 2035 ἶν’
3476 1982 3623 2050 ἡμῖν

2028 2064 2199 2118 πολλά
2230 2064 2434 2137 κομίσῃ
2473 2064 2545 2118 τά
2591 2064 2794 2133 ἀγαθά,
2834 2066 2929 2119 καὶ
2962 2063 3197 2135 βρύοντα
3225 2062 3392 2131 αὐτῆς
3428 2062 3626 2131 διηνε-

2029 2147 2141 2211 κῶς
2159 2147 2251 2200 τὸν
2283 2148 2497 2218 καρπὸν
2524 2146 2759 2218 ἔχωμεν,
2783 2147 2873 2202 τὸν
2904 2148 2993 2202 ἀεὶ
3029 2146 3292 2217 τεθηλότα
3336 2146 3434 2198 καὶ
3465 2145 3628 2197 οὐδέ-

2030 2246 2160 2283 ποτε
2192 2230 2614 2301 μαραινόμενον.
2646 2230 2805 2285 Οὕτω
2836 2230 2946 2301 γάρ
2972 2232 3068 2285 καὶ
3094 2229 3203 2283 τῶν
3222 2228 3465 2283 αἰωνίων
3491 2228 3626 2280 ἐπι-

2027 2312 2330 2383 τευξόμεθα
2362 2312 2608 2379 ἀγαθῶν·
2649 2305 2725 2366 ὧν
2757 2313 2967 2381 γένοιτο
2996 2315 3207 2376 πάντας
3237 2313 3384 2383 ἡμᾶς
3416 2312 3629 2364 ἐπετυ-

1992 2384 1997 2389 ”
2030 2398 2168 2466 χεῖν,
2200 2396 2385 2467 χάριτι
2415 2395 2509 2449 καὶ
2540 2394 2927 2467 φιλανθρωπίᾳ
2947 2395 3041 2450 τοῦ
3072 2395 3277 2466 Κυρίου
3308 2394 3475 2465 ἡμῶν
3522 2395 3632 2462 ἰη-

2034 2477 2127 2532 σοῦ
2150 2478 2409 2549 Χριστοῦ,
2450 2477 2568 2549 μεθ’
2599 2470 2661 2531 06
2698 2477 2779 2547 τῷ
2800 2478 3000 2549 Πατρὶ.
3030 2477 3145 2549 ἃμα
3176 2478 3256 2549 τῷ
3282 2478 3419 2547 ἁγίῳ
3443 2474 3633 2530 Πνεῦ-

2036 2578 2188 2632 ματι,
2211 2561 2363 2629 δόξα,
2402 2561 2625 2633 κράτος,
2652 2560 2809 2631 τιμὴ,
2835 2560 2931 2616 νῦν
2965 2560 3063 2616 καὶ
3097 2561 3322 2626 ἀεὶ,καὶ
3366 2561 3450 2623 είς
3495 2559 3633 2623 τοὺς

2033 2644 2238 2709 αἰῶνας
2266 2644 2373 2705 τῶν
2401 2645 2635 2705 αἰώνων.
2677 2646 2872 2716 Ἀμήν.

856 2944 3611 2974 Mm

1775 3119 2018 3177 ΘΜΙΛῘΑ
2064 3118 2186 3174 AA“.

358 3271 495 3324 Ε’ῖτε
572 3270 641 3323 δὲ
712 3268 1058 3337 προφητεῖαι
1149 3270 1730 3338 καταργηθήσονται,
1820 3268 1942 3322 alta

432 3351 708 3422 γλῶσσαι
744 3352 1107 3416 παύσονται,
1152 3350 1273 3405 εἴτε
1310 3350 1533 3421 γνῶσις
1565 3350 1935 3422 καταργηθήο

432 3452 621 3491 σεται.

434 3548 504 3601 α’.
521 3538 709 3606 Δείξας
722 3538 823 3609 τῆς
843 3537 1066 3609 ἀγάπης
1088 3536 1188 3607 τὴν
1215 3538 1488 3609 ὑπεροχὴν
1527 3538 1593 3591 ἐκ
1628 3537 1721 3591 τοῦ
1758 3538 1851 3591 καὶ
1874 3538 1946 3595 τὰ

364 3624 681 3699 χαρίσματα
706 3622 801 3675 καὶ
828 3620 898 3676 16
924 3620 1018 3675 τοῦ
1055 3618 1172 3691 βίου
1201 3620 1606 3691 κατορθώματα
1634 3620 1803 3691 αὐτῆς
1832 3620 1944 3674 δεῖ·

364 3712 515 3774 σθαι,
562 3708 627 3764 ἐκ
672 3704 767 3761 τοῦ
814 3703 913 3770 τὰς
950 3705 1153 3776 ἀρετάς
1197 3706 1367 3775 αὐτῆς
1403 3704 1706 3777 ἀριθμῆσαι
1741 3705 1942 3771 πάσας,

364 3792 459 3849 καὶ
488 3788 802 3860 φιλοσοφίας
829 3788 1089 3860 ἀκριϐοῦς
1116 3789 1373 3843 ὑπόθεσιν
1401 3790 1700 3860 ἀποφῆναι,
1726 3789 1785 3855 ἐξ
1824 3788 1942 3841 ἐτέ-

371 3890 462 3942 ρου
509 3872 673 3926 πάλιν
712 3872 897 3944 τρίτου
951 3872 1245 3939 κεφαλαίου
1295 3871 1567 3925 δείκνυσιν
1621 3872 1792 3941 αὐτῆς
1847 3870 1947 3943 τὴν

370 3956 546 4021 ἀξίαν.
577 3956 686 4009 Καὶ
717 3955 890 4009 ταῦτα
921 3958 1067 4009 ποιεῖ
1099 3956 1226 4020 τούς
1256 3972 1313 4008 τε
1339 3954 1687 4026 ἡλαττῶσθαι
1725 3954 1945 4009 δοκοῦν-

364 4057 466 4103 τας
498 4038 898 4103 πεῖσαιτθέλων,
938 4040 1020 4092 ὃτι
1061 4038 1271 4104 ἔξεστιν
1316 4040 1501 4103 αὐτοῖς
1542 4038 1607 4095 τὸ,
1652 4038 1946 4109 κεφάλαιον

365 4124 477 4177 τῶν
512 4121 751 4193 σημείων
785 4121 951 4191 ἐχειν,
997 4122 1088 4175 καὶ
1134 4124 1286 4175 οὐδὲν
1336 4122 1555 4176 ἔλαττον
1600 4122 1779 4189 ἕξουσι
1837 4120 1947 4174 τῶν

367 4208 603 4275 ἐχόντων
635 4205 706 4257 τά
744 4206 1080 4277 χαρίσματα,
1113 4206 1162 4258 εἰ
1193 4205 1400 4277 ταύτην
1448 4204 1643 4277 ἔχοιεν,
1676 4205 1811 4259 ἀλλά
1853 4206 1949 4258 καὶ

367 4287 549 4359 πολλῷ
573 4288 738 4350 πλέον
754 4306 768 4319 ·
799 4289 1034 4353 καὶτοὺς
1057 4288 1280 4359 ἔχοντας
1304 4288 1376 4342 τά
1398 4289 1611 4360 μεγάλα
1635 4289 1949 4360 χαρίσματα

366 4372 530 4425 πάλιν
555 4372 650 4425 καὶ
675 4370 928 4426 ἐντεῦθεν
956 4366 1374 4442 ἐπαιρομένους,
1407 4372 1746 4434 ταπεινῶσαι
1777 4388 1946 4424 σπου-

364 4455 565 4523 δάζων,
621 4456 713 4509 καὶ
756 4454 926 4522 δεῖξαι
971 4455 1141 4527 μηδὲν
1200 4456 1444 4526 ἔχοντας,
1482 4454 1577 4509 ἐάν
1628 4455 1705 4526 μὴ
1741 4453 1949 4524 ταύτην

366 4540 582 4610 ἔχωσιν.
631 4538 786 4593 Οὕτω
833 4538 942 4609 γάρ
995 4537 1219 4608 ἔμελλόν
1278 4555 1338 4590 τε
1389 4537 1652 4609 ἀλλήλους
1704 4539 1947 4609 ἀγαπᾷν,

368 4621 668 4693 βασκανίας
706 4638 768 4674 τε
800 4621 895 4674 καὶ
933 4620 1192 4683 ἀπονοίας
1233 4620 1480 4674 ἐντεῦθεν
1524 4620 1945 4692 ἀναιρουμένης.

366 4706 692 4775 ἀγαπῶντές
723 4722 783 4759 τε
812 4704 977 4759 πάλιν
1016 4703 1352 4777 πορρωτέρω
1382 4703 1558 4757 ταῦτα
1596 4702 1855 4775 ἐξώριζον
1880 4702 1952 4756 16

368 4789 517 4860 πάθη
544 4804 559 4818 ·
611 4789 682 4844 Ἠ
724 4788 831 4860 γάρ
878 4788 1079 4858 ἀγάπη
1123 4789 1196 4841 οὐ
1240 4786 1427 4854 ζηλοῖ,
1473 4788 1545 4841 οὐ
1604 4787 1949 4856 φυσιοῦται.

371 4872 536 4925 Ὥστε
566 4870 904 4942 πανταχόθεν
930 4874 1111 4941 τεῖχος
1143 4872 1325 4934 αὐτοῖς
1365 4871 1610 4941 ἀρραγές
1636 4870 1949 4941 περιέϐαλε,

372 4954 522 5027 [310]
552 4954 645 5007 καί⁵
669 4954 1004 5009 πολύπλοκον
1035 4956 1291 5026 ὁμόνοιαν
1316 4953 1650 5025 ἀναιροῦσάν
1678 4970 1737 5013 τε
1769 4952 1839 5005 τὰ
1866 4971 1954 5006 νο-

372 5038 596 5107 σήματα
618 5036 852 5102 ᾶπαντα,
876 5038 969 5089 καὶ
1006 5036 1257 5090 ἐντεῦθεν
1284 5036 1449 5090 πάλιν
1483 5036 1839 5108 ἰσχυροτέραν
1867 5054 1955 5107 γι-

370 5120 625 5191 νομένην.
656 5118 755 5172 Διά
795 5119 952 5173 τοῦτο
988 5119 1085 5173 καὶ
1129 5120 1358 5191 μυρίους
1398 5119 1618 5190 ἐκίνησε
1660 5119 1956 5191 λογισμοὺς

369 5204 499 5266 106;
532 5202 866 5273 δυναμένους
912 5202 1092 5256 αὑτῶν
1143 5202 1643 5275 παραμυθήσασθαι
1684 5202 1783 5275 τὴν
1821 5203 1954 5258 ἀθυ-

374 5286 528 5357 μίαν.
572 5285 684 5340 Καὶ
735 5284 842 5357 γάρ
884 5284 945 5338 16
991 5285 1122 5339 αὐτὸ
1170 5286 1396 5357 Πνεῦμα
1431 5285 1647 5353 δίδωσι,
1678 5286 1834 5356 φησὶ,
1865 5287 1957 5340 καὶ

374 5370 513 5439 πρὸς
543 5370 604 5424 16
638 5368 918 5440 συμφέρον
951 5368 1155 5434 δίδωσι,ι
1201 5373 1296 5423 καὶ
1336 5371 1411 5432 ὡς
1460 5368 1708 5438 βούλεται
1736 5370 1955 5440 διαιρεῖ,

376 5456 471 5509 καὶ
517 5454 898 5525 χαριζόμενον,
952 5453 1051 5506 οὑκ
1085 5452 1297 5523 ὀφεῖλον
1334 5453 1551 5522 διαιρεῖ.
1596 5452 1715 5505 Κᾶν
1765 5452 1960 5522 μικρὸν

374 5537 570 5610 λάϐῃς,
612 5537 812 5608 ὁμοίως
841 5538 920 5599 εἰς
962 5536 1024 5590 16
1055 5536 1215 5609 σῶμα
1257 5536 1453 5604 τελεῖς,
1494 5536 1588 5587 καὶ
1632 5535 1833 5605 πολλῆς
1864 5536 1960 5588 καὶ

375 5622 550 5685 οὕτως
576 5621 870 5687 ἀπολαύεις
908 5621 1070 5693 τιμῆς
1092 5638 1105 5651 ·
1146 5621 1241 5676 καὶ
1276 5623 1306 5674 6
1336 5621 1395 5674 16
1432 5620 1615 5691 μεῖζον
1653 5620 1813 5691 ἔχων,
1865 5621 1959 5673 σοῦ

378 5702 472 5761 τοῦ
502 5709 563 5760 τὸ
596 5707 815 5760 ἔλαττον
859 5706 1075 5777 ἔχοντος
1119 5705 1324 5760 δεῖται·
1360 5706 1454 5758 καὶ
1487 5706 1570 5758 ὃτι
1613 5704 1675 5757 16
1709 5706 1961 5775 μέγιστον

386 5790 631 5863 χάρισμα
665 5791 819 5863 καὶὴ
856 5791 977 5847 καθ’
1011 5789 1320 5865 ὑπερϐολὴν
1354 5787 1469 5851 666;
1502 5790 1647 5842 ἐστιν
1683 5789 1717 5857 ἡ
1748 5788 1960 5857 ἀγάπη.

2116 3266 2303 3321 Ταῦτα
2332 3268 2391 3323 δὲ
2417 3265 2591 3336 ἔλεγε,
2616 3267 2775 3340 διπλῇ
2806 3267 3187 3337 περισφίγγων
3218 3268 3417 3334 αὐτοὺς
3452 3272 3630 3342 ἀλλή-

2043 3348 2176 3414 λοις,
2198 3349 2276 3422 τῷ
2302 3368 2361 3405 τε
2399 3350 2476 3423 μὴ
2519 3351 2760 3422 νομίζειν
2797 3350 3146 3421 ἡλαττῶσθαι
3179 3352 3385 3421 ταύτης
3416 3356 3630 3428 παρού-

2044 3451 2164 3506 σης,
2194 3435 2288 3489 καὶ
2313 3434 2393 3505 τῷ
2417 3435 2820 3505 ἐπιδραμόντας
2859 3435 2998 3506 αὐτῇ
3035 3435 3131 3489 καὶ
3175 3435 3420 3502 ἑλόντας,
3458 3439 3629 3509 μηδὲν

2045 3518 2276 3589 πάσχειν
2298 3518 2486 3571 λοιπὸν
2511 3516 2872 3588 ἀνθρώπινον,
2904 3519 2997 3571 καὶ
3032 3517 3109 3582 ὡς
3150 3519 3252 3589 τὴν
3281 3520 3439 3590 ῥίζαν
3472 3521 3629 3591 ἔχονο

2045 3619 2143 3665 τας
2188 3600 2297 3653 τῶν
2340 3600 2719 3671 χαρισμάτων,
2766 3600 2860 3653 καὶ
2911 3601 2988 3663 ὡς
3040 3600 3223 3653 οὐκέτι
3272 3601 3626 3672 δυναμένους,

2044 3684 2164 3737 ούδέ
2196 3685 2245 3738 εἰ
2281 3684 2448 3755 μηδὲν
2478 3679 2645 3754 εἰχον,
2683 3683 3025 3753 φιλονεικεῖν.
3069 3684 3129 3737 ⁸0
3151 3685 3259 3754 γάρ
3285 3685 3447 3748 ἀλους
3479 3686 3633 3750 άπαξ

2045 3767 2151 3820 ὑπὸ
2181 3767 2281 3837 τῆς
2328 3766 2588 3837 ἀγάπης,
2629 3766 2965 3834 φιλονεικίας
2996 3766 3365 3837 ἀπήλλακται.
3408 3768 3500 3821 Διο
3538 3772 3629 3821 καὶ

2044 3849 2258 3912 δεικνὺς
2286 3848 2491 3912 αὐτοῖς,
2525 3850 2625 3901 ὅσα
2646 3848 2896 3902 ἐντεῦθεν
2918 3849 3305 3923 καρπώσονται
3329 3851 3399 3903 16
3425 3852 3628 3919 ἀγαθὰ,

2044 3935 2173 3997 τοὺς
2218 3934 2465 4004 καρποὺς
2502 3934 2671 4002 αὐτῆς
2711 3932 3016 4002 ὑπέγραψε,
3058 3933 3146 3986 διὰ
3178 3933 3289 3987 τῶν
3339 3935 3630 4005 ἐγκωμίων

2047 4018 2217 4087 αὐτῆς
2243 4017 2312 4070 τά
2338 4017 2564 4070 ἐκείνων
2602 4016 2886 4086 νοσήματα
2930 4015 3335 4071 καταστέλλων.
3373 4018 3484 4070 Καὶ
3523 4018 3631 4089 γὰρ

2045 4100 2155 4153 τῶν
2211 4100 2519 4170 εἰρημένων
2562 4098 2790 4151 ἕκαστον
2840 4099 3133 4169 φάρμακον
3175 4099 3362 4153 ίκανὸν
3408 4096 3480 4171 ἦν
3521 4104 3632 4164 τοῖς

2047 4182 2273 4239 ἐκείνων
2302 4180 2617 4253 τραύμασιν
2650 4180 2903 4250 ἀρκέσαι.
2934 4180 3026 4233 Διὸ
3064 4181 3155 4235 καὶ
3184 4181 3360 4250 ἔλεγε,
3396 4186 3633 4251 Μακρο-

2048 4264 2240 4334 θυμεῖ,
2290 4264 2429 4335 πρὸς
2468 4263 2597 4325 τοὺς
2639 4262 2891 4333 ἀλλήλοις
2938 4262 3384 4333 φιλονεικοῦντας
3408 4280 3425 4294 ·
3476 4268 3631 4334 Χρη-

2048 4348 2344 4409 στεύεται,
2404 4346 2543 4416 1:96;
2583 4344 2710 4409 106;
2741 4344 3038 4409 διεστῶτας
3079 4346 3172 4399 καὶ
3211 4346 3520 4411 ὑπούλους·
3554 4352 3632 4401 οὐ

2050 4429 2237 4498 ζηλοῖ,
2279 4429 2420 4501 1:96;
2455 4429 2585 4492 106;
2628 4428 3020 4499 βασκαίνοντας
3060 4430 3174 4493 τοῖς
3220 4429 3587 4501 ὑπερέχουσιν
3615 4450 3629 4462 ·

2055 4514 2139 4567 O6
2183 4511 2626 4579 περπερεύεται,
2683 4511 2821 4582 πρὸς
2874 4509 3000 4573 τοὺς
3046 4511 3521 4577 διασπασθέντας·
3554 4516 3634 4566 Οὐ

2050 4594 2397 4663 φυσιοῦται,
2426 4592 2563 4661 πρὸς
2599 4592 2729 4657 τοὺς
2773 4592 3376 4663 καταλαζονευομένους
3416 4595 3629 4649 αὐτῶν·

2056 4680 2177 4731 Οὐκ
2204 4675 2559 4745 ἀσχημονεῖ,
2598 4675 2736 4748 πρὸς
2765 4676 2892 4740 τοὺς
2943 4677 3044 4729 οὐκ
3088 4677 3457 4745 όφείλονταςι
3510 4694 3633 4745 συγ-

2054 4758 2406 4813 καταϐαίνειν
2425 4772 2439 4787 ·
2477 4759 2561 4812 Οὑ
2591 4756 2752 4825 ζητεῖ
2779 4756 2847 4812 τὸ
2869 4757 3111 4827 ἑαυτῆς,
3140 4759 3280 4829 πρὸς
3312 4760 3444 4823 106;
3474 4762 3633 4829 ὑπερρ

2053 4845 2295 4916 ορῶντας
2331 4842 2441 4897 τῶν
2466 4842 2672 4898 λοιπῶν
2696 4859 2712 4875 ·
2745 4846 2833 4897 Οὐ
2862 4843 3289 4911 παροξύνεται,
3317 4848 3391 4899 οὐ
3418 4844 3633 4915 1071(5-

2054 4944 2148 4981 ται
2172 4926 2238 4980 τὸ
2269 4926 2477 4992 κακὸν,
2506 4926 2643 4996 πρὸς
2688 4926 2815 4988 τοὺς
2845 4924 3232 4997 ὑϐριζομένους
3268 4942 3284 4958 ·
3320 4929 3406 4981 οὐ
3453 4930 3633 4995 χαίρει

2054 5012 2154 5064 ἐπὶ
2202 5008 2275 5078 τῇ
2314 5008 2536 5076 ἀδικίᾳ,
2588 5009 2906 5078 συγχαίρδι
2949 5008 3020 5062 δὲ
3060 5008 3138 5078 τῇ
3182 5011 3465 5078 ἀληθείᾳ,
3514 5011 3632 5080 1:96;

2056 5096 2183 5157 τοὺς
2215 5092 2606 5164 βασκαίνοντας
2632 5092 2796 5146 πάλιν
2817 5107 2833 5123 ·
2864 5091 3069 5145 Πάντα
3090 5092 3315 5161 στέγει,
3348 5095 3493 5163 πρὸς
3518 5096 3631 5153 10-3;

2056 5176 2603 5247 ἐπιϐουλευομένους·
2643 5176 2849 5230 Πάντα
2894 5174 3138 5239 ἐλπίζει,
3174 5176 3317 5247 πρὸς
3344 5177 3477 5238 τοὺς
3508 5178 3632 5229 ἀπο-

2057 5261 2425 5332 γινώσκοντας
2440 5276 2456 5290 ·
2482 5259 2687 5319 Πάντα
2702 5258 3009 5328 ὑπομένει,
3032 5258 3326 5313 οὐδέποτε
3347 5260 3632 5320 ἐκπίπτει,

2060 5345 2197 5417 πρὸς
2230 5344 2356 5407 τοὺς
2403 5341 2640 5405 εὐκόλως
2677 5342 3077 5413 διῖσταμένους.
3114 5343 3267 5395 Ἐπεὶ
3314 5338 3409 5396 οὖν
3440 5359 3635 5396 παντο⁹

2061 5428 2216 5501 χόθεν
2242 5428 2414 5499 αὐτὴν
2444 5425 2688 5497 μεγάλην
2721 5426 2889 5490 ἔδειξε
2917 5425 3035 5496 μεθ’
3060 5426 3369 5495 ὑπερϐολῆς
3399 5428 3634 5494 ἀπάσης,

2060 5512 2223 5565 πάλιν
2254 5508 2315 5575 ἐξ
2362 5508 2549 5581 ἐτέρου
2604 5508 2901 5577 κεφαλαίου
2959 5508 3218 5581 μεγίστου
3265 5508 3429 5563 τοῦτο
3482 5509 3635 5571 ποιεῖ,

2129 5735 2145 5757 ⁸
2164 5694 2451 5801 Legensum
2471 5735 2615 5797 putat
2636 5729 2855 5785 Sumus
2879 5727 2935 5778 οὐ
2957 5726 3193 5789 θΘιονιας,
3218 5731 3275 5778 οι
3293 5727 3366 5777 sic
3406 5725 3535 5791 leg).
3553 5733 3631 5775 v2-

2074 5803 2161 5850 tus
2178 5805 2463 5875 1111019103..
