3802 6214
120 344 211 403 985

119 464 189 515 tax
217 450 400 509 amoris
430 448 698 514 accendit,
745 447 869 506 vide
896 449 1167 517 quomodo
1193 448 1492 518 simplicem
1522 448 1670 503 illum

113 560 164 607 et
182 548 385 604 domum
412 542 757 608 ineolcntem,
779 540 970 596 fortem
988 549 1041 595 et
1068 541 1392 595 laboriosum
1421 540 1671 595 reddide-

114 643 211 697 rit:
241 645 293 693 et
327 635 426 690 hoc
456 647 562 688 non
599 648 630 689 a
660 647 769 697 me,
810 633 906 689 sed
944 632 1014 686 ab
1054 635 1171 701 ipso
1197 630 1494 700 patriarcha
1526 632 1672 685 audi.

108 732 348 786 Socerum
372 723 512 778 enim
544 721 818 788 incusans,
850 722 925 775 ait
950 740 963 773 :
1002 719 1111 774 Hos
1132 721 1307 792 viginti
1328 737 1487 775 annos
1516 730 1675 774 tecum

107 836 189 890 ego
210 832 319 873 sum
346 812 495 884 (Gen.
519 814 606 870 51.
631 812 724 869 58.
752 812 824 869 ιο
841 810 885 882 ).
917 812 982 867 Et
1003 812 1272 882 quomodo
1302 812 1442 867 fuisti
1473 812 1574 869 hos
1597 812 1676 869 vi-

104 909 226 980 ginti
270 904 473 961 annos?
515 919 640 959 nam
675 914 731 960 et
773 904 875 959 hoc
911 919 1126 974 quoque
1161 904 1401 974 adjecit:
1446 905 1673 959 Adustus

110 1009 227 1055 testu
254 996 353 1049 diei
376 1003 421 1048 et
450 994 639 1065 [rigore
676 996 861 1061 uectis,
888 1005 934 1049 et
959 995 1195 1049 abscessit
1222 1012 1430 1049 somnus
1457 995 1521 1049 ab
1546 1011 1673 1050 ocu-

102 1094 161 1147 lis
184 1090 321 1143 meis.
340 1084 468 1141 Baro
488 1086 579 1142 ille
602 1086 719 1142 sine
744 1085 885 1149 fuco,
916 1086 1005 1156 qui
1032 1086 1178 1140 domi
1210 1085 1483 1142 habitabat
1502 1101 1565 1141 ac
1591 1101 1675 1141 re-

100 1182 304 1237 missam
352 1176 585 1231 ducebat
634 1177 824 1231 vitam.
861 1175 1015 1245 Quod
1044 1186 1221 1231 autem
1263 1176 1477 1231 timidus
1506 1187 1669 1241 eSset,

98 1273 258 1344 palam
284 1278 367 1326 est
394 1284 462 1325 ex
487 1283 554 1326 eo
582 1268 754 1340 quod,
780 1282 903 1325 cum
930 1282 989 1324 se
1021 1269 1161 1324 Esau
1186 1269 1421 1323 visurum
1447 1283 1671 1338 exspec-

96 1372 249 1429 taret,
301 1370 450 1417 metu
490 1369 813 1417 moreretur.
858 1360 962 1416 Sed
1008 1360 1128 1415 vide
1166 1375 1376 1415 rursum
1403 1359 1673 1429 quomodo

94 1457 178 1514 ille
204 1453 420 1509 timidus
447 1452 602 1510 leone
622 1452 877 1511 audacior
897 1467 965 1509 ex
988 1466 1174 1509 amore
1202 1451 1371 1508 factus
1397 1452 1487 1511 sit.
1536 1450 1668 1507 Nam

89 1546 228 1601 velut
252 1543 471 1614 quidam
522 1552 885 1614 propugnator
910 1552 1034 1597 ante
1063 1542 1198 1598 alios
1225 1558 1413 1598 omnes
1442 1543 1667 1612 positus,

92 1644 301 1709 paratus
345 1643 466 1691 erat
510 1633 744 1691 ferocem
781 1635 930 1689 illum
960 1644 1015 1690 et
1038 1634 1237 1689 caedem
1266 1634 1580 1703 spirantem,
1612 1642 1671 1690 ut

84 1726 445 1793 existimabat,
486 1727 691 1797 primus
714 1726 987 1796 excipere,
1018 1736 1071 1780 et
1097 1727 1150 1780 in
1175 1740 1401 1795 corpore
1421 1740 1519 1780 suo
1546 1741 1668 1781 mu-

84 1821 295 1875 lieribus
321 1819 669 1875 securitatem
697 1834 982 1889 apparare,
1009 1829 1065 1874 et
1088 1835 1213 1875 eum
1234 1836 1393 1890 quem
1419 1820 1669 1877 timuerat

80 1922 132 1967 et
159 1910 569 1977 formidaverat,
597 1912 803 1981 primus
839 1910 1101 1967 instructa
1131 1911 1248 1967 acie
1275 1911 1457 1968 videre
1482 1912 1667 1984 cupie-

83 2006 187 2058 bat.
238 2002 355 2057 Hoc
393 2003 594 2073 quippe
641 2003 834 2057 timore
860 2002 1049 2058 fortior
1076 2010 1196 2059 erat
1225 2019 1452 2059 uxorum
1491 2020 1663 2060 amor.

78 2097 259 2154 Viden’
305 2096 602 2167 quomodo,
624 2098 840 2152 timidus
884 2112 1004 2153 cum
1050 2106 1219 2165 esset,
1262 2098 1434 2153 audax
1488 2098 1666 2154 subito

71 2189 238 2245 factus
273 2190 367 2253 sit,
401 2204 511 2244 non
538 2198 741 2245 mutato
770 2188 976 2255 habitu,
1006 2189 1100 2244 sed
1125 2191 1193 2245 ab
1218 2206 1402 2247 amore
1426 2190 1651 2248 robora-

67 2281 187 2338 tus?
206 2279 348 2336 Nam
372 2278 521 2349 quod
549 2281 710 2336 etiam
741 2289 924 2349 postea
951 2280 1167 2337 timidus
1193 2290 1356 2348 esset,
1386 2284 1559 2353 palam
1580 2294 1665 2339 est

66 2388 127 2425 ex
159 2385 248 2435 eo,
280 2369 433 2441 quod
463 2370 640 2426 locum
671 2386 739 2425 ex
768 2370 890 2426 loco
914 2381 1162 2427 mutaret.
1191 2371 1295 2428 Sed
1327 2389 1485 2430 nemo
1514 2384 1665 2444 putet

63 2478 145 2529 ea,
197 2476 326 2533 qua:
368 2461 519 2517 dicta
562 2470 707 2527 sunt,
745 2462 875 2532 justi
918 2476 1040 2519 esse
1080 2464 1494 2520 accusationem.
1544 2465 1660 2520 Non

63 2554 201 2607 enim
247 2550 509 2607 timidum
534 2566 656 2607 esse
694 2552 847 2621 culpa
877 2562 960 2609 est
991 2571 1004 2608 :
1035 2569 1156 2607 nam
1185 2552 1287 2609 hoc
1314 2564 1397 2610 est
1419 2564 1658 2621 naturze;

63 2644 148 2700 sed
170 2660 239 2709 ex
271 2644 479 2700 timore
500 2644 699 2713 aliquid
730 2656 925 2701 contra
950 2645 1189 2701 officium
1218 2657 1453 2717 patrare.
1478 2648 1662 2704 Potest

63 2736 195 2793 enim
235 2736 367 2805 quis
404 2745 598 2791 natura
638 2736 876 2797 timidus,
926 2752 956 2791 a
988 2738 1182 2804 pietate
1209 2738 1360 2792 fortis
1391 2748 1445 2793 et
1480 2740 1656 2809 magni

63 2819 217 2874 animi
256 2817 432 2874 eflici.
470 2819 605 2887 Quid
636 2829 813 2875 autem
845 2819 1099 2891 Moyses?
1124 2836 1300 2877 annon
1348 2821 1658 2894 Egyptium

64 2927 214 2967 mum
246 2911 463 2967 timens
490 2910 643 2982 fugit,
675 2921 728 2966 et
754 2912 805 2965 in
832 2912 1079 2966 exsilium
1106 2913 1239 2967 ivit?
1268 2914 1521 2969 Attamen
1564 2913 1659 2969 ille

63 3005 326 3075 'ugitivus,
357 3004 458 3075 qui
488 3004 587 3059 viri
613 3002 769 3059 unius
791 3005 963 3059 minas
992 3019 1097 3059 non
1126 3006 1343 3071 tulerat,
1368 3015 1650 3077 postquam

63 3096 281 3161 gustavit
314 3095 435 3150 mel
457 3092 719 3159 caritatis,
751 3093 975 3163 pulchre
995 3110 1059 3150 ac
1086 3097 1298 3152 nemine
1319 3106 1566 3165 cogente,
1600 3104 1657 3150 ut

1038 334 1102 392 1N
1142 333 1355 391 EPIST.
1398 334 1419 391 l
1483 335 1573 391 AD
1609 334 1765 392 COR.
1804 334 2037 391 HOMIL.
2078 336 2320 393 XXXIV.

3258 347 3368 400 $186

1785 464 1886 504 una
1908 463 2029 503 eum
2059 448 2270 505 dilectis
2295 450 2498 519 periret
2546 449 2845 506 festinabat.
2888 453 2949 509 Si
2977 455 3142 520 enim,
3175 457 3361 528 inquit.

1783 538 1994 593 dimittis
2032 539 2137 595 illis
2169 548 2449 609 peccatum,
2491 540 2721 605 dimitte;
2764 544 2844 596 sits
2873 544 3064 611 minus,
3089 555 3135 600 et
3156 564 3233 601 me
3254 549 3365 605 dele

1784 628 1847 682 de
1877 630 2005 684 libro
2032 638 2140 696 tuo,
2165 646 2312 700 quem
2340 631 2589 700 scripsisti
2611 631 2807 700 (Exod.
2840 633 2928 689 '52.
2953 634 3068 703 51).
3096 636 3250 703 Quod
3271 655 3365 694 au-

1783 730 1888 775 tem
1915 736 2069 776 amor
2106 730 2163 776 et
2199 730 2405 777 trucem
2434 732 2793 791 mansuetum,
2820 734 2873 779 et
2899 725 3241 783 libidinosam
3279 745 3367 785 ca-

1776 822 1920 867 stum
1950 810 2171 878 efficiat,
2202 828 2308 867 non
2340 812 2428 869 hic
2462 812 2599 868 ultra
2637 816 2901 885 exemplis
2926 817 3079 873 nobis
3104 834 3275 888 opus;
3308 820 3362 877 id

1776 905 1919 956 enim
1940 901 2188 957 omnibus
2218 906 2390 972 palam
2420 911 2541 959 est:
2570 904 2782 960 etiamsi
2811 905 2923 961 fera
2950 910 3137 978 quavis
3165 910 3359 965 imma-

1781 992 1901 1047 nior
1939 992 2060 1062 quis
2097 992 2277 1055 fuerit,
2319 1009 2420 1049 ove
2456 997 2785 1051 mansuetior
2807 1012 2876 1055 ex
2904 1013 3087 1055 amore
3109 1000 3360 1058 efﬁcitur.

1774 1080 1911 1136 Nam
1956 1081 2084 1152 quid
2130 1082 2290 1139 Sainle
2340 1082 2627 1139 immanius
2674 1094 2729 1140 et
2776 1085 3028 1144 furiosius
3056 1091 3214 1145 erat?
3253 1092 3359 1147 Sed

1775 1172 1990 1242 quando
2013 1172 2121 1229 filia
2152 1174 2270 1245 ejus
2292 1175 2564 1231 inimicum
2592 1177 2773 1245 solvit,
2805 1194 2873 1237 ne
2896 1180 3117 1235 verbum
3145 1184 3361 1252 quidem

1778 1278 2022 1320 amarum
2051 1273 2241 1320 contra
2258 1265 2401 1320 illam
2427 1267 2641 1323 emisit:
2663 1268 2823 1337 etqui
2845 1270 3156 1327 sacerdotes
3176 1287 3369 1330 omnes

1778 1356 1988 1425 penitus
2032 1357 2373 1414 interfecerat
2415 1369 2634 1430 prepter
2676 1361 2951 1427 Davidem,
2991 1364 3153 1420 filiam
3178 1366 3365 1423 videns

1776 1462 1897 1516 qua:
1922 1462 1989 1502 ex
2011 1446 2173 1503 domo
2202 1448 2352 1505 illum
2377 1452 2655 1517 emiserat,
2683 1468 2750 1507 ne
2779 1454 2945 1508 verbo
2965 1456 3179 1525 quidem
3210 1469 3364 1515 lenus

1772 1538 2034 1594 adversus
2078 1540 2226 1595 illam
2256 1540 2561 1611 indignatus
2587 1552 2691 1608 est,
2723 1546 2933 1600 etiamsi
2976 1548 3121 1605 fraus
3148 1552 3234 1605 illa
3266 1556 3361 1607 ad-

1772 1643 1983 1685 versum
2005 1645 2063 1685 se
2088 1630 2347 1686 adornata
2370 1630 2557 1689 fuisset
2581 1652 2595 1688 :
2628 1636 2927 1705 potentiore
2954 1654 3183 1713 namque
3204 1658 3355 1698 amo-

1771 1721 1849 1776 ris
1882 1720 2040 1777 freno
2078 1721 2439 1779 detinebatur.
2494 1725 2561 1781 Ut
2600 1737 2779 1782 autem
2820 1743 3149 1799 mansuetos,
3193 1736 3264 1790 ita
3296 1746 3354 1793 et

1772 1819 2131 1881 temperantes
2147 1813 2285 1868 solet
2299 1814 2495 1870 caritas
2510 1816 2687 1873 facere
2714 1834 2730 1873 :
2761 1819 2808 1874 si
2827 1822 2948 1892 quis
2969 1824 3111 1878 enim
3135 1841 3357 1882 uxorem

1773 1920 1927 1961 suam
1956 1914 2123 1973 amat,
2156 1917 2213 1961 ut
2232 1920 2415 1962 amare
2443 1918 2679 1979 oportet,
2701 1914 3044 1979 quantumvis
3071 1926 3261 1972 natura
3287 1919 3359 1974 sit

1770 1999 2109 2060 libidinosus.
2138 2015 2428 2071 numquam
2460 2002 2619 2056 aliam
2646 2002 2867 2071 videbit,
2894 2020 3008 2062 suae
3027 2024 3211 2064 amore
3260 2009 3358 2067 du-

1768 2101 1920 2145 ctus:
1956 2107 2076 2146 nam
2107 2092 2202 2159 ait,
2226 2090 2402 2147 Fortis
2427 2103 2497 2148 est
2525 2104 2580 2149 ut
2607 2112 2743 2150 mors
2770 2096 2969 2153 dilectio
2997 2099 3165 2170 (Cant.
3193 2102 3247 2157 8.
3278 2104 3357 2171 6).

1768 2181 1953 2254 Itaque
2021 2200 2131 2238 non
2189 2184 2404 2240 aliunde
2471 2187 2589 2259 quis
2663 2188 2978 2247 libidinosus
3024 2202 3147 2259 est,
3197 2210 3357 2265 quam

1766 2276 1909 2345 quod
1980 2291 2088 2331 non
2140 2287 2306 2333 amet.
2367 2279 2629 2347 Quoniam
2686 2283 2847 2351 igitur
2907 2285 3084 2340 omnis
3145 2288 3359 2343 virtutis

1766 2365 1947 2435 opifex
1975 2377 2057 2423 est
2098 2368 2315 2435 caritas,
2345 2383 2468 2425 cum
2520 2372 2862 2429 accuratione
2907 2375 3055 2431 omni
3104 2377 3251 2433 illam
3305 2382 3358 2436 in

1775 2457 1972 2513 animis
2012 2460 2214 2515 nostris
2260 2460 2585 2530 inseramus,
2628 2472 2683 2537 ut
2722 2465 2878 2521 nobis
2912 2467 3075 2523 multa
3118 2470 3361 2527 conferat

1767 2548 1929 2616 bona,
1963 2559 2019 2605 et
2046 2552 2264 2607 uberem
2295 2553 2411 2623 ejus
2442 2553 2671 2610 fructum
2699 2566 2958 2626 perpetuo
2982 2559 3356 2630 decerpamus,

1765 2653 1985 2709 semper
2016 2644 2303 2707 virentem,
2331 2645 2423 2715 qui
2450 2661 2741 2718 numquam
2769 2663 3083 2707 marcescat.
3109 2652 3197 2708 Sic
3215 2656 3357 2709 enim

1763 2745 1963 2789 acterna
2014 2750 2416 2806 consequemur
2452 2739 2587 2795 bona
2617 2756 2631 2794 :
2672 2757 2790 2809 qua:
2821 2743 3021 2799 utinam
3048 2761 3144 2800 nos
3172 2760 3360 2802 omnes

1762 2821 1984 2891 adipisci
2030 2825 2326 2896 conlingat,
2378 2829 2546 2898 gratia
2566 2840 2627 2883 et
2664 2830 2992 2905 benignitate
3020 2835 3230 2891 Domini
3258 2826 3353 2892 no?

1767 2913 1866 2968 stri
1896 2913 2023 2971 Jcsu
2054 2914 2276 2981 Christi,
2307 2918 2397 2986 qui
2426 2933 2548 2973 cum
2579 2920 2722 2975 Patri
2751 2939 2959 2994 unaque
2984 2926 3202 3000 Spiritui
3230 2944 3356 2986 san-

1761 3014 1850 3061 cto
1894 3006 2085 3077 gloria,
2124 3009 2436 3079 imperium,
2481 3012 2677 3081 honor,
2703 3031 2848 3072 nunc
2871 3026 2925 3073 et
2952 3034 3189 3092 semper,
3217 3024 3351 3078 etin

1761 3098 1960 3153 saecula
1991 3100 2334 3157 sznculorum.
2366 3104 2559 3160 Amen.

1416 3306 1753 3369 HOMlLlA
1800 3307 2094 3369 XXXIV.

65 3446 161 3501 τευ).
186 3446 280 3503 13.
303 3444 367 3502 ν.
395 3446 454 3502 8.
481 3446 600 3502 Sive
625 3447 904 3517 prophetia:
922 3446 1315 3515 evacuabuntur,
1346 3448 1447 3503 sive
1469 3449 1657 3519 lingua

345 3538 658 3606 cessabunt,
689 3540 791 3593 sive
818 3540 1024 3593 scientia
1054 3540 1358 3596 destruetur.

98 3676 155 3728 1.
197 3673 354 3729 Cum
387 3675 636 3730 Caritatis
672 3674 1048 3731 excellentiam
1082 3676 1444 3743 ostendisset,
1495 3695 1561 3735 ex
1591 3695 1657 3734 eo

66 3764 178 3819 uod
219 3776 282 3821 et
321 3767 667 3821 charismata
706 3777 761 3823 et
792 3783 855 3825 ea
892 3784 1011 3838 quas
1050 3769 1102 3822 iu
1141 3769 1246 3825 vita
1278 3771 1535 3840 prmclare
1566 3785 1656 3840 ge-

65 3867 233 3911 untur
262 3872 335 3912 ea
376 3857 693 3927 indigeant;
724 3874 790 3914 cx
811 3874 877 3914 eo
906 3861 1045 3931 quod
1075 3861 1191 3931 ejus
1217 3878 1405 3920 omnes
1432 3864 1656 3920 virtutes

68 3952 488 4017 numeraverit,
519 3960 573 4006 et
594 3951 846 4020 perfecta:
877 3954 1227 4025 philosophia:
1253 3957 1653 4014 fundamentum

67 4056 143 4096 sse
187 4042 506 4111 probarit;
553 4057 617 4097 ex
661 4043 770 4098 alio
812 4060 1001 4099 rursus
1040 4049 1302 4117 tertioque
1327 4052 1499 4120 capite
1537 4053 1654 4122 ejus

67 4134 275 4187 uendit
309 4133 673 4204 dignitatem.
706 4134 775 4189 Et
820 4134 922 4191 hoc
970 4136 1133 4206 facit,
1176 4148 1286 4194 tum
1325 4151 1380 4195 ut
1419 4142 1523 4197 illis
1560 4144 1653 4214 qui

68 4228 310 4281 minuti
357 4240 496 4281 esse
532 4226 852 4281 videbantur
883 4231 1203 4298 persuadeat
1231 4233 1389 4290 licere
1416 4235 1545 4306 ipsis
1573 4238 1649 4293 si-

67 4332 261 4372 torum
292 4317 482 4373 etiam
514 4328 673 4388 caput
702 4334 799 4375 seu
828 4320 1135 4377 facultatem
1166 4324 1380 4389 habere,
1413 4327 1653 4401 nihilque

67 4412 202 4466 inus
235 4409 524 4466 obtinere
564 4426 721 4479 quam
765 4413 800 4466 ii
844 4414 932 4483 qui
976 4414 1295 4473 charismata
1326 4419 1561 4492 habent,
1604 4425 1649 4480 si

67 4518 157 4556 am
194 4502 496 4567 habeant,
527 4501 636 4557 imo
662 4503 832 4559 multo
860 4506 1070 4575 majus;
1105 4516 1212 4563 tum
1256 4512 1417 4567 etiam
1461 4524 1519 4571 ut
1555 4532 1649 4575 eos

76 4593 92 4649 i
126 4593 381 4664 majora
417 4593 745 4649 charismata
775 4594 1040 4653 haberent
1068 4600 1301 4673 indeque
1326 4606 1650 4664 extolleren-

67 4703 109 4750 π,
146 4687 299 4743 hinc
331 4687 657 4756 deprimat,
701 4700 757 4745 et
797 4693 1048 4749 ostendat
1089 4709 1184 4751 eos
1227 4698 1360 4754 nihil
1410 4700 1642 4769 habere,

69 4780 95 4833 si
128 4778 299 4835 hanc
334 4779 654 4836 obtineant.
686 4782 763 4837 Ita
785 4786 927 4840 enim
953 4802 1073 4843 sese
1097 4800 1153 4846 et
1183 4802 1370 4847 mutuo
1396 4794 1644 4853 dilecturi

69 4881 156 4926 int
181 4912 201 4936 ,
248 4869 491 4927 invidia
520 4880 576 4926 et
624 4877 927 4945 arrogantia
970 4878 1049 4933 sic
1078 4879 1146 4936 de
1175 4882 1354 4940 medio
1386 4886 1642 4957 sublatis,

91 4974 323 5019 rursus
377 4975 517 5017 sese
562 4972 745 5020 mutuo
784 4965 1105 5037 diligentes,
1152 4971 1269 5028 hmc
1296 4975 1420 5031 vitia
1459 4981 1643 5047 procul

72 5053 413 5109 undabant.
446 5070 461 5106 :
485 5068 607 5107 nam
635 5054 835 5110 Caritas
855 5075 955 5112 non
974 5062 1263 5130 tumulatur,
1288 5083 1387 5121 non
1409 5070 1639 5140 inﬂatur.

69 5161 182 5216 que
217 5160 419 5203 lauro
456 5145 577 5201 illos
603 5148 838 5220 undique
868 5152 1177 5210 firmissimo
1204 5159 1389 5224 cinxit,
1417 5173 1471 5216 et
1502 5166 1640 5218 mul-

70 5241 161 5294 lici
197 5238 568 5306 concordia,
592 5256 713 5310 qua:
738 5244 953 5300 morbos
980 5264 1170 5304 omnes
1201 5252 1411 5307 tolleret
1436 5265 1491 5311 et
1517 5256 1641 5313 hinc

70 5346 187 5387 sus
223 5329 473 5387 fortior
502 5332 775 5389 evaderet.
808 5334 1041 5406 Ideoque
1079 5340 1495 5403 innumerabiles
1524 5352 1638 5419 agi-

69 5423 111 5478 it
144 5424 475 5487 rationem
505 5438 626 5492 qua:
674 5435 892 5493 possent
937 5429 1172 5497 ipsorum
1222 5434 1460 5492 dolorem
1504 5455 1636 5495 con-

70 5517 175 5572 iri.
261 5513 438 5571 Nam
494 5513 634 5569 idem
691 5514 784 5570 dat
839 5518 1111 5589 Spiritus,
1170 5523 1381 5597 inquit,
1450 5540 1505 5587 et
1566 5535 1634 5590 ad

72 5611 301 5665 uatem
338 5605 480 5668 dat,
501 5615 555 5660 et
574 5614 642 5683 “ut
669 5608 782 5663 vult
807 5608 1014 5680 dividit,
1057 5623 1111 5670 et
1136 5622 1300 5687 gratis
1326 5622 1490 5687 dans.
1526 5641 1632 5684 non

72 5714 220 5765 etis,
250 5693 507 5753 dividit.
536 5697 753 5754 Etiamsi
776 5715 903 5758 vero
929 5719 1114 5775 parum
1137 5715 1425 5783 acceperis,
1444 5716 1633 5773 simili-

74 5804 157 5855 εχ
180 5801 476 5862 corpore
501 5802 583 5860 es,
608 5798 663 5848 et
688 5792 861 5852 multo
882 5795 961 5854 sic
985 5799 1145 5858 etiam
1175 5803 1367 5867 frueris
1388 5809 1625 5871 honore:

1766 3462 1830 3503 ac
1860 3452 1950 3518 qui
1983 3449 2155 3521 majus
2186 3450 2380 3517 habet,
2412 3464 2465 3511 te
2494 3459 2582 3527 qui
2613 3460 2789 3518 minus
2821 3461 2989 3521 habes
3017 3467 3255 3539 indiget:
3298 3481 3354 3528 et

1770 3540 2058 3595 maximum
2086 3542 2374 3608 charisma,
2401 3549 2859 3620 excellentiorque
2886 3555 2966 3609 via
2990 3567 3071 3612 est
3096 3560 3311 3616 caritas.

1832 3628 2034 3686 Caritas
2078 3634 2249 3687 ornnia
2287 3636 2420 3690 tollit
2466 3640 2621 3693 mala.
2646 3642 2864 3698 —-li:nc
2894 3640 3057 3716 porro
3097 3650 3307 3707 dicebat
3330 3695 3347 3721 ,

1760 3718 1960 3789 duplici
1992 3723 2208 3779 vinculo
2232 3726 2505 3800 stringens
2536 3730 2656 3787 illos
2684 3733 2911 3791 invicem
2941 3755 2954 3802 ;
2994 3748 3048 3794 et
3083 3743 3223 3811 quod
3252 3718 3349 3813 pu;

1762 3821 1937 3868 larcnt
1974 3831 2035 3871 se
2066 3832 2170 3871 nou
2213 3820 2388 3875 minus
2418 3822 2616 3881 habere
2646 3826 2734 3881 illa
2768 3841 3069 3899 praesente,
3109 3844 3162 3889 et
3205 3839 3345 3905 ψιυά

1758 3903 1825 3958 ad
1855 3905 1998 3960 illam
2025 3920 2372 3967 accurrentcs
2399 3913 2649 3985 illamque
2672 3917 2978 3975 obtinentes
3000 3964 3015 3991 ,
3048 3924 3180 3979 nihil
3204 3903 3339 3982 ultra

1758 3994 2051 4053 humanum
2100 4012 2432 4070 paterentur,
2480 4016 2590 4061 tum
2628 4011 2751 4079 quia
2786 4012 3022 4069 radicem
3051 4016 3347 4075 charisma-

1759 4092 1870 4139 tum
1904 4087 2167 4145 haberent
2194 4132 2207 4155 ,
2251 4100 2360 4148 tum
2392 4096 2515 4163 quia
2557 4114 2661 4152 non
2703 4102 2839 4155 ultra
2888 4116 3137 4173 possent,
3182 4109 3343 4165 etiam

1755 4177 1803 4232 si
1850 4178 1983 4233 nihil
2016 4180 2305 4248 haberent,
2336 4188 2685 4244 contendere.
2723 4191 2855 4247 Nam
2886 4197 2973 4266 qui
3000 4198 3163 4251 semel
3194 4214 3222 4253 a
3249 4216 3341 4255 ca-

1756 4267 1916 4325 ritate
1954 4281 2142 4341 captus
2185 4283 2308 4342 est,
2352 4290 2382 4329 a
2430 4282 2773 4337 contentione
2814 4284 2949 4339 liber
2997 4297 3099 4341 est.
3141 4289 3341 4355 Quam-

1754 4358 1939 4414 obrem
1968 4362 2290 4429 ostendens,
2323 4376 2519 4436 quanta
2550 4369 2670 4425 inde
2700 4372 2837 4427 bona
2865 4375 3167 4447 decerpturi
3192 4383 3335 4446 sint,

1753 4450 1960 4506 fructus
1998 4457 2117 4522 ejus
2156 4455 2480 4527 descripsit,
2528 4476 2624 4530 per
2662 4462 2805 4519 illius
2840 4471 3080 4525 eneomia
3120 4474 3339 4530 mei-hos

1752 4541 1968 4598 illorum
2011 4546 2331 4616 reprimens.
2372 4549 2586 4606 Etenim
2622 4570 2741 4625 qua:
2774 4555 2913 4611 dicta
2951 4570 3078 4616 sunt
3107 4564 3337 4635 singula,

1751 4632 2096 4702 pharmacum
2124 4647 2278 4694 erant
2305 4642 2446 4710 quod
2473 4644 2740 4702 sufficeret
2768 4648 2833 4703 ad
2865 4649 3075 4707 illorum
3102 4632 3335 4714 curanda

1748 4724 1994 4782 vulnera.
2025 4728 2255 4801 Ideoque
2287 4732 2517 4797 dicebat,
2551 4735 2764 4793 Patiens
2793 4750 2896 4808 cst,
2938 4744 3201 4802 adversus
3242 4770 3339 4807 eos

1747 4814 1839 4881 qui
1871 4816 2011 4871 inter
2040 4834 2099 4873 se
2126 4822 2500 4892 contendunt;
2539 4825 2769 4899 Benigna
2804 4842 2912 4897 est,
2954 4835 3211 4893 adversus
3240 4858 3337 4898 eos

1746 4904 1837 4973 qui
1864 4904 2127 4962 dissident
2148 4918 2201 4965 et
2220 4913 2430 4967 occulto
2456 4914 2701 4972 feruntur
2720 4919 2844 4974 odio
2864 4937 2877 4987 ;
2898 4922 3017 4978 Non
3036 4931 3328 4999 mutatur,

1744 5006 1930 5051 contra
1960 5013 2057 5052 eos
2089 5001 2179 5069 qui
2226 5002 2464 5059 invident
2497 5006 2614 5075 plus
2655 5008 3008 5079 habentibus;
3061 5015 3180 5071 Non
3223 5023 3333 5090 agit

1745 5101 2046 5155 perperam,
2076 5091 2333 5147 adversus
2363 5109 2456 5150 eos
2485 5098 2574 5165 qui
2604 5099 2855 5168 disjuncti
2892 5114 3050 5170 sunt;
3094 5107 3215 5163 Non
3244 5113 3327 5165 in-

1742 5178 1918 5247 ﬂatur,
1951 5190 2135 5236 contra
2163 5198 2258 5239 eos
2282 5186 2371 5256 qui
2400 5188 2450 5241 in
2477 5189 2612 5246 alios
2641 5194 3003 5263 extolluntur;
3034 5198 3153 5254 Non
3183 5202 3327 5258 inde-

1741 5284 1855 5324 core
1882 5272 2006 5342 agit,
2032 5284 2216 5328 contra
2244 5291 2337 5331 eos
2361 5279 2450 5349 qui
2480 5282 2666 5336 uolunt
2693 5300 2752 5338 sc
2780 5294 3169 5359 attemperare;
3202 5293 3328 5351 Non

1739 5364 1917 5429 quaerit
1944 5379 2059 5432 qua:
2085 5382 2179 5419 sua
2204 5379 2340 5436 sunt,
2370 5372 2628 5429 adversus
2655 5391 2749 5431 eos
2776 5379 2864 5449 qui
2895 5390 3119 5439 ca:teros
3148 5386 3323 5459 despi-

1738 5452 1881 5505 ciunt
1905 5469 1920 5517 ;
1947 5453 2067 5510 Non
2094 5457 2345 5529 irritatur,
2372 5479 2470 5517 non
2492 5468 2679 5536 cogitat
2704 5470 2918 5538 malum,
2945 5474 3201 5534 adversus
3227 5452 3320 5538 eos

1736 5542 1827 5612 qui
1853 5548 2232 5605 contumeliam
2261 5552 2540 5620 inferunt;
2588 5558 2708 5614 Non
2738 5563 2924 5632 gaudet
2951 5582 3104 5637 super
3130 5570 3316 5640 iniqui-

1736 5644 1865 5701 tate,
1900 5642 2181 5712 congaudet
2214 5654 2384 5700 autem
2414 5650 2645 5719 veritati,
2686 5669 2871 5709 rursus
2901 5657 3158 5715 adversus
3186 5662 3319 5718 invi-

1731 5725 1830 5783 dos
1853 5744 1867 5795 ;
1900 5729 2084 5785 Omnia
2117 5733 2311 5803 stt/fert,
2336 5737 2593 5795 adversus
2614 5757 2706 5797 eos
2728 5746 2815 5813 qui
2838 5747 3060 5803 insidias
3082 5762 3304 5821 parant;

1735 5819 1922 5877 Omnia
1966 5836 2170 5898 sperat,
2203 5828 2458 5889 adversus
2501 5848 2595 5889 cos
2638 5837 2728 5907 qui
2768 5819 3092 5911 desperant;
3126 5819 3313 5903 Omnia
