3776 6312
413 354 519 409 287

414 470 646 532 sustinet,
673 482 950 535 numquam
974 464 1187 529 excidit,
1215 474 1401 520 contra
1427 481 1523 520 eos
1548 467 1639 536 qui
1671 466 1824 521 facile
1853 467 2010 522 dissi-

413 561 564 617 dent.
615 557 753 626 Quia
800 555 948 626 igitut
1006 557 1153 610 illam
1203 557 1437 626 undique
1481 572 1724 626 tnagnam
1767 557 2012 613 exhibuit

414 667 538 705 cum
570 649 864 721 hyperbole
889 647 1061 712 omni,
1094 663 1284 702 rursus
1310 663 1374 702 ex
1403 648 1510 702 alio
1535 649 1712 718 capite
1738 648 1840 703 hoc
1862 649 2006 715 facit,

416 763 513 816 per
539 743 997 813 comparationem
1026 742 1188 794 aliam
1215 742 1333 811 ejus
1357 741 1674 811 dignitatem
1702 742 2004 806 extollens,

412 847 469 891 et
490 837 568 890 sic
590 836 772 890 dicens
803 878 809 884 .
841 834 960 887 Sive
988 833 1266 903 prapltetite
1288 833 1682 898 evacuabnntur,
1704 834 1807 886 sive
1822 833 2010 902 lingua:

415 930 701 982 cessabunt.
731 926 788 980 Si
811 927 952 979 enim
985 924 1097 978 htec
1121 933 1344 994 utraque
1367 933 1582 994 propter
1607 925 1766 979 fidem
1795 926 2008 978 inducta

417 1029 562 1082 sunt,
594 1018 694 1074 hac
725 1019 918 1087 ubique
950 1028 1212 1071 terrarum
1241 1016 1482 1086 dispersa
1504 1058 1518 1082 ,
1559 1016 1669 1086 jam
1699 1016 2005 1086 superfluus

417 1114 628 1168 illorum
657 1126 784 1165 usus
816 1111 995 1165 fuerit.
1042 1109 1146 1164 Sed
1177 1120 1357 1163 mutua
1391 1109 1479 1163 illa
1513 1109 1729 1164 dilectio
1757 1125 1863 1163 non
1891 1125 2010 1162 ces-

417 1204 576 1267 sabit,
604 1203 711 1257 imo
738 1201 906 1272 magis
933 1210 1161 1267 crescet,
1187 1210 1240 1254 et
1267 1201 1351 1254 hic
1380 1210 1433 1254 et
1462 1202 1512 1254 in
1547 1201 1744 1267 futuro,
1779 1210 2008 1269 tuncque

417 1298 588 1368 magis
615 1311 774 1367 quam
805 1311 964 1349 nunc.
1001 1295 1096 1348 llic
1121 1296 1264 1349 enim
1294 1295 1458 1348 multa
1489 1305 1612 1348 sunt
1654 1309 1773 1364 qua:
1814 1298 2010 1347 carita-

418 1399 528 1445 tem
559 1387 840 1444 emolliant
871 1397 924 1440 et
951 1387 1223 1450 minuant,
1256 1386 1526 1455 pecuniae,
1558 1387 1764 1456 negotia
1789 1428 1804 1453 ,
1837 1386 2006 1440 morbi

417 1493 724 1549 corporum,
745 1477 1086 1548 {egritudines
1103 1477 1330 1540 animm;
1364 1477 1472 1531 illic
1497 1491 1625 1532 vero
1654 1476 1786 1532 nihil
1817 1477 2007 1530 hortnn

418 1570 610 1628 aderit.
653 1569 760 1626 Sed
799 1569 942 1640 quod
985 1567 1277 1638 prophetia:
1308 1577 1364 1622 et
1402 1568 1595 1638 lingua:
1623 1577 1880 1635 cessent,
1909 1567 2008 1621 mi-

417 1682 534 1721 rum
566 1680 671 1720 non
711 1672 831 1728 est;
863 1662 1004 1732 quod
1045 1670 1223 1717 autem
1263 1662 1488 1716 scientia
1518 1661 1859 1724 destruatur,
1907 1660 2007 1716 hoc

416 1768 564 1814 certe
588 1755 942 1827 qutestloncm
968 1765 1148 1809 movet
1173 1771 1185 1807 :
1219 1769 1341 1808 nam
1370 1761 1424 1807 et
1454 1753 1555 1808 hoc
1580 1751 1772 1821 adjecit
1799 1752 2002 1818 dicens,

425 1848 547 1904 Sive
567 1847 778 1902 scientia
806 1847 1112 1900 destruetur.
1136 1843 1272 1912 Quid
1296 1843 1464 1914 ergo?
1484 1843 1536 1897 in
1565 1843 1858 1914 ignorantia
1881 1851 2007 1899 tunc

418 1940 609 1994 victuri
641 1938 869 1994 sumus?
897 1937 1092 1992 Absit:
1146 1952 1272 1991 nam
1317 1945 1441 1990 tunc
1489 1936 1720 1991 maxime
1766 1936 2006 2007 augenda

415 2031 643 2087 scicntia
671 2040 791 2095 est;
822 2029 1052 2098 ideoque
1078 2027 1324 2082 diccbat:
1365 2025 1511 2081 Tunc
1540 2043 1840 2098 cognoscam
1879 2029 2007 2081 sicut

416 2132 463 2176 et
493 2123 724 2193 cognitus
750 2137 866 2175 sum
893 2120 970 2191 (1.
1000 2120 1118 2176 Cor.
1150 2121 1237 2175 15.
1270 2119 1379 2189 li).
1421 2119 1749 2189 Propterea,
1789 2135 1856 2175 ne
1887 2135 2008 2189 per-

418 2215 544 2270 inde
581 2226 742 2285 alque
786 2213 1120 2286 prophetiam
1159 2223 1210 2269 et
1255 2213 1462 2284 linguas
1502 2213 1637 2268 hanc
1678 2225 2005 2270 cessaturam

419 2323 538 2362 esse
570 2317 803 2376 putares,
836 2321 956 2360 cum
986 2305 1230 2369 dixisset,
1265 2306 1388 2360 Sive
1431 2307 1641 2360 scicntia
1683 2306 2004 2373 destruetur,

419 2419 525 2458 non
572 2402 755 2464 tacuit,
787 2399 881 2455 scd
911 2399 1127 2454 modum
1161 2399 1549 2454 destructionis
1579 2400 1872 2469 subjunxit,
1900 2400 2007 2456 cito

418 2495 625 2550 addens
665 2494 836 2548 illud:
883 2493 937 2548 9.
978 2492 1062 2547 Ea:
1089 2503 1235 2562 parte
1263 2494 1650 2564 cognoscimus,
1689 2503 1734 2548 et
1763 2511 1827 2548 ea:
1863 2503 2010 2566 parte

420 2589 800 2659 prophetamus.
847 2586 936 2641 10.
977 2585 1103 2640 Cum
1131 2597 1300 2639 autent
1340 2587 1527 2640 uenerit
1555 2587 1692 2657 quod
1731 2589 2008 2658 perfectum

418 2690 526 2742 est,
567 2689 687 2733 tunc
731 2679 1058 2732 evacuabitur
1103 2676 1240 2745 quod
1291 2693 1354 2731 ea:
1400 2688 1544 2748 parte
1581 2689 1673 2733 est.
1722 2678 1838 2733 Non
1877 2692 2007 2748 ergo

419 2772 644 2827 scientia
686 2770 1004 2837 destruitur,
1044 2769 1136 2824 sed
1175 2769 1260 2823 illa
1305 2785 1369 2825 ex
1407 2782 1561 2842 parte
1602 2781 1803 2826 tantum
1834 2771 2007 2827 scien-

420 2865 490 2919 tia
514 2883 527 2918 :
558 2879 662 2918 non
691 2864 832 2918 enim
859 2862 1032 2918 solum
1061 2871 1140 2917 tot
1171 2872 1422 2933 tantaque
1449 2863 1698 2928 sciemus,
1727 2863 1820 2918 sed
1845 2864 2005 2919 etiam

419 2956 589 3010 multo
619 2954 795 3025 plura.
830 2952 898 3008 Ut
926 2963 1106 3008 autem
1140 2953 1270 3008 illud
1297 2953 1544 3022 exemplo
1577 2955 1746 3024 palam
1777 2952 1964 3008 faciam
1990 2971 2004 3008 :

421 3064 565 3103 nunc
593 3047 794 3101 scimus
836 3046 1001 3101 Dcmn
1046 3045 1243 3115 ubique
1269 3061 1390 3100 esse
1410 3086 1426 3111 ,
1456 3045 1548 3100 sed
1581 3043 1883 3114 quomodo,
1916 3059 2010 3099 nc-

426 3140 667 3194 scimus:
702 3137 842 3207 quod
874 3153 938 3191 ex
973 3137 1141 3191 nihilo
1191 3138 1370 3191 omnia
1399 3135 1587 3191 fecerit
1611 3136 1846 3202 scimus,
1889 3151 2006 3191 mo-

421 3231 551 3286 dum
578 3240 758 3284 autctn
792 3229 1141 3297 ignoramus:
1186 3227 1328 3297 quod
1373 3238 1447 3282 cx'
1471 3227 1684 3297 Virgine
1720 3235 1877 3281 natus
1903 3227 2005 3293 sit,

421 3321 692 3393 quomodo
713 3330 912 3382 autem,
946 3334 1050 3372 non
1075 3320 1224 3373 item.
1247 3317 1398 3372 Tunc
1425 3328 1601 3372 autem
1630 3317 1757 3386 quid
1780 3317 2009 3388 amplius

426 3427 485 3474 et
531 3415 727 3471 clarius
780 3413 847 3468 de
905 3413 986 3466 his
1037 3425 1450 3482 cognoscemus.
1522 3410 1724 3465 Deinde
1776 3411 2010 3466 ostendit

421 3518 678 3579 quantum
719 3505 959 3569 intersit,
993 3513 1047 3556 et
1076 3502 1216 3573 quod
1252 3502 1337 3555 hic
1377 3501 1558 3556 deficit
1601 3519 1705 3557 non
1733 3517 1854 3557 esse
1885 3519 2008 3573 par-

422 3616 580 3664 vum,
620 3598 841 3654 dicens:
892 3597 976 3650 ll.
1027 3594 1152 3648 Cum
1191 3611 1348 3648 essent
1391 3595 1648 3663 parvulus,
1673 3594 1911 3663 loquebar
1959 3606 2010 3649 ut

423 3691 688 3762 parvulus,
710 3688 964 3758 sapiebam
994 3695 1047 3739 ut
1077 3685 1317 3756 paruulus
1341 3701 1360 3738 :
1385 3701 1498 3739 cum
1523 3695 1688 3739 autem
1713 3688 1878 3758 factus
1900 3704 2010 3740 sum

424 3783 522 3848 vir,
543 3779 777 3834 evacuavi
803 3794 916 3847 qua:
935 3787 1078 3830 erant
1104 3776 1322 3845 parvuli.
1352 3773 1452 3830 Per
1479 3775 1607 3830 illud
1627 3785 1802 3832 autem
1824 3793 2010 3832 exom-

427 3875 574 3945 plmn
605 3871 706 3926 hoc
734 3872 905 3940 ipsum
939 3883 1124 3923 rursus
1151 3868 1423 3936 declarat,
1465 3869 1687 3925 dicens:
1732 3869 1818 3925 12.
1859 3869 2010 3926 Vide-

427 3983 539 4021 mus
567 3965 697 4019 enim
737 3980 869 4017 nunc
900 3980 990 4031 per
1015 3964 1296 4034 speculum.

496 4058 554 4114 2.
597 4056 797 4112 Deinde
827 4057 947 4126 quia
977 4055 1257 4124 speculum
1291 4053 1341 4108 id
1372 4054 1513 4125 quod
1554 4054 1763 4110 videtur
1801 4065 2011 4110 utcum-

427 4165 532 4222 que
571 4157 857 4215 monstrat,
891 4147 1186 4218 subjnnxit,
1213 4146 1279 4199 In
1305 4146 1593 4217 aznigmate,
1624 4162 1688 4201 ex
1722 4145 2013 4218 hyperbole

427 4252 735 4298 monstrans
765 4257 857 4311 per
885 4240 1118 4296 modicas
1147 4249 1324 4310 partes
1345 4255 1466 4295 esse
1496 4251 1812 4310 prmsentem
1839 4242 2015 4297 scien-

427 4337 577 4391 tiam.
612 4334 753 4388 Tunc
797 4343 965 4390 autem
992 4333 1122 4403 [acie
1149 4332 1218 4385 ad
1247 4331 1462 4401 faciem;
1508 4347 1615 4386 non
1653 4331 1794 4403 quod
1828 4333 2012 4387 faciem

429 4431 624 4485 habeat
653 4427 827 4494 Deus,
858 4425 952 4481 sed
985 4435 1043 4481 ut
1081 4441 1194 4481 rem
1225 4425 1425 4482 clarius
1450 4435 1504 4482 et
1532 4427 1703 4497 magis
1735 4427 2016 4498 perspicue

425 4525 591 4579 dicat.
650 4520 809 4576 Vides
859 4517 1042 4574 omnia
1115 4517 1388 4574 discentes
1440 4534 1534 4589 per
1581 4519 2015 4574 incrementum?

489 4631 585 4669 nnc
627 4628 876 4684 cognosco
905 4627 968 4666 ea:
997 4619 1141 4680 parte
1166 4651 1180 4672 ,
1225 4618 1342 4663 tunc
1369 4620 1534 4663 autent
1563 4627 1862 4680 cognoscam
1889 4613 2015 4666 sicut

426 4715 476 4761 et
503 4705 733 4776 cognitus
761 4720 896 4758 sum.
925 4701 1114 4756 Vidcn'
1151 4700 1420 4770 quomodo
1451 4700 1640 4756 fastum
1682 4719 1866 4757 eorum
1911 4703 2013 4758 du-

431 4797 642 4866 pliciter
668 4794 972 4864 deprimat?
1001 4792 1142 4864 quod
1176 4801 1230 4846 et
1261 4807 1353 4862 per
1389 4794 1664 4860 partessn
1692 4795 1932 4858 scientia,
1962 4803 2018 4850 et

430 4887 575 4959 quod
605 4901 711 4941 non
741 4887 884 4940 illam
917 4901 981 4940 cx
1009 4899 1068 4939 se
1099 4885 1348 4940 habeant.
1397 4883 1512 4937 Non
1549 4885 1690 4938 enim
1727 4903 1825 4956 ego
1868 4887 2015 4942 illum

433 4979 580 5042 novi,
622 4976 718 5032 sed
763 4992 823 5032 se
871 4977 985 5048 ipse
1027 4975 1154 5029 mihi
1186 4984 1370 5032 notum
1405 4974 1548 5040 fecit,
1577 4974 1767 5045 inquit.
1817 4977 2016 5045 Quem-

434 5069 723 5126 admodum
766 5085 895 5139 ergo
935 5070 1050 5140 ipse
1097 5085 1184 5124 tne
1227 5069 1379 5122 novit
1423 5069 1566 5138 prior
1609 5084 1770 5135 nunc,
1810 5080 1864 5126 et
1906 5071 2020 5141 ipse

434 5162 501 5216 ad
551 5177 638 5216 me
679 5160 913 5215 accurrit
951 5177 964 5213 :
1007 5160 1086 5215 sic
1129 5173 1229 5229 ego
1274 5170 1399 5213 tunc
1437 5158 1502 5213 ad
1549 5158 1696 5216 illum
1743 5175 2018 5216 accurram

437 5251 604 5306 multo
636 5251 824 5320 magis,
851 5265 1010 5318 quam
1044 5265 1202 5303 nunc.
1233 5249 1442 5306 Etenim
1471 5250 1560 5319 qui
1590 5251 1639 5304 in
1674 5251 1908 5307 tenebris
1936 5267 2022 5309 se-

437 5343 528 5397 det
549 5383 563 5405 ,
591 5341 766 5396 donec
793 5340 985 5394 viderit
1018 5340 1207 5404 solem,
1241 5355 1343 5393 non
1375 5341 1488 5409 ipse
1523 5341 1754 5396 accurrit
1796 5343 1862 5397 ad
1908 5345 2022 5414 pul-

440 5434 801 5489 chritudinem
831 5429 987 5497 radii,
1019 5430 1112 5484 sed
1142 5430 1228 5484 illa
1259 5431 1486 5502 seipsam
1513 5432 1780 5500 ostendit,
1810 5437 2023 5505 quando

437 5525 715 5580 illuxerit:
763 5539 884 5578 cum
922 5530 1100 5576 autem
1144 5521 1260 5592 ejus
1310 5521 1652 5591 splendorem
1693 5527 2020 5596 susceperit,

441 5629 569 5674 tunc
605 5627 658 5672 ct
701 5618 816 5686 ipse
859 5614 1075 5670 denunn
1128 5613 1301 5668 lucem
1345 5617 1701 5684 persequitur.
1745 5617 1856 5672 lloc
1895 5635 2024 5690 ergo

439 5712 542 5768 sibi
583 5711 695 5765 vult
737 5709 886 5770 illud,
917 5709 1062 5764 Sicut
1089 5719 1136 5762 ct
1171 5708 1399 5778 cognitus
1428 5724 1586 5764 sum:
1633 5725 1739 5764 non
1784 5711 1908 5782 quia
1955 5713 2022 5768 ita

438 5802 587 5858 illum
613 5783 877 5874 cognituri
905 5814 1111 5870 stamus,
1140 5801 1278 5857 sicut
1308 5798 1421 5872 ipse
1447 5815 1548 5858 nos
1589 5801 1894 5876 cognoscit;
1929 5804 2025 5863 sed

1212 351 1269 406 S.
1300 351 1580 408 JOANNIS
1617 353 2090 412 CllllYSOSTOMI
2125 355 2438 412 ARCIIIEP.
2479 355 3010 414 CONSTANTINOP.
3592 363 3680 424 288

2118 469 2240 538 quia
2271 472 2410 524 sicut
2443 471 2531 525 ille
2565 471 2632 524 ad
2679 487 2775 526 nos
2813 489 2954 529 nunc
2991 478 3224 532 accurrit
3247 519 3260 541 ,
3308 479 3381 534 ita
3415 489 3470 536 et
3500 497 3590 536 nos
3619 488 3682 538 sic

2120 570 2246 615 ttme
2273 563 2443 628 ipsum
2477 565 2854 633 insequemur,
2884 575 2940 621 et
2964 569 3129 624 multa
3157 611 3172 634 ,
3199 587 3317 640 qua:
3344 589 3487 628 nunc
3510 590 3681 630 arcana

2117 662 2259 710 sinit.
2289 655 2520 708 sciemus
2540 695 2556 720 ,
2599 667 2654 710 et
2683 659 2989 714 beatissima
3021 661 3110 716 illa
3138 661 3378 719 fruemur
3417 678 3683 720 consuetu-

2116 743 2242 798 dine
2281 757 2336 798 ct
2379 747 2662 814 sapientia.
2715 749 2770 803 Si
2820 752 2964 806 enim
3007 757 3095 822 qui
3144 764 3250 808 tam
3292 757 3463 812 multa
3506 760 3682 815 sciebat

2120 835 2315 891 Paulus
2343 839 2598 906 parvulus
2622 851 2770 905 erat,
2797 842 2970 914 c0gita
2999 856 3195 914 quanta
3224 849 3309 903 illa
3341 851 3455 906 sint
3480 871 3498 906 :
3521 855 3561 906 si
3588 855 3685 909 haec

2115 937 2242 982 sunt
2264 930 2537 997 speculum
2564 941 2619 985 et
2645 934 2895 1003 aanigma,
2915 935 3002 990 hic
3023 937 3153 991 mihi
3179 941 3492 998 consideres
3510 955 3682 1013 quanta

2116 1020 2184 1073 sit
2211 1019 2395 1075 facies.
2427 1020 2500 1077 Ut
2537 1031 2715 1078 autem
2757 1025 2849 1079 tibi
2882 1041 3101 1095 parvum
3144 1031 3418 1100 quidpiam
3463 1038 3676 1104 aperiam

2116 1112 2257 1167 circa
2286 1112 2643 1169 differentiam
2675 1115 2833 1184 hanc,
2861 1127 2915 1174 et
2944 1120 3151 1174 radium
3179 1125 3486 1193 quempiam
3513 1127 3682 1182 obscu-

2117 1219 2234 1256 rum
2261 1203 2419 1273 lmjus
2441 1207 2762 1276 cognitionis
2787 1209 2839 1263 in
2860 1212 3092 1266 animam
3121 1224 3262 1268 tuam
3287 1216 3590 1284 immittam,
3614 1236 3684 1275 re-

2114 1295 2338 1350 cordare
2379 1312 2565 1351 eorum
2608 1315 2728 1368 qua:
2773 1301 2824 1354 in
2863 1301 2979 1372 lege
3012 1314 3169 1368 sunt,
3208 1323 3350 1362 nttnc
3385 1323 3507 1362 cum
3541 1313 3682 1380 gratia

2113 1383 2330 1439 effulsit.
2372 1385 2583 1442 Etenim
2615 1389 2701 1443 illa
2729 1400 2852 1446 ante
2879 1393 3104 1463 gratiam
3148 1411 3339 1466 magna
3367 1401 3604 1469 qna'dam
3642 1412 3686 1456 ct

2113 1477 2377 1532 mirabilia
2405 1477 2721 1536 videbantur
2755 1497 2912 1549 esse;
2955 1494 3193 1542 attamen
3231 1488 3359 1543 audi
3399 1491 3525 1560 quid
3565 1491 3688 1546 dicat

2113 1569 2180 1624 de
2210 1571 2314 1624 illis
2343 1579 2463 1638 post
2497 1574 2722 1641 gratiam
2767 1575 2963 1631 Paulus
2992 1597 3006 1634 :
3055 1578 3176 1634 Non
3225 1583 3570 1653 gloricantia
3606 1589 3685 1656 fuit

2111 1662 2246 1730 quod
2271 1663 2459 1716 claruit
2489 1665 2539 1717 in
2569 1668 2666 1718 hac
2689 1679 2852 1735 parte,
2885 1681 3092 1740 propter
3116 1676 3570 1742 supereminentem
3589 1680 3685 1748 gloo

2111 1753 2242 1805 riam
2269 1753 2342 1821 (2.
2372 1753 2492 1808 Cor.
2520 1756 2574 1810 5.
2605 1756 2721 1828 10).
2752 1758 2819 1814 Ut
2839 1771 3016 1814 autem
3043 1763 3188 1831 quod
3210 1763 3334 1820 dico
3359 1766 3556 1822 clarius
3580 1784 3685 1823 eva-

2110 1843 2220 1910 dat,
2239 1844 2291 1900 in
2311 1861 2469 1900 unam
2487 1849 2722 1919 aliquam
2742 1867 2876 1916 rem,
2889 1869 3010 1922 qua:
3028 1863 3153 1909 tunc
3170 1857 3398 1926 mystice
3417 1859 3684 1929 perageba-

2113 1948 2218 2006 tur,
2236 1954 2542 1996 sermoncm
2573 1942 2977 2011 transferamus,
3007 1956 3060 2000 et
3087 1956 3213 2004 tunc
3229 1949 3438 2005 videbis
3454 1961 3683 2022 quantum

2110 2030 2180 2083 sit
2207 2031 2542 2086 intervallum
2573 2052 2586 2086 :
2628 2043 2682 2088 et
2707 2035 2750 2088 si
2778 2036 2858 2090 vis
2879 2078 2893 2100 ,
2937 2036 3140 2092 Pascha
3169 2039 3220 2094 in
3247 2040 3485 2096 medium
3512 2041 3683 2098 affera-

2113 2136 2230 2175 mus
2259 2130 2313 2177 et
2351 2131 2504 2178 vetus
2536 2133 2590 2179 et
2630 2139 2826 2181 novum
2848 2169 2862 2188 ,
2892 2137 2945 2183 et
2973 2139 3098 2184 tunc
3126 2131 3264 2187 scies
3295 2133 3679 2188 excellentiam.

2112 2212 2244 2267 Illud
2284 2215 2428 2268 enim
2470 2216 2817 2272 celebrabant
2856 2220 3016 2274 etiam
3047 2220 3238 2286 Judasi,
3273 2222 3384 2279 hoc
3412 2235 3584 2279 autem
3608 2240 3683 2293 pa-

2112 2317 2200 2362 cto
2223 2307 2606 2375 celebrabant,
2637 2319 2694 2365 ut
2733 2311 2784 2365 in
2825 2314 3043 2382 specqu
3085 2315 3216 2370 etin
3258 2318 3681 2387 aenigmateur.

2111 2413 2242 2452 cana
2275 2409 2452 2454 autem
2487 2400 2602 2455 hac
2630 2402 2883 2472 mysteria
2916 2418 2982 2459 ne
3011 2405 3062 2458 in
3091 2417 3324 2460 mentem
3355 2407 3570 2478 quidem
3595 2408 3683 2461 illis

2114 2505 2346 2559 unquam
2375 2500 2654 2558 venerant,
2674 2508 2850 2563 neque
2876 2493 3118 2550 sciebant
3141 2511 3388 2566 quaenam
3417 2510 3591 2554 essent
3609 2514 3679 2563 ea,

2111 2597 2233 2650 qme
2262 2582 2349 2636 illa
2379 2584 2840 2651 pra'nuntiabant;
2871 2585 2965 2640 sed
2996 2601 3150 2641 ovem
3181 2587 3439 2643 videbant
3465 2592 3679 2654 mactari,

2113 2681 2166 2727 et
2192 2675 2502 2743 sanguinem
2532 2675 2761 2739 bruti,et
2791 2685 2972 2745 portas
3000 2677 3092 2731 illo
3114 2689 3335 2743 unctas;
3361 2679 3504 2750 quod
3527 2692 3680 2733 autem

2111 2763 2281 2820 Filius
2311 2766 2400 2820 Dei
2433 2767 2743 2822 incarnatus
2770 2770 3084 2824 mactandos
3109 2781 3253 2826 esset
3276 2783 3332 2827 et
3360 2773 3546 2828 orbem
3571 2773 3682 2826 libe-

2112 2867 2329 2914 raturus
2376 2869 2584 2922 totum,
2637 2860 2969 2930 daturusque
3015 2871 3068 2915 et
3109 2861 3312 2916 Graecis
3353 2873 3412 2919 et
3469 2863 3683 2918 barbaris

2113 2950 2428 3019 sanguinem
2475 2950 2619 3006 hunc
2677 2952 3114 3022 degustandum,
3173 2955 3366 3008 caelum
3427 2965 3682 3026 aperturus

2113 3043 2385 3108 omnibus,
2419 3051 2473 3097 ct
2517 3059 2637 3112 qua:
2682 3045 2788 3099 illic
2829 3055 2955 3099 sunt
3004 3045 3236 3101 lmmano
3274 3048 3460 3116 generi
3501 3048 3681 3102 oblatu-

2114 3149 2205 3188 rus
2231 3151 2246 3198 ;
2281 3144 2332 3188 et
2366 3150 2585 3190 carnem
2625 3135 2768 3190 illam
2796 3137 3055 3207 sanguine
3081 3148 3420 3194 cruentatam
3450 3140 3682 3196 deductu

2114 3241 2206 3281 rus
2235 3241 2394 3295 supra
2440 3228 2632 3282 caelum
2678 3235 2734 3283 et
2772 3229 2962 3284 etclam
2991 3231 3134 3298 ca-li,
3168 3241 3222 3286 et
3252 3247 3444 3287 omnes
3488 3235 3682 3286 omnino

2113 3332 2378 3387 supernos
2435 3318 2788 3389 angelorum,
2863 3321 3310 3391 archangelorum
3374 3324 3682 3392 aliarumque

2113 3409 2368 3485 virtutum
2388 3411 2676 3475 exercitus,
2695 3419 2750 3466 et
2772 3412 2821 3465 in
2839 3412 2954 3484 ipso
2974 3413 3168 3468 throno
3191 3416 3336 3485 regio
3351 3418 3416 3468 ad
3431 3417 3679 3478 dexteram

2116 3499 2290 3554 Patris
2315 3483 2584 3556 sessuram
2614 3483 2995 3567 collocaturus,
3029 3505 3194 3576 gloria
3221 3505 3476 3560 ineffabili
3506 3505 3683 3575 fulgen-

2118 3603 2222 3647 tem
2251 3612 2263 3646 :
2299 3595 2412 3648 haec
2439 3603 2586 3648 certe
2619 3611 2792 3664 neque
2823 3596 3059 3663 illorum,
3091 3613 3264 3667 neque
3289 3599 3516 3652 aliorum
3543 3599 3682 3652 homi-

2117 3701 2244 3739 num
2277 3684 2542 3754 quispiam
2572 3685 2655 3740 vel
2698 3688 3001 3756 pracscivit,
3033 3689 3114 3742 vel
3163 3689 3216 3742 in
3249 3698 3485 3744 tuentem
3517 3704 3682 3742 vocare

2118 3777 2308 3846 potuit.
2339 3776 2442 3832 Sed
2474 3775 2598 3846 quid
2630 3776 2816 3832 dicunt
2846 3778 2879 3832 ii
2910 3779 2997 3848 qui
3035 3780 3216 3834 omnia
3254 3781 3492 3836 audent?
3530 3779 3677 3844 Illud,

2122 3867 2279 3922 Nunc
2308 3885 2554 3940 cognosco
2579 3886 2644 3924 ea:
2672 3881 2835 3939 parte,
2875 3870 2942 3925 de
2969 3871 3460 3942 dispensationibus
3505 3874 3678 3928 dictum

2117 3976 2273 4026 esse;
2327 3962 2498 4030 ipsum
2551 3962 2696 4015 enim
2742 3960 3031 4030 perfectam
3079 3964 3146 4017 de
3197 3965 3305 4018 Deo
3345 3965 3680 4035 cognitionem

2119 4051 2390 4107 habuisse.
2439 4053 2505 4106 Et
2539 4053 2809 4122 quomodo
2838 4068 2900 4107 se
2929 4053 3185 4110 infantem
3218 4057 3414 4111 vocat?
3441 4052 3682 4127 quomodo

2117 4159 2214 4214 per
2238 4145 2515 4213 speculum
2545 4144 2728 4200 videt?
2759 4145 3028 4215 quomodo
3059 4148 3109 4201 in
3141 4148 3440 4218 arnigmate,
3470 4151 3513 4203 si
3540 4157 3678 4203 totam

2119 4237 2280 4292 habet
2328 4237 2646 4293 scientiam?
2694 4253 2791 4293 cur
2840 4239 2970 4294 illud
3016 4242 3166 4310 quasi
3216 4241 3474 4296 cxin'iium
3525 4238 3679 4295 tribuit

2118 4329 2360 4401 Spiritui,
2393 4340 2447 4386 et
2477 4332 2608 4385 nulli
2638 4332 2726 4385 alii
2763 4343 2960 4388 creatae
2991 4335 3278 4403 potestati,
3309 4333 3536 4390 dicens:
3577 4332 3678 4397 Quis

2119 4426 2252 4480 enim
2289 4426 2424 4477 novit
2462 4441 2576 4494 qua:
2615 4433 2733 4478 sunt
2773 4426 2993 4480 hominis
3015 4468 3029 4490 ,
3064 4428 3158 4480 nisi
3202 4427 3413 4495 spiritus
3451 4425 3674 4484 hominis,

2119 4517 2205 4587 qui
2230 4525 2302 4570 est
2330 4517 2381 4570 in
2413 4515 2566 4586 ipso?
2597 4516 2686 4571 Sic
2716 4526 2761 4569 et
2791 4533 2906 4586 qua:
2950 4516 3044 4572 Dei
3083 4529 3197 4571 sunt
3227 4535 3372 4573 nemo
3410 4519 3540 4573 novit
3557 4558 3569 4581 ,
3597 4514 3676 4568 nisi

2123 4609 2349 4679 Spiritus
2375 4607 2472 4661 Dei
2499 4609 2576 4678 (l.
2624 4607 2744 4663 Cor.
2787 4610 2843 4662 2.
2874 4609 2986 4679 ll).
3023 4611 3088 4664 Et
3111 4610 3359 4667 Christus
3384 4625 3584 4667 rursum
3610 4607 3675 4662 sni

2121 4699 2288 4754 solius
2324 4700 2426 4753 hoc
2453 4713 2575 4753 esse
2602 4698 2736 4754 dicit
2764 4700 2833 4754 ita
2868 4700 3132 4770 loquens:
3165 4699 3290 4756 Non
3322 4704 3460 4771 quod
3500 4701 3677 4755 Patmt

2122 4791 2246 4845 vidit
2283 4791 2586 4860 quisquam,
2617 4791 2716 4844 nisi
2744 4792 2828 4862 qui
2868 4803 2940 4846 est
2985 4811 3017 4844 a
3058 4793 3161 4847 Deo
3181 4835 3196 4859 ,
3226 4795 3308 4849 hic
3335 4797 3459 4849 vidit
3501 4793 3677 4847 Patrem

2125 4882 2305 4955 (Joan.
2337 4883 2394 4938 6.
2424 4885 2557 4954 46);
2593 4885 2853 4940 visionem
2882 4885 3070 4941 dicens
3099 4889 3448 4944 clarissimam
3487 4897 3539 4944 et
3575 4901 3674 4957 per-

2124 4975 2467 5031 fectissimam
2522 4977 2906 5046 cognitionem.
2970 4980 3250 5045 Quomodo
3303 4991 3483 5037 autem
3523 4981 3564 5036 is
3601 4977 3674 5048 qui

2125 5067 2476 5124 substantiam
2500 5068 2668 5135 novit,
2690 5070 3022 5125 tecononiias
3042 5080 3095 5125 et
3115 5071 3532 5141 dispensationes
3554 5071 3678 5141 igno-

2127 5159 2298 5214 rabit?
2347 5159 2438 5214 llla
2469 5160 2613 5215 enim
2661 5161 2896 5230 cognitio
2927 5161 3025 5218 hac
3067 5163 3236 5233 major
3264 5173 3368 5220 est.
3404 5164 3676 5236 Ignorannts

2127 5269 2278 5324 ergo,
2305 5253 2498 5324 inquit,
2525 5253 2730 5309 Deum?
2761 5254 2915 5308 Absit
2940 5274 2954 5310 :
2985 5254 3080 5309 sed
3107 5256 3248 5325 quod
3278 5257 3487 5326 quidem
3516 5256 3579 5309 sit
3601 5265 3678 5305 uo-

2127 5349 2339 5412 vimus;
2371 5346 2498 5416 quid
2531 5354 2710 5402 autem
2736 5347 3037 5402 substantia
3067 5349 3130 5401 sit
3151 5388 3166 5413 ,
3202 5365 3307 5404 non
3350 5351 3494 5405 item.
3543 5346 3600 5401 Et
3633 5353 3677 5394 ut

2129 5440 2270 5495 scias
2315 5437 2457 5509 quod
2507 5454 2616 5494 non
2667 5438 2736 5493 tle
2788 5438 3276 5508 dispensationibus
3320 5440 3508 5496 dixerit
3550 5434 3672 5497 illud,

2194 5547 2290 5584 nnc
2323 5545 2571 5604 cognosco
2617 5545 2680 5584 ea:
2718 5541 2891 5602 parte,
2924 5531 3049 5586 audi
3090 5533 3405 5601 sequentia:
3437 5525 3675 5598 subjunxit

2131 5639 2282 5693 ergo,
2317 5622 2458 5678 Tunc
2499 5633 2666 5678 autem
2701 5640 3001 5694 cognoscam
3045 5625 3175 5678 sicut
3220 5637 3266 5678 et
3312 5625 3531 5696 cognitus
3563 5632 3670 5675 sitm-

2134 5716 2247 5771 Nen
2277 5727 2453 5770 autem
2481 5734 2510 5771 a
2535 5716 3025 5787 dispensationibus
3046 5727 3099 5774 ct
3127 5719 3438 5773 (nconomiis
3465 5713 3674 5784 cognitu!

2137 5815 2218 5865 cst
2243 5847 2258 5875 ,
2305 5807 2396 5864 sed
2427 5824 2457 5864 a
2491 5809 2619 5866 Deo.
2653 5807 2822 5865 Nemo
2852 5809 3008 5882 igitur
3038 5811 3118 5866 vel
3150 5825 3364 5880 parvam
3395 5809 3472 5866 vel
3497 5802 3673 5877 simpli.
