3802 6214
115 285 210 341 287

96 404 222 455 κατά
254 401 524 473 σύγκρισιν
557 404 751 476 ἑτέραν
791 404 1031 476 ἐπαίρων
1079 410 1247 479 αὐτῆς
1289 411 1350 461 τὸ
1389 409 1628 478 ἀξίωμα,

93 486 181 537 καὶ
228 485 380 553 λέγων
432 485 638 550 οὕτως·
680 489 819 541 Εἴτε
849 489 917 541 δὲ
947 492 1297 558 προφητεῖαι
1340 508 1635 558 καταργη-

91 566 371 634 θήσονται,
406 570 527 622 ειτε
574 569 849 638 γλῶσσαι
890 573 1241 627 παύσονται.
1294 576 1355 627 Εἰ
1384 576 1491 644 γὰρ
1528 576 1636 643 ἀμ-

88 651 274 721 φότερα
315 650 481 705 ταῦτα
542 654 642 722 τῆς
700 654 934 718 πίστεως
1000 656 1185 710 ἕνεκεν
1237 658 1635 727 εἰσενήνεκται,

81 733 275 804 ταύτης
320 735 586 806 πανταχοῦ
631 737 1048 808 διασπαρείσης,
1104 739 1333 810 περιττὴ
1371 738 1573 793 τούτων
1600 741 1634 809 ἠ

80 817 233 886 χρεία
272 818 460 871 λοιπόν.
524 819 661 872 Ἀλλ’
688 820 748 872 ού
797 820 857 873 1:6
891 821 1110 891 ἀγαπᾷν
1138 821 1400 891 ἀλλήλους
1432 822 1640 892 παυθή-

83 916 250 966 σεται,
271 901 395 954 ἀλλά
436 902 527 954 καὶ
558 902 809 956 ἐπιδώσει
843 904 1126 972 μειζόνως,
1163 906 1258 958 καὶ
1285 904 1518 959 ἐνταῦθα
1545 905 1637 959 καί¹

74 984 216 1036 κατά
242 984 299 1036 τὸ
344 985 552 1054 μέλλον,
601 986 694 1037 καὶ
725 986 845 1038 τότε
892 987 1090 1056 μᾶλλον
1127 988 1159 1058 ἦ
1215 987 1331 1042 νῦν.
1375 988 1638 1042 Ἐνταῦθα

75 1066 175 1133 μὲν
210 1067 309 1137 γὰρ
338 1066 504 1120 πολλά
528 1068 596 1119 τὰ
627 1067 931 1137 χαυνοῦντα
956 1069 1054 1139 τὴν
1084 1070 1329 1140 ἀγάπην,
1356 1071 1634 1141 χρήματα,

70 1148 378 1217 πράγματα,
412 1148 558 1218 πάθη
613 1150 905 1217 σωμάτων,
948 1153 1230 1221 νοσήματα
1273 1152 1449 1222 ψυχῆς
1478 1170 1491 1183 °
1524 1154 1639 1205 ἐκεῖ

63 1229 122 1282 δέ
172 1231 315 1284 οὐδὲν
348 1230 572 1285 τούτων.
631 1231 790 1284 Ἀλλὰ
843 1234 903 1284 τὸ
960 1233 1059 1302 μὲν
1101 1236 1439 1304 προφητείας
1499 1253 1636 1288 κατ-

63 1313 345 1382 αργεῖσθαι
400 1315 494 1367 καὶ
541 1313 813 1381 γλώσσας,
890 1316 1197 1386 θαυμαστὸν
1241 1317 1394 1371 οὐδέν
1421 1333 1435 1348 ο
1475 1318 1535 1371 τὸ
1576 1317 1634 1370 δὲ

61 1396 264 1463 γνῶσιν
303 1400 708 1468 καταργεῖσθαι,
769 1398 927 1451 τοῦτό
968 1402 1083 1451 ἐστι
1134 1400 1195 1452 τὸ
1245 1400 1343 1472 τὴν
1401 1401 1633 1471 ἀπορίαν

58 1480 279 1533 ποιοῦν·
307 1482 395 1534 καὶ
426 1481 535 1550 γὰρ
564 1482 657 1533 καὶ
701 1480 859 1532 τοῦτο
889 1482 1227 1552 προσέθηκεν
1260 1483 1448 1547 εἰπὼν,
1497 1485 1635 1537 Εἴτε

58 1561 289 1630 γνῶσις
313 1562 846 1632 καταργηθήσεται.
878 1564 941 1614 Τί
970 1559 1064 1616 οῦν
1091 1580 1104 1629 ;
1139 1566 1197 1617 ἐν
1226 1566 1469 1636 ἀγνωσία
1505 1566 1634 1633 μέλ-

54 1643 229 1714 λομεν
252 1646 343 1716 ζῇν
365 1645 484 1697 τότε
505 1662 519 1708 ;
554 1647 769 1712 Ἄπαγε
789 1662 802 1675 ο
834 1645 929 1698 καί
957 1645 1065 1716 γὰρ
1086 1646 1207 1699 τότε
1231 1647 1463 1717 μάλιστα
1482 1647 1632 1719 [511]

52 1727 376 1797 ἐπιταθῆναι
431 1727 578 1790 εἰκὸς
626 1726 723 1797 τὴν
769 1727 993 1796 γνῶσιν.
1030 1728 1123 1780 Διὸ
1149 1730 1244 1782 καὶ
1287 1730 1461 1798 ἔλεγε,
1499 1731 1635 1784 Τότε

51 1808 488 1879 ἐπιγνώσομαι,
555 1810 748 1874 καθὼς
798 1810 897 1863 καί
946 1809 1356 1879 ἐπεγνώσθην.
1417 1813 1516 1866 Διά
1550 1829 1632 1866 τοι

51 1891 238 1955 τοῦτο,
260 1893 341 1944 ἵνα
367 1891 440 1962 μὴ
459 1892 658 1961 ὁμοίως
680 1894 745 1961 τῇ
778 1893 1085 1963 προφητείᾳ
1107 1895 1201 1945 καὶ
1222 1896 1342 1956 ταῖς
1362 1893 1633 1962 γλώσσαις

51 1975 148 2025 καὶ
178 1973 376 2043 ταύτην
403 1974 796 2043 καταργεῖσθαι
826 1974 1076 2044 νομίσῃς.
1105 1974 1309 2038 Εἰπὼν,
1338 1976 1457 2029 εἴτε
1480 1974 1632 2046 γνῶ-

52 2072 153 2121 Τις
204 2056 736 2123 καταργηθήσεται,
778 2056 875 2109 ούκ
918 2057 1191 2127 ἐσίγησεν,
1232 2057 1347 2110 ἀλλ’
1383 2059 1630 2129 ἐπήγαγε

51 2140 144 2191 (αὶ
171 2140 268 2191 τὸν
294 2140 486 2210 τρόπον
526 2141 624 2209 τῆς
669 2141 1083 2211 καταργήσεως,
1119 2140 1331 2211 ταχέως
1373 2143 1631 2212 προσθεὶς

51 2224 122 2287 :6,
190 2224 293 2277 Ἐκ
316 2222 535 2292 μέρους
570 2223 962 2291 γινώσκομεν,
1007 2223 1105 2277 καί
1140 2224 1208 2277 ἐκ
1240 2225 1463 2293 μέρους
1489 2241 1632 2293 προ-

51 2308 407 2375 ρητεύομεν.
435 2305 614 2358 Ὅταν
638 2304 706 2357 δὲ
744 2306 895 2373 ἔλθη
928 2306 992 2359 τὸ
1024 2305 1277 2373 τέλειον,
1308 2309 1440 2360 τότε
1475 2308 1542 2360 τὸ
1561 2309 1629 2362 ἐκ

52 2388 271 2455 ιέρους
299 2389 830 2457 καταργηθήσεται.
863 2388 976 2441 Οὐκ
996 2388 1106 2458 ἄρα
1130 2390 1163 2459 ἡ
1193 2389 1391 2456 γνῶσις
1423 2406 1629 2460 καταρ-

51 2476 256 2536 ἐἰται,
301 2471 431 2526 άλλά
462 2471 523 2524 τὸ
573 2472 773 2541 μερικὴ
826 2467 965 2526 εἷναι
1002 2471 1238 2539 γνῶσις·
1289 2472 1476 2525 οὐκέτι
1519 2474 1628 2545 γὰρ

55 2554 288 2607 οσαῦτα
321 2553 574 2624 εἰσόμεθα
627 2554 807 2622 μόνον,
855 2553 991 2607 ἀλλὰ
1031 2555 1126 2608 καὶ
1158 2554 1337 2624 πολλῷ
1384 2554 1623 2608 πλείονα.

52 2639 163 2689 [va
201 2636 260 2688 δέ
290 2637 380 2689 καὶ
409 2637 499 2689 ἐπὶ
540 2636 939 2705 ύποδείγματος
970 2637 1102 2690 αὐτὸ
1139 2638 1351 2707 ποιήσω
1373 2639 1623 2709 φανερὸν,

55 2719 129 2771 ῦν
186 2720 346 2788 ἴσμεν
386 2719 467 2772 ὅτι
522 2717 798 2787 πανταχοῦ
854 2721 1002 2771 ἐστιν
1031 2719 1058 2770 6
1105 2719 1259 2782 Θεὸς,
1302 2720 1437 2772 ἀλλά
1486 2721 1623 2784 πῶς,

52 2802 136 2855 ὖκ
170 2801 353 2871 ἴσμεν.
386 2802 505 2854 Ὀτι
530 2801 590 2865 ἐξ
612 2802 711 2853 οὐκ
746 2801 915 2854 ὄντων
953 2802 1023 2854 τὰ
1061 2802 1190 2855 ὄντα
1232 2803 1508 2872 ἐποίησεν,
1547 2805 1626 2857 ίσ-

51 2902 137 2938 ,εν
192 2901 208 2915 ο
244 2886 335 2938 τὸν
365 2886 422 2937 δὲ
468 2886 667 2956 τρόπον
719 2884 1021 2956 ἀγνοοῦμεν
1057 2901 1070 2915 ·
1124 2888 1206 2940 ὅτι
1238 2890 1301 2939 ἐκ
1347 2888 1624 2958 Παρθένου

51 2969 263 3039 τέχθη,
296 2969 405 3032 πῶς
433 2969 508 3034 δὲ,
542 2968 748 3022 οὐκέτι.
792 2969 925 3021 Τότε
957 2969 1013 3022 δέ
1067 2968 1329 3038 εἰσόμεθά
1380 2987 1432 3023 τι
1463 2971 1625 3025 πλέον

52 3056 122 3106 al
169 3054 509 3124 σαφέστερον
544 3053 914 3122 περὶτούτων.
966 3050 1098 3108 Εἶτα
1143 3054 1383 3108 δείκνυσι
1425 3057 1520 3108 καὶ
1562 3057 1624 3111 τὸ

56 3139 210 3190 έσον
245 3138 389 3203 ὅσον,
419 3139 511 3190 καὶ
533 3138 612 3189 ὅτι
638 3138 699 3189 οὐ
734 3137 929 3207 μικρὸν
959 3137 1018 3189 τὸ
1044 3138 1383 3208 λειπόμενον,
1412 3139 1586 3207 λέγων
1605 3159 1619 3172 ·

51 3226 181 3275 Ωτε
221 3218 389 3287 ἥμην
427 3218 666 3287 νήπιος,
697 3220 777 3282 ὼς
808 3220 1026 3284 νήπιος
1068 3219 1354 3283 ἐλάλουν,
1404 3222 1484 3288 ὠς
1522 3225 1627 3292 νή-

52 3322 165 3371 ιος
218 3303 538 3371 ἐφρόνουν,
581 3302 661 3367 ὡς
720 3301 936 3369 νήπιος
974 3303 1324 3372 ἐλογιζόμην
1350 3317 1366 3332 ⁶
1412 3304 1511 3358 ὅτε
1556 3306 1623 3359 δὲ

51 3388 258 3456 ξγσνα
295 3384 469 3452 ἀνὴρ,
532 3384 603 3438 τὰ
654 3384 762 3438 τοῦ
817 3385 1039 3451 νηπίου
1093 3385 1459 3454 κατήργηκα.
1512 3388 1623 3441 Kal

52 3472 68 3491 ’
111 3467 329 3537 ἑτέρου
360 3466 417 3518 δέ
455 3466 890 3536 παραδείγματος
910 3467 971 3519 τὸ
999 3468 1128 3521 αὐτὸ
1157 3468 1319 3521 πάλιν
1352 3469 1503 3541 δηλοῖ
1536 3470 1622 3524 λέ-

51 3569 127 3605 ον
156 3566 178 3581 ’
219 3547 543 3618 Βλέπομεν
570 3549 683 3618 γὰρ
713 3548 841 3616 ἄρτι
871 3549 947 3603 δι’
983 3548 1304 3620 ἐσόπτρου.

66 3705 160 3777 β’.
192 3698 335 3756 Εἶτα
365 3702 550 3773 ἐπειδὴ
572 3702 634 3755 τὸ
660 3702 920 3771 ἔσοπτρον
940 3704 1234 3776 παρίστησι
1254 3705 1314 3758 τὸ
1344 3706 1620 3777 δρώμενον

51 3787 422 3855 ῖωσδήποτε,
458 3785 756 3857 ἐπήγαγεν,
803 3787 897 3839 Ἐν
926 3789 1223 3855 αἰνίγματι
1245 3830 1260 3853 ,
1308 3790 1427 3857 μεθ’
1452 3792 1620 3862 ὑπερ-

52 3872 190 3940 λῆς
238 3869 463 3931 δεικνὺς
505 3870 886 3939 μερικωτάτην
926 3870 1023 3941 τὴν
1070 3871 1351 3939 παροῦσαν
1392 3873 1613 3940 γνῶσιν.

51 3958 156 4008 ἴτε
184 3953 261 4005 δὲ
285 3953 616 4019 πρόσωπον
662 3954 811 4021 πρὸς
850 3954 1196 4020 πρόσωπον·
1221 3957 1317 4026 οὐχ
1345 3958 1421 4020 ὡς
1446 3960 1617 4029 πρόσ-

51 4055 161 4090 εον
186 4036 419 4105 ἔχοντος
435 4035 532 4088 τοῦ
562 4035 719 4096 Θεοῦ,
751 4036 862 4087 ἀλλ’
889 4036 974 4088 ἵνα
1002 4037 1133 4109 εἴπῃ
1162 4041 1497 4111 σαφέστερον
1523 4042 1617 4094 καὶ

51 4118 380 4189 κνότερον.
419 4118 583 4189 Ὁρᾷς
612 4118 731 4170 κατ’
753 4118 993 4171 ἐπίδοσιν
1010 4120 1185 4173 πάντα
1211 4121 1611 4190 μανθάνοντας;

51 4219 175 4255 οτι
226 4200 511 4270 γινώσκω
554 4200 622 4253 ἐκ
649 4200 892 4269 μέρους,
939 4203 1070 4255 τότε
1102 4201 1170 4255 δὲ
1214 4204 1614 4273 ἐπιγνώσομαι

52 4287 214 4351 θὼς
232 4283 345 4337 καί
365 4284 773 4352 ἐπεγνώσθην.
797 4280 946 4348 Εἶδες
973 4285 1088 4348 πῶς
1113 4285 1272 4357 διπλῇ
1299 4288 1361 4341 τὸ
1386 4288 1612 4360 φύσημα

51 4372 194 4424 τῶν
249 4367 637 4431 κατέσπασεν;
684 4368 764 4420 ὅτι
819 4369 913 4421 καὶ
948 4367 1145 4439 μερικὴ
1179 4371 1211 4440 ἡ
1246 4369 1449 4438 γνῶσις
1472 4412 1487 4434 ,
1520 4372 1613 4424 καὶ

52 4458 101 4507 μὲ
157 4451 397 4520 ταύτην
447 4450 657 4505 οίκοθεν
714 4450 951 4519 ἔχουσιν.
1010 4452 1084 4504 Οὐ
1136 4453 1245 4523 γάρ
1301 4453 1411 4521 ἐγὼ
1449 4454 1610 4508 αὐτὸν

51 4553 209 4600 νων,
245 4533 375 4587 ἀλλ’
406 4532 567 4596 αὐτός
614 4550 679 4602 με
728 4533 1010 4603 ἐγνώρισε,
1048 4535 1232 4605 φησίν.
1272 4536 1481 4608 ’Ὠσπερ
1517 4534 1609 4591 οὖν

51 4621 164 4682 τός
204 4633 290 4687 με
325 4615 468 4684 ἔγνω
496 4616 761 4686 πρότερος
792 4616 908 4682 νῦν,
937 4618 1029 4670 καὶ
1060 4619 1220 4681 αὐτός
1252 4636 1343 4687 μοι
1373 4620 1608 4692 ἐπέδρα-

51 4721 98 4769 θ,
178 4699 377 4762 οὕτως
428 4700 537 4767 ἐγὼ
582 4699 731 4768 αὐτῷ
786 4699 1193 4770 ἐπιδραμοῦμαι
1246 4702 1368 4755 τότε
1429 4704 1607 4774 πολλῷ

52 4784 314 4851 ζόνως,
346 4780 380 4851 ἢ
410 4782 527 4834 νῦν.
551 4782 658 4834 Καὶ
678 4785 783 4853 γὰρ
808 4784 835 4835 6
860 4784 917 4836 ὲν
952 4783 1130 4854 σκότῳ
1150 4784 1476 4855 καθήμενος,
1500 4786 1604 4850 ἕως

51 4890 59 4911 ρ
105 4868 207 4921 ἂν
252 4864 339 4935 μὴ
372 4864 548 4935 βλέπῃ
577 4865 667 4919 τὸν
692 4865 863 4935 ἥλιον,
895 4867 995 4919 οὐκ
1024 4866 1184 4931 αὐτὸς
1213 4869 1494 4940 ἐπιτρέχει
1526 4870 1605 4940 τῷ

52 4954 191 5005 ,λει
250 4947 365 5017 τῆς
402 4948 638 5011 ἀκτῖνος,
675 4948 789 5001 ἀλλ’
837 4949 1017 5018 ἐκείνη
1066 4950 1333 5006 δείκνυσιν
1381 4953 1600 5023 ἑαυτὴν,

58 5032 231 5087 ιδὰν
277 5029 496 5101 λάμψῃο
531 5030 657 5083 ὅταν
692 5031 749 5083 δὲ
786 5032 955 5102 αὐτῆς
996 5031 1220 5103 δέξηται
1269 5034 1365 5104 τὴν
1401 5035 1599 5107 αὐγὴν,

51 5137 73 5172 ε
128 5114 262 5167 καὶ
296 5112 466 5176 αὐτὸς
485 5114 671 5166 λοιπὸν
703 5114 888 5167 διώκει
909 5114 970 5167 τὸ
1008 5115 1141 5184 φῶς.
1174 5118 1344 5171 Τοῦτο
1369 5116 1462 5172 οὖν
1484 5122 1600 5174 ἐστι

70 5195 350 5260 Καθὼς
395 5196 491 5253 καὶ
524 5196 930 5265 ἐπεγνώσθην
979 5199 1076 5269 ούχ
1113 5201 1193 5253 ὅτι
1237 5200 1408 5266 οὕτως
1441 5204 1602 5258 αὐτὸν

52 5279 298 5351 paea.
333 5277 519 5341 καθὼς
555 5280 715 5342 αὐτὸς
745 5282 914 5348 ἡμᾶς,
948 5281 1059 5333 ἀλλ’
1092 5282 1173 5336 ὅτι
1212 5282 1401 5355 ὥσπερ
1437 5287 1601 5351 αὐτὸς

52 5385 81 5419 δ
133 5363 458 5432 ἐπέδραμε
488 5362 605 5426 νῦν,
644 5363 785 5415 οὕτω
816 5364 911 5416 καὶ
943 5366 1101 5434 ἡμεῖς
1129 5367 1466 5435 ἀνθεξόμεθα
1498 5371 1599 5422 αύ-

84 5447 259 5500 τότε
291 5487 307 5507 ,
340 5445 443 5497 καὶ
473 5445 644 5499 πολλά
676 5446 784 5500 τῶν
833 5445 927 5499 νῦν
957 5448 1282 5519 ἀπορρήτων
1315 5452 1594 5522 εἰσόμεθα,

74 5529 225 5598 τῆς
269 5528 711 5597 μακαριωτάτης
735 5528 947 5598 ἐκείνης
976 5531 1355 5602 ἀπολαύσομεν
1379 5536 1596 5604 ὁμιλίας

56 5612 351 5681 σοφίας.
395 5612 456 5663 Εἰ
491 5613 599 5680 γὰρ
631 5613 659 5664 6
687 5612 925 5665 τοσαῦτα
958 5613 1113 5677 εἰδὼς
1142 5616 1353 5681 Παῦλος
1380 5620 1589 5687 νήπιος,

54 5714 248 5769 ησον
302 5696 476 5764 ἡλίκα
515 5697 717 5747 ἐκεῖνα*
762 5696 811 5747 εἰ
851 5695 1022 5749 ταῦτα
1063 5699 1326 5769 ἔσοπτρον
1370 5703 1462 5754 καὶ
1505 5703 1591 5756 af-

51 5800 162 5845 ια,
238 5777 477 5841 λογίζου
530 5796 619 5845 μοι
668 5777 825 5833 πάλιν
880 5780 1128 5839 ἐντεῦθεν
1182 5785 1241 5836 τὸ
1298 5786 1585 5855 πρόσωπον

1104 292 1172 347 ΙΝ
1212 292 1427 349 EPIST.
1473 293 1490 347 I
1526 290 1616 346 AD
1646 289 1805 349 COR.
1847 293 2075 351 HOMIL.
2113 295 2357 353 XXXIV.

3210 311 3319 367 288

1738 410 1923 498 ῃλίκον
1953 415 2123 469 ἐστίν.
2174 418 2289 469 ’Ίνα
2323 416 2379 469 δέ
2426 434 2505 471 σοι
2544 421 2740 491 μικρόν
2769 440 2822 474 τι
2871 423 3183 494 παρανοίξω
3222 432 3320 498 τῆς

1737 493 1996 565 διαφορᾶς
2034 498 2257 568 ταύτης.
2289 502 2383 553 καὶ
2412 502 2607 556 ἀκτῖνα
2636 522 2756 557 τινα
2793 506 3041 577 ἀμυδρὰν
3071 508 3164 560 τοῦ
3194 493 3315 579 νοή-

1741 595 1911 662 ματος
1937 581 2121 649 ἐναφῶ
2167 600 2260 635 σου
2290 588 2354 654 τῇ
2387 585 2531 657 ψυχῇ
2563 588 2775 652 τούτου,
2812 591 3193 661 ἀναμνήσθητί
3227 612 3318 662 μοι

1735 660 1845 746 τῶν
1873 663 1930 715 ἐν
1956 663 2034 734 τῷ
2059 664 2209 734 νόμῳ
2235 666 2348 730 νῦν,
2376 670 2538 738 ἡνίκα
2568 672 2601 741 ἡ
2624 673 2781 742 χάρις
2810 673 3042 742 ἔλαμψε.
3072 676 3183 727 Καὶ
3209 660 3319 746 γὰρ

1738 743 1922 797 ἐκεῖνα
1953 747 2059 817 πρὸ
2096 749 2195 817 τῆς
2236 750 2460 819 χάριτος
2494 754 2705 822 μεγάλα
2736 756 2856 809 τινὰ
2888 756 2983 809 καὶ
3028 743 3318 825 θαυμαστά

1736 826 2006 911 ἐφαίνετο⁸
2039 830 2155 883 ἀλλ’
2184 833 2333 901 ὅμως
2364 834 2595 889 ἄκουσον
2624 835 2771 909 [512]
2796 838 2850 889 τί
2885 855 3016 908 φησι
3058 842 3185 911 περὶ
3215 842 3313 893 αύο

1735 910 1845 963 τῶν
1872 912 2010 981 μετὰ
2037 913 2134 982 τὴν
2161 916 2323 985 χάριν
2344 917 2373 968 6
2395 917 2621 985 Παῦλος.
2649 921 2730 973 δτι
2760 922 2842 974 Οὐ
2863 910 3221 987 δεδόξασται
3249 926 3314 978 τὸ

1736 993 2185 1065 δεδοξασμένον
2229 1001 2299 1053 ἐν
2348 1002 2537 1066 τούτῳ
2590 1002 2671 1068 τῷ
2720 1004 2906 1073 μέρει,
2958 1005 3167 1061 ἕνεκεν
3203 1008 3332 1077 τῆς,

1735 1078 2241 1162 ῦπερϐαλλούσης
2278 1082 2484 1149 δόξης.
2524 1086 2640 1139 Ἵνα
2677 1086 2735 1139 δὲ
2777 1089 2872 1142 xal
2914 1090 3248 1162 σαφέστερον
3284 1091 3314 1144 ὃ

1735 1158 1879 1245 λέγω
1912 1163 2182 1245 γένηται,
2216 1166 2300 1234 ἐφ’
2338 1168 2455 1230 ἐνός
2487 1186 2628 1232 τινος
2667 1170 2777 1223 τῶν
2808 1171 2930 1224 τότε
2972 1158 3313 1245 τελουμένων

1733 1242 1825 1329 τὸν
1863 1244 2020 1312 λόγον
2070 1250 2556 1319 μεταχειρίσωμεν,
2596 1254 2688 1305 καὶ
2732 1254 2855 1306 τότε
2891 1255 3011 1324 δψει
3047 1258 3109 1310 τὸ
3133 1242 3314 1329 -μέσον

1734 1326 1876 1378 ὅσον⁹
1914 1330 2027 1393 καὶ,
2060 1331 2108 1381 εἰ
2142 1331 2339 1398 βούλει,
2380 1333 2439 1384 τὸ
2474 1335 2664 1403 Πάσχα
2703 1338 2782 1397 εἰς
2826 1338 2987 1407 μέσον
3014 1326 3311 1409 ἀγάγωμεν

1735 1409 1908 1462 ἐκεῖνο
1945 1414 2038 1463 καὶ
2068 1413 2243 1479 τοῦτο,
2274 1415 2367 1468 καὶ
2404 1415 2523 1468 τότε
2551 1419 2669 1488 εἴσῃ
2707 1418 2804 1487 τὴν
2849 1420 3145 1493 ὑπεροχήν.
3183 1424 3311 1476 Ἐπ-

1734 1491 1948 1545 ετέλουν
1971 1494 2068 1563 μὲν
2095 1496 2203 1565 γὰρ
2229 1499 2320 1549 καὶ
2337 1497 2593 1560 Ἰουδαῖοι,
2618 1501 2905 1556 ἐπετέλουν
2929 1504 2985 1557 δὲ
3012 1491 3206 1571 οὕτως,
3233 1507 3309 1570 ὡς

1733 1574 1791 1625 ἐν
1816 1574 2064 1647 ἐσόπτρῳ
2092 1581 2186 1631 καὶ
2215 1581 2273 1630 ἐν
2300 1581 2612 1650 αἰνίγματι*
2644 1584 2712 1637 τὰ
2737 1584 2793 1637 δὲ
2820 1587 3106 1658 ἀπόρρητα
3133 1589 3309 1642 ταῦτα

1736 1658 2013 1742 μυστήρια
2049 1660 2170 1713 οὐδὲ
2201 1663 2281 1724 είς
2325 1663 2449 1716 νοῦν
2492 1682 2623 1718 ποτε
2668 1668 2877 1734 ἔλαϐον,
2911 1671 3032 1723 ούδέ
3064 1671 3305 1742 ᾔδεσανα

1731 1740 1853 1793 τίνα
1875 1736 1962 1811 ἦν,
1991 1741 2026 1795 ἃ
2052 1744 2232 1797 ἐκεῖνα
2258 1747 2650 1815 προανεφώνει·
2675 1750 2809 1803 ἀλλά
2830 1736 3100 1822 πρόϐατον
3119 1756 3307 1825 ἐώρων

1734 1828 2121 1896 σφαττόμενον,
2150 1830 2244 1881 καὶ
2270 1826 2409 1900 αἷμα
2438 1831 2655 1900 ἀλόγου,
2688 1836 2780 1887 καὶ
2814 1836 2983 1910 θύρας
3012 1841 3305 1910 χριομένας

1730 1911 1905 1994 τούτῳ
1921 1927 1933 1939 ·
1957 1913 2038 1965 ὅτι
2060 1913 2116 1967 δέ
2136 1917 2164 1967 ό
2190 1915 2316 1978 Υἱὸς
2339 1915 2429 1967 τοῦ
2455 1916 2589 1969 Θεοῦ
2614 1920 2917 1987 σαρκωθεὶς
2939 1926 3302 1994 σφαγήσεται,

1732 1993 1823 2047 κα)⁴
1854 1995 1953 2064 τὴν
1987 1997 2309 2068 οἰκουμένην
2355 1998 2710 2068 ἐλευθερώσει
2742 2004 2954 2067 πᾶσαν,
3005 2009 3097 2059 καὶ
3144 2007 3301 2061 δώσει

1730 2078 1823 2128 καὶ
1848 2076 2183 2147 Ἕλλησικαί
2208 2080 2504 2151 βαρϐάροις
2527 2081 2618 2134 τοῦ
2645 2085 2875 2153 αἵματος
2894 2088 3303 2154 ἀπογεύσασθαι

1728 2159 1940 2222 τούτου,
1975 2162 2069 2213 καὶ
2111 2164 2202 2215 τὸν
2243 2165 2468 2237 οὐρανὸν
2505 2166 2705 2231 ἀνοίξει
2737 2171 2892 2237 πᾶσι,
2939 2172 3034 2225 καὶ
3080 2173 3148 2226 τὰ
3186 2175 3305 2226 ἐκεῖ

1728 2244 2028 2313 προσθήσει
2060 2246 2136 2319 τῷ
2174 2247 2283 2300 τῶν
2314 2249 2617 2320 ἀνθρώπων
2663 2253 2837 2320 γένει,
2870 2256 2966 2308 καὶ
2993 2256 3092 2327 τὴν
3137 2260 3303 2328 αἱμα-

1728 2328 1946 2395 χθεῖσαν
1982 2330 2160 2400 σάρκα
2189 2330 2369 2383 λαϐὼν
2396 2334 2535 2404 ὑπὲρ
2568 2336 2657 2387 τὸν
2688 2336 2935 2407 οὐρανὸν,
2970 2342 3064 2391 καὶ
3092 2341 3183 2395 τὸν
3211 2342 3302 2395 οὐ·-

1729 2411 1890 2479 ρανὸν
1918 2411 2011 2464 τοῦ
2052 2414 2310 2482 ούρανοῦ,
2342 2416 2436 2469 καὶ
2472 2417 2652 2480 πάσας
2683 2420 2869 2482 ἁπλῶς
2907 2422 3006 2485 τὰς
3047 2423 3159 2477 ἄνω
3189 2426 3303 2479 τῶν

1726 2493 1970 2561 ἀγγέλων
2010 2497 2103 2548 καὶ
2136 2499 2486 2567 ἀρχαγγέλων
2518 2502 2611 2554 καί
2646 2502 2753 2554 τῶν
2798 2503 2973 2559 ἄλλων
3017 2506 3302 2577 δυνάμεων

1729 2577 1987 2657 στρατιάς
2022 2578 2341 2633 ἀναϐιϐάσει
2363 2624 2377 2645 ,
2413 2583 2507 2635 καὶ
2552 2585 2638 2636 ἐπ’
2669 2585 2834 2638 αὐτοῦ
2862 2587 2954 2640 τοῦ
2988 2588 3177 2657 θρόνου
3203 2590 3299 2644 τοῦ

1728 2651 2007 2727 βασιλικοῦ
2056 2663 2113 2713 ἐν
2166 2662 2314 2733 δεξιᾷ
2357 2664 2450 2717 τοῦ
2494 2666 2706 2737 Πατρὸς
2738 2669 2907 2740 αὐτὴν
2949 2672 3132 2724 καθιεῖ
3173 2674 3299 2748 δόξῃ

1725 2742 2046 2811 λάμπουσαν
2095 2745 2350 2816 ἀρῤήτῳ³
2407 2747 2579 2801 ταῦτα
2628 2750 2691 2821 δὴ
2738 2750 2860 2804 οὔτε
2900 2754 3123 2808 ἐκείνων
3176 2742 3296 2824 τις,

1724 2824 1845 2877 οὔτε
1897 2826 2005 2878 τῶν
2056 2826 2227 2880 ἄλλων
2275 2829 2448 2892 οὐδεὶς
2500 2831 2832 2899 ἀνθρώπων,
2870 2833 2992 2888 οὕτε
3046 2840 3300 2909 προέγνω

1723 2908 1845 2962 οὔτε
1904 2911 1985 2972 εἰς
2036 2911 2159 2963 νοῦν
2207 2912 2447 2983 ἠδυνήθη
2493 2914 2748 2984 βαλέσθαι
2806 2920 2957 2972 ποτέ.
3029 2908 3188 2976 Ἀλλὰ
3243 2926 3298 2979 τί

1724 3009 1888 3060 φασιν
1930 2995 1978 3046 οἰ
2021 2994 2198 3047 πάντα
2228 2994 2522 3067 τολμηροί;
2554 2997 2643 3060 Τὸ,
2698 3001 2849 3068 Ἄρτι
2896 3004 3167 3072 γινώσκω
3225 3008 3295 3065 ἐκ

1717 3074 1977 3159 μέρους,
2011 3077 2139 3159 περὶ
2181 3078 2503 3149 οἰκονομιῶν
2547 3080 2836 3151 εἰρῆσθαι*
2884 3086 2982 3156 τὴν
3027 3087 3134 3158 γὰρ
3166 3091 3296 3159 περὶ

1722 3155 1814 3209 τοῦ
1842 3157 1977 3210 Θεοῦ
2002 3158 2205 3227 γνῶσιν
2228 3160 2645 3232 ἀπηρτισμένην
2666 3165 2826 3217 αὐτὸν
2853 3165 3016 3235 ἔχειν.
3046 3155 3152 3222 Kal
3178 3155 3295 3235 πῶς

1721 3241 1915 3311 νήπιον
1946 3242 2136 3294 ἐαυτὸν
2162 3244 2351 3309 καλεί;
2385 3244 2501 3307 πῶς
2531 3244 2595 3297 δι’
2624 3247 2890 3318 ἐσόπτρου
2921 3250 3107 3319 βλέπει
3134 3269 3147 3318 ;
3177 3253 3295 3317 πῶς

1721 3323 1778 3374 ἐν
1825 3323 2128 3393 αἰνίγματι,
2178 3326 2226 3377 εί
2264 3326 2325 3378 τὸ
2363 3330 2470 3378 πᾶν
2516 3326 2628 3397 ἔχει
2669 3329 2769 3398 τῆς
2818 3331 3105 3400 γνώσεω;;
3138 3336 3190 3388 τί
3237 3337 3295 3391 δὲ

1720 3403 1909 3476 ὥσπερ
1942 3406 2217 3477 ἐξαίρετον
2244 3409 2562 3479 ἀνατίθησιν
2588 3411 2720 3464 αὐτὸ
2748 3412 2824 3482 τῷ
2866 3416 3165 3486 Πνεύματι,
3197 3419 3295 3473 καὶ

1720 3488 1947 3574 ούδεμιᾷ
1987 3490 2123 3562 ἄλλῃ
2150 3491 2377 3561 δυνάμει
2406 3493 2505 3563 τῆς
2534 3494 2783 3559 κτίσεως,
2815 3496 2988 3565 λέγων
3013 3517 3024 3530 ·
3062 3504 3155 3567 Τίς
3184 3504 3294 3574 γὰρ

1719 3568 1844 3626 οἵδε
1876 3575 1949 3626 τὰ
1984 3575 2088 3628 τοῦ
2118 3574 2454 3641 ἀνθρώπου,
2491 3578 2646 3645 εἰμὴ
2676 3578 2742 3631 τὸ
2776 3585 3010 3650 πνεῦμα
3051 3586 3155 3639 τοῦ
3187 3568 3292 3641 ἂν.

1719 3655 1953 3723 θρώπου
1992 3657 2059 3710 τὸ
2090 3658 2159 3710 ἐν
2197 3657 2377 3723 αὐτῷ;
2413 3658 2574 3711 Οὕτω
2608 3661 2705 3713 καί
2750 3666 2822 3715 τὰ
2863 3665 2969 3719 τοῦ
3010 3668 3155 3722 Θεοῦ
3186 3673 3289 3724 οὐ·

1718 3738 1843 3804 δεὶς
1870 3736 2052 3803 οἶδεν,
2083 3742 2133 3793 εἰ
2153 3741 2237 3809 μὴ
2266 3741 2330 3793 τὸ
2362 3741 2603 3811 Πνεῦμα
2631 3742 2737 3796 τοῦ
2769 3745 2937 3800 Θεοῦ.
2970 3749 3079 3801 Kal
3100 3751 3128 3801 6
3154 3751 3290 3821 Χρι-

1719 3824 1843 3886 στὸς
1876 3823 2036 3877 πάλιν
2068 3824 2258 3877 ἐαυτοῦ
2311 3825 2473 3890 μόνου
2512 3825 2667 3879 τοῦτο
2711 3823 2849 3881 εἶναί
2893 3848 3089 3900 φησιν,
3146 3834 3289 3889 οὕτω

1715 3909 1909 3977 λέγων·
1949 3910 2071 3977 Οὐχ
2109 3908 2195 3960 ὅτι
2226 3909 2331 3961 τὸν
2358 3909 2590 3977 Πατέρα
2618 3928 2705 3976 τις
2742 3912 3022 3980 ἑώρακεν,
3052 3920 3101 3969 εὶ
3137 3919 3223 3988 μὴ
3255 3925 3289 3975 ό

1715 3990 1799 4043 ὢν
1838 3991 1997 4058 παρὰ
2032 3992 2135 4045 τοῦ
2173 3992 2343 4057 Θεοῦ,
2396 3988 2573 4060 οὗτος
2622 3995 2843 4063 ἑώρακε
2890 3997 2997 4053 τὸν
3034 4000 3283 4071 Πατέρα·

1714 4076 1905 4146 ὅρασιν
1960 4077 2058 4146 τὴν
2124 4078 2323 4144 γνῶσιν
2393 4076 2565 4146 λέγων
2619 4079 2719 4149 τὴν
2786 4083 3130 4155 σαφεστάτην
3192 4088 3288 4140 καὶ

1714 4158 2150 4229 ἀπηρτισμένην.
2194 4158 2319 4223 Πῶς
2348 4159 2406 4213 δὲ
2436 4160 2465 4211 6
2500 4160 2599 4231 τὴν
2648 4162 2836 4217 οὐσίαν
2871 4164 3046 4232 εἰδὼς,
3077 4168 3176 4233 τὰς
3208 4172 3286 4223 οἰ-

1713 4242 1970 4311 κονομίας
2024 4242 2308 4312 ἀγνοήσει;
2364 4242 2549 4325 ἐκείνη
2594 4245 2703 4315 γάρ
2753 4246 2954 4315 μείζων
3002 4252 3206 4322 ταύτης
3249 4254 3283 4325 η

1712 4326 1932 4393 γνῶσις.
1979 4325 2304 4397 Ἀγνοοῦμεν
2339 4322 2453 4393 οῦν,
2491 4329 2642 4398 φησί,
2697 4331 2788 4382 τὸν
2823 4333 2991 4399 Θεόν;
3047 4322 3279 4403 Ἀπαγελ

1712 4410 1828 4464 ἀλλ’
1851 4411 1931 4463 ὅτι
1957 4411 2055 4480 μὲν
2082 4411 2248 4477 ἐστιν,
2280 4410 2455 4481 ἴσμεν·
2482 4413 2534 4464 τί
2565 4431 2694 4466 ποτε
2720 4414 2775 4467 δέ
2804 4416 2920 4468 ἐστι
2944 4416 3041 4487 τὴν
3070 4419 3279 4484 οὐσίαν,

1710 4494 1916 4549 οὐκέτι.
1948 4496 2057 4548 Kal
2090 4496 2176 4548 ἵνα
2197 4495 2340 4565 γνῷς
2363 4497 2443 4549 ὅτι
2471 4497 2531 4549 οὐ
2564 4500 2690 4568 περὶ
2720 4498 2830 4551 τῶν
2859 4502 3177 4571 οἰκονομιῶν
3202 4503 3283 4555 ετ-

1711 4596 1846 4648 ρηκε
1884 4578 1966 4645 τὸ,
2003 4580 2160 4647 ’Ἄρτι
2204 4577 2474 4648 γινώσκω
2510 4582 2578 4634 ἐκ
2606 4581 2846 4650 μέρους,
2898 4584 3128 4638 ἄκουσον
3169 4586 3281 4641 τῶν

1708 4659 1861 4731 ἐξῆςο
1906 4663 2178 4732 ἐπήγαγεν
2211 4659 2323 4717 οὖν’
2362 4664 2496 4717 Τότε
2530 4664 2597 4717 δὲ
2633 4666 3055 4735 ἐπιγνώσομαι,
3086 4667 3280 4735 καθὼς

1707 4751 1805 4803 καὶ
1831 4746 2239 4817 ἐπεγνώσθην.
2269 4748 2343 4801 Οὐ
2384 4747 2552 4818 δήπου
2581 4748 2638 4800 δὲ
2672 4748 2775 4801 ὑπὸ
2814 4748 2922 4801 τῶν
2958 4750 3278 4821 οἰκονομιῶν

1707 4831 2047 4903 ἐπεγνώσθη,
2070 4830 2184 4885 ἀλλ’
2207 4832 2309 4884 ὑπὸ
2330 4832 2422 4884 τοῦ
2442 4831 2596 4885 Θεοῦ.
2621 4832 2825 4902 Μηδεὶς
2845 4832 3024 4886 τοίνυν
3050 4834 3273 4905 μικρὰν,

1708 4916 1842 4987 μηδέ
1874 4917 2051 4987 ἁπλῆν
2080 4916 2343 4986 νομιζέτω
2371 4913 2506 4968 εἶναι
2545 4915 2745 4985 ταύτην
2773 4916 2872 4986 τὴν
2910 4917 3273 4987 παρανομίαν,

1704 5000 1839 5053 ἀλλὰ
1867 4999 1961 5052 καὶ
1989 5000 2181 5068 διπλῆν
2208 5001 2301 5052 καὶ
2329 4999 2563 5070 τριπλῆν
2590 5000 2680 5052 καὶ
2716 4999 3167 5055 πολλαπλασίονα.
3197 5001 3272 5054 Οὐ

1702 5084 1812 5154 γὰρ
1835 5084 1898 5155 δὴ
1918 5083 2074 5137 τοῦτο
2099 5084 2254 5154 μόνον
2288 5084 2403 5136 ἐστί
2430 5084 2488 5135 τὸ
2515 5084 2733 5146 ἄτοπον,
2760 5086 2843 5137 ὅτι
2869 5085 3042 5138 ταῦτα
3072 5085 3270 5150 ἀλαζο-

1701 5169 1944 5221 νεύονται
1966 5168 2182 5232 εἰδέναι,
2199 5166 2235 5220 ἃ
2258 5167 2349 5219 τοῦ
2376 5164 2686 5237 Πνεύματός
2709 5168 2821 5221 ἐστι
2849 5169 3030 5237 μόνου,
3057 5171 3150 5223 καὶ
3175 5170 3269 5222 τοῦ

1705 5252 2024 5324 μονογενοῦς
2048 5251 2175 5304 Υίοῦ
2197 5250 2291 5304 τοῦ
2316 5250 2474 5317 Θεοῦ,
2496 5251 2608 5305 ἀλλ’
2627 5253 2707 5306 ὅτι
2729 5254 2823 5306 καὶ
2841 5253 3049 5308 Παύλου
3070 5253 3189 5306 οὐδέ
3208 5254 3270 5307 τὸ

1704 5336 1927 5408 μερικὸν
1947 5335 2104 5388 τοῦτο
2117 5335 2217 5404 τῆς
2235 5333 2485 5403 γνώσεως
2506 5337 2633 5390 ἀνευ
2656 5336 2753 5407 τῆς
2776 5337 2980 5391 ἀνωθεν
3002 5335 3271 5389 ἀποκαλύ-

1700 5420 1844 5489 ψεως
1861 5418 2178 5489 δυνηθέντος
2203 5418 2390 5487 μαθεῖν
2405 5461 2420 5486 ,
2443 5419 2595 5473 αύτοί
2623 5418 2682 5471 τὸ
2713 5421 2819 5473 πᾶν
2840 5421 2901 5472 ἐκ
2926 5420 3032 5472 τῶν
3055 5419 3269 5472 οἰκείων

1700 5502 1849 5575 [515]
1882 5502 2158 5573 λογισμῶν
2189 5502 2572 5577 κατειληφέναι
2606 5503 2789 5573 φασίν.
2819 5503 2949 5556 Οὐδὲ
2978 5502 3085 5573 γὰρ
3112 5500 3269 5573 ἐχου-

1759 5796 1782 5822 δ
1812 5794 1983 5849 Deerat
2006 5793 2195 5851 ᾔδεσαν.
