3776 6314
477 291 584 347 289

477 422 566 459 σιν
589 401 826 473 οὐδαμοῦ
851 402 951 473 τὴν
977 402 1198 474 Γραφὴν
1219 403 1348 475 περὶ
1370 403 1574 459 τούτων
1601 405 1735 476 ἡμῖν
1759 401 2055 473 διειλεγμέ-

476 506 575 558 νην
616 488 802 554 δεῖξαι.
862 487 1022 539 Ἀλλά
1060 487 1170 558 γάρ
1199 488 1299 558 τὴν
1347 488 1544 557 μανίαν
1581 488 1759 540 αὐτῶν
1805 486 2053 555 ἀφέντες,

473 571 584 625 τῶν
613 570 740 642 ἐξῆς
768 567 1023 639 ἐχώμεθα
1048 570 1176 638 περὶ
1204 569 1301 639 τῆς
1322 569 1544 639 ἀγάπης
1568 568 1763 638 λόγων.
1786 569 1920 622 Ούδέ
1949 569 2059 638 γάρ

473 654 685 718 τούτοις
730 651 997 723 ἠρκέσθη,
1044 651 1159 704 ἀλλ’
1208 651 1406 719 ἐπάγει
1452 650 1616 705 πάλιν
1661 651 1871 719 λέγων’
1907 650 2058 705 Νυνὶ

477 736 548 790 δὲ
584 737 755 805 μένει
802 736 1029 799 πίστις,
1061 733 1270 799 ἐλπίς,
1300 732 1523 804 ἀγάπη,
1555 732 1630 789 τὰ
1656 735 1790 803 τρία
1832 733 2019 788 ταῦτα
2039 747 2054 763 ο

475 818 687 889 μείζων
706 818 775 871 δὲ
806 817 1031 871 τούτων
1058 815 1095 883 ἡ
1125 814 1353 886 ἀγάπη.

552 968 626 1039 γ’.
663 970 727 1022 Ἠ
759 967 858 1040 μὲν
883 967 991 1042 γάρ
1012 967 1191 1031 πίστις
1206 967 1299 1021 καὶ
1319 970 1350 1037 ἡ
1368 967 1520 1035 ἐλπὶς
1540 968 1649 1021 τῶν
1665 968 2059 1026 πιστευθέντων

477 1054 572 1107 καὶ
598 1052 707 1106 τῶν
739 1052 1102 1105 ἐλπισθέντων
1126 1052 1589 1121 παραγενομένων
1617 1051 1863 1120 ἀγαθῶν,
1888 1051 2058 1106 παύει

474 1154 586 1191 ται.
626 1136 737 1189 Καὶ
767 1135 922 1188 τοῦτο
951 1134 1125 1206 δηλῶν
1163 1136 1190 1188 0
1221 1135 1429 1199 Παῦλος
1459 1135 1666 1204 ἔλεγεν
1714 1136 1919 1202 Ἐλπὶς
1948 1138 2059 1205 γὰρ

420 1238 421 1241 ‘
470 1217 851 1289 βλεπομένη,
874 1219 983 1271 οὐκ
1013 1218 1185 1277 ἐστιν’
1210 1218 1407 1285 ἐλπίς*
1442 1217 1473 1272 0
1494 1218 1603 1288 γὰρ
1622 1217 1844 1283 ,βλέπει
1867 1237 1978 1284 τις,
2003 1220 2060 1274 τί

476 1303 574 1357 καὶ
599 1299 823 1361 ἐλπίζει
840 1318 859 1365 ;
889 1300 983 1352 καὶ
1015 1300 1197 1363 πάλιν,
1230 1302 1397 1355 Ἐστι
1430 1300 1497 1353 δὲ
1519 1302 1726 1367 πίστις
1752 1300 2058 1370 ἐλπιζομέ-

476 1403 598 1441 νων
618 1386 979 1449 ὑπόστασις.
1008 1383 1365 1453 πραγμάτων
1384 1384 1637 1453 ἐλεγχος
1661 1385 1735 1438 οὐ
1754 1385 2057 1453 ,βλεπομέ-

475 1485 621 1524 νων.
652 1468 817 1520 Ὥστε
844 1461 1004 1523 αὑται
1032 1467 1131 1536 μὲν
1158 1467 1423 1521 παύονται
1452 1466 1729 1535 φανέντων
1755 1466 1996 1521 ἐκείνων·
2023 1468 2057 1538 ὴ

474 1552 533 1606 δὲ
566 1551 757 1620 ἀγάπη
790 1550 913 1603 τότε
941 1549 1176 1619 μάλιστα
1206 1548 1443 1619 αἴρεται,
1478 1548 1807 1617 καὶγίνεται
1834 1549 2060 1620 σφοδροο

475 1632 628 1707 τέρα.
665 1632 889 1703 Ἕτερον
912 1631 1072 1687 πάλιν
1101 1632 1379 1702 ἐγκώμιον
1408 1632 1509 1700 τῆς
1534 1632 1778 1702 ἀγάπηςο
1805 1632 1926 1685 ούδέ
1949 1633 2058 1704 γὰρ

473 1718 724 1788 ἀρκεῖται
757 1718 870 1777 τοῖς
901 1714 1235 1786 ἔμπροσθεν,
1272 1714 1409 1769 ἀλλά
1460 1717 1554 1767 καὶ
1594 1715 1724 1768 ἀλλο
1764 1707 2060 1784 φιλονεικεῖ

476 1799 637 1853 πάλιν
669 1799 871 1869 εὑρεῖν.
902 1798 1102 1855 Σκόπει
1130 1797 1208 1851 δέ’
1244 1791 1413 1851 Εἶπεν
1442 1797 1613 1868 αὐτὴν
1648 1798 1898 1868 χάρισμα
1920 1792 2057 1850 εἶναι

476 1882 623 1953 μέγα
662 1884 756 1935 καὶ
788 1882 907 1935 ὁδὸν
948 1879 1155 1937 τούτων
1194 1880 1318 1932 καθ’
1364 1878 1692 1951 ὑπερϐολήν·
1735 1875 1856 1931 εἷπε
1890 1879 2059 1949 χωρὶς

472 1966 641 2036 αὐτῆς
678 1964 843 2036 μηδὲν
888 1964 1030 2035 μέγα
1061 1964 1290 2034 ὠφελεῖν
1327 1963 1395 2017 τὰ
1423 1964 1769 2034 χαρίσματα,
1812 1963 2055 2032 ὑπέγρα-

470 2050 574 2119 ψεν
612 2049 779 2120 αὑτῆς
826 2048 916 2101 διά
962 2048 1174 2101 πολλῶν
1211 2049 1311 2119 τὴν
1362 2049 1568 2101 εἰκόναο
1606 2046 1856 2115 βούλεται
1899 2047 2059 2102 πάλιν

476 2133 571 2186 καὶ
599 2132 798 2203 ἑτέρως
829 2131 999 2203 αὐτὴν
1031 2133 1257 2202 ἐπᾶραι,
1286 2132 1381 2187 καὶ
1408 2131 1581 2197 δεῖξαι
1615 2130 1861 2200 μεγάλην
1892 2126 2059 2185 οὖσαν

474 2217 541 2269 ὲκ
592 2214 687 2269 τοῦ
730 2214 1027 2285 διαμένειν*
1077 2216 1156 2268 διὸ
1209 2217 1303 2269 καὶ
1354 2214 1529 2285 ἔλεγε,
1586 2215 1738 2269 Νυνὶ
1791 2213 1859 2267 δὲ
1891 2213 2060 2283 μένει

472 2299 698 2364 πίστις,
727 2298 925 2363 ἐλπὶς,
965 2298 1189 2369 ἀγάπη,
1220 2299 1294 2351 τά
1330 2299 1466 2366 τρία
1501 2296 1711 2353 ταῦτα·
1748 2295 1959 2364 μείζων
1992 2296 2061 2350 δὲ

475 2382 701 2436 τούτων
750 2383 789 2450 ὴ
836 2380 1059 2451 ἀγάπη.
1094 2383 1217 2445 Πῶς
1257 2378 1350 2436 οῦν
1381 2382 1587 2453 μείζων
1634 2383 1668 2452 ἡ
1700 2381 1930 2452 ἀγάπη;
1968 2381 2060 2450 Τῷ

474 2466 658 2519 ἐκεῖνα
693 2464 1013 2519 διαϐαίνειν.
1060 2465 1123 2518 El
1166 2464 1344 2518 τοίνυν
1394 2463 1633 2534 τοσαύτη
1677 2466 1711 2534 ἡ
1764 2465 1918 2535 ἰσχὺς
1960 2465 2060 2535 τῆς

472 2548 733 2618 ἀγάπης,
806 2548 1033 2611 εἰκότως
1108 2546 1307 2615 ἐπάγει
1370 2546 1580 2616 λέγων,
1635 2545 1882 2600 Διώκετε
1947 2546 2062 2615 τὴν

469 2629 735 2701 ἀγάπην.
768 2630 878 2686 Καὶ
927 2630 1036 2705 γὰρ
1078 2628 1315 2697 διώξεως
1356 2630 1515 2703 χρεία
1548 2630 1643 2684 καὶ
1685 2629 1885 2701 δρόμου
1917 2630 2059 2694 τινὸς

475 2713 709 2785 σφοδροῦ
737 2715 825 2768 ἐπ’
846 2714 1039 2785 αὐτήν·
1068 2712 1241 2777 οὕτως
1264 2715 1296 2781 ή
1304 2713 1422 2784 μῶν
1446 2713 1688 2782 ἀπέπτη,
1710 2712 1805 2765 καὶ
1825 2711 2060 2765 τοσαῦτα

471 2797 544 2851 τά
565 2796 992 2862 ὑποσκελίζοντα
1023 2796 1115 2849 τὸν
1146 2798 1326 2850 ἐκεῖσε
1356 2796 1577 2868 δρόμον.
1611 2795 1702 2848 Διὸ
1734 2794 1830 2848 καὶ
1859 2794 2059 2866 πολλῆς

472 2882 607 2951 ἡμῖν
644 2880 724 2935 δεῖ
758 2880 857 2951 τῆς
896 2879 1277 2951 σφοδρότητος,
1309 2878 1450 2933 ὥστε
1484 2880 1654 2952 αὐτὴν
1704 2878 2055 2933 καταλαϐεῖν.

474 2964 654 3034 Ὅπερ
686 2963 1095 3034 ἐνδεικνύμενος
1129 2964 1157 3018 0
1200 2962 1413 3028 Παῦλος
1442 2964 1542 3019 οὐκ
1584 2958 1759 3027 εἶπεν,
1807 2962 2059 3016 Ἀκολου-

473 3047 615 3101 θεῖτε
655 3049 723 3117 τῇ
770 3047 983 3118 ἀγάπῃ,
1029 3045 1187 3113 ἀλλά,
1236 3045 1481 3100 Διώκετε
1535 3045 1726 3118 αὐτὴν,
1776 3045 2059 3115 διεγείρων

471 3133 620 3202 ἡμᾶς
648 3131 744 3185 καὶ
786 3131 1041 3186 ἀνάπτων
1071 3132 1206 3203 πρὸς
1233 3132 1331 3202 τὴν
1361 3132 1576 3202 ἐκείνης
1602 3130 1910 3203 ἀντίληψιν.
1946 3129 2059 3182 Καὶ

473 3214 583 3285 γάρ
625 3216 653 3267 0
681 3213 813 3277 Θεὸς
853 3213 1090 3283 ἐξαρχῆς
1124 3214 1295 3284 μυρία
1339 3214 1481 3282 ὑπὲρ
1520 3213 1613 3272 τοῦ
1664 3213 1871 3284 ταύτην
1926 3214 2059 3284 ἡμῖν

472 3298 812 3369 ἐμφυτεῦσαι
834 3297 1238 3367 ἐμηχανήσατιν
1266 3296 1360 3347 καὶ
1384 3297 1491 3365 γὰρ
1515 3296 1642 3364 μίαν
1666 3296 1870 3349 ἆπασιν
1892 3295 2059 3349 ἔδωκε

475 3382 739 3451 κεφαλὴν,
770 3381 862 3434 τὸν
904 3380 1096 3449 Ἀδάμ.
1127 3378 1227 3432 Διά
1254 3379 1306 3432 τί
1341 3378 1450 3448 γὰρ
1477 3378 1553 3447 μὴ
1578 3379 1643 3430 ἐκ
1668 3379 1769 3447 γῆς
1797 3378 2061 3449 ’γινόμεθα

474 3466 708 3530 πάντες;
738 3463 826 3519 διὰ
867 3463 917 3516 τί
965 3464 1040 3533 μὴ
1068 3461 1286 3525 τέλειοι,
1329 3461 1405 3524 ὡς
1440 3463 1682 3527 ἐκεῖνοςς
1722 3462 1842 3516 Ἵνα
1881 3462 1977 3517 καὶ
2008 3463 2059 3521 οί

474 3547 625 3600 τόκοι
650 3547 746 3599 καὶ
767 3548 821 3599 αί
847 3545 1246 3615 παιδοτροφίαι,
1272 3545 1366 3597 καὶ
1387 3544 1446 3597 τὸ
1467 3543 1526 3608 ἐξ
1541 3543 1784 3615 ἀλλήλων
1805 3543 2058 3613 φύεσθαι,

476 3630 781 3699 συνδήσωσι
814 3628 948 3699 πρὸς
980 3627 1244 3696 ἀλλήλους
1277 3628 1449 3699 ἡμᾶς.
1492 3627 1591 3680 Διά
1620 3626 1781 3684 τοῦτο
1812 3628 1933 3680 οὑδέ
1960 3628 2060 3701 τῆν

474 3716 715 3780 γυναῖκα
754 3712 1012 3783 ἐποίησεν
1050 3713 1158 3765 ἀπὸ
1192 3711 1318 3781 γῆς.
1370 3713 1587 3783 Ἐπειδὴ
1618 3713 1729 3784 γάρ
1765 3713 1866 3766 οὐκ
1900 3713 2059 3784 ἤρκει

472 3796 796 3867 δυσωπῆσαι
836 3795 973 3867 πρὸς
1006 3796 1259 3867 ὁμόνοιαν
1291 3796 1442 3865 ἡμᾶς
1486 3795 1709 3863 ὁμοίως,
1745 3796 1805 3848 τὸ
1831 3795 1932 3866 τῆς
1965 3796 2061 3850 αύ-

473 3880 578 3950 τῆς
604 3878 789 3943 οὐσίας
834 3874 995 3943 εἶναι,
1030 3880 1081 3933 εί
1118 3878 1194 3950 μὴ
1236 3879 1328 3933 καὶ
1366 3878 1455 3931 τὸν
1486 3878 1649 3932 αὑτὸν
1681 3878 1899 3949 ἔχοιμεν
1928 3878 2061 3950 πρό-

473 3979 657 4033 γονον,
696 3963 793 4016 καὶ
821 3960 981 4015 τοῦτο
1029 3960 1453 4015 κατεσκεύασεν.
1500 3960 1560 4014 El
1598 3962 1707 4034 γάρ
1748 3961 1843 4015 νῦν
1874 3961 2060 4025 τόποις

472 4048 822 4119 διεστηκότες
854 4047 1060 4117 μόνοις,
1096 4045 1410 4121 ἀλλοτρίους
1440 4043 1579 4101 εἶναι
1607 4046 1899 4117 νομίζομεν
1928 4048 2058 4100 ἐαυ-

473 4133 605 4195 τοὺς
650 4130 928 4202 ἀλλήλων,’
963 4131 1013 4182 εί
1060 4128 1155 4183 δύο
1182 4128 1244 4182 τὸ
1293 4130 1447 4198 γένος
1477 4129 1636 4200 ἡμῶν
1666 4130 1821 4199 ἔσχεν
1860 4131 2058 4202 ἀρχάς,

474 4213 658 4285 πολλῷ
690 4214 889 4286 μᾶλλον
913 4212 979 4267 ἂν
998 4210 1158 4265 τοῦτο
1185 4212 1421 4281 ἐγένετο.
1454 4211 1552 4265 Διά
1572 4212 1636 4284 δὴ
1663 4212 1840 4277 τοῦτο,
1871 4213 2059 4286 ὥσπερ

473 4298 585 4355 ἀπό
610 4316 750 4361 τινος
783 4300 913 4368 μιᾶς
942 4296 1204 4367 κεφαλῆς,
1237 4297 1297 4351 τὸ
1321 4298 1429 4350 πᾶν
1452 4296 1607 4369 ἐδησε
1639 4297 1800 4369 σῶμα
1826 4297 1920 4358 τοῦ
1948 4299 2058 4352 τῶν

473 4377 781 4449 ἀνθρώπων
819 4376 1035 4445 γένους.
1065 4377 1175 4429 Καὶ
1204 4376 1504 4448 ἐπειδήπερ
1526 4376 1764 4448 ὲξαρχῆς
1789 4376 1882 4430 δύο
1912 4378 2060 4442 τινὲς

473 4463 695 4519 ἐδόκουν
726 4457 890 4526 εἷναι,
925 4461 1028 4531 090
1060 4458 1179 4523 πῶς
1219 4459 1421 4523 αὐτοὺς
1450 4460 1729 4531 συγκολλᾷ
1770 4460 1931 4516 πάλιν
1962 4462 2058 4516 καὶ

472 4548 557 4612 εἰς
599 4546 659 4599 ἓν
705 4545 926 4613 συνάγει
955 4543 1045 4597 διὰ
1081 4544 1176 4598 τοῦ
1222 4546 1435 4615 γάμου⁶
1484 4545 1641 4598 Ἀντί
1687 4546 1901 4599 τούτου
1946 4544 2056 4617 γὰρ

473 4631 847 4699 καταλείψει,
890 4631 1077 4699 φησιν,
1110 4627 1421 4697 ἅνθρωπος
1458 4628 1565 4680 τὸν
1606 4627 1832 4696 πατέρα
1865 4628 2055 4683 αὐτοῦ

474 4712 574 4768 καὶ
595 4714 709 4780 τὴν
733 4711 977 4781 μητέρα,
1008 4711 1106 4765 καὶ
1135 4709 1741 4779 προσκολληθήσεται
1765 4711 1917 4779 πρὸς
1942 4711 2058 4780 τὴν

474 4795 731 4869 γυναῖκα
753 4794 1133 4867 [514]αὐτοῦ,
1155 4792 1255 4847 καὶ
1273 4792 1517 4846 ἔσονται
1542 4793 1595 4846 οἱ
1620 4792 1729 4845 δύο
1754 4795 1841 4859 είς
1859 4793 2057 4863 σάρκα

471 4879 637 4948 μίαν.
693 4879 802 4931 Καὶ
827 4879 926 4930 ούκ
956 4874 1132 4941 εἶπεν,
1171 4877 1239 4929 Ἱῐ
1267 4874 1425 4946 γυνὴ,
1454 4874 1570 4928 ἀλλ’
1612 4876 1665 4927 Ὁ
1703 4875 2014 4947 ἅνθρωπος
2036 4916 2051 4941 ,

476 4960 666 5030 ἐπειδὴ
705 4960 799 5011 καὶ
836 4961 1037 5030 μείζων
1074 4959 1405 5031 ἡέπιθυμία
1452 4958 1512 5011 ἐν
1551 4958 1764 5029 ἐκείνῳ.
1802 4959 1911 5012 Καὶ
1944 4962 2054 5031 γὰρ

478 5044 572 5101 καὶ
596 5044 816 5114 μείζονα
833 5045 1002 5115 αὐτὴν
1021 5044 1109 5098 διὰ
1123 5042 1281 5098 τοῦτο
1299 5042 1577 5111 ἐποίησεν,
1601 5043 1689 5096 ἴνα
1709 5043 1769 5096 τὸ
1788 5045 2054 5116 ὑπερέχον

477 5127 819 5198 κατακάμψῃ
865 5130 931 5197 τῇ
981 5128 1254 5199 τυραννίδι
1311 5126 1503 5180 τούτου
1550 5125 1645 5179 τοῦ
1696 5125 1917 5198 ἔρωτος,
1961 5129 2056 5182 καὶ

480 5208 725 5281 ὑποτάξῃ
782 5209 861 5278 τῷ
916 5209 1309 5282 ἀσθενεστέρῳ.
1379 5209 1596 5282 Ἐπειδὴ
1642 5208 1699 5264 δὲ
1746 5210 1841 5264 καὶ
1875 5212 2053 5282 γάμον

478 5294 587 5349 ἔδει
632 5292 975 5362 εἰσαχθῆναι,
1022 5292 1113 5345 τὸν
1156 5294 1231 5359 ἐξ·
1266 5285 1328 5346 οὗ
1380 5294 1592 5362 γέγονε,
1640 5292 1827 5347 τοῦτον
1883 5295 2054 5367 ἀνδρα

478 5376 702 5445 ἐποίησε
728 5380 793 5447 τῇ
825 5375 1062 5443 γυναικί.
1090 5376 1277 5429 Πάντα
1308 5376 1416 5447 γὰρ
1441 5375 1662 5447 ἀγάπης
1688 5376 1767 5447 τῷ
1796 5376 1916 5447 Θεῷ
1942 5377 2054 5433 δεύ-

477 5475 636 5530 τερα.
670 5460 729 5512 Εἰ
752 5458 859 5530 γάρ
880 5457 1022 5511 οὓτω
1046 5458 1348 5529 γενομένων
1371 5460 1399 5512 0
1422 5458 1635 5528 πρῶτος
1655 5458 1853 5522 εὐθέως
1877 5458 2053 5527 οὑτως

476 5543 673 5615 ἐμάνη,
694 5544 787 5597 καὶ
807 5542 1070 5614 τοσαύτην
1100 5544 1280 5614 μάχην
1305 5546 1332 5596 0
1357 5543 1601 5606 διάϐολος
1632 5544 1727 5596 καὶ
1752 5542 2052 5613 βασκανίαν

476 5628 782 5697 ἐνέσπειρε,
823 5626 874 5679 τί
905 5626 1005 5680 ούκ
1034 5629 1099 5680 ἂν
1124 5629 1439 5699 εἰργάσατο,
1468 5627 1516 5677 εί
1550 5626 1625 5695 μὴ
1654 5625 1763 5679 ἀπὸ
1800 5627 1931 5696 μιᾶς
1972 5627 2053 5699 ρί-

476 5713 575 5783 ζης
608 5710 974 5781 ἐϐλάστησαν;
1009 5706 1143 5763 Εἶτα
1183 5711 1269 5763 ἵνα
1310 5709 1371 5762 τὸ
1420 5708 1519 5779 μὲν
1565 5708 1956 5779 ύποτάττηται,
1991 5712 2050 5765 τὸ

477 5799 533 5852 δὲ
555 5797 716 5869 ἄρχῃ·
749 5794 809 5850 τὸ
841 5794 950 5867 γὰρ
974 5794 1235 5869 ὁμότιμον
1281 5790 1390 5849 οἶδε
1420 5790 1678 5856 πολλάκις
1712 5791 1892 5864 μάχην
1930 5796 2043 5849 είσ-

1180 290 1244 346 S.
1281 286 1570 347 JOANNIS
1604 286 2100 347 CIIRYSOSTOII
2138 288 2458 346 ARCHIEP.
2499 290 3046 350 CONSTANTINOP.
3614 298 3701 350 9.90

2162 402 2339 471 άγειψ
2362 403 2463 457 οὑκ
2486 405 2663 475 ἀφῆκε
2684 404 3059 476 δημοκρατίαν
3089 402 3247 469 εἷναι,
3273 407 3407 461 ἀλλά
3434 406 3702 477 βασιλείαν,

2162 485 2257 538 καὶ
2296 485 2545 555 καθάπερ
2578 488 2637 540 ἐν
2668 488 3037 559 στρατοπέδῳ,
3069 491 3274 558 ταύτην
3303 490 3363 543 ἀν
3393 506 3479 553 τις
3509 490 3599 543 ἴδοι
3624 494 3705 561 τὴν

2156 567 2401 633 διάταξιν
2445 569 2567 623 καθ’
2606 571 2847 641 ἑκάστην
2889 572 3089 626 οίκίαν.
3135 573 3292 626 Ἐστι
3324 573 3455 640 γοῦν
3499 574 3555 625 ἐν
3578 574 3706 640 τάξει

2158 650 2261 721 μὲν
2301 651 2566 721 βασιλέως
2596 654 2627 709 0
2666 653 2826 725 ἀνὴρ,
2868 656 2927 708 ἐν
2953 656 3105 722 τάξει
3138 656 3197 708 δὲ
3240 656 3484 727 ὑπάρχου
3513 658 3547 726 ἡ
3588 662 3705 727 γυνὴ

2159 734 2256 787 καὶ
2276 735 2602 807 στρατηγοῦ·
2634 736 2729 789 καὶ
2755 737 2806 789 οἱ
2835 738 3025 802 παῖδες
3054 738 3112 791 δέ
3151 737 3327 810 ἀρχὴν
3358 738 3707 810 κεκλήρωνται

2156 816 2365 888 τρίτην
2396 812 2515 891 εἶτα
2555 819 2696 889 μετά
2731 818 2903 873 ταῦτα
2931 822 3078 893 ἀρχὴ
3108 823 3343 892 τετάρτη
3375 824 3411 891 ὴ
3452 822 3558 876 τῶν
3582 825 3707 876 οἰκε-

2157 900 2288 953 τῶνο
2310 900 2533 972 καὶγὰρ
2564 902 2663 957 καὶ
2692 898 2839 957 οὑτοι
2863 903 3127 972 κρατοῦσι
3152 905 3261 957 τῶν
3288 904 3603 970 ἐλαττόνων,
3629 907 3708 959 καὶ

2158 977 2238 1047 εἷς
2264 1001 2348 1048 τις
2374 984 2637 1055 πολλάκις
2655 987 2769 1049 τοῖς
2796 988 2960 1039 πᾶσιν
2986 986 3280 1058 ἐφέστηκε,
3305 986 3404 1058 τῆν
3426 987 3519 1041 τοῦ
3540 988 3707 1043 δεσπό-

2157 1083 2253 1120 του
2302 1066 2455 1131 τάξιν
2494 1067 2789 1139 διατηρῶν,
2842 1069 2980 1139 πλὴν
3030 1072 3106 1133 ὡς
3145 1070 3385 1140 οἰκέτης.
3439 1071 3548 1126 Καὶ
3588 1071 3708 1141 μετὰ

2157 1148 2360 1219 ταύτης
2385 1149 2547 1221 ἐτέρα
2568 1149 2732 1204 πάλιν
2754 1149 2897 1221 ἀρχὴ
2923 1152 3016 1204 καὶ
3044 1152 3104 1205 ἐν
3127 1154 3314 1215 αὐτοῖς
3340 1153 3374 1219 ἡ
3401 1152 3509 1205 τῶν
3539 1169 3704 1220 γυναι⁸

2159 1232 2291 1297 κῶν,
2321 1234 2356 1303 ἡ
2383 1232 2493 1284 τῶν
2520 1232 2728 1287 παίδων
2745 1242 2787 1297 ⁸,
2824 1235 2921 1286 καὶ
2944 1235 3004 1286 ἐν
3027 1235 3213 1297 αὑτοῖς
3244 1237 3357 1299 τοῖς
3389 1236 3545 1289 παισὶ
3568 1236 3706 1289 πάλιν

2160 1314 2321 1383 ἐτέρα
2358 1315 2501 1369 κατά
2534 1314 2636 1385 τὴν
2676 1314 2892 1386 ἡλικίαν
2936 1316 3033 1370 καὶ
3065 1318 3210 1372 κατά
3244 1317 3345 1387 τὴν
3379 1316 3563 1386 φύσιν·
3607 1318 3706 1370 οὐδὲ

2160 1398 2265 1469 γάρ
2304 1400 2362 1451 ἐν
2406 1401 2519 1460 τοῖς
2548 1399 2782 1462 παιδίοις
2830 1399 3033 1469 ὁμοίως
3075 1402 3136 1455 τὸ
3174 1401 3310 1472 θῆλυ
3362 1405 3573 1471 κρατεῖ.
3616 1405 3707 1455 Καὶ

2162 1481 2436 1552 πανταχοῦ
2464 1482 2533 1535 δι’
2568 1482 2753 1549 ὀλίγου
2790 1483 2885 1535 καὶ
2912 1483 3122 1545 πυκνάς
3163 1484 3392 1555 ἐποίησε
3429 1484 3529 1546 τὰς
3560 1484 3708 1554 ἀρχάς

2158 1565 2187 1616 0
2218 1566 2372 1631 θεὸς,
2399 1565 2486 1619 ἵνα
2511 1565 2690 1618 πάντα
2718 1567 2776 1618 ἐν
2809 1566 3043 1635 ὁμονοία
3063 1566 3202 1640 μένῃ
3230 1568 3324 1620 καὶ
3354 1565 3577 1636 εὐταξία
3602 1567 3707 1618 πολ⁹

2159 1646 2250 1716 λῇ.
2281 1646 2378 1700 Διά
2419 1647 2579 1700 τοῦτο
2616 1646 2715 1701 καὶ
2745 1648 2876 1721 πρὶν
2924 1649 3005 1709 εἰς
3049 1648 3250 1718 πλῆθος
3280 1647 3621 1718 ἐξενεχθῆναι
3662 1648 3711 1701 τὸ

2159 1730 2334 1797 γένος,
2356 1730 2449 1783 δύο
2480 1729 2657 1799 μόνων
2683 1729 2853 1783 ὄντων
2878 1730 2988 1783 τῶν
3016 1729 3270 1801 πρώτων,
3295 1731 3375 1801 τῷ
3401 1732 3500 1801 μὲν
3523 1732 3709 1801 ἄρχειν,

2157 1815 2225 1882 τῇ
2270 1812 2326 1866 δὲ
2358 1813 2623 1883 ἄρχεσθαι
2655 1813 2935 1869 ἐκέλευσε.
2974 1814 3082 1865 K01
3115 1814 3199 1867 ἵνα
3243 1814 3317 1885 μὴ
3349 1814 3426 1876 ῶς
3459 1813 3711 1876 ἐλάττονος

2161 1899 2477 1967 καταφρονῇ
2513 1896 2673 1951 πάλιν
2713 1898 2808 1953 καὶ
2847 1895 3231 1966 ἀποσχίςηται,
3274 1899 3379 1966 ὅρα
3420 1897 3535 1960 πῶς
3563 1895 3709 1964 αὐτὴν

2158 1979 2387 2049 ἐτίμησέ
2434 1996 2494 2033 τε
2544 1982 2638 2033 καὶ
2683 1980 2861 2049 ῆνωσε
2915 1980 3011 2034 καὶ
3060 1979 3166 2049 πρὸ
3206 1984 3304 2050 τῆς
3351 1979 3707 2049 δημιουργίας.

2158 2060 2513 2130 Ποιήσωμεν
2546 2062 2656 2133 γὰρ
2695 2061 2875 2129 αὐτῷ,
2911 2063 3076 2132 φησὶ,
3105 2063 3368 2131 βοηθόν·
3410 2064 3613 2125 δεικνὺς
3642 2062 3711 2115 ὅτι

2160 2144 2241 2207 είς
2279 2144 2469 2215 χρείαν
2510 2144 2676 2200 αὑτοῦ
2700 2145 2892 2214 γέγονε
2911 2184 2927 2209 ,
2952 2147 3049 2199 καὶ
3080 2146 3253 2219 ταύτῃ
3284 2146 3535 2213 συνάγων
3568 2145 3705 2200 αὑτὸν

2160 2227 2297 2297 πρὸς
2319 2228 2419 2297 τὴν
2438 2227 2506 2282 δι’
2535 2228 2698 2284 αὑτὸν
2718 2229 3111 2299 γεγενημένην.
3137 2231 3248 2283 Καὶ
3272 2230 3383 2300 γάρ
3405 2230 3539 2301 πρὸς
3556 2228 3703 2283 ταῦτα

2158 2312 2490 2384 οἰκειότερον
2518 2310 2839 2385 διακείμεθα
2865 2312 2935 2365 τὰ
2963 2312 3030 2367 δι’
3057 2314 3205 2383 ἡμᾶς
3248 2312 3580 2383 πραχθέντα.
3611 2312 3705 2365 ἰνα

2158 2395 2217 2449 δὲ
2245 2395 2322 2467 μὴ
2347 2398 2644 2469 ἐπαίρηται
2673 2397 2836 2451 πάλιν
2862 2397 3069 2468 ἐκείνη,
3097 2396 3173 2458 ῶς
3195 2399 3274 2459 είς
3304 2397 3558 2467 βοήθειαν
3582 2395 3707 2464 αὐτῷ

2159 2479 2395 2544 δοθεῖσα,
2428 2482 2522 2533 καὶ⁵
2556 2481 2651 2534 τὸν
2688 2480 2888 2551 δεσμὸν
2928 2480 3220 2553 ἀπορρήξῃ
3250 2480 3461 2543 τοῦτον,
3500 2480 3602 2537 ἀπὸ
3621 2480 3702 2549 τῆς

2162 2563 2401 2634 πλευρᾶς
2442 2564 2613 2635 αὐτὴν
2640 2566 2803 2629 ποιεῖ,
2831 2564 3045 2628 δεικνὺς
3071 2566 3153 2617 ὅτι
3196 2564 3363 2635 μέρος
3403 2564 3499 2618 τοῦ
3530 2563 3702 2623 παντός

2162 2649 2309 2700 ἐστιν
2347 2647 2485 2718 αῦτη
2514 2646 2609 2701 τοῦ
2650 2648 2920 2718 σώματος.
2965 2650 3085 2703 Ἵνα
3125 2649 3184 2702 δὲ
3228 2648 3363 2719 μηδὲ
3402 2651 3433 2702 0
3473 2650 3606 2718 ἀνὴρ
3633 2650 3704 2700 ἐν·

2160 2729 2349 2789 τεῦθεν
2379 2731 2698 2803 ἐπαίρηται,
2722 2732 2909 2788 ούκέτι
2940 2734 3164 2801 ἀφίησιν
3188 2730 3327 2789 εἶναι
3363 2732 3549 2803 μόνου,
3573 2732 3599 2784 0
3634 2731 3707 2801 μό-

2160 2831 2252 2866 νου
2298 2813 2363 2871 10
2400 2814 2663 2885 πρότερον
2713 2813 2951 2882 ἐγένετο,
2982 2815 3118 2868 ἀλλά
3162 2816 3474 2869 τούναντίον
3511 2816 3703 2884 ἐποίησε

2158 2898 2354 2969 τούτῳ,
2384 2897 2485 2968 τὴν
2514 2896 2861 2951 παιδοποιίαν
2890 2896 3224 2966 εἰσαγαγὼν,
3265 2900 3367 2954 κάν
3395 2898 3567 2969 τούτῳ
3595 2914 3705 2967 προ-

2159 2985 2399 3053 τιμήσας
2437 2984 2538 3055 μέν
2562 2983 2652 3038 τὸν
2690 2983 2882 3056 ἀνδρα,
2920 2984 2980 3037 ού
3020 2983 3127 3055 μὴν
3170 2984 3231 3038 τὸ
3262 2986 3374 3039 πᾶν
3412 2987 3566 3057 ἀφεὶς
3590 2981 3703 3038 εἶναι

2160 3083 2327 3121 αυτου
2334 3106 2349 3120 .

2230 3213 2293 3271 δ’.
2325 3210 2475 3281 Εἶδες
2510 3213 2706 3277 πόσους
2732 3213 3055 3285 συνδέσμους
3085 3214 3302 3286 ἀγάπης
3332 3216 3363 3268 0
3386 3216 3516 3279 Θεὸς
3551 3217 3694 3287 είργάι

2163 3314 2324 3364 σατο;
2362 3296 2521 3351 Ἀλλά
2542 3296 2713 3349 ταῦτα
2738 3297 2836 3367 μὲν
2858 3297 2967 3350 ἀπὸ
2994 3298 3096 3367 τῆς
3123 3298 3336 3367 φύσεως
3368 3301 3629 3371 κατέθηκε
3652 3303 3701 3366 τῇ

2159 3380 2382 3450 ὁμονοία
2406 3380 2474 3432 τά
2506 3380 2756 3455 ἐνέχυρα.
2786 3381 2897 3437 Καὶ
2916 3381 3105 3451 γὰρτὸ
3130 3385 3227 3453 τῆς
3256 3383 3425 3455 αὐτῆς
3453 3384 3625 3446 οὐσίας
3644 3376 3705 3434 εῐ-

2160 3481 2270 3528 ναι,
2307 3464 2387 3526 είς
2413 3462 2568 3516 τοῦτο
2607 3464 2750 3532 ἄγει*
2781 3465 2886 3516 πᾶν
2915 3465 3023 3534 γὰρ
3058 3464 3194 3529 ζῶον
3227 3467 3419 3537 ἀγαπᾷ
3456 3466 3514 3519 τὸ
3548 3467 3704 3536 δμοιιν

2160 3545 2330 3616 αύτῷ⁶
2362 3546 2458 3598 καὶ
2500 3545 2561 3598 τὸ
2612 3546 2673 3614 ἐξ
2703 3546 2891 3617 ἀνδρὸς
2930 3548 3029 3617 τὴν
3063 3551 3296 3614 γυναῖκα
3335 3544 3497 3613 εἶναι,
3545 3549 3627 3601 καὶ
3658 3548 3704 3599 τὸ

2160 3630 2221 3700 ἐξ
2252 3629 2577 3700 ἀμφοτέρων
2623 3631 2783 3683 πάλιν
2818 3631 2945 3693 τοὺς
2979 3632 3193 3693 παῖδας.
3228 3629 3392 3684 Ὅθεν
3429 3632 3521 3683 καὶ
3553 3629 3704 3682 πολλοὶ

2160 3714 2387 3784 φύονται
2430 3713 2723 3778 διαθέσεως
2752 3714 2965 3786 τρόποι.
2998 3715 3103 3769 Τὸν
3134 3715 3233 3785 μὲν
3259 3715 3369 3783 γὰρ
3407 3715 3482 3778 ὡς
3523 3712 3702 3783 πατέρα

2159 3798 2486 3869 ἀγαπῶμεν,
2517 3798 2608 3851 τὸν
2638 3798 2694 3852 δέ
2722 3794 2798 3861 ὡς
2829 3798 3053 3852 πάππον
3076 3813 3090 3827 ·
3121 3799 3217 3853 καὶ
3245 3800 3342 3860 τὴν
3394 3799 3490 3868 μὲν
3520 3798 3588 3861 ὡς
3616 3815 3701 3865 μη-

2160 3884 2316 3960 τέρα,
2346 3885 2445 3955 τὴν
2475 3882 2534 3938 δὲ
2570 3883 2645 3947 ὡς
2674 3882 2921 3953 τιθηνόν·
2976 3884 3073 3936 καὶ
3110 3883 3204 3936 τὸν
3249 3882 3349 3953 μὲν
3382 3883 3458 3945 ὡς
3489 3883 3595 3936 υἱὸν
3627 3882 3700 3932 καὶ

2162 3968 2384 4036 ἔγγονον
2414 3968 2507 4020 καὶ
2539 3967 2598 4034 ἐξ
2632 3967 2875 4037 ἐγγόνων
2904 3966 3088 4030 πάλιν,
3116 3966 3215 4036 τὴν
3249 3966 3307 4020 δέ
3344 3966 3422 4030 ὡς
3459 3966 3703 4033 θυγατέρα

2161 4052 2258 4104 καὶ
2288 4050 2635 4120 θυγατριδῆν·
2671 4051 2766 4104 καὶ
2794 4049 2887 4102 τὸν
2919 4050 3017 4119 μὲν
3054 4050 3130 4112 ῶς
3171 4049 3421 4117 ἀδελφὸν,
3454 4051 3542 4103 τὸν
3568 4048 3619 4101 δὲ
3639 4046 3700 4105 ὡς

2164 4132 2314 4207 [515]
2348 4132 2680 4203 ἀδελφιδοῦν
2704 4133 2798 4187 καὶ
2828 4134 2931 4202 τὴν
2950 4132 3047 4203 μὲν
3072 4131 3148 4196 ὡς
3169 4131 3422 4204 ἀδελφὴν,
3448 4132 3542 4203 τὴν
3566 4132 3616 4183 δὲ
3639 4130 3698 4189 ὡς

2160 4217 2467 4287 ἀδελφιδῆν.
2503 4214 2617 4269 Καὶ
2641 4215 2693 4268 τί
2722 4216 2829 4286 γὰρ
2861 4216 2941 4268 δεῖ
2974 4214 3151 4269 πάντα
3181 4215 3498 4284 καταλέγειν
3528 4214 3589 4267 τά
3620 4213 3697 4281 τῆς

2163 4302 2485 4370 συγγενείας
2512 4300 2753 4371 ὀνόματα
2775 4315 2791 4364 ;
2830 4300 3118 4371 Ἐπενόησε
3139 4299 3196 4353 δέ
3221 4302 3315 4354 καὶ
3343 4301 3532 4372 ἐτέραν
3545 4297 3697 4353 διαθέ-

2162 4402 2299 4449 σεως
2329 4384 2604 4439 ὑπόθεσιν·
2626 4381 3014 4454 ἀπαγορεύσας
3034 4384 3143 4454 γὰρ
3163 4383 3288 4446 τοὺς
3311 4384 3420 4437 τῶν
3453 4379 3695 4452 συγγενῶν

2160 4469 2390 4540 γάμους,
2420 4467 2505 4520 ἐπ’
2525 4466 2838 4537 ἀλλοτρίους
2858 4467 3005 4537 ἡμᾶς
3033 4467 3294 4536 ἐξήγαγε,
3314 4467 3588 4529 κάκείνους
3607 4463 3691 4518 πά·

2159 4552 2242 4605 λιν
2278 4551 2413 4622 πρὸς
2442 4551 2589 4621 ἡμᾶς
2632 4550 2900 4603 εἵλκυσεν.
2945 4548 3159 4618 Ἐπειδὴ
3206 4548 3316 4619 γὰρ
3347 4549 3457 4602 ἀπὸ
3494 4549 3584 4618 τῆς
3610 4561 3692 4614 φυ-

2161 4635 2320 4705 σικῆς
2348 4633 2553 4704 ταύτης
2582 4632 2901 4700 συγγενείας
2928 4633 3030 4685 οὑκ
3060 4628 3128 4704 ἦν
3154 4631 3397 4696 ἐκείνους
3429 4634 3555 4703 ἡμῖν
3590 4644 3691 4681 συν-

2158 4718 2414 4789 αφθῆναι,
2450 4717 2558 4772 ἀπὸ
2590 4717 2683 4769 τοῦ
2709 4717 2888 4786 γάμου
2919 4717 3077 4769 πάλιν
3116 4716 3372 4787 συνῆψεν,
3401 4715 3689 4783 ὁλοκλήρους

2156 4801 2332 4865 οίκίας
2350 4801 2439 4855 διά
2456 4801 2556 4869 τῆς
2577 4800 2705 4871 μιᾶς
2725 4799 2942 4870 νύμφης
2959 4800 3237 4867 συνάγων,.
3252 4800 3345 4852 καὶ
3364 4799 3493 4869 γένη
3512 4798 3691 4867 γένεσιν

2155 4885 2252 4941 ὅλα
2286 4883 2608 4954 ἀναμιγνύς.
2643 4882 2740 4951 Μὴ
2774 4883 2942 4953 γάμοι
2971 4883 3101 4954 γάρ,
3131 4883 3285 4953 φησὶ,
3317 4881 3435 4950 τὴν
3454 4877 3691 4948 ἀδελφὴν

2156 4968 2271 5037 τὴν
2294 4967 2440 5035 σὴν,
2472 4966 2629 5037 μηδὲ
2668 4966 2783 5033 τὴν
2828 4965 3104 5035 ἀδε.1φὴν
3147 4967 3255 5021 τοῦ
3297 4967 3534 5034 πατρὸς,
3565 4958 3691 5033 μηδὲ

2155 5053 2356 5120 ἄλλην
2388 5053 2577 5119 κόρην
2603 5050 2719 5116 τὴν
2756 5051 3040 5117 τοιαύτην
3064 5050 3423 5120 συγγένειαν
3456 5049 3594 5117 πρὸς
3631 5042 3689 5097 σὲ

2155 5134 2550 5203 κεκτημένην,
2592 5134 2626 5206 ἢ
2660 5132 2948 5187 διακωλύει
2992 5133 3080 5187 τὸν
3120 5134 3318 5204 γάμον,
3352 5134 3567 5203 ὀνόματι
3599 5128 3689 5187 θεὶς

2152 5218 2264 5274 τῶν
2295 5217 2551 5272 τοιούτων
2603 5216 2881 5285 συγγενῶν
2927 5217 2997 5270 τά
3042 5217 3176 5287 εἴδη.
3225 5218 3407 5287 Ἀρκεῖ
3458 5233 3535 5269 σοι
3578 5208 3687 5281 πρὸς

2153 5302 2252 5373 τὴν
2283 5303 2505 5355 ἐκείνων
2537 5300 2774 5355 διάθεσιν
2801 5300 2863 5354 τὸ
2900 5300 3060 5355 λῦσαι
3096 5302 3195 5364 τὰς
3223 5300 3391 5364 αὐτὰς
3427 5300 3620 5359 ὠδῖνας,
3640 5291 3686 5343 τὸ

2153 5386 2355 5455 ἑτέρως
2400 5400 2483 5437 σοι
2530 5384 2829 5454 προσήκειν
2872 5384 2969 5445 τὰς
3005 5382 3191 5446 ἀλλας.
3260 5384 3326 5437 Τί
3376 5377 3687 5450 στενοχωρεῖς

2152 5468 2254 5538 τῆς
2290 5468 2511 5537 ἀγάπης
2546 5466 2608 5520 τὸ
2640 5467 2876 5530 πλάτος;
2923 5465 2977 5518 τί
3014 5466 3282 5538 περιττῶς
3320 5466 3559 5519 ὑπόθεσιν
3582 5463 3685 5513 ἀνα-

2151 5551 2360 5615 λίσκεις
2382 5553 2461 5614 είς
2496 5549 2665 5620 αὐτὴν
2688 5549 2890 5618 φιλίας,
2930 5549 2999 5603 δι’
3039 5545 3108 5621 ἧς
3151 5550 3376 5604 δύνασαι
3406 5550 3495 5603 καὶ
3523 5544 3684 5613 ἐτίραν

2153 5633 2480 5705 πορίσασθαι
2499 5631 2679 5701 φιλίας
2704 5632 2977 5704 ἀφορμὴν,
3008 5632 3206 5698 ἔξωθεν
3226 5635 3449 5703 γυναῖκα
3468 5622 3678 5699 ἀγαγὼν,

2216 5823 2234 5845 ι
2274 5808 2479 5861 Deerant
2504 5806 2667 5871 verba,
2690 5810 2769 5859 καὶ
2790 5809 2838 5858 ἐν
2854 5809 3298 5866 αὐτοῖς....παίδων.
