3802 6214
96 254 173 312 εεθ
1013 234 1081 293 1N
1118 231 1335 293 EPIST.
1372 230 1395 289 ι
1455 227 1549 289 AD
1583 226 1743 284 con.
1784 226 2020 285 noun.
2060 225 2303 285 xxxw.

76 349 179 423 rem
199 362 308 416 hanc
329 351 661 426 iniquitatem
690 363 814 407 esse
841 356 1013 420 putet,
1046 348 1139 403 sed
1171 357 1226 403 et
1252 345 1517 416 duplicem
1547 350 1597 398 et

92 453 291 525 triplicem
317 453 369 502 et
398 442 769 512 multiplicem.
799 439 917 495 Non
962 439 1106 495 enim
1148 440 1249 493 hoc
1288 438 1461 491 solum
1506 436 1603 490 ab-

86 544 259 604 surdum
292 546 386 602 est,
417 534 560 606 quod
589 549 650 590 ea
682 548 743 589 se
770 546 907 587 vane
936 530 1239 601 glorientur
1264 529 1405 583 scire
1426 569 1442 593 ,
1484 542 1603 597 qua:

84 636 264 708 Spiritus
286 627 443 684 solius
469 634 595 681 sunt
620 632 676 681 et
703 623 958 693 unigeniti
997 620 1115 677 Filii
1144 620 1274 705 Dei;
1304 619 1397 674 sed
1441 618 1605 673 etiam

80 726 206 799 quod,
232 736 335 777 cum
371 718 570 774 Paulus
597 732 666 771 ne
696 724 899 784 partem
928 713 1143 784 quidem
1173 712 1317 768 illam
1345 711 1604 781 cognitio-

80 822 143 874 nis
166 816 262 871 sine
286 824 507 882 superna
538 808 870 863 revelatioue
908 806 1152 876 accipere
1195 803 1430 884 powerit
1451 841 1467 869 ,
1502 802 1601 871 ipsi

76 919 211 965 totum
233 919 289 959 ex
316 900 541 971 propriis
568 897 862 954 ratiociniis
889 912 948 951 se
975 896 1249 964 accepisse
1273 894 1475 949 dicant.
1504 892 1605 948 Ne-

75 1017 156 1073 que
176 999 297 1055 enim
326 1008 547 1063 usquam
585 1001 811 1063 possunt
840 988 1207 1059 Scripturam,
1254 1004 1373 1058 qua:
1410 987 1478 1042 de
1518 986 1603 1042 bis

75 1086 365 1152 disseruerit,
400 1085 554 1141 nobis
582 1082 890 1138 ostendere.
936 1080 1043 1137 Sed
1075 1081 1237 1135 missa
1271 1080 1484 1134 illorum
1519 1081 1600 1134 in-

75 1186 207 1249 sania,
234 1180 497 1250 sequentia
524 1192 644 1247 qua:
673 1174 741 1231 de
768 1174 993 1230 caritate
1031 1173 1281 1228 dicuntur
1311 1188 1604 1241 persequa-

75 1292 181 1332 mur.
206 1272 374 1341 Neqne
399 1270 543 1325 enim
571 1268 657 1322 his
683 1274 968 1321 contentus
995 1264 1124 1330 fuit,
1150 1263 1242 1318 sed
1275 1278 1461 1318 rursus
1490 1264 1604 1317 haec

75 1363 325 1436 iubjungit:
357 1360 444 1416 15.
477 1359 633 1414 Nunt:
659 1366 829 1411 autem
857 1366 1025 1410 manet
1053 1355 1199 1423 ﬁdes,
1228 1371 1362 1422 spes,
1392 1355 1600 1418 caritas,

76 1462 142 1513 ria
165 1458 290 1521 hac;
316 1454 482 1522 major
510 1460 679 1504 autem
704 1450 882 1503 horum
910 1458 980 1503 est
1007 1449 1211 1501 caritas.

115 1551 161 1604 5.
186 1545 411 1602 Caritatis
433 1539 909 1598 encomia.—Nam
940 1539 1073 1594 ﬁdes
1093 1550 1145 1593 et
1174 1553 1321 1608 spes,
1353 1554 1473 1593 cum
1505 1539 1600 1594 ad-

76 1640 273 1696 tenerint
304 1638 444 1693 bona
478 1650 596 1707 quae
618 1633 821 1690 credita
843 1642 899 1689 et
918 1640 1128 1703 sperata
1162 1632 1397 1699 fuerunt,
1423 1647 1605 1688 cessa-

75 1741 178 1787 .nnt.
205 1731 268 1784 Et
293 1730 393 1784 hoc
421 1727 733 1799 signiﬁcans
763 1725 961 1780 Paulus
990 1724 1208 1779 dicebat
1245 1743 1259 1778 :
1306 1725 1437 1795 Spes
1472 1726 1605 1778 enim

79 1840 143 1878 ita:
163 1821 367 1882 videtur,
402 1834 505 1873 non
535 1828 608 1872 est
641 1834 757 1884 spes
787 1832 805 1870 :
833 1816 969 1887 quod
992 1817 1124 1870 enim
1165 1816 1297 1870 uidet
1320 1819 1453 1886 quis,
1481 1817 1606 1886 quid

75 1916 173 1967 tiam
199 1918 358 1981 speret
398 1909 576 1982 (Rom.
606 1909 658 1965 8.
687 1907 781 1977 24)
809 1908 834 1963 1
859 1920 912 1962 et
942 1922 1157 1962 rursum
1188 1925 1200 1961 :
1231 1906 1323 1961 Est
1349 1917 1516 1961 autem
1541 1908 1607 1976 fi-

76 2023 119 2060 es
144 2019 306 2059 eorum
340 2016 460 2071 qum
496 2009 766 2072 sperantur
796 2000 1075 2054 substantia
1093 2040 1109 2067 ,
1156 2015 1324 2053 rerum
1364 2014 1476 2069 qua:
1506 2015 1605 2053 non

76 2099 244 2151 'dentur
281 2103 638 2166 argumentum
666 2091 861 2163 (Hebr.
897 2092 984 2147 11.
1013 2091 1099 2161 1).
1131 2090 1487 2159 Quamobrem
1520 2090 1606 2146 ha:

75 2190 233 2244 uidem
252 2185 677 2242 cessabuntcum
707 2184 792 2237 illa
811 2183 1154 2253 apparuerint
1174 2200 1187 2237 :
1215 2183 1408 2237 caritas
1427 2191 1604 2237 autem

75 2296 148 2337 me
189 2279 429 2335 maxime
467 2276 761 2341 extollitur,
806 2282 863 2330 et
899 2275 958 2329 ﬁt
1003 2273 1393 2330 vehementior.
1444 2273 1605 2328 Aliud

75 2389 205 2431 ursus
248 2371 559 2428 encomium
596 2370 835 2424 caritatis
873 2385 886 2421 :
920 2384 1095 2438 neque
1132 2368 1276 2422 enim
1319 2376 1606 2422 contentus

79 2477 96 2523 t
122 2464 419 2538 prioribus,
448 2462 547 2519 sed
573 2472 628 2518 et
651 2463 756 2517 alia
792 2477 1004 2516 rursum
1044 2461 1283 2515 invenire
1307 2460 1602 2515 contendit.

75 2562 263 2616 nimum
307 2568 495 2614 autem
548 2556 744 2612 adhibe
779 2571 793 2610 :
841 2555 974 2610 dixit
1018 2570 1135 2610 eam
1182 2553 1446 2610 charisma
1486 2568 1607 2609 esse

75 2670 261 2726 agnum
291 2660 349 2708 et
371 2651 514 2705 viam
536 2648 603 2705 ad
634 2649 749 2704 haec
777 2646 1263 2718 supereminentem
1288 2663 1306 2715 ;
1330 2646 1465 2715 dixit
1490 2646 1607 2701 sine

75 2762 99 2800 a
138 2760 243 2800 non
288 2742 528 2798 multum
558 2741 747 2810 juvare
788 2740 1137 2804 charismata,
1173 2740 1292 2809 ejus
1320 2738 1605 2807 imaginem

75 2837 249 2891 oribus
302 2832 600 2902 descripsit
646 2848 660 2885 ε
708 2831 821 2885 vult
865 2845 1052 2885 rursus
1102 2830 1248 2884 illam
1297 2829 1402 2884 alio
1448 2829 1608 2884 modo

75 2929 285 2993 tollere,
310 2936 369 2980 et
396 2922 690 2979 ostendere
717 2920 858 2993 quod
879 2935 1067 2991 magna
1085 2920 1153 2975 sit
1168 2935 1233 2975 ex
1252 2934 1319 2975 eo
1333 2919 1475 2991 quod
1496 2935 1607 2974 ma-

75 3031 143 3075 at.
180 3018 429 3088 ideoque
470 3015 627 3081 dixit,
660 3013 815 3069 Nune
847 3021 1018 3067 autem
1041 3021 1245 3066 manent
1271 3013 1418 3080 ﬁdes,
1470 3028 1605 3081 spes,

75 3116 204 3178 itas,
235 3113 343 3166 tria
375 3112 524 3175 Ittzc;
553 3110 719 3179 major
742 3118 909 3162 autem
939 3107 1120 3161 horum
1141 3116 1214 3161 est
1231 3108 1436 3161 caritas.
1466 3106 1609 3173 Quo-

75 3206 160 3261 ido
188 3218 329 3276 ergo
371 3202 553 3273 major
594 3210 677 3256 est
714 3200 909 3256 caritas
938 3198 1139 3267 ?Quod
1179 3198 1266 3253 illa
1312 3206 1605 3253 transeant.

83 3312 216 3368 ergo
246 3303 411 3351 tanta
439 3301 526 3349 est
554 3292 725 3347 virtus
746 3291 1010 3357 caritatis,
1054 3292 1177 3361 jure
1220 3290 1494 3361 subjnngit
1523 3291 1609 3344 di-

77 3407 122 3443 ιε
158 3406 174 3443 :
208 3385 514 3442 Sectamini
561 3384 846 3438 caritatem.
887 3382 1099 3438 Etenim
1144 3383 1352 3452 insequi
1399 3390 1611 3451 oportet

76 3481 460 3536 vehementer
487 3477 554 3531 ad
585 3476 729 3530 illam
761 3488 980 3530 currere
1008 3490 1023 3539 ;
1053 3474 1124 3528 ita
1156 3488 1186 3527 a
1214 3473 1367 3528 nobis
1400 3474 1608 3541 avolat,

75 3584 216 3628 tanta
249 3580 391 3627 sunt
419 3585 545 3642 qua:
565 3577 871 3638 susceptum
893 3566 989 3621 illo
1006 3580 1221 3622 cursum
1245 3565 1610 3635 supplantant.

76 3675 341 3738 ψι-οριει·
373 3676 525 3734 Opus
562 3668 645 3717 est
687 3673 787 3715 nos
818 3673 1005 3730 magna
1050 3659 1123 3713 uti
1165 3657 1521 3724 vehementia,
1558 3668 1615 3713 ut

75 3778 126 3815 tn
181 3755 744 3828 comprehendamus
789 3770 804 3807 :
862 3752 1003 3824 quod
1071 3753 1361 3807 ostendens
1427 3751 1615 3807 beatus

75 3853 176 3909 ilus
206 3868 331 3908 non
361 3850 537 3917 dixit,
565 3845 865 3917 Sequimini
888 3846 1188 3908 caritatem,
1212 3843 1610 3914 sed,Perseqni-

78 3949 97 4000 i
129 3947 435 4000 caritatem
460 3984 476 4010 ,
506 3942 748 3997 excitans
790 3952 889 3993 nos
915 3937 1319 4006 accendensque
1352 3936 1418 3990 ad
1471 3937 1612 3990 illam

75 4034 557 4095 rehendendam.
585 4030 801 4087 Etenim
827 4029 968 4085 Deus
992 4044 1021 4083 a
1049 4028 1312 4098 principio
1338 4027 1615 4081 innumera

75 4130 236 4186 illam
273 4129 338 4183 in
382 4123 559 4181 nobis
588 4120 932 4177 inserendam
970 4117 1306 4174 machinatus
1335 4126 1459 4172 est:
1494 4132 1615 4171 nam

75 4225 229 4280 libus
264 4232 471 4276 unum
493 4215 643 4271 dedit
670 4221 856 4286 caput,
884 4210 1169 4267 Adamum.
1201 4209 1310 4265 Cur
1335 4211 1477 4265 enim
1510 4224 1616 4265 non

75 4329 222 4371 .erra
270 4308 589 4367 nascimur
628 4304 865 4362 omnes?
902 4316 998 4360 cur
1040 4316 1145 4358 non
1198 4300 1458 4373 perfecti,
1504 4303 1618 4358 sive

82 4408 124 4463 ti
149 4407 321 4463 sicut
350 4401 470 4459 ille
498 4400 523 4454 ἲ
552 4397 623 4457 Ut
645 4404 703 4454 et
728 4404 910 4468 partus
929 4402 983 4452 et
1003 4394 1228 4449 liliortnn
1252 4393 1617 4463 educationes,

75 4499 214 4572 mod
282 4513 369 4554 ex
436 4492 569 4549 aliis
615 4500 985 4557 nasceremur,
1014 4500 1114 4541 nos
1160 4493 1347 4541 mutuo
1393 4486 1618 4557 colliga-

75 4634 88 4647 .
124 4590 280 4648 ldeo
329 4598 544 4656 neque
571 4582 855 4638 mulierem
887 4593 956 4635 ex
982 4587 1124 4633 terra
1155 4577 1298 4632 fecit.
1322 4576 1455 4646 Quia
1476 4578 1619 4633 enim

81 4684 239 4739 satis
268 4686 426 4736 erat
458 4673 535 4730 ad
558 4669 939 4729 verecundiam
977 4668 1030 4724 in
1066 4667 1221 4723 nobis
1251 4668 1617 4735 inserendam,

91 4774 174 4830 ad
205 4765 620 4829 concordiam
656 4778 757 4819 nos
794 4760 1107 4827 adduceret,
1144 4759 1284 4830 quod
1329 4774 1394 4815 ex
1431 4760 1618 4816 eadem

76 4866 278 4922 tantia
316 4871 643 4922 essemus,
676 4853 778 4909 nisi
802 4850 1055 4908 eumdem
1087 4848 1411 4906 haberemus
1439 4865 1623 4922 proge-

75 4973 187 5014 θη»
232 4972 254 5012 :
314 4952 459 5009 hoc
515 4959 728 5018 quoque
772 4943 971 5000 effecit.
1015 4941 1070 4998 Si
1113 4941 1256 4997 enim
1297 4956 1440 4997 nunc
1489 4941 1622 4997 solis

77 5049 215 5106 neti
272 5044 497 5106 locis,
529 5039 737 5093 alienos
780 5048 880 5089 nos
914 5031 1328 5095 existimamus;
1365 5032 1410 5087 si
1452 5046 1623 5102 genus

75 5159 200 5202 “um
249 5141 400 5199 duo
447 5132 724 5207 principia
769 5129 1081 5193 habuisset,
1122 5128 1291 5183 multo
1323 5129 1492 5199 magis
1520 5128 1623 5185 hoc

75 5244 219 5297 iret.
274 5235 473 5297 Ideo,
529 5230 681 5300 quasi
725 5227 793 5282 ab
835 5239 941 5280 uno
967 5224 1161 5294 capite,
1195 5233 1364 5279 totum
1408 5224 1622 5294 generis

75 5332 161 5387 tni
222 5334 492 5394 corpus
535 5316 825 5388 colligavit.
860 5314 929 5369 Et
957 5310 1080 5386 quia
1130 5313 1184 5368 in
1226 5314 1487 5385 principio
1516 5313 1622 5369 duo

75 5439 156 5479 im
196 5415 608 5476 videbantur
632 5422 753 5464 esse
776 5448 792 5473 ,
818 5404 941 5461 vide
960 5403 1230 5476 quomodo
1253 5404 1375 5459 illos
1396 5403 1620 5474 conglu-

83 5524 151 5571 et
194 5513 266 5567 in
305 5517 536 5564 unum
562 5508 717 5571 cogat
736 5512 838 5568 per
862 5495 1191 5553 connubium
1230 5515 1244 5551 :
1276 5495 1496 5567 Propter
1528 5497 1623 5551 hoc

75 5650 87 5675 ,
123 5602 385 5677 inquit,
429 5595 702 5662 relinquet
732 5593 881 5646 homo
912 5598 1105 5661 patrem
1130 5604 1280 5644 suum
1319 5599 1365 5643 ει
1389 5598 1619 5654 manem,

75 5696 331 5757 ωτι-ειὶι
386 5688 579 5745 uxori
624 5701 751 5754 suta,
808 5693 853 5739 et
894 5690 1039 5738 erunt
1085 5681 1189 5737 duo
1231 5682 1286 5736 in
1328 5697 1481 5737 carne
1520 5699 1621 5737 una

3196 230 3300 289 290

1711 340 1877 410 (Gen.
1904 341 1959 395 2.
1989 341 2120 412 24).
2161 342 2280 399 Non
2318 339 2493 410 dixit,
2538 341 2760 410 Mulier,
2804 345 3123 416 sed,Homo;
3173 350 3299 419 quia

1711 430 1881 501 major
1904 439 1986 487 est
2028 432 2083 487 in
2114 433 2204 489 illo
2228 434 2685 503 concupiscentia.
2722 435 2855 490 Nam
2884 436 3007 493 ideo
3035 441 3299 510 majorem

1709 522 1853 576 illam
1900 522 2045 588 fecit,
2091 534 2148 579 ut
2188 524 2329 595 quod
2374 527 2726 583 excellentius
2769 538 2889 584 erat
2915 530 3155 589 ﬂecteret
3204 550 3301 605 per

1709 612 1866 682 hujus
1895 615 2094 669 amoris
2122 616 2484 686 tyrannidem,
2518 628 2573 672 et
2609 619 2951 677 imbecilliori
2981 623 3297 694 subjiceret.

1709 703 1841 770 Quia
1868 720 1999 761 vero
2025 708 2420 762 matrimonium
2443 710 2603 763 etiam
2628 710 2985 768 inducendum
3012 725 3149 783 erat,
3173 733 3296 773 eum

1709 811 1774 851 cx
1803 811 1909 867 quo
1937 805 2050 852 orta
2082 806 2197 853 erat
2236 796 2363 853 fecit
2390 799 2603 854 mulieri
2646 802 2897 857 maritum
2933 821 2945 857 :
2978 804 3122 861 Deus
3148 808 3293 863 enim

1708 890 1886 943 omnia
1917 890 2125 944 caritati
2154 890 2449 960 postponit.
2481 890 2537 946 Si
2569 893 2712 947 enim
2743 908 2866 948 cum
2894 910 2982 950 res
3028 897 3101 951 ita
3140 896 3297 953 facta:

1709 982 1853 1047 sint,
1885 982 2089 1051 primus
2119 983 2300 1037 statim
2334 984 2412 1038 sic
2440 984 2693 1039 insanivit
2718 994 3028 1059 tantamque
3067 1006 3295 1061 pugnam

1708 1082 1763 1128 et
1788 1073 2040 1128 invidiam
2081 1074 2304 1129 inseruit
2332 1075 2580 1132 diabolus
2613 1093 2628 1142 ;
2672 1076 2799 1148 quid
2832 1094 2939 1134 non
2970 1080 3217 1147 fecisset,
3249 1084 3294 1136 si

1708 1182 1814 1224 non
1836 1182 1900 1222 ex
1930 1183 2035 1223 una
2056 1168 2236 1225 radice
2264 1170 2365 1224 orti
2392 1172 2820 1240 germinassent.’
2839 1174 3042 1232 Deinde
3069 1185 3127 1232 ut
3149 1177 3294 1233 aliud
3336 1204 3337 1207 η

1708 1260 1918 1329 quidem
1949 1260 2322 1330 subjiceretur,
2361 1263 2503 1317 aliud
2548 1263 2881 1333 imperaret;
2929 1282 3052 1322 nam
3087 1271 3289 1339 paritas

1709 1349 1931 1405 honoris
1957 1352 2096 1407 solet
2116 1367 2258 1423 saepe
2290 1369 2493 1424 pugnas
2521 1355 2772 1412 inducere
2798 1374 2813 1425 ;
2843 1373 2948 1414 non
2975 1360 3098 1416 sivit
3130 1378 3298 1432 popu-

1709 1440 1822 1496 lare
1850 1442 2132 1511 imperium
2161 1458 2303 1510 esse,
2328 1444 2421 1499 sed
2441 1460 2683 1516 regnum,
2714 1457 2768 1503 et
2793 1449 2931 1505 sicut
2960 1451 3011 1507 in
3033 1458 3293 1522 exercitu,

1708 1535 1956 1589 eumdem
1983 1534 2183 1590 videris
2226 1537 2278 1591 in
2317 1538 2542 1607 singulis
2588 1539 2836 1596 domibus
2881 1542 3147 1599 ordinem.
3194 1544 3294 1601 Est

1709 1642 1836 1697 ergo
1865 1629 2088 1683 maritus
2117 1629 2168 1683 in
2199 1629 2391 1685 ordine
2417 1629 2559 1700 regis
2579 1673 2595 1697 ,
2628 1634 2821 1687 mulier
2850 1650 2979 1689 vero
3008 1636 3060 1690 in
3104 1636 3295 1692 ordine

1712 1719 1948 1790 prtefecti
1993 1727 2086 1773 aut
2125 1720 2275 1775 ducis
2302 1722 2608 1786 exercitus;
2642 1724 2857 1779 tertium
2886 1725 2981 1781 lilii
3012 1726 3294 1796 imperium

1710 1812 2045 1877 sortiuntur;
2102 1813 2298 1869 deinde
2348 1824 2596 1886 quartum
2648 1817 2929 1874 domestici
2982 1831 3297 1891 occupant:

1711 1920 1833 1958 nam
1880 1905 1933 1959 hi
1965 1921 2177 1975 quoque
2227 1907 2495 1975 imperant
2523 1907 2840 1973 minoribus,
2889 1921 2943 1965 et
2984 1927 3120 1967 unus
3153 1928 3299 1983 saepe

1709 2000 1960 2055 omnibus
2005 2002 2292 2070 prml’ectus
2344 1999 2472 2067 fuit,
2519 2001 2721 2056 domini
2760 2003 3003 2060 ordinem
3052 2020 3295 2069 servans,

1709 2101 1959 2146 caeterum
1988 2100 2044 2146 ut
2069 2092 2415 2147 domesticus.
2436 2091 2503 2147 Et
2534 2105 2653 2163 post
2687 2093 2789 2150 hoc
2814 2096 2959 2151 aliud
2988 2113 3173 2153 rursus
3198 2098 3298 2153 im-

1710 2184 1914 2255 perium
1935 2184 2010 2256 (a)
2029 2182 2105 2256 [et
2129 2185 2178 2237 in
2198 2185 2348 2255 ipsis,
2378 2185 2654 2254 imperium
2678 2186 2984 2255 mulierum,
3016 2190 3296 2260 imperium

1712 2274 2002 2347 ﬁliorum],
2052 2284 2107 2331 et
2151 2275 2204 2330 in
2237 2277 2367 2347 ipsis
2413 2276 2536 2331 ﬁliis
2565 2292 2752 2333 rursus
2800 2278 2946 2333 aliud
3000 2281 3296 2336 secundum

1718 2375 1921 2423 rtatem
1961 2378 2015 2424 et
2063 2370 2358 2424 secundum
2403 2385 2589 2425 sexum
2624 2388 2637 2424 :
2672 2386 2777 2426 nou
2827 2373 2970 2427 enim
3011 2373 3065 2427 in
3114 2373 3298 2429 liberis

1710 2460 1958 2515 similiter
1985 2460 2320 2517 dominatum
2348 2463 2553 2518 obtinet
2592 2450 2809 2519 femina.
2854 2465 2918 2519 Et
2959 2465 3157 2541 ubique
3187 2467 3298 2522 fere

1711 2550 1851 2606 Deus
1908 2550 2205 2623 frequentia
2246 2551 2372 2608 fecit
2422 2554 2680 2624 imperia,
2736 2564 2796 2609 ut
2846 2556 3028 2610 omnia
3077 2556 3129 2611 in
3160 2572 3295 2612 con-

1710 2645 1891 2701 cordia
1934 2654 2214 2699 manerent
2251 2654 2306 2699 et
2340 2644 2391 2699 in
2428 2655 2576 2700 recto
2616 2645 2827 2701 ordine.
2881 2645 3107 2715 Idcirco,
3140 2657 3296 2703 ante-

1709 2751 1869 2806 quam
1906 2750 2075 2806 genus
2123 2735 2412 2790 humanum
2458 2736 2925 2806 multiplicaretur,
2972 2752 3093 2792 cum
3138 2739 3297 2810 primi

1710 2827 1819 2882 duo
1836 2835 2038 2882 tantum
2056 2836 2261 2893 essent,
2275 2826 2437 2897 jussit
2458 2826 2597 2882 hunc
2616 2828 2901 2897 imperare,
2923 2829 3064 2883 illam
3088 2845 3297 2900 parere.

1712 2920 1781 2974 Et
1824 2935 1891 2974 ne
1937 2932 2125 2974 rursus
2171 2919 2316 2973 illam
2350 2927 2409 2973 ut
2436 2918 2699 2974 minorem
2748 2919 3087 2990 despiceret,
3127 2931 3183 2977 et
3210 2922 3299 2976 illa

1711 3012 2131 3078 abscinderetur,
2178 3011 2300 3067 vide
2341 3012 2613 3082 quomodo
2658 3012 2802 3066 illam
2844 3012 3192 3068 honoraverit
3239 3023 3297 3067 et

1712 3107 2071 3175 oonjunxerit,
2100 3106 2262 3161 etiam
2291 3114 2416 3161 ante
2436 3105 2788 3160 creatiOnem.
2815 3104 2948 3160 Nam
2968 3106 3045 3161 ait
3072 3124 3085 3160 :
3120 3104 3302 3161 Facia-

1713 3216 1825 3253 mus
1852 3198 1932 3252 ilti
1960 3199 2245 3268 adjutorem
2293 3195 2442 3268 (Gen.
2471 3196 2523 3250 2.
2559 3197 2651 3266 18)
2682 3213 2696 3260 ;
2740 3197 3030 3252 ostendens
3066 3197 3207 3253 illam
3250 3198 3302 3251 in

1716 3304 1869 3345 usum
1915 3288 2107 3344 factam
2137 3289 2339 3357 fuisse,
2369 3298 2423 3343 et
2452 3288 2550 3342 hac
2582 3290 2789 3342 ratione
2825 3288 3123 3344 concilians
3154 3288 3303 3344 illum

1715 3397 1838 3438 cum
1865 3397 1950 3449 ea,
1982 3397 2101 3451 qua:
2130 3392 2351 3451 propter
2390 3380 2563 3450 ipsum
2608 3378 2746 3434 facta
2776 3379 2874 3434 fuit
2902 3396 2917 3433 :
2947 3396 3069 3435 nam
3114 3383 3307 3452 majori

1716 3475 1909 3531 affectu
1940 3474 2164 3531 ferimur
2203 3489 2328 3545 erga
2369 3489 2434 3529 ea
2461 3489 2582 3544 qua:
2608 3481 2832 3543 propter
2862 3487 2962 3527 nos
2989 3471 3127 3527 facta
3154 3483 3301 3529 sunt.

1717 3570 1788 3627 Ut
1809 3586 1875 3625 ne
1898 3578 2076 3625 autem
2100 3568 2188 3623 illa
2213 3582 2403 3623 rursus
2428 3566 2731 3629 elferretur,
2763 3575 2945 3636 utpote
2972 3565 3024 3620 in
3045 3567 3303 3622 auxilium

1720 3666 1818 3737 ipsi
1844 3665 1988 3726 data,
2020 3672 2074 3718 et
2104 3662 2205 3717 hoc
2227 3670 2503 3731 rumperet
2530 3660 2824 3729 vinculum,
2861 3675 2927 3715 ex
2960 3659 3126 3715 latere
3153 3659 3303 3714 illam

1719 3758 1866 3825 fecit,
1915 3754 2208 3812 ostendens
2250 3754 2396 3809 illam
2438 3762 2641 3823 partem
2674 3766 2797 3806 esse
2831 3750 2995 3806 totius
3036 3751 3306 3820 corporis.

1723 3850 1791 3907 Ut
1818 3859 1995 3904 autem
2039 3862 2213 3917 neque
2243 3847 2326 3901 vir
2367 3845 2493 3901 inde
2530 3844 2899 3910 exlolleretur,
2931 3858 3035 3898 non
3082 3843 3311 3913 amplius

1721 3946 1849 4002 sinit
1877 3959 1997 4000 esse
2022 3943 2210 4004 solius,
2240 3939 2382 4012 quod
2412 3939 2581 3995 solius
2609 3939 2838 4009 primum
2872 3938 2968 3992 fuit
2998 3954 3013 4002 ;
3054 3936 3149 3992 sed
3176 3951 3306 3992 con-

1725 4040 1943 4095 trarium
1992 4035 2137 4103 fecit,
2185 4035 2474 4090 liberorum
2525 4032 2953 4101 procreationem
3002 4029 3308 4094 inducens;

1722 4140 1776 4186 et
1803 4129 1900 4183 hac
1929 4129 1980 4182 in
2008 4142 2068 4182 re
2092 4125 2309 4197 quidem
2334 4124 2507 4179 virum
2550 4120 2865 4194 prteferens,
2916 4136 3087 4192 neque
3130 4129 3308 4176 tamen

1724 4231 1891 4278 totum
1916 4220 2016 4291 ipsi
2044 4218 2371 4289 relinquens.

1793 4314 1849 4369 4.
1887 4310 2126 4366 Vidistin’
2147 4316 2276 4379 quot
2309 4306 2508 4363 amoris
2536 4305 2748 4361 vincula
2775 4304 2918 4360 Deus
2949 4303 3180 4360 fecerit?
3203 4300 3311 4360 Sed

1728 4408 1842 4463 hazc
1882 4402 2097 4476 quidem
2143 4417 2211 4459 ex
2267 4409 2455 4456 natura
2500 4397 2803 4454 concordia:
2850 4398 3065 4468 pignora
3112 4395 3312 4465 posuit.

1725 4499 1857 4555 Nam
1885 4495 2027 4569 quod
2054 4510 2119 4550 ex
2159 4492 2350 4550 eadem
2391 4489 2687 4546 substantia
2735 4488 2827 4551 sit,
2871 4487 2938 4542 ad
2980 4487 3083 4541 hoc
3119 4485 3313 4542 ducit:

1725 4608 1886 4650 omne
1915 4592 2114 4663 quippe
2151 4584 2352 4643 animal
2394 4582 2537 4655 quod
2575 4582 2752 4637 simile
2797 4581 2895 4651 ipsi
2938 4588 3022 4635 est
3046 4589 3230 4643 amat;
3262 4586 3316 4632 et

1726 4687 1868 4760 quod
1892 4683 2088 4741 mulier
2116 4681 2187 4738 sit
2216 4694 2281 4737 ex
2305 4680 2426 4736 viro
2448 4719 2466 4745 ,
2497 4684 2552 4732 et
2579 4672 2720 4746 quod
2750 4687 2817 4728 ex
2843 4681 3070 4741 utroque
3100 4684 3313 4725 rursum

1727 4781 1832 4837 sint
1862 4778 1977 4833 ﬁlii.
2004 4775 2161 4834 Unde
2189 4775 2351 4830 etiam
2382 4778 2676 4827 nascuntur
2703 4766 2858 4822 multi
2895 4765 3118 4819 allectus
3147 4763 3313 4819 modi.

1729 4874 1881 4929 Illum
1927 4884 2158 4941 namque
2200 4878 2255 4923 ut
2286 4873 2492 4937 patrem
2518 4876 2760 4917 amamus
2781 4900 2798 4926 ,
2837 4859 2982 4913 illum
3030 4867 3088 4913 ut
3115 4873 3315 4922 avum;

1728 4977 1777 5023 et
1808 4967 1952 5022 illam
1979 4975 2036 5020 ut
2063 4971 2317 5024 matrem,
2345 4960 2499 5014 istam
2539 4964 2598 5009 ut
2624 4952 2925 5015 nutricem;
2970 4951 3132 5005 alium
3165 4960 3223 5005 nt
3247 4950 3315 5003 ﬁo

1730 5062 1882 5129 lium,
1908 5068 1968 5114 ut
2012 5064 2284 5127 nepotem,
2327 5061 2383 5106 ut
2427 5054 2818 5121 pronepotem;
2864 5044 3024 5099 aliam
3054 5051 3112 5099 ut
3150 5042 3316 5097 ﬁliam

1728 5162 1785 5210 et
1808 5160 1865 5207 ut
1888 5149 2090 5207 sororis
2119 5147 2279 5201 ﬁliam
2305 5163 2316 5198 :
2337 5141 2553 5198 ethunc
2571 5138 2784 5211 quidem
2812 5145 2869 5192 ut
2890 5136 3128 5203 fratrem,
3151 5136 3314 5190 alium

1730 5262 1860 5303 vero
1890 5254 1945 5300 ut
1973 5241 2266 5316 patruelem
2293 5256 2306 5303 ;
2336 5238 2495 5292 aliam
2524 5243 2582 5290 ut
2606 5247 2870 5300 sororem,
2895 5231 3054 5286 aliam
3086 5238 3144 5285 ut
3180 5243 3317 5285 con-

1730 5338 2021 5397 sobrinam.
2054 5334 2123 5389 Et
2152 5331 2280 5404 quid
2309 5344 2445 5399 Opus
2473 5336 2557 5384 est
2583 5339 2872 5382 recensere
2907 5323 3084 5378 omnia
3113 5336 3317 5393 cogna-

1729 5431 1892 5488 tionis
1922 5426 2138 5484 uomina
2166 5424 2189 5479 ?
2222 5421 2557 5494 Excogitavit
2583 5420 2743 5476 etiam
2786 5418 2945 5472 aliam
2975 5412 3198 5469 allectus
3223 5425 3317 5466 oc-

1728 5529 2000 5586 easionem
2036 5542 2049 5579 :
2073 5520 2355 5594 prohibitis
2375 5518 2519 5575 enim
2545 5524 2894 5587 cognatorum
2920 5507 3225 5574 connubiis,
3246 5504 3316 5561 ad

1796 5687 1870 5750 (a)
1902 5682 2094 5734 Uncinis
2110 5678 2271 5730 clausa
2296 5689 2325 5727 c
2354 5673 2638 5726 Commclin.
2665 5667 3014 5732 supplevimus.
