3802 6214
421 224 520 282 991

419 341 628 394 alienos
654 331 840 390 eduxit
867 343 964 384 nos
983 369 998 394 ,
1033 328 1263 396 illosque
1293 338 1506 380 rursum
1547 320 1614 376 ad
1643 335 1740 376 nos
1767 321 2011 374 attraxit.

423 429 558 496 Quia
589 425 734 481 enim
767 439 798 478 a
823 419 1052 476 naturali
1075 419 1166 472 illa
1196 415 1514 486 cognatione
1536 429 1640 468 non
1673 411 1866 466 licebat
1894 409 2014 464 illos

425 521 582 575 nobis
607 515 882 586 conjungi,
910 530 939 568 a
963 512 1238 568 connubio
1259 523 1444 564 rursus
1465 506 1761 576 conjunxit,
1782 505 2016 572 integras

422 613 614 666 domos
645 624 742 680 per
765 621 930 661 unam
960 617 1208 674 sponsam
1233 600 1585 670 conjungens,
1623 606 1678 651 et
1705 610 1899 666 genera
1931 595 2015 648 in-

423 714 574 772 tegra
603 698 894 770 generibus
923 693 1300 748 cetntniscens.
1344 689 1428 744 Ne
1452 691 1630 754 ducas,
1663 686 1856 756 inquit,
1889 702 2018 738 uxo-

425 810 532 848 rem
569 806 791 846 sororem
817 799 956 841 tuam
975 827 989 850 ,
1015 800 1174 854 neque
1201 799 1425 837 sororem
1463 781 1642 852 patris,
1676 795 1834 848 neque
1861 778 2015 829 aliam

427 885 648 956 puellam
693 896 808 950 quis
837 879 986 932 talem
1017 887 1179 930 tecum
1216 874 1566 945 cognationem
1609 870 1788 924 habeat
1817 866 2015 940 (Levii.

427 976 516 1034 18.
574 973 710 1029 8-10
741 973 792 1040 ),
836 985 958 1040 quze
1003 965 1404 1022 matrimonium
1451 960 1748 1030 impediat,
1801 958 2018 1012 nomina

427 1078 634 1136 ponens
662 1058 969 1131 huiusmodi
1001 1057 1401 1127 cognationum.
1434 1053 1552 1106 'l‘ibi
1579 1050 1776 1105 snflicit
1801 1049 1866 1104 ad
1895 1049 2018 1104 illo-

425 1172 544 1211 rum
592 1153 843 1210 alfcctum
896 1147 1255 1210 trahendum,
1311 1145 1452 1216 quod
1495 1142 1686 1199 eodem
1745 1149 1896 1211 partu
1945 1140 2019 1194 sis

424 1246 623 1312 editus,
656 1253 710 1299 et
748 1237 891 1314 quod
920 1239 988 1296 ad
1021 1248 1073 1294 te
1109 1239 1265 1292 aliter
1291 1236 1410 1290 alize
1437 1244 1680 1306 spectent
1706 1232 2015 1288 afﬁnitates.

425 1337 533 1394 Cur
559 1337 611 1392 in
643 1344 927 1407 angustum
953 1333 1150 1403 redigis
1171 1329 1507 1384 latitudinem
1529 1327 1767 1382 caritatis
1796 1327 1936 1381 ?cur
1966 1326 2018 1380 in

427 1429 573 1485 illam
618 1429 814 1482 frustra
860 1424 1089 1494 suscipis
1142 1421 1390 1476 amicitiae
1430 1433 1671 1486 causam,
1719 1434 1814 1488 per
1860 1433 2018 1488 quam

427 1529 584 1590 potes
623 1518 778 1572 aliam
810 1515 1064 1584 consequi
1109 1513 1358 1568 amicitiae
1393 1511 1753 1576 occasionem,
1799 1521 2020 1566 externa

429 1612 644 1666 inducta
676 1625 863 1674 uxore,
892 1618 946 1663 et
973 1622 1068 1676 per
1093 1607 1236 1660 illam
1273 1604 1532 1660 inducens
1557 1612 1908 1674 cognatorum
1933 1618 2022 1658 se-

427 1705 583 1766 riem,
618 1713 862 1764 matrem,
913 1709 1140 1770 patrem,
1197 1696 1392 1752 fratres
1438 1706 1494 1752 et
1532 1696 1744 1750 illorum
1793 1695 2022 1750 afﬁnes?

433 1793 620 1846 Viden’
661 1801 790 1862 quot
833 1789 1007 1845 modis
1034 1803 1134 1843 nos
1164 1788 1498 1858 colligaverit
1522 1785 1546 1839 ?
1572 1788 1820 1842 Attamen
1850 1801 2023 1856 neque

433 1885 516 1938 his
543 1891 830 1938 contentus
853 1880 973 1944 fuit,
1003 1879 1098 1934 sed
1123 1878 1283 1934 etiam
1308 1876 1486 1933 effecit
1514 1887 1571 1931 ιιι
1599 1877 1690 1931 alii
1721 1877 1841 1932 aliis
1883 1877 2022 1932 indi-

427 1989 696 2046 geremus,
723 1982 780 2026 nt
801 1971 962 2026 etiam
993 1969 1071 2024 sic
1101 1984 1200 2024 nos
1225 1968 1594 2038 conjungeret,
1618 1968 1742 2038 quia
1763 1967 2025 2023 amicitias

432 2084 560 2123 usus
589 2068 732 2122 facit.
781 2065 906 2120 Ideo
934 2079 1038 2118 non
1069 2064 1266 2132 ubique
1295 2063 1472 2116 omnia
1501 2061 1642 2131 gigni
1684 2062 1940 2130 permisit,
1969 2071 2025 2114 ut

433 2161 559 2215 hinc
606 2158 767 2213 etiam
801 2171 898 2211 nos
929 2163 1146 2225 cogeret
1187 2169 1309 2208 cum
1338 2153 1456 2207 aliis
1484 2152 1846 2207 commisceri.
1888 2150 2022 2206 Cum

435 2267 596 2322 porro
625 2250 752 2306 illud
780 2247 1046 2304 effecisset
1093 2253 1152 2300 ut
1191 2247 1328 2301 alter
1353 2245 1522 2300 altero
1548 2259 1826 2315 egeremus
1847 2286 1862 2310 ,
1896 2245 2024 2300 faci-

434 2347 538 2399 lem
585 2341 814 2398 reddidit
857 2337 1290 2394 commixtionem
1324 2355 1337 2390 :
1371 2336 1471 2390 nisi
1519 2336 1662 2390 enim
1709 2335 1812 2389 hoc
1841 2345 2021 2398 esset,

433 2434 600 2489 altera
623 2433 751 2488 hinc
774 2429 1019 2486 molestia
1047 2439 1096 2484 et
1124 2427 1414 2482 difﬁcultas
1441 2435 1761 2496 emergeret.
1793 2426 1848 2482 Si
1874 2427 2022 2480 enim

434 2525 645 2580 medico
669 2531 918 2593 egentem
947 2531 1040 2575 aut
1067 2521 1216 2574 fabro
1253 2529 1343 2572 aut
1369 2519 1476 2572 alio
1516 2519 1723 2574 artiﬁce
1749 2528 2026 2588 oporteret

433 2627 660 2688 peregre
691 2613 976 2686 proficisci,
1009 2619 1174 2666 totum
1211 2611 1426 2680 periret.
1455 2608 1579 2663 Ideo
1609 2619 1662 2664 et
1688 2609 1845 2664 urbes
1869 2624 2027 2680 para—

435 2709 534 2774 vit,
557 2715 610 2760 et
632 2719 823 2759 omnes
844 2701 1001 2756 simul
1019 2700 1318 2769 conjunxit.
1341 2697 1410 2754 Ut
1430 2708 1606 2753 autem
1630 2713 1722 2754 eos
1736 2700 1822 2768 qui
1843 2699 2026 2769 procul

433 2807 560 2855 sunt
593 2797 750 2852 facile
777 2795 926 2850 adire
969 2808 1269 2863 possemus,
1303 2807 1448 2847 mare
1471 2793 1522 2845 in
1551 2791 1728 2847 medio
1765 2794 2024 2856 extendit.

431 2899 487 2945 et
535 2898 814 2943 ventorum
861 2885 1012 2940 dedit
1055 2885 1405 2950 celeritatem,
1453 2884 1530 2938 sic
1569 2882 1750 2940 faciles
1797 2882 2029 2940 reddens

433 2978 909 3051 peregrinationes.
959 2975 1116 3031 Initio
1159 2977 1320 3032 etiam
1366 2989 1554 3030 omnes
1603 2975 1656 3029 in
1707 2991 1812 3030 uno
1855 2978 2029 3047 coogit

434 3075 589 3141 loco;
615 3087 788 3142 neque
817 3071 964 3141 prius
991 3067 1268 3140 dispersit,
1301 3067 1475 3123 donec
1498 3068 1531 3122 ii
1560 3068 1648 3138 qui
1675 3069 1902 3138 primum
1933 3070 2028 3123 do-

433 3183 564 3224 num
593 3175 930 3236 acceperant,
965 3163 1256 3218 concordia
1287 3161 1353 3216 ad
1393 3161 1592 3216 malum
1621 3163 1700 3215 usi
1732 3171 1858 3216 sunt
1884 3177 1899 3227 ;
1932 3161 2027 3216 scd

432 3260 670 3330 undique
700 3273 800 3313 nos
824 3257 1062 3327 collegit,
1087 3265 1140 3310 et
1161 3271 1192 3310 a
1222 3264 1408 3309 natura
1441 3264 1491 3308 ct
1515 3270 1546 3309 a
1570 3255 1890 3324 cognatione
1916 3264 1968 3308 et
1997 3270 2026 3307 a

434 3353 612 3422 lingua
656 3359 712 3405 et
744 3365 774 3402 a
815 3349 956 3402 loco.
995 3349 1072 3402 Ac
1113 3347 1252 3401 sicut
1297 3345 1511 3400 nolebat
1554 3359 1651 3399 nos
1683 3343 1933 3398 excidere
1963 3359 2026 3398 cx

432 3443 685 3516 paradiso
703 3461 717 3506 ;
737 3443 780 3497 si
803 3441 948 3495 enim
979 3439 1258 3504 voluisset,
1287 3453 1395 3492 non
1419 3437 1529 3491 illic
1553 3453 1674 3492 eum
1699 3453 1856 3506 quem
1892 3437 2030 3492 fece-

436 3545 518 3593 rat
547 3535 817 3590 hominem
853 3534 904 3588 in
939 3531 1200 3602 principio
1225 3531 1510 3600 posuisset,
1536 3528 1628 3584 sed
1650 3529 1740 3599 qui
1771 3545 1874 3583 non
1900 3529 2028 3583 obc-

435 3629 591 3694 divit,
625 3627 680 3682 in
725 3641 883 3681 causa
915 3625 1014 3680 fuit
1047 3643 1059 3680 :
1095 3629 1173 3678 sic
1201 3637 1298 3677 nos
1335 3621 1551 3678 nolebat
1579 3619 1808 3676 diversa:
1837 3621 2027 3692 lingua:

437 3735 596 3786 esse;
628 3733 748 3773 nam
776 3718 841 3771 ab
870 3717 1020 3771 initio
1051 3715 1153 3770 hoc
1182 3715 1397 3770 fecisset
1426 3731 1441 3780 ;
1471 3729 1613 3768 nunc
1634 3725 1812 3767 autem
1841 3719 1892 3767 in
1920 3722 2028 3768 tota

438 3822 582 3866 terra
613 3809 812 3863 fabium
859 3816 974 3862 erat
1015 3821 1174 3860 unum
1217 3813 1272 3861 et
1306 3819 1408 3858 vox
1448 3819 1553 3858 una
1595 3803 1866 3858 oumibus.
1898 3803 2030 3858 Pro-

441 3915 622 3973 pterea
653 3916 750 3955 nec
780 3898 992 3970 quando
1015 3907 1212 3953 terram
1241 3899 1474 3966 oportuit
1492 3895 1682 3959 deleri,
1709 3910 1806 3950 nos
1832 3909 1896 3949 ex
1919 3895 2024 3949 alia

441 3993 566 4049 fecit
609 3993 854 4056 materia,
887 4004 1064 4059 neque
1103 3989 1306 4059 justum
1353 3987 1661 4051 transtulit;
1697 3985 1790 4040 sed
1837 3986 1929 4040 illo
1975 3987 2027 4040 in

441 4084 632 4141 mediis
649 4083 896 4139 fluctibus
915 4082 1160 4147 dimisso,
1185 4080 1336 4151 quasi
1357 4079 1585 4152 quadam
1608 4077 1754 4133 orbis
1775 4077 2027 4144 scintilla,

439 4193 610 4252 genus
639 4185 880 4232 nostrum
912 4187 1098 4230 rursus
1127 4173 1374 4229 accendit
1395 4189 1460 4229 ex
1493 4175 1650 4230 beato
1678 4175 1768 4229 illo
1797 4175 1928 4230 Noe.
1963 4175 2031 4230 Et

441 4272 510 4327 ab
537 4271 692 4326 initio
721 4269 936 4339 quidem
967 4283 1129 4322 unum
1173 4266 1298 4321 fecit
1329 4267 1610 4336 imperium
1641 4269 1812 4322 virum
1852 4265 2022 4336 praeﬁ-

439 4363 592 4418 ciens
633 4359 844 4414 mulieri
877 4377 889 4414 :
922 4359 1045 4429 quia
1072 4371 1202 4412 vero
1229 4371 1401 4428 genus
1441 4365 1680 4412 nostrum
1713 4357 1768 4412 in
1807 4359 2030 4411 multam

439 4451 642 4509 decidit
671 4451 876 4505 ordinis
902 4451 1260 4512 eversionem,
1289 4449 1393 4503 alia
1422 4463 1633 4518 quoque
1661 4449 1881 4520 imperia
1904 4465 2034 4504 con-

440 4545 650 4611 stituit,
683 4557 877 4613 nempe
920 4542 1264 4597 dominorum
1293 4548 1347 4596 et
1373 4541 1816 4611 magiStratuum;
1849 4551 1903 4597 et
1931 4541 2034 4598 hoc

443 4645 662 4708 propter
692 4636 992 4691 caritatem.
1023 4634 1157 4700 Quia
1185 4631 1328 4689 enim
1361 4633 1562 4687 malitia
1592 4647 1762 4703 genus
1792 4643 2030 4688 nostrum

441 4731 602 4785 Solvit
623 4739 680 4786 et
700 4730 938 4801 perimit,
965 4745 1064 4784 ceu
1091 4725 1352 4798 quosdam
1381 4725 1619 4781 medicos
1649 4727 1701 4779 in
1731 4725 1922 4779 mediis
1947 4742 2033 4780 nr-

447 4825 601 4878 bibus
625 4821 904 4876 constituit
932 4821 1019 4890 qui
1039 4819 1240 4890 judicia
1263 4816 1490 4880 ferrent,
1523 4825 1582 4871 ut
1607 4816 1860 4886 deinceps
1884 4817 2036 4871 maliv

445 4914 570 4968 tiam
603 4927 701 4967 ceu
739 4911 1022 4982 quamdam
1051 4909 1289 4966 caritatis
1335 4916 1537 4979 pestem
1567 4908 1907 4963 eliminantes
1933 4949 1948 4976 ,
1981 4909 2034 4963 in

449 5019 608 5058 ιιιιιιιιι
643 5019 740 5058 nos
763 5014 1036 5073 cogerent.
1071 5003 1136 5060 Ut
1165 5012 1343 5058 autem
1376 5018 1482 5056 non
1511 5001 1682 5056 solum
1713 5001 1764 5055 in
1791 5001 2032 5064 urbibus,

450 5097 542 5152 sed
575 5097 735 5150 etiam
760 5095 812 5149 in
840 5097 1064 5166 singulis
1087 5095 1337 5150 domibus
1365 5095 1530 5149 inulta
1553 5093 1838 5149 concordia
1861 5105 2033 5160 esset;

447 5203 570 5242 cum
599 5187 772 5240 virum
801 5187 1026 5256 imperio
1052 5195 1106 5240 et
1137 5187 1496 5254 prmcellentia
1530 5186 1846 5240 honorassct
1869 5227 1882 5251 ,
1913 5201 2037 5240 mn-

450 5281 634 5334 lierem
665 5289 841 5334 autem
881 5280 1312 5348 concupiscentia
1343 5287 1642 5344 armasset,
1690 5285 1748 5334 et
1781 5293 2038 5348 procrea-

451 5373 611 5427 tionis
637 5373 928 5428 liberorum
955 5373 1155 5427 donum
1183 5375 1234 5425 in
1264 5373 1440 5428 medio
1469 5389 1653 5428 eorum
1677 5373 2032 5443 deposuisset,

449 5465 551 5518 alia
583 5480 703 5519 cum
753 5464 836 5518 his
879 5477 1000 5534 quae
1043 5464 1318 5519 caritatem
1358 5465 1709 5520 conciliarent
1737 5466 2033 5536 apparavit.

452 5555 634 5626 Neque
673 5556 818 5612 enim
846 5555 1024 5611 omnia
1055 5555 1294 5625 permisit
1321 5557 1470 5620 viro,
1507 5572 1678 5628 neque
1705 5559 1883 5612 omnia
1915 5574 2036 5614 mu-

447 5645 592 5716 lieri,
624 5645 718 5704 sed
745 5655 799 5704 et
839 5647 957 5704 hzec
987 5645 1271 5717 unicuique
1301 5647 1513 5718 divisit,
1549 5645 1760 5704 mulieri
1790 5647 2032 5718 domum,

1099 213 1156 270 S.
1193 209 1472 268 JOANNIS
1507 203 1977 266 CHRYSOSTOMI
2015 201 2336 259 ARCHIEP.
2374 203 2905 262 CONSTANTINOP.
3629 207 3716 264 392

2125 316 2241 370 viro
2267 316 2436 370 forum
2469 318 2826 388 consignans;
2854 328 2908 374 et
2935 319 3048 375 viro
3069 320 3286 392 quidem
3309 331 3370 378 ut
3397 323 3600 388 aleret,
3629 333 3722 378 ter-

2126 423 2242 464 ram
2269 408 2413 462 enim
2455 409 2618 474 colit;
2651 409 2860 464 mulieri
2892 425 3022 464 vero
3053 421 3110 466 ιιι
3136 414 3398 480 vestiret,
3441 414 3556 468 tela
3595 417 3718 470 enim

2121 509 2177 556 et
2214 500 2367 554 colus
2411 510 2538 554 sunt
2580 500 2824 555 mulieris
2859 519 2870 555 :
2905 503 3020 572 ipse
3065 519 3298 574 namque
3333 505 3494 560 dedit
3523 506 3720 562 mulieri

2126 591 2340 647 texendi
2387 593 2728 648 industriam.
2773 594 2880 650 Sed
2927 607 3114 664 pereat
3151 599 3424 662 avaritia,
3475 615 3606 670 qua:
3633 617 3720 656 aea

2123 684 2252 740 sinit
2275 684 2415 738 hanc
2435 699 2697 754 apparere
2717 684 3096 742 differentiam.
3120 688 3252 742 Nam
3273 691 3588 745 multorum
3611 695 3722 746 mol-

2123 774 2266 828 lities
2299 775 2445 828 viros
2473 774 2538 827 ad
2571 775 2703 828 telas
2733 775 2985 843 deduxit,
3026 788 3081 830 et
3125 780 3304 834 radios
3347 782 3436 836 eis
3463 782 3522 836 in
3555 798 3722 838 manus

2122 864 2270 920 dedit
2315 874 2369 920 et
2413 865 2728 936 subtegmen
2775 877 2830 922 et
2858 871 3109 924 stamina.
3143 873 3404 926 Attamen
3449 875 3536 929 sic
3581 877 3722 930 eti:

2123 953 2290 1025 fulget
2317 953 2513 1010 divina:
2557 957 2973 1026 dispensationis
3019 962 3378 1030 providentia.
3433 965 3578 1020 Nam
3623 981 3722 1022 Iae-

2123 1047 2256 1102 liere
2295 1047 2347 1102 in
2377 1048 2495 1102 aliis
2523 1049 2685 1103 etiam
2725 1050 3014 1106 admodum
3043 1057 3370 1110 necessariis
3401 1071 3554 1126 opus
3579 1057 3722 1114 babe-

2125 1154 2264 1202 mus,
2289 1147 2344 1194 et
2366 1141 2665 1195 minoribus
2691 1141 2742 1196 in
2765 1141 2830 1196 iis
2854 1158 2974 1212 quae
2993 1145 3155 1200 vitam
3177 1148 3476 1202 continent
3505 1158 3722 1204 nostra

2124 1229 2459 1300 indigemus;
2494 1240 2746 1302 tantaque
2788 1241 2873 1288 est
2915 1237 3208 1291 necessitas
3231 1279 3246 1302 ,
3279 1247 3341 1292 ut
3371 1238 3602 1293 etiamsi
3627 1243 3722 1310 quis

2125 1321 2364 1376 omnium
2393 1322 2462 1376 sit
2495 1321 2772 1376 hominum
2806 1323 3122 1394 ditissimus,
3153 1343 3336 1398 neque
3359 1330 3450 1384 sic
3483 1329 3588 1384 hac
3613 1346 3724 1386 con-

2120 1414 2400 1484 junctione
2443 1415 2720 1483 liberetur,
2768 1417 2841 1471 ita
2873 1425 2932 1472 ut
2955 1418 3116 1474 etiam
3161 1419 3436 1478 inferiore
3467 1438 3610 1492 opus
3645 1423 3724 1476 In.

2127 1507 2270 1562 beat.
2299 1507 2483 1577 Neque
2511 1508 2654 1562 enim
2687 1523 2950 1578 pauperes
2977 1510 3148 1564 solum
3189 1527 3336 1583 Opus
3365 1513 3586 1568 habent
3609 1517 3724 1570 diri-

2128 1599 2292 1667 tibus,
2323 1600 2419 1655 sed
2445 1601 2608 1654 etiam
2635 1600 2829 1656 divites
2859 1605 3206 1674 pauperibus,
3239 1616 3294 1660 et
3319 1606 3380 1660 hi
3413 1609 3596 1678 magis
3621 1611 3724 1676 illa,

2126 1709 2284 1764 quam
2316 1692 2390 1746 illi
2423 1693 2562 1749 istis.

2199 1787 2250 1842 5.
2295 1785 2363 1841 Et
2406 1797 2464 1842 ut
2496 1790 2598 1842 hoc
2644 1787 2841 1844 clarius
2887 1789 3092 1856 videas,
3135 1791 3434 1860 faciamus,
3467 1794 3518 1848 si
3549 1795 3720 1864 placet.

2127 1877 2259 1932 duas
2287 1877 2483 1942 urbes;
2511 1879 2670 1933 aliam
2711 1879 2940 1936 divitum
2983 1891 3212 1950 tantum,
3241 1886 3415 1940 aliam
3453 1902 3594 1942 vero
3621 1905 3728 1958 pau-

2129 1986 2347 2041 perum;
2381 1979 2438 2026 et
2467 1986 2642 2041 neque
2668 1972 2722 2025 in
2751 1987 2814 2027 ea
2843 1989 2962 2043 quae
2989 1973 3211 2029 divitum
3235 1987 3324 2030 est
3351 1977 3432 2032 sit
3455 1979 3588 2048 quis
3613 1995 3728 2050 pan-

2131 2075 2246 2131 per,
2281 2077 2454 2132 neque
2483 2063 2532 2115 in
2566 2077 2626 2116 ea
2657 2079 2777 2133 qua:
2823 2079 3116 2134 pauperum
3161 2079 3248 2124 est
3287 2070 3366 2124 sit
3395 2071 3538 2140 quis
3577 2072 3726 2138 dives,

2129 2151 2222 2208 sed
2249 2162 2527 2224 utramque
2554 2165 2743 2210 exacte
2773 2171 3136 2228 expurgemus
3159 2180 3172 2212 :
3199 2169 3254 2214 et
3279 2161 3590 2218 videamus
3603 2181 3728 2234 qu:-

2131 2259 2252 2298 nam
2285 2245 2455 2316 magis
2481 2245 2582 2300 sibi
2608 2247 2858 2302 sufﬁcere
2889 2250 3104 2318 poterit.
3131 2250 3188 2306 Si
3215 2252 3366 2307 enim
3393 2253 3728 2312 inveniamus

2130 2351 2250 2391 eam
2274 2352 2394 2407 qua:
2422 2338 2614 2406 possit,
2637 2353 2758 2394 esse
2794 2355 3086 2411 pauperum
3117 2343 3334 2410 urbem,
3385 2348 3584 2416 palam
3623 2353 3726 2414 erit,

2129 2427 2276 2500 quod
2305 2429 2500 2484 divites
2533 2431 2701 2502 magis
2750 2432 2858 2486 illis
2889 2431 3183 2504 indigeant.
3217 2436 3414 2507 Itaque
3449 2439 3510 2494 in
3541 2441 3634 2496 illa
3659 2443 3730 2497 di-

2131 2523 2300 2578 vitum
2329 2522 2462 2578 urbe
2485 2523 2796 2586 nulluserit
2819 2525 3040 2594 artifex,
3075 2543 3183 2582 non
3223 2529 3605 2600 architectus,
3637 2551 3726 2589 non

2131 2615 2300 2681 faber,
2329 2629 2439 2669 non
2477 2623 2628 2670 sutor
2657 2615 2978 2682 calcearius,
3015 2635 3120 2673 non
3154 2619 3352 2690 pistor,
3385 2639 3506 2678 non
3535 2627 3732 2696 agrico-

2131 2707 2206 2776 la,
2249 2723 2356 2762 non
2401 2706 2554 2762 faber
2582 2709 2829 2777 aerarius,
2870 2725 2978 2764 non
3025 2709 3231 2766 funium
3277 2726 3612 2782 contextor,
3641 2735 3732 2774 nea

2129 2801 2276 2857 aliud
2309 2801 2600 2872 quidquam
2635 2801 2960 2872 hujusmodi.
2997 2803 3128 2872 Quis
3153 2807 3296 2860 enim
3345 2807 3594 2864 divitum
3623 2828 3730 2866 ιιιιο

2130 2910 2291 2966 quam
2319 2893 2434 2949 haec
2464 2903 2694 2950 tractare
2711 2894 2964 2964 voluerit,
2989 2896 3203 2966 quando
3225 2897 3258 2952 ii
3277 2900 3480 2968 etiam,
3515 2905 3612 2972 qui
3635 2903 3732 2959 iure

2133 2994 2384 3050 tractant,
2435 3000 2558 3040 cum
2604 2985 2846 3056 opulenti
2891 2985 3110 3054 fuerint,
3141 3003 3250 3044 non
3275 2990 3422 3046 ultra
3467 2994 3734 3050 sustineat

2134 3079 2325 3134 borum
2349 3093 2574 3150 operum
2595 3079 2903 3134 miseriam?
2931 3079 3212 3148 Quomodo
3237 3083 3404 3150 igitur
3419 3085 3600 3140 nobis
3623 3087 3732 3142 erle

2133 3172 2282 3227 istmc
2310 3171 2607 3226 consistet?
2637 3169 2946 3238 Numerata,
2997 3172 3230 3244 inquies,
3277 3179 3524 3246 pecunia
3557 3179 3734 3236 divites

2133 3267 2247 3321 lnec
2277 3281 2307 3321 a
2355 3265 2682 3336 pauperibus
2727 3274 2929 3321 ement.
2959 3266 3102 3338 Ergo
3128 3283 3236 3324 non
3275 3269 3384 3326 sibi
3415 3271 3570 3340 ipsis
3595 3275 3732 3329 sufi-

2131 3357 2296 3424 cient,
2329 3358 2372 3411 si
2407 3357 2514 3410 illis
2541 3356 2831 3426 indigeant.
2855 3357 3136 3424 Quomodo
3163 3368 3345 3414 autem
3375 3360 3596 3418 domos
3623 3367 3734 3418 ταί-

2137 3447 2404 3503 ﬁcabunt?
2434 3463 2500 3501 an
2545 3446 2648 3502 hoc
2689 3449 2850 3502 etiam
2896 3450 3114 3504 ement?
3153 3451 3248 3505 sed
3291 3452 3344 3506 id
3385 3463 3598 3512 natura
3641 3473 3730 3510 nos

2137 3541 2314 3594 habet.
2349 3541 2491 3610 Ergo
2519 3555 2740 3596 necesse
2764 3551 2847 3596 est
2875 3541 2981 3596 huc
3015 3543 3252 3600 artiﬁces
3280 3561 3556 3615 evocare,
3587 3559 3642 3604 et
3669 3553 3734 3604 le-

2133 3649 2252 3704 gem
2300 3647 2670 3701 corrumpere,
2712 3648 2874 3702 quam
2903 3633 3054 3690 initio
3085 3639 3360 3704 posuimus
3385 3653 3524 3694 cum
3561 3643 3732 3697 urbem

2137 3724 2326 3778 incolis
2351 3724 2778 3778 instrueremus:
2809 3725 3130 3780 meministis
3173 3729 3314 3782 enim
3357 3731 3516 3799 quod
3547 3733 3734 3788 dixem”.

2137 3831 2276 3880 mus,
2311 3815 2579 3868 neminem
2609 3830 2730 3870 esse
2757 3813 2900 3869 intus
2926 3831 3236 3886 pauperem.
3261 3818 3368 3874 Sed
3393 3835 3538 3878 ecce
3561 3839 3738 3880 neces-

2135 3907 2266 3962 sitas
2295 3907 2456 3960 etiam
2485 3905 2639 3960 nobis
2666 3905 2972 3962 nolentibus
3003 3906 3148 3976 ipsos
3183 3909 3468 3966 advocavit
3493 3925 3562 3969 et
3583 3915 3736 3970 iatro-

2135 3999 2303 4054 duxit.
2337 3997 2491 4054 Unde
2514 3998 2688 4066 palam
2715 4007 2799 4052 est.
2828 4014 2932 4052 non
2963 4015 3121 4070 posse
3141 4001 3259 4057 sine
3287 4008 3632 4074 pauperibus
3661 4025 3734 4062 ur-

2137 4091 2258 4146 bem
2290 4089 2603 4146 subsistere.
2631 4091 2685 4144 Si
2714 4092 2856 4145 enim
2885 4104 3100 4147 maneat
3127 4095 3316 4150 civitas
3341 4099 3564 4154 nullum
3593 4103 3732 4156 exiis

2136 4181 2440 4251 excipiens,
2464 4196 2571 4236 non
2601 4182 2734 4234 ultra
2766 4181 2954 4237 civitas
2973 4183 3097 4252 erit,
3127 4186 3221 4240 sed
3251 4189 3470 4255 peribit.
3501 4191 3624 4248 Non
3647 4195 3732 4264 igi-

2139 4284 2225 4328 tur
2250 4273 2351 4328 sibi
2383 4273 2633 4340 sufﬁciet,
2667 4275 2768 4328 nisi
2801 4275 2949 4330 velut
2972 4287 3282 4333 servatores
3302 4283 3582 4349 quosdam
3613 4301 3732 4356 pau-

2139 4379 2294 4435 peres
2317 4365 2368 4418 in
2398 4379 2457 4420 se
2483 4365 2848 4435 congregarit.
2881 4365 3174 4424 Videamus
3213 4387 3405 4428 rursus
3435 4391 3730 4446 pauperum

2141 4455 2348 4522 urbem,
2381 4471 2504 4510 num
2533 4455 2622 4510 illa
2652 4456 2900 4513 similiter
2927 4459 2978 4514 in
3005 4471 3248 4532 egestate
3269 4463 3454 4534 degat,
3479 4468 3732 4526 divitibus

2138 4549 2366 4622 privata.
2401 4549 2467 4604 Et
2495 4551 2666 4619 primo
2694 4566 3056 4622 expurgemus
3104 4557 3350 4612 oratione
3387 4559 3640 4628 divitias,
3673 4567 3730 4620 il-

2139 4640 2326 4710 lasque
2365 4649 2550 4710 aperte
2595 4641 2966 4698 ostendamus.
3008 4644 3276 4711 Quidnam
3318 4661 3446 4706 sunt
3495 4653 3730 4712 divitia?

2140 4733 2368 4796 Aurum,
2400 4742 2702 4802 argentum,
2732 4735 2937 4804 lapides
2967 4738 3209 4806 pretiosi,
3247 4753 3436 4799 vestes
3463 4749 3660 4804 seriae
3681 4761 3728 4804 et

2145 4841 2423 4896 purpureae
2450 4837 2501 4881 et
2532 4841 2730 4882 aurem.
2759 4828 2892 4896 Quia
2921 4829 3080 4900 igitur
3104 4845 3328 4904 apparet
3354 4853 3616 4907 qna-nam
3635 4845 3726 4898 sint

2141 4919 2363 4985 diviti-J3,
2397 4919 2726 4988 expellamus
2751 4920 2872 4976 illas
2895 4937 2960 4978 ex
2994 4939 3286 4994 pauperum
3333 4931 3490 4996 urbe,
3525 4935 3576 4988 si
3611 4937 3726 4990 vdi-

2143 5027 2261 5067 mus
2291 5026 2581 5082 pauperum
2623 5014 2894 5070 civitatem
2936 5028 3126 5073 exacte
3152 5023 3528 5090 constituere;
3563 5045 3632 5082 ne
3655 5031 3726 5082 vel

2145 5119 2241 5174 per
2270 5105 2536 5160 somnium
2569 5107 2676 5160 illic
2701 5123 2888 5163 aurum
2918 5123 3194 5180 appareat,
3227 5130 3404 5186 neque
3427 5121 3556 5174 talia
3583 5117 3742 5178 vesti?

2145 5205 2352 5262 menta;
2377 5197 2420 5250 si
2445 5197 2524 5250 vis
2545 5208 2742 5264 autem,
2771 5215 2944 5270 neque
2969 5215 3274 5274 argentum,
3295 5226 3472 5280 neque
3489 5230 3620 5269 vasa
3647 5231 3724 5268 ar-

2142 5297 2355 5358 gentea.
2388 5289 2524 5356 Quid
2555 5292 2724 5362 ergo?
2751 5293 2836 5346 dic
2861 5294 3014 5362 mihi,
3045 5296 3239 5354 ideone
3275 5301 3330 5356 in
3357 5317 3610 5374 egestate
3637 5311 3724 5364 erit

2147 5383 2262 5436 haec
2291 5382 2456 5437 urbs?
2477 5383 2717 5440 Minime.
2745 5385 2800 5441 Si
2829 5389 2970 5442 enim
3002 5389 3274 5450 mdiﬁcare
3315 5409 3590 5467 oporteat.
3633 5417 3726 5456 ιιι-ιι

2145 5487 2276 5527 auro
2307 5489 2407 5528 nec
2435 5485 2656 5546 argento
2685 5494 2784 5533 nec
2813 5483 3114 5553 margaritis
3143 5495 3225 5541 est
3267 5503 3428 5558 opus,
3467 5493 3570 5546 sed
3597 5505 3722 5558 arte,

2145 5565 2424 5633 manibus;
2451 5568 2696 5624 manibus
2719 5581 2898 5630 autem
2927 5591 3034 5630 non
3059 5593 3088 5630 ιι
3100 5586 3372 5650 trumque,
3403 5583 3502 5638 sed
3521 5586 3724 5640 Callosis

2146 5655 2430 5728 digitisque
2461 5660 2744 5730 induratis,
2777 5667 2968 5723 robore
3001 5673 3190 5738 inulto,
3223 5673 3404 5744 lignis,
3437 5677 3720 5748 lapidibus:

3191 5901 3212 5942 ι
