3802 6214
418 194 527 253 193

413 313 602 368 ἱνεκεν
627 306 836 361 δέδοται
859 301 1012 375 παρά
1041 300 1136 354 τοῦ
1164 300 1300 354 Θεοῦ
1328 316 1342 364 ;
1376 296 1487 351 Kal
1524 294 1690 349 πόθεν
1716 293 1898 365 δῆλον,
1928 292 2010 346 ὅτι

415 401 571 475 παρά
596 398 690 454 τοῦ
720 395 856 450 Θεοῦ
877 394 940 448 τδ
972 393 1223 447 πλουτεῖν
1250 408 1265 458 ;
1301 390 1369 443 Ἦ
1394 388 1588 459 Γραφή
1617 403 1805 475 φησιν,
1835 382 2011 454 Ἐμὸν

414 470 827 561 τιὸ-ἀργύριον,
859 484 959 539 καὶ
985 484 1133 554 εμὸν
1160 482 1229 536 τὸ
1252 480 1530 551 χρυσίον,
1557 477 1653 531 zeal
1684 470 1727 544 ᾧ
1754 476 1849 529 ἐὰν
1886 472 2010 544 βού-

416 585 603 653 λομαι,
644 578 802 634 δώσω
832 573 987 630 αὐτό.
1034 570 1301 625 Ἐνταῦθα
1330 572 1379 623 εί
1416 569 1491 641 μὴ
1525 570 1760 639 πρᾶγμα
1788 566 2008 620 ἐποίουν

416 672 668 743 αἰσχρὸν,
695 668 789 723 zeal
817 665 1057 735 ἐγέλασα
1082 661 1178 716 νῦν
1199 661 1408 715 πλατὺν
1441 661 1676 728 γέλωτα,
1700 658 1807 740 τῶν
1836 655 2011 709 ταῦτα

419 762 687 831 λεγόντων
747 753 1091 822 καταγελῶν,
1142 752 1225 804 ὅτι
1277 750 1530 821 καθάπερ
1590 748 1776 801 παιδία
1838 746 2011 817 μικρά

418 853 698 926 τραπέζης
751 846 1095 904 ἀπολαύοντα
1129 842 1436 913 βασιλικῆς,
1481 842 1601 911 μετ’
1649 839 1866 908 ἐκείνης
1911 837 2011 906 τῆς

420 946 628 1017 τροφῆς
673 942 769 996 zeal
817 940 879 993 τὸ
911 935 1215 1009 προστυχὸν
1272 935 1419 989 ἀπαν
1476 931 1878 1002 ἐπεμϐάλλουσι
1930 926 2011 998 τῷ

418 1016 667 1105 στόματιο
704 1030 848 1084 οὕτω
876 1027 971 1082 zeal
998 1020 1145 1081 οῦτοι
1174 1024 1313 1095 μετά
1332 1022 1443 1076 τῶν
1472 1019 1630 1073 θείων
1651 1016 1885 1089 Γραφῶν
1913 1016 2011 1069 καὶ

419 1125 491 1180 τά
514 1126 644 1197 παρ’
674 1120 889 1177 ἑαυτῶν
944 1118 1347 1185 συνεισάγουσι.
1408 1112 1483 1165 Τὸ
1532 1112 1631 1197 μὲν
1667 1110 1799 1182 γὰρ,
1837 1109 2013 1178 Ἐμὸν

420 1218 489 1272 τὸ
521 1196 831 1285 ἀργύριον,
864 1209 963 1264 καί
991 1208 1139 1279 ἐμὸν
1166 1205 1233 1259 τὸ
1255 1204 1535 1274 χρυσίον,
1576 1196 1695 1254 οἶδα
1720 1198 2011 1272 εἰρημένον

416 1305 500 1377 τῷ
522 1305 807 1375 προφήτῃ·
835 1301 897 1355 τὸ
924 1296 1002 1365 δέ,
1034 1292 1105 1369 ᾯ
1134 1296 1229 1351 ἐὰν
1258 1294 1418 1359 θέλω,
1450 1290 1609 1345 δώσω
1638 1290 1790 1356 αὐτὸ,
1825 1288 2010 1341 οὐκέτι

427 1396 846 1469 προσκείμενον,
873 1391 1009 1446 ἀλλά
1032 1389 1187 1460 παρά
1212 1386 1321 1439 τῶν
1357 1383 1644 1456 συρφετῶν
1672 1382 1878 1436 τούτων
1913 1381 2012 1433 ἐπ-

420 1486 890 1557 εισενηνεγμένον.
932 1483 1043 1537 Καὶ
1076 1482 1251 1533 ἐκεῖνο
1292 1477 1348 1530 δὲ
1400 1475 1545 1539 τίνος
1577 1474 1765 1527 ἕνεκεν
1793 1472 2010 1544 εἴρηται

419 1581 553 1654 ἐρῶ.
591 1581 650 1634 '0
679 1579 788 1649 γὰρ
814 1576 1102 1647 προφήτης
1136 1571 1390 1639 Ἀγγαῖος
1416 1566 1605 1637 ἐπειδὴ
1636 1564 1878 1635 συνεχῶς
1912 1564 2013 1616 ἐπ-

422 1674 717 1746 ηγγέλλετο
746 1673 859 1733 τοῖς
891 1667 1163 1729 Ἰουδαίοις
1212 1663 1351 1735 μετά
1379 1663 1478 1733 τὴν
1510 1660 1774 1715 ἐπάνοδον
1820 1657 1922 1730 τήν
1944 1659 2011 1710 ἐκ

425 1764 742 1828 Βαϐυλῶνος
795 1763 890 1816 τὸν
932 1761 1058 1814 ναδν
1108 1757 1304 1822 δείξειν
1335 1755 1429 1809 ἐπὶ
1466 1752 1563 1808 τοῦ
1604 1753 1885 1823 σχήματος
1915 1749 2010 1804 τοῦ

420 1856 709 1930 προτέρου,
739 1854 835 1908 zeal
867 1852 1134 1923 ήπίστουν
1161 1848 1240 1918 τῷ
1266 1846 1547 1919 λεγομένῳ
1581 1844 1727 1907 τινὲς
1760 1844 1857 1898 zeal
1885 1859 2013 1912 σχε-

417 1949 508 2003 δὸν
530 1946 795 2002 ἀδύνατον
825 1941 965 1998 εῖναι
1002 1941 1273 2012 ἐνόμιζον,
1304 1942 1352 1993 εί
1381 1938 1519 2010 μετά
1545 1936 1645 2008 τὴν
1677 1935 1884 2007 τέφραν
1917 1934 2013 1987 καὶ

420 2037 519 2107 τὴν
570 2037 720 2090 κόνιν
772 2032 1011 2096 τοιοῦτος
1054 2030 1214 2085 πάλιν
1247 2031 1498 2100 φανεῖται
1529 2029 1558 2080 ὁ
1585 2021 1733 2088 οἶκος
1756 2041 1772 2057 ·
1806 2027 2012 2089 ἐκεῖνος

420 2127 629 2181 ἐκλύων
658 2125 837 2180 αὐτῶν
862 2124 963 2193 τὴν
992 2122 1274 2185 ἀπιστίαν,
1315 2122 1380 2174 ἐκ
1413 2119 1709 2192 προσώπου
1744 2117 1838 2171 τοῦ
1873 2116 2010 2171 Θεοῦ

424 2215 577 2288 [518]
608 2214 782 2269 ταῦτα
811 2212 982 2282 λέγει,
1003 2211 1079 2275 ὡς
1098 2210 1165 2265 ἂν
1191 2211 1241 2263 εί
1264 2209 1439 2279 ἐλεγεο
1466 2208 1532 2262 Τί
1550 2208 1826 2262 δεδοίκατε
1846 2224 1860 2274 ;
1882 2207 1933 2259 τί
1953 2205 2011 2259 δὲ

422 2310 739 2373 ἀπιστεῖτε;
789 2304 970 2375 Ἐμὸν
1015 2303 1082 2357 τὸ
1114 2302 1420 2372 ἀργύριον,
1456 2300 1557 2354 καί
1588 2298 1736 2369 ἐμὸν
1768 2298 1835 2352 τὸ
1866 2316 2013 2368 χρυ-

420 2400 582 2466 σίον,
629 2397 725 2452 zeal
771 2397 833 2452 ού
892 2395 1105 2467 δέομαι,
1164 2396 1295 2466 παρ’
1351 2391 1555 2464 ἐτέρων
1597 2390 2007 2461 δανεισάμενος,

418 2491 566 2546 οῦτω
594 2489 940 2545 καλλωπίσαι
974 2487 1064 2540 τὸν
1088 2483 1257 2540 οἷκον.
1293 2484 1405 2538 Καὶ
1426 2484 1509 2537 ὅτι
1529 2481 1688 2536 τοῦτό
1710 2483 1880 2546 ἐστιν,
1910 2482 2010 2535 ἐπ-

421 2589 620 2656 ήγαγε,
674 2581 787 2634 Καὶ
835 2581 1009 2634 ἔσται
1063 2578 1103 2646 ή
1154 2577 1305 2641 δόξα
1354 2574 1463 2631 τοῦ
1498 2574 1673 2629 οικου
1713 2574 1930 2627 τούτου
1969 2573 2010 2641 ή

419 2674 652 2745 ἐσχάτη
713 2672 867 2740 ὑπὲρ
917 2668 1035 2738 τὴν
1064 2666 1327 2738 πρώτην.
1388 2665 1482 2738 Μὴ
1529 2665 1712 2721 τοίνυν
1760 2664 2012 2735 ἀραχνῶν

422 2766 722 2837 ὑφάσματα
773 2762 1157 2830 ἐπεισάγωμεν
1221 2756 1299 2830 τῷ
1344 2758 1537 2829 πέπλῳ
1597 2756 1676 2827 τῷ
1724 2754 2010 2826 βασιλικῷ.

421 2857 484 2907 Εἰ
519 2854 647 2927 γάρ,
679 2856 737 2906 ἐν
764 2851 1043 2923 ἁλουργίδι
1071 2851 1125 2902 ετ
1143 2866 1227 2911 τις
1257 2847 1413 2917 ἀλοίη
1448 2846 1655 2917 κρόκην
1678 2845 2013 2917 παράσημον

420 2948 731 3019 ἐμπλέκων,
763 2945 863 3017 τήν
901 2944 1139 3015 ἐσχάτην
1180 2939 1342 2995 δώσει
1371 2938 1549 3009 δίκην,
1581 2935 1765 3008 πολλῷ
1809 2936 2012 3007 μᾶλλον

421 3039 654 3095 ἐπὶτῶν
682 3034 1088 3109 πνευματικῶν·
1131 3032 1253 3087 οὐδὲ
1298 3032 1411 3102 γὰρ
1460 3030 1523 3084 τὸ
1559 3029 1721 3100 τυχὸν
1760 3028 2012 3082 ἐντεῦθεν

418 3134 726 3207 ἁμάρτημα
752 3131 983 3201 γίνεται.
1007 3127 1117 3181 Kal
1146 3126 1199 3178 τί
1221 3123 1366 3193 λέγω
1389 3123 1543 3193 παρά
1570 3121 1890 3193 προσθήκην
1911 3121 2007 3174 zeal

421 3224 747 3297 ἀφαίρεσινς
772 3220 925 3293 παρά
963 3218 1198 3289 στιγμὴν
1227 3216 1417 3287 μόνην,
1452 3213 1549 3267 zeal
1578 3211 1731 3284 παρὰ
1772 3213 2009 3283 ὑπόκρι-

424 3335 510 3371 σιν
536 3317 707 3388 μόνην
731 3311 1090 3383 ἀναγνώσεως
1123 3308 1295 3363 πολλά
1317 3305 1579 3368 πολλάκις
1604 3306 1784 3359 ἀτοπα
1814 3303 2010 3374 ἐτέχθη

424 3410 699 3479 νοήματα.

500 3592 577 3651 ς’.
602 3583 768 3637 Πόθεν
783 3576 878 3636 οῦν
897 3581 947 3634 οί
963 3576 1319 3640 πλουτοῦντες
1339 3592 1354 3641 ;
1377 3574 1527 3646 φησί·
1543 3572 1762 3643 καὶγὰρ
1778 3572 2010 3645 εἴρηται,

430 3676 705 3742 Πλοῦτος
747 3674 844 3728 καί
873 3670 1055 3725 πενία
1091 3669 1253 3737 παρὰ
1290 3666 1536 3735 Κυρίου.
1584 3662 1874 3735 Ἐρώμεθα
1920 3659 2016 3716 οὖν

426 3770 553 3833 τοὺς
576 3767 750 3822 ταῦτα
776 3764 907 3836 ήμῖν
936 3760 1437 3830 άνθυποφέροντας,
1462 3751 1613 3828 Ἆρα
1644 3757 1753 3819 πᾶς
1783 3753 2015 3817 πλοῦτος

427 3861 525 3914 καὶ
575 3860 726 3911 πᾶσα
777 3854 940 3908 πενία
975 3851 1131 3922 παρά
1180 3848 1424 3921 κυρίους
1471 3847 1583 3900 Kal
1616 3845 1700 3909 τίς
1743 3844 1811 3899 ἂν
1858 3843 2017 3897 τοῦτο

430 3954 605 4018 εῖποις
652 3948 766 4003 Kal
808 3946 917 4018 γὰρ
954 3944 1202 4016 ὁρῶμεν,
1251 3942 1348 3995 καὶ
1380 3940 1439 4006 ἐξ
1468 3937 1729 4011 ἁρπαγῆς
1760 3937 1855 3991 καὶ
1907 3936 2017 3991 ἀπὸ

430 4044 531 4115 τῆς
554 4041 682 4113 περὶ
710 4039 913 4107 τάφους
938 4032 1277 4104 κακουργίας
1300 4032 1396 4085 zeal
1421 4030 1532 4084 ἀπὸ
1556 4028 1811 4098 γοητείας
1837 4027 1932 4080 καὶ
1950 4027 2017 4093 ἐξ

432 4136 636 4207 ἐτέρων
675 4131 935 4185 τοιούτων
965 4128 1294 4199 προφάσεων
1335 4123 1504 4177 πολὺν
1538 4119 1753 4185 πολλοῖς
1783 4116 2015 4189 συναγόι⁵

436 4245 598 4299 μενον
648 4223 900 4287 πλοῦτον,
954 4222 1049 4274 zeal
1098 4219 1226 4283 τοὺς
1268 4216 1498 4287 ἔχοντας
1535 4212 1656 4267 οὐδὲ
1697 4212 1796 4285 ζῇν
1833 4211 2019 4278 ἀξίους

430 4322 610 4384 ὄντας.
644 4318 712 4372 Τί
759 4311 873 4381 οὖν,
909 4313 1031 4367 εἰπέ
1078 4328 1191 4383 μοι,
1224 4309 1414 4363 τοῦτον
1448 4307 1598 4379 παρά
1639 4304 1734 4360 τοῦ
1767 4300 1899 4360 Θεοῦ
1926 4306 2017 4359 τὸν

433 4414 662 4468 πλοῦτον
703 4405 845 4465 εἷναί
899 4422 1115 4478 φαμεν;
1174 4406 1428 4471 Ἀπαγε’
1481 4400 1620 4455 ἀλλά
1666 4400 1857 4468 πόθεν;
1929 4396 2018 4466 Ἐξ

429 4506 726 4578 ἁμαρτίας.
777 4500 888 4555 Καὶ
932 4498 1043 4570 γάρ
1088 4497 1122 4568 ἡ
1172 4495 1346 4567 πόρνη
1376 4493 1438 4548 τὸ
1492 4492 1656 4563 σῶμα
1686 4491 2019 4563 ἐνυϐρίσασα

433 4598 675 4657 πλουτεῖ,
708 4592 804 4647 καὶ
829 4588 1107 4661 εὔμορφος
1135 4586 1255 4648 νέος
1286 4581 1548 4646 πολλάκις
1580 4582 1679 4652 τὴν
1704 4579 1854 4652 ῶραν
1882 4579 2020 4633 ἀπο-

431 4689 654 4759 δόμενος
710 4683 826 4755 μετ’
860 4678 1255 4752 ἀσχημοσύνης
1280 4676 1552 4744 κέκτηται
1588 4672 1832 4745 χρυσίον,
1864 4670 1959 4723 καὶ
1988 4670 2018 4723 ό

432 4777 791 4851 τυμϐωρύχος
820 4773 947 4836 τοὺς
978 4771 1183 4839 τάφους
1208 4765 1526 4851 ἀναρρήξας
1554 4766 1827 4851 συνήγαγε
1852 4762 2016 4851 πλοῦ-

434 4844 527 4914 τον
580 4844 786 4922 ἄδικον,
842 4856 938 4910 zeal
993 4856 1023 4907 ό
1072 4852 1279 4924 λῃστής
1324 4850 1452 4912 τοὺς
1509 4848 1718 4918 τοίχους
1745 4844 2015 4916 διορύξας.

436 4943 648 4999 Οὐκοῦν
673 4941 782 4996 ἀπὸ
807 4940 901 4995 τοῦ
925 4938 1062 4993 Θεοῦ
1083 4936 1229 5000 ἄπας
1253 4937 1283 4989 ό
1306 4931 1539 4994 πλοῦτος
1559 4948 1574 4998 ;
1606 4930 1672 4985 Τί
1691 4924 1807 4995 οὖν,
1829 4930 2016 4999 φησὶν,

440 5028 677 5101 ἐροῦμεν
718 5026 853 5097 πρὸς
884 5024 984 5094 τὴν
1021 5023 1179 5093 ῥῆσιν
1211 5017 1451 5091 ταύτην;
1490 5015 1648 5071 mea
1678 5014 1895 5086 πρῶτον
1924 5018 2020 5070 zeal

443 5112 637 5166 πενίαν
652 5111 753 5163 οὐκ
779 5110 887 5163 ἀπὸ
910 5107 1045 5161 Θεοῦ
1070 5105 1384 5177 γινομένην,
1421 5102 1516 5157 zeal
1540 5102 1662 5156 τότε
1684 5101 1781 5155 zeal
1800 5102 1893 5154 ἐπὶ
1919 5102 2019 5171 τὴν

445 5207 605 5278 ῥῆσιν
638 5204 807 5274 αὐτὴν
840 5200 1189 5271 βαδιούμεθα.
1228 5199 1398 5252 Ὅταν
1427 5196 1538 5269 γάρ
1574 5212 1655 5259 τις
1690 5194 1896 5258 ﬁam-mc
1943 5193 2020 5250 ὢν

443 5300 584 5364 νέος,
605 5297 640 5369 ἢ
662 5299 741 5360 εἰς
766 5296 970 5366 πόρνας
991 5290 1246 5363 ἀναλώσῃ
1260 5290 1351 5343 τὸν
1370 5288 1621 5355 πλοῦτον,
1641 5288 1675 5359 ἥ
1692 5288 1771 5352 είς
1790 5286 2017 5359 γόητας,

445 5390 479 5461 ἢ
508 5391 589 5451 είς
620 5387 809 5458 ἐτέρας
852 5383 1004 5445 τινάς
1032 5380 1287 5444 τοιαύτας
1320 5379 1637 5449 ἐπιθυμίας.
1673 5377 1767 5431 zeal
1791 5378 2021 5448 γένηται

362 5508 366 5511 -
444 5477 635 5546 πένης,
677 5474 778 5525 ούκ
827 5469 1069 5542 εῦδηλον,
1101 5468 1184 5522 ὃτι
1234 5470 1335 5521 οὑκ
1380 5467 1489 5520 ἀπὸ
1522 5466 1615 5519 τοῦ
1663 5466 1799 5520 Θεοῦ
1826 5468 2020 5537 γέγονε

444 5569 625 5633 τοῦτο,
648 5566 763 5620 ἀλλ’
782 5564 891 5618 ἀπὸ
912 5565 1009 5633 τῆς
1029 5561 1240 5623 οἰκείας
1259 5559 1497 5622 ἀσωτίας
1512 5575 1527 5623 ;
1545 5558 1715 5612 Πάλιν
1736 5558 1893 5622 εἴτις
1916 5559 2022 5613 ὑπὸ

444 5661 642 5734 ἀργίας
666 5658 873 5727 γένοιτο
896 5655 1088 5727 πένης,
1116 5652 1269 5717 εἴτις
1295 5650 1401 5705 ὑπὸ
1426 5650 1611 5716 ἀνοίας
1637 5651 1715 5715 είς
1746 5653 2021 5722 πτωχείαν

1163 186 1228 243 S.
1264 180 1556 243 ιοΑΝΝιε
1590 174 2090 239 CHRYSOSTOMI
2127 176 2453 236 ARCIIIEP.
2492 176 3050 238 CONSTANTINOP.
3613 182 3699 236 294

2118 292 2496 364 κατενεχθείη,
2548 293 2604 346 εῐ
2648 310 2734 356 τις
2795 292 3161 359 ἐπικινδύνοις
3216 293 3324 347 zeal
3370 293 3700 364 παρανόμοις

2114 385 2406 456 ἐπιχειρῶν
2431 384 2775 457 πράγμασιν,
2803 386 2907 438 οὐκ
2934 385 3158 457 εῦδηλον
3188 387 3447 450 πάντως,
3486 386 3575 438 ὅτι
3602 387 3700 439 03/}

2109 476 2315 530 τούτων
2335 494 2419 541 τις
2442 478 2538 531 zeal
2555 477 2666 532 τῶν
2689 477 2951 532 τοιούτων
2976 479 3059 541 είς
3091 478 3193 548 τὴν
3223 476 3525 548 πτωχείαν
3556 476 3700 547 αὐτὴν

2111 565 2219 619 ἀπὸ
2262 565 2397 621 Θεοῦ
2436 564 2776 640 κατηνέχθης
2827 570 3099 624 Ψεύδεται
3142 565 3238 624 οὖν
3272 571 3312 641 ἡ
3347 571 3600 641 Γραφή;
3630 572 3701 643 Μὴ

2109 655 2341 726 γένοιτο,
2396 658 2512 712 ἀλλ’
2562 660 2977 732 ἀνοηταίνουσιν
3009 663 3059 715 οἱ
3098 661 3173 733 μὴ
3216 660 3365 731 μετά
3393 663 3511 731 τῆς
3556 678 3701 731 προσο

2111 746 2353 819 ηκούσης
2420 749 2710 821 ἀκριϐείας
2782 751 3131 816 ἐξετάζοντες
3194 753 3265 807 τά
3334 752 3703 822 γεγραμμένα

2111 837 2350 897 ἅπαντα.
2380 843 2445 896 Εί
2478 843 2590 915 γὰρ
2621 843 2717 897 zeal
2745 844 2906 897 τοῦτο
2946 843 3325 915 ὡμολόγηται,
3354 845 3448 898 ὅτι
3483 843 3703 914 ἀψευδής

2112 936 2146 1008 ἡ
2182 935 2393 1007 Γραφὴ,
2425 935 2521 988 καὶ
2558 935 2718 989 τοῦτο
2748 935 3071 1008 ἀπεδείχθη,
3101 938 3187 991 ὅτι
3224 938 3286 991 ού
3320 940 3446 999 πᾶς
3494 937 3705 1003 πλοῦ-εις

2112 1027 2266 1097 παρά
2297 1025 2455 1092 Θεοῦ,
2482 1026 2582 1097 τῆς
2618 1025 2727 1079 τῶν
2752 1027 3178 1099 ἀπερισκέπτως
3210 1029 3702 1097 ἀναγινωσκόντεν

2110 1113 2397 1176 ἀσθενείας
2424 1116 2459 1185 ἡ
2494 1114 2719 1185 ἀπορία.
2760 1116 2872 1168 Kal
2918 1115 3025 1169 ἔδει
3059 1117 3160 1187 μὲν
3188 1118 3341 1189 ἡμᾶς
3372 1120 3634 1188 ἀφεῖναι,
3660 1121 3705 1173 ἒν

2111 1205 2286 1276 τούτῳ
2314 1206 2729 1273 άπαλλάξαντας
2755 1207 2857 1277 τήν
2899 1206 3127 1281 Γραφήν
3176 1211 3283 1264 τῶν
3316 1211 3705 1280 ἐγκλημάτων,

2112 1296 2203 1352 ἴνα
2234 1297 2442 1369 ταύτην
2488 1300 2620 1368 ἡμῖν
2656 1298 2815 1370 δίκην
2861 1298 2999 1352 δῶτε
3045 1301 3146 1371 τῆς
3183 1304 3312 1373 περὶ
3340 1303 3447 1366 τὰς
3496 1303 3707 1374 r9491;

2112 1387 2415 1461 ρᾳθυμίαςσ
2447 1388 2563 1443 ἀλλ’
2596 1389 2788 1460 ἐπειδὴ
2820 1389 3076 1461 φείδομαι
3127 1393 3336 1465 σφόδρα
3389 1394 3591 1465 ὑμῶν,
3630 1398 3708 1449 καὶ

2108 1478 2173 1532 ού
2202 1479 2439 1550 δύναμαι
2465 1479 2724 1534 ἐπιπλέον
2758 1481 3192 1553 θορυϐουμένους
3224 1486 3355 1538 ίδεῖν
3384 1487 3495 1540 zeal
3528 1486 3707 1539 διιιτει⁸

2112 1572 2499 1644 ραττομένους,
2528 1570 2676 1644 [319]
2711 1572 2843 1643 φέρε
2874 1572 2971 1626 zeal
2996 1574 3093 1644 τὴν
3120 1574 3275 1628 λύσιν
3304 1577 3706 1648 ἐπαγάγωμεν,

2113 1663 2377 1733 πρότερον
2407 1663 2500 1716 τὸν
2538 1664 2800 1735 εἰρηκότα
2842 1665 3109 1731 εἰπόντες,
3142 1668 3237 1721 καὶ
3287 1668 3419 1723 πότε
3460 1670 3705 1741 εἴρηται,

2113 1755 2207 1808 καὶ
2239 1754 2375 1824 πρὸς
2402 1754 2577 1817 τίνας.
2602 1754 2741 1807 Οὐδὲ
2758 1752 2867 1827 γὰρ
2901 1756 3105 1826 ὁμοίιος
3132 1758 3339 1812 ἅπασιν
3364 1760 3396 1813 ό
3428 1760 3581 1823 Θεὸς
3606 1762 3710 1814 δια-

2112 1846 2353 1915 λέγεται,
2406 1845 2597 1916 ὥσπερ
2637 1846 2761 1899 οὐδὲ
2809 1848 2973 1918 ἡμεῖς
3013 1848 3249 1914 παιδίοις
3296 1853 3396 1905 καὶ
3446 1852 3710 1923 ἀνδράσιν

2111 1937 2315 2010 ὁμοίως
2340 1937 2678 2009 κεχρήμεθα.
2713 1938 2851 1992 Πότε
2879 1934 2973 1993 οῦν
3001 1942 3238 2011 εῖρηται,
3267 1944 3365 1997 zeal
3392 1944 3512 1997 ὑπὸ
3553 1946 3707 2011 τίνος,

2112 2032 2208 2085 zeal
2236 2031 2373 2101 πρὸς
2411 2024 2600 2098 τίναςς
2646 2030 2785 2084 Ὑπὸ
2823 2030 2919 2084 τοῦ
2949 2032 3297 2103 Σολομῶντος
3325 2035 3423 2088 ἐπὶ
3467 2035 3579 2105 τῆς
3611 2038 3709 2089 ll:-

2112 2125 2271 2188 λαιᾶς
2295 2123 2432 2194 πρὸς
2455 2125 2582 2189 τοὺς
2624 2125 2915 2189 Ἰουδαίους
2941 2126 3070 2190 τοὺς
3095 2127 3248 2181 οὐδὲν
3274 2128 3474 2200 ἕτερον
3507 2130 3706 2193 sitim;

2112 2218 2147 2288 ἢ
2183 2217 2251 2270 τὰ
2278 2216 2535 2286 αἰσθητὰ,
2570 2216 2664 2270 zeal
2694 2216 2803 2271 ἀπὸ
2831 2216 3038 2271 τούτων
3070 2216 3165 2272 τοῦ
3196 2218 3333 2273 Θεοῦ
3374 2220 3705 2291 δοκιμάζον-

2113 2324 2212 2373 τας
2240 2308 2338 2381 τὴν
2368 2310 2542 2380 ἰσχύν.
2586 2302 2744 2363 οὗτοι
2786 2310 2896 2379 γὰρ
2930 2311 2976 2362 οἱ
3004 2308 3255 2377 λέγοντές
3298 2312 3446 2364 εἰσι·
3485 2310 3594 2380 Μὴ
3622 2313 3706 2366 καί

2112 2401 2296 2471 ἄρτον
2319 2399 2571 2456 δύναται
2598 2400 2846 2466 δοῦναι;
2875 2402 2992 2465 zeal,
3032 2403 3092 2455 Τί
3121 2401 3380 2471 σημεῖον
3404 2402 3705 2472 δεικνύεις

2111 2492 2381 2562 ήμῖνςοί
2423 2492 2677 2561 πατέρες
2706 2491 2879 2562 ἡμῶν
2914 2493 3146 2563 ἔφαγον
3175 2495 3243 2547 τὸ
3278 2494 3497 2563 μάννα
3545 2497 3620 2549 ἐν
3642 2498 3705 2565 τῇ

2112 2583 2329 2653 ἐρήμῳ.
2359 2576 2475 2638 Ὧν
2496 2586 2531 2638 ό
2560 2583 2694 2650 θεὸς
2715 2581 2755 2650 ἦ
2789 2584 3009 2637 κοιλία.
3054 2579 3208 2637 Ἐπεὶ
3243 2579 3338 2638 οῦν
3360 2585 3480 2639 ἀπὸ
3504 2587 3706 2640 τούτων

2114 2674 2278 2728 αὐτὸν
2309 2672 2652 2744 ἐδοκίμαζον,
2702 2672 2854 2743 λέγει
2899 2675 3036 2745 πρὸς
3080 2676 3301 2740 αὐτοὺς,
3342 2676 3589 2731 δυνατὸν
3620 2681 3707 2732 καὶ

2113 2765 2273 2822 τοῦτο
2299 2766 2377 2838 τῷ
2411 2765 2553 2836 Θεῷ,
2582 2768 2678 2819 zeal
2715 2766 3008 2830 πλουσίους
3036 2767 3263 2838 ποιῆσαι
3302 2769 3401 2822 zeal
3426 2769 3673 2840 πένητας
3692 2786 3703 2797 ⁸

2112 2859 2213 2930 ούχ
2237 2859 2321 2912 ὅτι
2362 2858 2581 2922 πάντως
2622 2858 2784 2921 αὐτὸς
2822 2860 2989 2924 ποιεῖ,
3029 2857 3145 2912 ἀλλ’
3179 2860 3261 2912 ὅτι
3290 2858 3553 2927 δύναται,
3589 2863 3706 2915 ὃταν

2109 2949 2278 3023 θέλῃ*
2314 2949 2505 3021 ὥσπερ
2535 2950 2662 3003 ὅταν
2692 2949 2851 3021 λέγῃ,
2901 2948 2953 3002 '0
2980 2948 3251 3004 ἀπειλῶν
3285 2950 3361 3021 τῇ
3390 2953 3703 3021 θαλάσσῃ,

2115 3043 2212 3096 καὶ
2246 3042 2546 3109 ξηραίνων
2573 3042 2788 3111 αὐτὴν,
2815 3043 2913 3096 καὶ
2946 3043 3181 3111 πάντας
3209 3044 3353 3111 τοὺς
3398 3050 3703 3116 ποταμοὺς

2113 3132 2451 3204 ἐξερημῶνο
2499 3134 2677 3187 καίτοι
2715 3132 2877 3187 τοῦτο
2903 3134 3161 3189 οὐδέποτε
3192 3135 3416 3204 γέγονε.
3456 3138 3595 3203 Πῶς
3622 3136 3703 3194 οὖν

2115 3228 2248 3282 αὐτὸ
2273 3230 2302 3281 ὁ
2330 3229 2617 3299 προφήτης
2651 3227 2853 3298 φησίν;
2885 3227 3000 3299 Ούχ
3023 3226 3099 3291 ὼς
3126 3228 3417 3298 γινόμενον
3446 3232 3565 3294 ἀεὶ,
3599 3231 3705 3286 ἀλλ’

2115 3323 2191 3386 ὡς
2218 3322 2444 3376 δυνατὸν
2485 3320 2638 3392 αύτῷ
2664 3321 2910 3391 ποιῆσαι.
2954 3320 3121 3375 Ποίαν
3154 3317 3247 3375 οὖν
3279 3322 3478 3376 πενίαν
3504 3324 3703 3387 δίδωτι,

2117 3414 2213 3467 zeal
2240 3414 2394 3465 ποῖον
2437 3411 2696 3477 πλοῦτονς
2749 3412 3157 3482 ’Δναμνήσθητι
3188 3411 3284 3465 τοῦ
3331 3415 3701 3484 πατριάρχου,

2119 3510 2213 3562 καὶ
2237 3508 2359 3578 εῐσῃ
2390 3507 2483 3560 τὸν
2518 3503 2671 3577 παρὰ
2700 3505 2794 3557 τοῦ
2834 3504 3278 3574 Θεοῦτδιδόμενον
3310 3505 3576 3563 πλοῦτον.
3606 3509 3705 3562 Καὶ

2115 3599 2226 3671 γὰρ
2270 3597 2363 3652 τὸν
2400 3595 2652 3669 Ἀϐραὰμ
2684 3595 2848 3659 αὐτὸς
2887 3594 3144 3649 πλούσιον
3175 3595 3428 3665 ἐποίησε,
3459 3598 3563 3650 καὶ
3596 3598 3700 3667 μετ’

2116 3691 2323 3745 ἐκεῖνον
2343 3690 2435 3744 τὸν
2469 3688 2610 3755 Ἰὼϐ,
2642 3687 2825 3752 καθὼς
2854 3688 2950 3742 καὶ
2972 3687 3136 3752 αὐτός
3163 3700 3359 3759 φησιν·
3393 3693 3463 3743 ει
3495 3692 3579 3745 τὰ
3599 3692 3704 3761 μέν

2116 3782 2308 3850 ἀγαθὰ
2343 3778 2671 3848 ἐδεξάμεθα
2718 3778 2879 3846 παρὰ
2922 3779 3164 3847 Κυρίου,
3196 3778 3270 3832 τὰ
3297 3776 3368 3831 δὲ
3407 3783 3573 3833 κακὰ
3601 3782 3701 3849 οὐχ

2116 3874 2484 3943 ὑποίσομεν;
2523 3870 2637 3926 Kal
2678 3873 2707 3925 ό
2738 3871 2833 3924 τοῦ
2877 3870 3071 3924 Ἰακὼϐ
3103 3870 3334 3935 πλοῦτος
3364 3874 3592 3926 ἐκεῖθεν
3615 3876 3703 3942 τὴν

2117 3967 2294 4040 ἀρχὴν
2332 3963 2498 4038 εἶχεν.
2534 3962 2692 4019 Ἔστι
2716 3962 2774 4019 δὲ
2812 3964 2907 4018 zeal
2932 3964 3095 4018 πενία
3128 3964 3261 4036 παρ’
3287 3964 3460 4019 αὐτοῦ
3489 3968 3528 4037 ή
3560 3970 3705 4020 {:12-

2118 4061 2266 4132 νετὴ,
2291 4061 2409 4114 οἷαν
2434 4056 2713 4131 προεξένει
2738 4058 2859 4110 τότε
2886 4056 2966 4128 τῷ
2987 4057 3231 4128 πλουσίῳ
3258 4059 3483 4130 ἐκείνῳ,
3513 4060 3703 4128 λέγων’

2118 4157 2190 4211 El
2230 4154 2425 4219 θέλεις
2457 4152 2685 4217 τέλειος
2710 4144 2865 4204 εἶναι
2883 4186 2899 4212 ,
2931 4149 3224 4216 πώλησόν
3255 4166 3374 4211 σου
3414 4153 3493 4207 τὰ
3520 4154 3701 4223 ὑπεὶρ·

2120 4266 2327 4320 κοντα,
2352 4247 2450 4302 καὶ
2475 4244 2880 4313 δὸςπτωχοῖς,
2907 4242 3008 4297 zeal
3025 4241 3205 4311 δεῦρο
3226 4243 3560 4301 ἀκολούθει
3580 4260 3702 4316 μοι·

2118 4340 2215 4397 καὶ
2242 4346 2359 4406 τοῖς
2393 4338 2664 4412 μαθηταῖς
2692 4336 2859 4390 πάλιν
2904 4333 3213 4405 νομοθετῶν
3242 4334 3341 4387 καὶ
3373 4334 3582 4404 λέγων,
3617 4336 3703 4403 li;

2119 4436 2431 4504 κτήσασθε
2461 4430 2718 4503 χρυσὸν,
2748 4429 2906 4499 μηδὲ
2951 4427 3238 4497 ἄργυρον,
3275 4426 3441 4497 μηδὲ
3467 4428 3585 4484 δύο
3626 4448 3705 4499 ιι-

2118 4528 2335 4595 τῶνας.
2364 4524 2463 4596 Μὴ
2507 4521 2686 4576 τοίνυν
2732 4519 2885 4588 λέγε,
2914 4519 2997 4571 ὅτι
3043 4518 3224 4572 πάντα
3266 4516 3510 4573 πλοῦτον
3554 4521 3703 4584 αὖθις

2117 4621 2335 4676 δίδωσι·
2391 4615 2487 4671 zeal
2517 4614 2628 4686 γὰρ
2673 4608 2892 4684 ἐδείχθη
2922 4611 3026 4664 zeal
3062 4610 3172 4664 ἀπὺ
3218 4610 3406 4680 φόνων
3455 4614 3557 4667 zeal
3604 4615 3703 4667 ἀπὸ

2119 4712 2375 4785 ἁρπαγῆς
2406 4707 2502 4762 zeal
2537 4706 2646 4761 ἀπὸ
2676 4704 2887 4776 μυρίων
2922 4702 3131 4775 ἐτέρων
3161 4704 3503 4775 προφάσεων
3526 4704 3700 4757 cum.

2117 4806 2348 4876 γόμενος
2384 4795 2558 4863 οὗτος.
2606 4798 2766 4851 Ἀλλά
2800 4796 2962 4851 πάλιν
2999 4797 3078 4858 εἰς
3109 4794 3171 4847 τὸ
3215 4795 3494 4867 πρότερον
3526 4799 3699 4867 ἠμὶνὸ

2116 4896 2275 4965 λόγος
2303 4893 2653 4965 περιΐσταται
2692 4889 2933 4960 ζήτημα.
2970 4886 3033 4939 El
3065 4886 3175 4958 γὰρ
3214 4884 3387 4957 μηδὲν
3412 4887 3551 4957 ἡμῖν
3579 4889 3696 4957 χρή-

2119 5005 2271 5060 σιμοι
2316 4986 2367 5039 οἱ
2411 4982 2790 5046 πλουτοῦντες,
2834 4980 2921 5033 διὰ
2960 4979 3011 5031 τί
3046 4978 3410 5048 γεγένηνταις
3441 4980 3498 5032 τί
3526 4972 3619 5032 οὖν
3642 4979 3697 5030 ἂν

2118 5081 2401 5150 εἴποιμεν;
2442 5076 2567 5129 Ὀτι
2592 5066 2746 5127 οὗτοι
2792 5073 2856 5125 ού
2883 5073 3163 5143 χρήσιμοι,
3206 5071 3259 5123 οἱ
3297 5072 3535 5135 ἑαυτοὺς
3571 5070 3707 5147 οὕτω.

2120 5172 2403 5234 ποιοῦντες
2433 5167 2745 5231 πλουσίους,
2781 5166 2859 5229 ὡς
2888 5166 2942 5219 οῖ
2974 5182 3040 5234 γε
3074 5164 3228 5235 παρά
3250 5162 3349 5217 τοῦ
3381 5163 3526 5216 Θεοῦ
3554 5164 3692 5231 γενό-

2122 5284 2295 5340 μενοι,
2337 5266 2433 5319 καὶ
2480 5261 2688 5332 σφόδρα
2719 5260 3001 5332 χρήσιμοι.
3041 5259 3149 5311 Kal
3183 5254 3346 5309 τοῦτο
3385 5258 3490 5310 ἀπ’
3528 5254 3690 5309 αὐτῶν

2120 5360 2227 5415 τῶν
2270 5359 2399 5429 παρ’
2452 5355 2678 5411 ἐκείνων
2721 5352 3021 5423 γινομένων
3077 5348 3339 5421 μάνθανε.
3386 5349 3505 5404 Kal
3541 5346 3689 5416 γάρὸ

2133 5451 2387 5523 Ἀϐραὰμ
2433 5451 2549 5513 τοῖς
2582 5447 2752 5511 ξένοις
2797 5446 2891 5498 zeal
2928 5446 3040 5507 τοῖς
3082 5442 3365 5513 δεομένοις
3413 5442 3590 5495 ἅπασι
3610 5438 3686 5489 τὸν

2122 5545 2350 5599 πλοῦτον
2376 5544 2659 5612 ἐκέκτητο.
2695 5539 2753 5593 '0
2782 5537 2892 5609 γὰρ
2918 5536 3084 5607 τριῶν
3118 5534 3599 5607 παραγενομένων,
3622 5528 3686 5588 ὡς

2122 5638 2389 5711 ἐνόμιζεν,
2433 5633 2758 5707 ἀνθρώπων,
2789 5632 2988 5704 μόσχον
3017 5629 3206 5695 θύσας,
3239 5630 3336 5682 zeal
3363 5628 3491 5698 τρία
3526 5624 3685 5696 μέτρα
