3802 6214
146 196 224 256 291
1055 168 1123 226 IN
1161 163 1375 223 EPIST.
1417 162 1440 218 Ι
1502 161 1594 216 ΑΙ)
1627 160 1788 218 COR.
1828 158 2062 217 HOMIL.
2106 157 2346 216 XXXIV.

142 316 338 371 sinuant
359 306 558 355 vestem
593 303 799 359 texere,
827 304 933 346 non
959 299 1092 343 auro
1132 294 1322 340 rursus
1360 286 1639 371 opusest,

142 368 222 461 non
238 397 443 463 argento,
475 386 570 443 sed
597 383 844 441 manibus
857 391 1073 435 rursum
1093 381 1149 431 et
1174 380 1290 427 arte
1313 368 1653 424 mulieribus-

104 472 105 475 η
141 507 218 564 que
238 480 566 557 operantibus.
590 474 729 546 Quid
756 486 882 529 vero
910 470 957 525 si
980 476 1178 564 terram
1199 463 1382 520 colere
1407 468 1653 564 oporteat

136 552 177 639 et
200 552 364 641 fodere,
392 587 457 627 an
485 568 740 626 divitibus
764 578 832 619 an
878 558 1200 632 pauperibus
1240 566 1325 611 est
1352 552 1524 625 opus?
1551 552 1654 607 Pa-

141 678 219 731 lam
241 679 306 726 est
325 663 451 737 quod
479 657 822 732 pauperibus.
853 653 919 709 Et
944 651 989 706 si
1014 650 1216 705 ferrum
1244 656 1474 737 tractare
1493 659 1655 737 Opor-

135 772 234 827 teat,
252 767 326 813 aut
341 735 471 825 quid
493 750 669 805 simile
698 747 894 809 facere,
928 742 1029 797 hac
1054 740 1286 797 maxime
1318 736 1477 809 plebe
1498 735 1654 827 nobis

134 868 237 926 opus
259 858 345 906 est.
369 844 589 902 Ubinam
615 853 742 908 ergo
763 834 1013 891 divitibus
1041 829 1533 926 opusliabebimus,
1551 826 1656 926 nisi

128 920 357 1005 destruere
384 944 626 1008 oporteat
651 933 796 985 hunc
826 924 1135 983 civitatem?
1162 922 1297 978 Nam
1339 920 1387 977 si
1434 920 1539 977 illis
1568 920 1654 975 in—

128 1036 307 1113 gressis,
332 1033 378 1087 in
409 1030 522 1085 auri
546 1033 601 1080 et
626 1021 1035 1092 margaritarum
1060 1015 1550 1088 concupiscentiam
1570 1014 1657 1069 in-

123 1109 315 1187 ciderint
340 1123 389 1177 hi
416 1113 721 1187 philosophi
749 1109 1122 1185 (phi1050phos
1162 1109 1307 1164 enim
1355 1120 1490 1162 voco
1537 1120 1656 1171 eos,

124 1220 195 1291 qui
219 1214 334 1271 nihil
356 1204 681 1276 superﬂuum
710 1201 1006 1272 quaerunt),
1039 1201 1150 1254 otio
1266 1196 1460 1291 dantes
1478 1203 1540 1291 et
1563 1208 1661 1291 vo-

120 1285 291 1381 luptati,
318 1298 488 1356 omnia
514 1296 731 1352 demum
754 1293 1001 1365 perdent.
1034 1291 1102 1347 Et
1127 1290 1230 1346 nisi
1256 1288 1418 1381 utiles
1447 1287 1555 1381 sint
1572 1285 1658 1342 di-

119 1378 252 1463 vitis,
273 1393 492 1463 inquies,
516 1404 614 1445 cur
642 1403 673 1443 a
699 1387 926 1441 Domino
953 1385 1092 1440 data:
1112 1382 1271 1438 sunt?
1295 1380 1366 1435 Et
1391 1378 1660 1435 undenam

114 1498 253 1562 liquet
275 1484 477 1542 divitias
497 1497 527 1537 a
561 1482 670 1536 Deo
690 1478 845 1535 dari?
871 1478 1146 1547 Scriptura
1173 1475 1305 1530 dicit
1335 1492 1349 1528 :
1384 1472 1558 1528 Meum
1588 1482 1663 1526 est

111 1587 342 1652 argentum
361 1584 403 1628 et
433 1589 597 1627 meum
626 1586 810 1624 aurum
837 1567 1032 1641 (Aggwi
1077 1566 1132 1620 9..
1154 1564 1233 1634 9),
1252 1574 1307 1620 et
1328 1564 1413 1620 cui
1440 1564 1663 1618 voluero

110 1673 230 1728 dabo
254 1666 394 1723 illud.
446 1664 566 1730 llic,
600 1661 704 1716 nisi
734 1675 848 1715 rem
879 1668 1090 1726 turpem
1142 1656 1398 1722 facerem,
1445 1652 1664 1723 profuse

108 1778 229 1820 nunc
254 1758 508 1822 risissem,
530 1756 652 1810 illos
679 1753 769 1824 qui
796 1752 911 1807 haec
932 1751 1119 1806 dicunt
1157 1748 1408 1813 irridens,
1440 1747 1562 1818 quia
1590 1747 1666 1802 si-

107 1866 183 1913 cut
204 1851 400 1925 pueruli
432 1849 578 1919 regia
610 1846 851 1902 fruentes
878 1857 1086 1909 mensa,
1118 1856 1239 1896 cum
1280 1840 1372 1895 illo
1411 1840 1666 1894 alimento

102 1943 333 2020 quidquid
359 1940 611 1997 inciderit
635 1940 687 1994 in
720 1951 782 1992 os
812 1935 1077 2006 injiciunt.
1106 1932 1197 1987 Sic
1225 1940 1280 1986 et
1302 1932 1355 1986 lii
1378 1946 1501 1986 cum
1532 1930 1670 1984 divi-

102 2041 175 2095 nis
195 2035 480 2105 Scripturis
498 2047 593 2087 sua
617 2044 831 2100 quoque
852 2027 1131 2097 colligunt.
1154 2024 1289 2080 lllud
1308 2025 1473 2089 enim,
1496 2023 1670 2077 Meum

97 2143 159 2188 est
181 2138 458 2201 argentum,
487 2134 533 2178 et
560 2138 725 2177 meum
755 2131 828 2176 est
856 2136 1063 2185 aurum,
1094 2118 1206 2173 scio
1232 2116 1435 2171 dictum
1462 2115 1670 2170 iuissea

96 2222 370 2293 propheta;
400 2216 537 2272 illud
561 2230 713 2279 vero,
741 2212 838 2268 Cui
881 2211 1104 2265 voluero
1142 2210 1281 2263 dabo
1324 2208 1518 2278 ipsum,
1563 2222 1671 2261 non

92 2316 155 2371 ibi
175 2314 370 2385 jacere,
400 2308 502 2365 sed
538 2322 567 2361 a
593 2305 818 2361 fracibus
848 2303 965 2359 istis
1005 2302 1277 2356 inductum
1318 2300 1503 2355 fuisse.
1537 2298 1674 2355 lllud

92 2421 210 2461 vero
234 2420 335 2475 qua
360 2401 429 2455 de
459 2414 621 2454 causa
657 2397 858 2452 dictum
888 2394 959 2449 sit
1002 2392 1198 2450 dicam.
1244 2390 1516 2462 PrOpheta
1563 2391 1673 2460 Ag-

86 2511 243 2567 gmns,
272 2494 400 2564 quia
428 2490 747 2561 frequenter
775 2486 975 2542 Judreis
998 2484 1337 2555 promiserat,
1377 2491 1499 2553 post
1527 2481 1675 2537 redi-

88 2598 190 2643 tum
223 2602 287 2642 ex
321 2583 605 2654 Babylone
632 2595 691 2635 se
719 2578 976 2648 templum
1016 2586 1359 2631 ostensurum
1405 2575 1460 2629 in
1498 2572 1678 2644 priore

83 2682 263 2744 forma,
299 2693 413 2733 non
446 2674 747 2731 credebant
777 2683 955 2726 autem
984 2670 1198 2741 quidam
1226 2668 1447 2735 dicenti,
1487 2676 1541 2723 et
1568 2667 1679 2723 fere

85 2788 189 2827 rem
220 2766 624 2840 impossibilem
663 2761 1066 2828 existimabant,
1106 2760 1249 2832 quod
1278 2759 1333 2815 in
1360 2762 1597 2815 cinerem
1627 2766 1682 2813 et

79 2868 346 2939 pulverem
376 2860 609 2918 redacta
635 2857 850 2921 domus,
883 2855 1003 2911 talis
1025 2868 1236 2910 rursum
1267 2851 1575 2923 apparitura
1595 2864 1684 2906 es-

83 2969 184 3023 set;
214 2956 307 3013 ille
336 2954 572 3009 solvens
599 2948 1031 3005 incredulitatem
1062 2947 1323 3017 ipsorum,
1358 2959 1423 2999 es
1454 2957 1683 3014 persona

77 3052 162 3106 Dei
201 3049 327 3102 haec
356 3044 529 3107 dicit,
561 3056 626 3096 ac
653 3040 699 3095 si
728 3040 967 3095 diceret:
995 3036 1132 3104 Quid
1163 3034 1392 3090 timetis?
1418 3033 1546 3106 quid
1578 3051 1685 3089 non

82 3138 325 3196 :reditis?
354 3135 415 3191 Μ
420 3150 547 3190 eum
574 3144 647 3187 est
670 3139 934 3202 argentum
951 3137 997 3183 et
1015 3143 1178 3181 meum
1202 3142 1405 3193 aurum,
1436 3140 1536 3181 nec
1551 3136 1687 3195 Opus

82 3232 264 3298 rabeo,
299 3236 360 3284 ut
392 3224 634 3298 pecunia
667 3223 874 3278 {tenore
916 3228 1157 3290 accepta,
1190 3218 1272 3274 sic
1319 3217 1490 3272 aedem
1526 3232 1687 3271 exor-

85 3339 204 3378 tem.
239 3322 315 3375 Et
345 3317 507 3391 quod
541 3316 646 3371 hoc
675 3315 767 3379 sit,
798 3312 1075 3383 subjunxit
1108 3328 1122 3366 :
1168 3310 1235 3364 Et
1276 3310 1370 3365 erit
1395 3308 1561 3381 gloria
1591 3309 1687 3363 do-

82 3433 173 3471 nas
214 3415 390 3487 hujus
422 3411 619 3465 ultima
664 3425 823 3479 supra
868 3406 1087 3479 primaut
1118 3402 1314 3476 (Aggan'
1340 3402 1397 3457 2.
1438 3403 1506 3458 10
1530 3402 1573 3474 ).
1609 3401 1689 3457 Ne

80 3523 185 3576 rgo
217 3507 274 3560 in
308 3503 719 3559 vestimentum
761 3500 966 3569 regium
1015 3497 1149 3552 telas
1186 3511 1501 3551 aranearum
1533 3495 1692 3550 indu-

82 3611 267 3651 amns.
294 3593 451 3650 Nam
481 3592 531 3646 si
561 3591 684 3662 quis
709 3587 1141 3659 deprehendatur
1170 3586 1221 3642 in
1250 3602 1483 3658 purpura
1513 3586 1691 3642 defor-

84 3707 132 3745 ie
186 3690 556 3759 subtegmen
603 3692 928 3749 contexens,
978 3688 1247 3736 extremas
1291 3680 1438 3735 dabit
1480 3694 1687 3750 poenas,

81 3784 225 3838 iulto
247 3782 447 3852 magis
499 3779 561 3833 in
603 3774 1209 3846 Spiritualibuszneque
1249 3774 1393 3827 enim
1424 3773 1548 3827 hinc
1573 3773 1693 3828 leve

75 3886 338 3933 eccatum
372 3873 600 3928 oritur.
621 3870 689 3925 Et
708 3868 838 3940 quid
865 3868 985 3923 dico
1013 3867 1083 3922 de
1110 3865 1383 3922 additione
1410 3876 1464 3922 et
1483 3865 1551 3921 de
1567 3866 1694 3921 sub-

80 3966 369 4024 actione?
416 3962 501 4020 ei:
550 3969 751 4034 puncto
794 3968 1021 4026 tantum,
1055 3966 1110 4013 et
1135 3974 1201 4013 ex
1229 3957 1480 4013 simulata
1523 3956 1692 4012 altera

79 4061 276 4114 ctione
312 4056 521 4111 multa
553 4068 700 4123 smpe
724 4051 956 4107 absurda
981 4064 1138 4105 sensa
1166 4058 1286 4105 orta
1312 4059 1455 4104 sunt.

98 4154 155 4207 6.
197 4150 538 4207 Undeuatn
561 4160 693 4216 ergo
710 4143 1156 4213 divites?inquies
1174 4150 1190 4200 ;
1208 4142 1404 4196 dictum
1428 4150 1509 4197 est
1525 4141 1691 4209 enim,

69 4248 244 4300 iviticz
274 4253 331 4298 et
366 4248 695 4312 paupertas
718 4254 750 4289 a
780 4235 998 4290 Domino
1036 4232 1223 4305 (Eccli.
1255 4235 1342 4289 Η.
1384 4233 1494 4304 14).
1527 4234 1698 4289 luter-

78 4337 282 4407 gabim
294 4350 370 4389 us
407 4346 573 4402 ergo
599 4342 694 4383 eos
724 4328 813 4397 qui
844 4327 959 4381 haec
987 4326 1140 4381 nobis
1160 4324 1455 4396 objiciunt:
1484 4325 1695 4397 Ergone

65 4444 213 4483 nncs
249 4424 509 4480 divitiae
549 4428 611 4476 et
634 4420 811 4475 omnis
840 4427 1127 4489 paupertas
1152 4432 1184 4472 a
1208 4417 1469 4473 Domino?
1495 4427 1549 4474 et
1573 4419 1696 4489 quis

70 4538 112 4575 »ο
142 4517 435 4574 dixerit?
473 4512 633 4569 Nam
660 4510 904 4566 videmus
929 4519 985 4566 et
1007 4525 1074 4565 ex
1103 4507 1291 4580 rapina
1318 4517 1373 4564 et
1401 4523 1468 4564 ex
1489 4509 1695 4564 maleﬁ-

67 4635 79 4665 I
116 4615 177 4667 in
214 4606 567 4667 fodiendis
596 4603 880 4674 sepulcris,
906 4611 960 4657 et
985 4616 1052 4657 ex
1079 4599 1548 4672 praestigiisexque
1577 4600 1698 4656 aliis

68 4702 358 4775 jusmodi
393 4697 654 4762 causis,
688 4709 908 4766 magnas
934 4709 962 4747 a
994 4692 1175 4748 multis
1203 4691 1414 4747 corradi
1461 4692 1695 4761 divitias,

68 4800 176 4869 qui
214 4811 335 4852 eas
394 4787 748 4863 possident,
797 4801 866 4842 ne
906 4785 1011 4839 vita
1057 4783 1280 4855 quidem
1321 4782 1512 4855 dignos
1551 4796 1695 4838 esse.

74 4892 133 4945 id
167 4903 361 4959 ergo,
400 4885 523 4940 dic
555 4879 721 4947 mihi,
748 4879 967 4934 hascine
986 4877 1197 4933 divitias
1220 4891 1251 4931 a
1280 4876 1390 4931 Deo
1414 4889 1534 4931 esse
1554 4874 1701 4931 dica-

59 4986 151 5039 ts?
185 4982 390 5039 Absit
418 4997 437 5033 :
484 4973 617 5032 sed
640 4971 946 5028 undenam?
981 4971 1058 5026 Ex
1091 4979 1331 5039 peccato.
1354 4967 1487 5023 Nam
1519 4982 1698 5023 mere-

63 5096 79 5131 t
132 5090 389 5145 corpus
446 5084 649 5126 suum
691 5064 1012 5122 contumelia
1050 5063 1312 5129 afﬁciens,
1358 5059 1604 5126 ditescit;
1646 5068 1701 5115 et

60 5187 289 5227 lutosus
343 5165 739 5223 adulescens
782 5174 924 5229 saepe
969 5157 1193 5212 formam
1238 5153 1476 5210 vendens
1522 5166 1696 5218 suam,

62 5284 96 5320 n
139 5262 594 5335 turpitudine
623 5270 810 5310 aurum
842 5251 1115 5323 possidet;
1148 5258 1202 5305 et
1230 5248 1599 5321 sepulcrorum
1621 5246 1701 5301 ef.

59 5376 185 5423 «π,
212 5352 534 5425 diruptis
561 5346 858 5417 sepulcris.
879 5342 1090 5399 divitias
1109 5342 1250 5410 cogit
1276 5340 1523 5410 injustas,
1546 5341 1701 5394 item-

59 5473 67 5504 :
105 5454 284 5504 latro
319 5445 560 5503 muris
626 5438 926 5507 perlbratis.
967 5435 1177 5504 Ergone
1202 5447 1233 5487 a
1265 5433 1487 5487 Domino
1511 5445 1699 5485 omnes

67 5546 179 5600 tia:
202 5544 236 5598 ?
267 5536 460 5609 Quid
522 5546 706 5598 ergo,
737 5528 968 5597 inquies,
1014 5524 1462 5596 reSpondebimus
1495 5521 1563 5578 ad
1593 5521 1698 5578 hoc

68 5637 225 5693 um?
266 5634 484 5689 Disce
524 5623 704 5694 prius
730 5636 826 5675 nec
856 5629 1223 5689 paupertatem
1250 5632 1281 5672 a
1312 5616 1424 5673 Deo
1463 5637 1603 5689 esse,
1642 5633 1696 5679 et

359 5730 718 5790 ΡΑνι-[ιοι.
773 5722 887 5780 Gn.
938 5722 1097 5801 LXI.

3242 160 3348 218 29s

1762 284 1889 330 tunc
1911 273 1977 330 ad
2007 273 2109 330 hoc
2133 272 2338 329 dictum
2367 271 2663 328 veniemus.
2696 272 2831 328 Cum
2857 274 3002 329 enim
3041 275 3162 346 quis
3187 276 3352 346 juve-

1757 368 1841 423 nis
1868 366 2121 437 prodigus
2140 375 2234 421 aut
2260 366 2314 421 in
2345 365 2658 421 meretrices
2687 365 2902 421 divitias
2930 369 3348 438 consumpserit,

1757 462 1925 513 autin
1956 457 2390 527 praestigiatores,
2441 466 2531 510 aut
2581 456 2634 511 in
2664 457 2798 511 alias
2838 458 3117 527 quaspiam
3144 459 3350 515 similes

1757 549 2097 619 cupiditates,
2133 557 2188 605 et
2214 563 2417 619 pauper
2443 548 2709 613 evaserit;
2744 562 2923 603 nonne
2951 550 3125 619 palam
3148 551 3358 605 esthoc

1757 655 1788 695 a
1821 642 1932 696 Deo
1962 639 2162 695 factum
2201 654 2307 695 non
2361 653 2502 703 esse,
2534 638 2631 694 sed
2674 639 2744 693 ah
2784 640 2950 709 ipsius
3000 640 3360 710 profusione?

1759 732 1992 787 Rursum
2023 732 2069 786 si
2098 733 2219 803 quis
2247 731 2318 786 ob
2352 732 2635 801 segnitiem
2680 746 2881 801 pauper
2910 732 3019 797 liat,
3052 732 3098 786 si
3138 732 3258 802 quis
3290 749 3356 789 ex

1761 826 1968 882 insania
2026 826 2077 880 in
2123 833 2493 895 paupertatem
2536 824 2768 892 decidat,
2798 826 2844 880 si
2874 827 2993 894 quis
3024 826 3354 895 periculosas

1760 925 1817 972 et
1846 916 2055 987 iniquas
2074 931 2164 971 res
2191 930 2504 986 aggressus;
2548 930 2728 970 nonne
2763 917 3111 986 conspicuum
3135 934 3356 989 prorsus

1761 1017 1864 1074 est,
1895 1009 2100 1063 nullum
2128 1022 2318 1063 eorum
2345 1008 2436 1078 qui
2478 1007 2786 1078 huiusmodi
2816 1017 2942 1063 sunt
2986 1010 3040 1064 in
3074 1022 3356 1081 pauperta-

1762 1108 1869 1155 tem
1900 1116 1931 1155 a
1961 1100 2072 1155 Deo
2100 1099 2367 1169 dejectum
2398 1099 2601 1156 fuisse?
2624 1100 2876 1156 Mentitur
2896 1118 3025 1173 ergo
3051 1102 3358 1176 Scriptura?

1763 1190 1946 1257 Absit;
1977 1190 2071 1246 sed
2105 1190 2268 1246 stulte
2296 1200 2464 1261 agunt
2492 1191 2549 1255 ii,
2598 1192 2688 1262 qui
2720 1207 2828 1247 non
2859 1208 2982 1248 cum
3026 1209 3090 1249 ea
3127 1211 3230 1265 qua
3258 1211 3355 1266 par

1764 1292 1908 1339 esset
1931 1283 2277 1339 accuratione
2297 1284 2475 1338 omnia
2504 1300 2624 1355 quae
2645 1288 2843 1354 scripta
2870 1295 2998 1341 sunt
3021 1288 3356 1343 examinant.

1762 1373 1898 1429 Nam
1924 1374 1974 1429 si
1999 1384 2053 1430 et
2075 1374 2179 1430 hoc
2204 1375 2258 1431 in
2283 1373 2534 1431 confesso
2569 1377 2660 1444 sit,
2689 1376 2832 1447 quod
2874 1378 3153 1449 Scriptura
3201 1396 3356 1436 men-

1768 1469 1854 1523 tiri
1886 1479 2139 1540 nequeat,
2186 1479 2242 1526 et
2293 1469 2396 1526 hoc
2437 1469 2866 1526 demonstratum
2914 1473 3004 1539 sit,
3056 1474 3198 1544 quod
3248 1490 3356 1530 non

1766 1574 1955 1615 omnes
1980 1560 2180 1616 divitiae
2216 1576 2247 1615 a
2287 1561 2400 1616 Deo
2426 1562 2561 1627 sint;
2612 1562 2901 1618 difﬁcultas
2927 1565 3077 1620 venit
3101 1581 3165 1620 ex
3193 1567 3363 1622 imbe-

1766 1651 1990 1706 cillitate
2015 1666 2203 1707 eorum
2233 1653 2325 1723 qui
2356 1668 2464 1708 non
2490 1655 2832 1710 considerate
2860 1656 3061 1727 legunt.
3100 1656 3170 1712 Et
3194 1673 3359 1727 opor-

1770 1754 1909 1800 teret
1928 1745 2143 1815 quidem
2170 1760 2267 1800 vos
2295 1745 2586 1810 dimittere,
2616 1761 2737 1801 cmn
2780 1748 2833 1801 in
2869 1748 2972 1804 hoc
3021 1747 3361 1820 Scripturam

1769 1839 1838 1894 ab
1863 1839 2060 1895 oblatis
2085 1839 2407 1894 criminibus
2447 1840 2817 1908 liberavimus,
2853 1852 2910 1897 ut
2951 1842 3050 1897 has
3078 1844 3236 1899 nobis
3266 1861 3363 1900 ve-

1770 1939 1897 1986 stra:
1920 1930 1973 1985 in
1997 1930 2240 2001 legendis
2259 1929 2551 2001 Scriptnris
2574 1931 2911 2002 negligentiae
2933 1932 3132 1988 daretis
3155 1950 3362 2005 poenas:

1772 2036 1958 2076 verum
1989 2022 2112 2091 quia
2145 2022 2294 2077 vobis
2324 2021 2615 2076 admodum
2648 2037 2832 2092 parco,
2885 2032 2939 2078 et
2987 2040 3096 2079 non
3147 2041 3362 2095 possunt

1774 2114 2003 2183 amplius
2025 2112 2213 2168 videre
2238 2128 2336 2169 vos
2360 2113 2731 2181 conturbatos,
2765 2130 2862 2185 age
2890 2115 3214 2171 solutionem
3246 2118 3370 2173 atie-

1776 2221 1976 2271 ramus,
2006 2207 2178 2276 primo
2202 2223 2323 2262 eum
2349 2208 2439 2278 qui
2480 2207 2614 2262 dixit
2651 2220 3039 2278 memorantes,
3068 2221 3123 2267 et
3155 2213 3372 2283 quando

1776 2297 1975 2353 dictum
2003 2299 2183 2364 fuerit,
2208 2308 2263 2355 et
2292 2299 2359 2355 ad
2390 2315 2676 2369 quosnam.
2706 2300 2891 2372 Neque
2922 2303 3063 2358 enim
3089 2304 3230 2361 Deus
3247 2321 3368 2362 cum

1778 2390 2027 2445 omnibus
2049 2391 2299 2447 similiter
2315 2391 2581 2463 loquitur;
2608 2401 2667 2447 ut
2698 2410 2873 2464 neque
2909 2411 3009 2450 nos
3031 2412 3152 2451 cum
3191 2398 3374 2468 pueris

1778 2489 1832 2535 et
1851 2496 1973 2536 eum
1998 2482 2123 2537 viris
2140 2482 2388 2538 similiter
2404 2484 2566 2538 verba
2593 2483 2836 2541 facimus.
2858 2486 3210 2556 Quandouam
3240 2507 3371 2561 ergo

1779 2572 1982 2627 dictum
2029 2583 2110 2629 est
2131 2616 2145 2640 ,
2177 2584 2232 2629 et
2257 2590 2287 2628 a
2313 2590 2420 2645 quo
2442 2618 2455 2641 ,
2487 2586 2543 2631 et
2570 2577 2637 2631 ad
2662 2580 2963 2647 quosnam?
2994 2583 3034 2634 A
3084 2581 3375 2637 Salomone

1782 2664 1838 2720 in
1860 2663 2040 2720 Veteri
2081 2666 2148 2720 ad
2189 2666 2423 2732 Judatos,
2453 2668 2543 2738 qui
2583 2668 2713 2722 nihil
2759 2670 2902 2724 aliud
2938 2671 3182 2726 sciebant
3214 2690 3375 2743 quam

1783 2757 2080 2823 sensibilia,
2102 2767 2155 2813 et
2183 2758 2252 2812 ab
2281 2758 2346 2813 iis
2380 2759 2474 2813 Dei
2506 2759 2756 2815 virtutem
2790 2761 3109 2831 probabant.
3140 2764 3204 2818 lli
3231 2765 3374 2819 enim

1785 2860 1911 2906 sunt
1957 2852 2046 2922 qui
2083 2851 2373 2907 dicebant:
2404 2850 2672 2927 Numquid
2717 2864 2764 2908 et
2817 2872 3000 2925 panem
3045 2858 3227 2926 poterit
3256 2859 3381 2912 dare

1788 2942 1959 3015 (Psal.
1991 2945 2079 2997 77.
2101 2942 2320 3013 ροηδε,
2342 2943 2491 3011 Quod
2515 2946 2719 3016 signum
2750 2949 2972 3003 ostendis
2998 2948 3141 3003 nobis
3164 2949 3379 3018 (Matth.

1788 3037 1877 3093 12.
1906 3038 2037 3109 38)?
2060 3036 2240 3091 Patres
2262 3038 2419 3091 nostri
2442 3039 2877 3093 ntanducaverunt
2904 3058 3091 3094 manna
3111 3040 3162 3095 in
3185 3042 3383 3098 deserto
3446 3026 3459 3035 ”

1790 3128 1973 3198 (Joan.
2007 3129 2059 3184 6.
2111 3128 2224 3199 5i).
2276 3127 2506 3195 Quorum
2537 3129 2663 3183 deus
2694 3140 2861 3184 venter
2888 3131 3148 3202 (Philipp.
3177 3132 3235 3188 5.
3269 3133 3381 3203 19).

1789 3222 2054 3287 Queniam
2086 3220 2245 3291 igitur
2285 3236 2351 3275 ex
2396 3221 2459 3275 iis
2500 3221 2648 3274 illum
2692 3223 3038 3289 exercebant,
3067 3224 3197 3279 dicit
3227 3225 3380 3297 ipsis.

1789 3313 1904 3370 Hoc
1933 3329 2144 3384 quoque
2172 3322 2353 3381 potest
2380 3314 2543 3378 Deus,
2576 3324 2630 3368 et
2656 3314 2851 3370 divites
2878 3313 3056 3371 facere
3083 3325 3137 3371 et
3168 3332 3384 3388 paupe-

1792 3421 1914 3470 res;
1944 3420 2051 3460 non
2083 3404 2225 3474 quod
2259 3403 2480 3458 omnino
2512 3405 2628 3473 ipse
2658 3404 2839 3473 faciat,
2884 3406 2979 3461 sed
3017 3407 3158 3477 quod
3192 3410 3383 3478 possit,

1793 3497 2006 3569 quando
2032 3498 2294 3553 voluerit:
2323 3507 2379 3552 ut
2402 3508 2458 3553 et
2483 3498 2697 3569 quando
2723 3499 2939 3567 dixerit,
2967 3501 3067 3567 Qui
3088 3504 3219 3556 mari
3242 3519 3383 3557 eom-

1793 3590 2039 3657 minatur,
2071 3598 2118 3643 ct
2144 3589 2361 3644 exsiccat
2387 3587 2539 3655 illud,
2570 3598 2617 3644 et
2640 3605 2812 3644 omnes
2837 3592 3022 3661 ﬂuvios
3049 3592 3101 3646 in
3131 3594 3385 3649 desertum

1793 3684 2028 3755 redigens
2068 3680 2330 3754 (Nahum.
2381 3682 2434 3737 1.
2481 3682 2574 3754 4);
2608 3698 2929 3754 quamquam
2963 3684 3063 3741 hoc
3090 3700 3383 3756 numquam

1794 3774 1993 3830 factum
2009 3784 2112 3830 est.
2131 3773 2413 3843 Quomodo
2440 3775 2606 3846 igitur
2632 3774 2760 3831 illud
2788 3776 3051 3848 propheta
3081 3776 3247 3833 dicit?
3264 3778 3384 3833 Non

1794 3865 1937 3936 quod
1963 3880 2181 3936 semper
2205 3865 2319 3931 ttat,
2347 3866 2442 3922 sed
2470 3865 2614 3937 quod
2646 3868 2763 3937 ipse
2789 3869 2961 3939 possit
2982 3867 3181 3925 facere.
3212 3869 3385 3938 Quam

1796 3971 1926 4028 ergo
1976 3965 2348 4028 paupertatem
2391 3956 2484 4013 dat
2519 3968 2576 4013 et
2616 3973 2751 4029 quas
2795 3959 3051 4015 divitias?
3077 3960 3387 4019 Recordare

1800 4048 2143 4119 patriarchae,
2172 4058 2229 4105 et
2256 4050 2398 4106 scies
2444 4066 2690 4122 quaenam
2729 4066 2762 4107 a
2792 4052 2906 4109 Deo
2932 4052 3131 4109 dentur
3157 4054 3384 4113 divitiae.

1797 4139 1930 4195 Nam
1963 4140 2327 4195 Abrahamum
2358 4140 2474 4211 ipse
2503 4141 2725 4198 divitem
2774 4143 3036 4210 reddidit;
3083 4153 3139 4201 et
3168 4157 3291 4216 post
3316 4147 3384 4203 il-

1798 4234 1907 4289 lum
1929 4231 2146 4300 Jobum,
2171 4242 2228 4287 ut
2249 4243 2304 4287 et
2331 4233 2447 4302 ipse
2470 4232 2634 4289 dicit:
2668 4233 2731 4289 Si
2766 4233 2899 4289 bona
2928 4236 3131 4303 quidem
3153 4240 3383 4310 suscepi.

1799 4340 1911 4378 nius
1936 4340 1968 4377 a
1993 4322 2238 4388 Domino,
2280 4323 2420 4379 ntala
2444 4334 2611 4380 autem
2638 4342 2742 4381 non
2768 4328 3126 4385 sustinebimus
3151 4328 3296 4402 (Job.
3324 4333 3385 4389 ἓ.

1801 4418 1931 4489 10)?
1953 4417 2020 4472 Et
2048 4417 2233 4473 Jacobi
2266 4418 2467 4474 divitia:
2496 4419 2622 4476 inde
2648 4421 2858 4476 initium
2892 4435 3259 4495 sumpserunt.
3292 4427 3389 4485 Est

1799 4520 1979 4567 autem
2006 4519 2060 4565 et
2104 4518 2390 4580 paupertas
2411 4511 2482 4567 ab
2509 4527 2577 4568 eo
2605 4512 2910 4578 laudabilis,
2942 4530 3102 4586 quam
3132 4516 3206 4572 illi
3235 4517 3389 4575 diviti

1802 4614 1928 4660 tunc
1951 4604 2273 4660 conciliabat
2312 4604 2537 4661 dicens:
2570 4604 2634 4661 Si
2675 4606 2749 4661 vis
2790 4611 3043 4679 perfectus
3071 4625 3202 4677 esse,
3231 4613 3392 4668 vende

1799 4710 1912 4767 qua:
1934 4694 2107 4762 habes,
2128 4704 2174 4749 et
2190 4695 2260 4750 da
2287 4697 2612 4768 pauperibus,
2634 4707 2682 4752 et
2705 4698 2820 4753 veni
2842 4715 3046 4769 sequere
3065 4717 3143 4755 me
3170 4700 3365 4773 (Matth
3381 4744 3395 4758 .

1801 4786 1891 4843 19.
1916 4785 2043 4859 Ξι);
2070 4796 2126 4842 et
2153 4785 2433 4858 discipulis
2459 4805 2673 4845 rursum
2712 4790 2887 4862 legem
2918 4799 3165 4849 statuens
3202 4811 3268 4852 ac
3304 4797 3391 4853 di-

1801 4895 1966 4936 cens:
1994 4878 2170 4935 Nolite
2209 4882 2467 4949 possidere
2492 4900 2697 4949 aurum,
2732 4901 2893 4953 neque
2920 4896 3215 4956 argentum,
3234 4908 3394 4961 neque

1804 4974 1930 5028 duas
1957 4976 2151 5027 tunicas
2181 4970 2331 5046 (Luc.
2360 4974 2413 5028 9.
2439 4974 2518 5045 5).
2537 4974 2613 5030 Ne
2632 4977 2810 5045 itaque
2834 4976 2981 5032 dicas
3006 4978 3177 5050 ipsum
3201 4997 3390 5037 omnes

1804 5066 1935 5121 dare
1960 5065 2205 5120 divitias:
2237 5080 2359 5119 nam
2387 5064 2813 5124 demonstratum
2857 5078 2941 5125 est
2974 5079 3031 5127 et
3057 5088 3123 5128 ex
3152 5077 3389 5128 ciuilibus

1805 5170 1861 5213 et
1880 5173 1943 5213 ex
1970 5157 2173 5227 rapinis
2203 5170 2257 5212 et
2281 5171 2347 5212 ex
2377 5158 2526 5213 mille
2546 5158 2669 5213 aliis
2698 5161 3071 5218 occasionibus
3099 5163 3242 5235 ipsas
3271 5168 3391 5221 cal-

1805 5248 1917 5319 ligi.
1939 5247 2044 5304 Sed
2078 5263 2263 5303 rursus
2285 5248 2351 5303 ad
2377 5250 2614 5320 priorem
2642 5252 3000 5321 quaestionem
3024 5270 3202 5310 sermo
3234 5259 3393 5312 redu-

1804 5352 1976 5396 catur.
2004 5340 2059 5396 Si
2089 5341 2232 5394 enim
2255 5339 2322 5395 ad
2358 5342 2487 5397 nihil
2513 5343 2668 5399 nobis
2700 5346 2861 5402 utiles
2890 5348 3082 5402 divites
3111 5360 3253 5413 sunt,
3295 5369 3390 5406 cur

1807 5432 1931 5487 facti
1963 5430 2146 5489 fuere?
2173 5432 2298 5503 quid
2326 5450 2458 5505 ergo
2482 5434 2814 5493 dixerimus?
2842 5439 2995 5508 Quod
3040 5439 3089 5494 hi
3124 5460 3225 5496 non
3262 5461 3387 5511 pro-

1808 5524 1932 5589 sint,
1965 5525 2053 5595 qui
2083 5540 2143 5581 se
2170 5527 2246 5581 sic
2267 5526 2462 5583 divites
2489 5520 2745 5595 reddunt;
2778 5543 2833 5586 ut
2858 5533 2931 5588 illi
2965 5534 3053 5604 qui
3080 5550 3107 5588 a
3138 5536 3243 5589 Deo
3269 5538 3389 5592 lacti

1808 5631 1951 5691 sunt,
1982 5624 2134 5680 valde
2163 5637 2284 5681 sunt
2314 5626 2488 5683 utiles.
2518 5619 2632 5678 Hoc
2659 5624 2727 5679 ab
2756 5625 2971 5682 illorum
2999 5629 3163 5690 gestis
3190 5628 3388 5685 edisse.

2964 5716 3036 5776 19
