3776 6356
447 273 552 353 ‘295
1131 347 1140 355 .
1175 295 1228 351 s.
1269 295 1544 354 JOANNIS
1569 295 2037 354 cnnvsos'rout
2075 297 2389 356 ARClllEP.
2431 302 2954 372 consumma.
3053 363 3056 366 λ
3573 325 3657 386 295

447 415 656 468 Etenim
687 412 954 468 Abraham
983 413 1279 484 peregrinis
1319 423 1374 469 et
1415 415 1600 485 egenis
1628 413 1877 470 omnibus
1905 429 2028 486 pos-

445 506 656 560 sidebat
700 506 936 560 divitias.
985 504 1079 560 ille
1106 506 1249 562 enim
1279 521 1401 560 cum
1429 506 1773 560 advenissent
1817 515 1944 570 tres,
1975 515 2031 562 ut

441 598 806 662 existimabat,
838 596 1106 666 homines,
1137 598 1307 653 vitulo
1335 608 1565 654 mactato
1589 598 1860 668 tribusque
1881 598 2028 654 simio

439 687 508 742 lie
529 689 799 744 mensuris
829 687 1088 756 subactis,
1107 688 1160 742 in
1179 689 1424 760 ostioque
1445 689 1640 744 sedens
1657 697 1898 760 tempore
1915 704 2028 745 me-

443 781 674 846 ridiano,
693 781 974 836 considera
991 797 1110 836 cum
1129 790 1324 852 quanta
1343 783 1662 838 liberalitate
1677 792 1732 838 et
1749 783 2028 842 alacritate

436 887 532 928 sua
555 873 803 928 omnibus
833 873 1184 943 impenderet,
1209 889 1334 930 cum
1373 875 1618 945 pecuniis
1645 875 1804 930 etiam
1835 889 2028 944 corpo-

435 967 510 1020 ris
539 966 894 1021 ministerium
921 966 1202 1032 adhibens,
1229 976 1284 1021 et
1314 966 1429 1021 haec
1445 967 1496 1020 in
1521 975 1666 1020 tanto
1690 967 1862 1022 senio.
1888 966 2022 1022 Por-

435 1069 519 1114 tus
545 1069 661 1116 erat
682 1060 953 1129 hOSpitum
981 1075 1273 1128 eorumque
1305 1061 1394 1130 qui
1425 1061 1477 1114 in
1497 1060 1820 1115 necessitate
1839 1069 2012 1124 erant,

397 1169 408 1174 '
431 1155 564 1209 nihil
585 1155 684 1210 sibi
705 1156 974 1225 proprium
999 1156 1300 1224 possidens,
1325 1169 1424 1210 nec
1449 1156 1610 1208 etiam
1636 1154 1804 1208 ﬁlium
1825 1169 2014 1208 suum:

433 1249 543 1302 Deo
572 1265 806 1318 namque
828 1247 1058 1317 jubente
1091 1247 1236 1300 hunc
1276 1246 1440 1302 etiam
1474 1246 1722 1312 tradidit;
1754 1261 1874 1301 cum
1907 1246 2018 1302 ﬁlio

429 1351 606 1396 autem
631 1339 867 1410 seipsum
897 1338 1066 1406 dedit,
1093 1348 1154 1393 et
1181 1347 1343 1392 totam
1375 1338 1617 1403 domum,
1648 1337 1862 1408 quando
1899 1346 2016 1392 stu-

425 1432 588 1486 debat
622 1430 800 1484 fratris
831 1429 995 1483 lilium
1023 1429 1251 1498 eripere.
1293 1429 1358 1482 Et
1392 1427 1510 1482 hare
1537 1428 1766 1482 faciebat
1791 1441 1896 1480 non
1925 1443 2018 1496 pe-

424 1523 701 1578 cuniarum
733 1535 914 1586 causa,
948 1519 1042 1574 sed
1084 1535 1150 1574 ex
1183 1518 1512 1574 humanitate
1541 1518 1678 1574 sola.
1707 1517 1840 1572 Cum
1869 1518 2012 1572 enim

421 1617 598 1684 ipsum
645 1613 1016 1668 manubiarum
1060 1612 1334 1666 dominum
1385 1610 1630 1666 fecerunt
1671 1609 1762 1680 qui
1800 1610 1868 1664 ab
1895 1609 2011 1678 ipso

419 1707 615 1763 servati
641 1706 870 1772 fuerant,
924 1720 1092 1776 usque
1117 1703 1183 1758 ad
1209 1703 1354 1756 filum
1397 1701 1746 1772 subtegminis
1763 1710 1822 1756 et
1841 1701 2012 1756 corri-

2138 419 2226 524 qui
2271 428 2326 472 et
2367 421 2574 524 vincam
2621 430 2828 524 rapuit;
2875 433 2996 492 vide
3023 435 3193 508 Giezi,
3226 444 3340 502 vide
3381 463 3550 508 omnes
3583 454 3654 524 qui

2137 509 2440 614 huiusmodi
2489 513 2660 572 fuere.
2705 519 2835 614 hiant
2865 527 2954 592 qui
2991 528 3137 596 juste
3183 539 3464 606 possident,
3505 509 3653 614 utpdte

2134 603 2225 672 qui
2259 617 2298 702 Ia
2344 603 2456 660 Deo
2485 610 2809 702 acceperint,
2837 618 3128 675 secundum
3157 603 3248 679 Dei
3290 603 3536 702 praecepta
3557 603 3653 690 ’ἰηι-

2133 693 2377 792 pendunt
2393 697 2772 792 ;quiautettiin
2791 706 3118 774 acquirendo
3149 693 3312 772 Deum
3337 693 3652 792 oﬁ'etiderunt,

2136 791 2190 838 et
2217 784 2268 838 in
2296 788 2546 854 expensis
2567 805 2776 862 quoque
2807 793 3032 863 idipsum
3061 799 3284 871 faciunt,
3315 810 3366 865 in
3391 784 3656 872 meretrices

2130 883 2184 930 et
2203 877 2462 946 parasitos
2484 880 2835 952 insumentes,
2859 898 2954 942 aut
2978 892 3324 955 suﬁ'odienies
3345 904 3424 958 vel
3447 907 3656 964 clauden-

2129 974 2229 1070 tes,
2264 969 2316 1023 in
2347 971 2653 1070 mendicum
2683 985 2860 1032 autem
2891 980 3022 1036 nihil
3053 998 3356 1060 erogantes.
3381 995 3442 1049 Et
3463 1013 3565 1065 cur,
3587 1002 3653 1055 in.

2125 1063 2295 1127 quies,
2339 1063 2599 1130 permittit
2627 1067 2766 1122 Deus
2797 1080 2854 1124 ut
2881 1072 3012 1128 tales
3055 1074 3296 1138 homines
3335 1087 3439 1142 sint
3459 1063 3655 1146 divites?

2124 1151 2256 1218 Quia
2311 1154 2518 1223 patiens
2555 1168 2658 1224 est,
2689 1161 2812 1230 quia
2843 1164 2958 1218 vult
2985 1180 3084 1221 nos
3111 1169 3180 1222 ad
3209 1179 3554 1239 penitentiam
3577 1185 3654 1238 ad-

2123 1242 2342 1310 ducere,
2361 1248 2483 1315 quia
2511 1249 2808 1318 gehennam
2839 1259 3182 1326 praeparavit,
3205 1263 3328 1332 quia
3355 1265 3484 1326 diem
3503 1275 3656 1328 statuit

2123 1333 2173 1386 in
2199 1351 2298 1403 qua
2317 1336 2653 1405 judicaturus
2674 1351 2756 1398 est
2784 1343 2991 1401 orbem.
3009 1347 3066 1404 Si
3095 1361 3275 1408 autem
3303 1358 3478 1411 statim
3497 1364 3656 1420 divites

2121 1426 2397 1520 plecteret,
2427 1429 2714 1488 Zacchacus
2745 1450 2850 1490 non
2879 1436 3155 1496 habuisset
3197 1453 3402 1515 tempus
3425 1449 3489 1503 ad
3515 1457 3655 1520 pani-

2120 1519 2364 1585 tcntiam,
2399 1521 2469 1574 ita
2509 1531 2568 1576 ut
2593 1523 2843 1582 redderet
2871 1529 3226 1600 quadruplum
3249 1549 3432 1590 eorum
3457 1519 3564 1608 qua:
3589 1557 3656 1593 ra-

2115 1619 2322 1678 puerat,
2355 1619 2410 1666 et
2436 1610 2717 1670 dimidium
2763 1616 2926 1672 etiam
2967 1619 3232 1678 bonorum
3281 1640 3494 1683 suorum
3521 1631 3660 1685 adde-

2115 1709 2234 1754 ret:
2267 1716 2372 1756 non
2423 1702 2700 1760 Matthteus
2745 1715 2953 1780 tempus
2999 1710 3275 1770 habuisset
3303 1727 3360 1772 ut
3399 1730 3659 1777 mutaretur

415 1802 554 1872 giam
587 1799 938 1854 calceamenti
961 1799 1138 1852 omnia
1159 1796 1448 1852 recusavit.

487 1893 539 1944 7.
571 1889 718 1944 Talis
743 1897 934 1944 eratet
964 1888 1153 1942 beatus
1181 1885 1284 1942 Job
1310 1903 1322 1940 :
1356 1886 1572 1942 etenim,
1591 1884 1790 1940 Ostium
1819 1902 2004 1952 meum,

417 1983 606 2053 inquit,
637 1981 776 2034 omni
804 1979 1022 2034 venienti
1061 1987 1298 2050 aperturi:
1333 1983 1461 2030 erat.
1497 1975 1608 2048 Ego
1647 1993 1786 2030 erant
1831 1976 2006 2030 oculus

414 2089 660 2127 ramorum
687 2080 734 2125 et
778 2086 866 2140 pes
911 2069 1247 2134 claudorum;
1295 2083 1386 2138 ego
1415 2083 1554 2120 eram
1597 2075 1742 2136 pater
1771 2066 2004 2140 inﬁrmo-

410 2180 563 2226 rum;
616 2162 742 2234 foris
780 2139 962 2216 autem
991 2177 1094 2213 non
1136 2159 1370 2212 manebat
1397 2155 1748 2228 hospesllob.
1781 2157 1868 2212 51.
1911 2139 2000 2212 39..

410 2267 454 2310 et
479 2255 568 2311 29.
604 2255 690 2309 15.
735 2253 862 2324 16);
897 2252 1094 2308 inﬁrmi
1123 2259 1325 2318 autem,
1356 2249 1400 2304 si
1431 2249 1645 2319 quando
1671 2262 1804 2317 opus
1835 2248 2002 2304 habe-

412 2349 560 2414 bant,
597 2361 702 2400 non
755 2343 1195 2408 frustrabantur;
1248 2355 1423 2411 neque
1471 2341 1569 2394 sivi
1618 2339 1888 2394 inﬁrmum
1934 2355 2000 2394 ex

411 2441 552 2496 ostio
579 2453 699 2493 meo
728 2438 848 2493 sinu
877 2451 1048 2490 vacuo
1083 2435 1251 2489 exire.
1295 2432 1363 2487 Et
1402 2432 1486 2486 his
1519 2431 1684 2486 multo
1727 2430 1897 2500 plura,
1932 2447 2001 2487 ne

409 2533 586 2587 omnia
635 2545 778 2584 nunc
819 2540 1216 2590 recenseamus,
1261 2523 1436 2580 facere
1481 2538 1584 2576 non
1613 2521 1911 2587 desinebat,
1945 2523 1996 2576 in

407 2637 607 2694 egenos
635 2635 825 2675 onmes
869 2619 1082 2674 divitias
1128 2629 1475 2672 consumens.
1521 2613 1614 2668 Vis
1666 2612 1824 2668 etiam
1878 2611 1998 2666 illos

409 2716 602 2770 divites
645 2713 847 2778 videre,
879 2711 968 2781 qni
1004 2726 1031 2762 a
1064 2710 1174 2764 Deo
1203 2723 1306 2762 non
1339 2707 1477 2761 tales
1507 2705 1628 2760 facti
1655 2713 1796 2768 sunt,
1828 2710 1884 2756 ut
1909 2703 1996 2757 di-

407 2822 528 2862 scas
558 2804 828 2875 quomodo
859 2801 1060 2856 divitiis
1091 2800 1196 2854 sint
1227 2798 1352 2853 usi?
1391 2795 1524 2851 Vide
1557 2796 1703 2850 illum
1741 2794 1831 2864 qui
1871 2808 1994 2848 cum

407 2899 629 2962 Lazaro,
649 2897 737 2966 qui
769 2910 838 2950 ne
867 2893 1034 2949 micas
1053 2891 1268 2964 quidem
1292 2889 1494 2960 dabat;
1517 2887 1638 2944 vide
1661 2885 1992 2952 Achaabum,

409 3020 1862 3048 Μ

2113 1800 2166 1883 et
2187 1792 2335 1848 licrct
2361 1795 2652 1863 apostolus,
2673 1797 2720 1852 si
2743 1811 2870 1856 ante
2891 1811 3251 1871 opportumun
3281 1815 3484 1880 tempus
3507 1823 3660 1883 raptus

2111 1881 2336 1974 fuisset;
2367 1899 2474 1940 non
2503 1886 2595 1941 alii
2637 1889 2790 1944 multi
2821 1891 3046 1948 similes.
3081 1896 3370 1966 Pr0pterea
3397 1881 3656 1974 exspectat,

2109 1973 2175 2026 ad
2205 1976 2571 2043 paenitentiam
2595 1992 2782 2036 omnes
2809 1997 3028 2041 vocans.
3048 1985 3104 2040 Si
3132 2003 3262 2044 vero
3287 1973 3566 2062 noluerint,
3580 1997 3658 2052 sed

2113 2064 2167 2118 in
2213 2065 2402 2122 iisdem
2447 2073 2862 2140 permanserint,
2893 2076 3108 2133 audient
3135 2079 3360 2136 Paulum
3387 2085 3656 2142 dicentem:

2109 2159 2260 2223 Quod
2279 2163 2556 2216 secundum
2583 2165 2820 2221 duritiem
2849 2184 3022 2224 eorum
3061 2181 3106 2226 et
3133 2173 3450 2242 impteuitens
3469 2197 3548 2235 cor
3571 2184 3660 2236 tlte-

2105 2249 2360 2344 saurizent
2385 2252 2481 2344 sibi
2513 2253 2644 2308 iram
2669 2257 2721 2310 in
2745 2257 2827 2311 die
2854 2259 2945 2314 ira:
2978 2269 3024 2314 et
3047 2265 3368 2325 reuelationis
3394 2281 3442 2324 et
3459 2273 3576 2344 justi
3587 2275 3660 2344 ju-

2105 2339 2224 2393 dicii
2249 2339 2350 2396 Dei
2376 2343 2552 2408 (Rom.
2577 2345 2632 2400 2.
2656 2347 2733 2420 5).
2758 2347 2928 2416 Quam
2977 2352 3108 2408 iram
3139 2365 3195 2411 ut
3225 2339 3510 2431 fugiamus,
3531 2339 3660 2420 dite-

2103 2447 2226 2488 mur
2252 2433 2454 2490 divitiis
2483 2439 2810 2508 caelestibus,
2850 2451 2905 2498 et
2935 2444 3256 2526 laudabilem
3305 2470 3660 2526 persequamur

2101 2536 2490 2594 paupertatem.
2519 2529 2592 2584 lla
2615 2531 2758 2585 enim
2781 2545 2835 2588 et
2857 2535 3090 2592 caelestia
3112 2553 3506 2622 consequemur
3518 2549 3657 2614 dona,

2101 2630 2220 2708 quae
2253 2618 2454 2672 utinam
2485 2634 2584 2674 nos
2626 2635 2815 2677 omnes
2844 2625 3066 2695 adipisci
3099 2618 3401 2704 contingat,
3429 2640 3588 2708 gratia
3617 2649 3662 2694 et

2101 2706 2426 2779 benignitate
2457 2711 2668 2768 Domini
2691 2717 2860 2770 nostri
2886 2717 3018 2774 Jesu
3045 2720 3270 2792 Christi,
3293 2706 3509 2796 quicum
3537 2730 3660 2786 Patri

2102 2813 2312 2869 unaque
2330 2797 2547 2870 Spiritui
2571 2813 2758 2858 sancto
2777 2806 2968 2876 gloria,
2992 2809 3298 2880 imperium,
3333 2815 3525 2886 honor,
3541 2836 3662 2876 nunc

2101 2897 2156 2944 et
2184 2905 2398 2960 semper
2427 2901 2482 2947 et
2509 2893 2562 2946 in
2585 2897 2784 2950 szecula
2813 2899 3156 2956 siliculorum.
3189 2905 3389 2964 Amen.

1865 3019 3653 3058 __..__________________________

1741 3098 2090 3162 HOMILIA
2137 3099 2410 3162 XXXV.

408 3259 536 3315 Car.
571 3258 658 3312 14.
686 3271 740 3310 v.
773 3255 827 3312 1.
853 3249 1224 3324 Persequimini
1243 3251 1524 3314 caritatem,
1548 3243 1864 3302 azmu'lamini
1895 3242 2000 3314 spi-

677 3349 909 3416 ritualia,
935 3348 1096 3418 magis
1120 3354 1289 3399 autent
1317 3353 1370 3397 ut
1396 3341 1724 3413 prapltetett's.

479 3447 532 3501 1.
574 3443 710 3512 Quia
754 3442 900 3497 enim
941 3455 1064 3495 cum
1107 3437 1452 3494 accuratione
1479 3433 1721 3490 caritatis
1744 3431 1998 3486 virtutem

407 3553 624 3594 omnem
672 3535 776 3591 illis
823 3534 1115 3598 recensuit,
1147 3531 1214 3586 de
1243 3539 1441 3586 caetero
1487 3527 1733 3582 hortatur
1775 3533 1829 3580 ut
1874 3539 1996 3579 cum

409 3630 686 3684 alacritate
715 3627 859 3682 illam
888 3623 1280 3694 amplectantur
1306 3639 1320 3676 :
1353 3621 1580 3689 ideoque
1604 3615 1836 3684 dicebat,
1867 3613 2000 3670 Per-

408 3720 694 3792 sequimini.
723 3718 856 3774 Nam
885 3717 975 3788 qui
1007 3715 1364 3786 persequitur,
1401 3711 1532 3766 illud
1568 3710 1748 3766 solum
1774 3708 1999 3778 respicit

409 3811 554 3881 quod
603 3809 961 3882 persequitur,
1009 3817 1060 3862 et
1103 3805 1170 3860 ad
1221 3803 1348 3858 illud
1397 3803 1586 3870 tendit,
1637 3816 1738 3856 nec
1786 3799 1998 3854 desistit

411 3905 586 3960 donec
616 3901 861 3974 accipiat.
880 3899 994 3968 Qui
1043 3897 1403 3968 persequitur,
1446 3910 1566 3949 cum
1614 3908 1712 3964 per
1760 3893 1996 3962 seipsum

411 4013 516 4052 non
549 4004 746 4066 potest,
777 4009 873 4064 per
900 4007 992 4048 eos
1031 3990 1121 4061 qni
1153 3999 1276 4044 ante
1321 3989 1472 4043 illum
1519 3997 1660 4052 sunt,
1707 3985 1994 4057 fugientem

410 4086 790 4158 apprehendit,
819 4099 914 4140 eos
940 4083 1029 4153 qui
1064 4096 1229 4150 prope
1271 4089 1395 4135 sunt
1432 4095 1552 4134 cum
1583 4092 1777 4149 magno
1820 4077 1996 4132 studio

412 4181 726 4244 adhortans,
759 4187 816 4232 ut
845 4176 1122 4232 detineant
1157 4179 1213 4228 et
1251 4179 1466 4226 servent
1510 4185 1631 4225 eum
1675 4169 1764 4239 qui
1810 4177 1996 4237 captus

412 4273 531 4340 fuit,
561 4271 734 4326 donec
761 4267 851 4322 ille
877 4265 1172 4322 advenerit.
1205 4263 1316 4318 lloc
1345 4276 1443 4316 nos
1465 4275 1675 4332 quoque
1703 4258 1990 4314 faciamus:

363 4381 374 4391 ι
410 4381 529 4420 tum
557 4363 656 4432 ipsi
689 4375 794 4414 non
827 4358 1170 4430 pervenimus
1195 4355 1260 4409 ad
1285 4355 1583 4419 caritatem,
1605 4366 1698 4406 eos
1717 4350 1804 4422 qui
1827 4364 1994 4421 prope

410 4467 533 4510 sunt
558 4455 847 4526 jubeamus
877 4467 996 4506 eam
1038 4449 1300 4515 detinere,
1329 4449 1499 4503 donec
1529 4447 1901 4517 perveniamus
1929 4444 1994 4498 ad

411 4551 554 4604 illam
579 4566 592 4602 :
623 4547 817 4603 deinde
838 4561 958 4601 cum
985 4541 1520 4614 apprelienderimus,
1553 4555 1621 4595 ne
1649 4539 1782 4594 ultra
1811 4537 1993 4592 dimit-

411 4652 586 4696 tamus
625 4655 740 4694 eam
763 4680 776 4704 ,
807 4654 876 4694 ne
904 4651 1089 4692 rursus
1120 4649 1149 4688 a
1181 4633 1336 4688 nobis
1381 4632 1566 4702 fugiat.
1599 4630 1827 4686 Assidue
1852 4629 1994 4684 enim

408 4749 438 4788 a
467 4731 619 4787 nobis
642 4729 969 4799 resilit,quia
996 4743 1100 4782 non
1125 4736 1182 4780 ut
1201 4741 1294 4795 par
1313 4733 1396 4779 est
1417 4723 1506 4778 illa
1530 4723 1747 4788 utimur,
1762 4721 1856 4780 sed
1881 4737 1998 4776 om-

411 4825 496 4880 nia
519 4825 569 4879 ei
597 4823 949 4893 praeferimus.
971 4819 1097 4875 Ideo
1117 4818 1296 4873 omnia
1320 4825 1535 4888 oportet
1556 4813 1750 4880 facere,
1772 4823 1828 4868 ut
1849 4814 1994 4868 illam

411 4927 659 4973 accurate
689 4917 1036 4970 retineamus.
1059 4911 1194 4967 Nam
1222 4911 1266 4965 si
1295 4909 1403 4964 hoc
1429 4908 1538 4973 liat,
1569 4923 1675 4961 non
1706 4907 1872 4962 multo
1897 4923 1996 4963 no-

413 5010 494 5062 bis
520 5007 776 5076 deinceps
804 5021 939 5077 opus
967 5003 1070 5060 erit
1113 5001 1324 5068 labore,
1359 5003 1464 5054 imo
1494 5014 1562 5054 ne
1585 4997 1694 5053 .levi
1738 4999 1992 5070 quidem;

345 5117 352 5143 =
409 5101 506 5155 sed
534 5101 585 5154 in
613 5097 820 5153 deliciis
865 5105 1166 5162 versantes,
1196 5093 1392 5150 festum
1433 5099 1674 5163 agentes,
1704 5107 1797 5160 per
1825 5107 1992 5162 angu-

413 5203 547 5246 stam
577 5189 790 5244 virtutis
819 5191 955 5244 viam
988 5189 1316 5244 incedemus.
1345 5187 1468 5241 Ideo
1502 5187 1596 5252 ait,
1631 5184 1996 5252 Parsequimini

415 5299 545 5338 eam.
583 5281 784 5338 Deinde
809 5299 878 5336 ne
905 5291 1174 5352 putarent,
1207 5281 1326 5336 ideo
1356 5281 1526 5348 ipsum
1552 5279 1618 5334 de
1643 5280 1864 5334 caritate
1884 5293 1996 5332 Ser-

416 5389 629 5428 monem
663 5373 958 5436 induxisse,
993 5381 1049 5426 ut
1094 5371 1414 5426 charismata
1460 5372 1843 5442 exstingueret,
1871 5369 1998 5425 sub-

406 5467 582 5540 jungit
619 5465 844 5521 dicens:
875 5463 1224 5518 aﬂmulamini
1270 5473 1436 5516 autem
1483 5463 1790 5534 spiritualia,
1837 5463 1997 5534 magis

413 5575 581 5616 autem
617 5571 668 5616 ut
703 5559 1030 5632 prapltetetis.
1057 5557 1112 5614 2.
1148 5557 1247 5624 Qui
1269 5557 1399 5610 enim
1428 5557 1646 5626 loquitur
1671 5557 1866 5626 lingua,
1897 5573 1997 5608 non

415 5654 696 5709 nominibus
737 5652 978 5720 loquitur,
1009 5649 1098 5705 sed
1139 5647 1287 5713 Deo;
1334 5665 1478 5702 nemo
1503 5649 1632 5702 cnim
1659 5648 1800 5700 audit
1819 5665 1836 5710 ;
1869 5647 1996 5717 Spi-

413 5751 516 5804 ritu
550 5761 715 5806 autrm
745 5749 970 5818 loquitur
1015 5744 1253 5818 mysteria
1276 5759 1292 5798 :
1319 5745 1370 5800 '5.
1397 5745 1480 5814 qui
1509 5755 1674 5799 autem
1705 5741 1990 5814 prop/ictui,

2092 3243 2378 3300 hominibus
2407 3247 2629 3318 loquitur
2669 3251 2738 3306 ad
2775 3253 3165 3325 wdiﬁcatiouem
3191 3270 3241 3316 et
3273 3264 3659 3320 exhortationem

2092 3343 2140 3388 et
2174 3337 2604 3396 consolationem.
2647 3341 3112 3416 Comparationem
3163 3351 3250 3408 hic
3291 3353 3512 3412 demum
3555 3357 3660 3412 facit

2091 3425 2497 3498 charismatum,
2517 3442 2574 3488 et
2602 3433 2901 3506 linguarum
2928 3439 3191 3496 charisma
3214 3443 3490 3514 deprimit,
3509 3463 3661 3518 neque

2092 3521 2312 3610 omnino
2351 3523 2536 3580 inutile
2563 3528 2876 3596 ostendens,
2905 3545 3080 3603 neque
3109 3533 3260 3590 valde
3289 3537 3426 3594 utile
3467 3554 3557 3610 per
3591 3554 3657 3594 se.

2091 3609 2224 3668 Nam
2252 3613 2540 3671 admodum
2571 3618 2624 3674 in
2654 3619 2759 3675 hoc
2799 3621 3243 3694 intumescebant,
3272 3631 3401 3699 quia
3431 3609 3660 3702 magnum

2093 3708 2378 3777 putabatur
2431 3725 2554 3767 esse
2591 3713 2884 3770 charisma.
2928 3716 3178 3790 Magnum
3221 3737 3356 3778 vero
3403 3724 3664 3795 putabatur

2091 3813 2231 3868 esse,
2273 3801 2395 3870 quia
2448 3801 2622 3872 ipsum
2671 3805 2901 3876 primum
2947 3813 3178 3880 apostoli
3229 3826 3570 3887 acceperant,
3609 3827 3656 3871 et

2089 3905 2210 3945 cum
2242 3901 2383 3949 tanta
2405 3894 2662 3966 dignitate
2690 3915 2753 3956 ac
2775 3901 3088 3970 splendore.
3127 3905 3310 3978 Neque
3355 3917 3532 3966 tamen
3560 3909 3664 3964 aliis

2093 3981 2212 4038 ideo
2239 3989 2582 4056 praestantius
2611 3999 2746 4045 erat.
2773 3991 2881 4046 Cur
2910 4009 3037 4065 ergo
3065 4005 3187 4052 ante
3226 3997 3332 4052 alia
3367 3999 3500 4054 illud
3527 4015 3664 4054 acce-

2090 4085 2281 4146 perant
2303 4080 2576 4148 apostoli?
2600 4080 2732 4148 Quia
2764 4097 2862 4152 per
2891 4099 3079 4141 omnes
3105 4087 3252 4142 orbis
3280 4100 3466 4158 partes
3495 4105 3664 4161 perva-

2089 4168 2202 4222 suri
2223 4180 2375 4224 erant
2402 4187 2416 4222 :
2449 4179 2504 4225 et
2543 4171 2680 4226 sicut
2711 4173 2763 4226 in
2809 4182 3049 4244 tempore
3073 4193 3179 4248 quo
3209 4177 3349 4234 facta
3379 4189 3463 4235 est
3499 4181 3662 4244 turris,

2091 4262 2270 4332 lingua
2315 4280 2434 4334 qua:
2484 4273 2600 4320 erat
2649 4282 2752 4320 una
2789 4267 3126 4324 dividebatur
3169 4269 3224 4324 in
3271 4273 3476 4328 multas
3521 4273 3658 4344 (Gen.

2091 4356 2179 4424 11)
2204 4371 2218 4420 ;
2251 4356 2321 4410 ita
2349 4366 2473 4412 tunc
2503 4373 2623 4427 quia
2652 4367 2805 4414 erant
2836 4360 3040 4426 multae,
3068 4376 3212 4432 smpe
3243 4361 3396 4418 ibant
3421 4363 3490 4419 ad
3519 4379 3664 4418 unum

2090 4447 2399 4516 hominem;
2442 4459 2496 4504 et
2541 4451 2682 4506 idem
2725 4451 2887 4506 homo
2914 4453 3197 4509 Persarum
3229 4464 3283 4511 et
3309 4456 3662 4512 Romanorum

2090 4552 2144 4598 et
2171 4542 2420 4598 Indorum
2447 4553 2501 4598 et
2529 4543 2645 4600 aliis
2675 4545 2856 4600 multis
2887 4545 3204 4617 loquebatur
3232 4548 3450 4619 linguis.
3482 4550 3531 4604 in
3560 4549 3663 4617 ipso

2089 4635 2370 4690 insonante
2412 4634 2612 4705 Spiritu
2663 4653 2676 4690 :
2738 4646 2793 4692 et
2841 4636 2943 4692 hoc
2988 4638 3258 4693 charisma
3310 4640 3666 4709 appellabatur

2089 4726 2358 4782 charisma
2409 4742 2506 4782 seu
2550 4727 2748 4782 donum
2807 4729 3128 4799 linguarum,
3157 4729 3416 4800 quoniam
3473 4738 3666 4801 poterat

2089 4819 2250 4874 simul
2289 4818 2471 4874 multis
2512 4819 2657 4890 loqui
2691 4819 2904 4891 linguis.
2933 4819 3067 4875 Vide
3100 4835 3230 4892 ergo
3269 4819 3545 4890 quomodo
3589 4819 3663 4873 id-

2089 4909 2262 4982 ipsum
2293 4918 2347 4966 ct
2375 4907 2626 4980 deprimit
2664 4918 2719 4964 et
2747 4912 2973 4966 extollit.
3009 4911 3139 4966 Nam
3168 4911 3423 4980 dicendo,
3457 4912 3556 4978 Qui
3595 4913 3664 4965 la-

2087 5003 2259 5072 quitur
2285 5003 2624 5080 linguispnou
2656 5002 2940 5056 hominibus
2972 5001 3212 5073 loquitur,
3231 5003 3323 5056 sed
3357 5003 3507 5070 Deo;
3533 5017 3664 5056 nemo

2089 5095 2222 5162 enim
2265 5095 2430 5156 audit,
2471 5093 2737 5164 depressit
2767 5087 2926 5158 illud,
2952 5093 3242 5149 ostendens
3289 5109 3400 5148 non
3433 5107 3664 5164 magnam

2088 5201 2207 5242 esse
2231 5185 2516 5240 utilitatem
2543 5203 2557 5239 :
2589 5183 2960 5256 subjungendo
2984 5193 3186 5250 autem,
3211 5183 3419 5252 Spiritu
3455 5185 3664 5254 loquitur

2088 5275 2347 5347 mysteria,
2378 5291 2566 5329 rursus
2593 5275 2804 5339 extulit,
2840 5290 2906 5328 ne
2943 5273 3214 5328 videretur
3243 5289 3371 5329 esse
3417 5287 3662 5344 superva-
3711 5281 3728 5338 ’ζ

2089 5383 2313 5422 caneum
2345 5374 2402 5421 et
2444 5365 2651 5432 inutile,
2685 5375 2740 5420 et
2768 5375 2965 5419 temere
3005 5379 3067 5419 ac
3109 5365 3301 5418 frustra
3329 5365 3542 5419 datum.
3573 5363 3664 5427 Qui
3725 5379 3728 5382 θ

2089 5469 2256 5514 autem
2287 5457 2573 5528 prOpIielat,
2606 5457 2890 5510 hominibus
2943 5455 3164 5524 loquitur
3191 5455 3259 5508 ad
3286 5455 3662 5523 wdiﬁcationem

2089 5563 2135 5606 et
2163 5551 2570 5605 adhortationem
2607 5562 2654 5603 et
2682 5549 3097 5603 consolationem.
3127 5546 3378 5604 Vidistin'
3408 5548 3660 5601 undeuant

2088 5647 2334 5701 ostendat
2381 5643 2538 5714 hujus
2587 5643 2710 5698 doni
2764 5643 3154 5709 excellentiam,
3189 5657 3255 5698 ex
3302 5655 3368 5696 eo
3426 5638 3567 5711 quod
3613 5639 3662 5690 in

2093 5755 2372 5797 commune
2424 5737 2700 5803 conferat;
2755 5745 2807 5792 et
2865 5735 3130 5806 quomodo
3175 5735 3228 5791 id
3275 5733 3476 5806 ubique
3527 5747 3660 5803 pra:-
