3802 6214
127 222 209 282 295

130 333 393 408 σεμιδάλεως
428 329 695 399 φυράσας,
745 329 840 381 καὶ
873 328 1008 400 πρὸς
1043 330 1108 400 τῇ
1161 328 1300 400 θύρα
1327 327 1637 399 καθήμενος

127 428 168 477 ὲν
190 413 329 488 καιρῷ
361 412 726 484 μεσημϐρίας,
756 412 1006 482 ἐννόησον
1041 412 1158 482 μεθ’
1188 413 1320 482 ὅσης
1356 411 1637 482 δαψιλείας

97 495 196 558 ’καὶ
225 497 501 570 προθυμίας
544 495 612 549 τά
637 493 804 548 αὑτοῦ
841 496 1005 548 πᾶσιν
1033 495 1316 565 ἀνήλισκε,
1363 495 1502 566 μετὰ
1529 493 1637 548 τῶν

121 584 363 658 χρημάτων
386 582 480 633 καὶ
500 579 602 650 τὴν
630 577 726 631 τοῦ
752 577 1005 649 σώματος
1032 577 1404 648 παρεχόμενος
1431 578 1638 647 ὑπηρε,

121 671 230 732 σίαν,
271 664 352 719 καὶ
397 661 569 716 ταῦτα
616 663 674 714 ἐν
719 662 869 732 γήρᾳ
897 662 1159 732 τοσούτῳ,
1189 663 1283 716 κα)⁸
1324 660 1487 732 λιμὴν
1528 661 1638 716 τῶν

116 754 249 818 ξένων
273 749 355 800 καὶ
381 745 489 798 τῶν
519 745 576 797 ἐν
607 745 817 815 χρείαις
847 743 1265 816 καθεστηκότων
1294 744 1391 808 ὢν,
1426 746 1519 798 καὶ
1548 745 1640 797 ού-

114 838 184 890 δὲν
219 834 326 885 ἴδιον
357 829 709 900 κεκτημένος,
737 830 860 883 οὐδὲ
901 830 1065 883 αὑτὸν
1100 831 1192 883 τὸν
1229 831 1344 883 υἱόν
1365 847 1378 860 ³
1409 830 1503 885 καὶ
1531 829 1638 901 γὰρ

113 920 186 973 τοῦ
217 915 329 970 Θεοῦ
356 914 727 979 κελεύσαντος,
762 914 857 967 καὶ
881 913 1070 968 τοῦτον
1097 914 1338 968 ἐπέδωκε
1359 931 1371 944 ·
1412 913 1551 984 μετὰ
1580 912 1636 966 δέ

109 1004 184 1058 τοῦ
210 999 309 1054 υἱοῦ
332 1000 422 1053 καὶ
446 998 634 1050 ἑαυτὸν
667 997 906 1051 ἐπέδωκε
935 998 1029 1051 καὶ
1063 997 1160 1068 τὴν
1187 997 1364 1050 οίκίαν
1395 997 1634 1062 ἃπασαν,

109 1089 240 1160 ἡνίκα
265 1085 343 1137 τὸν
370 1081 676 1149 ἀδελφιδοῦν
706 1081 1012 1152 ἐξαρπάσαι
1044 1081 1292 1136 ἔσπευδε.
1323 1080 1434 1134 Καὶ
1466 1081 1639 1134 ταῦτα

104 1173 154 1226 οὖ
178 1167 447 1241 χρημάτων
471 1163 657 1216 ἕνεκεν
687 1163 882 1227 ἐποίει,
919 1163 1055 1216 ἀλλὰ
1082 1163 1495 1234 φιλανθρωπίας
1541 1163 1638 1233 μό-

104 1272 202 1323 νης.
235 1252 346 1304 Ὅτε
391 1247 524 1316 γοῦν
554 1246 664 1300 τῶν
711 1245 968 1320 λαφύρων
1000 1245 1162 1300 αὐτὸν
1203 1246 1418 1300 ἐποίουν
1449 1245 1640 1317 κύριον

99 1342 140 1392 οί
176 1336 236 1390 δι’
266 1331 420 1386 αὑτοῦ
453 1331 734 1395 σωθέντες,
766 1330 928 1402 μέχρι
969 1331 1230 1404 σπαρτίου
1257 1331 1352 1384 καὶ
1397 1347 1641 1401 σφαιρω-

98 1425 238 1491 τῆρος
261 1417 466 1470 ᾶπαντα
491 1412 865 1484 διεκρούσατο.

155 1489 213 1566 ζ’.
251 1497 394 1569 [2520}
416 1497 666 1560 Τοιοῦτος
688 1495 782 1549 καὶ
797 1497 824 1548 δ
847 1496 1116 1567 μακάριος
1139 1489 1208 1566 ἦν
1234 1493 1377 1548 m6-
1403 1495 1514 1548 Καὶ
1533 1495 1641 1567 γὰρ

102 1587 162 1640 Ἠ
179 1584 315 1650 θύρα
334 1598 475 1651 μου,
496 1580 651 1651 φησι,
683 1578 864 1633 παντὶ
898 1578 1135 1632 ἐλθόντι
1174 1577 1455 1645 ὴνέφκτο.
1497 1579 1639 1648 Ἐγὼ

92 1669 237 1737 ἢμην
250 1663 544 1734 ὀφθαλμὸς
567 1660 831 1732 τυφλῶν,
848 1659 1003 1725 ποῦς
1019 1659 1087 1712 δὲ
1100 1659 1314 1730 χωλῶν
1325 1677 1338 1690 ·
1355 1661 1470 1732 ἐγὼ
1485 1661 1649 1730 ἥμην

85 1749 264 1818 πατὴρ
300 1747 647 1802 ἀδυνάτων·
692 1745 809 1810 ἔξω
855 1743 924 1797 δὲ
960 1745 1072 1798 οὐκ
1118 1743 1391 1810 ηὐλίζετο
1439 1744 1644 1811 ξένος·

86 1833 316 1888 ἀδύνατοι
344 1830 426 1894 δὲ,
441 1831 506 1900 ἦν
525 1845 656 1882 ποτε
685 1827 874 1898 χρείαν
901 1823 1068 1897 εἶχον,
1089 1830 1192 1881 οὐκ
1209 1828 1500 1899 ἀπέτυχον,
1523 1829 1646 1882 οὐδὲ

79 1921 225 1972 εἴασα
252 1914 488 1980 ἐξελθεῖν
519 1912 780 1967 ἀδύνατον
806 1910 904 1980 τὴν
938 1909 1109 1981 θύραν
1135 1927 1236 1981 μου
1265 1912 1452 1983 κόλπῳ
1480 1911 1640 1982 κενῷ.

79 2001 181 2054 Καὶ
222 1996 399 2068 πολλῷ
427 1996 650 2049 πλείονα
687 1995 744 2049 δὲ
769 1992 1002 2056 τούτων,
1035 1993 1123 2046 ἵνα
1152 1992 1228 2064 μὴ
1267 1993 1444 2048 πάντα
1471 2011 1645 2049 κατα-

76 2085 313 2152 λέγωμεν
345 2081 462 2144 νῦν,
498 2078 723 2132 διετέλει
770 2078 1047 2148 πράττων,
1073 2079 1154 2140 είς
1186 2077 1312 2140 τοὺς
1358 2078 1646 2148 δεομένους

75 2171 284 2223 ἅπαντα
317 2165 411 2218 τὸν
452 2163 681 2217 πλοῦτον
711 2159 1146 2215 καταναλίσκων.
1182 2159 1370 2214 Βούλει
1402 2163 1494 2216 καὶ
1520 2163 1648 2228 τοὺς

73 2252 129 2303 οὐ
161 2248 313 2319 παρά
339 2245 478 2300 Θεοῦ
509 2244 828 2316 γινομένους
856 2242 1146 2304 πλουσίους
1173 2241 1324 2306 ἰδεῖν,
1352 2242 1438 2298 ἵνα
1467 2243 1648 2316 μάθῃς

73 2333 179 2395 πῶς
227 2331 526 2401 κέχρηνται
569 2327 644 2399 τῷ
683 2324 938 2396 πλούτῳ;
979 2325 1121 2395 Ὅρα
1148 2323 1242 2377 τὸν
1284 2324 1376 2378 ἐπὶ
1409 2326 1504 2379 τοῦ
1537 2328 1650 2380 Λα-

73 2415 252 2486 ζάρου,
304 2413 398 2466 τὸν
445 2413 566 2466 ούδέ
607 2411 716 2464 τῶν
765 2410 963 2480 ψιχίων
998 2408 1384 2479 μεταδιδόντα·
1418 2409 1519 2482 ὅρα
1557 2411 1648 2463 τὸν

81 2495 282 2566 Ἀχαάϐ
321 2495 418 2549 τὸν
463 2494 672 2548 καὶτὸν
701 2491 1002 2563 ἀμπελῶνα
1051 2490 1398 2562 ἁρπάζοντα·
1430 2495 1531 2564 δρα
1558 2493 1651 2546 τὸν

73 2580 245 2649 Γιεζῆ,
279 2580 388 2649 ὅρα
418 2578 544 2641 τοὺς
573 2575 846 2638 τοιούτους
889 2575 1157 2636 ἅπαντας.
1191 2575 1255 2626 Ol
1291 2574 1390 2645 μὶν
1420 2577 1528 2645 γὰρ
1575 2577 1654 2630 δι-

73 2663 232 2727 καίως
264 2651 641 2732 κεκτημένοι,
672 2659 767 2713 ἀτε
798 2658 948 2730 παρά
977 2658 1072 2710 τοῦ
1098 2658 1233 2711 Θεοῦ
1262 2659 1541 2725 λαϐόντες,
1572 2662 1654 2724 είς

1091 211 1158 267 ΙΝ
1195 212 1414 269 EPlST.
1453 213 1475 268 Ι
1510 212 1602 266 ΑΙ)
1634 212 1792 270 COR.
1839 212 2066 270 HOMIL.
2113 212 2326 269 XXXV.

3213 217 3318 274 996

1744 329 1813 384 τά
1839 328 1934 382 τοῦ
1961 328 2094 382 Θεοῦ
2125 328 2523 399 προστάγματα
2550 327 2928 382 ἀναλίσκουσιν
2949 343 2962 360 ·
2999 330 3048 382 οί
3082 329 3138 384 δέ
3163 331 3220 385 ἐν
3243 333 3320 403 τῷ

1747 412 1974 466 κτᾶσθαι
2002 412 2474 485 προσκρούσαντες
2499 413 2577 482 τῷ
2599 411 2738 482 Θεῷ,
2767 413 2859 464 καὶ
2889 413 2946 464 ἐν
2978 411 3056 483 τῷ
3080 413 3323 486 δαπανᾷν

1743 495 1805 549 τὸ
1836 496 1968 549 αὐτὸ
1997 495 2262 561 ποιοῦσιν,
2309 497 2392 559 είς
2419 495 2624 566 πόρνας
2656 497 2751 550 καὶ
2782 496 3117 568 παρασίτους
3142 499 3325 553 ἀναλί-

1747 595 1998 645 σκοντες,
2053 579 2086 649 ἢ
2139 579 2566 650 κατορύττοντες
2625 581 2720 633 καὶ
2780 580 3192 649 ἀποκλείοντες,
3245 587 3326 648 είς

1746 663 1961 732 πτωχὸν
1989 663 2045 715 δέ
2082 663 2233 716 οὐδὲν
2261 663 2628 728 δαπανῶντες.
2662 665 2773 717 Καὶ
2799 664 2944 727 τίνος
2977 664 3183 730 ἕνεκεν,
3219 683 3326 736 φη-
3399 713 3415 753 ,ἒ

1747 745 1852 808 σὶν,
1897 745 1927 796 ό
1959 745 2091 808 Θεὸς
2142 745 2336 816 ἀφίησι
2388 746 2639 799 πλουτεῖν
2685 747 2812 806 τοὺς
2857 746 3164 814 τοιούτους;
3204 749 3326 800 Ὅτι

1749 827 2102 898 μακρόθυμός
2134 829 2304 892 ἐστιν,
2335 829 2416 881 ὅτι
2449 828 2699 898 βούλεται
2739 830 2886 898 ἡμᾶς
2914 831 2997 892 είς
3040 831 3326 900 μετάνοιαν

1746 910 1994 979 ἀγαγεῖν,
2019 912 2099 964 ὄτι
2127 911 2353 980 γέενναν
2379 912 2697 982 ἡτοίμασεν,
2726 912 2808 965 ὅτι
2833 911 3063 982 ἔστησεν
3111 912 3328 984 ἡμέραν

1747 1000 1803 1052 ἐν
1912 999 2094 1069 μέλλει
2134 1001 2342 1070 κρίνειν
2386 1001 2486 1072 τὴν
2533 1001 2884 1072 οἰκουμένην.
2929 1003 2992 1056 Εἰ
3028 1003 3084 1056 δέ
3127 1003 3330 1067 εὐθέως

1746 1083 1872 1144 τοὺς
1892 1082 2256 1148 πλουτοῦντας
2280 1083 2467 1147 κακῶς
2496 1085 2776 1150 ἐκόλαζεν,
2801 1086 2900 1139 οὐκ
2921 1086 2986 1139 ἂν
3007 1090 3036 1140 δ
3059 1090 3329 1157 Ζακχαῖος

1747 1164 1870 1233 ἐσχε
1901 1165 2242 1236 προθεσμίαν
2269 1167 2578 1237 μετανοίας,
2610 1167 2751 1221 ὥστε
2777 1168 2870 1220 καὶ
2896 1169 3329 1240 τετραπλασίονα

1747 1245 2061 1310 ἀποδοῦναι,
2103 1247 2247 1320 ἅπερ
2281 1249 2523 1319 ἥρπασε,
2579 1251 2673 1302 καὶ
2699 1250 2769 1303 τά
2798 1251 2970 1322 ἡμίση
3015 1252 3330 1322 προσθεῖναι

1746 1328 1855 1382 τῶν
1890 1329 2111 1382 ἐαυτοῦ·
2160 1331 2260 1384 οὐκ
2303 1331 2366 1385 ἂν
2399 1334 2426 1385 ό
2469 1333 2745 1396 Ματθαῖος
2791 1335 3199 1403 μεταϐαλέσθαι
3233 1337 3333 1388 καὶ

1749 1412 2000 1479 γενέσθαι
2039 1413 2359 1477 ἀπόστολος,
2413 1415 2862 1487 προαναρπαγεὶς
2890 1417 2985 1470 τοῦ
3029 1417 3332 1490 προσήκον-

1747 1512 1838 1557 τος
1860 1495 2052 1567 καιροῦ
2073 1511 2086 1524 ·
2118 1496 2218 1549 οὐκ
2243 1496 2309 1550 ἂν
2335 1497 2512 1569 ἕτεροι
2536 1499 2721 1552 πολλοὶ
2746 1498 2999 1552 τοιοῦτοι.
3031 1501 3130 1554 Διά
3157 1500 3332 1554 ταῦτα

1750 1579 2006 1648 ἀνέχεται
2054 1581 2135 1641 είς
2175 1579 2468 1649 μετάνοιαν
2521 1579 2702 1634 καλῶν
2742 1581 3012 1646 ἅπαντας.
3057 1583 3120 1636 Εἰ
3168 1583 3224 1635 δὲ
3254 1584 3331 1654 μὴ

1751 1661 2045 1732 βούλοιντο,
2091 1661 2228 1714 ἀλλά
2265 1664 2378 1726 τοῖς
2428 1664 2612 1728 αὐτοῖς
2645 1665 2975 1736 ἐπιμένοιεν,
3005 1665 3330 1722 ἀκούσονται

1747 1743 1842 1797 τοῦ
1887 1743 2100 1798 Παύλου
2154 1745 2425 1813 λέγοντος,
2479 1748 2562 1799 ὅτι
2595 1749 2758 1802 Κατὰ
2791 1747 2906 1817 τὴν
2949 1751 3332 1816 σκληρότητα

1748 1828 1946 1883 αὐτῶν
1978 1829 2077 1882 καὶ
2110 1829 2519 1898 ἀμετανόητον
2562 1831 2818 1899 καρδίαν
2860 1832 3332 1902 θησαυρίζουσιν

1748 1912 1983 1978 ἑαυτοῖς
2011 1913 2199 1982 ὀργὴν
2226 1913 2295 1966 ἐν
2317 1911 2508 1982 ἡμέρᾳ
2533 1907 2732 1982 ὀργῆςἸ
2755 1915 2854 1968 καὶ
2888 1917 3332 1986 ἀποκαλύψεως

1748 1997 1848 2050 καὶ
1878 1996 2312 2066 δικαιοκρισίας
2339 1997 2445 2051 τοῦ
2477 1998 2625 2052 Θεοῦ
2646 2015 2657 2026 ·
2689 1999 2880 2068 ἥντινα
2907 2001 3076 2070 ὀργὴν
3105 2000 3191 2053 ἵνα
3225 1999 3326 2069 φύ-

1746 2096 1952 2150 γωμεν,
1978 2079 2299 2151 πλουτῶμεν
2327 2080 2418 2134 τὸν
2447 2081 2541 2135 τοῦ
2565 2081 2798 2152 ούρανοῦ
2824 2083 3073 2146 πλοῦτον,
3103 2083 3200 2137 καὶ
3230 2085 3329 2153 τὴν

1749 2163 2041 2234 ἐπαινετὴν
2074 2162 2361 2234 διώκωμεν
2385 2165 2598 2218 πενίαν.
2626 2165 2782 2218 Οὕτω
2809 2166 2917 2237 γὰρ
2948 2168 3040 2220 καὶ
3065 2167 3174 2220 τῶν
3202 2166 3331 2236 μελ-

1749 2245 1950 2298 λόντων
2003 2246 2400 2316 ἐπιτευξόμεθα
2451 2247 2705 2316 ἀγαθῶν·
2762 2242 2836 2302 ὧν
2874 2251 3082 2318 γένοιτο
3121 2249 3330 2311 πάντας

1749 2330 1897 2398 ἡμᾶς
1943 2331 2239 2400 ἐπιτυχεῖν,
2290 2331 2473 2403 χάριτι
2519 2330 2613 2385 καὶ
2650 2331 3035 2405 φιλανθρωπίᾳ
3085 2331 3179 2386 τοῦ
3214 2335 3328 2386 Κυ-

1753 2413 1870 2484 ρίου
1917 2413 2074 2484 ἡμῶν
2117 2413 2292 2484 Ἰησοῦ
2332 2415 2595 2485 Χριστοῦ,
2637 2415 2755 2486 μεθ’
2785 2411 2846 2470 οὗ
2879 2415 2956 2487 τῷ
2998 2418 3174 2486 Πατρὶ
3211 2417 3330 2488 ἅμα

1749 2495 1826 2564 τῷ
1851 2497 1993 2567 ἀγίῳ
2038 2495 2315 2567 Πνεύματι
2343 2496 2489 2564 δόξα,
2525 2498 2748 2568 κράτος,
2778 2499 2932 2570 τιμὴ,
2965 2498 3060 2552 νῦν
3092 2501 3186 2555 καὶ
3215 2501 3325 2564 ἀεὶ,

1752 2580 1842 2632 καὶ
1871 2583 1950 2644 εἰς
1977 2581 2102 2644 τοὺς
2136 2580 2338 2645 αἰῶνας
2371 2581 2478 2634 τῶν
2509 2581 2738 2636 αἰώνων.
2782 2584 2976 2655 Ἀμήν.

1275 2877 3300 2907 ..______.___..________._____________________

1530 3150 1780 3204 ΟΜΙΛΙΑ
1820 3147 1946 3205 ΛΕ’.

73 3313 311 3370 ,ιώκετε
340 3305 463 3376 τὴν
489 3303 731 3373 ἀγάπην
750 3321 764 3334 ·
791 3302 1042 3370 ζηλοῦτε
1072 3301 1140 3355 δὲ
1165 3301 1236 3355 τὰ
1262 3300 1655 3370 πνευματικὰ,

402 3386 644 3459 μᾶλλον
672 3385 742 3440 δὲ
764 3387 866 3441 ἵνα
898 3386 1328 3455 προφητεύητε.

101 3488 180 3536 α’.
237 3473 484 3544 Ἐπειδὴ
510 3471 618 3543 γὰρ
641 3471 781 3541 μετά
810 3470 1094 3542 ἀκριϐείας
1116 3469 1213 3541 τὴν
1249 3467 1452 3541 ἀρετὴν
1477 3469 1660 3532 αὐτοῖς

73 3562 237 3617 ατέλε
248 3559 351 3625 ξεν
385 3557 609 3610 ἃπασαν
629 3553 731 3623 τῆς
751 3553 994 3624 ἀγάπης,
1026 3555 1285 3625 παραινεῖ
1309 3551 1494 3605 λοιπὸν
1520 3550 1658 3622 μετά

73 3644 385 3720 ροθυμίας
406 3640 576 3709 αὐτῆς
595 3637 949 3720 ἀντέχεσθαι·
978 3637 1058 3690 διὸ
1079 3637 1172 3690 καὶ
1195 3637 1368 3720 ἔλεγε,
1393 3637 1655 3720 Διώκετε.

74 3736 94 3783 )
125 3728 252 3799 γὰρ
287 3724 525 3780 διώκων
554 3722 730 3773 ἐκεῖνο
767 3719 926 3791 μόνον
963 3721 1066 3791 δρᾷ
1098 3721 1158 3772 τὸ
1183 3719 1535 3789 διωκόμενον,
1565 3719 1659 3772 καὶ

73 3814 171 3877 οὺς
195 3811 411 3864 ἐκεῖνο
434 3805 680 3865 τέταται,
716 3804 809 3857 καὶ
829 3804 928 3857 οὐκ
953 3804 1246 3872 ἀφίσταται
1271 3805 1374 3868 ἕως
1401 3803 1466 3856 ἂν
1495 3802 1655 3873 λάϐῃ.

73 3873 87 3948 ί
120 3873 384 3949 διώκων
424 3890 552 3942 ὅταν
587 3887 655 3940 δι’
700 3886 896 3940 ἐαυτοῦ
940 3887 1014 3957 μὴ
1043 3887 1267 3957 δυνηθῇ,
1300 3887 1386 3940 διά
1418 3886 1524 3939 τῶν
1554 3885 1661 3956 πρὸ

75 3980 182 4052 2-1]
213 3975 424 4032 αὐτοῦ
451 3970 863 4043 καταλαμϐάνει
887 3971 978 4023 τὸν
1020 3970 1308 4040 φεύγοντα,
1339 3972 1464 4034 τοὺς
1492 3971 1660 4039 ἐγγὺς

73 4081 186 4125 τας
221 4059 402 4132 μετὰ
433 4055 633 4125 πολλῆς
665 4053 1002 4126 παρακαλῶν
1029 4057 1130 4123 τῆς
1154 4053 1389 4123 σπουδῆς
1411 4053 1660 4123 κατέχειν

73 4150 106 4200 μὶ
139 4145 386 4216 τηρεῖν
420 4139 570 4209 αύτῷ
591 4137 1018 4206 κατασχεθέντα,
1040 4135 1146 4198 ἕως
1169 4134 1236 4188 ἂν
1270 4135 1470 4206 φθάσῃ.
1491 4134 1660 4188 Τοῦτο

93 4229 210 4283 καὶ
245 4225 455 4298 ἡμεῖς
483 4221 727 4290 ποιῶμεν
747 4235 762 4248 '
795 4219 888 4272 καὶ
923 4219 1052 4271 ὅταν
1080 4218 1234 4272 αὐτοὶ
1266 4218 1340 4289 μὴ
1371 4219 1661 4288 φθάνωμεν

73 4332 101 4366 ν
148 4311 463 4380 ἀγάπην,
515 4305 643 4368 τοὺς
691 4303 859 4371 ἐγγὺς
915 4301 1076 4363 ὄντας
1123 4300 1293 4370 αὐτῆς
1348 4299 1662 4370 κελεύωμεν

75 4379 306 4467 τέχειν
336 4389 554 4458 αὐτὴν,
590 4387 695 4449 ἕως
723 4386 789 4440 ἂν
822 4384 1120 4456 φθάσωμεν
1153 4383 1290 4454 πρὸς
1318 4385 1517 4455 αὐτήν·
1543 4379 1663 4438 εἶτα

73 4480 256 4534 ειδὰν
323 4469 764 4541 ἐπιλαθώμεθα,
815 4469 1006 4538 μηκέτ’
1063 4467 1293 4538 ἀφῶμεν
1331 4468 1524 4538 αὐτὴν,
1573 4469 1662 4520 ἵνα

119 4561 338 4616 πάλιν
397 4557 553 4625 ἡμᾶς
597 4553 854 4625 διαφύγῃ.
885 4552 1134 4623 Συνεχῶς
1181 4553 1290 4622 γάρ
1339 4551 1496 4622 ἡμῶν
1525 4553 1661 4605 ἀπο-

73 4649 176 4717 εᾷ,
249 4637 492 4708 ἐπειδὴ
524 4637 625 4691 οὐκ
667 4639 748 4698 είς
793 4637 911 4690 δέον
957 4637 1094 4706 αὐτῇ
1141 4633 1476 4707 κεχρήμεθα,
1527 4635 1662 4689 ἀλλά

73 4746 194 4781 πα,
255 4721 481 4792 αὐτῆς
538 4719 912 4790 προτιμῶμεν.
964 4719 1064 4771 Διά
1117 4718 1275 4772 τοῦτο
1329 4719 1508 4772 πάντα
1555 4719 1659 4788 χρὴ

73 4815 210 4875 εἴν,
259 4807 458 4861 ὥστε
502 4803 674 4873 αὐτὴν
699 4801 837 4872 μετά
874 4800 1157 4870 ἀκριϐείας
1186 4803 1496 4870 κατασχεῖν.
1533 4800 1660 4855 Ἐάν

73 4916 90 4948 ›
144 4892 376 4948 τοῦτο
435 4887 682 4956 γένηται,
733 4883 855 4938 ούδέ
883 4883 1076 4937 πολλοῦ
1101 4884 1182 4936 δεῖ
1205 4884 1367 4937 πόνου
1397 4885 1527 4955 ἡμῖν
1554 4884 1662 4937 λοι-

73 4999 103 5044 ι,
169 4973 457 5048 μᾶλλον
481 4969 539 5022 δὲ
581 4967 701 5020 ούδέ
729 4967 824 5020 τοῦ
873 4967 1144 5037 τυχόντος,
1185 4964 1662 5048 ἀλλάτρυφῶντες

122 5047 716 5126 πανηγυρίζοντες,
759 5050 858 5120 τὴν
915 5049 1107 5119 στενὴν
1156 5048 1256 5118 τῆς
1310 5047 1510 5122 ἀρετῆς
1546 5049 1663 5102 ὁδὸν

80 5144 184 5195 ιο-ζη
202 5139 442 5212 μεοα.
487 5136 577 5189 Διό
608 5152 762 5207 φησι,
794 5131 1036 5187 Διώκετε
1062 5132 1272 5197 αὑτήν.
1308 5129 1440 5185 Εἶτα
1477 5134 1562 5186 ἵνα
1591 5132 1665 5204 μὴ

75 5229 384 5284 ίσωσιν,
439 5218 524 5271 ὅτι
560 5218 648 5271 διὰ
690 5216 848 5270 τοῦτο
875 5217 966 5269 τὸν
997 5216 1096 5286 τῆς
1143 5217 1362 5286 ἀγάπης
1401 5217 1666 5286 εἰσήγαγε

73 5329 175 5369 ον,
221 5307 354 5359 ἵνα,
417 5300 598 5372 σϐέσῃ
625 5300 695 5355 τὰ
737 5299 1070 5371 χαρίσματα,
1108 5298 1519 5367 ἐπάγει).ἐγων’
1551 5302 1667 5366 Ζη-

81 5409 170 5447 τε
208 5387 313 5444 δὲ
367 5383 472 5438 τὰ
505 5381 895 5451 πνευματικὰ,
931 5380 1172 5451 μᾶλλον
1210 5381 1278 5434 δὲ
1303 5383 1404 5435 ἵνα
1429 5381 1671 5451 πρῶφη-

73 5491 244 5540 uta.
314 5470 418 5521 ὀ
480 5467 588 5535 γὰρ
620 5465 830 5520 λαλῶν
871 5464 1144 5535 γλώσσῃ,
1183 5467 1296 5518 οὐκ
1337 5464 1669 5532 ἀνθρώποις

73 5557 189 5615 ἐἶ.
236 5549 482 5610 ἀλλὰ
502 5550 577 5614 τῷ
600 5549 747 5615 Θεῷ·
773 5549 971 5615 οὐδεὶς
992 5548 1101 5618 γὰρ
1121 5548 1346 5602 ἀκούει·
1374 5550 1671 5617 Πνεύματι

74 5621 318 5696 tals?
345 5633 723 5706 μυστήρια·
755 5636 786 5688 ὁ
812 5631 879 5686 δὲ
906 5633 1318 5703 προφητεύων,
1342 5631 1670 5704 ἀνθρώποις

1760 3299 1939 3354 λαλεῖ
1951 3299 2278 3369 οἰκοδομὴν
2299 3300 2396 3354 καὶ
2417 3299 2804 3368 παράκλησιν
2821 3302 2917 3355 καὶ
2938 3305 3336 3373 παραμυθίαν.

1761 3383 2057 3454 Σύγκρισιν
2087 3383 2318 3437 ἐνταῦθα
2343 3382 2528 3437 λοιπὸν
2565 3387 2800 3438 ποιεῖται
2828 3386 2938 3439 τῶν
2964 3389 3338 3457 χαρισμάτων,

1759 3467 1855 3520 καὶ
1883 3466 2136 3537 καθαιρεῖ
2161 3466 2222 3520 τὸ
2259 3466 2366 3520 τῶν
2395 3465 2678 3534 γλωσσῶν,
2702 3466 2827 3520 οὔτε
2866 3469 3043 3539 πάντη
3067 3469 3340 3540 ἄχρηστον

1758 3550 1993 3614 δεικνὺς,
2023 3549 2146 3604 οὔτε
2177 3550 2384 3622 σφόδρα
2416 3550 2690 3620 ὠφέλιμον
2719 3549 2841 3603 καθ’
2885 3551 3068 3604 ἐαυτό.
3094 3552 3206 3604 Καὶ
3233 3553 3342 3624 γάρ

1761 3633 1968 3704 σφόδρα
2007 3634 2100 3688 ἐπὶ⁸
2131 3633 2308 3702 τούτῳ
2336 3632 2635 3702 ἐφυσῶντο,
2666 3632 2852 3702 ἐπειδὴ
2893 3633 2988 3688 καὶ⁷
3028 3635 3172 3704 μέγα
3203 3629 3343 3690 εἶναι

1756 3721 1819 3772 τὸ
1844 3719 2091 3788 χάρισμα
2125 3717 2424 3787 ἐνομίζετο.
2471 3717 2783 3788 Ἐνομίζετο
2819 3718 2875 3771 δὲ
2908 3719 2978 3788 μέ
2991 3736 3053 3784 (α
3082 3715 3223 3773 εἶναι
3256 3719 3344 3774 διὰ

1758 3803 1819 3854 τὸ
1845 3801 2062 3871 πρῶτον
2091 3800 2224 3852 αὐτὸ
2248 3800 2372 3862 τοὺς
2395 3800 2728 3863 ἀποστόλους
2758 3800 3060 3871 εἰληφέναι,
3086 3801 3178 3855 καὶ
3207 3805 3345 3872 μετὰ

1758 3883 2025 3954 τοσαύτης
2069 3882 2402 3949 ἐπιδείξεως.
2449 3884 2525 3936 Ού
2567 3883 2674 3954 μὴν
2707 3883 2795 3936 διὰ
2837 3883 2996 3936 τοῦτό
3025 3884 3132 3938 τῶν
3169 3885 3344 3939 ἀλλων

1760 3967 2155 4039 προτιμότερον
2197 3962 2289 4036 ἦν.
2335 3965 2492 4028 Τίνος
2525 3961 2620 4018 οὖν
2649 3966 2836 4019 ἕνεκεν
2879 3968 2986 4038 πρὸ
3014 3967 3120 4020 τῶν
3169 3969 3344 4024 ἄλλων

1759 4051 1952 4104 ἔλαϐον
1999 4050 2133 4104 αὐτὸ
2165 4051 2213 4102 οἱ
2259 4049 2580 4112 ἀπόστολοι;
2625 4049 2844 4125 Ἐπειδὴ
2885 4051 3165 4123 πανταχοῦ
3197 4053 3346 4124 διέρο

1761 4135 1950 4206 χεσθαι
1995 4133 2236 4203 ἔμελλον.
2288 4131 2397 4184 Καὶ
2436 4131 2628 4203 ὥσπερ
2658 4133 2714 4184 ἐν
2743 4130 2820 4202 τῷ
2848 4134 3023 4203 καιρῴ
3055 4134 3152 4200 τῆς
3200 4151 3343 4206 πυρ..

1761 4218 2011 4284 γοποιίας
2045 4217 2080 4285 ἠ
2116 4216 2215 4284 μία
2241 4215 2453 4283 γλῶττα
2485 4215 2565 4276 εἰς
2605 4214 2803 4279 πολλάς
2836 4215 3141 4286 διετέμνετο
3162 4235 3173 4247 ·
3202 4217 3346 4271 οὕτω

1761 4301 1880 4353 τότε
1907 4301 1962 4351 αἱ
1992 4298 2184 4350 πολλαὶ
2209 4298 2466 4359 πολλάκις
2492 4299 2568 4360 είς
2594 4298 2690 4354 ἕνα
2721 4298 3011 4372 ἄνθρωπον
3033 4299 3220 4370 ᾔεσαν,
3247 4303 3345 4356 καὶ

1761 4388 1789 4439 ό
1837 4383 1997 4446 αὐτὸς
2047 4381 2142 4435 καὶ
2187 4383 2250 4451 τῇ
2305 4380 2530 4452 Περσῶν
2575 4382 2668 4434 καὶ
2707 4384 2774 4452 τῇ
2823 4382 3108 4452 Ῥωμαίων
3149 4384 3243 4436 καὶ
3274 4387 3341 4456 τῇ

1775 4466 1954 4522 Ἰνδῶν
1980 4467 2074 4519 καὶ
2102 4465 2316 4536 ἑτέραις
2361 4464 2582 4528 πολλαῖς
2617 4465 2888 4534 διελέγετο
2921 4467 3208 4536 γλῶτταις,
3248 4469 3342 4522 τοῦ

1767 4550 1908 4604 Πνεύ
1918 4565 2085 4621 ματος
2103 4547 2420 4620 ἐνηχοῦντος
2441 4547 2587 4618 αὐτῷ
2605 4564 2618 4576 ·
2643 4548 2814 4600 καὶτὸ
2835 4549 3077 4623 χάρισμα
3099 4550 3342 4605 ἐκαλεῖτο

1767 4633 2012 4704 χάρισμα
2063 4630 2340 4698 γλωττῶν,
2384 4629 2570 4701 ἐπειδὴ
2605 4629 2826 4692 πολλαῖς
2876 4631 3071 4702 ἁθρόον
3122 4633 3341 4687 ἐδύνατο

1764 4716 1945 4769 λαλεῖν
1975 4717 2195 4783 φωναῖς.
2239 4714 2382 4784 Ὅρα
2424 4712 2603 4767 τοίνυν
2633 4713 2752 4777 πῶς
2797 4715 2928 4767 αὐτὸ
2958 4717 3054 4769 καὶ
3086 4716 3342 4789 καθαιρεῖ

1763 4799 1863 4854 *καὶ⁴
1894 4799 2127 4868 ἐπαίρει.
2172 4796 2261 4868 Τῷ
2294 4796 2394 4867 μὲν
2428 4798 2536 4867 γάρ
2585 4799 2777 4861 εἰπεῖν,
2822 4798 2878 4850 '0
2906 4797 3113 4852 λαλῶν
3143 4800 3342 4866 γλώσ-

1766 4897 1927 4948 σαις,
1967 4883 2079 4935 οὐκ
2121 4878 2453 4947 ἀνθρώποις
2495 4879 2688 4943 λαλεῖ,
2745 4879 2908 4934 ἀλλὰ
2948 4881 3100 4947 Θεῷ·
3146 4885 3346 4950 οὐδείς

1765 4965 1878 5035 γὰρ
1911 4965 2136 5026 ἀκούει,
2160 4963 2400 5025 καθεῖλε,
2425 4959 2607 5026 δείξας
2635 4963 2695 5015 οὐ
2725 4963 2860 5016 πολὺ
2886 4962 2947 5016 τὸ
2971 4966 3240 5035 χρήσιμον
3265 4968 3342 5020 δν·

1765 5047 1844 5119 τῷ
1871 5048 1928 5100 δέ
1955 5047 2202 5115 ἐπάγειν,
2230 5045 2312 5098 ὅτι
2344 5045 2644 5113 Πνεύματι
2685 5045 2867 5099 λα.λεῖ
2880 5047 3202 5115 μυστήρια,
3240 5051 3346 5102 πάι

1766 5132 1849 5184 λιν
1876 5131 2100 5201 ἐπῆρεν,
2131 5129 2218 5182 ἵνα
2250 5127 2324 5199 μὴ
2346 5127 2597 5197 περιττὸν
2630 5124 2770 5181 εἶναι
2797 5127 2922 5200 δόξῃ
2950 5131 3044 5183 καὶ
3073 5129 3347 5201 ἄχρηστον

1767 5216 1862 5269 καὶ
1891 5215 2012 5282 εἰκῆ
2040 5210 2340 5282 δεδομένον.
2381 5210 2445 5262 '0
2474 5210 2542 5263 δὲ
2569 5212 2980 5280 προφητεύων,
3013 5213 3347 5280 ἀνθρώποις

1769 5297 1950 5353 λαλεῖ
1993 5295 2318 5364 οἰκοδομὴν
2363 5293 2461 5348 καὶ
2507 5292 2896 5361 παράκλησιν
2936 5295 3034 5349 καί
3079 5310 3345 5365 παραμυ·

1769 5383 1927 5434 θίαν.
1977 5375 2128 5441 Εἶδες
2168 5378 2330 5432 πόθεν
2375 5377 2436 5431 τὸ
2460 5373 2738 5450 ἐξαίρετον
2790 5377 3031 5432 δείκνυσι
3069 5378 3161 5432 τοῦ
3191 5380 3348 5450 χαρίν

1772 5481 1978 5533 σματος
2019 5462 2230 5524 τούτου.
2283 5461 2390 5516 ἀπὺ
2440 5461 2534 5516 τοῦ
2586 5465 2738 5532 κοινῇ
2789 5463 3191 5534 συμφέροντος,
3249 5465 3348 5516 καὶ

1772 5549 1889 5610 πῶς
1918 5547 2192 5619 πανταχοῦ
2230 5547 2386 5601 τοῦτο
2419 5548 2660 5618 προτιμᾷ
2684 5547 2746 5600 τὸ
2773 5549 2853 5611 είς
2885 5547 2981 5617 τὴν
3007 5546 3113 5599 τῶν
3141 5546 3348 5599 πολλῶν

1771 5632 2036 5702 ὠφέλειαν
2084 5632 2401 5704 γινόμενον;
2465 5631 2692 5685 Ἐκεῖνοι
2735 5631 2844 5702 γάρ
2895 5632 2991 5684 οὐκ
3043 5629 3350 5702 ἀνθρώποις
