3802 6214
156 318 236 381 297
1069 289 1135 347 ΙΝ
1172 284 1388 343 ΕΡΙΞΤ.
1421 281 1597 341 Law
1630 303 1665 335 ι.

1826 282 2075 341 iwhiiL.
2099 288 2318 347 hami.

121 400 276 511 ’ροιιειι
293 420 407 498 quod
437 420 495 476 ﬁt
524 416 591 474 ad
640 412 930 511 multorum
978 396 1652 511 utilitatemhI-lli‘c‘n‘i‘ﬁ?

152 495 319 600 quam,
359 529 527 571 annon
579 510 871 600 loquuntur
912 498 1263 600 hominibus?
1312 495 1654 600 ALoquuntur,

148 589 218 677 s'ed
256 627 339 669 non
378 607 534 663 talem
576 599 983 659 aediﬁcationem
1031 602 1089 651 et
1132 589 1563 649 exhortationem
1603 593 1659 641 et

145 706 517 771 consolationem.

196 795 439 868 Propltetia:
464 792 652 846 denunt
678 786 814 841 dono
839 784 1128 853 linguarum
1154 774 1660 868 prmtat.—-Quam-

140 867 291 953 obrem
325 904 350 943 a
385 884 584 957 Spiritu
624 880 840 952 quidem
888 875 1057 931 teneri
1100 885 1156 929 et
1184 872 1370 943 agitari
1401 878 1501 970 est.
1524 867 1660 970 ulri-

136 1002 221 1057 que
242 992 494 1038 commune
515 1016 531 1041 ,
564 981 620 1030 et
642 972 693 1027 ei
719 970 808 1041 qui
837 968 1125 1039 prophetat
1143 1005 1158 1029 ,
1186 973 1242 1019 et
1265 963 1313 1017 ei
1344 964 1436 1031 qui
1466 961 1662 1065 linguis

137 1075 367 1148 loquitur:
396 1070 449 1125 in
477 1069 580 1122 hoc
604 1073 782 1120 autem
810 1066 1030 1133 prmstat
1072 1058 1209 1128 ipse,
1237 1069 1452 1148 nempe
1486 1058 1535 1109 is
1555 1058 1661 1148 _qui

133 1144 408 1242 prophetat,
434 1157 576 1231 quod
606 1156 678 1213 sit
700 1155 862 1210 etiam
892 1151 1041 1205 utilis
1068 1149 1134 1204 iis
1156 1147 1245 1242 qui
1274 1145 1532 1242 audiunt:
1555 1144 1663 1242 ldos

133 1235 249 1320 enim
272 1255 349 1327 qui
374 1253 565 1323 linguis
590 1247 964 1319 loquebantur,
995 1257 1102 1298 non
1132 1240 1419 1295 audiebant
1444 1237 1534 1308 qui
1562 1235 1664 1327 do-

128 1367 234 1409 num
263 1326 354 1403 nou
385 1342 670 1399 habebant.
706 1337 842 1406 Quid
872 1334 1037 1391 vero?
1077 1333 1156 1388 illi
1188 1330 1464 1386 nullumne
1492 1326 1665 1382 indili-

126 1439 326 1502 cabant?
349 1436 526 1501 Certe,
551 1432 743 1503 inquit,
770 1429 979 1499 seipsos
1002 1426 1185 1481 solos:
1212 1431 1267 1479 et
1289 1421 1411 1477 ideo
1439 1418 1664 1489 subjun-

122 1539 220 1609 git,
248 1534 297 1589 4.
327 1530 420 1596 Qui
448 1527 669 1599 loquitur
697 1525 905 1595 lingua,
941 1518 1267 1588 semetipsum
1310 1514 1555 1609 aedificat.
1601 1511 1667 1609 ιξι

121 1601 381 1700 quomodo,
415 1621 458 1675 si
487 1620 660 1675 nescit
684 1630 803 1687 quae
831 1613 993 1669 dicit?
1028 1609 1134 1666 Sed
1165 1622 1312 1700 nunc
1336 1604 1569 1700 loquitur
1598 1601 1668 1658 de

116 1696 203 1785 iis,
232 1718 318 1789 qui
341 1715 514 1770 sciunt
539 1726 659 1782 quae
687 1709 908 1771 dicunt,
949 1704 1039 1774 qui
1066 1702 1166 1772 ipsi
1193 1699 1405 1771 quidem
1451 1696 1663 1761 sciunt,

116 1811 338 1869 nesciunt
362 1816 539 1861 autem
565 1802 686 1857 aliis
718 1798 1021 1856 enuntiare.
1057 1795 1156 1862 Qui
1186 1803 1350 1847 autem
1376 1790 1664 1864 praplietat,

109 1901 374 1959 Ecclesium
410 1896 655 1964 azdiﬁcat.
714 1892 986 1961 Quantum
1028 1896 1206 1942 autem
1256 1886 1483 1940 interest
1530 1882 1669 1936 inter

109 2008 262 2050 llllllm
301 1998 355 2047 et
396 1987 731 2051 Ecclesiam,
782 1990 927 2037 tanta
956 1988 1040 2035 est
1085 1978 1225 2033 inter
1253 1977 1393 2030 hunc
1422 1984 1477 2030 et
1518 1974 1670 2028 illum

106 2082 412 2143 diﬁ‘erentia.
443 2078 693 2135 Vidistin’
728 2076 847 2145 ejus
873 2072 1193 2144 sapientiam
1218 2111 1233 2137 ,
1269 2067 1540 2139 quomodo
1568 2068 1672 2122 do-

104 2195 221 2238 num
258 2190 365 2232 non
403 2173 613 2243 redigat
641 2171 693 2225 in
739 2168 1001 2231 nihilum,
1042 2163 1137 2219 sed
1173 2161 1422 2217 ostendat
1470 2159 1671 2214 habere

100 2273 308 2344 quidem
334 2270 571 2328 lucrum,
602 2263 696 2319 sed
746 2275 989 2332 parvum,
1031 2267 1086 2314 et
1123 2256 1264 2327 quod
1308 2255 1357 2312 ei
1384 2254 1554 2310 solum
1583 2254 1673 2323 qui

98 2363 331 2437 possidet
370 2357 638 2415 sufﬁciat?
668 2353 872 2411 Deinde
902 2368 971 2406 ne
1014 2351 1386 2406 existimarent
1413 2346 1553 2418 quod
1594 2346 1674 2401 eis

93 2455 334 2513 invidens
374 2451 585 2520 linguas
618 2446 884 2517 deprimat
913 2443 1120 2515 (plures
1144 2441 1287 2496 enim
1315 2454 1379 2494 ex
1411 2438 1474 2493 iis
1506 2436 1673 2491 habe-

89 2551 216 2605 bant
241 2546 349 2600 hoc
390 2539 613 2610 donum)
638 2580 654 2605 ,
683 2536 1042 2606 suspicionem
1070 2546 1257 2587 eorum
1284 2529 1560 2599 corrigens
1587 2526 1673 2581 di-

87 2642 155 2696 cit
188 2660 201 2694 :
232 2638 288 2693 5.
332 2634 459 2689 Volo
484 2642 650 2686 autem
675 2644 848 2683 omnes
880 2642 966 2681 vos
992 2626 1128 2696 loqui
1157 2623 1365 2694 linguis,
1389 2622 1552 2692 magis
1574 2636 1672 2673 au-

80 2742 178 2784 tem
211 2727 545 2798 praphetare.
589 2720 729 2775 Nam
754 2720 922 2789 major
954 2725 1026 2771 est
1062 2716 1150 2785 qui
1186 2713 1494 2783 prophetat,
1523 2726 1675 2780 quam

80 2824 164 2895 qui
193 2819 430 2891 loquitur
460 2813 644 2885 linguis
662 2852 678 2880 ,
708 2811 806 2864 nisi
840 2812 967 2881 forte
994 2809 1348 2877 interpretetur
1367 2844 1382 2871 ,
1409 2812 1464 2856 ut
1492 2802 1676 2856 Eccle-

71 2919 151 2971 sia
178 2911 585 2980 tediﬁcationem
613 2905 847 2975 accipiat.
887 2901 1051 2971 Magis
1079 2908 1257 2955 autem
1285 2907 1340 2953 et
1365 2897 1541 2951 minus
1566 2910 1674 2950 non

73 3016 200 3063 sunt
229 3021 301 3061 ex
334 3000 662 3064 contrariis,
694 2997 787 3053 sed
816 3012 879 3051 ex
912 2995 976 3049 iis
1006 3009 1125 3062 qua:
1155 2998 1496 3058 exsuperant.

136 3099 196 3152 2.
242 3094 625 3165 Quamobrem
665 3090 790 3145 hinc
819 3100 1031 3158 quoque
1059 3094 1139 3139 est
1168 3082 1509 3153 perspicuum
1536 3080 1677 3151 quod

70 3190 275 3245 donum
340 3201 457 3241 non
508 3184 792 3252 vituperet,
850 3177 944 3234 sed
1000 3191 1095 3233 eos
1140 3176 1297 3231 ducat
1325 3175 1390 3229 ad
1432 3173 1672 3240 meliora,

66 3280 381 3337 ostendens
413 3291 470 3333 et
499 3290 658 3346 quam
690 3287 877 3328 eorum
919 3284 1102 3325 curam
1142 3276 1326 3338 gerat,
1360 3275 1415 3322 et
1440 3266 1676 3320 animum

70 3375 126 3428 ib
153 3372 320 3427 omni
372 3368 576 3424 invidia
618 3366 871 3421 liberum.
917 3362 1103 3433 Neque
1133 3362 1274 3415 enim
1320 3360 1455 3415 dixit
1485 3378 1498 3412 :
1532 3358 1678 3413 Duos

65 3477 144 3521 tut
174 3477 328 3531 tres,
365 3462 493 3528 sed,
532 3459 631 3514 Vos
656 3475 827 3513 omnes
846 3457 958 3511 volo
979 3456 1165 3526 linguis
1186 3454 1322 3523 loqui
1343 3469 1361 3507 :
1384 3466 1557 3522 neque
1577 3450 1679 3506 hoc

79 3560 238 3613 olum
269 3599 288 3623 ,
344 3554 455 3610 sed
485 3552 646 3609 etiam
676 3550 997 3621 prOphetare
1036 3564 1049 3601 :
1087 3554 1143 3602 et
1179 3546 1280 3600 hoc
1320 3546 1488 3615 magis
1518 3556 1677 3614 quam

66 3649 230 3714 llud;
270 3646 475 3716 major
505 3652 588 3698 est
613 3643 755 3698 enim
787 3640 875 3712 qui
906 3638 1207 3710 pr0phetat.
1239 3635 1368 3690 Nam
1399 3643 1677 3705 postquam

68 3742 93 3796 1
124 3737 516 3795 confirmavit
540 3744 595 3790 et
622 3732 1030 3794 demonstravit,
1052 3740 1175 3784 tunc
1200 3728 1268 3783 de
1295 3735 1494 3782 caetero
1521 3726 1680 3781 etiam

70 3832 426 3896 ronumiat,
458 3842 565 3882 non
590 3836 767 3880 tamen
794 3824 1057 3887 absolute,
1084 3820 1178 3877 sed
1203 3836 1324 3875 cum
1345 3818 1681 3889 adjectione:

67 3924 359 3993 ubjunxit
395 3920 571 3985 enim,
606 3918 726 3973 Nisi
752 3917 883 3986 forte
908 3917 1301 3987 interpretetur;
1327 3914 1396 3967 ita
1418 3922 1478 3966 ut
1509 3913 1552 3966 si
1580 3911 1684 3965 hoc

67 4017 220 4071 assit
246 4057 267 4081 ,
328 4012 701 4083 interpretari
730 4011 874 4077 dico,
916 4023 1013 4078 par
1049 4010 1119 4064 sit
1146 4009 1439 4080 prephetae,
1483 4005 1680 4076 inquit,

65 4109 329 4161 unniam
368 4113 515 4160 sunt
551 4103 703 4158 multi
726 4102 816 4173 qui
850 4102 1150 4173 percipiunt
1176 4102 1461 4157 utilitatem
1496 4118 1511 4155 :
1541 4100 1685 4172 quod

68 4198 299 4251 .‘axime
331 4202 445 4250 est
475 4192 868 4248 observandum
892 4234 908 4259 ,
952 4192 1220 4263 quomodo
1251 4193 1352 4247 hoc
1389 4207 1485 4262 per
1509 4192 1688 4247 omnia

66 4300 156 4346 ite
194 4291 335 4345 alia
376 4287 655 4357 requirat.
681 4286 734 4341 6.
766 4285 921 4340 Nunc
946 4296 1137 4352 autem,
1167 4290 1384 4357 fratres,
1425 4288 1470 4341 si
1510 4304 1689 4342 venero

67 4386 85 4437 l
126 4400 239 4438 vos
296 4381 532 4452 linguis
558 4381 767 4451 loquens
787 4420 802 4446 ,
829 4382 951 4451 quid
986 4381 1122 4435 vobis
1156 4381 1369 4451 prodero
1390 4422 1406 4447 ,
1434 4382 1533 4436 nisi
1554 4382 1691 4436 vobis

64 4497 221 4549 (μιαν
246 4485 374 4531 aut
408 4475 477 4529 in
497 4474 819 4542 reuelatione,
847 4484 934 4529 aut
958 4475 1011 4528 in
1034 4476 1262 4543 scientia,
1286 4488 1375 4530 aut
1394 4476 1448 4531 in
1477 4476 1694 4547 praphe-

67 4591 104 4637 ι,
145 4580 262 4626 aut
293 4570 371 4623 in
398 4566 693 4621 doctrina?
720 4567 786 4621 Et
822 4565 971 4637 quid,
1012 4566 1201 4637 inquit,
1245 4567 1367 4622 dico
1410 4569 1583 4622 alios?
1610 4567 1694 4624 Sit

72 4666 164 4718 im
178 4706 198 4732 ,
234 4660 500 4731 inquit,
525 4658 616 4730 qui
640 4658 833 4728 linguis
855 4658 1087 4728 loquitur
1106 4658 1298 4717 Paullus
1323 4676 1336 4712 :
1360 4674 1534 4731 neque
1550 4662 1692 4716 enim

66 4775 77 4810 ι
114 4754 510 4827 quidquam
543 4750 739 4806 redibit
765 4750 1109 4805 emolumenti
1139 4750 1205 4805 ad
1248 4751 1540 4807 auditores.
1570 4752 1698 4807 Haec

59 4860 201 4904 tem
230 4845 457 4907 dicit,
479 4842 767 4898 ostendens
789 4856 848 4897 se
872 4841 923 4897 id
942 4858 1183 4913 quaerere
1203 4844 1343 4913 quod
1364 4844 1528 4900 siteis
1543 4845 1697 4901 utile:

64 4960 102 4993 η
137 4950 403 4995 autem
440 4936 577 4990 odio
606 4935 804 4991 habere
832 4951 927 4992 eos
970 4937 1060 5008 qui
1104 4938 1369 4993 charisma
1399 4939 1698 5009 possident,

56 5052 112 5089 vn
161 5048 262 5088 ne
308 5032 391 5085 in
434 5028 666 5097 propria
691 5027 903 5098 quidem
929 5043 1157 5097 persona
1179 5037 1391 5085 recuset
1416 5028 1703 5085 ostendere

76 5141 256 5181 esse
302 5121 573 5177 inutile.
601 5119 830 5191 Semper
868 5129 1044 5176 autem
1089 5122 1143 5175 in
1184 5122 1266 5177 sui
1312 5137 1539 5192 persona
1583 5138 1703 5193 qua:

54 5228 110 5273 ιι
150 5215 440 5289 gravia
484 5220 538 5267 et
562 5212 787 5268 molesta
815 5213 1016 5283 agitat,
1048 5213 1185 5267 sicut
1209 5213 1420 5268 dicebat
1458 5214 1510 5267 in
1554 5217 1704 5283 prin-

60 5313 131 5363 io
170 5303 535 5378 epistola:
564 5320 578 5358 :
611 5304 738 5371 Quis
763 5314 833 5358 est
865 5303 1102 5358 Paulus?
1125 5304 1238 5373 quis
1256 5312 1331 5358 est
1354 5304 1535 5374 Apollo
1552 5307 1577 5360 ί)
1594 5306 1707 5376 quis

51 5404 217 5457 1/108
257 5398 340 5471 (ί
362 5436 384 5451 .
442 5393 583 5448 Cor.
608 5396 663 5451 3.
689 5396 787 5466 4)?
813 5394 964 5461 Quod
993 5395 1206 5465 quidem
1238 5394 1323 5450 hic
1342 5410 1553 5466 quoque
1581 5395 1709 5451 facit

54 5512 198 5551 ens
245 5512 268 5549 :
324 5489 415 5546 Ν
416 5507 462 5544 e
498 5487 634 5542 vobis
660 5489 859 5557 quidem
878 5490 1116 5558 prodero,
1148 5488 1245 5541 nisi
1269 5488 1403 5542 vobis
1426 5489 1603 5559 loquar
1624 5498 1711 5542 aut

52 5586 517 5644 -evela:ione
534 5624 548 5647 ,
569 5592 656 5635 aut
685 5583 738 5635 in
772 5582 1057 5653 prop/retia,
1084 5591 1171 5634 aut
1200 5582 1250 5634 in
1277 5583 1483 5637 scientia
1502 5622 1517 5647 ,
1547 5593 1633 5636 aut
1659 5583 1713 5636 in

56 5683 299 5735 trina.
358 5674 537 5731 Hoc
571 5682 749 5729 autem
793 5673 907 5728 vult
953 5672 1257 5743 signiﬁcare
1304 5693 1316 5729 :
1361 5674 1470 5729 Nisi
1512 5675 1711 5744 aliquid

52 5789 224 5845 ero,
273 5764 521 5844 quod
558 5780 585 5821 a
614 5762 774 5823 vobis
795 5764 949 5822 facile
977 5766 1143 5837 possit
1171 5764 1288 5835 capi
1313 5773 1367 5821 et
1397 5768 1561 5837 possit
1587 5782 1706 5824 esse

3175 278 3179 282 ’
3248 300 3351 354 eos

1764 398 2132 471 manifestum,
2182 405 2277 460 sed
2327 415 2530 463 tantum
2562 410 2851 467 ostendero
2894 430 2980 469 me
3009 413 3208 471 habere
3247 417 3349 471 do-

1764 505 1892 545 num
1924 494 2246 563 linguarum,
2281 496 2498 555 abibitis
2529 502 2676 556 nullo
2708 503 2858 560 lucro
2887 505 3026 561 facto
3057 523 3122 563 ex
3156 511 3349 581 linguis

1764 597 1900 653 quas
1927 585 2172 642 audistis.
2205 588 2343 655 Quid
2369 591 2512 646 enim
2551 594 2682 649 lucri
2725 611 2789 651 ex
2837 613 3007 665 voce,
3044 615 3200 672 quam
3245 620 3351 658 non

1765 673 2099 746 intelligitis?
2121 680 2174 733 7.
2200 679 2387 736 Tamen
2412 700 2526 754 qua:
2546 686 2655 740 sine
2675 689 2845 742 anima
2864 700 2979 744 sunt
3000 708 3167 747 vocem
3198 695 3351 748 σέση-

1768 768 1860 831 tia,
1891 768 1995 824 sive
2022 770 2143 824 tibia
2179 773 2282 827 sive
2304 774 2499 829 cithara
2520 818 2535 845 ,
2562 780 2666 834 sive
2686 780 3059 837 distinctionem
3096 788 3354 841 sonituum

1768 859 2013 927 dederint,
2044 865 2293 933 quomodo
2328 869 2515 922 scietur
2554 869 2609 923 id
2646 872 2784 941 quod
2811 875 3013 928 canitur
3035 886 3123 931 aut
3145 879 3356 933 cit/tari-

1768 960 1913 1004 zatur
1933 952 1959 1005 ?
1986 952 2054 1008 Et
2080 954 2205 1025 quid
2235 955 2355 1011 dico
2378 998 2392 1022 ,
2436 958 2645 1029 inquit,
2687 961 2790 1018 hoc
2818 966 2956 1035 quod
2997 968 3049 1021 in
3090 969 3242 1023 nobis
3273 980 3358 1025 est

1769 1042 1900 1097 nihil
1928 1043 2059 1099 lucri
2089 1044 2301 1113 afferre,
2325 1049 2455 1104 utile
2477 1061 2655 1107 autem
2684 1069 2803 1112 esse
2820 1057 2961 1125 quod
2983 1067 3065 1113 est
3081 1059 3285 1114 clarum
3304 1071 3359 1116 et

1767 1134 1910 1203 quod
1930 1135 2083 1192 facile
2108 1140 2324 1209 capiunt
2354 1143 2658 1201 auditores?
2684 1146 2815 1203 Nam
2837 1150 2995 1205 etiam
3022 1153 3087 1207 in—
3111 1154 3358 1209 inanimis

1768 1227 1988 1282 musicae
2017 1228 2383 1286 instrumentis
2410 1234 2513 1289 hoc
2546 1236 2743 1293 videris
2772 1257 2786 1292 :
2816 1241 2928 1296 sive
2967 1242 3106 1297 enim
3134 1246 3206 1300 sit
3232 1247 3356 1301 tibia

1769 1315 1884 1370 sive
1904 1317 2128 1387 cithara,
2159 1328 2213 1375 et
2241 1336 2414 1393 neque
2435 1340 2658 1381 numero
2679 1343 2848 1399 neque
2862 1330 3136 1389 harmonia
3157 1351 3357 1393 conve-

1770 1408 1972 1478 niente,
2017 1412 2109 1466 sed
2140 1415 2359 1471 confuse
2384 1426 2438 1472 et
2464 1426 2664 1476 temere
2703 1425 2941 1492 pulsetur
2958 1439 3013 1483 et
3038 1429 3359 1501 inspiretur,

1771 1500 1973 1553 nullum
2016 1516 2080 1556 ex
2123 1502 2187 1557 iis
2239 1506 2327 1575 qui
2381 1507 2605 1564 audiunt
2644 1510 2927 1572 delectabit
2963 1533 3026 1574 ac
3070 1500 3353 1577 recreabit.

1771 1590 1903 1645 Nam
1934 1593 2094 1647 etiam
2127 1596 2178 1650 in
2211 1597 2315 1653 illis
2341 1598 2692 1661 inarticulatis
2732 1608 2907 1679 aliqua
2948 1613 3191 1670 claritate
3222 1632 3359 1688 Opus

1773 1693 1857 1738 est
1886 1693 1938 1739 et
1964 1686 2234 1743 evidentia
2280 1706 2294 1743 :
2325 1701 2381 1747 et
2408 1696 2511 1749 nisi
2538 1712 2601 1753 ex
2633 1711 2748 1759 arte
2777 1707 3072 1775 pulsaveris
3096 1724 3149 1768 et
3176 1686 3355 1771 tibiam

1775 1776 2123 1847 inSpiraveris
2144 1822 2158 1847 ,
2190 1782 2321 1839 nihil
2368 1786 2561 1843 fecisti.
2594 1791 2649 1848 Si
2675 1806 2855 1851 autem
2887 1802 3150 1872 exigimus
3173 1807 3240 1861 ab
3272 1810 3359 1864 in-

1776 1870 1970 1925 animis
2001 1880 2057 1927 ut
2101 1882 2245 1929 tanta
2287 1878 2356 1933 sit
2382 1880 2432 1934 in
2459 1883 2538 1936 eis
2566 1884 2780 1942 claritas
2809 1902 2864 1945 et
2890 1870 3164 1952 harmonia
3193 1911 3246 1956 et
3272 1904 3359 1959 di-

1780 1964 2019 2030 stinctio,
2049 1974 2102 2020 et
2129 1968 2178 2022 in
2207 1969 2315 2024 illis
2346 1988 2450 2026 non
2482 1976 2905 2045 significantibus
2932 1989 3083 2043 sonis
3112 2007 3360 2062 urgemus

1777 2065 1832 2112 et
1871 2060 2245 2116 contendimus
2273 2073 2330 2119 ut
2358 2082 2603 2137 magnam
2648 2060 2986 2142 imponamus
3015 2060 3361 2153 significatio-

1776 2164 1899 2204 nem
1934 2169 1948 2205 :
1982 2154 2150 2209 multo
2196 2157 2364 2228 magis
2413 2160 2465 2214 in
2507 2163 2753 2221 animatis
2795 2178 2850 2223 et
2888 2174 3092 2229 ratione
3126 2180 3363 2246 praeditis

1778 2240 2088 2300 hominibus
2117 2255 2168 2301 et
2210 2249 2262 2302 in
2294 2250 2448 2305 donis
2475 2252 2841 2323 spiritualibus
2870 2240 3363 2339 persequi-oportet

1779 2332 1830 2387 id
1857 2335 1995 2403 quod
2023 2346 2170 2393 recte
2198 2340 2483 2410 signiﬁcet.
2512 2345 2565 2400 8.
2606 2345 2809 2403 Etenim
2841 2353 2886 2405 si
2914 2332 3156 2412 incertam
3186 2332 3363 2419 uocem

1777 2425 1861 2479 det
1898 2425 2049 2493 tuba,
2080 2430 2192 2497 quis
2218 2433 2418 2501 parabit
2447 2452 2502 2489 se
2523 2438 2592 2491 ad
2617 2438 2803 2496 bellant
2824 2444 2851 2497 ?
2876 2448 2918 2501 A
2948 2457 3363 2519 supervacaneis

1779 2519 1921 2574 enim
1948 2520 2014 2573 ad
2042 2536 2126 2587 ea,
2159 2538 2279 2594 qua:
2308 2537 2431 2581 sunt
2459 2531 2627 2601 magis
2656 2540 2957 2594 necessaria
2989 2554 3041 2597 et
3070 2547 3240 2615 utilia,
3270 2551 3363 2607 de-

1778 2609 1926 2665 ducit
1950 2613 2282 2681 orationem;
2313 2628 2367 2671 et
2395 2620 2525 2676 dicit
2550 2624 2690 2693 quod
2718 2642 2824 2682 non
2853 2632 3021 2687 solum
3052 2636 3104 2691 in
3132 2609 3358 2710 cithara,

1778 2704 1872 2760 sed
1909 2706 2071 2761 etiam
2110 2708 2161 2764 in
2190 2709 2315 2765 tuba
2344 2714 2543 2769 videris
2574 2716 2675 2773 hoc
2702 2737 2798 2776 usu
2830 2727 3034 2783 venire.
3064 2732 3197 2789 Sum
3217 2704 3360 2796 cui";

1780 2796 1890 2853 illic
1922 2815 2135 2898 quoque
2175 2804 2450 2898 rhythmi,
2480 2818 2534 2863 et
2562 2809 2796 2869 indicant
2821 2818 3110 2889 aliquando
3145 2831 3359 2898 quidem

1780 2905 1970 2945 sonum
2004 2891 2255 2949 bellicum
2277 2936 2293 2960 ,
2323 2897 2609 2968 aliquando
2637 2918 2767 2961 vero
2792 2924 2897 2963 non
2926 2913 3115 2982 talem;
3156 2891 3211 2975 et
3248 2924 3363 2978 ali-

1781 2982 1994 3051 quando
2019 2983 2198 3039 educit
2220 2986 2273 3040 in
2299 2988 2489 3055 aciem,
2520 2992 2803 3063 aliquando
2826 3008 3006 3057 autem
3031 3020 3276 3077 revocat;
3296 3030 3362 3072 ac

1781 3074 1882 3130 nisi
1909 3076 2172 3145 quispiam
2210 3079 2312 3135 hoc
2338 3082 2516 3147 norit,
2548 3084 2601 3138 in
2628 3099 2930 3147 extremum
2963 3098 3107 3152 venit
3144 3074 3361 3169 pericu-

1781 3165 1913 3223 lum.
1942 3168 2093 3235 Quod
2116 3171 2329 3241 quidem
2358 3174 2682 3244 signiﬁcans,
2712 3189 2767 3234 et
2787 3196 3023 3241 errorem
3046 3165 3357 3266 ostendens,

1781 3257 1931 3324 dicit,
1976 3258 2101 3324 Quis
2149 3264 2346 3333 parabit
2388 3282 2442 3319 se
2486 3269 2556 3321 ad
2602 3271 2834 3329 bellant?
2859 3278 3216 3343 Quamobrem
3258 3257 3362 3349 nisi

1784 3349 1887 3405 hoc
1914 3350 2104 3407 habeat
2124 3395 2138 3419 ,
2174 3363 2339 3410 totum
2370 3360 2565 3427 perdit.
2609 3362 2674 3417 Et
2698 3366 2823 3435 quid
2851 3368 2987 3438 haec,
3018 3374 3260 3449 inquies,
3292 3387 3362 3442 ad

1783 3445 1922 3544 nos?
1963 3445 2043 3501 Ad
2095 3461 2191 3501 vos
2232 3450 2463 3506 maxime
2508 3465 2738 3524 spectat,
2779 3466 2834 3513 et
2873 3460 2998 3519 ideo
3044 3445 3361 3544 subjungit:

1784 3535 1840 3592 9.
1870 3534 1957 3590 Ita
1982 3547 2029 3591 et
2053 3554 2139 3592 vos
2158 3580 2173 3604 ,
2213 3557 2301 3608 per
2340 3542 2565 3613 linguam
2604 3548 2705 3602 nisi
2737 3554 3058 3623 manifestum
3083 3534 3364 3624 sumain".

1785 3628 2023 3684 dederitis
2043 3672 2058 3694 ,
2085 3634 2334 3701 quomodo
2359 3637 2543 3690 scietur
2576 3639 2632 3692 id
2655 3644 2793 3713 quod
2816 3645 3042 3706 dicitur?
3067 3656 3203 3711 eritis
3230 3663 3365 3716 enim

1784 3720 1838 3773 in
1860 3737 2027 3775 aerem
2051 3722 2323 3793 loquentes.
2352 3724 2464 3782 Hoc
2490 3737 2600 3795 est,
2627 3732 2757 3787 nihil
2785 3734 3065 3806 loquentes
3083 3786 3098 3811 ,
3126 3748 3254 3804 nulli
3283 3752 3365 3806 lo-

1787 3822 2034 3882 quentes.
2065 3814 2129 3869 Et
2160 3815 2355 3888 ubique
2379 3834 2491 3874 rem
2523 3824 2758 3880 ostendit
2787 3827 3044 3888 inutilem.
3072 3836 3137 3890 Et
3163 3842 3206 3893 si
3244 3842 3365 3897 inu-

1790 3903 1935 3972 tilis,
1964 3905 2173 3976 inquies
2191 3949 2207 3974 ,
2234 3922 2332 3963 cur
2356 3910 2477 3966 data
2508 3914 2630 3968 est?
2659 3915 2730 3971 Ut
2754 3919 2827 3974 sit
2853 3923 2995 3979 utilis
3020 3928 3066 3981 ei
3094 3931 3182 3998 qui
3210 3947 3367 3990 acce-

1792 3996 1868 4066 pit
1899 4014 1913 4050 :
1945 3997 1990 4051 si
2030 4009 2207 4054 autem
2248 4000 2369 4055 aliis
2394 4017 2606 4074 quoque
2632 4005 2809 4064 futura
2836 4022 2918 4068 est
2949 3996 3126 4085 utilis,
3158 4034 3370 4089 oportet

1793 4088 1930 4142 adsit
1955 4088 2346 4162 interpretatio.
2374 4094 2500 4151 Haec
2523 4106 2699 4152 autem
2727 4099 2875 4169 dicit,
2908 4120 3003 4162 eos
3031 4108 3168 4165 inter
3192 4088 3251 4167 se
3290 4115 3375 4171 in-

1792 4179 1964 4236 vicem
1991 4182 2303 4251 concilians,
2336 4193 2395 4239 ut
2441 4194 2496 4241 et
2534 4187 2579 4243 si
2628 4189 2743 4259 ipse
2784 4208 2889 4248 non
2934 4196 3129 4254 habeat
3170 4201 3383 4260 donum.

1794 4272 2218 4342 interpretandi,
2258 4286 2533 4347 assumpto
2574 4280 2744 4335 altero
2776 4284 2866 4354 qui
2896 4285 2949 4340 id
2987 4287 3198 4357 habeat,
3228 4295 3373 4363 quod

1794 4379 1951 4421 suum
1997 4376 2079 4421 est
2117 4382 2212 4437 per
2259 4368 2409 4423 illum
2453 4369 2613 4426 faciat
2650 4374 2796 4429 utile.
2848 4375 3139 4449 Propterea
3178 4383 3374 4455 ubique

1798 4458 2033 4514 ostendit
2057 4474 2172 4514 rem
2201 4474 2321 4516 esse
2347 4462 2736 4533 imperfectam,
2764 4475 2823 4522 ut
2851 4468 2996 4538 ipsos
3022 4473 3103 4526 sic
3127 4489 3230 4529 una
3256 4479 3374 4533 col-

1798 4554 1945 4626 liget.
1972 4554 2180 4610 Etenim
2207 4556 2297 4625 qui
2327 4556 2377 4611 id
2406 4556 2506 4611 sibi
2536 4557 2806 4616 existimat
2832 4562 3096 4630 sufﬁcere,
3128 4581 3234 4622 non
3266 4579 3375 4627 tam

1780 4652 1854 4707 'id
1882 4652 2061 4707 laudat
2093 4667 2251 4723 quam
2279 4654 2565 4726 deprimit,
2593 4674 2698 4714 non
2726 4661 2908 4718 sinens
2947 4664 3000 4720 id
3027 4676 3173 4724 recte
3198 4671 3381 4740 splen-

1801 4745 1933 4802 dere
1964 4761 2059 4815 per
2100 4747 2615 4818 interpretationem.
2648 4752 2933 4810 Pulchrum
2964 4759 3110 4814 enim
3151 4770 3234 4817 est
3277 4763 3381 4818 do-
3422 4752 3427 4780 θ

1804 4851 1931 4892 num
1960 4845 2012 4892 et
2043 4837 2426 4905 necessarium,
2457 4839 2552 4895 scd
2595 4848 2709 4896 tum
2751 4843 2966 4901 demum
2988 4888 3003 4913 ,
3047 4849 3096 4905 si
3136 4851 3381 4909 habuerit

1804 4944 1925 4985 eum
1959 4930 2047 5000 qui
2075 4930 2313 4986 declaret
2338 4946 2400 4987 ea
2429 4947 2549 5003 qua:
2574 4934 2842 4991 dicuntur.
2871 4936 3003 4994 Nam
3033 4940 3229 5011 digitus
3248 4959 3384 5014 quo-

1807 5036 1912 5092 que
1937 5036 2023 5075 res
2049 5031 2131 5076 est
2162 5023 2465 5078 necessaria
2484 5064 2500 5089 ,
2530 5025 2626 5079 sed
2653 5027 2866 5096 quando
2885 5044 3005 5084 eum
3033 5032 3323 5090 abduxeris
3353 5051 3384 5089 a

1808 5114 2028 5185 reliquis
2050 5153 2067 5181 ,
2105 5129 2213 5169 non
2238 5117 2339 5170 erit
2367 5131 2518 5187 teque
2549 5118 2693 5174 utilis
2720 5137 2734 5174 :
2768 5121 2894 5176 tuba
2924 5138 3134 5193 quoque
3162 5132 3247 5180 est
3287 5142 3385 5182 ne-

1809 5207 2075 5274 cessaria;
2103 5206 2197 5262 sed
2223 5207 2437 5278 quando
2468 5217 2669 5266 temere
2694 5213 2955 5276 senuerit,
2980 5223 3063 5269 est
3091 5216 3250 5271 etiam
3275 5232 3391 5272 mo-

1814 5298 1947 5353 lesta
1977 5307 2031 5352 ct
2060 5299 2257 5369 gravis.
2300 5299 2484 5371 Neque
2523 5302 2665 5356 enim
2706 5318 2794 5358 ars
2823 5306 3140 5374 apparebit,
3173 5308 3274 5363 nisi
3319 5310 3389 5364 sit

1813 5389 2053 5459 subjecta
2093 5392 2349 5456 materia;
2396 5408 2569 5463 neque
2618 5394 2934 5451 informatur
2977 5400 3197 5453 materia
3226 5440 3240 5463 ,
3292 5400 3391 5455 nisi

1816 5479 2061 5550 imposita
2104 5481 2173 5535 sit
2219 5480 2409 5536 forma.
2445 5484 2589 5539 Pone
2628 5501 2757 5555 ergo
2796 5502 2981 5542 vocem
3009 5489 3221 5558 quidem
3258 5502 3394 5544 tam-

1818 5589 1975 5644 quam
2002 5574 2320 5645 subjectum,
2342 5576 2636 5632 claritatcm
2657 5590 2832 5633 autem
2858 5590 3121 5649 tamquam
3144 5581 3392 5649 formam,

1820 5685 1940 5737 qum
1971 5669 2013 5723 si
2040 5685 2144 5723 non
2175 5668 2351 5737 adsit,
2396 5670 2620 5740 subjecti
2653 5670 2830 5726 nullus
2857 5679 2940 5725 est
2971 5686 3118 5727 usus.
3155 5673 3239 5727 lO.
3276 5672 3401 5727 Tam

1818 5767 1997 5835 ntulta,
2041 5766 2085 5820 si
2129 5763 2441 5833 contingant,
2492 5778 2673 5832 genera
2723 5763 3010 5833 linguarum
3059 5773 3170 5818 sunt
3211 5766 3262 5819 in
3309 5767 3399 5819 hoc
