3802 6320
397 354 502 410 Ξθὲ)

404 446 615 510 mundo,
651 452 698 498 et
725 440 852 495 nihil
877 440 981 493 sine
1007 453 1123 491 voce
1147 447 1236 490 cst.
1266 435 1375 488 lloe
1402 442 1506 493 est,
1537 441 1642 482 Iam
1671 423 1852 480 multm
1885 421 1989 473 liti-

402 556 538 608 ειη),
567 547 674 592 tam
702 536 884 591 multa:
907 547 1087 594 voces,
1108 527 1454 600 Scytharum,
1482 523 1769 581 Thracum,
1802 517 1993 569 [lotna-

405 648 616 693 norttm.
658 630 965 690 Persarum,
1010 624 1338 686 Maurorum,
1385 617 1661 680 lndorum,
1706 609 1992 682 Egyptio-

406 741 522 780 rum
546 765 562 790 ,
594 722 818 776 aliarum
847 717 1084 789 gentium
1117 711 1604 770 innumerabilium.
1650 707 1737 760 ll.
1779 703 1840 758 Si
1876 716 1994 772 ergo

405 818 628 873 nesciero
653 815 888 870 virtutem
917 812 1071 873 vocis,
1104 825 1189 862 ero
1215 807 1261 861 ei
1287 805 1366 858 cui
1393 803 1573 873 loquar
1595 801 1862 854 barbarus.

475 908 532 964 5.
581 905 660 962 Ne
689 903 967 960 existimes
1002 900 1147 956 enim
1175 895 1317 968 quod
1349 895 1451 948 hoc
1479 891 1654 946 solum
1686 887 1892 943 accidat
1936 886 1989 941 in

406 999 557 1054 vobis
578 1040 594 1064 ,
633 995 843 1066 inquit,
893 991 988 1047 sed
1015 991 1176 1047 etiam
1210 989 1264 1042 in
1291 983 1541 1042 omnibus
1571 982 1674 1036 hoc
1705 978 1820 1034 fieri
1851 976 2000 1032 vide-

409 1096 500 1149 iis.
534 1089 894 1161 Quamobrem
921 1085 1036 1140 haec
1067 1081 1209 1146 dico,
1257 1095 1362 1136 non
1405 1091 1590 1132 vocem
1639 1074 1950 1142 vituperans
1980 1110 1997 1136 ,

409 1185 504 1242 scd
527 1181 822 1239 ostendens
849 1193 967 1234 eam
995 1175 1126 1230 mihi
1159 1187 1280 1228 esse
1311 1169 1574 1232 inutilem,
1607 1164 1864 1237 quamdiu
1891 1177 1999 1217 non

411 1277 573 1334 fuerit
600 1277 744 1330 clara
772 1280 827 1326 et
852 1267 1158 1324 manifesta.
1190 1261 1391 1318 Deinde
1413 1275 1481 1316 ne
1506 1273 1720 1329 gravem
1744 1270 1806 1332 ac
1833 1253 2003 1308 mole-

411 1382 547 1426 stam
581 1366 770 1424 reddat
796 1361 1216 1420 accusationem,
1249 1361 1492 1424 estequat
1521 1352 1748 1414 crimen,
1777 1347 1998 1402 dicens:

418 1464 517 1522 Ille
550 1462 670 1516 mihi
717 1457 991 1519 barbarus,
1025 1463 1070 1506 et
1099 1468 1189 1522 ego
1217 1449 1294 1502 illi
1317 1464 1336 1511 ;
1365 1462 1470 1500 non
1497 1460 1571 1500 ex
1599 1453 1784 1498 natura
1814 1440 1960 1494 vocis
1983 1478 1998 1501 ,

413 1558 506 1616 sed
537 1573 600 1612 es
629 1563 809 1610 nostra
834 1545 1152 1620 ignorantia.
1181 1540 1425 1595 \‘idistin’
1452 1534 1722 1608 quomodo
1749 1531 2001 1603 paulatim

414 1649 568 1704 duxit
603 1645 670 1700 ad
717 1643 791 1709 id,
839 1638 979 1711 quod
1031 1645 1112 1690 est
1155 1641 1440 1702 cognatum
1467 1644 1530 1684 ac
1572 1627 1647 1682 rei
1680 1621 2002 1695 proprium?

415 1740 568 1809 Quod
599 1736 811 1808 quidem
857 1745 973 1786 mos
1003 1738 1084 1782 est
1115 1728 1164 1781 ei
1208 1724 1418 1787 facere,
1448 1729 1506 1774 ut
1543 1718 1787 1788 exempla
1821 1713 2004 1809 procul

416 1805 672 1894 attrahat,
704 1837 757 1882 et
788 1823 1000 1879 desinat
1026 1820 1078 1874 in
1113 1817 1163 1871 id
1191 1813 1333 1884 qttod
1374 1821 1456 1868 est
1496 1809 1738 1882 subiecto
1779 1805 2006 1876 conjun-

417 1925 555 1978 ctius
580 1929 635 1977 et
662 1917 830 1987 magis
857 1912 1154 1985 proprium.
1182 1907 1315 1963 Nam
1351 1914 1632 1976 postquam
1663 1901 1800 1956 dixit
1837 1898 1904 1954 de
1935 1899 2003 1952 ti-

417 2018 503 2073 bia
552 2023 606 2069 ct
653 2010 883 2069 cithara,
930 2005 1017 2058 ubi
1065 2001 1235 2058 multa
1280 1997 1480 2052 desunt
1507 2003 1562 2050 et
1590 1994 1756 2049 multa
1800 1990 2006 2046 inutilia

420 2116 566 2170 sunt,
600 2103 745 2159 venit
787 2098 852 2153 ad
889 2097 1090 2160 tubam,
1142 2107 1254 2147 rem
1300 2089 1570 2144 utiliorem
1593 2128 1608 2151 .
1639 2095 1695 2142 et
1721 2082 1917 2140 deinde
1939 2079 2009 2136 ad

423 2203 590 2269 ipsam
634 2208 841 2248 vocem.
891 2189 964 2243 lta
1011 2186 1173 2241 etiam
1216 2192 1396 2245 antea,
1438 2177 1654 2250 quando
1695 2175 2010 2232 versabatur

420 2266 538 2362 ejus
579 2287 750 2342 oratio
780 2284 832 2338 in
873 2296 938 2336 eo
967 2287 1026 2334 ut
1059 2274 1369 2331 ostenderet
1394 2286 1500 2326 non
1528 2283 1650 2326 esse
1681 2266 2009 2362 prohibitum

422 2355 678 2454 apostolis
704 2375 972 2443 accipere,
1000 2385 1120 2426 cum
1140 2367 1394 2436 cwpisset
1415 2362 1648 2434 primum
1669 2358 1738 2412 ab
1762 2355 2011 2454 agricolis

423 2446 479 2531 et
509 2468 813 2544 pastoribus
839 2473 894 2520 et
914 2461 1194 2524 militibus,
1221 2466 1351 2512 tunc
1375 2451 1599 2509 deduxit
1622 2450 1922 2544 orationem
1942 2446 2009 2502 ad

424 2565 478 2620 td
505 2538 646 2634 quod
677 2567 761 2615 est
791 2553 1066 2627 proposito
1107 2545 1458 2619 pr0pinquius
1482 2584 1497 2609 ,
1527 2555 1720 2634 nempe
1744 2538 1811 2594 ad
1837 2552 2015 2634 sacer-

424 2629 579 2711 dotes
603 2651 694 2722 qui
734 2654 890 2704 erant
933 2647 986 2698 in
1027 2640 1229 2697 Veteri.
1263 2637 1344 2692 Tu
1369 2644 1545 2690 autem
1576 2631 1704 2687 mihi
1734 2629 2012 2686 considera

425 2745 696 2820 quomodo
724 2741 923 2812 ubique
954 2735 1188 2791 studium
1229 2729 1473 2802 posuerit
1503 2737 1561 2782 ut
1588 2726 1786 2780 donum
1817 2722 2013 2778 libera-

427 2813 511 2894 ret
535 2838 604 2892 ab
628 2831 972 2890 accusatione
997 2869 1012 2894 ,
1058 2833 1113 2881 et
1151 2824 1358 2878 crimen
1400 2817 1676 2874 conferret
1716 2817 1767 2870 in
1799 2829 1894 2870 eos
1923 2813 2012 2883 qui

427 2932 773 2998 acceperunt.
808 2919 925 2975 Non
953 2916 1087 2971 dixit
1117 2913 1258 2970 enim
1293 2929 1305 2965 :
1341 2911 1444 2964 Ero
1468 2908 1729 2964 barbarus
1750 2947 1766 2972 ,
1790 2903 1884 2960 sed
1907 2945 1922 2970 ,
1954 2902 2016 2958 Ei

429 3022 514 3092 qui
553 2995 776 3087 loquitur
812 3009 1083 3066 barbarus.
1116 3005 1182 3060 Et
1213 3018 1398 3058 rursus
1428 3015 1536 3056 non
1579 2999 1726 3092 dixit
1743 3016 1771 3092 ε-
1787 2997 1886 3092 Qui
1931 2995 2014 3049 lo-

430 3087 612 3184 quitur
632 3150 647 3174 ,
680 3105 939 3160 barbarus
963 3143 978 3167 ,
1008 3097 1100 3154 sed
1125 3138 1140 3162 ,
1177 3095 1277 3163 Qui
1306 3093 1554 3164 loquitur,
1602 3090 1728 3144 nti/ti
1753 3087 2015 3142 barbarus.

431 3179 568 3271 Quid
596 3211 725 3268 ergo
745 3201 978 3264 oportet,
1002 3187 1193 3258 inquit,
1221 3184 1334 3240 ﬁeri
1355 3183 1378 3237 ‘?
1403 3182 1517 3237 Non
1539 3182 1715 3236 solum
1744 3179 1886 3235 enim
1911 3193 2017 3232 non

432 3300 644 3363 oportet
674 3289 1004 3355 vituperare,
1051 3278 1145 3334 sed
1183 3278 1343 3331 etiam
1384 3274 1656 3330 adhortari
1695 3283 1749 3328 et
1775 3271 1968 3326 docere
2002 3288 2015 3326 :

433 3382 578 3455 quod
604 3381 718 3450 ipse
744 3389 959 3448 quoque
1000 3370 1142 3425 facit.
1176 3368 1466 3438 Postquam
1498 3367 1639 3420 enim
1671 3364 1942 3418 accusavit
1968 3371 2022 3417 et

435 3471 765 3542 increpavit,
815 3477 870 3523 et
908 3463 1095 3520 inutile
1128 3476 1250 3517 esse
1278 3457 1547 3521 ostendit,
1579 3457 1834 3525 deinceps
1861 3457 2020 3512 etiam

433 3566 717 3624 consilium
748 3562 858 3626 dat,
886 3559 1071 3614 dicens
1101 3572 1114 3610 :
1149 3555 1236 3609 l2.
1272 3550 1361 3608 Sic
1390 3560 1434 3606 et
1463 3567 1577 3613 vos,
1604 3550 1844 3621 quoniam
1864 3565 2024 3604 ternu-

436 3661 620 3715 latores
646 3654 762 3709 estis
788 3651 1078 3722 spirituum,
1110 3645 1178 3699 ad
1203 3643 1589 3711 a'dilicationem
1620 3640 1860 3695 Ecclesia:
1884 3657 2022 3712 qua:-

434 3751 530 3804 rite
547 3758 601 3802 ut
621 3743 902 3800 abundetis.
933 3737 1174 3793 Vidistin‘
1198 3735 1313 3804 ejus
1337 3749 1557 3804 scopum
1587 3747 1801 3802 semper
1826 3742 1878 3786 et
1909 3732 2023 3786 nhi-

435 3856 543 3911 que
570 3853 732 3893 unum
761 3831 920 3889 esse?
948 3831 1077 3885 Eam
1108 3843 1208 3884 ceu
1239 3829 1472 3897 regulam
1508 3826 1674 3896 ponit,
1703 3841 1820 3896 qua:
1842 3825 2023 3894 multis

437 3932 586 3988 utilis
613 3929 684 3984 sit
722 3935 777 3982 et
818 3923 1111 3980 Ecclesiam
1149 3920 1318 3992 juvet.
1365 3918 1548 3988 Neque
1591 3918 1757 3986 dixit,
1791 3917 1860 3975 Ut
1884 3919 2024 3974 dona

438 4019 778 4096 possideatis,
808 4015 900 4072 sed
936 4013 1003 4070 Ut
1037 4013 1339 4078 abundetis;
1365 4013 1464 4066 hoc
1485 4021 1586 4078 est,
1613 4022 1668 4065 ut
1688 4027 1810 4066 cum
1835 4027 2027 4081 magna

437 4115 591 4180 copia
623 4111 711 4166 illa
741 4107 1002 4164 habeatis.
1033 4104 1260 4160 Tantum
1294 4105 1436 4159 enim
1473 4103 1623 4158 abest
1651 4114 1707 4158 ut
1737 4105 1900 4159 nolim
1931 4121 2026 4161 vos

438 4223 504 4262 ea
544 4203 739 4260 habere
763 4242 779 4266 ,
811 4208 870 4255 ut
899 4198 1058 4254 velim
1097 4197 1258 4252 etiam
1287 4211 1380 4252 vos
1407 4195 1488 4251 eis
1515 4195 1822 4262 abundare,
1865 4199 2026 4253 modo

437 4313 503 4354 ea
529 4293 823 4352 exerceatis
848 4291 915 4347 ad
945 4291 997 4345 id
1022 4289 1164 4360 quod
1193 4289 1248 4343 in
1274 4303 1560 4344 commune
1583 4299 1668 4345 est
1695 4291 1847 4346 utile.
1878 4291 2025 4359 Quo-

441 4391 604 4448 modo
651 4397 831 4443 autem
882 4386 986 4441 hoc
1040 4385 1149 4448 liat,
1194 4381 1323 4438 dicit
1367 4393 1419 4438 et
1462 4383 1755 4453 subjungit,
1803 4385 2024 4439 dicens:

441 4486 530 4539 15.
565 4481 629 4536 Et
662 4480 774 4534 ideo
799 4477 883 4546 qui
915 4474 1144 4544 loquitur
1169 4473 1380 4544 lingua,
1424 4485 1528 4528 oret
1569 4485 1621 4527 ut
1648 4475 2025 4544 interpretetur.

440 4577 532 4632 14.
563 4571 703 4628 Nam
729 4571 774 4625 si
803 4585 941 4624 orem
976 4568 1171 4637 lingua,
1200 4566 1407 4636 spiritus
1433 4581 1570 4619 meus
1596 4575 1736 4632 orat,
1770 4583 1908 4620 meus
1929 4583 2027 4620 au-

443 4682 540 4725 tem
569 4684 679 4721 mea
706 4666 813 4720 sine
842 4667 1011 4735 {ructu
1039 4670 1131 4714 est.
1163 4660 1249 4714 l5.
1283 4659 1422 4726 Quid
1445 4675 1561 4728 ergo
1589 4660 1702 4713 est?
1730 4657 1898 4714 Orabo
1918 4662 2027 4731 spi-

442 4764 564 4826 ritu,
591 4760 748 4815 orabo
775 4766 823 4810 et
850 4762 1015 4808 mente
1035 4767 1052 4804 :
1069 4740 1286 4822 psallam
1315 4751 1515 4820 spiritu,
1541 4753 1755 4820 psallam
1777 4766 1824 4807 ει
1846 4767 2026 4811 meum.

445 4853 546 4908 llic
582 4848 817 4905 ostendit
843 4846 898 4900 in
931 4859 1119 4899 eorum
1148 4856 1270 4896 esse
1295 4850 1558 4912 potestate
1585 4849 1642 4897 ut
1669 4842 1866 4898 donum
1891 4846 2031 4901 acci-

442 4954 589 5017 piant
620 4959 634 4996 :
667 4940 789 4994 Oret
837 4939 1001 5001 enim,
1050 4935 1255 5005 inquit;
1300 4933 1401 4988 hoc
1447 4943 1550 5000 est,
1603 4951 1722 5005 qua:
1764 4952 1857 4991 sua
1906 4947 2032 4994 sunt

445 5037 656 5092 atterat.
686 5031 818 5086 Nam
848 5029 893 5084 si
922 5029 1205 5099 diligenter
1242 5035 1297 5083 et
1338 5042 1531 5097 magno
1570 5028 1747 5083 studio
1777 5030 2026 5099 petieris,

447 5125 699 5194 accipies.
729 5122 858 5176 Pete
886 5135 1016 5191 ergo
1043 5129 1101 5174 ut
1126 5135 1230 5173 non
1263 5119 1436 5173 solum
1470 5118 1667 5173 habeas
1695 5119 1894 5176 donum
1924 5123 2027 5176 litt-

445 5237 585 5295 ειεξιτ,
604 5217 696 5273 sed
715 5217 877 5272 etiam
901 5215 1357 5284 interpretationis
1385 5233 1396 5268 :
1421 5225 1478 5268 ut
1499 5215 1572 5268 sis
1593 5215 1841 5272 omnibus
1864 5219 2028 5286 utilis,

449 5327 549 5368 nec
575 5309 775 5364 donum
803 5306 855 5359 in
895 5314 945 5359 te
971 5305 1144 5358 solum
1182 5303 1442 5359 includas.
1493 5303 1630 5358 Nam
1669 5307 1712 5359 si
1753 5324 1918 5374 orem,
1951 5309 2030 5364 in-

445 5407 580 5476 quit,
609 5403 804 5474 lingua,
846 5398 1052 5470 spiritus
1077 5414 1215 5452 meus
1239 5405 1369 5464 orat,
1409 5413 1546 5451 mens
1578 5411 1745 5453 autent
1781 5417 1890 5456 mea
1924 5404 2031 5459 sine

443 5508 614 5571 [ructu
634 5503 725 5549 esl.

520 5590 720 5643 Donum
746 5588 1038 5659 linguarum
1066 5584 1336 5656 quodnam.
1363 5595 1508 5638 esset.
1527 5615 1599 5624 -
1621 5584 1865 5642 Vidistin‘
1891 5606 2030 5660 quo-

446 5685 604 5740 modo
639 5681 891 5752 paulatim
939 5679 1206 5735 extollens
1247 5678 1567 5743 orationem,
1612 5680 1859 5736 ostendat
1906 5700 2028 5738 eum

451 5779 540 5847 qui
571 5786 650 5831 est
690 5773 974 5844 ejusmodi,
1020 5789 1121 5828 non
1151 5772 1320 5829 solum
1352 5787 1468 5828 esse
1502 5771 1614 5827 aliis
1645 5773 1910 5834 inutilem.
1939 5776 2029 5831 scd

1155 344 1210 396 s.
1252 337 1528 397 JO.\NNIS
1565 296 2040 392 CllRYSOSTOMl
2073 323 2381 381 .\RC|llEP.
2421 322 2954 381 CONSTANTIXOP.
3573 323 3654 380 stic

2063 493 2066 496 ἢ
2101 419 2264 472 etiam
2292 417 2394 473 sibi
2427 418 2551 489 ipsi,
2581 416 2845 486 siquidem
2894 429 3046 470 mens
3077 414 3195 483 ejus
3224 423 3306 470 est
3333 413 3448 469 sine
3481 413 3652 470 fructu.

2100 511 2232 566 Nam
2273 512 2316 567 si
2357 511 2477 582 quis
2519 512 2762 581 loquatur
2805 510 2978 564 solum
3020 509 3302 564 Persarum
3351 509 3543 578 lingua,
3584 519 3660 563 aut

2100 608 2276 678 aliqua
2328 606 2432 661 alia
2479 606 2678 672 aliena,
2732 606 2937 662 nesciat
2988 613 3168 660 autem
3195 620 3314 675 qua:
3347 605 3495 669 dicit,
3537 616 3660 661 certe

2101 700 2261 756 etiam
2286 699 2387 754 sibi
2430 699 2531 768 ipsi
2552 699 2661 768 jam
2689 699 2792 753 erit
2831 697 3111 762 barbarus,
3147 713 3252 751 non
3281 697 3372 752 alii
3399 698 3582 758 solum,
3607 715 3662 752 eo

2103 790 2246 862 quod
2275 790 2480 846 nesciat
2511 789 2618 844 vim
2647 789 2814 844 vocis.
2850 788 3016 843 Erant
3044 789 3188 843 enim
3220 788 3512 858 antiquitus
3534 790 3662 843 multi

2105 885 2196 955 qui
2227 884 2489 939 orationis
2516 882 2717 938 donum
2757 881 3028 937 habebant
3073 896 3196 937 cum
3241 882 3454 952 lingua;
3483 894 3535 937 et
3559 900 3663 934 nra-

2103 976 2237 1033 bant
2261 975 2502 1046 quidem,
2531 984 2586 1030 et
2610 975 2790 1045 lingua
2817 975 3156 1046 loquebatur,
3183 985 3274 1030 aut
3295 975 3567 1031 Persarum
3591 987 3665 1030 aut

2106 1069 2471 1124 Romanorum
2498 1082 2630 1123 voce
2653 1082 2848 1134 orans;
2878 1081 3031 1122 mens
3054 1077 3235 1123 autem
3263 1068 3532 1124 nesciebat
3547 1070 3666 1138 quod

2105 1162 2405 1218 dicebatur.
2437 1161 2563 1218 Ideo
2587 1162 2819 1225 dicebat,
2850 1161 2912 1217 Si
2932 1179 3072 1217 orem
3097 1164 3294 1234 lingua.
3325 1164 3530 1232 spiritus
3554 1181 3668 1218 meus

2108 1264 2220 1309 orat
2242 1269 2262 1318 ,'
2292 1252 2345 1308 id
2374 1263 2478 1319 est,
2506 1253 2773 1308 charisma
2798 1255 2939 1324 quod
2965 1255 3146 1309 datuut
3177 1265 3260 1310 est
3283 1257 3414 1310 mihi
3442 1267 3492 1310 et
3518 1273 3670 1312 movet

2107 1346 2383 1417 linguam;
2415 1362 2556 1402 mens
2585 1356 2756 1400 autem
2786 1363 2897 1400 mea
2926 1347 3035 1401 sine
3067 1349 3234 1418 fructu
3266 1358 3360 1401 est.
3395 1347 3527 1414 Quid
3565 1366 3671 1418 ergo

2109 1439 2372 1508 optimum
2400 1447 2455 1493 et
2483 1437 2615 1492 utile
2652 1438 2778 1492 est?
2813 1447 2862 1492 et
2906 1439 3174 1508 quomodo
3214 1437 3536 1504 faciendum,
3567 1444 3671 1508 quid

2110 1528 2402 1602 petendum
2428 1543 2458 1582 a
2487 1529 2598 1584 Deo
2619 1529 2741 1584 est?
2765 1527 2831 1583 Ut
2854 1539 2908 1582 et
2937 1529 3147 1598 spiritu,
3172 1529 3224 1583 id
3251 1541 3334 1584 est
3355 1529 3671 1594 charismate,

2111 1631 2167 1678 et
2213 1630 2393 1676 mente
2437 1631 2643 1676 oretur.
2686 1619 2756 1674 Et
2808 1619 2934 1676 ideo
2980 1621 3236 1677 dicebat:
3274 1621 3447 1676 Orabo
3492 1625 3672 1692 spiritu,

2112 1717 2268 1770 orabo
2309 1725 2356 1769 et
2400 1724 2600 1777 mente;
2639 1714 2860 1783 psallam
2905 1715 3109 1782 spiritu,
3158 1716 3380 1786 psallam
3425 1725 3472 1768 et
3516 1728 3674 1771 mente.

2116 1809 2259 1864 Idem
2289 1823 2475 1864 rursus
2512 1808 2598 1862 hic
2626 1821 2838 1878 quoque
2866 1807 3131 1877 significat
3163 1825 3176 1860 :
3207 1807 3277 1864 Ut
3306 1821 3362 1862 et
3403 1809 3572 1879 lingua
3613 1810 3677 1860 lo-

2112 1911 2328 1972 quatur,
2361 1911 2415 1958 et
2452 1917 2604 1957 mens
2634 1916 2739 1956 non
2773 1901 2982 1971 ignoret
3021 1915 3082 1954 ea
3123 1915 3243 1970 qua:
3271 1900 3540 1956 dicuntur.
3567 1900 3676 1955 Nam

2116 1995 2219 2050 nisi
2248 1995 2348 2050 hoc
2373 1996 2463 2061 sit,
2501 1996 2606 2049 alia
2634 2009 2847 2064 quoque
2870 1993 2974 2050 erit
3009 1993 3276 2048 conlusio.
3308 1993 3395 2048 16.
3433 1993 3619 2046 Etenim
3645 1994 3679 2046 si

2117 2086 2455 2151 benedixeris,
2489 2087 2679 2156 inqttit,
2722 2086 2928 2156 spiritu,
2964 2086 3050 2154 qui
3083 2085 3286 2155 supplet
3325 2086 3496 2140 locum
3533 2087 3680 2138 idiota:

2114 2177 2372 2248 quomodo
2412 2177 2571 2243 dicet,
2610 2178 2790 2242 Amen,
2829 2193 2984 2246 super
3025 2185 3163 2229 tuam
3210 2178 3501 2248 gratiarum
3542 2180 3680 2230 actio.

2117 2289 2234 2328 nem
2255 2272 2280 2326 Ρ
2299 2272 2544 2342 quoniant
2582 2270 2705 2340 quid
2745 2271 2888 2324 dicas
2914 2271 3091 2325 nescit.
3131 2270 3219 2324 17.
3249 2270 3395 2324 Nam
3422 2281 3478 2323 tu
3507 2252 3688 2340 quidem

2119 2364 2242 2418 bene
2268 2363 2462 2433 gratias
2487 2363 2619 2432 agis,
2650 2361 2738 2416 sed
2777 2361 2907 2415 alter
2939 2376 3041 2414 non
3067 2361 3379 2428 aediﬁcatur.
3412 2361 3542 2417 Vide
3567 2377 3683 2432 quo-

2117 2456 2281 2512 modo
2322 2455 2412 2510 hie
2440 2469 2627 2510 rursus
2657 2453 2888 2524 lapidem
2919 2453 3066 2509 ducit
3092 2454 3159 2510 ad
3195 2457 3479 2522 amussim,
3513 2455 3684 2526 ubique

2120 2563 2368 2618 quzerens
2411 2546 2669 2602 Ecclesia:
2696 2547 3127 2602 :cdilicationem.
3162 2547 3388 2603 ldiotam
3419 2559 3588 2604 autem
3616 2551 3684 2602 di-

2121 2641 2194 2696 cit
2224 2639 2439 2705 laicum,
2469 2647 2523 2694 et
2548 2637 2782 2693 ostendit
2810 2654 2931 2693 eum
2962 2652 3066 2692 non
3094 2653 3315 2710 parvum
3340 2639 3586 2694 damnum
3610 2655 3685 2694 ac-

2121 2731 2325 2800 cipere,
2354 2729 2569 2799 quando
2600 2745 2706 2783 non
2739 2738 2909 2798 potest
2936 2729 3139 2797 dicere,
3165 2731 3359 2786 Amen.
3392 2731 3502 2786 lloc
3531 2742 3685 2786 autem

2123 2822 2236 2876 vult
2265 2821 2604 2892 signiﬁcare:
2634 2819 2689 2876 Si
2727 2821 3074 2876 barbarorum
3111 2835 3243 2876 voce
3285 2822 3574 2877 bcnedicas
3611 2839 3686 2877 ne-

2124 2914 2301 2969 sciens
2330 2912 2458 2983 quid
2485 2911 2654 2979 dicas,
2680 2927 2854 2982 neque
2880 2913 3066 2968 valens
3091 2913 3458 2983 interpretari,
3491 2930 3589 2969 non
3611 2930 3687 2983 po-

2128 3015 2233 3061 test
2279 3005 2446 3060 laicus
2488 3004 2837 3074 rcSponderc,
2883 3007 3053 3061 Amen
3088 3021 3102 3057 :
3135 3020 3239 3060 non
3290 3007 3519 3060 audiens
3566 3007 3685 3060 enim

2127 3096 2275 3162 illud,
2311 3096 2364 3150 In
2387 3097 2582 3151 s:rcula
2607 3096 2947 3162 smculorum,
2972 3096 3114 3166 quod
3145 3106 3228 3151 est
3255 3097 3400 3163 linis,
3434 3113 3534 3152 oon
3562 3097 3686 3162 dicit,

2128 3191 2323 3246 Amen.
2370 3188 2570 3244 Deinde
2614 3204 2799 3244 rursus
2837 3203 2958 3243 eum
3005 3187 3314 3254 consolans,
3370 3205 3440 3245 ne
3478 3191 3688 3244 videatur

2129 3281 2330 3336 donum
2353 3280 2505 3335 Valde
2524 3279 2850 3350 vilipcndere
2874 3298 2888 3334 :
2913 3281 3053 3349 quod
3075 3281 3320 3349 superius
3339 3280 3568 3336 dicebat.
3588 3296 3689 3335 cunt

2132 3372 2275 3442 loqui
2321 3372 2596 3442 mysteria,
2640 3381 2693 3425 et
2725 3371 2835 3425 Deo
2864 3371 3028 3441 loqui,
3060 3383 3118 3427 et
3154 3372 3395 3441 seipsum
3426 3373 3687 3435 :edilicare,

2129 3476 2184 3520 et
2210 3480 2365 3520 orare
2403 3465 2628 3534 spiritu;
2663 3481 2728 3518 ex
2760 3465 2840 3520 Itis
2867 3480 2971 3518 nott
3003 3480 3216 3534 parvam
3245 3466 3556 3536 escogitans
3579 3480 3691 3518 con-

2130 3557 2466 3619 solationem,
2516 3555 2618 3610 hoc
2663 3556 2748 3610 hic
2783 3569 2994 3624 quoque
3037 3553 3182 3620 facit,
3230 3555 3468 3611 dicens:
3500 3555 3692 3610 Namtu

2130 3648 2347 3718 quidem
2374 3648 2510 3702 be.:c
2531 3649 2730 3717 gratias
2757 3647 2903 3718 agis;
2933 3646 3134 3717 Spiritu
3162 3649 3304 3703 enitn
3331 3659 3513 3703 motus
3537 3651 3693 3718 loque-

2133 3740 2204 3794 ris
2226 3757 2240 3805 ;
2263 3739 2357 3793 sed
2381 3739 2468 3792 ille
2491 3739 2624 3793 nihil
2648 3738 2890 3805 audiens,
2916 3755 3088 3809 neque
3108 3740 3283 3794 sciens
3303 3756 3428 3812 quae
3443 3741 3692 3806 dicuntur,

2132 3839 2258 3895 stat,
2283 3847 2386 3885 non
2419 3846 2664 3901 magnam
2693 3831 2971 3900 excipiens
2999 3833 3302 3888 utilitatem.

2203 3923 2259 3977 4.
2293 3923 2492 3978 Deinde
2521 3923 2774 3992 quoniam
2809 3937 2903 3978 eos
2930 3933 3012 3978 est
3039 3923 3330 3978 insectatus
3359 3925 3452 3995 qui
3484 3925 3582 3980 hoc
3611 3923 3694 3977 ha-

2133 4014 2262 4070 bent
2286 4013 2506 4081 donum,
2541 4025 2808 4086 tamquam
2837 4016 2925 4084 qui
2967 4015 3099 4070 nihil
3133 4032 3380 4086 magnum
3425 4018 3694 4080 haberent;

2135 4121 2204 4162 ne
2233 4106 2477 4161 videatur
2506 4106 2670 4160 veluti
2694 4122 2760 4161 eo
2787 4108 3045 4176 privatus,
3077 4123 3172 4162 eos
3200 4109 3550 4178 vilipcndere,
3592 4107 3696 4162 vide

2133 4201 2261 4273 quid
2289 4199 2431 4256 dicat
2463 4218 2474 4254 :
2501 4200 2587 4256 18.
2617 4199 2819 4254 Gratias
2844 4217 2941 4271 ago.
2965 4199 3092 4267 Deo,
3119 4201 3254 4271 quod
3273 4202 3442 4273 magis
3461 4217 3604 4272 quam
3625 4214 3696 4252 ros

2135 4308 2308 4346 omnes
2351 4292 2541 4362 linguis
2585 4291 2782 4362 loquar.
2836 4291 2947 4346 lloc
2976 4302 3154 4348 autem
3201 4291 3325 4346 facit
3359 4294 3524 4347 etiam
3565 4291 3692 4344 alibi.

2135 4385 2497 4454 Depressurus
2519 4385 2659 4439 enim
2688 4399 2750 4438 ea
2769 4385 2962 4454 quibus
3008 4386 3360 4455 exsuperabat
3390 4385 3692 4442 Judaismus.

2137 4486 2191 4533 et
2206 4486 2522 4532 ostensurus
2541 4491 2601 4530 ea
2617 4474 2749 4530 nihil
2767 4490 2908 4542 esse,
2933 4475 3081 4545 prius
3103 4475 3334 4531 ostendit
3349 4491 3411 4532 se
3427 4475 3693 4534 caltabere,

2137 4577 2192 4622 et
2229 4567 2385 4638 longe
2414 4566 2644 4636 amplius
2663 4606 2678 4632 ,
2713 4574 2838 4620 tunc
2863 4581 3078 4636 quoque
3105 4579 3168 4620 ea
3195 4565 3449 4621 damnum
3487 4563 3695 4635 appellat

2137 4660 2322 4715 dicens
2355 4677 2367 4713 :
2399 4658 2462 4714 Si
2485 4659 2597 4729 quis
2621 4658 2818 4712 videtur
2852 4657 3038 4712 habere
3065 4658 3306 4727 ﬁduciam
3334 4658 3387 4711 in
3427 4673 3591 4720 carne,
3619 4669 3696 4724 ego

2137 4754 2319 4824 magis,
2350 4752 2674 4806 circumcisus
2703 4761 2874 4805 octavo
2917 4753 3018 4817 die,
3063 4768 3125 4805 ea:
3153 4766 3333 4821 genere
3361 4749 3544 4815 Israel,
3583 4745 3696 4801 tribu

2138 4843 2429 4913 Benjamin,
2452 4843 2699 4898 Hebraeus
2723 4859 2786 4896 ex
2815 4842 3061 4908 Πρω-(εἰσ,
3089 4843 3366 4898 secundant
3396 4847 3553 4913 legem
3577 4837 3694 4893 Pita-

2137 4939 2334 5002 risazus,
2367 4935 2642 4989 secundant
2669 4934 2834 4988 zelum
2874 4952 3175 5006 persequens
3207 4935 3506 5000 Ecclesium,
3535 4947 3691 4987 secrato

2138 5030 2261 5083 dum
2290 5027 2544 5099 justitiam
2572 5045 2686 5104 qua:
2710 5039 2780 5082 est
2812 5045 2874 5082 ea:
2901 5030 3030 5100 lege,
3063 5033 3229 5100 factus
3268 5024 3694 5098 irrepreltensibilis

2141 5107 2398 5195 (Philipp.
2431 5124 2483 5178 ⁸5.
2514 5123 2566 5177 4.
2605 5109 2684 5193 ὸ).
2731 5123 2797 5176 Ει
2852 5132 2976 5176 tunc
3028 5131 3307 5192 postquam
3353 5121 3610 5186 ostendit,
3644 5132 3694 5170 se

2139 5219 2190 5272 in
2220 5217 2301 5270 Itis
2322 5216 2572 5271 omnibus
2601 5217 2894 5280 abundare,
2931 5215 3060 5270 dicit
3090 5234 3104 5246 θ
3134 5216 3241 5271 Sed
3269 5231 3382 5284 qua
3421 5215 3542 5267 milii
3568 5215 3694 5267 erant

2138 5309 2300 5375 lucra,
2332 5325 2392 5362 ea
2431 5309 2674 5361 damnum
2714 5307 2998 5362 existimavi
3030 5317 3237 5376 propter
3268 5307 3522 5362 Christum
3550 5301 3688 5369 (Ibid.

2137 5417 2183 5456 υ.
2211 5403 2285 5472 7).
2329 5401 2404 5455 lta
2449 5400 2534 5454 hic
2559 5416 2770 5470 qumque
2798 5401 2943 5464 facit,
2985 5399 3168 5454 dicens
3201 5417 3213 5452 :
3248 5398 3413 5468 Magis
3439 5412 3582 5467 quant
3619 5407 3692 5445 ros

2136 5507 2308 5551 amnes
2352 5494 2540 5565 linguis
2588 5493 2790 5563 loquor.
2816 5495 2892 5550 Ne
2922 5508 3055 5562 ergo
3093 5491 3382 5547 ell'eramini
3405 5532 3418 5556 ,
3471 5499 3524 5544 et
3560 5485 3691 5539 vobis

2139 5574 2394 5654 placeatis
2434 5596 2700 5655 tamquam
2747 5585 2846 5638 soli
2885 5583 3088 5638 donum
3127 5582 3413 5648 habentes;
3453 5594 3570 5634 nam
3606 5590 3690 5641 ego

2140 5693 2352 5750 quoque
2384 5677 2434 5731 id
2466 5675 2734 5745 possideo,
2763 5685 2817 5729 et
2848 5679 3014 5744 magis
3041 5692 3200 5744 quam
3235 5691 3349 5729 vos.
3393 5673 3476 5728 l9.
3520 5669 3618 5723 Sed
3646 5682 3688 5714 llt

2147 5772 2374 5829 Ecclesia
2401 5767 2514 5824 t'olo
2535 5769 2653 5837 quin
2667 5785 2752 5839 yue
2781 5770 2923 5824 verba
2941 5786 3090 5826 sensu
3119 5785 3224 5825 meo
3252 5769 3403 5840 loqui,
3432 5774 3485 5819 υτ
3509 5770 3553 5816 ει
3577 5756 3685 5812 πηοί
