3802 6316
412 310 514 367 3M

411 426 504 498 Μὴ
559 425 746 481 τοίνυν
781 425 928 498 μέγα
985 428 1275 498 φρονεῖτε,
1320 427 1398 492 ὡς
1448 427 1602 499 μόνοι
1647 427 1708 481 τὺ
1757 427 2007 499 χάρισμα

409 514 648 584 ἔχοντες
675 514 904 586 καὶγὰρ
925 516 1020 568 καὶ
1044 513 1157 583 ἐγὼ
1182 515 1484 586 κέκτημαι,
1509 515 1603 569 καὶ
1629 513 1788 584 ὐμῶν
1815 512 2035 567 πλέον.“

328 644 331 648 .
367 621 380 643 ν
421 603 602 657 Ἀλλὰ
631 601 784 658 θέλω
821 602 1004 656 πέντε
1034 603 1260 672 λόγους
1289 603 1361 656 ἐν
1400 601 1736 670 Ἐκκλησία
1765 601 1864 656 διὰ
1897 597 2009 656 τοῦ

411 690 560 758 νοός
587 708 708 760 μου
732 689 1027 760 λαλῆσαι,
1050 691 1152 744 ἵνα
1181 691 1278 744 καὶ
1305 689 1536 756 ἄλλους
1567 688 1912 759 κατηχήσω.
1941 686 2010 742 Τί

409 779 549 844 ἐστι,
584 777 690 832 Διὰ
723 778 832 832 τοῦ
867 779 1012 844 νοός
1041 792 1162 847 μου
1193 775 1488 844 λαλῆσαι,
1519 777 1621 831 ἵνα
1643 776 1743 830 και
1772 776 2010 840 ἀλλους

411 867 740 934 κατηχήσω
756 881 777 928 ;
807 864 962 918 Νοῶν
981 864 1018 918 ἀ
1043 864 1206 932 λέγω,
1233 865 1326 917 καὶ
1346 863 1382 917 ἀ
1408 863 1644 934 δύναμαι
1677 863 1772 917 καὶ
1798 863 2009 928 ἐτέροις

410 951 749 1025 ἑρμηνεῦσαι
770 953 866 1006 καὶ
891 953 1030 1022 μετά
1047 951 1319 1014 συνέσεως
1335 953 1512 1005 εἰπεῖν
1538 951 1634 1006 καὶ
1654 950 1864 1016 διδάξαι
1879 953 2011 1018 τούς

410 1041 730 1104 ἀκούοντας.
765 1041 842 1094 Ἦ
863 1040 1123 1109 μυρίους
1141 1038 1368 1108 λόγους
1390 1037 1462 1092 ἐν
1481 1035 1757 1109 γλώσσῃ.
1781 1039 1882 1093 Διά
1914 1039 1968 1093 τί
1988 1057 2005 1106 ;

410 1129 541 1186 Ἵνα
578 1126 909 1197 κατηχήσω
959 1127 1064 1182 καί
1102 1126 1357 1195 ἄλλους,
1410 1126 1569 1198 φησί.
1619 1127 1694 1180 Τὸ
1748 1125 1849 1198 μέν
1897 1127 2009 1200 γάρ

409 1215 671 1282 ἱπίδειξιν
719 1215 835 1287 ἔχει
891 1214 1079 1286 μόνον,
1111 1213 1175 1268 τὸ
1217 1215 1277 1269 δὲ
1319 1213 1523 1287 πολλὴν
1564 1214 1665 1286 τὴν
1708 1213 2004 1284 ὠφέλειαν.

408 1303 584 1358 Τοῦτο
617 1303 731 1374 γάρ
763 1305 914 1356 ἐστιν
955 1301 986 1356 δ
1019 1300 1296 1374 πανταχοῦ
1335 1301 1518 1372 ζητεῖ,
1556 1300 1618 1354 τὸ
1659 1303 1815 1372 κοινῇ
1863 1319 2007 1373 συμ-

411 1391 601 1462 φέρον.
626 1389 823 1445 Καίτοι
848 1407 914 1460 γε
944 1388 1094 1452 ξένον
1124 1389 1186 1444 τὺ
1213 1389 1465 1461 χάρισμα
1497 1381 1565 1458 ῆν
1596 1386 1660 1440 τὸ
1686 1387 1795 1441 τῶν
1827 1387 2007 1457 γλωσ-

297 1495 300 1500 ’
414 1481 544 1544 σιῖιν,
578 1480 641 1535 τὸ
666 1480 725 1535 δὲ
766 1480 867 1551 τῆς
896 1478 1238 1551 προφητείας
1281 1476 1513 1549 σύνηθές
1546 1493 1605 1530 τε
1639 1477 1732 1532 καὶ
1774 1474 2008 1530 παλαιέν

413 1570 512 1623 καὶ
551 1569 769 1633 πολλοῖς
805 1567 906 1639 ήδη
940 1566 1115 1632 δοθέν,
1151 1565 1311 1620 τοῦτο
1340 1565 1399 1620 δὲ
1440 1565 1563 1620 τότε
1591 1565 1846 1635 πρῶτον·
1888 1563 2006 1618 ἀλλ’

412 1658 566 1728 ὅμως
596 1657 657 1711 οὐ
703 1655 911 1726 σφόδρα
947 1650 1016 1726 ἦν
1068 1653 1221 1724 αὐτῷ
1257 1652 1752 1723 περισπούδαστον.
1804 1653 2006 1723 Διόπερ

412 1748 537 1804 οὐδέ
563 1747 832 1817 ἐκέχρητο
856 1743 1028 1816 αὐτῷ,
1051 1743 1114 1797 οὐ
1137 1743 1290 1816 παρά
1311 1742 1372 1796 τὸ
1399 1742 1475 1812 μὴ
1496 1741 1663 1812 ἔχειν,
1690 1740 1826 1795 ἀλλά
1851 1739 2008 1814 παρὰ

411 1837 475 1890 τὸ
500 1836 570 1890 τὰ
595 1833 995 1907 χρησιμώτερα
1025 1833 1235 1906 ζητεῖν.
1271 1831 1386 1886 Kal
1410 1832 1520 1904 γὰρ
1545 1827 1616 1902 ῆν
1641 1830 1825 1902 πάσης
1853 1847 2008 1885 κενο-
2063 1831 2066 1834 ’

411 1925 594 1990 δοξίας
639 1923 1088 1996 ἀπηλλαγμένος,
1127 1920 1223 1974 καὶ
1266 1919 1325 1974 ἐν
1363 1919 1524 1992 μόνον
1560 1917 1819 1984 σκοπῶν,
1857 1917 2008 1984 ὅπως

416 2007 664 2081 βελτίους
693 2007 1000 2079 ἐργάσηται
1025 2005 1156 2068 τοὺς
1185 2003 1508 2070 ἀκούοντας.
1534 2003 1627 2058 Διδ
1655 2005 1750 2058 καὶ
1778 2003 1840 2058 τὸ
1866 2004 2006 2077 χρή-

417 2114 577 2169 σιμον
611 2096 707 2149 καὶ
748 2093 923 2165 ἐαυτῷ
955 2093 1054 2147 καὶ
1095 2094 1212 2155 τοῖς
1262 2091 1446 2156 ἄλλοις
1493 2090 1726 2160 ⁴ἠδύνατο
1763 2090 2006 2161 βλέπειν,

413 2185 604 2256 ἐπειδὴ
633 2185 734 2254 τῆς
764 2182 930 2252 κενῆς
959 2181 1116 2252 δόξης
1150 2179 1493 2252 ἀπήλλακτο.
1539 2179 1632 2244 Ὦς
1663 2179 1692 2232 0
1723 2195 1788 2249 γε
1821 2179 2010 2253 ἐκείνῃ

415 2271 887 2336 καταδουλωθεὶς,
921 2271 984 2323 οὐ
1023 2271 1086 2324 τὸ
1123 2269 1234 2322 τῶν
1277 2267 1456 2321 ἀλλων
1499 2268 1682 2339 μόνον,
1734 2267 1850 2322 ἀλλ’
1885 2267 2010 2320 οὐδὲ

414 2363 477 2415 τὸ
504 2359 699 2416 ἐαυτοῦ
730 2358 1022 2428 δυνήσεται
1051 2356 1294 2410 κατιδεῖν
1323 2357 1627 2428 συμφέρον.
1662 2355 1920 2419 Τοιοῦτος
1940 2351 2010 2427 ἦν

415 2451 446 2504 0
472 2449 680 2520 Σίμων,
713 2446 773 2509 ὃς
807 2445 997 2516 ἐπειδὴ
1032 2444 1170 2515 πρὸς
1213 2443 1374 2510 δόξαν
1416 2439 1524 2496 εἶδε
1569 2443 1732 2513 κενὴν
1753 2482 1768 2505 ,
1799 2443 1921 2496 οὐδὲ
1951 2441 2014 2494 τὸ

416 2534 613 2591 ἑαυτοῦ
646 2534 923 2606 χρήσιμον
954 2527 1061 2585 εἶδε
1089 2547 1102 2560 ⁶
1129 2529 1365 2584 τοιοῦτοι
1397 2529 1492 2582 καὶ
1535 2530 1802 2591 Ἰουδαῖοι,
1845 2529 1896 2582 οἳ
1923 2527 2012 2582 διὰ

415 2622 623 2694 ταύτην
655 2621 736 2693 τῷ
761 2620 996 2693 διαϐόλῳ
1025 2619 1126 2691 τὴν
1155 2618 1364 2672 οίκείαν
1395 2617 1661 2690 προέπιον
1705 2616 2008 2690 σωτηρίαν.

503 2857 788 2914 Ἐντεῦθεν
823 2855 921 2910 καὶ
952 2854 1148 2909 εἴδωλα
1181 2855 1404 2926 ἐτέχθη,
1434 2855 1534 2910 καὶ
1573 2855 1624 2908 οί
1656 2853 1767 2907 τῶν
1809 2850 2014 2920 ἔξωθεν

421 2948 701 3021 φιλόσοφοι
735 2945 829 2998 ἐπὶ
862 2945 932 3000 τά
979 2945 1192 3017 πονηρὰ
1228 2944 1481 3016 δόγματα
1533 2945 1599 2996 ἐκ
1632 2941 1837 3012 ταύτης
1872 2957 2015 3012 παρ-

420 3038 706 3104 οξύναντες
723 3033 1019 3100 ἐξώκειλαν
1038 3036 1134 3106 τῆς
1159 3035 1379 3106 μανίας.
1399 3033 1510 3087 Kal
1530 3035 1632 3105 ὅρα
1653 3033 1750 3105 τὴν
1765 3031 2014 3102 διαστρο-

420 3129 530 3202 φῆν
574 3125 670 3180 τοῦ
719 3124 948 3188 πάθους.
1001 3125 1102 3178 Διά
1145 3124 1256 3196 γάρ
1306 3122 1518 3193 ταύτην
1561 3122 1835 3176 κάκείνων
1882 3119 2016 3173 ἔνιοι

419 3219 652 3290 πένητες
671 3214 1044 3284 ἐγένοντο,καὶ
1059 3214 1234 3285 ἕτεροι
1249 3231 1316 3267 πε
1325 3213 1379 3284 9l
1394 3212 1624 3266 πλοῦτον
1651 3212 2014 3267 ἐσπούδασαν.

419 3305 672 3376 Τοσαύτη
697 3304 922 3376 αύτῆςή
951 3303 1232 3373 τυραννὶς,
1259 3301 1336 3365 ὠς
1387 3301 1482 3354 κοιλ⁸
1509 3303 1568 3354 ἐν
1592 3305 1706 3364 τοῖς
1748 3300 2018 3361 ἐναντίοις

422 3395 669 3465 κρατεῖν.
687 3391 797 3443 Kal
818 3389 928 3461 γὰρ
955 3390 1048 3442 ἐπὶ
1081 3387 1406 3462 σωφροσύνῃ
1427 3387 1576 3460 [5‘27]
1609 3405 1694 3451 τις
1723 3387 2014 3453 κενοδοξεῖ,

422 3484 519 3536 καὶ.
547 3482 640 3534 ἐπὶ
677 3479 892 3550 μοιχείᾳ
921 3478 1086 3532 πάλιν
1123 3477 1304 3541 ἀλλος,
1341 3478 1435 3531 καὶ
1460 3477 1554 3530 ἐπὶ
1581 3473 1905 3548 δικαιοσύνῃ
1927 3469 2019 3530 οὗ·

421 3589 537 3635 τος,
569 3571 666 3625 καὶ
700 3570 787 3622 ἐπ’
823 3568 1010 3639 ἀδικία
1055 3566 1267 3639 ἕτερος,
1305 3569 1402 3622 καὶ
1431 3568 1522 3620 ἐπὶ
1550 3569 1764 3638 τρυφῇ,
1797 3568 1890 3620 καὶ
1923 3565 2017 3619 ἐπὶ

422 3659 671 3730 νηστείᾳ,
707 3658 803 3712 καὶ
832 3657 924 3710 ἐπὶ
956 3657 1233 3730 ἐπιεικείᾳ
1252 3697 1268 3724 ,
1305 3657 1400 3710 καὶ
1431 3657 1525 3711 ἐπὶ
1552 3655 1856 3728 θρασύτητι
1877 3697 1892 3722 ,
1920 3655 2018 3709 καὶ

423 3747 522 3802 ἐπὶ
553 3746 790 3818 πλούτῳ,
822 3747 917 3800 καὶ
945 3745 1039 3801 ἐπὶ
1071 3746 1252 3816 πενίᾳ.
1283 3746 1396 3800 Kal
1428 3745 1538 3816 γάρ
1571 3745 1703 3798 ένιοι
1740 3743 1850 3797 τῶν
1883 3743 2018 3807 ἐξω-

424 3837 539 3902 οεν,
576 3833 752 3905 παρὸν
779 3833 990 3896 λαϐεῖν,
1023 3832 1114 3886 διὰ
1150 3833 1212 3886 τὸ
1239 3833 1620 3905 θαυμάζεσθαι
1645 3832 1746 3886 οὐκ
1772 3831 2016 3901 ἐλάμϐα-

422 3941 536 3979 νον.
574 3923 718 3977 Ἀλλ’
742 3923 840 3993 οὐχ
869 3923 919 3976 οί
947 3922 1238 3976 ἀπόστολοι
1263 3915 1458 3986 οὓτως.
1491 3923 1615 3976 Ὀτι
1646 3922 1756 3994 γάρ
1781 3919 2019 3993 καθαροὶ

422 4011 582 4083 δόξης
609 4007 772 4083 ἦσαν,
804 4010 1085 4082 ἐδήλωσαν
1112 4013 1178 4066 δι’
1205 4005 1280 4066 ὦν
1309 4011 1598 4082 ἐποίησαν.
1632 4011 1744 4065 Kal
1776 4009 1886 4082 γάρ
1925 4011 2017 4064 ὅτε

425 4101 583 4163 θεοὺς
609 4099 809 4163 αὐτοὺς
840 4098 1094 4166 ἐκάλουν,
1135 4100 1232 4154 καὶ
1265 4099 1416 4154 θύειν
1466 4100 1653 4162 αὐτοῖς
1693 4094 1837 4170 ἦσαν
1870 4113 2017 4168 παρ-

424 4186 820 4258 εσκευασμένοι
892 4188 1129 4260 ταύρους
1190 4187 1602 4258 ἐστεμμένους,
1668 4187 1767 4258 οὐχ
1829 4185 2018 4249 ἁπλῶς

422 4277 815 4350 ἀπηγόρευσαν
839 4273 901 4329 τδ
927 4276 1216 4348 γινόμενον
1241 4275 1421 4347 μόνον,
1445 4275 1581 4328 ἀλλά
1605 4275 1698 4328 καὶ
1725 4272 2018 4346 διέρρηξαν

422 4364 606 4422 αὐτῶν
642 4363 712 4417 τά
763 4362 977 4434 ἱμάτια.
1012 4365 1122 4418 Kal
1160 4365 1250 4418 ὅτε
1297 4363 1390 4416 τὸν
1437 4361 1613 4434 χωλὸν
1659 4360 2014 4433 διώρθωσαν,

424 4455 644 4508 πάντων
690 4451 829 4524 πρὸς
880 4453 1078 4516 αὐτοὺς
1128 4451 1438 4524 κεχηνότων
1490 4451 1715 4520 ἔλεγον,
1763 4451 1824 4504 Τί
1869 4449 2018 4519 ἡμῖν

423 4538 716 4602 ἀτενίζετε
753 4539 835 4606 ὡς
865 4539 988 4607 ιδίςι
1021 4538 1272 4608 δυνάμει
1310 4540 1676 4606 πεποιηκόσι
1702 4536 1811 4592 τοῦ
1849 4554 2016 4606 περι-

424 4627 636 4683 πατεῖν
659 4628 915 4692 τοῦτον;
937 4628 1196 4682 Κάκεῖνοι
1222 4627 1322 4697 μὲν
1343 4627 1401 4678 ἐν
1423 4626 1650 4697 ἀνδράσι
1673 4625 1774 4678 θαυ
1785 4625 2016 4695 μάζουσι

425 4717 639 4782 πενίαν,
668 4716 738 4769 τὰ
761 4717 861 4786 τῆς
882 4714 1073 4779 πενίας
1096 4713 1348 4788 ᾑροῦντω
1375 4705 1521 4767 οῦτοι
1544 4713 1599 4766 δέ
1624 4715 1683 4767 ἐν
1706 4713 2017 4785 ἀνθρώποις

425 4802 829 4874 καταφρονοῦσι
871 4802 1087 4866 πενίας,
1132 4801 1228 4855 καὶ
1273 4800 1558 4854 ἐπαινοῦσι
1603 4799 1854 4856 πλοῦτον.
1905 4801 2017 4856 Kal

425 4885 574 4946 οῦτοι
615 4893 736 4962 μὲν,
772 4892 827 4944 εί
853 4908 907 4945 τι
949 4890 1172 4956 ἐλαϐον,
1223 4892 1336 4953 τοῖς
1381 4889 1658 4960 δεομένοις
1704 4891 2013 4963 ἐπήρκουνο

425 4977 601 5042 οὓτως
649 4979 711 5030 οὐ
765 4977 855 5032 διά
899 4976 1250 5043 κενοδοξίαν,
1287 4976 1426 5030 ἀλλά
1472 4975 1560 5030 διά
1599 4976 2015 5049 φιλανθρωπίαν

424 5067 645 5120 ἅπαντα
665 5064 955 5138 ἔπραττονο
984 5067 1186 5121 ἐκεῖνοι
1212 5065 1270 5120 δὲ
1296 5065 1608 5120 τούναντίον
1634 5065 1799 5133 ἀπαν,
1824 5065 2015 5138 ὥσπερ

423 5154 612 5225 ἐχθροὶ
642 5153 735 5206 καὶ
760 5152 1038 5224 λυμεῶνες
1064 5156 1162 5228 τῆς
1193 5155 1380 5226 κοινῆς
1409 5153 1627 5225 φύσεως
1652 5154 1805 5220 ὄντες
1826 5194 1840 5216 ,
1872 5153 2016 5209 οὕτω

423 5242 518 5294 καὶ
553 5240 728 5296 ταῦτα
757 5242 1000 5298 ἐποίουν.
1042 5243 1100 5297 '0
1134 5244 1232 5313 μὲν
1262 5242 1370 5314 γὰρ
1398 5243 1480 5307 είς
1514 5241 1786 5297 θάλατταν
1817 5242 1885 5296 τά
1918 5241 2015 5294 αὐ-

422 5327 517 5382 τοῦ
569 5328 962 5395 κατεπόντιζεν
1017 5330 1235 5385 ἅπαντα
1281 5331 1404 5399 εἰκῆ
1457 5332 1552 5384 καὶ
1614 5331 1829 5402 μάτην,
1885 5333 2014 5392 τοὺς

423 5417 840 5488 παραπαίοντας
895 5417 992 5471 καὶ
1054 5417 1418 5489 μαινομένους
1465 5418 1835 5489 μιμούμενος⁸
1891 5417 1920 5471 ὁ
1956 5418 2014 5472 δὲ

425 5505 724 5574 μηλόϐοτον
767 5505 866 5579 τὴν
901 5505 1071 5559 αὐτοῦ
1122 5504 1310 5576 χώραν
1358 5506 1539 5559 πᾶσαν
1582 5506 1804 5577 ἀνῆκεν.
1853 5504 2012 5560 Οῦτω

423 5593 603 5648 πάντα
653 5593 791 5666 πρὸς
833 5593 1148 5666 φιλοτιμίαν
1202 5593 1441 5647 ἐποίουν.
1508 5593 1650 5647 Ἀλλ’
1694 5595 1793 5664 οὐχ
1842 5588 2010 5657 οῦτοι,

423 5682 559 5735 ἀλλὰ
597 5685 691 5736 καὶ
735 5681 981 5753 ἐδέχοντο
1021 5682 1092 5736 τά
1132 5681 1405 5753 διδόμενα,
1464 5682 1558 5735 καὶ
1604 5682 1854 5753 διένεμον
1897 5685 2012 5747 τοῖς

420 5769 696 5843 δεομένοις
736 5773 877 5846 μετὰ
910 5771 1179 5845 τοσαύτης
1212 5771 1562 5846 ἐλευθερίας,
1605 5771 1682 5836 ὡς
1721 5771 1816 5826 καὶ
1862 5771 2007 5844 λιμῷ

1122 312 1183 368 S.
1222 307 1510 369 JOANNIS
1546 309 2040 370 CHRYSOSTOMI
2075 308 2398 370 ARCIIIEP.
2437 309 2986 370 CONSTANTINOP.

3577 311 3668 366 303

2113 425 2358 498 διηνεκεῖ
2399 428 2590 500 συζῇν.
2641 427 2706 482 El
2746 425 2804 481 δέ
2847 425 3012 497 δόξης
3064 425 3238 498 ῆρων,
3284 421 3388 479 οὐκ
3423 424 3491 479 ἀν
3539 425 3673 478 τοῦτο

2112 512 2355 580 ἐποίουν,
2384 513 2448 568 τὸ
2480 513 2781 586 λαμϐάνειν
2807 515 2902 569 καὶ
2938 513 3220 585 διανέμειν
3238 552 3255 579 ,
3287 512 3583 576 δεδοικότες
3611 513 3672 581 μή

2110 617 2198 665 τις
2240 600 2449 672 ὑποψία
2483 601 2711 674 γένηται
2741 603 2865 656 κατ’
2893 602 3100 659 αὐτῶν.
3143 601 3204 656 '0
3245 600 3356 674 γὰρ
3404 603 3472 654 τά
3501 599 3672 655 ἑαυτοῦ

2113 690 2279 762 ῥίψας
2307 692 2398 747 διὰ
2428 694 2608 761 δόξαν,
2639 694 2822 767 πολλῷ
2857 695 3061 767 μᾶλλον
3099 693 3171 748 τά
3204 695 3411 766 ἐτέρων
3437 693 3497 747 οὐ
3525 693 3670 763 λήψε-

2109 795 2221 846 ται,
2247 779 2389 836 ὥστε
2419 782 2496 854 μή
2517 783 2696 838 δοκεῖν
2724 784 2930 856 ἐτέρων
2963 783 3193 851 δεῖσθαι,
3225 783 3364 856 μηδέ
3395 783 3672 838 ὑποπτεύε-

2115 871 2263 926 σθαι.
2290 873 2526 939 Τούτους
2553 875 2612 930 δέ
2642 878 2776 948 ὁρᾷς
2804 876 2902 930 καὶ
2928 875 3392 946 διακονουμένους
3417 874 3511 928 καὶ
3532 887 3675 944 προσ-

2109 960 2396 1025 αιτοῦντας
2424 960 2625 1026 αὐτοὺς
2651 963 2794 1035 ὑπὲρ
2816 962 2930 1016 τῶν
2955 961 3250 1033 δεομένων·
3278 961 3425 1016 οῦτω
3449 961 3675 1032 πατέρων

2113 1044 2254 1120 ἦσαν
2297 1047 2516 1104 πάντων
2559 1050 3060 1122 φιλοστοργότεροι.
3091 1049 3203 1103 θέα
3239 1049 3294 1102 δέ
3322 1049 3422 1102 καὶ
3448 1049 3566 1110 τοὺς
3601 1047 3674 1099 νόσ

2116 1152 2254 1207 μους
2279 1135 2458 1191 αὐτῶν
2490 1137 2864 1209 συμμέτρους,
2889 1137 2986 1192 καὶ
3016 1136 3326 1202 κενοδοξίας
3349 1133 3677 1205 ἀπηλλαγμέο

2107 1240 2256 1288 νους.
2287 1224 2579 1292 Ἔχοντες
2623 1224 2752 1298 γὰρ,
2791 1226 2950 1297 φησὶ,
2996 1222 3404 1294 σκεπάσματα
3443 1222 3539 1276 καί
3565 1239 3676 1290 τρο-

2106 1309 2258 1380 φὰς,
2298 1312 2538 1380 τούτοις
2557 1312 3078 1382 ἀρκεσθησόμεθα
3107 1311 3169 1364 οὐ
3193 1310 3452 1381 καθάπερ
3475 1311 3504 1364 0
3534 1310 3677 1364 Σινω·

2107 1400 2248 1464 πεύς
2295 1401 2504 1466 ἐκεῖνος
2555 1400 2586 1454 δ
2642 1400 2811 1472 ῥάκια
2857 1398 3329 1472 περιϐεϐλημένος
3390 1399 3484 1452 καὶ
3543 1399 3667 1452 πίθοκ

2107 1489 2274 1542 οἰκῶν
2297 1491 2379 1555 είς
2402 1489 2558 1544 οὐδὲν
2578 1489 2722 1556 δέον,
2752 1489 3017 1560 ἐξέπληξε
3043 1491 3142 1560 μὲν
3169 1489 3427 1554 πολλοὺς,
3450 1487 3677 1556 ὠφέλησε

2105 1576 2165 1630 δέ
2205 1576 2417 1634 οὐδένα.
2462 1579 2523 1633 '0
2568 1577 2626 1632 δέ
2673 1577 2888 1642 Παῦλος
2928 1576 3135 1631 τούτων
3168 1577 3266 1648 μὲν
3297 1575 3459 1630 οὐδὲν
3504 1575 3675 1628 ἐποίει·

2106 1663 2231 1718 οὐδὲ
2263 1665 2373 1736 γὰρ
2405 1664 2545 1736 πρὸς
2575 1664 2892 1737 φιλοτιμίαν
2922 1665 3174 1727 ἔϐλεπεν,
3217 1663 3358 1718 ἀλλὰ
3386 1665 3483 1718 καὶ
3511 1663 3680 1733 ἱμάτια

2107 1752 2473 1825 περιϐέϐλητο
2509 1752 2650 1824 μετὰ
2679 1752 3095 1825 εὐσχημοσύνης
3121 1753 3342 1822 ἀπάσης
3360 1792 3376 1818 ,
3401 1751 3496 1805 καὶ
3526 1751 3679 1804 οἰκίαν

2106 1835 2242 1910 ᾤκει
2283 1839 2587 1909 διηνεκῶς,
2617 1839 2713 1894 καὶ
2741 1841 2842 1911 τὴν
2883 1841 3174 1913 ἀκρίϐειαν
3204 1839 3430 1895 ἃπασαν
3471 1839 3560 1894 ἐπὶ
3597 1840 3680 1909 τῆς

2107 1925 2277 2000 ἄλλης
2309 1928 2516 2001 ἀρετῆς
2550 1929 2920 1991 ἐπεδείκνυτο,
2942 1926 3058 2004 ἧςό
3099 1929 3344 1992 Κυνικὸς
3376 1927 3680 1998 κατεφρόνει

2108 2013 2221 2080 ζῶν
2252 2015 2535 2086 ἀσελγῶς,
2577 2018 2672 2072 καὶ
2695 2017 2935 2090 δημοσία
2964 2015 3312 2089 ἀσχημονῶν,
3343 2016 3443 2069 καὶ
3469 2015 3570 2068 ὑπὸ
3595 2014 3680 2083 τῆς

2108 2103 2241 2174 περὶ
2275 2103 2377 2175 τὴν
2412 2103 2572 2168 δόξαν
2618 2106 2818 2176 μανίας
2862 2107 3180 2178 συρόμενος.
3222 2106 3324 2158 Ἀν
3357 2104 3471 2176 γάρ
3512 2103 3680 2175 ἐρηταί

2106 2207 2194 2253 τις
2240 2191 2343 2260 τῆς
2395 2191 2494 2244 τοῦ
2545 2191 2706 2246 πίθου
2755 2194 3030 2265 οἰκήσεως
3063 2194 3164 2266 τὴν
3201 2193 3411 2261 αἰτίαν,
3449 2191 3680 2263 οὐδεμίαν

2109 2277 2305 2350 ἑτέραν
2335 2279 2584 2350 εὑρήσει,
2609 2280 2728 2334 ἀλλ’
2753 2280 2788 2352 ἢ
2817 2281 3126 2347 κενοδοξίαν
3151 2283 3348 2354 μόνην.

2181 2513 2246 2558 ε’.
2289 2504 2346 2558 ὐ
2366 2504 2424 2558 δὲ
2453 2503 2664 2570 Παῦλος
2690 2506 2784 2561 καὶ
2807 2506 2996 2576 μισθὸν
3027 2510 3258 2580 παρεῖχε
3290 2508 3398 2578 τῆς
3427 2506 3614 2572 οἰκίας,
3632 2506 3680 2560 ἐν

2115 2589 2265 2663 [528]
2351 2594 2649 2664 κατέμενεν
2674 2595 2732 2646 ἐν
2759 2597 2825 2664 τῇ
2867 2593 3057 2666 Ῥώμῃ
3110 2596 3305 2649 Καίτοι
3330 2612 3397 2664 γε
3420 2597 3449 2648 0
3473 2593 3539 2647 τά
3566 2593 3679 2646 πολ-

2111 2677 2189 2750 λῷ
2220 2678 2559 2750 εὐτονώτερα
2593 2679 2866 2752 δυνηθεὶς,
2906 2681 3090 2751 πολλῷ
3122 2681 3327 2752 μᾶλλον
3352 2681 3516 2735 τοῦτο
3547 2681 3681 2750 ἴσχυ-

2115 2783 2207 2821 σεν
2246 2769 2332 2822 ἀν.
2377 2769 2518 2821 Ἀλλ’
2567 2769 2668 2838 οὐχ
2725 2768 2874 2840 ἐώρα
2925 2768 3065 2840 πρὸς
3116 2768 3300 2834 δόξαν,
3359 2770 3424 2824 τὸ
3464 2767 3679 2840 χαλεπὸν

2115 2854 2325 2926 θηρίον,
2350 2855 2442 2910 τὸν
2471 2856 2701 2928 δαίμονα
2724 2857 2815 2910 τὸν
2849 2856 3043 2922 δεινὸν,
3067 2856 3164 2928 τὴν
3179 2857 3365 2929 λύμην
3397 2859 3498 2928 τῆς
3525 2858 3681 2909 οἰκου-

2118 2946 2307 3016 μένης,
2334 2943 2433 3016 τὴν
2459 2945 2575 3017 έχιν
2594 2947 2695 3019 την
2719 2946 2943 3001 ἰοϐόλον.
2969 2947 3240 3017 Καθάπερ
3281 2948 3396 3018 γὰρ
3431 2946 3493 2999 τὸ
3517 2946 3680 3016 θηρίον

2115 3033 2292 3088 ἐκεῖνο
2345 3033 2444 3105 τήν
2495 3035 2658 3107 νηδὺν
2711 3038 2812 3107 τῆς
2863 3036 3132 3106 τεκούσης
3177 3035 3540 3106 διαρῤήγνυσι
3585 3037 3680 3095 τοῖς

2115 3120 2349 3187 ὀδοῦσιν,
2381 3121 2524 3176 οῦτω
2558 3124 2652 3176 καὶ
2679 3123 2839 3176 τοῦτο
2868 3124 2929 3177 τὸ
2966 3124 3138 3186 πάθος
3175 3123 3267 3176 τὸν
3299 3125 3554 3178 τίκτοντα
3583 3123 3680 3176 δια·

2118 3211 2440 3280 σπαράττει.
2474 3210 2644 3264 Πόθεν
2671 3206 2765 3264 οὖν
2791 3213 2856 3266 ἀν
2880 3229 2962 3276 τις
2992 3213 3144 3283 εῦροι
3174 3212 3252 3283 τῷ
3277 3212 3511 3282 ποικίλῳ
3528 3210 3682 3279 τούτῳ

2117 3300 2386 3368 νοσήματι
2421 3299 2748 3371 φάρμακονς
2779 3301 2842 3354 Et
2879 3301 3005 3364 τοὺς
3047 3302 3546 3372 καταπατήσαντας
3570 3299 3682 3352 αὐτὸ

2119 3387 2198 3448 είς
2228 3387 2393 3456 μέσον
2420 3388 2636 3455 ἀγάγοι,
2668 3388 2763 3441 καὶ
2797 3388 2934 3458 πρὸς
2963 3387 3062 3459 τὴν
3099 3389 3324 3442 ἐκείνων
3356 3389 3542 3442 εἰκόνα
3575 3386 3681 3456 βλέ-

2120 3493 2257 3540 πων,
2297 3475 2440 3528 οῦτω
2470 3475 2568 3546 τὴν
2607 3474 2804 3528 ἑαυτοῦ
2836 3475 2982 3547 ζωὴν
3025 3476 3404 3532 κατευθύνειε.
3451 3477 3560 3530 Kal
3587 3473 3681 3544 γὰρ

2117 3563 2146 3616 0
2175 3564 2520 3635 πατριάρχης
2561 3563 2832 3635 Ἀϐραάμ·
2858 3564 2994 3618 ἀλλὰ
3026 3565 3216 3636 μηδεὶς
3241 3565 3549 3632 ἐγκαλείτω
3568 3580 3683 3617 ταυ-

2117 3653 2389 3720 τολογίαν,
2419 3653 2470 3704 εί
2502 3652 2761 3717 πολλάκις
2799 3653 2965 3707 αὐτοῦ
2997 3654 3440 3724 μνημονεύομεν,
3472 3654 3566 3708 καὶ
3599 3652 3682 3706 ἐπὶ⁵

2120 3743 2361 3795 πάντων.
2396 3739 2568 3794 Τοῦτο
2612 3742 2722 3813 γὰρ
2757 3741 2992 3813 μάλιστά
3028 3743 3174 3796 ἐστιν
3203 3743 3231 3796 ὃ
3277 3745 3534 3797 κάκεῖνον
3566 3742 3682 3795 θαυ-

2122 3829 2326 3900 μαστὸν
2372 3829 2686 3899 ἀποφαίνει,
2737 3830 2833 3884 καὶ
2878 3832 3004 3895 τοὺς
3062 3830 3137 3902 μὴ
3186 3830 3490 3900 ζηλοῦντας
3535 3829 3680 3882 αὐτὸν

2117 3918 2301 3988 πάσης
2331 3919 2624 3990 ἀποστερεί
2652 3918 2999 3990 συγγνώμης.
3027 3919 3090 3974 Εἰ
3124 3919 3224 3991 μὲν
3252 3921 3362 3992 γάρ
3401 3922 3565 3993 μέρος
3591 3915 3680 3988 μέν

2115 4022 2170 4060 τι
2198 4005 2408 4071 τοῦτον,
2442 4006 2608 4078 μέρος
2636 4006 2693 4060 δὲ
2725 4007 2912 4079 ἕτερον
2948 4009 3355 4080 κατωρθωκότα
3389 4013 3682 4066 ἐπιδείκνυο

2119 4111 2242 4164 μεν,
2283 4091 2441 4148 εἶπεν
2479 4095 2545 4149 ἀν
2597 4113 2682 4158 τις
2742 4097 2838 4150 καὶ
2896 4097 3344 4170 δυσκατόρθωτον
3406 4097 3548 4157 εἶναι
3594 4103 3681 4173 τὴν

2117 4183 2356 4255 ἀρετήν’
2411 4183 2533 4236 οὐδὲ
2579 4184 2687 4253 γάρ
2726 4181 2865 4238 εἶναι
2917 4184 3140 4239 εὔκολον
3195 4187 3279 4241 ἑνὶ
3335 4189 3519 4244 πάντα
3561 4189 3680 4261 ὁμοῦ

2118 4269 2438 4343 κατορθοῦν,
2491 4265 2568 4326 ὧν
2622 4271 2787 4342 μέρος
2837 4271 3069 4338 ἕκαστος
3107 4273 3216 4328 τῶν
3251 4275 3425 4345 ἁγίων
3465 4281 3679 4351 ῆνυσεν·

2117 4359 2245 4414 ὅταν
2281 4360 2340 4414 δὲ
2373 4360 2696 4432 εὑρίσκηται
2728 4355 2809 4424 εἷς
2838 4361 2935 4414 καὶ
2969 4364 2999 4416 0
3043 4363 3205 4428 αὐτὸς
3233 4364 3304 4418 τὰ
3331 4366 3511 4421 πάντα
3537 4367 3680 4436 ἔχων.

2118 4448 2280 4503 ποίαν
2324 4449 2538 4517 ἕξουσιν
2580 4449 2880 4518 ἀπολογίαν
2924 4452 2974 4504 οί
3013 4452 3151 4522 μετά
3186 4454 3352 4525 νόμον
3400 4456 3497 4509 καὶ
3540 4456 3683 4526 χάριν

2116 4540 2230 4603 τοῖς
2258 4537 2366 4608 πρὸ
2405 4536 2501 4592 τοῦ
2539 4537 2708 4609 νόμου
2743 4539 2836 4592 καὶ⁵
2859 4539 2959 4608 τῆς
2985 4541 3206 4611 χάριτος
3235 4543 3318 4606 είς
3340 4543 3406 4596 τὸ
3437 4543 3570 4597 αὐτὸ
3597 4542 3683 4612 μέ-

2115 4643 2247 4697 τρον
2283 4626 2358 4698 μὴ
2399 4626 2688 4696 δυνάμενοι
2735 4626 2977 4696 φθάσαι;
3012 4629 3136 4694 Πῶς
3174 4624 3269 4684 οῦν
3316 4625 3474 4696 οῦτος
3515 4631 3543 4684 0
3587 4649 3681 4683 πα-

2115 4716 2382 4787 τριάρχης
2420 4714 2517 4768 τοῦ
2545 4714 2737 4786 θηρίου
2771 4715 2964 4769 τούτου
3004 4717 3354 4788 περιεγένετο
3394 4720 3490 4774 καὶ
3534 4721 3680 4790 ἐκρά-

2115 4815 2301 4868 τησεν,
2327 4797 2490 4870 ήνίκα
2516 4798 2652 4870 πρὸς
2673 4799 2764 4853 τὸν
2779 4799 3098 4869 ἀδελφιδοῦν
3113 4802 3530 4875 ἀμφισϐήτησιν
3550 4799 3678 4872 εἶχες

2115 4886 2228 4942 Kal
2257 4885 2368 4957 γάρ
2401 4886 2725 4950 ἐλαττωθεὶς
2747 4926 2762 4950 ,
2791 4888 2887 4940 καὶ
2925 4889 3036 4943 τῶν
3069 4889 3354 4960 πρωτείων
3383 4890 3678 4960 ἀποτυχὼν,

2115 4975 2217 5028 οὐκ
2241 4974 2501 5045 ἤλγησεν.
2529 4975 2672 5028 Ἰστε
2697 4975 2755 5029 δὲ
2779 4976 2860 5030 ὅτι
2887 4977 2948 5029 ἐν
2981 4978 3096 5040 τοῖς
3117 4977 3384 5044 τοιούτοις
3407 4981 3440 5049 ή
3465 4977 3678 5049 αἰσχύνη

2113 5061 2217 5132 τῆς
2263 5061 2470 5132 ζημίας
2519 5061 2717 5133 χείρων
2753 5066 2865 5128 τοῖς
2899 5064 3280 5136 μικροψύχοις,
3330 5069 3426 5121 καὶ
3461 5067 3678 5140 μάλιστα

2115 5153 2244 5207 ὅταν
2290 5152 2457 5216 αὐτὸς
2496 5153 2749 5208 ἀπάντων
2812 5155 3003 5226 κύριος
3052 5156 3162 5220 ὢν,
3198 5158 3453 5231 καθάπερ
3487 5158 3676 5214 ἐκεῖνος

2113 5241 2260 5306 τότε,
2292 5241 2506 5314 καὶτῆς
2527 5243 2698 5313 τιμῆς
2720 5243 2987 5317 πρότερος
3008 5245 3201 5315 ἄρξας.
3234 5247 3309 5318 μή
3339 5247 3673 5318 ἀντιτιμῷτο.

2127 5330 2268 5385 Ἀλλ’
2311 5331 2464 5402 ὅμως
2489 5331 2640 5384 οὐδὲν
2666 5330 2872 5386 τούτων
2901 5334 3107 5387 ἐκεῖνον
3139 5334 3380 5402 ἔδακνεν,
3424 5337 3558 5389 ἀλλά
3592 5332 3673 5386 καὶ

2113 5417 2184 5472 τά
2223 5418 2452 5488 δεύτερα
2490 5419 2630 5490 ἔχων
2661 5419 2920 5492 ἔστεργε,
2956 5422 3052 5476 καὶ
3078 5423 3364 5494 ἀδικηθεὶς
3405 5424 3554 5494 παρά
3591 5419 3671 5475 τοῦ

2113 5507 2237 5560 νέου
2274 5509 2304 5560 0
2337 5506 2674 5578 πρεσϐύτης,
2708 5509 2803 5562 καὶ
2842 5510 2994 5582 παρά
3036 5508 3132 5563 τοῦ
3177 5511 3460 5580 ἀδελφιδοῦ
3491 5513 3518 5563 0
3545 5510 3671 5571 θεῖος

2113 5593 2216 5648 οὐκ
2247 5595 2570 5665 ἠγανάκτει,
2609 5595 2729 5650 οὐδὲ
2767 5595 3180 5669 ἐδυσχέραινεν,
3211 5599 3347 5654 ἀλλά
3373 5600 3468 5670 καὶ
3514 5597 3671 5665 ἐφίλει

2113 5682 2316 5753 ὁμοίως
2356 5682 2453 5737 καὶ
2479 5682 2804 5754 ἐθεράπευε.
2841 5685 3013 5739 Πάλιν
3045 5686 3278 5757 νικήσας
3317 5687 3405 5741 τὸν
3451 5685 3670 5754 πόλεμον

2113 5771 2324 5827 ἐκεῖνον
2349 5771 2442 5827 τὸν
2471 5770 2644 5843 μέγαν
2687 5773 2782 5828 καὶ
2809 5773 3073 5846 φοϐερὸν,
3101 5776 3198 5831 καὶ
3227 5779 3353 5842 τοὺς
3381 5774 3670 5848 βαρϐάρους
