  <div class='ocr_page' id='page_1' title='image "/cluster/home/n/w/nwhite01/storage/ocr_20150623/61/hvd.32044019190461/308.png"; bbox 0 0 3802 6214; ppageno 0'>
   <div class='ocr_carea' id='block_1_1' title="bbox 112 279 1664 361">
    <p class='ocr_par' dir='ltr' id='par_1_1' title="bbox 112 279 1632 361">
     <span class='ocr_line' id='line_1_1' title="bbox 112 279 1632 361; baseline 0.003 -23"><span class='ocrx_word' id='word_1_1' title='bbox 112 300 201 361; x_wconf 68' lang='grc' dir='ltr'><strong>δίη</strong></span> <span class='ocrx_word' id='word_1_2' title='bbox 1103 279 1173 341; x_wconf 73' lang='lat' dir='ltr'><strong>1N</strong></span> <span class='ocrx_word' id='word_1_3' title='bbox 1207 286 1424 345; x_wconf 79' lang='lat' dir='ltr'><strong>EPIST.</strong></span> <span class='ocrx_word' id='word_1_4' title='bbox 1464 285 1487 343; x_wconf 91' lang='grc' dir='ltr'>ι</span> <span class='ocrx_word' id='word_1_5' title='bbox 1538 284 1632 343; x_wconf 70' lang='lat' dir='ltr'><strong>an</strong></span> 
     </span>
    </p>
   </div>
   <div class='ocr_carea' id='block_1_2' title="bbox 1807 279 2343 361">
    <p class='ocr_par' dir='ltr' id='par_1_2' title="bbox 1813 284 2343 348">
     <span class='ocr_line' id='line_1_2' title="bbox 1813 284 2343 348; baseline 0.011 -6"><span class='ocrx_word' id='word_1_6' title='bbox 1813 328 1827 341; x_wconf 92' lang='lat'><strong>.</strong></span> <span class='ocrx_word' id='word_1_7' title='bbox 1858 284 2094 345; x_wconf 75' lang='grc' dir='ltr'><strong>ΗΟΜῙΙ..</strong></span> <span class='ocrx_word' id='word_1_8' title='bbox 2123 288 2343 348; x_wconf 80' lang='lat' dir='ltr'><strong>XXXV.</strong></span> 
     </span>
    </p>
   </div>
   <div class='ocr_carea' id='block_1_3' title="bbox 102 401 1667 474">
    <p class='ocr_par' dir='ltr' id='par_1_3' title="bbox 102 401 1667 474">
     <span class='ocr_line' id='line_1_3' title="bbox 102 401 1667 474; baseline -0.01 -4"><span class='ocrx_word' id='word_1_9' title='bbox 102 414 369 471; x_wconf 75' lang='lat' dir='ltr'><strong>instituam.</strong></span> <span class='ocrx_word' id='word_1_10' title='bbox 391 402 532 474; x_wconf 91' lang='lat' dir='ltr'><strong>Quid</strong></span> <span class='ocrx_word' id='word_1_11' title='bbox 560 410 665 474; x_wconf 85' lang='lat' dir='ltr'><strong>est,</strong></span> <span class='ocrx_word' id='word_1_12' title='bbox 702 401 871 462; x_wconf 72' lang='lat' dir='ltr'><strong>Sensit</strong></span> <span class='ocrx_word' id='word_1_13' title='bbox 897 417 1008 459; x_wconf 83' lang='lat' dir='ltr'><strong>meo</strong></span> <span class='ocrx_word' id='word_1_14' title='bbox 1047 401 1205 473; x_wconf 83' lang='lat' dir='ltr'><strong>loqui,</strong></span> <span class='ocrx_word' id='word_1_15' title='bbox 1244 410 1301 456; x_wconf 80' lang='lat' dir='ltr'><strong>ut</strong></span> <span class='ocrx_word' id='word_1_16' title='bbox 1326 409 1372 457; x_wconf 79' lang='lat' dir='ltr'><strong>et</strong></span> <span class='ocrx_word' id='word_1_17' title='bbox 1413 401 1544 457; x_wconf 82' lang='lat' dir='ltr'><strong>alios</strong></span> <span class='ocrx_word' id='word_1_18' title='bbox 1584 401 1667 456; x_wconf 85' lang='lat' dir='ltr'><strong>in-</strong></span> 
     </span>
    </p>
   </div>
   <div class='ocr_carea' id='block_1_4' title="bbox 111 494 1669 571">
    <p class='ocr_par' dir='ltr' id='par_1_4' title="bbox 111 494 1669 571">
     <span class='ocr_line' id='line_1_4' title="bbox 111 494 1669 571; baseline -0.009 -8"><span class='ocrx_word' id='word_1_19' title='bbox 111 501 332 565; x_wconf 76' lang='lat' dir='ltr'><strong>stituam?</strong></span> <span class='ocrx_word' id='word_1_20' title='bbox 368 499 677 571; x_wconf 81' lang='lat' dir='ltr'><strong>intelligens</strong></span> <span class='ocrx_word' id='word_1_21' title='bbox 703 512 823 568; x_wconf 61' lang='lat' dir='ltr'><strong>quae</strong></span> <span class='ocrx_word' id='word_1_22' title='bbox 865 495 1009 563; x_wconf 86' lang='lat' dir='ltr'><strong>dico,</strong></span> <span class='ocrx_word' id='word_1_23' title='bbox 1045 505 1102 551; x_wconf 91' lang='lat' dir='ltr'><strong>et</strong></span> <span class='ocrx_word' id='word_1_24' title='bbox 1141 510 1259 565; x_wconf 67' lang='lat' dir='ltr'><strong>quae</strong></span> <span class='ocrx_word' id='word_1_25' title='bbox 1287 508 1508 565; x_wconf 88' lang='lat' dir='ltr'><strong>possum</strong></span> <span class='ocrx_word' id='word_1_26' title='bbox 1549 494 1669 549; x_wconf 89' lang='lat' dir='ltr'><strong>aliis</strong></span> 
     </span>
    </p>
   </div>
   <div class='ocr_carea' id='block_1_5' title="bbox 113 588 1671 671">
    <p class='ocr_par' dir='ltr' id='par_1_5' title="bbox 113 588 1671 671">
     <span class='ocr_line' id='line_1_5' title="bbox 113 588 1671 671; baseline -0.008 -18"><span class='ocrx_word' id='word_1_27' title='bbox 113 609 303 671; x_wconf 89' lang='lat' dir='ltr'><strong>quoque</strong></span> <span class='ocrx_word' id='word_1_28' title='bbox 333 592 695 663; x_wconf 88' lang='lat' dir='ltr'><strong>interpretari,</strong></span> <span class='ocrx_word' id='word_1_29' title='bbox 734 599 790 647; x_wconf 91' lang='lat' dir='ltr'><strong>et</strong></span> <span class='ocrx_word' id='word_1_30' title='bbox 829 605 951 645; x_wconf 92' lang='lat' dir='ltr'><strong>cum</strong></span> <span class='ocrx_word' id='word_1_31' title='bbox 980 588 1328 660; x_wconf 78' lang='lat' dir='ltr'><strong>intelligentia</strong></span> <span class='ocrx_word' id='word_1_32' title='bbox 1369 588 1568 652; x_wconf 79' lang='lat' dir='ltr'><strong>dicere,</strong></span> <span class='ocrx_word' id='word_1_33' title='bbox 1614 596 1671 642; x_wconf 89' lang='lat' dir='ltr'><strong>et</strong></span> 
     </span>
    </p>
   </div>
   <div class='ocr_carea' id='block_1_6' title="bbox 113 680 1669 755">
    <p class='ocr_par' dir='ltr' id='par_1_6' title="bbox 113 680 1669 755">
     <span class='ocr_line' id='line_1_6' title="bbox 113 680 1669 755; baseline -0.01 -9"><span class='ocrx_word' id='word_1_34' title='bbox 113 693 288 746; x_wconf 86' lang='lat' dir='ltr'><strong>docere</strong></span> <span class='ocrx_word' id='word_1_35' title='bbox 314 698 408 740; x_wconf 88' lang='lat' dir='ltr'><strong>eos</strong></span> <span class='ocrx_word' id='word_1_36' title='bbox 431 684 520 755; x_wconf 93' lang='lat' dir='ltr'><strong>qui</strong></span> <span class='ocrx_word' id='word_1_37' title='bbox 547 682 791 738; x_wconf 90' lang='lat' dir='ltr'><strong>audiunt.</strong></span> <span class='ocrx_word' id='word_1_38' title='bbox 821 682 987 749; x_wconf 84' lang='lat' dir='ltr'><strong>Quam</strong></span> <span class='ocrx_word' id='word_1_39' title='bbox 1006 682 1180 735; x_wconf 82' lang='lat' dir='ltr'><strong>decem</strong></span> <span class='ocrx_word' id='word_1_40' title='bbox 1213 680 1375 734; x_wconf 86' lang='lat' dir='ltr'><strong>millia</strong></span> <span class='ocrx_word' id='word_1_41' title='bbox 1402 680 1669 735; x_wconf 79' lang='lat' dir='ltr'><strong>verborum</strong></span> 
     </span>
    </p>
   </div>
   <div class='ocr_carea' id='block_1_7' title="bbox 107 770 1665 849">
    <p class='ocr_par' dir='ltr' id='par_1_7' title="bbox 107 770 1665 849">
     <span class='ocr_line' id='line_1_7' title="bbox 107 770 1665 849; baseline -0.008 -12"><span class='ocrx_word' id='word_1_42' title='bbox 107 784 157 838; x_wconf 84' lang='lat' dir='ltr'><strong>in</strong></span> <span class='ocrx_word' id='word_1_43' title='bbox 195 779 382 849; x_wconf 79' lang='lat' dir='ltr'><strong>lingua.</strong></span> <span class='ocrx_word' id='word_1_44' title='bbox 413 775 628 844; x_wconf 81' lang='lat' dir='ltr'><strong>Quare?</strong></span> <span class='ocrx_word' id='word_1_45' title='bbox 670 773 739 829; x_wconf 84' lang='lat' dir='ltr'><strong>Ut</strong></span> <span class='ocrx_word' id='word_1_46' title='bbox 781 772 932 838; x_wconf 86' lang='lat' dir='ltr'><strong>alios,</strong></span> <span class='ocrx_word' id='word_1_47' title='bbox 980 773 1168 843; x_wconf 91' lang='lat' dir='ltr'><strong>inquit,</strong></span> <span class='ocrx_word' id='word_1_48' title='bbox 1211 772 1493 826; x_wconf 72' lang='lat' dir='ltr'><strong>instituam.</strong></span> <span class='ocrx_word' id='word_1_49' title='bbox 1532 770 1665 826; x_wconf 84' lang='lat' dir='ltr'><strong>Nam</strong></span> 
     </span>
    </p>
   </div>
   <div class='ocr_carea' id='block_1_8' title="bbox 106 863 1667 939">
    <p class='ocr_par' dir='ltr' id='par_1_8' title="bbox 106 863 1667 939">
     <span class='ocr_line' id='line_1_8' title="bbox 106 863 1667 939; baseline -0.008 -9"><span class='ocrx_word' id='word_1_50' title='bbox 106 870 223 930; x_wconf 90' lang='lat' dir='ltr'><strong>illud</strong></span> <span class='ocrx_word' id='word_1_51' title='bbox 251 868 465 939; x_wconf 87' lang='lat' dir='ltr'><strong>quidem</strong></span> <span class='ocrx_word' id='word_1_52' title='bbox 494 867 655 922; x_wconf 92' lang='lat' dir='ltr'><strong>habet</strong></span> <span class='ocrx_word' id='word_1_53' title='bbox 693 865 1106 921; x_wconf 87' lang='lat' dir='ltr'><strong>ostentationem</strong></span> <span class='ocrx_word' id='word_1_54' title='bbox 1148 872 1380 929; x_wconf 90' lang='lat' dir='ltr'><strong>tantum,</strong></span> <span class='ocrx_word' id='word_1_55' title='bbox 1426 863 1530 918; x_wconf 90' lang='lat' dir='ltr'><strong>hoc</strong></span> <span class='ocrx_word' id='word_1_56' title='bbox 1565 878 1667 918; x_wconf 87' lang='lat' dir='ltr'><strong>au-</strong></span> 
     </span>
    </p>
   </div>
   <div class='ocr_carea' id='block_1_9' title="bbox 104 953 1667 1026">
    <p class='ocr_par' dir='ltr' id='par_1_9' title="bbox 104 953 1667 1026">
     <span class='ocr_line' id='line_1_9' title="bbox 104 953 1667 1026; baseline -0.006 -6"><span class='ocrx_word' id='word_1_57' title='bbox 104 975 199 1020; x_wconf 88' lang='lat' dir='ltr'><strong>tem</strong></span> <span class='ocrx_word' id='word_1_58' title='bbox 225 960 439 1016; x_wconf 85' lang='lat' dir='ltr'><strong>multam</strong></span> <span class='ocrx_word' id='word_1_59' title='bbox 482 959 787 1014; x_wconf 74' lang='lat' dir='ltr'><strong>utilitatem.</strong></span> <span class='ocrx_word' id='word_1_60' title='bbox 817 956 933 1013; x_wconf 85' lang='lat' dir='ltr'><strong>lloc</strong></span> <span class='ocrx_word' id='word_1_61' title='bbox 956 954 1099 1012; x_wconf 87' lang='lat' dir='ltr'><strong>enim</strong></span> <span class='ocrx_word' id='word_1_62' title='bbox 1146 963 1248 1021; x_wconf 88' lang='lat' dir='ltr'><strong>est,</strong></span> <span class='ocrx_word' id='word_1_63' title='bbox 1286 954 1428 1026; x_wconf 89' lang='lat' dir='ltr'><strong>quod</strong></span> <span class='ocrx_word' id='word_1_64' title='bbox 1468 953 1667 1025; x_wconf 89' lang='lat' dir='ltr'><strong>ubique</strong></span> 
     </span>
    </p>
   </div>
   <div class='ocr_carea' id='block_1_10' title="bbox 100 1048 1667 1131">
    <p class='ocr_par' dir='ltr' id='par_1_10' title="bbox 100 1048 1667 1131">
     <span class='ocr_line' id='line_1_10' title="bbox 100 1048 1667 1131; baseline -0.004 -23"><span class='ocrx_word' id='word_1_65' title='bbox 100 1057 309 1131; x_wconf 65' lang='lat' dir='ltr'><strong>quatrit,</strong></span> <span class='ocrx_word' id='word_1_66' title='bbox 337 1053 478 1125; x_wconf 89' lang='lat' dir='ltr'><strong>quod</strong></span> <span class='ocrx_word' id='word_1_67' title='bbox 505 1054 559 1108; x_wconf 92' lang='lat' dir='ltr'><strong>in</strong></span> <span class='ocrx_word' id='word_1_68' title='bbox 588 1052 859 1109; x_wconf 90' lang='lat' dir='ltr'><strong>communi</strong></span> <span class='ocrx_word' id='word_1_69' title='bbox 878 1052 949 1107; x_wconf 89' lang='lat' dir='ltr'><strong>sit</strong></span> <span class='ocrx_word' id='word_1_70' title='bbox 973 1050 1125 1106; x_wconf 88' lang='lat' dir='ltr'><strong>utile.</strong></span> <span class='ocrx_word' id='word_1_71' title='bbox 1153 1048 1314 1119; x_wconf 85' lang='lat' dir='ltr'><strong>Atqui</strong></span> <span class='ocrx_word' id='word_1_72' title='bbox 1337 1049 1536 1103; x_wconf 88' lang='lat' dir='ltr'><strong>donum</strong></span> <span class='ocrx_word' id='word_1_73' title='bbox 1561 1048 1667 1101; x_wconf 90' lang='lat' dir='ltr'><strong>lin-</strong></span> 
     </span>
    </p>
   </div>
   <div class='ocr_carea' id='block_1_11' title="bbox 96 1138 1662 1221">
    <p class='ocr_par' dir='ltr' id='par_1_11' title="bbox 96 1138 1662 1221">
     <span class='ocr_line' id='line_1_11' title="bbox 96 1138 1662 1221; baseline -0.008 -17"><span class='ocrx_word' id='word_1_74' title='bbox 96 1162 307 1221; x_wconf 81' lang='lat' dir='ltr'><strong>guarum</strong></span> <span class='ocrx_word' id='word_1_75' title='bbox 344 1155 462 1202; x_wconf 88' lang='lat' dir='ltr'><strong>erat</strong></span> <span class='ocrx_word' id='word_1_76' title='bbox 503 1159 701 1200; x_wconf 85' lang='lat' dir='ltr'><strong>novum</strong></span> <span class='ocrx_word' id='word_1_77' title='bbox 746 1152 802 1199; x_wconf 92' lang='lat' dir='ltr'><strong>et</strong></span> <span class='ocrx_word' id='word_1_78' title='bbox 843 1143 1098 1203; x_wconf 86' lang='lat' dir='ltr'><strong>alienum.</strong></span> <span class='ocrx_word' id='word_1_79' title='bbox 1145 1138 1441 1210; x_wconf 78' lang='lat' dir='ltr'><strong>prophetia:</strong></span> <span class='ocrx_word' id='word_1_80' title='bbox 1484 1146 1662 1192; x_wconf 87' lang='lat' dir='ltr'><strong>autem</strong></span> 
     </span>
    </p>
   </div>
   <div class='ocr_carea' id='block_1_12' title="bbox 95 1228 1660 1304">
    <p class='ocr_par' dir='ltr' id='par_1_12' title="bbox 95 1228 1660 1304">
     <span class='ocr_line' id='line_1_12' title="bbox 95 1228 1660 1304; baseline -0.011 -7"><span class='ocrx_word' id='word_1_81' title='bbox 95 1244 283 1297; x_wconf 88' lang='lat' dir='ltr'><strong>donum</strong></span> <span class='ocrx_word' id='word_1_82' title='bbox 310 1249 623 1294; x_wconf 90' lang='lat' dir='ltr'><strong>consuetum</strong></span> <span class='ocrx_word' id='word_1_83' title='bbox 652 1245 708 1292; x_wconf 90' lang='lat' dir='ltr'><strong>et</strong></span> <span class='ocrx_word' id='word_1_84' title='bbox 732 1236 1005 1304; x_wconf 89' lang='lat' dir='ltr'><strong>antiquum</strong></span> <span class='ocrx_word' id='word_1_85' title='bbox 1034 1242 1087 1288; x_wconf 91' lang='lat' dir='ltr'><strong>et</strong></span> <span class='ocrx_word' id='word_1_86' title='bbox 1116 1231 1297 1287; x_wconf 90' lang='lat' dir='ltr'><strong>multis</strong></span> <span class='ocrx_word' id='word_1_87' title='bbox 1321 1230 1429 1299; x_wconf 91' lang='lat' dir='ltr'><strong>jam</strong></span> <span class='ocrx_word' id='word_1_88' title='bbox 1456 1228 1660 1296; x_wconf 91' lang='lat' dir='ltr'><strong>datum,</strong></span> 
     </span>
    </p>
   </div>
   <div class='ocr_carea' id='block_1_13' title="bbox 92 1318 1663 1398">
    <p class='ocr_par' dir='ltr' id='par_1_13' title="bbox 92 1318 1663 1398">
     <span class='ocr_line' id='line_1_13' title="bbox 92 1318 1663 1398; baseline -0.01 -11"><span class='ocrx_word' id='word_1_89' title='bbox 92 1336 190 1389; x_wconf 90' lang='lat' dir='ltr'><strong>hoc</strong></span> <span class='ocrx_word' id='word_1_90' title='bbox 213 1340 389 1385; x_wconf 84' lang='lat' dir='ltr'><strong>autem</strong></span> <span class='ocrx_word' id='word_1_91' title='bbox 416 1339 529 1384; x_wconf 91' lang='lat' dir='ltr'><strong>tum</strong></span> <span class='ocrx_word' id='word_1_92' title='bbox 558 1328 785 1398; x_wconf 88' lang='lat' dir='ltr'><strong>primum</strong></span> <span class='ocrx_word' id='word_1_93' title='bbox 814 1342 829 1390; x_wconf 88' lang='lat'><strong>;</strong></span> <span class='ocrx_word' id='word_1_94' title='bbox 872 1324 965 1380; x_wconf 89' lang='lat' dir='ltr'><strong>sed</strong></span> <span class='ocrx_word' id='word_1_95' title='bbox 999 1332 1177 1378; x_wconf 87' lang='lat' dir='ltr'><strong>tamen</strong></span> <span class='ocrx_word' id='word_1_96' title='bbox 1208 1321 1259 1375; x_wconf 92' lang='lat' dir='ltr'><strong>in</strong></span> <span class='ocrx_word' id='word_1_97' title='bbox 1287 1320 1339 1375; x_wconf 88' lang='lat' dir='ltr'><strong>id</strong></span> <span class='ocrx_word' id='word_1_98' title='bbox 1376 1335 1482 1374; x_wconf 92' lang='lat' dir='ltr'><strong>non</strong></span> <span class='ocrx_word' id='word_1_99' title='bbox 1521 1318 1663 1373; x_wconf 87' lang='lat' dir='ltr'><strong>mul-</strong></span> 
     </span>
    </p>
   </div>
   <div class='ocr_carea' id='block_1_14' title="bbox 91 1417 1662 1491">
    <p class='ocr_par' dir='ltr' id='par_1_14' title="bbox 91 1417 1662 1491">
     <span class='ocr_line' id='line_1_14' title="bbox 91 1417 1662 1491; baseline -0.011 -11"><span class='ocrx_word' id='word_1_100' title='bbox 91 1437 196 1480; x_wconf 90' lang='lat' dir='ltr'><strong>tum</strong></span> <span class='ocrx_word' id='word_1_101' title='bbox 225 1420 455 1491; x_wconf 76' lang='lat' dir='ltr'><strong>ponebat</strong></span> <span class='ocrx_word' id='word_1_102' title='bbox 478 1419 660 1474; x_wconf 88' lang='lat' dir='ltr'><strong>studii.</strong></span> <span class='ocrx_word' id='word_1_103' title='bbox 689 1417 1047 1485; x_wconf 85' lang='lat' dir='ltr'><strong>Quamobrem</strong></span> <span class='ocrx_word' id='word_1_104' title='bbox 1070 1428 1169 1469; x_wconf 86' lang='lat' dir='ltr'><strong>nec</strong></span> <span class='ocrx_word' id='word_1_105' title='bbox 1194 1428 1260 1468; x_wconf 92' lang='lat' dir='ltr'><strong>co</strong></span> <span class='ocrx_word' id='word_1_106' title='bbox 1281 1426 1410 1466; x_wconf 90' lang='lat' dir='ltr'><strong>usus</strong></span> <span class='ocrx_word' id='word_1_107' title='bbox 1429 1419 1532 1476; x_wconf 90' lang='lat' dir='ltr'><strong>est,</strong></span> <span class='ocrx_word' id='word_1_108' title='bbox 1554 1425 1662 1464; x_wconf 91' lang='lat' dir='ltr'><strong>non</strong></span> 
     </span>
    </p>
   </div>
   <div class='ocr_carea' id='block_1_15' title="bbox 86 1499 1666 1584">
    <p class='ocr_par' dir='ltr' id='par_1_15' title="bbox 86 1499 1666 1584">
     <span class='ocr_line' id='line_1_15' title="bbox 86 1499 1666 1584; baseline -0.009 -16"><span class='ocrx_word' id='word_1_109' title='bbox 86 1513 221 1584; x_wconf 89' lang='lat' dir='ltr'><strong>quod</strong></span> <span class='ocrx_word' id='word_1_110' title='bbox 251 1526 360 1566; x_wconf 91' lang='lat' dir='ltr'><strong>non</strong></span> <span class='ocrx_word' id='word_1_111' title='bbox 392 1510 633 1573; x_wconf 75' lang='lat' dir='ltr'><strong>haberet,</strong></span> <span class='ocrx_word' id='word_1_112' title='bbox 674 1507 769 1563; x_wconf 88' lang='lat' dir='ltr'><strong>sed</strong></span> <span class='ocrx_word' id='word_1_113' title='bbox 799 1506 940 1577; x_wconf 90' lang='lat' dir='ltr'><strong>quod</strong></span> <span class='ocrx_word' id='word_1_114' title='bbox 970 1510 1239 1575; x_wconf 66' lang='lat' dir='ltr'><strong>quaereret</strong></span> <span class='ocrx_word' id='word_1_115' title='bbox 1266 1516 1386 1573; x_wconf 67' lang='lat' dir='ltr'><strong>qua:</strong></span> <span class='ocrx_word' id='word_1_116' title='bbox 1411 1510 1536 1555; x_wconf 90' lang='lat' dir='ltr'><strong>sunt</strong></span> <span class='ocrx_word' id='word_1_117' title='bbox 1562 1499 1666 1554; x_wconf 91' lang='lat' dir='ltr'><strong>uti-</strong></span> 
     </span>
    </p>
   </div>
   <div class='ocr_carea' id='block_1_16' title="bbox 87 1594 1662 1665">
    <p class='ocr_par' dir='ltr' id='par_1_16' title="bbox 87 1594 1662 1665">
     <span class='ocr_line' id='line_1_16' title="bbox 87 1594 1662 1665; baseline -0.011 -4"><span class='ocrx_word' id='word_1_118' title='bbox 87 1609 213 1661; x_wconf 76' lang='lat' dir='ltr'><strong>liora</strong></span> <span class='ocrx_word' id='word_1_119' title='bbox 246 1622 260 1657; x_wconf 75' lang='grc' dir='ltr'><strong>ε</strong></span> <span class='ocrx_word' id='word_1_120' title='bbox 292 1612 410 1657; x_wconf 89' lang='lat' dir='ltr'><strong>erat</strong></span> <span class='ocrx_word' id='word_1_121' title='bbox 435 1602 577 1657; x_wconf 81' lang='lat' dir='ltr'><strong>enim</strong></span> <span class='ocrx_word' id='word_1_122' title='bbox 606 1600 743 1655; x_wconf 90' lang='lat' dir='ltr'><strong>liber</strong></span> <span class='ocrx_word' id='word_1_123' title='bbox 772 1600 839 1653; x_wconf 90' lang='lat' dir='ltr'><strong>ab</strong></span> <span class='ocrx_word' id='word_1_124' title='bbox 866 1598 1009 1652; x_wconf 89' lang='lat' dir='ltr'><strong>omni</strong></span> <span class='ocrx_word' id='word_1_125' title='bbox 1042 1596 1183 1651; x_wconf 90' lang='lat' dir='ltr'><strong>inani</strong></span> <span class='ocrx_word' id='word_1_126' title='bbox 1209 1594 1400 1665; x_wconf 82' lang='lat' dir='ltr'><strong>gloria,</strong></span> <span class='ocrx_word' id='word_1_127' title='bbox 1424 1601 1479 1648; x_wconf 89' lang='lat' dir='ltr'><strong>et</strong></span> <span class='ocrx_word' id='word_1_128' title='bbox 1499 1605 1662 1646; x_wconf 92' lang='lat' dir='ltr'><strong>unum</strong></span> 
     </span>
    </p>
   </div>
   <div class='ocr_carea' id='block_1_17' title="bbox 81 1684 1663 1767">
    <p class='ocr_par' dir='ltr' id='par_1_17' title="bbox 81 1684 1663 1767">
     <span class='ocr_line' id='line_1_17' title="bbox 81 1684 1663 1767; baseline -0.011 -14"><span class='ocrx_word' id='word_1_129' title='bbox 81 1694 373 1767; x_wconf 79' lang='lat' dir='ltr'><strong>spectabat,</strong></span> <span class='ocrx_word' id='word_1_130' title='bbox 404 1702 463 1747; x_wconf 93' lang='lat' dir='ltr'><strong>ut</strong></span> <span class='ocrx_word' id='word_1_131' title='bbox 491 1692 740 1748; x_wconf 87' lang='lat' dir='ltr'><strong>meliores</strong></span> <span class='ocrx_word' id='word_1_132' title='bbox 765 1689 1017 1744; x_wconf 84' lang='lat' dir='ltr'><strong>redderet</strong></span> <span class='ocrx_word' id='word_1_133' title='bbox 1045 1687 1338 1742; x_wconf 84' lang='lat' dir='ltr'><strong>auditores.</strong></span> <span class='ocrx_word' id='word_1_134' title='bbox 1376 1684 1663 1753; x_wconf 87' lang='lat' dir='ltr'><strong>Propterea</strong></span> 
     </span>
    </p>
   </div>
   <div class='ocr_carea' id='block_1_18' title="bbox 79 1773 1713 1855">
    <p class='ocr_par' dir='ltr' id='par_1_18' title="bbox 79 1773 1713 1855">
     <span class='ocr_line' id='line_1_18' title="bbox 79 1773 1713 1855; baseline -0.01 -12"><span class='ocrx_word' id='word_1_135' title='bbox 79 1788 235 1843; x_wconf 82' lang='lat' dir='ltr'><strong>ctiam</strong></span> <span class='ocrx_word' id='word_1_136' title='bbox 281 1792 496 1855; x_wconf 81' lang='lat' dir='ltr'><strong>poterat</strong></span> <span class='ocrx_word' id='word_1_137' title='bbox 520 1783 703 1851; x_wconf 82' lang='lat' dir='ltr'><strong>videre</strong></span> <span class='ocrx_word' id='word_1_138' title='bbox 728 1779 872 1851; x_wconf 91' lang='lat' dir='ltr'><strong>quod</strong></span> <span class='ocrx_word' id='word_1_139' title='bbox 898 1778 998 1835; x_wconf 88' lang='lat' dir='ltr'><strong>sibi</strong></span> <span class='ocrx_word' id='word_1_140' title='bbox 1028 1787 1085 1833; x_wconf 90' lang='lat' dir='ltr'><strong>et</strong></span> <span class='ocrx_word' id='word_1_141' title='bbox 1110 1776 1232 1832; x_wconf 89' lang='lat' dir='ltr'><strong>aliis</strong></span> <span class='ocrx_word' id='word_1_142' title='bbox 1258 1782 1377 1830; x_wconf 88' lang='lat' dir='ltr'><strong>erat</strong></span> <span class='ocrx_word' id='word_1_143' title='bbox 1414 1773 1566 1838; x_wconf 87' lang='lat' dir='ltr'><strong>utile,</strong></span> <span class='ocrx_word' id='word_1_144' title='bbox 1595 1786 1664 1827; x_wconf 91' lang='lat' dir='ltr'><strong>eo</strong></span> <span class='ocrx_word' id='word_1_145' title='bbox 1706 1820 1713 1827; x_wconf 96' lang='lat'><strong>.</strong></span> 
     </span>
    </p>
   </div>
   <div class='ocr_carea' id='block_1_19' title="bbox 76 1863 1664 1951">
    <p class='ocr_par' dir='ltr' id='par_1_19' title="bbox 76 1863 1664 1951">
     <span class='ocr_line' id='line_1_19' title="bbox 76 1863 1664 1951; baseline -0.011 -15"><span class='ocrx_word' id='word_1_146' title='bbox 76 1879 212 1951; x_wconf 89' lang='lat' dir='ltr'><strong>quod</strong></span> <span class='ocrx_word' id='word_1_147' title='bbox 240 1886 390 1934; x_wconf 80' lang='lat' dir='ltr'><strong>esset</strong></span> <span class='ocrx_word' id='word_1_148' title='bbox 416 1876 555 1931; x_wconf 88' lang='lat' dir='ltr'><strong>liber</strong></span> <span class='ocrx_word' id='word_1_149' title='bbox 583 1874 653 1929; x_wconf 91' lang='lat' dir='ltr'><strong>ab</strong></span> <span class='ocrx_word' id='word_1_150' title='bbox 678 1873 821 1928; x_wconf 91' lang='lat' dir='ltr'><strong>inani</strong></span> <span class='ocrx_word' id='word_1_151' title='bbox 849 1871 1038 1943; x_wconf 79' lang='lat' dir='ltr'><strong>gloria.</strong></span> <span class='ocrx_word' id='word_1_152' title='bbox 1060 1868 1193 1924; x_wconf 85' lang='lat' dir='ltr'><strong>Nam</strong></span> <span class='ocrx_word' id='word_1_153' title='bbox 1233 1867 1322 1938; x_wconf 89' lang='lat' dir='ltr'><strong>qui</strong></span> <span class='ocrx_word' id='word_1_154' title='bbox 1348 1874 1431 1922; x_wconf 89' lang='lat' dir='ltr'><strong>est</strong></span> <span class='ocrx_word' id='word_1_155' title='bbox 1463 1865 1516 1920; x_wconf 90' lang='lat' dir='ltr'><strong>in</strong></span> <span class='ocrx_word' id='word_1_156' title='bbox 1545 1863 1664 1934; x_wconf 84' lang='lat' dir='ltr'><strong>ejus</strong></span> 
     </span>
    </p>
   </div>
   <div class='ocr_carea' id='block_1_20' title="bbox 75 1959 1660 2035">
    <p class='ocr_par' dir='ltr' id='par_1_20' title="bbox 75 1959 1660 2035">
     <span class='ocr_line' id='line_1_20' title="bbox 75 1959 1660 2035; baseline -0.011 -6"><span class='ocrx_word' id='word_1_157' title='bbox 75 1972 391 2029; x_wconf 74' lang='lat' dir='ltr'><strong>servitutem</strong></span> <span class='ocrx_word' id='word_1_158' title='bbox 418 1969 687 2029; x_wconf 88' lang='lat' dir='ltr'><strong>redactus,</strong></span> <span class='ocrx_word' id='word_1_159' title='bbox 738 1981 844 2020; x_wconf 91' lang='lat' dir='ltr'><strong>non</strong></span> <span class='ocrx_word' id='word_1_160' title='bbox 889 1963 1087 2035; x_wconf 88' lang='lat' dir='ltr'><strong>poterit</strong></span> <span class='ocrx_word' id='word_1_161' title='bbox 1114 1961 1321 2026; x_wconf 88' lang='lat' dir='ltr'><strong>videre,</strong></span> <span class='ocrx_word' id='word_1_162' title='bbox 1350 1974 1457 2015; x_wconf 90' lang='lat' dir='ltr'><strong>non</strong></span> <span class='ocrx_word' id='word_1_163' title='bbox 1486 1959 1660 2013; x_wconf 88' lang='lat' dir='ltr'><strong>solum</strong></span> 
     </span>
    </p>
   </div>
   <div class='ocr_carea' id='block_1_21' title="bbox 72 2049 1663 2136">
    <p class='ocr_par' dir='ltr' id='par_1_21' title="bbox 72 2049 1663 2136">
     <span class='ocr_line' id='line_1_21' title="bbox 72 2049 1663 2136; baseline -0.009 -17"><span class='ocrx_word' id='word_1_164' title='bbox 72 2064 213 2136; x_wconf 89' lang='lat' dir='ltr'><strong>quod</strong></span> <span class='ocrx_word' id='word_1_165' title='bbox 239 2064 388 2129; x_wconf 87' lang='lat' dir='ltr'><strong>aliis,</strong></span> <span class='ocrx_word' id='word_1_166' title='bbox 406 2061 504 2117; x_wconf 90' lang='lat' dir='ltr'><strong>sed</strong></span> <span class='ocrx_word' id='word_1_167' title='bbox 529 2060 687 2116; x_wconf 86' lang='lat' dir='ltr'><strong>etiam</strong></span> <span class='ocrx_word' id='word_1_168' title='bbox 714 2057 857 2128; x_wconf 89' lang='lat' dir='ltr'><strong>quod</strong></span> <span class='ocrx_word' id='word_1_169' title='bbox 881 2056 982 2111; x_wconf 90' lang='lat' dir='ltr'><strong>sibi</strong></span> <span class='ocrx_word' id='word_1_170' title='bbox 1007 2062 1091 2111; x_wconf 89' lang='lat' dir='ltr'><strong>est</strong></span> <span class='ocrx_word' id='word_1_171' title='bbox 1110 2054 1264 2109; x_wconf 89' lang='lat' dir='ltr'><strong>utile.</strong></span> <span class='ocrx_word' id='word_1_172' title='bbox 1290 2052 1433 2107; x_wconf 84' lang='lat' dir='ltr'><strong>Talis</strong></span> <span class='ocrx_word' id='word_1_173' title='bbox 1449 2059 1566 2106; x_wconf 90' lang='lat' dir='ltr'><strong>erat</strong></span> <span class='ocrx_word' id='word_1_174' title='bbox 1579 2049 1663 2105; x_wconf 90' lang='lat' dir='ltr'><strong>Si-</strong></span> 
     </span>
    </p>
   </div>
   <div class='ocr_carea' id='block_1_22' title="bbox 70 2140 1662 2225">
    <p class='ocr_par' dir='ltr' id='par_1_22' title="bbox 70 2140 1662 2225">
     <span class='ocr_line' id='line_1_22' title="bbox 70 2140 1662 2225; baseline -0.011 -12"><span class='ocrx_word' id='word_1_175' title='bbox 70 2173 219 2221; x_wconf 89' lang='lat' dir='ltr'><strong>mon,</strong></span> <span class='ocrx_word' id='word_1_176' title='bbox 248 2155 343 2225; x_wconf 90' lang='lat' dir='ltr'><strong>qui</strong></span> <span class='ocrx_word' id='word_1_177' title='bbox 363 2153 616 2224; x_wconf 90' lang='lat' dir='ltr'><strong>quoniam</strong></span> <span class='ocrx_word' id='word_1_178' title='bbox 634 2150 701 2206; x_wconf 89' lang='lat' dir='ltr'><strong>ad</strong></span> <span class='ocrx_word' id='word_1_179' title='bbox 720 2150 934 2205; x_wconf 90' lang='lat' dir='ltr'><strong>inanem</strong></span> <span class='ocrx_word' id='word_1_180' title='bbox 955 2146 1161 2217; x_wconf 80' lang='lat' dir='ltr'><strong>aspexit</strong></span> <span class='ocrx_word' id='word_1_181' title='bbox 1175 2144 1422 2216; x_wconf 83' lang='lat' dir='ltr'><strong>gloriam,</strong></span> <span class='ocrx_word' id='word_1_182' title='bbox 1445 2157 1514 2198; x_wconf 92' lang='lat' dir='ltr'><strong>ne</strong></span> <span class='ocrx_word' id='word_1_183' title='bbox 1532 2140 1662 2195; x_wconf 87' lang='lat' dir='ltr'><strong>vidit</strong></span> 
     </span>
    </p>
   </div>
   <div class='ocr_carea' id='block_1_23' title="bbox 68 2233 1661 2319">
    <p class='ocr_par' dir='ltr' id='par_1_23' title="bbox 68 2233 1661 2319">
     <span class='ocr_line' id='line_1_23' title="bbox 68 2233 1661 2319; baseline -0.011 -15"><span class='ocrx_word' id='word_1_184' title='bbox 68 2247 286 2319; x_wconf 85' lang='lat' dir='ltr'><strong>quidem</strong></span> <span class='ocrx_word' id='word_1_185' title='bbox 308 2244 454 2317; x_wconf 87' lang='lat' dir='ltr'><strong>quod</strong></span> <span class='ocrx_word' id='word_1_186' title='bbox 474 2244 575 2299; x_wconf 87' lang='lat' dir='ltr'><strong>sibi</strong></span> <span class='ocrx_word' id='word_1_187' title='bbox 600 2250 716 2298; x_wconf 91' lang='lat' dir='ltr'><strong>erat</strong></span> <span class='ocrx_word' id='word_1_188' title='bbox 734 2238 1106 2297; x_wconf 88' lang='lat' dir='ltr'><strong>conducibile:</strong></span> <span class='ocrx_word' id='word_1_189' title='bbox 1132 2237 1266 2292; x_wconf 88' lang='lat' dir='ltr'><strong>tales</strong></span> <span class='ocrx_word' id='word_1_190' title='bbox 1292 2243 1446 2291; x_wconf 89' lang='lat' dir='ltr'><strong>erant</strong></span> <span class='ocrx_word' id='word_1_191' title='bbox 1466 2233 1661 2301; x_wconf 72' lang='lat' dir='ltr'><strong>Judaei,</strong></span> 
     </span>
    </p>
   </div>
   <div class='ocr_carea' id='block_1_24' title="bbox 66 2324 1660 2409">
    <p class='ocr_par' dir='ltr' id='par_1_24' title="bbox 66 2324 1660 2409">
     <span class='ocr_line' id='line_1_24' title="bbox 66 2324 1660 2409; baseline -0.008 -18"><span class='ocrx_word' id='word_1_192' title='bbox 66 2338 159 2409; x_wconf 89' lang='lat' dir='ltr'><strong>qui</strong></span> <span class='ocrx_word' id='word_1_193' title='bbox 201 2345 435 2407; x_wconf 86' lang='lat' dir='ltr'><strong>propter</strong></span> <span class='ocrx_word' id='word_1_194' title='bbox 459 2349 578 2390; x_wconf 89' lang='lat' dir='ltr'><strong>eam</strong></span> <span class='ocrx_word' id='word_1_195' title='bbox 608 2332 823 2387; x_wconf 86' lang='lat' dir='ltr'><strong>diabolo</strong></span> <span class='ocrx_word' id='word_1_196' title='bbox 848 2344 999 2386; x_wconf 90' lang='lat' dir='ltr'><strong>suam</strong></span> <span class='ocrx_word' id='word_1_197' title='bbox 1039 2328 1391 2398; x_wconf 89' lang='lat' dir='ltr'><strong>propinarunt</strong></span> <span class='ocrx_word' id='word_1_198' title='bbox 1410 2324 1660 2380; x_wconf 86' lang='lat' dir='ltr'><strong>salutem.</strong></span> 
     </span>
    </p>
   </div>
   <div class='ocr_carea' id='block_1_25' title="bbox 134 2418 1664 2499">
    <p class='ocr_par' dir='ltr' id='par_1_25' title="bbox 134 2418 1664 2499">
     <span class='ocr_line' id='line_1_25' title="bbox 134 2418 1664 2499; baseline -0.01 -14"><span class='ocrx_word' id='word_1_199' title='bbox 134 2430 326 2485; x_wconf 84' lang='lat' dir='ltr'><strong>Inanis</strong></span> <span class='ocrx_word' id='word_1_200' title='bbox 373 2428 551 2499; x_wconf 74' lang='lat' dir='ltr'><strong>glorite</strong></span> <span class='ocrx_word' id='word_1_201' title='bbox 576 2426 671 2481; x_wconf 78' lang='lat' dir='ltr'><strong>vis.</strong></span> <span class='ocrx_word' id='word_1_202' title='bbox 712 2422 1017 2493; x_wconf 80' lang='lat' dir='ltr'><strong>PhilosOplti</strong></span> <span class='ocrx_word' id='word_1_203' title='bbox 1064 2418 1231 2475; x_wconf 74' lang='lat' dir='ltr'><strong>erci</strong></span> <span class='ocrx_word' id='word_1_204' title='bbox 1274 2426 1664 2489; x_wconf 84' lang='lat' dir='ltr'><strong>carpuntur.—</strong></span> 
     </span>
    </p>
   </div>
   <div class='ocr_carea' id='block_1_26' title="bbox 61 2509 1660 2582">
    <p class='ocr_par' dir='ltr' id='par_1_26' title="bbox 61 2509 1660 2582">
     <span class='ocr_line' id='line_1_26' title="bbox 61 2509 1660 2582; baseline -0.009 -2"><span class='ocrx_word' id='word_1_205' title='bbox 61 2525 199 2581; x_wconf 88' lang='lat' dir='ltr'><strong>llinc</strong></span> <span class='ocrx_word' id='word_1_206' title='bbox 228 2522 403 2579; x_wconf 90' lang='lat' dir='ltr'><strong>etiam</strong></span> <span class='ocrx_word' id='word_1_207' title='bbox 434 2532 549 2575; x_wconf 91' lang='lat' dir='ltr'><strong>orta</strong></span> <span class='ocrx_word' id='word_1_208' title='bbox 580 2528 707 2573; x_wconf 85' lang='lat' dir='ltr'><strong>sunt</strong></span> <span class='ocrx_word' id='word_1_209' title='bbox 742 2517 907 2582; x_wconf 88' lang='lat' dir='ltr'><strong>idola,</strong></span> <span class='ocrx_word' id='word_1_210' title='bbox 938 2524 993 2571; x_wconf 90' lang='lat' dir='ltr'><strong>et</strong></span> <span class='ocrx_word' id='word_1_211' title='bbox 1020 2513 1228 2569; x_wconf 84' lang='lat' dir='ltr'><strong>externi</strong></span> <span class='ocrx_word' id='word_1_212' title='bbox 1260 2509 1565 2582; x_wconf 78' lang='lat' dir='ltr'><strong>philosOphi</strong></span> <span class='ocrx_word' id='word_1_213' title='bbox 1595 2526 1660 2567; x_wconf 84' lang='lat' dir='ltr'><strong>ex</strong></span> 
     </span>
    </p>
   </div>
   <div class='ocr_carea' id='block_1_27' title="bbox 60 2602 1664 2684">
    <p class='ocr_par' dir='ltr' id='par_1_27' title="bbox 60 2602 1664 2684">
     <span class='ocr_line' id='line_1_27' title="bbox 60 2602 1664 2684; baseline -0.008 -12"><span class='ocrx_word' id='word_1_214' title='bbox 60 2617 163 2672; x_wconf 91' lang='lat' dir='ltr'><strong>hoe</strong></span> <span class='ocrx_word' id='word_1_215' title='bbox 192 2613 615 2684; x_wconf 28' lang='lat' dir='ltr'><strong>fttroreiincitati</strong></span> <span class='ocrx_word' id='word_1_216' title='bbox 645 2610 780 2681; x_wconf 84' lang='lat' dir='ltr'><strong>lapsi</strong></span> <span class='ocrx_word' id='word_1_217' title='bbox 812 2616 938 2664; x_wconf 90' lang='lat' dir='ltr'><strong>sunt</strong></span> <span class='ocrx_word' id='word_1_218' title='bbox 961 2607 1026 2663; x_wconf 92' lang='lat' dir='ltr'><strong>ad</strong></span> <span class='ocrx_word' id='word_1_219' title='bbox 1062 2606 1203 2661; x_wconf 85' lang='lat' dir='ltr'><strong>mala</strong></span> <span class='ocrx_word' id='word_1_220' title='bbox 1231 2604 1500 2675; x_wconf 81' lang='lat' dir='ltr'><strong>dogmata.</strong></span> <span class='ocrx_word' id='word_1_221' title='bbox 1527 2602 1664 2659; x_wconf 72' lang='lat' dir='ltr'><strong>Vide</strong></span> 
     </span>
    </p>
   </div>
   <div class='ocr_carea' id='block_1_28' title="bbox 55 2698 1663 2778">
    <p class='ocr_par' dir='ltr' id='par_1_28' title="bbox 55 2698 1663 2778">
     <span class='ocr_line' id='line_1_28' title="bbox 55 2698 1663 2778; baseline -0.008 -13"><span class='ocrx_word' id='word_1_222' title='bbox 55 2718 243 2766; x_wconf 87' lang='lat' dir='ltr'><strong>autem</strong></span> <span class='ocrx_word' id='word_1_223' title='bbox 272 2707 444 2778; x_wconf 84' lang='lat' dir='ltr'><strong>hujus</strong></span> <span class='ocrx_word' id='word_1_224' title='bbox 484 2706 595 2761; x_wconf 87' lang='lat' dir='ltr'><strong>vitii</strong></span> <span class='ocrx_word' id='word_1_225' title='bbox 624 2704 1051 2775; x_wconf 77' lang='lat' dir='ltr'><strong>perversitatem.</strong></span> <span class='ocrx_word' id='word_1_226' title='bbox 1081 2700 1186 2756; x_wconf 90' lang='lat' dir='ltr'><strong>Per</strong></span> <span class='ocrx_word' id='word_1_227' title='bbox 1212 2700 1315 2754; x_wconf 90' lang='lat' dir='ltr'><strong>hoc</strong></span> <span class='ocrx_word' id='word_1_228' title='bbox 1337 2713 1401 2755; x_wconf 82' lang='lat' dir='ltr'><strong>ex</strong></span> <span class='ocrx_word' id='word_1_229' title='bbox 1430 2698 1496 2753; x_wconf 90' lang='lat' dir='ltr'><strong>iis</strong></span> <span class='ocrx_word' id='word_1_230' title='bbox 1523 2712 1663 2753; x_wconf 82' lang='lat' dir='ltr'><strong>non-</strong></span> 
     </span>
    </p>
   </div>
   <div class='ocr_carea' id='block_1_29' title="bbox 56 2790 1665 2868">
    <p class='ocr_par' dir='ltr' id='par_1_29' title="bbox 56 2790 1665 2868">
     <span class='ocr_line' id='line_1_29' title="bbox 56 2790 1665 2868; baseline -0.007 -12"><span class='ocrx_word' id='word_1_231' title='bbox 56 2801 189 2856; x_wconf 89' lang='lat' dir='ltr'><strong>nulli</strong></span> <span class='ocrx_word' id='word_1_232' title='bbox 220 2800 412 2855; x_wconf 86' lang='lat' dir='ltr'><strong>effecti</strong></span> <span class='ocrx_word' id='word_1_233' title='bbox 438 2808 564 2852; x_wconf 84' lang='lat' dir='ltr'><strong>sunt</strong></span> <span class='ocrx_word' id='word_1_234' title='bbox 593 2809 873 2868; x_wconf 87' lang='lat' dir='ltr'><strong>pauperes,</strong></span> <span class='ocrx_word' id='word_1_235' title='bbox 902 2802 959 2849; x_wconf 87' lang='lat' dir='ltr'><strong>et</strong></span> <span class='ocrx_word' id='word_1_236' title='bbox 988 2792 1077 2847; x_wconf 86' lang='lat' dir='ltr'><strong>alii</strong></span> <span class='ocrx_word' id='word_1_237' title='bbox 1106 2790 1341 2846; x_wconf 87' lang='lat' dir='ltr'><strong>studium</strong></span> <span class='ocrx_word' id='word_1_238' title='bbox 1362 2796 1665 2861; x_wconf 84' lang='lat' dir='ltr'><strong>posuerunt</strong></span> 
     </span>
    </p>
   </div>
   <div class='ocr_carea' id='block_1_30' title="bbox 52 2881 1664 2955">
    <p class='ocr_par' dir='ltr' id='par_1_30' title="bbox 52 2881 1664 2955">
     <span class='ocr_line' id='line_1_30' title="bbox 52 2881 1664 2955; baseline -0.007 -8"><span class='ocrx_word' id='word_1_239' title='bbox 52 2894 106 2947; x_wconf 89' lang='lat' dir='ltr'><strong>in</strong></span> <span class='ocrx_word' id='word_1_240' title='bbox 144 2891 390 2947; x_wconf 84' lang='lat' dir='ltr'><strong>divitiis.</strong></span> <span class='ocrx_word' id='word_1_241' title='bbox 437 2888 606 2945; x_wconf 85' lang='lat' dir='ltr'><strong>Tanta</strong></span> <span class='ocrx_word' id='word_1_242' title='bbox 657 2895 741 2943; x_wconf 91' lang='lat' dir='ltr'><strong>est</strong></span> <span class='ocrx_word' id='word_1_243' title='bbox 779 2886 898 2955; x_wconf 90' lang='lat' dir='ltr'><strong>ejus</strong></span> <span class='ocrx_word' id='word_1_244' title='bbox 942 2882 1208 2955; x_wconf 86' lang='lat' dir='ltr'><strong>tyrannis,</strong></span> <span class='ocrx_word' id='word_1_245' title='bbox 1253 2890 1312 2937; x_wconf 90' lang='lat' dir='ltr'><strong>ut</strong></span> <span class='ocrx_word' id='word_1_246' title='bbox 1356 2881 1664 2936; x_wconf 90' lang='lat' dir='ltr'><strong>dominetur</strong></span> 
     </span>
    </p>
   </div>
   <div class='ocr_carea' id='block_1_31' title="bbox 51 2972 1663 3043">
    <p class='ocr_par' dir='ltr' id='par_1_31' title="bbox 51 2972 1663 3043">
     <span class='ocr_line' id='line_1_31' title="bbox 51 2972 1663 3043; baseline -0.007 -4"><span class='ocrx_word' id='word_1_247' title='bbox 51 2985 218 3040; x_wconf 89' lang='lat' dir='ltr'><strong>etiam</strong></span> <span class='ocrx_word' id='word_1_248' title='bbox 268 2983 327 3037; x_wconf 92' lang='lat' dir='ltr'><strong>in</strong></span> <span class='ocrx_word' id='word_1_249' title='bbox 371 2979 682 3036; x_wconf 88' lang='lat' dir='ltr'><strong>contrariis.</strong></span> <span class='ocrx_word' id='word_1_250' title='bbox 713 2977 845 3033; x_wconf 87' lang='lat' dir='ltr'><strong>Nam</strong></span> <span class='ocrx_word' id='word_1_251' title='bbox 887 2986 942 3031; x_wconf 91' lang='lat' dir='ltr'><strong>et</strong></span> <span class='ocrx_word' id='word_1_252' title='bbox 980 2991 1045 3031; x_wconf 84' lang='lat' dir='ltr'><strong>ex</strong></span> <span class='ocrx_word' id='word_1_253' title='bbox 1090 2972 1442 3043; x_wconf 89' lang='lat' dir='ltr'><strong>temperantia</strong></span> <span class='ocrx_word' id='word_1_254' title='bbox 1471 2972 1663 3042; x_wconf 87' lang='lat' dir='ltr'><strong>aliquis</strong></span> 
     </span>
    </p>
   </div>
   <div class='ocr_carea' id='block_1_32' title="bbox 51 3065 1665 3145">
    <p class='ocr_par' dir='ltr' id='par_1_32' title="bbox 51 3065 1665 3145">
     <span class='ocr_line' id='line_1_32' title="bbox 51 3065 1665 3145; baseline -0.007 -13"><span class='ocrx_word' id='word_1_255' title='bbox 51 3077 196 3132; x_wconf 89' lang='lat' dir='ltr'><strong>inani</strong></span> <span class='ocrx_word' id='word_1_256' title='bbox 232 3074 419 3145; x_wconf 86' lang='lat' dir='ltr'><strong>gloria</strong></span> <span class='ocrx_word' id='word_1_257' title='bbox 449 3072 700 3135; x_wconf 90' lang='lat' dir='ltr'><strong>afficitur,</strong></span> <span class='ocrx_word' id='word_1_258' title='bbox 725 3079 779 3126; x_wconf 89' lang='lat' dir='ltr'><strong>et</strong></span> <span class='ocrx_word' id='word_1_259' title='bbox 805 3082 992 3124; x_wconf 88' lang='lat' dir='ltr'><strong>rursus</strong></span> <span class='ocrx_word' id='word_1_260' title='bbox 1022 3067 1160 3123; x_wconf 90' lang='lat' dir='ltr'><strong>alius</strong></span> <span class='ocrx_word' id='word_1_261' title='bbox 1187 3082 1254 3122; x_wconf 89' lang='lat' dir='ltr'><strong>ex</strong></span> <span class='ocrx_word' id='word_1_262' title='bbox 1274 3065 1538 3121; x_wconf 90' lang='lat' dir='ltr'><strong>adulterio</strong></span> <span class='ocrx_word' id='word_1_263' title='bbox 1567 3082 1581 3120; x_wconf 92' lang='lat'><strong>:</strong></span> <span class='ocrx_word' id='word_1_264' title='bbox 1608 3074 1665 3121; x_wconf 90' lang='lat' dir='ltr'><strong>et</strong></span> 
     </span>
    </p>
   </div>
   <div class='ocr_carea' id='block_1_33' title="bbox 51 3156 1663 3239">
    <p class='ocr_par' dir='ltr' id='par_1_33' title="bbox 51 3156 1663 3239">
     <span class='ocr_line' id='line_1_33' title="bbox 51 3156 1663 3239; baseline -0.006 -16"><span class='ocrx_word' id='word_1_265' title='bbox 51 3171 136 3224; x_wconf 90' lang='lat' dir='ltr'><strong>hic</strong></span> <span class='ocrx_word' id='word_1_266' title='bbox 160 3167 401 3239; x_wconf 90' lang='lat' dir='ltr'><strong>quidem</strong></span> <span class='ocrx_word' id='word_1_267' title='bbox 432 3180 497 3220; x_wconf 83' lang='lat' dir='ltr'><strong>ex</strong></span> <span class='ocrx_word' id='word_1_268' title='bbox 521 3163 748 3234; x_wconf 75' lang='lat' dir='ltr'><strong>iustitia,</strong></span> <span class='ocrx_word' id='word_1_269' title='bbox 776 3162 915 3216; x_wconf 88' lang='lat' dir='ltr'><strong>alius</strong></span> <span class='ocrx_word' id='word_1_270' title='bbox 953 3175 1021 3215; x_wconf 85' lang='lat' dir='ltr'><strong>ex</strong></span> <span class='ocrx_word' id='word_1_271' title='bbox 1053 3158 1331 3229; x_wconf 90' lang='lat' dir='ltr'><strong>injustitia,</strong></span> <span class='ocrx_word' id='word_1_272' title='bbox 1359 3172 1426 3213; x_wconf 84' lang='lat' dir='ltr'><strong>ex</strong></span> <span class='ocrx_word' id='word_1_273' title='bbox 1456 3156 1663 3213; x_wconf 90' lang='lat' dir='ltr'><strong>deliciis</strong></span> 
     </span>
    </p>
   </div>
   <div class='ocr_carea' id='block_1_34' title="bbox 51 3250 1663 3330">
    <p class='ocr_par' dir='ltr' id='par_1_34' title="bbox 51 3250 1663 3330">
     <span class='ocr_line' id='line_1_34' title="bbox 51 3250 1663 3330; baseline -0.007 -13"><span class='ocrx_word' id='word_1_274' title='bbox 51 3271 98 3318; x_wconf 78' lang='lat' dir='ltr'><strong>et</strong></span> <span class='ocrx_word' id='word_1_275' title='bbox 128 3277 201 3317; x_wconf 76' lang='lat' dir='ltr'><strong>ex</strong></span> <span class='ocrx_word' id='word_1_276' title='bbox 234 3259 485 3330; x_wconf 85' lang='lat' dir='ltr'><strong>jejunio,</strong></span> <span class='ocrx_word' id='word_1_277' title='bbox 516 3272 585 3312; x_wconf 85' lang='lat' dir='ltr'><strong>ex</strong></span> <span class='ocrx_word' id='word_1_278' title='bbox 627 3256 851 3310; x_wconf 89' lang='lat' dir='ltr'><strong>lenitate</strong></span> <span class='ocrx_word' id='word_1_279' title='bbox 876 3261 931 3309; x_wconf 91' lang='lat' dir='ltr'><strong>et</strong></span> <span class='ocrx_word' id='word_1_280' title='bbox 973 3267 1042 3307; x_wconf 89' lang='lat' dir='ltr'><strong>ex</strong></span> <span class='ocrx_word' id='word_1_281' title='bbox 1083 3251 1329 3318; x_wconf 89' lang='lat' dir='ltr'><strong>audacia,</strong></span> <span class='ocrx_word' id='word_1_282' title='bbox 1371 3266 1437 3306; x_wconf 85' lang='lat' dir='ltr'><strong>ex</strong></span> <span class='ocrx_word' id='word_1_283' title='bbox 1462 3250 1663 3305; x_wconf 88' lang='lat' dir='ltr'><strong>divitiis</strong></span> 
     </span>
    </p>
   </div>
   <div class='ocr_carea' id='block_1_35' title="bbox 51 3343 1664 3422">
    <p class='ocr_par' dir='ltr' id='par_1_35' title="bbox 51 3343 1664 3422">
     <span class='ocr_line' id='line_1_35' title="bbox 51 3343 1664 3422; baseline -0.006 -14"><span class='ocrx_word' id='word_1_284' title='bbox 51 3362 96 3408; x_wconf 77' lang='lat' dir='ltr'><strong>et</strong></span> <span class='ocrx_word' id='word_1_285' title='bbox 125 3369 197 3408; x_wconf 80' lang='lat' dir='ltr'><strong>ex</strong></span> <span class='ocrx_word' id='word_1_286' title='bbox 230 3352 581 3422; x_wconf 73' lang='lat' dir='ltr'><strong>paupertate.</strong></span> <span class='ocrx_word' id='word_1_287' title='bbox 614 3345 861 3402; x_wconf 87' lang='lat' dir='ltr'><strong>Nonnulli</strong></span> <span class='ocrx_word' id='word_1_288' title='bbox 900 3345 1042 3400; x_wconf 89' lang='lat' dir='ltr'><strong>enim</strong></span> <span class='ocrx_word' id='word_1_289' title='bbox 1068 3343 1294 3408; x_wconf 84' lang='lat' dir='ltr'><strong>externi,</strong></span> <span class='ocrx_word' id='word_1_290' title='bbox 1329 3358 1450 3398; x_wconf 91' lang='lat' dir='ltr'><strong>cum</strong></span> <span class='ocrx_word' id='word_1_291' title='bbox 1476 3343 1664 3398; x_wconf 86' lang='lat' dir='ltr'><strong>liceret</strong></span> 
     </span>
    </p>
   </div>
   <div class='ocr_carea' id='block_1_36' title="bbox 56 3434 1659 3512">
    <p class='ocr_par' dir='ltr' id='par_1_36' title="bbox 56 3434 1659 3512">
     <span class='ocr_line' id='line_1_36' title="bbox 56 3434 1659 3512; baseline -0.007 -13"><span class='ocrx_word' id='word_1_292' title='bbox 56 3444 184 3499; x_wconf 84' lang='lat' dir='ltr'><strong>lona</strong></span> <span class='ocrx_word' id='word_1_293' title='bbox 234 3444 541 3512; x_wconf 85' lang='lat' dir='ltr'><strong>accipere;</strong></span> <span class='ocrx_word' id='word_1_294' title='bbox 582 3448 642 3493; x_wconf 93' lang='lat' dir='ltr'><strong>ut</strong></span> <span class='ocrx_word' id='word_1_295' title='bbox 687 3438 739 3493; x_wconf 92' lang='lat' dir='ltr'><strong>in</strong></span> <span class='ocrx_word' id='word_1_296' title='bbox 786 3435 1138 3492; x_wconf 90' lang='lat' dir='ltr'><strong>admiratione</strong></span> <span class='ocrx_word' id='word_1_297' title='bbox 1166 3434 1510 3500; x_wconf 87' lang='lat' dir='ltr'><strong>haberentur,</strong></span> <span class='ocrx_word' id='word_1_298' title='bbox 1555 3448 1659 3506; x_wconf 82' lang='lat' dir='ltr'><strong>non</strong></span> 
     </span>
    </p>
   </div>
   <div class='ocr_carea' id='block_1_37' title="bbox 51 3527 1662 3606">
    <p class='ocr_par' dir='ltr' id='par_1_37' title="bbox 51 3527 1662 3606">
     <span class='ocr_line' id='line_1_37' title="bbox 51 3527 1662 3606; baseline -0.004 -17"><span class='ocrx_word' id='word_1_299' title='bbox 51 3536 424 3606; x_wconf 82' lang='lat' dir='ltr'><strong>tccipicbant.</strong></span> <span class='ocrx_word' id='word_1_300' title='bbox 473 3531 579 3588; x_wconf 86' lang='lat' dir='ltr'><strong>Sed</strong></span> <span class='ocrx_word' id='word_1_301' title='bbox 629 3546 737 3585; x_wconf 89' lang='lat' dir='ltr'><strong>non</strong></span> <span class='ocrx_word' id='word_1_302' title='bbox 777 3530 857 3585; x_wconf 88' lang='lat' dir='ltr'><strong>sic</strong></span> <span class='ocrx_word' id='word_1_303' title='bbox 900 3527 1125 3599; x_wconf 81' lang='lat' dir='ltr'><strong>apostoli</strong></span> <span class='ocrx_word' id='word_1_304' title='bbox 1156 3544 1171 3581; x_wconf 92' lang='lat'><strong>:</strong></span> <span class='ocrx_word' id='word_1_305' title='bbox 1202 3542 1323 3581; x_wconf 89' lang='lat' dir='ltr'><strong>nam</strong></span> <span class='ocrx_word' id='word_1_306' title='bbox 1365 3527 1509 3597; x_wconf 86' lang='lat' dir='ltr'><strong>quod</strong></span> <span class='ocrx_word' id='word_1_307' title='bbox 1545 3527 1662 3596; x_wconf 90' lang='lat' dir='ltr'><strong>puri</strong></span> 
     </span>
    </p>
   </div>
   <div class='ocr_carea' id='block_1_38' title="bbox 52 3616 1658 3695">
    <p class='ocr_par' dir='ltr' id='par_1_38' title="bbox 52 3616 1658 3695">
     <span class='ocr_line' id='line_1_38' title="bbox 52 3616 1658 3695; baseline -0.006 -14"><span class='ocrx_word' id='word_1_308' title='bbox 52 3638 227 3685; x_wconf 71' lang='lat' dir='ltr'><strong>PSSCfll</strong></span> <span class='ocrx_word' id='word_1_309' title='bbox 251 3644 288 3683; x_wconf 87' lang='lat' dir='ltr'><strong>a</strong></span> <span class='ocrx_word' id='word_1_310' title='bbox 316 3640 459 3681; x_wconf 79' lang='lat' dir='ltr'><strong>vana</strong></span> <span class='ocrx_word' id='word_1_311' title='bbox 482 3623 672 3695; x_wconf 79' lang='lat' dir='ltr'><strong>gloria,</strong></span> <span class='ocrx_word' id='word_1_312' title='bbox 691 3620 1035 3676; x_wconf 87' lang='lat' dir='ltr'><strong>ostenderunt</strong></span> <span class='ocrx_word' id='word_1_313' title='bbox 1052 3634 1147 3689; x_wconf 87' lang='lat' dir='ltr'><strong>per</strong></span> <span class='ocrx_word' id='word_1_314' title='bbox 1167 3633 1227 3673; x_wconf 87' lang='lat' dir='ltr'><strong>ea</strong></span> <span class='ocrx_word' id='word_1_315' title='bbox 1248 3632 1365 3689; x_wconf 82' lang='lat' dir='ltr'><strong>quae</strong></span> <span class='ocrx_word' id='word_1_316' title='bbox 1398 3616 1658 3672; x_wconf 84' lang='lat' dir='ltr'><strong>fecerunt.</strong></span> 
     </span>
    </p>
   </div>
   <div class='ocr_carea' id='block_1_39' title="bbox 51 3710 1663 3787">
    <p class='ocr_par' dir='ltr' id='par_1_39' title="bbox 51 3710 1663 3787">
     <span class='ocr_line' id='line_1_39' title="bbox 51 3710 1663 3787; baseline -0.007 -12"><span class='ocrx_word' id='word_1_317' title='bbox 51 3720 263 3775; x_wconf 64' lang='lat' dir='ltr'><strong>Etenim</strong></span> <span class='ocrx_word' id='word_1_318' title='bbox 316 3716 542 3787; x_wconf 87' lang='lat' dir='ltr'><strong>quando</strong></span> <span class='ocrx_word' id='word_1_319' title='bbox 590 3714 712 3769; x_wconf 90' lang='lat' dir='ltr'><strong>illos</strong></span> <span class='ocrx_word' id='word_1_320' title='bbox 747 3713 877 3768; x_wconf 90' lang='lat' dir='ltr'><strong>deos</strong></span> <span class='ocrx_word' id='word_1_321' title='bbox 900 3711 1183 3774; x_wconf 87' lang='lat' dir='ltr'><strong>vocabant,</strong></span> <span class='ocrx_word' id='word_1_322' title='bbox 1211 3720 1267 3766; x_wconf 93' lang='lat' dir='ltr'><strong>et</strong></span> <span class='ocrx_word' id='word_1_323' title='bbox 1305 3710 1472 3781; x_wconf 87' lang='lat' dir='ltr'><strong>parati</strong></span> <span class='ocrx_word' id='word_1_324' title='bbox 1509 3716 1663 3764; x_wconf 90' lang='lat' dir='ltr'><strong>erant</strong></span> 
     </span>
    </p>
   </div>
   <div class='ocr_carea' id='block_1_40' title="bbox 57 3800 1660 3875">
    <p class='ocr_par' dir='ltr' id='par_1_40' title="bbox 57 3800 1660 3875">
     <span class='ocr_line' id='line_1_40' title="bbox 57 3800 1660 3875; baseline -0.007 -9"><span class='ocrx_word' id='word_1_325' title='bbox 57 3812 94 3866; x_wconf 87' lang='lat' dir='ltr'><strong>d</strong></span> <span class='ocrx_word' id='word_1_326' title='bbox 134 3808 580 3866; x_wconf 82' lang='lat' dir='ltr'><strong>sacriﬁcandum</strong></span> <span class='ocrx_word' id='word_1_327' title='bbox 613 3805 742 3875; x_wconf 83' lang='lat' dir='ltr'><strong>ipsis</strong></span> <span class='ocrx_word' id='word_1_328' title='bbox 773 3813 954 3859; x_wconf 90' lang='lat' dir='ltr'><strong>tauros</strong></span> <span class='ocrx_word' id='word_1_329' title='bbox 998 3811 1304 3865; x_wconf 89' lang='lat' dir='ltr'><strong>coronatos,</strong></span> <span class='ocrx_word' id='word_1_330' title='bbox 1341 3816 1446 3855; x_wconf 91' lang='lat' dir='ltr'><strong>non</strong></span> <span class='ocrx_word' id='word_1_331' title='bbox 1486 3800 1660 3856; x_wconf 91' lang='lat' dir='ltr'><strong>solum</strong></span> 
     </span>
    </p>
   </div>
   <div class='ocr_carea' id='block_1_41' title="bbox 51 3893 1659 3967">
    <p class='ocr_par' dir='ltr' id='par_1_41' title="bbox 51 3893 1659 3967">
     <span class='ocr_line' id='line_1_41' title="bbox 51 3893 1659 3967; baseline -0.007 -9"><span class='ocrx_word' id='word_1_332' title='bbox 51 3903 478 3967; x_wconf 62' lang='lat' dir='ltr'><strong>orohilmerunt,</strong></span> <span class='ocrx_word' id='word_1_333' title='bbox 518 3898 611 3953; x_wconf 87' lang='lat' dir='ltr'><strong>sed</strong></span> <span class='ocrx_word' id='word_1_334' title='bbox 642 3897 802 3953; x_wconf 89' lang='lat' dir='ltr'><strong>etiam</strong></span> <span class='ocrx_word' id='word_1_335' title='bbox 841 3910 935 3952; x_wconf 91' lang='lat' dir='ltr'><strong>sua</strong></span> <span class='ocrx_word' id='word_1_336' title='bbox 979 3895 1298 3953; x_wconf 83' lang='lat' dir='ltr'><strong>vestimenta</strong></span> <span class='ocrx_word' id='word_1_337' title='bbox 1341 3893 1659 3949; x_wconf 86' lang='lat' dir='ltr'><strong>sciderunt:</strong></span> 
     </span>
    </p>
   </div>
   <div class='ocr_carea' id='block_1_42' title="bbox 57 3984 1661 4065">
    <p class='ocr_par' dir='ltr' id='par_1_42' title="bbox 57 3984 1661 4065">
     <span class='ocr_line' id='line_1_42' title="bbox 57 3984 1661 4065; baseline -0.007 -16"><span class='ocrx_word' id='word_1_338' title='bbox 57 4005 76 4050; x_wconf 94' lang='lat' dir='ltr'><strong>t</strong></span> <span class='ocrx_word' id='word_1_339' title='bbox 106 3992 362 4065; x_wconf 82' lang='lat' dir='ltr'><strong>quando</strong></span> <span class='ocrx_word' id='word_1_340' title='bbox 400 3989 648 4046; x_wconf 90' lang='lat' dir='ltr'><strong>claudum</strong></span> <span class='ocrx_word' id='word_1_341' title='bbox 686 3993 1046 4051; x_wconf 90' lang='lat' dir='ltr'><strong>curaverunt,</strong></span> <span class='ocrx_word' id='word_1_342' title='bbox 1086 3987 1334 4041; x_wconf 88' lang='lat' dir='ltr'><strong>omnibus</strong></span> <span class='ocrx_word' id='word_1_343' title='bbox 1371 3999 1466 4041; x_wconf 89' lang='lat' dir='ltr'><strong>eos</strong></span> <span class='ocrx_word' id='word_1_344' title='bbox 1496 3984 1661 4039; x_wconf 90' lang='lat' dir='ltr'><strong>hianti</strong></span> 
     </span>
    </p>
   </div>
   <div class='ocr_carea' id='block_1_43' title="bbox 54 4076 1661 4155">
    <p class='ocr_par' dir='ltr' id='par_1_43' title="bbox 54 4076 1661 4155">
     <span class='ocr_line' id='line_1_43' title="bbox 54 4076 1661 4155; baseline -0.007 -15"><span class='ocrx_word' id='word_1_345' title='bbox 54 4101 119 4142; x_wconf 87' lang='lat' dir='ltr'><strong>re</strong></span> <span class='ocrx_word' id='word_1_346' title='bbox 165 4082 547 4155; x_wconf 85' lang='lat' dir='ltr'><strong>stupentibus</strong></span> <span class='ocrx_word' id='word_1_347' title='bbox 589 4079 891 4135; x_wconf 88' lang='lat' dir='ltr'><strong>dixerunt:</strong></span> <span class='ocrx_word' id='word_1_348' title='bbox 926 4077 1062 4145; x_wconf 83' lang='lat' dir='ltr'><strong>Quid</strong></span> <span class='ocrx_word' id='word_1_349' title='bbox 1101 4093 1193 4131; x_wconf 82' lang='lat' dir='ltr'><strong>nos</strong></span> <span class='ocrx_word' id='word_1_350' title='bbox 1231 4076 1477 4145; x_wconf 75' lang='lat' dir='ltr'><strong>aspicitis,</strong></span> <span class='ocrx_word' id='word_1_351' title='bbox 1526 4084 1661 4130; x_wconf 85' lang='lat' dir='ltr'><strong>tam-</strong></span> 
     </span>
    </p>
   </div>
   <div class='ocr_carea' id='block_1_44' title="bbox 52 4167 1659 4248">
    <p class='ocr_par' dir='ltr' id='par_1_44' title="bbox 52 4167 1659 4248">
     <span class='ocr_line' id='line_1_44' title="bbox 52 4167 1659 4248; baseline -0.006 -17"><span class='ocrx_word' id='word_1_352' title='bbox 52 4194 186 4231; x_wconf 80' lang='lat' dir='ltr'><strong>uam</strong></span> <span class='ocrx_word' id='word_1_353' title='bbox 215 4175 462 4248; x_wconf 77' lang='lat' dir='ltr'><strong>propria</strong></span> <span class='ocrx_word' id='word_1_354' title='bbox 489 4173 670 4228; x_wconf 73' lang='lat' dir='ltr'><strong>virtute</strong></span> <span class='ocrx_word' id='word_1_355' title='bbox 698 4171 965 4242; x_wconf 77' lang='lat' dir='ltr'><strong>fecerimus</strong></span> <span class='ocrx_word' id='word_1_356' title='bbox 990 4172 1120 4223; x_wconf 85' lang='lat' dir='ltr'><strong>hunc</strong></span> <span class='ocrx_word' id='word_1_357' title='bbox 1154 4168 1414 4223; x_wconf 74' lang='lat' dir='ltr'><strong>dmbulare</strong></span> <span class='ocrx_word' id='word_1_358' title='bbox 1438 4167 1575 4240; x_wconf 85' lang='lat' dir='ltr'><strong>(Act.</strong></span> <span class='ocrx_word' id='word_1_359' title='bbox 1602 4168 1659 4225; x_wconf 73' lang='lat'><strong>5.</strong></span> 
     </span>
    </p>
   </div>
   <div class='ocr_carea' id='block_1_45' title="bbox 51 4259 1663 4341">
    <p class='ocr_par' dir='ltr' id='par_1_45' title="bbox 51 4259 1663 4341">
     <span class='ocr_line' id='line_1_45' title="bbox 51 4259 1663 4341; baseline -0.007 -17"><span class='ocrx_word' id='word_1_360' title='bbox 51 4272 111 4341; x_wconf 75' lang='grc'>2)</span> <span class='ocrx_word' id='word_1_361' title='bbox 132 4271 161 4323; x_wconf 88' lang='lat'><strong>?</strong></span> <span class='ocrx_word' id='word_1_362' title='bbox 196 4270 276 4325; x_wconf 82' lang='lat' dir='ltr'><strong>Et</strong></span> <span class='ocrx_word' id='word_1_363' title='bbox 313 4266 405 4321; x_wconf 89' lang='lat' dir='ltr'><strong>illi</strong></span> <span class='ocrx_word' id='word_1_364' title='bbox 434 4262 648 4336; x_wconf 79' lang='lat' dir='ltr'><strong>quidem</strong></span> <span class='ocrx_word' id='word_1_365' title='bbox 678 4264 818 4317; x_wconf 88' lang='lat' dir='ltr'><strong>inter</strong></span> <span class='ocrx_word' id='word_1_366' title='bbox 840 4261 985 4316; x_wconf 91' lang='lat' dir='ltr'><strong>viros</strong></span> <span class='ocrx_word' id='word_1_367' title='bbox 1002 4268 1365 4331; x_wconf 85' lang='lat' dir='ltr'><strong>paupertatem</strong></span> <span class='ocrx_word' id='word_1_368' title='bbox 1395 4259 1663 4314; x_wconf 82' lang='lat' dir='ltr'><strong>admiran-</strong></span> 
     </span>
    </p>
   </div>
   <div class='ocr_carea' id='block_1_46' title="bbox 51 4352 1662 4432">
    <p class='ocr_par' dir='ltr' id='par_1_46' title="bbox 51 4352 1662 4432">
     <span class='ocr_line' id='line_1_46' title="bbox 51 4352 1662 4432; baseline -0.006 -15"><span class='ocrx_word' id='word_1_369' title='bbox 51 4378 121 4428; x_wconf 68' lang='lat' dir='ltr'><strong>BS,</strong></span> <span class='ocrx_word' id='word_1_370' title='bbox 160 4366 575 4432; x_wconf 82' lang='lat' dir='ltr'><strong>paupertatem</strong></span> <span class='ocrx_word' id='word_1_371' title='bbox 619 4355 920 4426; x_wconf 88' lang='lat' dir='ltr'><strong>eligebant;</strong></span> <span class='ocrx_word' id='word_1_372' title='bbox 971 4352 1024 4407; x_wconf 89' lang='lat' dir='ltr'><strong>hi</strong></span> <span class='ocrx_word' id='word_1_373' title='bbox 1067 4368 1197 4408; x_wconf 89' lang='lat' dir='ltr'><strong>vero</strong></span> <span class='ocrx_word' id='word_1_374' title='bbox 1246 4352 1415 4423; x_wconf 91' lang='lat' dir='ltr'><strong>ipsam</strong></span> <span class='ocrx_word' id='word_1_375' title='bbox 1460 4352 1662 4422; x_wconf 79' lang='lat' dir='ltr'><strong>eligunt</strong></span> 
     </span>
    </p>
   </div>
   <div class='ocr_carea' id='block_1_47' title="bbox 52 4444 1661 4523">
    <p class='ocr_par' dir='ltr' id='par_1_47' title="bbox 52 4444 1661 4523">
     <span class='ocr_line' id='line_1_47' title="bbox 52 4444 1661 4523; baseline -0.002 -18"><span class='ocrx_word' id='word_1_376' title='bbox 52 4454 165 4523; x_wconf 66' lang='lat' dir='ltr'><strong>pud</strong></span> <span class='ocrx_word' id='word_1_377' title='bbox 212 4450 493 4508; x_wconf 88' lang='lat' dir='ltr'><strong>homines</strong></span> <span class='ocrx_word' id='word_1_378' title='bbox 533 4448 625 4519; x_wconf 89' lang='lat' dir='ltr'><strong>qui</strong></span> <span class='ocrx_word' id='word_1_379' title='bbox 663 4455 1032 4518; x_wconf 91' lang='lat' dir='ltr'><strong>paupertatem</strong></span> <span class='ocrx_word' id='word_1_380' title='bbox 1064 4453 1325 4515; x_wconf 88' lang='lat' dir='ltr'><strong>spernunt</strong></span> <span class='ocrx_word' id='word_1_381' title='bbox 1358 4452 1413 4500; x_wconf 89' lang='lat' dir='ltr'><strong>et</strong></span> <span class='ocrx_word' id='word_1_382' title='bbox 1449 4444 1661 4501; x_wconf 86' lang='lat' dir='ltr'><strong>divitias</strong></span> 
     </span>
    </p>
   </div>
   <div class='ocr_carea' id='block_1_48' title="bbox 51 4537 1660 4612">
    <p class='ocr_par' dir='ltr' id='par_1_48' title="bbox 51 4537 1660 4612">
     <span class='ocr_line' id='line_1_48' title="bbox 51 4537 1660 4612; baseline -0.007 -9"><span class='ocrx_word' id='word_1_383' title='bbox 51 4548 287 4603; x_wconf 58' lang='lat' dir='ltr'><strong>ludant.</strong></span> <span class='ocrx_word' id='word_1_384' title='bbox 333 4544 413 4599; x_wconf 87' lang='lat' dir='ltr'><strong>Et</strong></span> <span class='ocrx_word' id='word_1_385' title='bbox 440 4541 493 4597; x_wconf 92' lang='lat' dir='ltr'><strong>hi</strong></span> <span class='ocrx_word' id='word_1_386' title='bbox 544 4540 783 4612; x_wconf 86' lang='lat' dir='ltr'><strong>quidem,</strong></span> <span class='ocrx_word' id='word_1_387' title='bbox 832 4539 877 4595; x_wconf 92' lang='lat' dir='ltr'><strong>si</strong></span> <span class='ocrx_word' id='word_1_388' title='bbox 918 4537 1044 4609; x_wconf 90' lang='lat' dir='ltr'><strong>quid</strong></span> <span class='ocrx_word' id='word_1_389' title='bbox 1092 4546 1430 4608; x_wconf 84' lang='lat' dir='ltr'><strong>acceperant,</strong></span> <span class='ocrx_word' id='word_1_390' title='bbox 1476 4538 1660 4609; x_wconf 84' lang='lat' dir='ltr'><strong>egenis</strong></span> 
     </span>
    </p>
   </div>
   <div class='ocr_carea' id='block_1_49' title="bbox 52 4629 1655 4701">
    <p class='ocr_par' dir='ltr' id='par_1_49' title="bbox 52 4629 1655 4701">
     <span class='ocr_line' id='line_1_49' title="bbox 52 4629 1655 4701; baseline -0.006 -6"><span class='ocrx_word' id='word_1_391' title='bbox 52 4654 182 4695; x_wconf 66' lang='lat' dir='ltr'><strong>1cm</strong></span> <span class='ocrx_word' id='word_1_392' title='bbox 217 4633 539 4698; x_wconf 83' lang='lat' dir='ltr'><strong>ferebant;</strong></span> <span class='ocrx_word' id='word_1_393' title='bbox 567 4632 641 4687; x_wconf 91' lang='lat' dir='ltr'><strong>ita</strong></span> <span class='ocrx_word' id='word_1_394' title='bbox 667 4648 773 4687; x_wconf 94' lang='lat' dir='ltr'><strong>non</strong></span> <span class='ocrx_word' id='word_1_395' title='bbox 799 4640 1021 4701; x_wconf 89' lang='lat' dir='ltr'><strong>propter</strong></span> <span class='ocrx_word' id='word_1_396' title='bbox 1049 4630 1263 4685; x_wconf 91' lang='lat' dir='ltr'><strong>inanem</strong></span> <span class='ocrx_word' id='word_1_397' title='bbox 1287 4630 1530 4699; x_wconf 83' lang='lat' dir='ltr'><strong>gloriam,</strong></span> <span class='ocrx_word' id='word_1_398' title='bbox 1560 4629 1655 4699; x_wconf 83' lang='lat' dir='ltr'><strong>sed</strong></span> 
     </span>
    </p>
   </div>
   <div class='ocr_carea' id='block_1_50' title="bbox 51 4722 1657 4803">
    <p class='ocr_par' dir='ltr' id='par_1_50' title="bbox 51 4722 1657 4803">
     <span class='ocr_line' id='line_1_50' title="bbox 51 4722 1657 4803; baseline -0.005 -18"><span class='ocrx_word' id='word_1_399' title='bbox 51 4741 261 4803; x_wconf 66' lang='lat' dir='ltr'><strong>ropter</strong></span> <span class='ocrx_word' id='word_1_400' title='bbox 327 4726 721 4797; x_wconf 81' lang='lat' dir='ltr'><strong>benignitatem</strong></span> <span class='ocrx_word' id='word_1_401' title='bbox 769 4725 947 4780; x_wconf 91' lang='lat' dir='ltr'><strong>omnia</strong></span> <span class='ocrx_word' id='word_1_402' title='bbox 996 4722 1263 4778; x_wconf 75' lang='lat' dir='ltr'><strong>faciebant</strong></span> <span class='ocrx_word' id='word_1_403' title='bbox 1301 4740 1314 4776; x_wconf 90' lang='lat'><strong>:</strong></span> <span class='ocrx_word' id='word_1_404' title='bbox 1361 4723 1437 4777; x_wconf 92' lang='lat' dir='ltr'><strong>illi</strong></span> <span class='ocrx_word' id='word_1_405' title='bbox 1479 4732 1657 4778; x_wconf 89' lang='lat' dir='ltr'><strong>autem</strong></span> 
     </span>
    </p>
   </div>
   <div class='ocr_carea' id='block_1_51' title="bbox 53 4813 1660 4885">
    <p class='ocr_par' dir='ltr' id='par_1_51' title="bbox 53 4813 1660 4885">
     <span class='ocr_line' id='line_1_51' title="bbox 53 4813 1660 4885; baseline -0.006 -6"><span class='ocrx_word' id='word_1_406' title='bbox 53 4838 177 4878; x_wconf 88' lang='lat' dir='ltr'><strong>ane</strong></span> <span class='ocrx_word' id='word_1_407' title='bbox 210 4817 602 4881; x_wconf 89' lang='lat' dir='ltr'><strong>contrarium,</strong></span> <span class='ocrx_word' id='word_1_408' title='bbox 634 4824 906 4885; x_wconf 89' lang='lat' dir='ltr'><strong>tamquam</strong></span> <span class='ocrx_word' id='word_1_409' title='bbox 931 4816 1020 4885; x_wconf 90' lang='lat' dir='ltr'><strong>qui</strong></span> <span class='ocrx_word' id='word_1_410' title='bbox 1047 4822 1228 4870; x_wconf 88' lang='lat' dir='ltr'><strong>essent</strong></span> <span class='ocrx_word' id='word_1_411' title='bbox 1254 4813 1454 4869; x_wconf 91' lang='lat' dir='ltr'><strong>inimici</strong></span> <span class='ocrx_word' id='word_1_412' title='bbox 1483 4823 1537 4869; x_wconf 91' lang='lat' dir='ltr'><strong>et</strong></span> <span class='ocrx_word' id='word_1_413' title='bbox 1568 4829 1660 4884; x_wconf 88' lang='lat' dir='ltr'><strong>pe-</strong></span> 
     </span>
    </p>
   </div>
   <div class='ocr_carea' id='block_1_52' title="bbox 51 4908 1655 4980">
    <p class='ocr_par' dir='ltr' id='par_1_52' title="bbox 51 4908 1655 4980">
     <span class='ocr_line' id='line_1_52' title="bbox 51 4908 1655 4980; baseline -0.006 -7"><span class='ocrx_word' id='word_1_414' title='bbox 51 4933 117 4973; x_wconf 82' lang='lat' dir='ltr'><strong>cs</strong></span> <span class='ocrx_word' id='word_1_415' title='bbox 165 4910 520 4972; x_wconf 87' lang='lat' dir='ltr'><strong>communis</strong></span> <span class='ocrx_word' id='word_1_416' title='bbox 566 4920 795 4974; x_wconf 65' lang='lat' dir='ltr'><strong>naturae,</strong></span> <span class='ocrx_word' id='word_1_417' title='bbox 845 4911 961 4965; x_wconf 66' lang='lat' dir='ltr'><strong>haec</strong></span> <span class='ocrx_word' id='word_1_418' title='bbox 1006 4909 1083 4964; x_wconf 91' lang='lat' dir='ltr'><strong>sic</strong></span> <span class='ocrx_word' id='word_1_419' title='bbox 1116 4924 1329 4980; x_wconf 90' lang='lat' dir='ltr'><strong>quoque</strong></span> <span class='ocrx_word' id='word_1_420' title='bbox 1369 4908 1655 4966; x_wconf 81' lang='lat' dir='ltr'><strong>faciebant.</strong></span> 
     </span>
    </p>
   </div>
   <div class='ocr_carea' id='block_1_53' title="bbox 51 5000 1661 5074">
    <p class='ocr_par' dir='ltr' id='par_1_53' title="bbox 51 5000 1661 5074">
     <span class='ocr_line' id='line_1_53' title="bbox 51 5000 1661 5074; baseline -0.004 -11"><span class='ocrx_word' id='word_1_421' title='bbox 51 5024 139 5063; x_wconf 77' lang='lat' dir='ltr'><strong>1m</strong></span> <span class='ocrx_word' id='word_1_422' title='bbox 174 5004 355 5061; x_wconf 84' lang='lat' dir='ltr'><strong>alius</strong></span> <span class='ocrx_word' id='word_1_423' title='bbox 389 5001 604 5074; x_wconf 89' lang='lat' dir='ltr'><strong>quidem</strong></span> <span class='ocrx_word' id='word_1_424' title='bbox 643 5000 841 5056; x_wconf 81' lang='lat' dir='ltr'><strong>frustra</strong></span> <span class='ocrx_word' id='word_1_425' title='bbox 869 5009 924 5056; x_wconf 90' lang='lat' dir='ltr'><strong>et</strong></span> <span class='ocrx_word' id='word_1_426' title='bbox 968 5009 1169 5056; x_wconf 85' lang='lat' dir='ltr'><strong>temere</strong></span> <span class='ocrx_word' id='word_1_427' title='bbox 1196 5014 1385 5055; x_wconf 90' lang='lat' dir='ltr'><strong>omnes</strong></span> <span class='ocrx_word' id='word_1_428' title='bbox 1419 5014 1543 5055; x_wconf 90' lang='lat' dir='ltr'><strong>suas</strong></span> <span class='ocrx_word' id='word_1_429' title='bbox 1581 5000 1661 5056; x_wconf 90' lang='lat' dir='ltr'><strong>fa-</strong></span> 
     </span>
    </p>
   </div>
   <div class='ocr_carea' id='block_1_54' title="bbox 51 5090 1658 5164">
    <p class='ocr_par' dir='ltr' id='par_1_54' title="bbox 51 5090 1658 5164">
     <span class='ocr_line' id='line_1_54' title="bbox 51 5090 1658 5164; baseline -0.004 -9"><span class='ocrx_word' id='word_1_430' title='bbox 51 5103 267 5156; x_wconf 81' lang='lat' dir='ltr'><strong>Iltatcs</strong></span> <span class='ocrx_word' id='word_1_431' title='bbox 326 5096 397 5151; x_wconf 88' lang='lat' dir='ltr'><strong>in</strong></span> <span class='ocrx_word' id='word_1_432' title='bbox 440 5109 591 5150; x_wconf 91' lang='lat' dir='ltr'><strong>mare</strong></span> <span class='ocrx_word' id='word_1_433' title='bbox 631 5093 996 5164; x_wconf 90' lang='lat' dir='ltr'><strong>demergebat,</strong></span> <span class='ocrx_word' id='word_1_434' title='bbox 1024 5090 1199 5147; x_wconf 86' lang='lat' dir='ltr'><strong>fatuos</strong></span> <span class='ocrx_word' id='word_1_435' title='bbox 1241 5092 1455 5147; x_wconf 88' lang='lat' dir='ltr'><strong>imitans</strong></span> <span class='ocrx_word' id='word_1_436' title='bbox 1482 5100 1537 5148; x_wconf 92' lang='lat' dir='ltr'><strong>et</strong></span> <span class='ocrx_word' id='word_1_437' title='bbox 1563 5106 1658 5148; x_wconf 90' lang='lat' dir='ltr'><strong>eos</strong></span> 
     </span>
    </p>
   </div>
   <div class='ocr_carea' id='block_1_55' title="bbox 51 5183 1656 5251">
    <p class='ocr_par' dir='ltr' id='par_1_55' title="bbox 51 5183 1656 5251">
     <span class='ocr_line' id='line_1_55' title="bbox 51 5183 1656 5251; baseline -0.006 -2"><span class='ocrx_word' id='word_1_438' title='bbox 51 5195 86 5251; x_wconf 74' lang='lat' dir='ltr'><strong>Li</strong></span> <span class='ocrx_word' id='word_1_439' title='bbox 119 5199 283 5248; x_wconf 87' lang='lat' dir='ltr'><strong>sunt</strong></span> <span class='ocrx_word' id='word_1_440' title='bbox 320 5188 543 5243; x_wconf 84' lang='lat' dir='ltr'><strong>insanae</strong></span> <span class='ocrx_word' id='word_1_441' title='bbox 569 5187 764 5241; x_wconf 88' lang='lat' dir='ltr'><strong>mentis</strong></span> <span class='ocrx_word' id='word_1_442' title='bbox 795 5203 810 5240; x_wconf 91' lang='lat'><strong>:</strong></span> <span class='ocrx_word' id='word_1_443' title='bbox 841 5186 976 5240; x_wconf 89' lang='lat' dir='ltr'><strong>alius</strong></span> <span class='ocrx_word' id='word_1_444' title='bbox 1018 5196 1195 5240; x_wconf 89' lang='lat' dir='ltr'><strong>autem</strong></span> <span class='ocrx_word' id='word_1_445' title='bbox 1232 5183 1445 5240; x_wconf 89' lang='lat' dir='ltr'><strong>sinebat</strong></span> <span class='ocrx_word' id='word_1_446' title='bbox 1469 5199 1656 5240; x_wconf 87' lang='lat' dir='ltr'><strong>omnes</strong></span> 
     </span>
    </p>
   </div>
   <div class='ocr_carea' id='block_1_56' title="bbox 56 5275 1656 5356">
    <p class='ocr_par' dir='ltr' id='par_1_56' title="bbox 56 5275 1656 5356">
     <span class='ocr_line' id='line_1_56' title="bbox 56 5275 1656 5356; baseline -0.006 -16"><span class='ocrx_word' id='word_1_447' title='bbox 56 5300 131 5341; x_wconf 89' lang='lat' dir='ltr'><strong>os</strong></span> <span class='ocrx_word' id='word_1_448' title='bbox 167 5294 380 5354; x_wconf 80' lang='lat' dir='ltr'><strong>agros</strong></span> <span class='ocrx_word' id='word_1_449' title='bbox 412 5278 623 5356; x_wconf 86' lang='lat' dir='ltr'><strong>depasci</strong></span> <span class='ocrx_word' id='word_1_450' title='bbox 652 5278 720 5334; x_wconf 89' lang='lat' dir='ltr'><strong>ab</strong></span> <span class='ocrx_word' id='word_1_451' title='bbox 747 5277 957 5332; x_wconf 89' lang='lat' dir='ltr'><strong>ovibus.</strong></span> <span class='ocrx_word' id='word_1_452' title='bbox 1002 5275 1093 5332; x_wconf 89' lang='lat' dir='ltr'><strong>Sic</strong></span> <span class='ocrx_word' id='word_1_453' title='bbox 1131 5277 1308 5331; x_wconf 90' lang='lat' dir='ltr'><strong>omnia</strong></span> <span class='ocrx_word' id='word_1_454' title='bbox 1352 5276 1491 5347; x_wconf 90' lang='lat' dir='ltr'><strong>apud</strong></span> <span class='ocrx_word' id='word_1_455' title='bbox 1537 5276 1656 5331; x_wconf 89' lang='lat' dir='ltr'><strong>illos</strong></span> 
     </span>
    </p>
   </div>
   <div class='ocr_carea' id='block_1_57' title="bbox 89 5366 1656 5440">
    <p class='ocr_par' dir='ltr' id='par_1_57' title="bbox 89 5366 1656 5440">
     <span class='ocr_line' id='line_1_57' title="bbox 89 5366 1656 5440; baseline -0.007 -8"><span class='ocrx_word' id='word_1_456' title='bbox 89 5388 342 5432; x_wconf 87' lang='lat' dir='ltr'><strong>vanam</strong></span> <span class='ocrx_word' id='word_1_457' title='bbox 390 5370 613 5440; x_wconf 86' lang='lat' dir='ltr'><strong>gloriam</strong></span> <span class='ocrx_word' id='word_1_458' title='bbox 643 5368 977 5439; x_wconf 88' lang='lat' dir='ltr'><strong>spectabant.</strong></span> <span class='ocrx_word' id='word_1_459' title='bbox 1010 5366 1116 5423; x_wconf 89' lang='lat' dir='ltr'><strong>Sed</strong></span> <span class='ocrx_word' id='word_1_460' title='bbox 1152 5382 1258 5423; x_wconf 90' lang='lat' dir='ltr'><strong>non</strong></span> <span class='ocrx_word' id='word_1_461' title='bbox 1290 5367 1367 5436; x_wconf 93' lang='lat' dir='ltr'><strong>hi,</strong></span> <span class='ocrx_word' id='word_1_462' title='bbox 1395 5369 1501 5423; x_wconf 89' lang='lat' dir='ltr'><strong>imo</strong></span> <span class='ocrx_word' id='word_1_463' title='bbox 1526 5382 1656 5422; x_wconf 87' lang='lat' dir='ltr'><strong>vero</strong></span> 
     </span>
    </p>
   </div>
   <div class='ocr_carea' id='block_1_58' title="bbox 52 5458 1654 5531">
    <p class='ocr_par' dir='ltr' id='par_1_58' title="bbox 52 5458 1654 5531">
     <span class='ocr_line' id='line_1_58' title="bbox 52 5458 1654 5531; baseline -0.007 -7"><span class='ocrx_word' id='word_1_464' title='bbox 52 5484 119 5524; x_wconf 66' lang='grc' dir='ltr'><strong>ιω</strong></span> <span class='ocrx_word' id='word_1_465' title='bbox 150 5466 479 5522; x_wconf 85' lang='lat' dir='ltr'><strong>dabantur</strong></span> <span class='ocrx_word' id='word_1_466' title='bbox 502 5461 855 5531; x_wconf 87' lang='lat' dir='ltr'><strong>accipiebant,</strong></span> <span class='ocrx_word' id='word_1_467' title='bbox 888 5459 1348 5515; x_wconf 89' lang='lat' dir='ltr'><strong>ctdistribuebant</strong></span> <span class='ocrx_word' id='word_1_468' title='bbox 1374 5458 1654 5530; x_wconf 79' lang='lat' dir='ltr'><strong>egentibus</strong></span> 
     </span>
    </p>
   </div>
   <div class='ocr_carea' id='block_1_59' title="bbox 55 5550 1653 5623">
    <p class='ocr_par' dir='ltr' id='par_1_59' title="bbox 55 5550 1653 5623">
     <span class='ocr_line' id='line_1_59' title="bbox 55 5550 1653 5623; baseline -0.009 -4"><span class='ocrx_word' id='word_1_469' title='bbox 55 5580 120 5619; x_wconf 90' lang='lat' dir='ltr'><strong>m</strong></span> <span class='ocrx_word' id='word_1_470' title='bbox 163 5566 360 5617; x_wconf 82' lang='lat' dir='ltr'><strong>tanta</strong></span> <span class='ocrx_word' id='word_1_471' title='bbox 397 5554 733 5621; x_wconf 87' lang='lat' dir='ltr'><strong>liberalitate,</strong></span> <span class='ocrx_word' id='word_1_472' title='bbox 758 5561 817 5610; x_wconf 92' lang='lat' dir='ltr'><strong>ut</strong></span> <span class='ocrx_word' id='word_1_473' title='bbox 842 5554 1003 5610; x_wconf 88' lang='lat' dir='ltr'><strong>etiam</strong></span> <span class='ocrx_word' id='word_1_474' title='bbox 1029 5554 1083 5608; x_wconf 92' lang='lat' dir='ltr'><strong>in</strong></span> <span class='ocrx_word' id='word_1_475' title='bbox 1107 5554 1245 5609; x_wconf 89' lang='lat' dir='ltr'><strong>fame</strong></span> <span class='ocrx_word' id='word_1_476' title='bbox 1276 5561 1534 5623; x_wconf 87' lang='lat' dir='ltr'><strong>perpetua</strong></span> <span class='ocrx_word' id='word_1_477' title='bbox 1553 5550 1653 5606; x_wconf 88' lang='lat' dir='ltr'><strong>de-</strong></span> 
     </span>
    </p>
   </div>
   <div class='ocr_carea' id='block_1_60' title="bbox 52 5644 1652 5718">
    <p class='ocr_par' dir='ltr' id='par_1_60' title="bbox 52 5644 1652 5718">
     <span class='ocr_line' id='line_1_60' title="bbox 52 5644 1652 5718; baseline -0.008 -7"><span class='ocrx_word' id='word_1_478' title='bbox 52 5664 233 5711; x_wconf 89' lang='lat' dir='ltr'><strong>rent.</strong></span> <span class='ocrx_word' id='word_1_479' title='bbox 271 5650 351 5707; x_wconf 88' lang='lat' dir='ltr'><strong>Si</strong></span> <span class='ocrx_word' id='word_1_480' title='bbox 400 5658 574 5703; x_wconf 90' lang='lat' dir='ltr'><strong>autem</strong></span> <span class='ocrx_word' id='word_1_481' title='bbox 607 5645 832 5718; x_wconf 80' lang='lat' dir='ltr'><strong>gloriam</strong></span> <span class='ocrx_word' id='word_1_482' title='bbox 861 5655 1154 5712; x_wconf 90' lang='lat' dir='ltr'><strong>amassent,</strong></span> <span class='ocrx_word' id='word_1_483' title='bbox 1199 5660 1305 5701; x_wconf 90' lang='lat' dir='ltr'><strong>non</strong></span> <span class='ocrx_word' id='word_1_484' title='bbox 1348 5645 1449 5701; x_wconf 90' lang='lat' dir='ltr'><strong>hoc</strong></span> <span class='ocrx_word' id='word_1_485' title='bbox 1496 5644 1652 5700; x_wconf 88' lang='lat' dir='ltr'><strong>fecis-</strong></span> 
     </span>
    </p>
   </div>
   <div class='ocr_carea' id='block_1_61' title="bbox 51 5738 1648 5820">
    <p class='ocr_par' dir='ltr' id='par_1_61' title="bbox 51 5738 1648 5820">
     <span class='ocr_line' id='line_1_61' title="bbox 51 5738 1648 5820; baseline -0.008 -14"><span class='ocrx_word' id='word_1_486' title='bbox 51 5758 140 5820; x_wconf 78' lang='lat' dir='ltr'><strong>nt,</strong></span> <span class='ocrx_word' id='word_1_487' title='bbox 179 5756 434 5813; x_wconf 83' lang='lat' dir='ltr'><strong>nempe</strong></span> <span class='ocrx_word' id='word_1_488' title='bbox 460 5750 514 5798; x_wconf 89' lang='lat' dir='ltr'><strong>ut</strong></span> <span class='ocrx_word' id='word_1_489' title='bbox 540 5740 845 5815; x_wconf 84' lang='lat' dir='ltr'><strong>acciperent</strong></span> <span class='ocrx_word' id='word_1_490' title='bbox 881 5749 936 5797; x_wconf 90' lang='lat' dir='ltr'><strong>et</strong></span> <span class='ocrx_word' id='word_1_491' title='bbox 964 5740 1366 5809; x_wconf 82' lang='lat' dir='ltr'><strong>distribuerent,</strong></span> <span class='ocrx_word' id='word_1_492' title='bbox 1397 5738 1648 5797; x_wconf 84' lang='lat' dir='ltr'><strong>timentes</strong></span> 
     </span>
    </p>
   </div>
   <div class='ocr_carea' id='block_1_62' title="bbox 3258 297 3368 355">
    <p class='ocr_par' dir='ltr' id='par_1_62' title="bbox 3258 297 3368 355">
     <span class='ocr_line' id='line_1_62' title="bbox 3258 297 3368 355; baseline -0.018 0"><span class='ocrx_word' id='word_1_493' title='bbox 3258 297 3368 355; x_wconf 71' lang='lat'><strong>302</strong></span> 
     </span>
    </p>
   </div>
   <div class='ocr_carea' id='block_1_63' title="bbox 1776 403 3368 482">
    <p class='ocr_par' dir='ltr' id='par_1_63' title="bbox 1776 403 3368 482">
     <span class='ocr_line' id='line_1_63' title="bbox 1776 403 3368 482; baseline 0.008 -27"><span class='ocrx_word' id='word_1_494' title='bbox 1776 414 1846 455; x_wconf 92' lang='lat' dir='ltr'><strong>ne</strong></span> <span class='ocrx_word' id='word_1_495' title='bbox 1869 409 2059 457; x_wconf 88' lang='lat' dir='ltr'><strong>contra</strong></span> <span class='ocrx_word' id='word_1_496' title='bbox 2101 403 2250 474; x_wconf 85' lang='lat' dir='ltr'><strong>ipsos</strong></span> <span class='ocrx_word' id='word_1_497' title='bbox 2291 404 2469 476; x_wconf 91' lang='lat' dir='ltr'><strong>aliqua</strong></span> <span class='ocrx_word' id='word_1_498' title='bbox 2510 404 2652 463; x_wconf 86' lang='lat' dir='ltr'><strong>foret</strong></span> <span class='ocrx_word' id='word_1_499' title='bbox 2679 406 2933 479; x_wconf 84' lang='lat' dir='ltr'><strong>suspicio.</strong></span> <span class='ocrx_word' id='word_1_500' title='bbox 2964 408 3097 466; x_wconf 80' lang='lat' dir='ltr'><strong>Nam</strong></span> <span class='ocrx_word' id='word_1_501' title='bbox 3137 412 3230 482; x_wconf 82' lang='lat' dir='ltr'><strong>qui</strong></span> <span class='ocrx_word' id='word_1_502' title='bbox 3266 429 3368 468; x_wconf 89' lang='lat' dir='ltr'><strong>sua</strong></span> 
     </span>
    </p>
   </div>
   <div class='ocr_carea' id='block_1_64' title="bbox 1772 491 3363 573">
    <p class='ocr_par' dir='ltr' id='par_1_64' title="bbox 1772 491 3363 573">
     <span class='ocr_line' id='line_1_64' title="bbox 1772 491 3363 573; baseline 0.007 -29"><span class='ocrx_word' id='word_1_503' title='bbox 1772 491 1956 560; x_wconf 89' lang='lat' dir='ltr'><strong>abjicit</strong></span> <span class='ocrx_word' id='word_1_504' title='bbox 1993 504 2214 564; x_wconf 84' lang='lat' dir='ltr'><strong>propter</strong></span> <span class='ocrx_word' id='word_1_505' title='bbox 2241 496 2487 567; x_wconf 78' lang='lat' dir='ltr'><strong>gloriam,</strong></span> <span class='ocrx_word' id='word_1_506' title='bbox 2519 499 2687 553; x_wconf 91' lang='lat' dir='ltr'><strong>multo</strong></span> <span class='ocrx_word' id='word_1_507' title='bbox 2714 501 2882 570; x_wconf 89' lang='lat' dir='ltr'><strong>magis</strong></span> <span class='ocrx_word' id='word_1_508' title='bbox 2907 517 3015 556; x_wconf 90' lang='lat' dir='ltr'><strong>non</strong></span> <span class='ocrx_word' id='word_1_509' title='bbox 3044 504 3272 573; x_wconf 89' lang='lat' dir='ltr'><strong>accipiet</strong></span> <span class='ocrx_word' id='word_1_510' title='bbox 3297 519 3363 559; x_wconf 75' lang='lat' dir='ltr'><strong>ea</strong></span> 
     </span>
    </p>
   </div>
   <div class='ocr_carea' id='block_1_65' title="bbox 1770 585 3358 664">
    <p class='ocr_par' dir='ltr' id='par_1_65' title="bbox 1770 585 3358 664">
     <span class='ocr_line' id='line_1_65' title="bbox 1770 585 3358 664; baseline 0.01 -29"><span class='ocrx_word' id='word_1_511' title='bbox 1770 596 1891 651; x_wconf 67' lang='lat' dir='ltr'><strong>quae</strong></span> <span class='ocrx_word' id='word_1_512' title='bbox 1918 592 2043 639; x_wconf 91' lang='lat' dir='ltr'><strong>sunt</strong></span> <span class='ocrx_word' id='word_1_513' title='bbox 2069 585 2317 653; x_wconf 90' lang='lat' dir='ltr'><strong>aliorum,</strong></span> <span class='ocrx_word' id='word_1_514' title='bbox 2349 602 2418 643; x_wconf 88' lang='lat' dir='ltr'><strong>ne</strong></span> <span class='ocrx_word' id='word_1_515' title='bbox 2443 589 2688 645; x_wconf 87' lang='lat' dir='ltr'><strong>videatur</strong></span> <span class='ocrx_word' id='word_1_516' title='bbox 2709 606 2868 662; x_wconf 88' lang='lat' dir='ltr'><strong>egere</strong></span> <span class='ocrx_word' id='word_1_517' title='bbox 2894 592 3035 660; x_wconf 88' lang='lat' dir='ltr'><strong>aliis,</strong></span> <span class='ocrx_word' id='word_1_518' title='bbox 3062 610 3237 664; x_wconf 89' lang='lat' dir='ltr'><strong>neque</strong></span> <span class='ocrx_word' id='word_1_519' title='bbox 3261 611 3358 652; x_wconf 83' lang='lat' dir='ltr'><strong>ve-</strong></span> 
     </span>
    </p>
   </div>
   <div class='ocr_carea' id='block_1_66' title="bbox 1770 674 3356 748">
    <p class='ocr_par' dir='ltr' id='par_1_66' title="bbox 1770 674 3356 748">
     <span class='ocr_line' id='line_1_66' title="bbox 1770 674 3356 748; baseline 0.009 -19"><span class='ocrx_word' id='word_1_520' title='bbox 1770 674 1880 730; x_wconf 91' lang='lat' dir='ltr'><strong>niat</strong></span> <span class='ocrx_word' id='word_1_521' title='bbox 1907 676 1959 729; x_wconf 94' lang='lat' dir='ltr'><strong>in</strong></span> <span class='ocrx_word' id='word_1_522' title='bbox 1984 678 2367 748; x_wconf 88' lang='lat' dir='ltr'><strong>suspicionem.</strong></span> <span class='ocrx_word' id='word_1_523' title='bbox 2397 680 2504 736; x_wconf 77' lang='lat' dir='ltr'><strong>llos</strong></span> <span class='ocrx_word' id='word_1_524' title='bbox 2530 692 2709 738; x_wconf 90' lang='lat' dir='ltr'><strong>autem</strong></span> <span class='ocrx_word' id='word_1_525' title='bbox 2731 684 2882 740; x_wconf 85' lang='lat' dir='ltr'><strong>vides</strong></span> <span class='ocrx_word' id='word_1_526' title='bbox 2909 693 2963 739; x_wconf 88' lang='lat' dir='ltr'><strong>ct</strong></span> <span class='ocrx_word' id='word_1_527' title='bbox 2992 685 3356 744; x_wconf 90' lang='lat' dir='ltr'><strong>ministrantes</strong></span> 
     </span>
    </p>
   </div>
   <div class='ocr_carea' id='block_1_67' title="bbox 1770 768 3359 850">
    <p class='ocr_par' dir='ltr' id='par_1_67' title="bbox 1770 768 3359 850">
     <span class='ocr_line' id='line_1_67' title="bbox 1770 768 3359 850; baseline 0.008 -29"><span class='ocrx_word' id='word_1_528' title='bbox 1770 776 1825 822; x_wconf 89' lang='lat' dir='ltr'><strong>et</strong></span> <span class='ocrx_word' id='word_1_529' title='bbox 1843 768 2242 826; x_wconf 88' lang='lat' dir='ltr'><strong>emendicantes</strong></span> <span class='ocrx_word' id='word_1_530' title='bbox 2269 786 2367 842; x_wconf 94' lang='lat' dir='ltr'><strong>pro</strong></span> <span class='ocrx_word' id='word_1_531' title='bbox 2387 773 2667 843; x_wconf 77' lang='lat' dir='ltr'><strong>egentibus</strong></span> <span class='ocrx_word' id='word_1_532' title='bbox 2697 794 2711 830; x_wconf 89' lang='lat'><strong>:</strong></span> <span class='ocrx_word' id='word_1_533' title='bbox 2739 774 2874 831; x_wconf 89' lang='lat' dir='ltr'><strong>adeo</strong></span> <span class='ocrx_word' id='word_1_534' title='bbox 2899 785 3055 847; x_wconf 90' lang='lat' dir='ltr'><strong>erant</strong></span> <span class='ocrx_word' id='word_1_535' title='bbox 3076 779 3233 832; x_wconf 91' lang='lat' dir='ltr'><strong>etiam</strong></span> <span class='ocrx_word' id='word_1_536' title='bbox 3260 796 3359 850; x_wconf 87' lang='lat' dir='ltr'><strong>pa-</strong></span> 
     </span>
    </p>
   </div>
   <div class='ocr_carea' id='block_1_68' title="bbox 1769 857 3357 929">
    <p class='ocr_par' dir='ltr' id='par_1_68' title="bbox 1769 857 3357 929">
     <span class='ocr_line' id='line_1_68' title="bbox 1769 857 3357 929; baseline 0.01 -18"><span class='ocrx_word' id='word_1_537' title='bbox 1769 857 1943 913; x_wconf 88' lang='lat' dir='ltr'><strong>tribus</strong></span> <span class='ocrx_word' id='word_1_538' title='bbox 1992 860 2319 929; x_wconf 88' lang='lat' dir='ltr'><strong>quibuslibet</strong></span> <span class='ocrx_word' id='word_1_539' title='bbox 2370 866 2715 921; x_wconf 88' lang='lat' dir='ltr'><strong>amantiores.</strong></span> <span class='ocrx_word' id='word_1_540' title='bbox 2766 866 2901 923; x_wconf 79' lang='lat' dir='ltr'><strong>Vide</strong></span> <span class='ocrx_word' id='word_1_541' title='bbox 2948 878 3127 924; x_wconf 87' lang='lat' dir='ltr'><strong>autem</strong></span> <span class='ocrx_word' id='word_1_542' title='bbox 3170 886 3357 927; x_wconf 88' lang='lat' dir='ltr'><strong>eorum</strong></span> 
     </span>
    </p>
   </div>
   <div class='ocr_carea' id='block_1_69' title="bbox 1768 951 3356 1030">
    <p class='ocr_par' dir='ltr' id='par_1_69' title="bbox 1768 951 3356 1030">
     <span class='ocr_line' id='line_1_69' title="bbox 1768 951 3356 1030; baseline 0.008 -27"><span class='ocrx_word' id='word_1_543' title='bbox 1768 964 1982 1021; x_wconf 90' lang='lat' dir='ltr'><strong>quoque</strong></span> <span class='ocrx_word' id='word_1_544' title='bbox 2009 951 2155 1024; x_wconf 81' lang='lat' dir='ltr'><strong>leges</strong></span> <span class='ocrx_word' id='word_1_545' title='bbox 2184 955 2510 1023; x_wconf 91' lang='lat' dir='ltr'><strong>moderatas,</strong></span> <span class='ocrx_word' id='word_1_546' title='bbox 2553 958 2702 1013; x_wconf 91' lang='lat' dir='ltr'><strong>etab</strong></span> <span class='ocrx_word' id='word_1_547' title='bbox 2746 958 2889 1014; x_wconf 90' lang='lat' dir='ltr'><strong>inani</strong></span> <span class='ocrx_word' id='word_1_548' title='bbox 2933 961 3104 1030; x_wconf 84' lang='lat' dir='ltr'><strong>gloria</strong></span> <span class='ocrx_word' id='word_1_549' title='bbox 3134 962 3356 1017; x_wconf 85' lang='lat' dir='ltr'><strong>liberas.</strong></span> 
     </span>
    </p>
   </div>
   <div class='ocr_carea' id='block_1_70' title="bbox 1769 1038 3358 1117">
    <p class='ocr_par' dir='ltr' id='par_1_70' title="bbox 1769 1038 3358 1117">
     <span class='ocr_line' id='line_1_70' title="bbox 1769 1038 3358 1117; baseline 0.008 -23"><span class='ocrx_word' id='word_1_550' title='bbox 1769 1038 2028 1097; x_wconf 81' lang='lat' dir='ltr'><strong>Habentes</strong></span> <span class='ocrx_word' id='word_1_551' title='bbox 2048 1044 2211 1109; x_wconf 86' lang='lat' dir='ltr'><strong>enim,</strong></span> <span class='ocrx_word' id='word_1_552' title='bbox 2236 1044 2427 1116; x_wconf 89' lang='lat' dir='ltr'><strong>inquit,</strong></span> <span class='ocrx_word' id='word_1_553' title='bbox 2456 1049 2748 1105; x_wconf 80' lang='lat' dir='ltr'><strong>vestimenta</strong></span> <span class='ocrx_word' id='word_1_554' title='bbox 2774 1059 2821 1102; x_wconf 87' lang='lat' dir='ltr'><strong>et</strong></span> <span class='ocrx_word' id='word_1_555' title='bbox 2846 1050 3109 1117; x_wconf 84' lang='lat' dir='ltr'><strong>alimenta,</strong></span> <span class='ocrx_word' id='word_1_556' title='bbox 3134 1051 3213 1105; x_wconf 75' lang='lat' dir='ltr'><strong>Itis</strong></span> <span class='ocrx_word' id='word_1_557' title='bbox 3236 1068 3358 1106; x_wconf 86' lang='lat' dir='ltr'><strong>con-</strong></span> 
     </span>
    </p>
   </div>
   <div class='ocr_carea' id='block_1_71' title="bbox 1769 1132 3355 1215">
    <p class='ocr_par' dir='ltr' id='par_1_71' title="bbox 1769 1132 3355 1215">
     <span class='ocr_line' id='line_1_71' title="bbox 1769 1132 3355 1215; baseline 0.009 -31"><span class='ocrx_word' id='word_1_558' title='bbox 1769 1132 1894 1186; x_wconf 85' lang='lat' dir='ltr'><strong>tenti</strong></span> <span class='ocrx_word' id='word_1_559' title='bbox 1922 1135 2109 1189; x_wconf 87' lang='lat' dir='ltr'><strong>erimus</strong></span> <span class='ocrx_word' id='word_1_560' title='bbox 2137 1135 2215 1207; x_wconf 85' lang='lat' dir='ltr'><strong>(i.</strong></span> <span class='ocrx_word' id='word_1_561' title='bbox 2245 1134 2382 1190; x_wconf 85' lang='lat' dir='ltr'><strong>Tim.</strong></span> <span class='ocrx_word' id='word_1_562' title='bbox 2414 1137 2467 1193; x_wconf 87' lang='lat'><strong>6.</strong></span> <span class='ocrx_word' id='word_1_563' title='bbox 2494 1138 2552 1208; x_wconf 89' lang='lat'>8)</span> <span class='ocrx_word' id='word_1_564' title='bbox 2585 1154 2598 1191; x_wconf 92' lang='lat'><strong>:</strong></span> <span class='ocrx_word' id='word_1_565' title='bbox 2629 1153 2736 1193; x_wconf 92' lang='lat' dir='ltr'><strong>non</strong></span> <span class='ocrx_word' id='word_1_566' title='bbox 2772 1139 2913 1195; x_wconf 89' lang='lat' dir='ltr'><strong>sicut</strong></span> <span class='ocrx_word' id='word_1_567' title='bbox 2950 1141 3039 1197; x_wconf 90' lang='lat' dir='ltr'><strong>ille</strong></span> <span class='ocrx_word' id='word_1_568' title='bbox 3067 1142 3355 1215; x_wconf 84' lang='lat' dir='ltr'><strong>Sinopeus.</strong></span> 
     </span>
    </p>
   </div>
   <div class='ocr_carea' id='block_1_72' title="bbox 1767 1224 3356 1307">
    <p class='ocr_par' dir='ltr' id='par_1_72' title="bbox 1767 1224 3356 1307">
     <span class='ocr_line' id='line_1_72' title="bbox 1767 1224 3356 1307; baseline 0.01 -31"><span class='ocrx_word' id='word_1_569' title='bbox 1767 1224 1856 1293; x_wconf 89' lang='lat' dir='ltr'><strong>qui</strong></span> <span class='ocrx_word' id='word_1_570' title='bbox 1906 1227 2095 1294; x_wconf 86' lang='lat' dir='ltr'><strong>pannis</strong></span> <span class='ocrx_word' id='word_1_571' title='bbox 2142 1228 2347 1285; x_wconf 90' lang='lat' dir='ltr'><strong>obsitus</strong></span> <span class='ocrx_word' id='word_1_572' title='bbox 2391 1239 2444 1285; x_wconf 91' lang='lat' dir='ltr'><strong>et</strong></span> <span class='ocrx_word' id='word_1_573' title='bbox 2484 1231 2685 1307; x_wconf 76' lang='lat' dir='ltr'><strong>dolium</strong></span> <span class='ocrx_word' id='word_1_574' title='bbox 2728 1233 3014 1301; x_wconf 88' lang='lat' dir='ltr'><strong>habitans,</strong></span> <span class='ocrx_word' id='word_1_575' title='bbox 3056 1251 3177 1291; x_wconf 90' lang='lat' dir='ltr'><strong>cum</strong></span> <span class='ocrx_word' id='word_1_576' title='bbox 3222 1237 3356 1292; x_wconf 89' lang='lat' dir='ltr'><strong>nihil</strong></span> 
     </span>
    </p>
   </div>
   <div class='ocr_carea' id='block_1_73' title="bbox 1769 1324 3353 1397">
    <p class='ocr_par' dir='ltr' id='par_1_73' title="bbox 1769 1324 3353 1397">
     <span class='ocr_line' id='line_1_73' title="bbox 1769 1324 3353 1397; baseline 0.009 -27"><span class='ocrx_word' id='word_1_577' title='bbox 1769 1326 1914 1372; x_wconf 85' lang='lat' dir='ltr'><strong>esset</strong></span> <span class='ocrx_word' id='word_1_578' title='bbox 1951 1333 2109 1390; x_wconf 91' lang='lat' dir='ltr'><strong>opus,</strong></span> <span class='ocrx_word' id='word_1_579' title='bbox 2158 1324 2356 1380; x_wconf 91' lang='lat' dir='ltr'><strong>multos</strong></span> <span class='ocrx_word' id='word_1_580' title='bbox 2400 1325 2614 1396; x_wconf 89' lang='lat' dir='ltr'><strong>quidem</strong></span> <span class='ocrx_word' id='word_1_581' title='bbox 2663 1327 2964 1397; x_wconf 77' lang='lat' dir='ltr'><strong>stupefecit,</strong></span> <span class='ocrx_word' id='word_1_582' title='bbox 3015 1330 3146 1385; x_wconf 91' lang='lat' dir='ltr'><strong>nulli</strong></span> <span class='ocrx_word' id='word_1_583' title='bbox 3174 1340 3353 1385; x_wconf 90' lang='lat' dir='ltr'><strong>autem</strong></span> 
     </span>
    </p>
   </div>
   <div class='ocr_carea' id='block_1_74' title="bbox 1768 1407 3356 1493">
    <p class='ocr_par' dir='ltr' id='par_1_74' title="bbox 1768 1407 3356 1493">
     <span class='ocr_line' id='line_1_74' title="bbox 1768 1407 3356 1493; baseline 0.011 -32"><span class='ocrx_word' id='word_1_584' title='bbox 1768 1407 1986 1477; x_wconf 84' lang='lat' dir='ltr'><strong>profuit.</strong></span> <span class='ocrx_word' id='word_1_585' title='bbox 2020 1412 2216 1470; x_wconf 90' lang='lat' dir='ltr'><strong>Paulus</strong></span> <span class='ocrx_word' id='word_1_586' title='bbox 2253 1424 2432 1471; x_wconf 92' lang='lat' dir='ltr'><strong>autem</strong></span> <span class='ocrx_word' id='word_1_587' title='bbox 2483 1417 2614 1473; x_wconf 89' lang='lat' dir='ltr'><strong>nihil</strong></span> <span class='ocrx_word' id='word_1_588' title='bbox 2645 1418 2838 1475; x_wconf 90' lang='lat' dir='ltr'><strong>horum</strong></span> <span class='ocrx_word' id='word_1_589' title='bbox 2879 1419 3150 1476; x_wconf 89' lang='lat' dir='ltr'><strong>faciebat:</strong></span> <span class='ocrx_word' id='word_1_590' title='bbox 3183 1437 3356 1493; x_wconf 88' lang='lat' dir='ltr'><strong>neque</strong></span> 
     </span>
    </p>
   </div>
   <div class='ocr_carea' id='block_1_75' title="bbox 1768 1502 3352 1580">
    <p class='ocr_par' dir='ltr' id='par_1_75' title="bbox 1768 1502 3352 1580">
     <span class='ocr_line' id='line_1_75' title="bbox 1768 1502 3352 1580; baseline 0.008 -24"><span class='ocrx_word' id='word_1_591' title='bbox 1768 1502 1911 1556; x_wconf 86' lang='lat' dir='ltr'><strong>enim</strong></span> <span class='ocrx_word' id='word_1_592' title='bbox 1940 1505 2217 1572; x_wconf 87' lang='lat' dir='ltr'><strong>spectabat</strong></span> <span class='ocrx_word' id='word_1_593' title='bbox 2249 1508 2597 1565; x_wconf 89' lang='lat' dir='ltr'><strong>ambitionem</strong></span> <span class='ocrx_word' id='word_1_594' title='bbox 2635 1518 2692 1565; x_wconf 89' lang='lat' dir='ltr'><strong>et</strong></span> <span class='ocrx_word' id='word_1_595' title='bbox 2739 1512 2957 1567; x_wconf 87' lang='lat' dir='ltr'><strong>honoris</strong></span> <span class='ocrx_word' id='word_1_596' title='bbox 3004 1512 3352 1580; x_wconf 86' lang='lat' dir='ltr'><strong>desidermm,</strong></span> 
     </span>
    </p>
   </div>
   <div class='ocr_carea' id='block_1_76' title="bbox 1768 1592 3356 1671">
    <p class='ocr_par' dir='ltr' id='par_1_76' title="bbox 1768 1592 3356 1671">
     <span class='ocr_line' id='line_1_76' title="bbox 1768 1592 3356 1671; baseline 0.011 -25"><span class='ocrx_word' id='word_1_597' title='bbox 1768 1592 1863 1647; x_wconf 88' lang='lat' dir='ltr'><strong>sed</strong></span> <span class='ocrx_word' id='word_1_598' title='bbox 1889 1602 1945 1648; x_wconf 91' lang='lat' dir='ltr'><strong>et</strong></span> <span class='ocrx_word' id='word_1_599' title='bbox 1972 1594 2168 1652; x_wconf 87' lang='lat' dir='ltr'><strong>decore</strong></span> <span class='ocrx_word' id='word_1_600' title='bbox 2209 1598 2531 1655; x_wconf 89' lang='lat' dir='ltr'><strong>induebatur</strong></span> <span class='ocrx_word' id='word_1_601' title='bbox 2560 1602 2820 1671; x_wconf 88' lang='lat' dir='ltr'><strong>vestibus,</strong></span> <span class='ocrx_word' id='word_1_602' title='bbox 2857 1612 2911 1659; x_wconf 88' lang='lat' dir='ltr'><strong>et</strong></span> <span class='ocrx_word' id='word_1_603' title='bbox 2954 1604 3097 1659; x_wconf 92' lang='lat' dir='ltr'><strong>domi</strong></span> <span class='ocrx_word' id='word_1_604' title='bbox 3141 1606 3356 1663; x_wconf 90' lang='lat' dir='ltr'><strong>assidue</strong></span> 
     </span>
    </p>
   </div>
   <div class='ocr_carea' id='block_1_77' title="bbox 1767 1683 3357 1763">
    <p class='ocr_par' dir='ltr' id='par_1_77' title="bbox 1767 1683 3357 1763">
     <span class='ocr_line' id='line_1_77' title="bbox 1767 1683 3357 1763; baseline 0.01 -25"><span class='ocrx_word' id='word_1_605' title='bbox 1767 1683 2063 1751; x_wconf 87' lang='lat' dir='ltr'><strong>habitabat,</strong></span> <span class='ocrx_word' id='word_1_606' title='bbox 2094 1702 2259 1759; x_wconf 88' lang='lat' dir='ltr'><strong>seque</strong></span> <span class='ocrx_word' id='word_1_607' title='bbox 2300 1691 2457 1758; x_wconf 90' lang='lat' dir='ltr'><strong>plane</strong></span> <span class='ocrx_word' id='word_1_608' title='bbox 2488 1694 2786 1763; x_wconf 88' lang='lat' dir='ltr'><strong>perfectum</strong></span> <span class='ocrx_word' id='word_1_609' title='bbox 2822 1696 3136 1752; x_wconf 83' lang='lat' dir='ltr'><strong>ostendebat</strong></span> <span class='ocrx_word' id='word_1_610' title='bbox 3162 1698 3213 1752; x_wconf 90' lang='lat' dir='ltr'><strong>in</strong></span> <span class='ocrx_word' id='word_1_611' title='bbox 3253 1698 3357 1754; x_wconf 88' lang='lat' dir='ltr'><strong>alia</strong></span> 
     </span>
    </p>
   </div>
   <div class='ocr_carea' id='block_1_78' title="bbox 1767 1776 3358 1858">
    <p class='ocr_par' dir='ltr' id='par_1_78' title="bbox 1767 1776 3358 1858">
     <span class='ocr_line' id='line_1_78' title="bbox 1767 1776 3358 1858; baseline 0.008 -26"><span class='ocrx_word' id='word_1_612' title='bbox 1767 1776 1913 1832; x_wconf 90' lang='lat' dir='ltr'><strong>omni</strong></span> <span class='ocrx_word' id='word_1_613' title='bbox 1960 1778 2158 1835; x_wconf 87' lang='lat' dir='ltr'><strong>virtute</strong></span> <span class='ocrx_word' id='word_1_614' title='bbox 2192 1780 2377 1850; x_wconf 87' lang='lat' dir='ltr'><strong>:quod</strong></span> <span class='ocrx_word' id='word_1_615' title='bbox 2419 1781 2751 1852; x_wconf 77' lang='lat' dir='ltr'><strong>deSpiciebat</strong></span> <span class='ocrx_word' id='word_1_616' title='bbox 2791 1784 3045 1855; x_wconf 89' lang='lat' dir='ltr'><strong>Cynicus,</strong></span> <span class='ocrx_word' id='word_1_617' title='bbox 3093 1788 3358 1858; x_wconf 80' lang='lat' dir='ltr'><strong>intempe-</strong></span> 
     </span>
    </p>
   </div>
   <div class='ocr_carea' id='block_1_79' title="bbox 1768 1868 3356 1950">
    <p class='ocr_par' dir='ltr' id='par_1_79' title="bbox 1768 1868 3356 1950">
     <span class='ocr_line' id='line_1_79' title="bbox 1768 1868 3356 1950; baseline 0.008 -31"><span class='ocrx_word' id='word_1_618' title='bbox 1768 1876 1951 1921; x_wconf 86' lang='lat' dir='ltr'><strong>ranter</strong></span> <span class='ocrx_word' id='word_1_619' title='bbox 1974 1868 2159 1924; x_wconf 82' lang='lat' dir='ltr'><strong>vivens</strong></span> <span class='ocrx_word' id='word_1_620' title='bbox 2201 1878 2257 1925; x_wconf 91' lang='lat' dir='ltr'><strong>et</strong></span> <span class='ocrx_word' id='word_1_621' title='bbox 2296 1871 2469 1940; x_wconf 91' lang='lat' dir='ltr'><strong>palam</strong></span> <span class='ocrx_word' id='word_1_622' title='bbox 2500 1872 2754 1929; x_wconf 89' lang='lat' dir='ltr'><strong>indecore</strong></span> <span class='ocrx_word' id='word_1_623' title='bbox 2798 1889 2857 1930; x_wconf 89' lang='lat' dir='ltr'><strong>se</strong></span> <span class='ocrx_word' id='word_1_624' title='bbox 2902 1891 3097 1945; x_wconf 82' lang='lat' dir='ltr'><strong>gerens</strong></span> <span class='ocrx_word' id='word_1_625' title='bbox 3140 1877 3240 1950; x_wconf 83' lang='lat' dir='ltr'><strong>(a),</strong></span> <span class='ocrx_word' id='word_1_626' title='bbox 3285 1879 3356 1932; x_wconf 89' lang='lat' dir='ltr'><strong>ab</strong></span> 
     </span>
    </p>
   </div>
   <div class='ocr_carea' id='block_1_80' title="bbox 1769 1956 3358 2036">
    <p class='ocr_par' dir='ltr' id='par_1_80' title="bbox 1769 1956 3358 2036">
     <span class='ocr_line' id='line_1_80' title="bbox 1769 1956 3358 2036; baseline 0.009 -26"><span class='ocrx_word' id='word_1_627' title='bbox 1769 1956 1911 2012; x_wconf 91' lang='lat' dir='ltr'><strong>inani</strong></span> <span class='ocrx_word' id='word_1_628' title='bbox 1935 1958 2100 2029; x_wconf 85' lang='lat' dir='ltr'><strong>gloria</strong></span> <span class='ocrx_word' id='word_1_629' title='bbox 2131 1960 2409 2031; x_wconf 89' lang='lat' dir='ltr'><strong>abreptus.</strong></span> <span class='ocrx_word' id='word_1_630' title='bbox 2442 1962 2500 2019; x_wconf 91' lang='lat' dir='ltr'><strong>Si</strong></span> <span class='ocrx_word' id='word_1_631' title='bbox 2526 1964 2645 2034; x_wconf 91' lang='lat' dir='ltr'><strong>quis</strong></span> <span class='ocrx_word' id='word_1_632' title='bbox 2674 1964 2816 2020; x_wconf 87' lang='lat' dir='ltr'><strong>enim</strong></span> <span class='ocrx_word' id='word_1_633' title='bbox 2842 1976 2993 2036; x_wconf 84' lang='lat' dir='ltr'><strong>roget</strong></span> <span class='ocrx_word' id='word_1_634' title='bbox 3012 1983 3110 2023; x_wconf 90' lang='lat' dir='ltr'><strong>cur</strong></span> <span class='ocrx_word' id='word_1_635' title='bbox 3133 1971 3186 2023; x_wconf 91' lang='lat' dir='ltr'><strong>in</strong></span> <span class='ocrx_word' id='word_1_636' title='bbox 3210 1969 3358 2025; x_wconf 89' lang='lat' dir='ltr'><strong>dolio</strong></span> 
     </span>
    </p>
   </div>
   <div class='ocr_carea' id='block_1_81' title="bbox 1769 2050 3358 2132">
    <p class='ocr_par' dir='ltr' id='par_1_81' title="bbox 1769 2050 3358 2132">
     <span class='ocr_line' id='line_1_81' title="bbox 1769 2050 3358 2132; baseline 0.008 -27"><span class='ocrx_word' id='word_1_637' title='bbox 1769 2050 2108 2119; x_wconf 89' lang='lat' dir='ltr'><strong>habitaverit,</strong></span> <span class='ocrx_word' id='word_1_638' title='bbox 2138 2055 2345 2109; x_wconf 88' lang='lat' dir='ltr'><strong>nullam</strong></span> <span class='ocrx_word' id='word_1_639' title='bbox 2372 2056 2531 2111; x_wconf 87' lang='lat' dir='ltr'><strong>aliam</strong></span> <span class='ocrx_word' id='word_1_640' title='bbox 2558 2071 2773 2113; x_wconf 88' lang='lat' dir='ltr'><strong>causam</strong></span> <span class='ocrx_word' id='word_1_641' title='bbox 2805 2059 3040 2116; x_wconf 85' lang='lat' dir='ltr'><strong>inveniet</strong></span> <span class='ocrx_word' id='word_1_642' title='bbox 3064 2076 3224 2132; x_wconf 90' lang='lat' dir='ltr'><strong>quam</strong></span> <span class='ocrx_word' id='word_1_643' title='bbox 3264 2078 3358 2117; x_wconf 85' lang='lat' dir='ltr'><strong>va-</strong></span> 
     </span>
    </p>
   </div>
   <div class='ocr_carea' id='block_1_82' title="bbox 1768 2144 2163 2216">
    <p class='ocr_par' dir='ltr' id='par_1_82' title="bbox 1768 2144 2163 2216">
     <span class='ocr_line' id='line_1_82' title="bbox 1768 2144 2163 2216; baseline 0.005 -17"><span class='ocrx_word' id='word_1_644' title='bbox 1768 2159 1891 2199; x_wconf 90' lang='lat' dir='ltr'><strong>nam</strong></span> <span class='ocrx_word' id='word_1_645' title='bbox 1918 2144 2163 2216; x_wconf 89' lang='lat' dir='ltr'><strong>gloriam.</strong></span> 
     </span>
    </p>
   </div>
   <div class='ocr_carea' id='block_1_83' title="bbox 1838 2235 3354 2307">
    <p class='ocr_par' dir='ltr' id='par_1_83' title="bbox 1838 2235 3354 2307">
     <span class='ocr_line' id='line_1_83' title="bbox 1838 2235 3354 2307; baseline 0.006 -16"><span class='ocrx_word' id='word_1_646' title='bbox 1838 2235 1894 2291; x_wconf 81' lang='lat'><strong>5.</strong></span> <span class='ocrx_word' id='word_1_647' title='bbox 1943 2235 2089 2291; x_wconf 86' lang='lat' dir='ltr'><strong>Vana</strong></span> <span class='ocrx_word' id='word_1_648' title='bbox 2117 2236 2282 2307; x_wconf 81' lang='lat' dir='ltr'><strong>gloria</strong></span> <span class='ocrx_word' id='word_1_649' title='bbox 2309 2253 2443 2293; x_wconf 74' lang='lat' dir='ltr'><strong>swva</strong></span> <span class='ocrx_word' id='word_1_650' title='bbox 2467 2239 2744 2294; x_wconf 86' lang='lat' dir='ltr'><strong>bellua.—</strong></span> <span class='ocrx_word' id='word_1_651' title='bbox 2765 2240 2962 2298; x_wconf 88' lang='lat' dir='ltr'><strong>Paulus</strong></span> <span class='ocrx_word' id='word_1_652' title='bbox 2986 2253 3164 2299; x_wconf 86' lang='lat' dir='ltr'><strong>autem</strong></span> <span class='ocrx_word' id='word_1_653' title='bbox 3193 2245 3354 2301; x_wconf 89' lang='lat' dir='ltr'><strong>etiam</strong></span> 
     </span>
    </p>
   </div>
   <div class='ocr_carea' id='block_1_84' title="bbox 1766 2326 3352 2401">
    <p class='ocr_par' dir='ltr' id='par_1_84' title="bbox 1766 2326 3352 2401">
     <span class='ocr_line' id='line_1_84' title="bbox 1766 2326 3352 2401; baseline 0.006 -18"><span class='ocrx_word' id='word_1_654' title='bbox 1766 2326 2007 2393; x_wconf 87' lang='lat' dir='ltr'><strong>domum,</strong></span> <span class='ocrx_word' id='word_1_655' title='bbox 2036 2344 2195 2399; x_wconf 91' lang='lat' dir='ltr'><strong>quam</strong></span> <span class='ocrx_word' id='word_1_656' title='bbox 2232 2330 2419 2386; x_wconf 61' lang='lat' dir='ltr'><strong>Romae</strong></span> <span class='ocrx_word' id='word_1_657' title='bbox 2453 2331 2742 2401; x_wconf 86' lang='lat' dir='ltr'><strong>incolebat,</strong></span> <span class='ocrx_word' id='word_1_658' title='bbox 2790 2335 3042 2391; x_wconf 90' lang='lat' dir='ltr'><strong>mercede</strong></span> <span class='ocrx_word' id='word_1_659' title='bbox 3076 2336 3352 2394; x_wconf 84' lang='lat' dir='ltr'><strong>conduxit.</strong></span> 
     </span>
    </p>
   </div>
   <div class='ocr_carea' id='block_1_85' title="bbox 1767 2416 3355 2497">
    <p class='ocr_par' dir='ltr' id='par_1_85' title="bbox 1767 2416 3355 2497">
     <span class='ocr_line' id='line_1_85' title="bbox 1767 2416 3355 2497; baseline 0.008 -26"><span class='ocrx_word' id='word_1_660' title='bbox 1767 2416 2099 2489; x_wconf 85' lang='lat' dir='ltr'><strong>Quamquam</strong></span> <span class='ocrx_word' id='word_1_661' title='bbox 2138 2420 2229 2490; x_wconf 92' lang='lat' dir='ltr'><strong>qui</strong></span> <span class='ocrx_word' id='word_1_662' title='bbox 2266 2420 2424 2488; x_wconf 87' lang='lat' dir='ltr'><strong>longe</strong></span> <span class='ocrx_word' id='word_1_663' title='bbox 2473 2421 2693 2477; x_wconf 90' lang='lat' dir='ltr'><strong>fortiora</strong></span> <span class='ocrx_word' id='word_1_664' title='bbox 2722 2432 2952 2492; x_wconf 88' lang='lat' dir='ltr'><strong>poterat,</strong></span> <span class='ocrx_word' id='word_1_665' title='bbox 2988 2426 3155 2480; x_wconf 89' lang='lat' dir='ltr'><strong>multo</strong></span> <span class='ocrx_word' id='word_1_666' title='bbox 3185 2427 3355 2497; x_wconf 85' lang='lat' dir='ltr'><strong>magis</strong></span> 
     </span>
    </p>
   </div>
   <div class='ocr_carea' id='block_1_86' title="bbox 1767 2510 3355 2585">
    <p class='ocr_par' dir='ltr' id='par_1_86' title="bbox 1767 2510 3355 2585">
     <span class='ocr_line' id='line_1_86' title="bbox 1767 2510 3355 2585; baseline 0.004 -19"><span class='ocrx_word' id='word_1_667' title='bbox 1767 2510 1871 2566; x_wconf 90' lang='lat' dir='ltr'><strong>hoc</strong></span> <span class='ocrx_word' id='word_1_668' title='bbox 1897 2511 2178 2581; x_wconf 78' lang='lat' dir='ltr'><strong>potuisset.</strong></span> <span class='ocrx_word' id='word_1_669' title='bbox 2204 2511 2310 2568; x_wconf 87' lang='lat' dir='ltr'><strong>Sed</strong></span> <span class='ocrx_word' id='word_1_670' title='bbox 2338 2529 2446 2569; x_wconf 88' lang='lat' dir='ltr'><strong>non</strong></span> <span class='ocrx_word' id='word_1_671' title='bbox 2470 2514 2763 2583; x_wconf 83' lang='lat' dir='ltr'><strong>aspiciebat</strong></span> <span class='ocrx_word' id='word_1_672' title='bbox 2787 2515 2853 2569; x_wconf 92' lang='lat' dir='ltr'><strong>ad</strong></span> <span class='ocrx_word' id='word_1_673' title='bbox 2882 2515 3129 2585; x_wconf 87' lang='lat' dir='ltr'><strong>gloriam.</strong></span> <span class='ocrx_word' id='word_1_674' title='bbox 3158 2532 3355 2573; x_wconf 63' lang='lat' dir='ltr'><strong>sarvam</strong></span> 
     </span>
    </p>
   </div>
   <div class='ocr_carea' id='block_1_87' title="bbox 1766 2603 3350 2678">
    <p class='ocr_par' dir='ltr' id='par_1_87' title="bbox 1766 2603 3350 2678">
     <span class='ocr_line' id='line_1_87' title="bbox 1766 2603 3350 2678; baseline 0.003 -18"><span class='ocrx_word' id='word_1_675' title='bbox 1766 2603 2022 2673; x_wconf 87' lang='lat' dir='ltr'><strong>belluam,</strong></span> <span class='ocrx_word' id='word_1_676' title='bbox 2048 2603 2377 2661; x_wconf 88' lang='lat' dir='ltr'><strong>horrendum</strong></span> <span class='ocrx_word' id='word_1_677' title='bbox 2404 2606 2726 2675; x_wconf 64' lang='lat' dir='ltr'><strong>daemonem,</strong></span> <span class='ocrx_word' id='word_1_678' title='bbox 2751 2616 2957 2678; x_wconf 88' lang='lat' dir='ltr'><strong>pestem</strong></span> <span class='ocrx_word' id='word_1_679' title='bbox 2997 2609 3143 2664; x_wconf 89' lang='lat' dir='ltr'><strong>orbis</strong></span> <span class='ocrx_word' id='word_1_680' title='bbox 3174 2618 3350 2677; x_wconf 65' lang='lat' dir='ltr'><strong>terrae,</strong></span> 
     </span>
    </p>
   </div>
   <div class='ocr_carea' id='block_1_88' title="bbox 1768 2698 3356 2767">
    <p class='ocr_par' dir='ltr' id='par_1_88' title="bbox 1768 2698 3356 2767">
     <span class='ocr_line' id='line_1_88' title="bbox 1768 2698 3356 2767; baseline 0.006 -16"><span class='ocrx_word' id='word_1_681' title='bbox 1768 2706 2089 2753; x_wconf 86' lang='lat' dir='ltr'><strong>venenatam</strong></span> <span class='ocrx_word' id='word_1_682' title='bbox 2115 2699 2375 2767; x_wconf 85' lang='lat' dir='ltr'><strong>viperam.</strong></span> <span class='ocrx_word' id='word_1_683' title='bbox 2407 2698 2558 2755; x_wconf 90' lang='lat' dir='ltr'><strong>Sicut</strong></span> <span class='ocrx_word' id='word_1_684' title='bbox 2600 2701 2743 2755; x_wconf 89' lang='lat' dir='ltr'><strong>enim</strong></span> <span class='ocrx_word' id='word_1_685' title='bbox 2781 2701 2868 2755; x_wconf 87' lang='lat' dir='ltr'><strong>illa</strong></span> <span class='ocrx_word' id='word_1_686' title='bbox 2902 2701 3070 2757; x_wconf 86' lang='lat' dir='ltr'><strong>bestia</strong></span> <span class='ocrx_word' id='word_1_687' title='bbox 3105 2702 3356 2761; x_wconf 89' lang='lat' dir='ltr'><strong>dentibus</strong></span> 
     </span>
    </p>
   </div>
   <div class='ocr_carea' id='block_1_89' title="bbox 1767 2791 3345 2866">
    <p class='ocr_par' dir='ltr' id='par_1_89' title="bbox 1767 2791 3345 2866">
     <span class='ocr_line' id='line_1_89' title="bbox 1767 2791 3345 2866; baseline 0.005 -21"><span class='ocrx_word' id='word_1_688' title='bbox 1767 2799 1978 2847; x_wconf 89' lang='lat' dir='ltr'><strong>uterum</strong></span> <span class='ocrx_word' id='word_1_689' title='bbox 2001 2791 2187 2846; x_wconf 89' lang='lat' dir='ltr'><strong>matris</strong></span> <span class='ocrx_word' id='word_1_690' title='bbox 2214 2792 2488 2862; x_wconf 87' lang='lat' dir='ltr'><strong>discerpit,</strong></span> <span class='ocrx_word' id='word_1_691' title='bbox 2521 2794 2591 2848; x_wconf 92' lang='lat' dir='ltr'><strong>ita</strong></span> <span class='ocrx_word' id='word_1_692' title='bbox 2620 2795 2781 2849; x_wconf 90' lang='lat' dir='ltr'><strong>etiam</strong></span> <span class='ocrx_word' id='word_1_693' title='bbox 2809 2795 2911 2851; x_wconf 86' lang='lat' dir='ltr'><strong>hoc</strong></span> <span class='ocrx_word' id='word_1_694' title='bbox 2935 2796 3122 2851; x_wconf 90' lang='lat' dir='ltr'><strong>vitium</strong></span> <span class='ocrx_word' id='word_1_695' title='bbox 3148 2812 3345 2866; x_wconf 84' lang='lat' dir='ltr'><strong>paren-</strong></span> 
     </span>
    </p>
   </div>
   <div class='ocr_carea' id='block_1_90' title="bbox 1768 2882 3359 2956">
    <p class='ocr_par' dir='ltr' id='par_1_90' title="bbox 1768 2882 3359 2956">
     <span class='ocr_line' id='line_1_90' title="bbox 1768 2882 3359 2956; baseline 0.006 -19"><span class='ocrx_word' id='word_1_696' title='bbox 1768 2889 1875 2937; x_wconf 89' lang='lat' dir='ltr'><strong>tem</strong></span> <span class='ocrx_word' id='word_1_697' title='bbox 1901 2882 2177 2937; x_wconf 88' lang='lat' dir='ltr'><strong>dilacerat.</strong></span> <span class='ocrx_word' id='word_1_698' title='bbox 2207 2882 2487 2940; x_wconf 89' lang='lat' dir='ltr'><strong>Undenam</strong></span> <span class='ocrx_word' id='word_1_699' title='bbox 2514 2900 2643 2956; x_wconf 89' lang='lat' dir='ltr'><strong>ergo</strong></span> <span class='ocrx_word' id='word_1_700' title='bbox 2669 2886 2819 2940; x_wconf 88' lang='lat' dir='ltr'><strong>vario</strong></span> <span class='ocrx_word' id='word_1_701' title='bbox 2843 2887 2967 2941; x_wconf 90' lang='lat' dir='ltr'><strong>huic</strong></span> <span class='ocrx_word' id='word_1_702' title='bbox 2991 2889 3180 2945; x_wconf 91' lang='lat' dir='ltr'><strong>morbo</strong></span> <span class='ocrx_word' id='word_1_703' title='bbox 3204 2890 3359 2946; x_wconf 83' lang='lat' dir='ltr'><strong>inve-</strong></span> 
     </span>
    </p>
   </div>
   <div class='ocr_carea' id='block_1_91' title="bbox 1767 2973 3356 3047">
    <p class='ocr_par' dir='ltr' id='par_1_91' title="bbox 1767 2973 3356 3047">
     <span class='ocr_line' id='line_1_91' title="bbox 1767 2973 3356 3047; baseline 0.006 -20"><span class='ocrx_word' id='word_1_704' title='bbox 1767 2973 1913 3029; x_wconf 89' lang='lat' dir='ltr'><strong>neris</strong></span> <span class='ocrx_word' id='word_1_705' title='bbox 1940 2973 2427 3030; x_wconf 79' lang='lat' dir='ltr'><strong>medicamentum?</strong></span> <span class='ocrx_word' id='word_1_706' title='bbox 2448 2974 2505 3031; x_wconf 90' lang='lat' dir='ltr'><strong>Si</strong></span> <span class='ocrx_word' id='word_1_707' title='bbox 2528 2991 2623 3031; x_wconf 89' lang='lat' dir='ltr'><strong>eos</strong></span> <span class='ocrx_word' id='word_1_708' title='bbox 2651 2976 2741 3047; x_wconf 91' lang='lat' dir='ltr'><strong>qui</strong></span> <span class='ocrx_word' id='word_1_709' title='bbox 2770 2977 2942 3047; x_wconf 90' lang='lat' dir='ltr'><strong>ipsum</strong></span> <span class='ocrx_word' id='word_1_710' title='bbox 2972 2980 3356 3036; x_wconf 91' lang='lat' dir='ltr'><strong>conculcarunt</strong></span> 
     </span>
    </p>
   </div>
   <div class='ocr_carea' id='block_1_92' title="bbox 1767 3063 3358 3142">
    <p class='ocr_par' dir='ltr' id='par_1_92' title="bbox 1767 3063 3358 3142">
     <span class='ocr_line' id='line_1_92' title="bbox 1767 3063 3358 3142; baseline 0.005 -24"><span class='ocrx_word' id='word_1_711' title='bbox 1767 3065 1820 3118; x_wconf 87' lang='lat' dir='ltr'><strong>in</strong></span> <span class='ocrx_word' id='word_1_712' title='bbox 1844 3063 2079 3118; x_wconf 91' lang='lat' dir='ltr'><strong>medium</strong></span> <span class='ocrx_word' id='word_1_713' title='bbox 2110 3064 2419 3132; x_wconf 88' lang='lat' dir='ltr'><strong>adduxeris,</strong></span> <span class='ocrx_word' id='word_1_714' title='bbox 2450 3074 2505 3121; x_wconf 93' lang='lat' dir='ltr'><strong>et</strong></span> <span class='ocrx_word' id='word_1_715' title='bbox 2532 3067 2598 3121; x_wconf 89' lang='lat' dir='ltr'><strong>ad</strong></span> <span class='ocrx_word' id='word_1_716' title='bbox 2626 3067 2836 3123; x_wconf 90' lang='lat' dir='ltr'><strong>illorum</strong></span> <span class='ocrx_word' id='word_1_717' title='bbox 2870 3070 3154 3140; x_wconf 86' lang='lat' dir='ltr'><strong>imaginem</strong></span> <span class='ocrx_word' id='word_1_718' title='bbox 3185 3074 3358 3142; x_wconf 89' lang='lat' dir='ltr'><strong>respi-</strong></span> 
     </span>
    </p>
   </div>
   <div class='ocr_carea' id='block_1_93' title="bbox 1765 3154 3355 3226">
    <p class='ocr_par' dir='ltr' id='par_1_93' title="bbox 1765 3154 3355 3226">
     <span class='ocr_line' id='line_1_93' title="bbox 1765 3154 3355 3226; baseline 0.006 -17"><span class='ocrx_word' id='word_1_719' title='bbox 1765 3154 1936 3222; x_wconf 89' lang='lat' dir='ltr'><strong>ciens,</strong></span> <span class='ocrx_word' id='word_1_720' title='bbox 1959 3155 2039 3210; x_wconf 91' lang='lat' dir='ltr'><strong>sic</strong></span> <span class='ocrx_word' id='word_1_721' title='bbox 2063 3155 2225 3210; x_wconf 88' lang='lat' dir='ltr'><strong>vitam</strong></span> <span class='ocrx_word' id='word_1_722' title='bbox 2251 3159 2644 3226; x_wconf 89' lang='lat' dir='ltr'><strong>composueris.</strong></span> <span class='ocrx_word' id='word_1_723' title='bbox 2678 3159 2981 3215; x_wconf 89' lang='lat' dir='ltr'><strong>Patriarcha</strong></span> <span class='ocrx_word' id='word_1_724' title='bbox 3010 3162 3151 3216; x_wconf 92' lang='lat' dir='ltr'><strong>enim</strong></span> <span class='ocrx_word' id='word_1_725' title='bbox 3178 3165 3355 3219; x_wconf 82' lang='lat' dir='ltr'><strong>Abra-</strong></span> 
     </span>
    </p>
   </div>
   <div class='ocr_carea' id='block_1_94' title="bbox 1766 3246 3354 3325">
    <p class='ocr_par' dir='ltr' id='par_1_94' title="bbox 1766 3246 3354 3325">
     <span class='ocr_line' id='line_1_94' title="bbox 1766 3246 3354 3325; baseline 0.007 -24"><span class='ocrx_word' id='word_1_726' title='bbox 1766 3246 1889 3302; x_wconf 88' lang='lat' dir='ltr'><strong>ham</strong></span> <span class='ocrx_word' id='word_1_727' title='bbox 1915 3264 1930 3311; x_wconf 91' lang='lat'><strong>;</strong></span> <span class='ocrx_word' id='word_1_728' title='bbox 1963 3247 2057 3303; x_wconf 90' lang='lat' dir='ltr'><strong>sed</strong></span> <span class='ocrx_word' id='word_1_729' title='bbox 2096 3263 2256 3303; x_wconf 89' lang='lat' dir='ltr'><strong>nemo</strong></span> <span class='ocrx_word' id='word_1_730' title='bbox 2285 3249 2417 3303; x_wconf 88' lang='lat' dir='ltr'><strong>mihi</strong></span> <span class='ocrx_word' id='word_1_731' title='bbox 2445 3250 2574 3306; x_wconf 88' lang='lat' dir='ltr'><strong>vitio</strong></span> <span class='ocrx_word' id='word_1_732' title='bbox 2606 3260 2782 3306; x_wconf 86' lang='lat' dir='ltr'><strong>vertat</strong></span> <span class='ocrx_word' id='word_1_733' title='bbox 2824 3252 3062 3323; x_wconf 90' lang='lat' dir='ltr'><strong>ejusdem</strong></span> <span class='ocrx_word' id='word_1_734' title='bbox 3091 3257 3168 3309; x_wconf 85' lang='lat' dir='ltr'><strong>rei</strong></span> <span class='ocrx_word' id='word_1_735' title='bbox 3194 3271 3354 3325; x_wconf 91' lang='lat' dir='ltr'><strong>repe-</strong></span> 
     </span>
    </p>
   </div>
   <div class='ocr_carea' id='block_1_95' title="bbox 1767 3341 3355 3411">
    <p class='ocr_par' dir='ltr' id='par_1_95' title="bbox 1767 3341 3355 3411">
     <span class='ocr_line' id='line_1_95' title="bbox 1767 3341 3355 3411; baseline 0.006 -16"><span class='ocrx_word' id='word_1_736' title='bbox 1767 3341 2031 3407; x_wconf 90' lang='lat' dir='ltr'><strong>titionem,</strong></span> <span class='ocrx_word' id='word_1_737' title='bbox 2060 3344 2104 3397; x_wconf 87' lang='lat' dir='ltr'><strong>si</strong></span> <span class='ocrx_word' id='word_1_738' title='bbox 2127 3357 2271 3411; x_wconf 75' lang='lat' dir='ltr'><strong>smpe</strong></span> <span class='ocrx_word' id='word_1_739' title='bbox 2294 3344 2409 3411; x_wconf 90' lang='lat' dir='ltr'><strong>ejus</strong></span> <span class='ocrx_word' id='word_1_740' title='bbox 2438 3352 2492 3398; x_wconf 89' lang='lat' dir='ltr'><strong>et</strong></span> <span class='ocrx_word' id='word_1_741' title='bbox 2518 3343 2570 3397; x_wconf 90' lang='lat' dir='ltr'><strong>in</strong></span> <span class='ocrx_word' id='word_1_742' title='bbox 2592 3344 2843 3400; x_wconf 87' lang='lat' dir='ltr'><strong>omnibus</strong></span> <span class='ocrx_word' id='word_1_743' title='bbox 2870 3347 3215 3403; x_wconf 82' lang='lat' dir='ltr'><strong>memininus.</strong></span> <span class='ocrx_word' id='word_1_744' title='bbox 3240 3349 3355 3405; x_wconf 86' lang='lat' dir='ltr'><strong>Hoc</strong></span> 
     </span>
    </p>
   </div>
   <div class='ocr_carea' id='block_1_96' title="bbox 1766 3431 3353 3505">
    <p class='ocr_par' dir='ltr' id='par_1_96' title="bbox 1766 3431 3353 3505">
     <span class='ocr_line' id='line_1_96' title="bbox 1766 3431 3353 3505; baseline 0.003 -16"><span class='ocrx_word' id='word_1_745' title='bbox 1766 3431 1907 3489; x_wconf 89' lang='lat' dir='ltr'><strong>enim</strong></span> <span class='ocrx_word' id='word_1_746' title='bbox 1948 3440 2032 3489; x_wconf 91' lang='lat' dir='ltr'><strong>est</strong></span> <span class='ocrx_word' id='word_1_747' title='bbox 2057 3433 2198 3503; x_wconf 90' lang='lat' dir='ltr'><strong>quod</strong></span> <span class='ocrx_word' id='word_1_748' title='bbox 2228 3434 2377 3488; x_wconf 93' lang='lat' dir='ltr'><strong>illum</strong></span> <span class='ocrx_word' id='word_1_749' title='bbox 2405 3449 2622 3505; x_wconf 92' lang='lat' dir='ltr'><strong>quoque</strong></span> <span class='ocrx_word' id='word_1_750' title='bbox 2650 3436 2825 3492; x_wconf 90' lang='lat' dir='ltr'><strong>reddit</strong></span> <span class='ocrx_word' id='word_1_751' title='bbox 2853 3439 3084 3494; x_wconf 84' lang='lat' dir='ltr'><strong>maxime</strong></span> <span class='ocrx_word' id='word_1_752' title='bbox 3118 3440 3353 3494; x_wconf 86' lang='lat' dir='ltr'><strong>admira-</strong></span> 
     </span>
    </p>
   </div>
   <div class='ocr_carea' id='block_1_97' title="bbox 1765 3525 3357 3602">
    <p class='ocr_par' dir='ltr' id='par_1_97' title="bbox 1765 3525 3357 3602">
     <span class='ocr_line' id='line_1_97' title="bbox 1765 3525 3357 3602; baseline 0.003 -20"><span class='ocrx_word' id='word_1_753' title='bbox 1765 3525 1951 3595; x_wconf 88' lang='lat' dir='ltr'><strong>bilem,</strong></span> <span class='ocrx_word' id='word_1_754' title='bbox 1983 3534 2038 3581; x_wconf 91' lang='lat' dir='ltr'><strong>et</strong></span> <span class='ocrx_word' id='word_1_755' title='bbox 2066 3541 2160 3581; x_wconf 90' lang='lat' dir='ltr'><strong>eos</strong></span> <span class='ocrx_word' id='word_1_756' title='bbox 2187 3526 2277 3596; x_wconf 90' lang='lat' dir='ltr'><strong>qui</strong></span> <span class='ocrx_word' id='word_1_757' title='bbox 2307 3542 2411 3583; x_wconf 91' lang='lat' dir='ltr'><strong>non</strong></span> <span class='ocrx_word' id='word_1_758' title='bbox 2444 3528 2615 3597; x_wconf 91' lang='lat' dir='ltr'><strong>ipsum</strong></span> <span class='ocrx_word' id='word_1_759' title='bbox 2638 3529 2978 3596; x_wconf 72' lang='lat' dir='ltr'><strong>mmulantur,</strong></span> <span class='ocrx_word' id='word_1_760' title='bbox 3002 3533 3146 3586; x_wconf 89' lang='lat' dir='ltr'><strong>omni</strong></span> <span class='ocrx_word' id='word_1_761' title='bbox 3177 3533 3357 3602; x_wconf 74' lang='lat' dir='ltr'><strong>privat</strong></span> 
     </span>
    </p>
   </div>
   <div class='ocr_carea' id='block_1_98' title="bbox 1764 3618 3353 3694">
    <p class='ocr_par' dir='ltr' id='par_1_98' title="bbox 1764 3618 3353 3694">
     <span class='ocr_line' id='line_1_98' title="bbox 1764 3618 3353 3694; baseline 0.005 -21"><span class='ocrx_word' id='word_1_762' title='bbox 1764 3619 1940 3674; x_wconf 85' lang='lat' dir='ltr'><strong>venia.</strong></span> <span class='ocrx_word' id='word_1_763' title='bbox 1989 3618 2124 3674; x_wconf 88' lang='lat' dir='ltr'><strong>Nam</strong></span> <span class='ocrx_word' id='word_1_764' title='bbox 2153 3619 2196 3675; x_wconf 91' lang='lat' dir='ltr'><strong>si</strong></span> <span class='ocrx_word' id='word_1_765' title='bbox 2226 3635 2350 3676; x_wconf 90' lang='lat' dir='ltr'><strong>eum</strong></span> <span class='ocrx_word' id='word_1_766' title='bbox 2383 3620 2597 3691; x_wconf 90' lang='lat' dir='ltr'><strong>quidem</strong></span> <span class='ocrx_word' id='word_1_767' title='bbox 2643 3621 2696 3677; x_wconf 91' lang='lat' dir='ltr'><strong>in</strong></span> <span class='ocrx_word' id='word_1_768' title='bbox 2744 3633 2894 3691; x_wconf 90' lang='lat' dir='ltr'><strong>parte</strong></span> <span class='ocrx_word' id='word_1_769' title='bbox 2922 3624 3119 3694; x_wconf 83' lang='lat' dir='ltr'><strong>aliqua,</strong></span> <span class='ocrx_word' id='word_1_770' title='bbox 3154 3626 3205 3680; x_wconf 91' lang='lat' dir='ltr'><strong>in</strong></span> <span class='ocrx_word' id='word_1_771' title='bbox 3250 3627 3353 3681; x_wconf 90' lang='lat' dir='ltr'><strong>alia</strong></span> 
     </span>
    </p>
   </div>
   <div class='ocr_carea' id='block_1_99' title="bbox 1765 3711 3350 3783">
    <p class='ocr_par' dir='ltr' id='par_1_99' title="bbox 1765 3711 3350 3783">
     <span class='ocr_line' id='line_1_99' title="bbox 1765 3711 3350 3783; baseline 0.006 -20"><span class='ocrx_word' id='word_1_772' title='bbox 1765 3718 1944 3766; x_wconf 89' lang='lat' dir='ltr'><strong>autem</strong></span> <span class='ocrx_word' id='word_1_773' title='bbox 1974 3720 2127 3780; x_wconf 89' lang='lat' dir='ltr'><strong>parte</strong></span> <span class='ocrx_word' id='word_1_774' title='bbox 2155 3711 2317 3765; x_wconf 91' lang='lat' dir='ltr'><strong>alium</strong></span> <span class='ocrx_word' id='word_1_775' title='bbox 2361 3726 2420 3767; x_wconf 91' lang='lat' dir='ltr'><strong>se</strong></span> <span class='ocrx_word' id='word_1_776' title='bbox 2464 3721 2610 3767; x_wconf 88' lang='lat' dir='ltr'><strong>recte</strong></span> <span class='ocrx_word' id='word_1_777' title='bbox 2653 3714 2886 3783; x_wconf 86' lang='lat' dir='ltr'><strong>gessisse</strong></span> <span class='ocrx_word' id='word_1_778' title='bbox 2931 3716 3350 3783; x_wconf 87' lang='lat' dir='ltr'><strong>ostenderimus,</strong></span> 
     </span>
    </p>
   </div>
   <div class='ocr_carea' id='block_1_100' title="bbox 1764 3800 3350 3872">
    <p class='ocr_par' dir='ltr' id='par_1_100' title="bbox 1764 3800 3350 3872">
     <span class='ocr_line' id='line_1_100' title="bbox 1764 3800 3350 3872; baseline 0.004 -16"><span class='ocrx_word' id='word_1_779' title='bbox 1764 3800 1961 3856; x_wconf 79' lang='lat' dir='ltr'><strong>dixerit</strong></span> <span class='ocrx_word' id='word_1_780' title='bbox 1986 3801 2179 3872; x_wconf 86' lang='lat' dir='ltr'><strong>aliquis</strong></span> <span class='ocrx_word' id='word_1_781' title='bbox 2215 3801 2439 3858; x_wconf 89' lang='lat' dir='ltr'><strong>difficile</strong></span> <span class='ocrx_word' id='word_1_782' title='bbox 2463 3818 2583 3859; x_wconf 90' lang='lat' dir='ltr'><strong>esse</strong></span> <span class='ocrx_word' id='word_1_783' title='bbox 2618 3805 2829 3859; x_wconf 90' lang='lat' dir='ltr'><strong>virtutis</strong></span> <span class='ocrx_word' id='word_1_784' title='bbox 2865 3808 3214 3872; x_wconf 78' lang='lat' dir='ltr'><strong>exercitium;</strong></span> <span class='ocrx_word' id='word_1_785' title='bbox 3243 3824 3350 3863; x_wconf 91' lang='lat' dir='ltr'><strong>non</strong></span> 
     </span>
    </p>
   </div>
   <div class='ocr_carea' id='block_1_101' title="bbox 1764 3892 3349 3970">
    <p class='ocr_par' dir='ltr' id='par_1_101' title="bbox 1764 3892 3349 3970">
     <span class='ocr_line' id='line_1_101' title="bbox 1764 3892 3349 3970; baseline 0.005 -23"><span class='ocrx_word' id='word_1_786' title='bbox 1764 3906 1886 3948; x_wconf 89' lang='lat' dir='ltr'><strong>esse</strong></span> <span class='ocrx_word' id='word_1_787' title='bbox 1925 3892 2067 3948; x_wconf 89' lang='lat' dir='ltr'><strong>enim</strong></span> <span class='ocrx_word' id='word_1_788' title='bbox 2098 3892 2256 3949; x_wconf 89' lang='lat' dir='ltr'><strong>facile</strong></span> <span class='ocrx_word' id='word_1_789' title='bbox 2289 3894 2468 3949; x_wconf 89' lang='lat' dir='ltr'><strong>omnia</strong></span> <span class='ocrx_word' id='word_1_790' title='bbox 2510 3896 2668 3949; x_wconf 90' lang='lat' dir='ltr'><strong>simul</strong></span> <span class='ocrx_word' id='word_1_791' title='bbox 2704 3906 2850 3951; x_wconf 88' lang='lat' dir='ltr'><strong>recte</strong></span> <span class='ocrx_word' id='word_1_792' title='bbox 2887 3912 3095 3967; x_wconf 88' lang='lat' dir='ltr'><strong>gerere,</strong></span> <span class='ocrx_word' id='word_1_793' title='bbox 3126 3915 3349 3970; x_wconf 89' lang='lat' dir='ltr'><strong>quorum</strong></span> 
     </span>
    </p>
   </div>
   <div class='ocr_carea' id='block_1_102' title="bbox 1764 3986 3355 4057">
    <p class='ocr_par' dir='ltr' id='par_1_102' title="bbox 1764 3986 3355 4057">
     <span class='ocr_line' id='line_1_102' title="bbox 1764 3986 3355 4057; baseline 0.006 -20"><span class='ocrx_word' id='word_1_794' title='bbox 1764 3992 1971 4053; x_wconf 88' lang='lat' dir='ltr'><strong>partem</strong></span> <span class='ocrx_word' id='word_1_795' title='bbox 2002 3993 2308 4039; x_wconf 90' lang='lat' dir='ltr'><strong>sanctorum</strong></span> <span class='ocrx_word' id='word_1_796' title='bbox 2339 3986 2530 4056; x_wconf 89' lang='lat' dir='ltr'><strong>singuli</strong></span> <span class='ocrx_word' id='word_1_797' title='bbox 2556 3997 2842 4057; x_wconf 89' lang='lat' dir='ltr'><strong>gesserunt</strong></span> <span class='ocrx_word' id='word_1_798' title='bbox 2871 4006 2884 4044; x_wconf 86' lang='lat'><strong>:</strong></span> <span class='ocrx_word' id='word_1_799' title='bbox 2912 4004 3033 4043; x_wconf 88' lang='lat' dir='ltr'><strong>cum</strong></span> <span class='ocrx_word' id='word_1_800' title='bbox 3064 3999 3240 4045; x_wconf 90' lang='lat' dir='ltr'><strong>autem</strong></span> <span class='ocrx_word' id='word_1_801' title='bbox 3274 3992 3355 4047; x_wconf 90' lang='lat' dir='ltr'><strong>in-</strong></span> 
     </span>
    </p>
   </div>
   <div class='ocr_carea' id='block_1_103' title="bbox 1763 4074 3349 4152">
    <p class='ocr_par' dir='ltr' id='par_1_103' title="bbox 1763 4074 3349 4152">
     <span class='ocr_line' id='line_1_103' title="bbox 1763 4074 3349 4152; baseline 0.006 -24"><span class='ocrx_word' id='word_1_802' title='bbox 1763 4074 2014 4130; x_wconf 79' lang='lat' dir='ltr'><strong>veniatur</strong></span> <span class='ocrx_word' id='word_1_803' title='bbox 2048 4090 2189 4131; x_wconf 91' lang='lat' dir='ltr'><strong>unus</strong></span> <span class='ocrx_word' id='word_1_804' title='bbox 2217 4085 2272 4131; x_wconf 91' lang='lat' dir='ltr'><strong>et</strong></span> <span class='ocrx_word' id='word_1_805' title='bbox 2300 4076 2442 4132; x_wconf 88' lang='lat' dir='ltr'><strong>idem</strong></span> <span class='ocrx_word' id='word_1_806' title='bbox 2482 4079 2660 4133; x_wconf 89' lang='lat' dir='ltr'><strong>omnia</strong></span> <span class='ocrx_word' id='word_1_807' title='bbox 2690 4079 2957 4147; x_wconf 87' lang='lat' dir='ltr'><strong>obtinere,</strong></span> <span class='ocrx_word' id='word_1_808' title='bbox 2988 4098 3146 4152; x_wconf 90' lang='lat' dir='ltr'><strong>quam</strong></span> <span class='ocrx_word' id='word_1_809' title='bbox 3186 4083 3349 4139; x_wconf 89' lang='lat' dir='ltr'><strong>habe-</strong></span> 
     </span>
    </p>
   </div>
   <div class='ocr_carea' id='block_1_104' title="bbox 1764 4165 3349 4242">
    <p class='ocr_par' dir='ltr' id='par_1_104' title="bbox 1764 4165 3349 4242">
     <span class='ocr_line' id='line_1_104' title="bbox 1764 4165 3349 4242; baseline 0.004 -20"><span class='ocrx_word' id='word_1_810' title='bbox 1764 4165 1898 4222; x_wconf 88' lang='lat' dir='ltr'><strong>bunt</strong></span> <span class='ocrx_word' id='word_1_811' title='bbox 1925 4168 2322 4223; x_wconf 84' lang='lat' dir='ltr'><strong>excusationem</strong></span> <span class='ocrx_word' id='word_1_812' title='bbox 2363 4168 2452 4238; x_wconf 91' lang='lat' dir='ltr'><strong>qui</strong></span> <span class='ocrx_word' id='word_1_813' title='bbox 2496 4177 2617 4237; x_wconf 87' lang='lat' dir='ltr'><strong>post</strong></span> <span class='ocrx_word' id='word_1_814' title='bbox 2659 4170 2831 4240; x_wconf 84' lang='lat' dir='ltr'><strong>legem</strong></span> <span class='ocrx_word' id='word_1_815' title='bbox 2872 4180 2926 4227; x_wconf 91' lang='lat' dir='ltr'><strong>et</strong></span> <span class='ocrx_word' id='word_1_816' title='bbox 2972 4174 3197 4242; x_wconf 90' lang='lat' dir='ltr'><strong>gratiam</strong></span> <span class='ocrx_word' id='word_1_817' title='bbox 3241 4190 3349 4229; x_wconf 89' lang='lat' dir='ltr'><strong>non</strong></span> 
     </span>
    </p>
   </div>
   <div class='ocr_carea' id='block_1_105' title="bbox 1764 4258 3352 4334">
    <p class='ocr_par' dir='ltr' id='par_1_105' title="bbox 1764 4258 3352 4334">
     <span class='ocr_line' id='line_1_105' title="bbox 1764 4258 3352 4334; baseline 0.002 -22"><span class='ocrx_word' id='word_1_818' title='bbox 1764 4267 1991 4327; x_wconf 88' lang='lat' dir='ltr'><strong>possunt</strong></span> <span class='ocrx_word' id='word_1_819' title='bbox 2033 4258 2100 4313; x_wconf 93' lang='lat' dir='ltr'><strong>ad</strong></span> <span class='ocrx_word' id='word_1_820' title='bbox 2137 4258 2381 4314; x_wconf 89' lang='lat' dir='ltr'><strong>eamdem</strong></span> <span class='ocrx_word' id='word_1_821' title='bbox 2413 4261 2695 4331; x_wconf 82' lang='lat' dir='ltr'><strong>pervenire</strong></span> <span class='ocrx_word' id='word_1_822' title='bbox 2734 4277 3064 4330; x_wconf 88' lang='lat' dir='ltr'><strong>mensuram,</strong></span> <span class='ocrx_word' id='word_1_823' title='bbox 3095 4263 3161 4318; x_wconf 91' lang='lat' dir='ltr'><strong>ad</strong></span> <span class='ocrx_word' id='word_1_824' title='bbox 3193 4280 3352 4334; x_wconf 84' lang='lat' dir='ltr'><strong>quam</strong></span> 
     </span>
    </p>
   </div>
   <div class='ocr_carea' id='block_1_106' title="bbox 1766 4349 3351 4428">
    <p class='ocr_par' dir='ltr' id='par_1_106' title="bbox 1766 4349 3351 4428">
     <span class='ocr_line' id='line_1_106' title="bbox 1766 4349 3351 4428; baseline 0.005 -25"><span class='ocrx_word' id='word_1_825' title='bbox 1766 4350 1856 4420; x_wconf 92' lang='lat' dir='ltr'><strong>qui</strong></span> <span class='ocrx_word' id='word_1_826' title='bbox 1886 4349 2101 4404; x_wconf 86' lang='lat' dir='ltr'><strong>fuerunt</strong></span> <span class='ocrx_word' id='word_1_827' title='bbox 2135 4358 2262 4406; x_wconf 89' lang='lat' dir='ltr'><strong>ante</strong></span> <span class='ocrx_word' id='word_1_828' title='bbox 2293 4351 2463 4421; x_wconf 87' lang='lat' dir='ltr'><strong>legem</strong></span> <span class='ocrx_word' id='word_1_829' title='bbox 2505 4360 2559 4406; x_wconf 91' lang='lat' dir='ltr'><strong>et</strong></span> <span class='ocrx_word' id='word_1_830' title='bbox 2604 4353 2871 4423; x_wconf 88' lang='lat' dir='ltr'><strong>gratiam?</strong></span> <span class='ocrx_word' id='word_1_831' title='bbox 2900 4354 3181 4423; x_wconf 86' lang='lat' dir='ltr'><strong>Quomodo</strong></span> <span class='ocrx_word' id='word_1_832' title='bbox 3222 4372 3351 4428; x_wconf 55' lang='lat' dir='ltr'><strong>erg:</strong></span> 
     </span>
    </p>
   </div>
   <div class='ocr_carea' id='block_1_107' title="bbox 1763 4439 3345 4515">
    <p class='ocr_par' dir='ltr' id='par_1_107' title="bbox 1763 4439 3345 4515">
     <span class='ocr_line' id='line_1_107' title="bbox 1763 4439 3345 4515; baseline 0.001 -19"><span class='ocrx_word' id='word_1_833' title='bbox 1763 4439 1854 4496; x_wconf 86' lang='lat' dir='ltr'><strong>hic</strong></span> <span class='ocrx_word' id='word_1_834' title='bbox 1902 4440 2205 4510; x_wconf 90' lang='lat' dir='ltr'><strong>patriarcha</strong></span> <span class='ocrx_word' id='word_1_835' title='bbox 2255 4441 2394 4497; x_wconf 89' lang='lat' dir='ltr'><strong>hanc</strong></span> <span class='ocrx_word' id='word_1_836' title='bbox 2452 4441 2681 4497; x_wconf 89' lang='lat' dir='ltr'><strong>belluam</strong></span> <span class='ocrx_word' id='word_1_837' title='bbox 2742 4445 2871 4499; x_wconf 90' lang='lat' dir='ltr'><strong>vicit</strong></span> <span class='ocrx_word' id='word_1_838' title='bbox 2921 4455 2973 4499; x_wconf 90' lang='lat' dir='ltr'><strong>et</strong></span> <span class='ocrx_word' id='word_1_839' title='bbox 3036 4448 3345 4515; x_wconf 40' lang='lat' dir='ltr'><strong>superavit.</strong></span> 
     </span>
    </p>
   </div>
   <div class='ocr_carea' id='block_1_108' title="bbox 1764 4532 3343 4603">
    <p class='ocr_par' dir='ltr' id='par_1_108' title="bbox 1764 4532 3343 4603">
     <span class='ocr_line' id='line_1_108' title="bbox 1764 4532 3343 4603; baseline 0.004 -16"><span class='ocrx_word' id='word_1_840' title='bbox 1764 4532 1981 4603; x_wconf 89' lang='lat' dir='ltr'><strong>quando</strong></span> <span class='ocrx_word' id='word_1_841' title='bbox 2024 4532 2124 4587; x_wconf 86' lang='lat' dir='ltr'><strong>fuit</strong></span> <span class='ocrx_word' id='word_1_842' title='bbox 2150 4533 2197 4588; x_wconf 91' lang='lat' dir='ltr'><strong>ci</strong></span> <span class='ocrx_word' id='word_1_843' title='bbox 2241 4535 2610 4589; x_wconf 87' lang='lat' dir='ltr'><strong>controversia</strong></span> <span class='ocrx_word' id='word_1_844' title='bbox 2659 4550 2780 4590; x_wconf 91' lang='lat' dir='ltr'><strong>cum</strong></span> <span class='ocrx_word' id='word_1_845' title='bbox 2830 4536 2940 4590; x_wconf 90' lang='lat' dir='ltr'><strong>filio</strong></span> <span class='ocrx_word' id='word_1_846' title='bbox 2970 4536 3190 4591; x_wconf 90' lang='lat' dir='ltr'><strong>fratris?</strong></span> <span class='ocrx_word' id='word_1_847' title='bbox 3218 4538 3343 4595; x_wconf 75' lang='lat' dir='ltr'><strong>Nan</strong></span> 
     </span>
    </p>
   </div>
   <div class='ocr_carea' id='block_1_109' title="bbox 1762 4626 3350 4699">
    <p class='ocr_par' dir='ltr' id='par_1_109' title="bbox 1762 4626 3350 4699">
     <span class='ocr_line' id='line_1_109' title="bbox 1762 4626 3350 4699; baseline 0.003 -20"><span class='ocrx_word' id='word_1_848' title='bbox 1762 4639 1883 4679; x_wconf 88' lang='lat' dir='ltr'><strong>cum</strong></span> <span class='ocrx_word' id='word_1_849' title='bbox 1916 4626 2092 4680; x_wconf 91' lang='lat' dir='ltr'><strong>minor</strong></span> <span class='ocrx_word' id='word_1_850' title='bbox 2117 4627 2294 4696; x_wconf 90' lang='lat' dir='ltr'><strong>portio</strong></span> <span class='ocrx_word' id='word_1_851' title='bbox 2322 4627 2369 4682; x_wconf 91' lang='lat' dir='ltr'><strong>ei</strong></span> <span class='ocrx_word' id='word_1_852' title='bbox 2398 4626 2698 4697; x_wconf 90' lang='lat' dir='ltr'><strong>obtigisset,</strong></span> <span class='ocrx_word' id='word_1_853' title='bbox 2737 4627 2786 4682; x_wconf 90' lang='lat' dir='ltr'><strong>ei</strong></span> <span class='ocrx_word' id='word_1_854' title='bbox 2819 4628 3017 4698; x_wconf 89' lang='lat' dir='ltr'><strong>primas</strong></span> <span class='ocrx_word' id='word_1_855' title='bbox 3040 4641 3218 4699; x_wconf 87' lang='lat' dir='ltr'><strong>partes</strong></span> <span class='ocrx_word' id='word_1_856' title='bbox 3246 4646 3350 4685; x_wconf 71' lang='lat' dir='ltr'><strong>nor.</strong></span> 
     </span>
    </p>
   </div>
   <div class='ocr_carea' id='block_1_110' title="bbox 1762 4718 3342 4791">
    <p class='ocr_par' dir='ltr' id='par_1_110' title="bbox 1762 4718 3342 4791">
     <span class='ocr_line' id='line_1_110' title="bbox 1762 4718 3342 4791; baseline 0.002 -20"><span class='ocrx_word' id='word_1_857' title='bbox 1762 4725 1907 4772; x_wconf 88' lang='lat' dir='ltr'><strong>esset</strong></span> <span class='ocrx_word' id='word_1_858' title='bbox 1933 4726 2274 4787; x_wconf 86' lang='lat' dir='ltr'><strong>assequutus,</strong></span> <span class='ocrx_word' id='word_1_859' title='bbox 2317 4733 2423 4773; x_wconf 92' lang='lat' dir='ltr'><strong>non</strong></span> <span class='ocrx_word' id='word_1_860' title='bbox 2467 4718 2659 4773; x_wconf 88' lang='lat' dir='ltr'><strong>doluit.</strong></span> <span class='ocrx_word' id='word_1_861' title='bbox 2705 4718 2865 4773; x_wconf 89' lang='lat' dir='ltr'><strong>Scitis</strong></span> <span class='ocrx_word' id='word_1_862' title='bbox 2903 4730 3082 4774; x_wconf 86' lang='lat' dir='ltr'><strong>autem</strong></span> <span class='ocrx_word' id='word_1_863' title='bbox 3114 4721 3256 4791; x_wconf 90' lang='lat' dir='ltr'><strong>quod</strong></span> <span class='ocrx_word' id='word_1_864' title='bbox 3300 4722 3342 4775; x_wconf 88' lang='lat' dir='ltr'><strong>ir</strong></span> 
     </span>
    </p>
   </div>
   <div class='ocr_carea' id='block_1_111' title="bbox 1764 4810 3336 4885">
    <p class='ocr_par' dir='ltr' id='par_1_111' title="bbox 1764 4810 3336 4885">
     <span class='ocr_line' id='line_1_111' title="bbox 1764 4810 3336 4885; baseline 0.004 -23"><span class='ocrx_word' id='word_1_865' title='bbox 1764 4810 1846 4864; x_wconf 91' lang='lat' dir='ltr'><strong>his</strong></span> <span class='ocrx_word' id='word_1_866' title='bbox 1873 4812 2034 4865; x_wconf 91' lang='lat' dir='ltr'><strong>rebus</strong></span> <span class='ocrx_word' id='word_1_867' title='bbox 2072 4810 2305 4866; x_wconf 81' lang='lat' dir='ltr'><strong>dedecus</strong></span> <span class='ocrx_word' id='word_1_868' title='bbox 2332 4821 2416 4867; x_wconf 88' lang='lat' dir='ltr'><strong>est</strong></span> <span class='ocrx_word' id='word_1_869' title='bbox 2444 4812 2596 4881; x_wconf 87' lang='lat' dir='ltr'><strong>pejus</strong></span> <span class='ocrx_word' id='word_1_870' title='bbox 2638 4811 2837 4867; x_wconf 86' lang='lat' dir='ltr'><strong>damno</strong></span> <span class='ocrx_word' id='word_1_871' title='bbox 2869 4811 2933 4866; x_wconf 92' lang='lat' dir='ltr'><strong>iis</strong></span> <span class='ocrx_word' id='word_1_872' title='bbox 2963 4813 3051 4883; x_wconf 91' lang='lat' dir='ltr'><strong>qui</strong></span> <span class='ocrx_word' id='word_1_873' title='bbox 3096 4825 3221 4869; x_wconf 89' lang='lat' dir='ltr'><strong>sunt</strong></span> <span class='ocrx_word' id='word_1_874' title='bbox 3250 4830 3336 4885; x_wconf 81' lang='lat' dir='ltr'><strong>pu-</strong></span> 
     </span>
    </p>
   </div>
   <div class='ocr_carea' id='block_1_112' title="bbox 1762 4900 3348 4974">
    <p class='ocr_par' dir='ltr' id='par_1_112' title="bbox 1762 4900 3348 4974">
     <span class='ocr_line' id='line_1_112' title="bbox 1762 4900 3348 4974; baseline 0.004 -20"><span class='ocrx_word' id='word_1_875' title='bbox 1762 4900 1866 4955; x_wconf 89' lang='lat' dir='ltr'><strong>silli</strong></span> <span class='ocrx_word' id='word_1_876' title='bbox 1896 4901 2082 4967; x_wconf 88' lang='lat' dir='ltr'><strong>animi,</strong></span> <span class='ocrx_word' id='word_1_877' title='bbox 2107 4912 2162 4957; x_wconf 90' lang='lat' dir='ltr'><strong>et</strong></span> <span class='ocrx_word' id='word_1_878' title='bbox 2184 4904 2415 4958; x_wconf 79' lang='lat' dir='ltr'><strong>maxime</strong></span> <span class='ocrx_word' id='word_1_879' title='bbox 2435 4903 2650 4974; x_wconf 88' lang='lat' dir='ltr'><strong>quando</strong></span> <span class='ocrx_word' id='word_1_880' title='bbox 2677 4903 2790 4973; x_wconf 90' lang='lat' dir='ltr'><strong>ipse</strong></span> <span class='ocrx_word' id='word_1_881' title='bbox 2816 4904 3052 4958; x_wconf 87' lang='lat' dir='ltr'><strong>omnitun</strong></span> <span class='ocrx_word' id='word_1_882' title='bbox 3078 4905 3348 4972; x_wconf 86' lang='lat' dir='ltr'><strong>dominus,</strong></span> 
     </span>
    </p>
   </div>
   <div class='ocr_carea' id='block_1_113' title="bbox 1762 4994 3350 5067">
    <p class='ocr_par' dir='ltr' id='par_1_113' title="bbox 1762 4994 3350 5067">
     <span class='ocr_line' id='line_1_113' title="bbox 1762 4994 3350 5067; baseline 0.004 -18"><span class='ocrx_word' id='word_1_883' title='bbox 1762 4994 1900 5049; x_wconf 90' lang='lat' dir='ltr'><strong>sicut</strong></span> <span class='ocrx_word' id='word_1_884' title='bbox 1930 5004 2056 5049; x_wconf 85' lang='lat' dir='ltr'><strong>tunc</strong></span> <span class='ocrx_word' id='word_1_885' title='bbox 2081 4996 2192 5061; x_wconf 91' lang='lat' dir='ltr'><strong>ille,</strong></span> <span class='ocrx_word' id='word_1_886' title='bbox 2236 5004 2292 5051; x_wconf 92' lang='lat' dir='ltr'><strong>et</strong></span> <span class='ocrx_word' id='word_1_887' title='bbox 2333 4996 2421 5065; x_wconf 91' lang='lat' dir='ltr'><strong>qui</strong></span> <span class='ocrx_word' id='word_1_888' title='bbox 2470 4997 2617 5066; x_wconf 89' lang='lat' dir='ltr'><strong>prior</strong></span> <span class='ocrx_word' id='word_1_889' title='bbox 2649 5006 2887 5067; x_wconf 71' lang='lat' dir='ltr'><strong>ctepcrat</strong></span> <span class='ocrx_word' id='word_1_890' title='bbox 2925 4996 3211 5064; x_wconf 89' lang='lat' dir='ltr'><strong>honorare,</strong></span> <span class='ocrx_word' id='word_1_891' title='bbox 3241 5016 3350 5055; x_wconf 81' lang='lat' dir='ltr'><strong>non</strong></span> 
     </span>
    </p>
   </div>
   <div class='ocr_carea' id='block_1_114' title="bbox 1760 5087 3352 5147">
    <p class='ocr_par' dir='ltr' id='par_1_114' title="bbox 1760 5087 3352 5147">
     <span class='ocr_line' id='line_1_114' title="bbox 1760 5087 3352 5147; baseline 0.004 -7"><span class='ocrx_word' id='word_1_892' title='bbox 1760 5087 1997 5142; x_wconf 87' lang='lat' dir='ltr'><strong>vicissim</strong></span> <span class='ocrx_word' id='word_1_893' title='bbox 2026 5088 2230 5144; x_wconf 90' lang='lat' dir='ltr'><strong>honore</strong></span> <span class='ocrx_word' id='word_1_894' title='bbox 2254 5088 2504 5145; x_wconf 76' lang='lat' dir='ltr'><strong>afficitur.</strong></span> <span class='ocrx_word' id='word_1_895' title='bbox 2544 5088 2648 5145; x_wconf 89' lang='lat' dir='ltr'><strong>Sed</strong></span> <span class='ocrx_word' id='word_1_896' title='bbox 2682 5099 2856 5146; x_wconf 90' lang='lat' dir='ltr'><strong>tamen</strong></span> <span class='ocrx_word' id='word_1_897' title='bbox 2888 5089 3020 5145; x_wconf 87' lang='lat' dir='ltr'><strong>nihil</strong></span> <span class='ocrx_word' id='word_1_898' title='bbox 3062 5091 3251 5146; x_wconf 89' lang='lat' dir='ltr'><strong>horum</strong></span> <span class='ocrx_word' id='word_1_899' title='bbox 3285 5091 3352 5147; x_wconf 76' lang='lat' dir='ltr'><strong>il-</strong></span> 
     </span>
    </p>
   </div>
   <div class='ocr_carea' id='block_1_115' title="bbox 1762 5176 3349 5255">
    <p class='ocr_par' dir='ltr' id='par_1_115' title="bbox 1762 5176 3349 5255">
     <span class='ocr_line' id='line_1_115' title="bbox 1762 5176 3349 5255; baseline 0.006 -22"><span class='ocrx_word' id='word_1_900' title='bbox 1762 5176 1871 5233; x_wconf 91' lang='lat' dir='ltr'><strong>lum</strong></span> <span class='ocrx_word' id='word_1_901' title='bbox 1899 5180 2209 5248; x_wconf 89' lang='lat' dir='ltr'><strong>momordit,</strong></span> <span class='ocrx_word' id='word_1_902' title='bbox 2252 5180 2348 5236; x_wconf 86' lang='lat' dir='ltr'><strong>sed</strong></span> <span class='ocrx_word' id='word_1_903' title='bbox 2390 5188 2588 5237; x_wconf 88' lang='lat' dir='ltr'><strong>etcum</strong></span> <span class='ocrx_word' id='word_1_904' title='bbox 2619 5182 2880 5239; x_wconf 88' lang='lat' dir='ltr'><strong>secundas</strong></span> <span class='ocrx_word' id='word_1_905' title='bbox 2914 5183 3140 5240; x_wconf 88' lang='lat' dir='ltr'><strong>haberet</strong></span> <span class='ocrx_word' id='word_1_906' title='bbox 3166 5193 3349 5255; x_wconf 89' lang='lat' dir='ltr'><strong>partes</strong></span> 
     </span>
    </p>
   </div>
   <div class='ocr_carea' id='block_1_116' title="bbox 1762 5271 3346 5346">
    <p class='ocr_par' dir='ltr' id='par_1_116' title="bbox 1762 5271 3346 5346">
     <span class='ocr_line' id='line_1_116' title="bbox 1762 5271 3346 5346; baseline 0.001 -18"><span class='ocrx_word' id='word_1_907' title='bbox 1762 5271 1860 5328; x_wconf 90' lang='lat' dir='ltr'><strong>fuit</strong></span> <span class='ocrx_word' id='word_1_908' title='bbox 1882 5281 2191 5339; x_wconf 90' lang='lat' dir='ltr'><strong>contentus,</strong></span> <span class='ocrx_word' id='word_1_909' title='bbox 2222 5282 2278 5329; x_wconf 92' lang='lat' dir='ltr'><strong>et</strong></span> <span class='ocrx_word' id='word_1_910' title='bbox 2307 5273 2499 5343; x_wconf 87' lang='lat' dir='ltr'><strong>injuria</strong></span> <span class='ocrx_word' id='word_1_911' title='bbox 2540 5274 2763 5331; x_wconf 74' lang='lat' dir='ltr'><strong>affectus</strong></span> <span class='ocrx_word' id='word_1_912' title='bbox 2800 5290 2828 5330; x_wconf 93' lang='lat' dir='ltr'><strong>a</strong></span> <span class='ocrx_word' id='word_1_913' title='bbox 2854 5276 3052 5346; x_wconf 87' lang='lat' dir='ltr'><strong>juvene</strong></span> <span class='ocrx_word' id='word_1_914' title='bbox 3077 5292 3262 5344; x_wconf 79' lang='lat' dir='ltr'><strong>senex,</strong></span> <span class='ocrx_word' id='word_1_915' title='bbox 3296 5289 3346 5334; x_wconf 69' lang='lat' dir='ltr'><strong>et</strong></span> 
     </span>
    </p>
   </div>
   <div class='ocr_carea' id='block_1_117' title="bbox 1759 5362 3341 5440">
    <p class='ocr_par' dir='ltr' id='par_1_117' title="bbox 1759 5362 3341 5440">
     <span class='ocr_line' id='line_1_117' title="bbox 1759 5362 3341 5440; baseline 0.004 -25"><span class='ocrx_word' id='word_1_916' title='bbox 1759 5374 1980 5434; x_wconf 88' lang='lat' dir='ltr'><strong>patruus</strong></span> <span class='ocrx_word' id='word_1_917' title='bbox 2024 5379 2053 5417; x_wconf 92' lang='lat' dir='ltr'><strong>a</strong></span> <span class='ocrx_word' id='word_1_918' title='bbox 2103 5362 2281 5419; x_wconf 87' lang='lat' dir='ltr'><strong>fratris</strong></span> <span class='ocrx_word' id='word_1_919' title='bbox 2326 5365 2456 5430; x_wconf 90' lang='lat' dir='ltr'><strong>filio,</strong></span> <span class='ocrx_word' id='word_1_920' title='bbox 2490 5380 2596 5420; x_wconf 91' lang='lat' dir='ltr'><strong>non</strong></span> <span class='ocrx_word' id='word_1_921' title='bbox 2645 5368 2951 5423; x_wconf 90' lang='lat' dir='ltr'><strong>succensuit</strong></span> <span class='ocrx_word' id='word_1_922' title='bbox 2994 5384 3167 5440; x_wconf 91' lang='lat' dir='ltr'><strong>neque</strong></span> <span class='ocrx_word' id='word_1_923' title='bbox 3206 5384 3341 5440; x_wconf 56' lang='grc' dir='ltr'><em>τρεῖς</em></span> 
     </span>
    </p>
   </div>
   <div class='ocr_carea' id='block_1_118' title="bbox 1759 5456 3344 5522">
    <p class='ocr_par' dir='ltr' id='par_1_118' title="bbox 1759 5456 3344 5522">
     <span class='ocr_line' id='line_1_118' title="bbox 1759 5456 3344 5522; baseline 0.003 -11"><span class='ocrx_word' id='word_1_924' title='bbox 1759 5457 1900 5522; x_wconf 91' lang='lat' dir='ltr'><strong>tulit,</strong></span> <span class='ocrx_word' id='word_1_925' title='bbox 1929 5456 2022 5511; x_wconf 91' lang='lat' dir='ltr'><strong>sed</strong></span> <span class='ocrx_word' id='word_1_926' title='bbox 2053 5457 2300 5513; x_wconf 87' lang='lat' dir='ltr'><strong>similiter</strong></span> <span class='ocrx_word' id='word_1_927' title='bbox 2323 5472 2446 5513; x_wconf 88' lang='lat' dir='ltr'><strong>eum</strong></span> <span class='ocrx_word' id='word_1_928' title='bbox 2473 5459 2686 5515; x_wconf 89' lang='lat' dir='ltr'><strong>amabat</strong></span> <span class='ocrx_word' id='word_1_929' title='bbox 2708 5468 2763 5515; x_wconf 91' lang='lat' dir='ltr'><strong>et</strong></span> <span class='ocrx_word' id='word_1_930' title='bbox 2783 5461 3025 5516; x_wconf 81' lang='lat' dir='ltr'><strong>curabat.</strong></span> <span class='ocrx_word' id='word_1_931' title='bbox 3052 5461 3256 5515; x_wconf 77' lang='lat' dir='ltr'><strong>llursus</strong></span> <span class='ocrx_word' id='word_1_932' title='bbox 3278 5476 3344 5515; x_wconf 81' lang='lat' dir='ltr'><strong>ex</strong></span> 
     </span>
    </p>
   </div>
   <div class='ocr_carea' id='block_1_119' title="bbox 1758 5550 3345 5623">
    <p class='ocr_par' dir='ltr' id='par_1_119' title="bbox 1758 5550 3345 5623">
     <span class='ocr_line' id='line_1_119' title="bbox 1758 5550 3345 5623; baseline 0.002 -19"><span class='ocrx_word' id='word_1_933' title='bbox 1758 5562 1951 5620; x_wconf 88' lang='lat' dir='ltr'><strong>magno</strong></span> <span class='ocrx_word' id='word_1_934' title='bbox 1977 5550 2069 5605; x_wconf 91' lang='lat' dir='ltr'><strong>illo</strong></span> <span class='ocrx_word' id='word_1_935' title='bbox 2093 5558 2147 5606; x_wconf 90' lang='lat' dir='ltr'><strong>et</strong></span> <span class='ocrx_word' id='word_1_936' title='bbox 2178 5550 2396 5606; x_wconf 87' lang='lat' dir='ltr'><strong>terribili</strong></span> <span class='ocrx_word' id='word_1_937' title='bbox 2428 5551 2568 5607; x_wconf 90' lang='lat' dir='ltr'><strong>bello</strong></span> <span class='ocrx_word' id='word_1_938' title='bbox 2598 5561 2751 5623; x_wconf 89' lang='lat' dir='ltr'><strong>parta</strong></span> <span class='ocrx_word' id='word_1_939' title='bbox 2773 5553 3014 5621; x_wconf 84' lang='lat' dir='ltr'><strong>victoria,</strong></span> <span class='ocrx_word' id='word_1_940' title='bbox 3040 5553 3199 5623; x_wconf 83' lang='lat' dir='ltr'><strong>vique</strong></span> <span class='ocrx_word' id='word_1_941' title='bbox 3224 5568 3345 5622; x_wconf 84' lang='lat' dir='ltr'><strong>pro-</strong></span> 
     </span>
    </p>
   </div>
   <div class='ocr_carea' id='block_1_120' title="bbox 1820 5679 3347 5748">
    <p class='ocr_par' dir='ltr' id='par_1_120' title="bbox 1820 5679 3347 5748">
     <span class='ocr_line' id='line_1_120' title="bbox 1820 5679 3347 5748; baseline 0.001 -17"><span class='ocrx_word' id='word_1_942' title='bbox 1820 5682 1893 5746; x_wconf 86' lang='lat' dir='ltr'><strong>(a)</strong></span> <span class='ocrx_word' id='word_1_943' title='bbox 1926 5683 2045 5748; x_wconf 64' lang='lat' dir='ltr'><strong>Quae</strong></span> <span class='ocrx_word' id='word_1_944' title='bbox 2068 5683 2151 5734; x_wconf 86' lang='lat' dir='ltr'><strong>hic</strong></span> <span class='ocrx_word' id='word_1_945' title='bbox 2181 5679 2246 5734; x_wconf 87' lang='lat' dir='ltr'><strong>de</strong></span> <span class='ocrx_word' id='word_1_946' title='bbox 2279 5683 2509 5747; x_wconf 82' lang='lat' dir='ltr'><strong>Diogene</strong></span> <span class='ocrx_word' id='word_1_947' title='bbox 2533 5684 2710 5748; x_wconf 77' lang='lat' dir='ltr'><strong>Cynico</strong></span> <span class='ocrx_word' id='word_1_948' title='bbox 2732 5684 2975 5748; x_wconf 72' lang='lat' dir='ltr'><strong>feruntur,</strong></span> <span class='ocrx_word' id='word_1_949' title='bbox 3002 5684 3126 5748; x_wconf 77' lang='lat' dir='ltr'><strong>apud</strong></span> <span class='ocrx_word' id='word_1_950' title='bbox 3150 5684 3347 5748; x_wconf 70' lang='lat' dir='ltr'><strong>Dioge-</strong></span> 
     </span>
    </p>
   </div>
   <div class='ocr_carea' id='block_1_121' title="bbox 1758 5745 3345 5799">
    <p class='ocr_par' dir='ltr' id='par_1_121' title="bbox 1758 5745 3345 5799">
     <span class='ocr_line' id='line_1_121' title="bbox 1758 5745 3345 5799; baseline -0.001 -3"><span class='ocrx_word' id='word_1_951' title='bbox 1758 5745 2123 5799; x_wconf 54' lang='lat' dir='ltr'><strong>nem&#39;taertium</strong></span> <span class='ocrx_word' id='word_1_952' title='bbox 2147 5755 2199 5798; x_wconf 91' lang='lat' dir='ltr'><strong>et</strong></span> <span class='ocrx_word' id='word_1_953' title='bbox 2221 5745 2473 5799; x_wconf 83' lang='lat' dir='ltr'><strong>sexcentis</strong></span> <span class='ocrx_word' id='word_1_954' title='bbox 2496 5748 2545 5797; x_wconf 87' lang='lat' dir='ltr'><strong>in</strong></span> <span class='ocrx_word' id='word_1_955' title='bbox 2567 5745 2675 5796; x_wconf 74' lang='lat' dir='ltr'><strong>aliis</strong></span> <span class='ocrx_word' id='word_1_956' title='bbox 2696 5752 2922 5798; x_wconf 85' lang='lat' dir='ltr'><strong>veterum</strong></span> <span class='ocrx_word' id='word_1_957' title='bbox 2947 5746 3067 5796; x_wconf 88' lang='lat' dir='ltr'><strong>locis</strong></span> <span class='ocrx_word' id='word_1_958' title='bbox 3088 5745 3345 5796; x_wconf 84' lang='lat' dir='ltr'><strong>habentur.</strong></span> 
     </span>
    </p>
   </div>
  </div>
