3802 6352
396 302 501 377 303

402 437 628 509 pulsatis
655 445 707 494 et
728 416 1021 507 profligatis
1050 434 1310 500 barbaris,
1342 436 1409 490 de
1431 436 1651 491 victoria
1680 453 1782 489 non
1806 437 1992 489 trium-

402 529 531 598 phat
568 544 671 584 nec
708 528 866 598 erigit
896 536 1151 596 tropaeum
1180 548 1193 584 :
1224 527 1435 582 volebat
1464 527 1606 581 enim
1640 537 1841 581 tantum
1875 542 1990 581 ser-

400 636 550 683 vare.
600 636 705 675 non
750 636 809 675 se
860 628 1149 674 ostentare.
1200 618 1420 688 Excepit
1469 633 1652 673 rursus
1713 619 1986 688 hospites;

402 728 577 783 neque
620 713 705 768 hic
745 713 889 766 inani
932 712 1097 782 gloria
1138 711 1416 776 laboravit,
1448 712 1540 765 sed
1571 719 1625 765 et
1654 711 1767 782 ipse
1797 726 1987 765 occur-

401 803 557 859 rebat
598 812 654 859 et
698 804 972 867 adorabat,
1005 819 1111 856 non
1157 813 1424 871 tamquam
1466 802 1599 856 dans
1645 802 1984 869 beneficium,

401 894 496 950 sed
526 904 792 964 tamquam
836 893 1098 949 beneficio
1135 894 1392 949 affectus:
1425 903 1479 948 et
1520 904 1674 947 vocat
1715 894 1984 959 dominos,

400 987 648 1042 nesciens
676 984 886 1055 quidem
918 984 1132 1054 quinam
1162 984 1534 1050 accessissent,
1562 994 1615 1038 ct
1642 985 1759 1037 loco
1779 984 1986 1039 ancillae

397 1080 675 1136 constituit
703 1094 946 1133 uxorem.
976 1076 1108 1132 Cum
1137 1088 1312 1132 autem
1350 1087 1509 1132 antea
1538 1078 1592 1131 in
1629 1077 1857 1149 Egypto
1887 1077 1984 1131 ad-

396 1168 661 1226 mirabilis
698 1167 1052 1238 apparuisset,
1088 1177 1142 1222 et
1186 1167 1324 1221 hanc
1366 1168 1534 1236 ipsam
1569 1183 1790 1222 uxorem
1831 1183 1983 1223 rece-

395 1263 585 1332 pisset,
619 1270 931 1330 tantumque
963 1270 1105 1313 esset
1133 1260 1389 1313 honorem
1430 1268 1811 1328 consequutus,
1844 1258 1983 1327 apud

393 1353 667 1407 neminem
694 1367 752 1406 sc
780 1360 1042 1415 ostentat;
1084 1350 1176 1405 sed
1209 1349 1471 1419 indigenae
1499 1350 1715 1420 quidem
1742 1365 1862 1404 cum
1891 1365 1981 1405 rc-

398 1460 519 1515 gem
547 1444 909 1514 appellabant,
937 1444 1048 1512 ipse
1073 1452 1249 1497 autem
1281 1444 1440 1497 solvit
1467 1444 1694 1514 pretium
1726 1445 1977 1512 sepulcri.

390 1538 526 1592 Cum
553 1547 731 1591 autem
760 1536 993 1591 mitteret
1021 1535 1299 1601 fiumtlum,
1326 1548 1544 1590 uxorem
1578 1536 1685 1589 filio
1714 1536 1979 1591 adductu-

391 1645 533 1695 rum,
564 1627 695 1682 nihil
728 1628 886 1698 jussit
923 1643 1168 1696 magnum
1210 1638 1301 1681 aut
1342 1628 1650 1695 praeclarum
1689 1627 1757 1681 de
1796 1643 1855 1683 se
1895 1628 1979 1681 di-

390 1736 534 1786 cere,
574 1720 669 1775 scd
712 1720 884 1774 solum
917 1735 1169 1789 sponsam
1206 1719 1491 1773 adducere.
1540 1718 1628 1771 Vis
1659 1720 1818 1773 ctiam
1851 1736 1978 1773 exa-

391 1814 600 1867 tninare
628 1828 721 1866 eos
751 1813 841 1880 qui
864 1822 1012 1865 erant
1037 1811 1135 1864 sub
1160 1811 1349 1880 gratia,
1380 1809 1593 1880 quando
1608 1825 1716 1864 .eos
1745 1812 1977 1880 undique
2022 1842 2029 1848 ο

388 1905 793 1959 circumfluebat
832 1920 1020 1974 magna
1052 1904 1312 1958 doctrina:
1345 1903 1535 1972 gloria,
1563 1912 1616 1957 et
1648 1902 1830 1959 videre
1874 1903 1976 1959 hoc

388 2012 601 2067 quoque
633 1995 819 2049 vitium
850 2003 975 2049 tunc
1004 1995 1231 2064 ejectum
1261 2006 1313 2049 et
1338 1994 1715 2048 eliminatum?

464 2086 618 2140 Pauli
643 2087 777 2141 laus.
798 2087 1071 2156 ——C0gita
1104 2086 1228 2139 mihi
1259 2086 1399 2139 lutnc
1426 2086 1597 2155 ipsum
1630 2087 1719 2156 qui
1751 2086 1863 2141 ltzec
1892 2086 1973 2141 di-

385 2180 480 2246 cit,
518 2178 784 2249 quomodo
827 2194 1041 2253 semper
1081 2188 1247 2232 totum
1298 2178 1408 2233 Deo
1448 2179 1661 2241 tribuat,
1701 2180 1973 2249 quomodo

385 2285 605 2324 suorum
634 2270 848 2339 quidem
875 2278 1213 2339 peccatorum
1234 2268 1447 2322 assidue
1474 2270 1798 2337 meminerit,
1826 2282 1972 2327 recte

385 2371 564 2416 autem
609 2359 873 2415 factorum
924 2375 1032 2413 non
1077 2360 1225 2413 item.
1256 2358 1361 2414 Sed
1408 2359 1454 2412 si
1484 2359 1695 2428 quando
1724 2372 1972 2429 oporteat

382 2453 656 2524 corrigere
683 2451 975 2520 discipulos
1004 2462 1055 2506 et
1082 2459 1303 2518 cogatur
1342 2448 1444 2502 hoc
1473 2448 1668 2515 facere,
1704 2466 1822 2505 eam
1854 2467 1968 2507 rem

383 2556 539 2599 vocat
579 2543 957 2613 insipientiam,
993 2552 1049 2596 et
1074 2541 1232 2595 Petro
1271 2541 1470 2608 primas
1507 2540 1647 2594 cedit
1676 2558 1691 2592 :
1725 2556 1824 2597 nec
1848 2558 1971 2597 cru-

382 2637 557 2692 bescit
583 2636 791 2703 operari
817 2632 963 2702 apud
990 2632 1285 2687 Priscillam
1312 2639 1366 2685 ct
1393 2631 1636 2701 Aquilam
1660 2632 1798 2701 (Act.
1833 2635 1925 2704 18)
1950 2653 1964 2691 ;

372 2737 437 2783 'et
466 2727 658 2796 ubique
682 2737 905 2779 conatus
931 2733 1014 2779 est
1040 2738 1099 2777 se
1124 2723 1412 2778 ostendere
1447 2724 1701 2778 humilem
1737 2734 1792 2780 et
1815 2726 1966 2795 ahje-

378 2827 544 2883 ctum,
580 2833 686 2871 non
735 2818 788 2870 in
836 2817 951 2870 foro
988 2815 1220 2884 superbe
1268 2816 1521 2871 incedens
1568 2833 1740 2887 neque
1785 2822 1968 2876 turbas

382 2909 787 2975 circumferens,
817 2908 908 2963 sed
935 2922 993 2962 se
1018 2907 1259 2962 referens
1281 2907 1330 2961 iu
1359 2924 1639 2964 numerum
1666 2927 1853 2966 eorum
1876 2913 1964 2983 qui

380 3013 505 3057 sunt
530 3002 743 3058 obscuri
768 3011 821 3056 et
851 3016 955 3055 non
990 3001 1245 3071 insignes.
1277 3001 1345 3055 Et
1380 3000 1500 3056 ideo
1533 3002 1774 3069 dicebat,
1815 3003 1966 3059 Prw-

377 3096 539 3149 sculia
565 3107 730 3148 amem
760 3093 987 3162 corporis
1012 3102 1085 3146 est
1112 3093 1317 3161 inﬁrma
1338 3093 1414 3160 (2.
1440 3093 1560 3148 Cor.
1600 3096 1687 3150 fO.
1721 3096 1832 3166 10),
1863 3096 1965 3151 hoc

376 3198 478 3254 est,
517 3185 881 3256 despicienda,
919 3198 973 3238 et
1007 3201 1125 3254 qua:
1171 3184 1371 3237 nullum
1408 3186 1599 3239 habeat
1635 3186 1869 3253 fastum;
1911 3198 1966 3242 et

377 3296 564 3334 rursus
593 3297 605 3331 :
642 3278 776 3347 Opto
802 3294 887 3330 vos
917 3277 1046 3330 nihil
1083 3277 1203 3329 ntali
1230 3279 1413 3345 facere,
1445 3293 1507 3328 ne
1536 3293 1627 3330 nos
1667 3278 1863 3347 probati
1892 3284 1967 3335 vi-

375 3372 587 3424 deamur
614 3368 689 3440 (2.
725 3368 844 3422 Cor.
884 3368 966 3421 l3.
1001 3368 1076 3435 7).
1110 3368 1173 3418 Et
1200 3365 1323 3435 quid
1356 3368 1573 3427 mirum,
1611 3367 1655 3420 si
1696 3368 1834 3424 hanc
1863 3370 1962 3426 de-

375 3463 535 3533 spicit
584 3461 856 3531 gloriam?
887 3459 986 3527 Qui
1017 3458 1160 3513 enim
1189 3472 1474 3526 supernam
1517 3459 1658 3513 illaut
1713 3459 1960 3530 despicit,

383 3565 439 3607 ιιι
468 3564 519 3609 ct
550 3568 769 3623 regnum
816 3560 871 3606 et
914 3550 1235 3622 gehennam,
1268 3548 1559 3603 secundum
1605 3550 1805 3606 Christi
1851 3554 1964 3622 pla-

373 3649 535 3701 citum
573 3647 747 3717 (Optat
796 3643 937 3699 enim
967 3657 1087 3698 esse
1134 3643 1417 3697 anathema
1463 3657 1493 3696 a
1539 3642 1754 3699 Christo
1774 3642 1959 3716 [ηοω.

373 3737 426 3794 9.
460 3736 540 3808 5]
570 3753 666 3807 pro
710 3736 905 3791 Christi
944 3734 1113 3804 gloria
1143 3749 1156 3785 :
1189 3748 1312 3786 nam
1358 3734 1567 3789 etiamsi
1617 3750 1713 3803 pro
1759 3734 1961 3793 Judaeis

375 3829 479 3882 hoc
506 3843 565 3883 se
595 3827 737 3883 dicat
763 3825 897 3879 velle
920 3825 1047 3894 pati,
1081 3824 1185 3877 hoc
1213 3824 1361 3885 dicit,
1392 3838 1458 3880 ne
1497 3825 1613 3895 quis
1639 3826 1835 3881 stultus
1864 3842 1961 3897 pu-

376 3928 454 3975 tet
483 3920 654 3990 ipsum
694 3917 1078 3987 promissiones
1114 3916 1217 3969 illis
1265 3915 1429 3971 factas
1464 3917 1563 3972 sibi
1594 3917 1831 3985 sumere)
1865 3937 1878 3973 :
1911 3921 1957 3975 si

374 4011 465 4065 ille
494 4025 624 4079 ergo
652 4016 869 4077 paratus
907 4016 1022 4062 erat
1054 4022 1116 4062 ea
1149 4008 1439 4075 prmterire,
1480 4008 1606 4079 quid
1648 4010 1879 4076 miraris,
1912 4012 1956 4066 si

376 4103 610 4155 lmmana
636 4099 901 4169 despicit?
929 4098 1035 4155 Sed
1077 4113 1173 4154 eos
1198 4099 1289 4171 qui
1320 4114 1463 4154 nunc
1490 4108 1615 4155 sunt
1639 4100 1959 4172 demergunt

373 4195 575 4257 omnia,
606 4208 711 4247 non
744 4191 916 4246 soluat
957 4192 1142 4262 gloria:
1185 4192 1469 4261 cupiditas,
1500 4194 1594 4248 sed
1633 4195 1794 4248 etiam
1825 4210 1957 4249 con-

374 4287 614 4348 trarium,
646 4284 970 4340 contumelia
1010 4292 1065 4338 ct
1105 4293 1281 4338 metus
1325 4284 1577 4338 infamiaz.
1628 4285 1760 4339 Nam
1809 4295 1864 4340 et
1910 4286 1954 4340 si

370 4379 631 4448 quispiam
666 4376 978 4442 laudaverit,
1018 4375 1356 4439 intumescis,
1385 4385 1439 4430 et
1480 4376 1524 4429 si
1554 4376 1951 4446 vituperaverit,

371 4470 710 4539 deprimcris.
759 4469 825 4523 Et
868 4468 1005 4522 sicut
1048 4481 1272 4540 corpora
1317 4466 1580 4521 imbecilla
1611 4466 1955 4523 offenduntur

370 4564 452 4616 vel
475 4578 503 4615 a
531 4560 877 4631 quibuslibet,
909 4560 979 4613 ita
1006 4561 1165 4613 etiam
1192 4558 1396 4628 pusillae
1417 4566 1472 4611 et
1491 4557 1715 4627 abjecta:
1736 4558 1948 4614 animm.

371 4655 475 4708 ldos
506 4654 650 4706 enim
678 4652 769 4722 qui
802 4660 925 4706 sunt
954 4648 1277 4717 hujusmodi,
1308 4663 1412 4703 non
1442 4648 1614 4703 solum
1642 4660 1948 4719 paupertas,

370 4745 464 4800 sed
502 4746 664 4801 etiam
697 4744 896 4798 divitizc
927 4743 1197 4813 perdunt;
1238 4755 1343 4793 non
1378 4739 1589 4794 tristitia
1619 4742 1815 4805 solum,
1856 4744 1950 4797 sed

367 4838 528 4890 etiam
574 4836 846 4905 gaudium,
878 4844 932 4888 et
974 4849 1092 4902 qua:
1140 4840 1265 4885 sunt
1309 4831 1545 4899 jucunda
1595 4833 1763 4900 magis
1792 4848 1950 4902 quam

367 4946 486 4997 qua:
525 4930 716 4982 tristia.
758 4927 885 4981 Nam
920 4933 1206 4995 paupertas
1231 4923 1446 4993 quidem
1482 4924 1626 4992 cogit
1662 4938 1783 4978 esse
1821 4934 1953 4979 tem-

367 5030 642 5093 perautom
666 5037 680 5086 ;
712 5020 907 5073 divitia:
934 5030 1109 5073 autem
1139 5031 1282 5086 saepe
1311 5014 1542 5070 educunt
1566 5015 1725 5069 etiam
1754 5016 1817 5070 ad
1848 5017 1949 5070 ali-

372 5113 515 5185 quod
560 5128 808 5182 magnum
846 5112 1065 5166 malum.
1117 5112 1177 5165 Et
1225 5109 1363 5164 sicut
1400 5107 1491 5178 qui
1529 5107 1847 5176 febricitant,
1884 5108 1951 5162 ab

369 5204 617 5260 omnibus
646 5203 983 5257 offenduntur
1013 5218 1025 5254 :
1052 5202 1121 5255 ita
1152 5200 1239 5270 qui
1267 5207 1391 5253 sunt
1416 5198 1594 5253 animo
1623 5207 1873 5268 corrupto
1894 5207 1948 5253 et

371 5294 667 5363 depravato
697 5336 712 5360 ,
787 5293 1051 5348 lmduntur
1072 5290 1139 5344 ab
1169 5290 1435 5344 omnibus.

438 5387 492 5439 6.
515 5383 833 5441 Christianus
850 5380 1101 5452 quomodo
1129 5379 1258 5449 allici
1285 5379 1459 5433 debeat
1484 5396 1603 5450 erga
1626 5381 1945 5450 temporalia.

369 5480 554 5536 Anima
597 5476 846 5547 quomodo
887 5472 1137 5528 curanda.
1170 5471 1393 5524 Divituut
1436 5472 1574 5525 mala
1617 5472 1949 5526 conditio.—

367 5572 494 5626 llzcc
526 5582 654 5638 ergo
676 5583 796 5621 cum
823 5566 1088 5631 sciamus,
1123 5578 1190 5618 ne
1232 5561 1495 5633 fugiamus
1540 5575 1904 5633 paupertatem
1931 5607 1946 5632 ,

366 5678 537 5735 neque
563 5661 887 5714 admiremur
917 5656 1161 5722 divitias;
1190 5655 1285 5711 sed
1314 5655 1546 5709 animum
1578 5656 1648 5711 ita
1673 5670 1949 5726 compare-

367 5774 483 5813 mus
523 5764 578 5810 ut
615 5754 679 5809 sit
718 5761 871 5825 aptus
908 5761 961 5807 ct
998 5749 1221 5808 idoneus
1248 5748 1313 5806 ad
1342 5747 1536 5808 omnia.
1564 5746 1696 5803 Nam
1723 5748 1811 5819 qui
1842 5746 1938 5802 do-

1144 320 1201 376 s.
1239 280 1516 377 matvrus
1553 310 2019 378 Ct'tnrsosrout
2059 312 2379 378 ARCUIEP.
2418 313 2947 382 consumtum.

3577 343 3671 399 ως

2100 449 2245 488 mum
2271 435 2518 503 addicat,
2552 454 2657 491 non
2685 454 2752 493 eo
2779 448 3004 508 spectat,
3034 450 3095 494 ut
3132 441 3185 496 in
3221 457 3342 500 eam
3381 463 3490 503 non
3526 456 3671 512 cadat

2094 525 2292 594 pluvia,
2313 541 2484 595 neque
2512 537 2567 581 ut
2592 528 2659 581 ad
2684 545 2801 583 eam
2830 546 2934 583 non
2963 531 3142 586 veniat
3167 534 3385 603 radius;
3411 539 3515 596 hoc
3536 548 3670 604 enim

2094 616 2211 670 fieri
2232 617 2442 685 nequit;
2460 618 2554 672 sed
2574 618 2709 672 utad
2727 621 2905 674 omnia
2929 620 3143 677 ferenda
3164 635 3286 693 apta
3307 628 3377 683 sit
3392 641 3449 685 et
3466 632 3667 692 idonea.

2088 703 2163 757 Et
2186 706 2276 773 qui
2309 721 2497 761 navem
2527 707 2834 775 fabricatur,
2868 725 2975 765 non
2996 711 3051 766 id
3077 724 3232 768 curat
3260 726 3318 771 ut
3345 718 3401 773 in
3429 736 3547 777 eam
3576 741 3671 781 non

2093 794 2389 866 irrumpant
2410 797 2621 863 fluctus,
2647 814 2818 868 neque
2841 809 2901 854 ut
2924 816 3028 856 non
3056 805 3317 863 excitetur
3343 813 3511 867 maris
3546 825 3670 870 tent-

2091 897 2304 956 pestas;
2346 889 2450 943 hoc
2473 890 2615 944 enim
2644 891 2757 946 fieri
2789 894 3005 962 nequit;
3035 896 3133 951 sed
3161 906 3229 965 ut
3247 902 3399 957 navis
3443 905 3672 963 tabulata

2090 988 2209 1049 apta
2239 981 2348 1035 sint
2373 980 2439 1035 ad
2467 983 2666 1036 omnia.
2695 983 2903 1040 Rursus
2930 987 3021 1056 qui
3043 1003 3225 1044 curam
3250 995 3389 1061 gerit
3411 1001 3669 1066 corporis,

2084 1085 2195 1124 non
2224 1087 2291 1125 eo
2315 1081 2521 1141 spectat
2546 1083 2602 1127 ut
2627 1088 2733 1129 non
2763 1077 2834 1129 sit
2859 1079 2998 1134 aeris
3038 1081 3368 1151 inaequalitas
3395 1098 3452 1142 et
3482 1091 3669 1146 intent-

2088 1162 2283 1230 pcries,
2303 1162 2398 1216 sed
2421 1172 2478 1216 ut
2496 1178 2691 1233 corpus
2710 1166 2888 1219 omnia
2911 1167 3029 1224 haec
3049 1170 3205 1227 facile
3226 1172 3383 1229 ferat.
3404 1178 3493 1233 Sic
3514 1183 3671 1238 etiam

2086 1255 2345 1312 faciamus
2372 1258 2424 1312 itt
2454 1260 2652 1326 anima,
2672 1271 2729 1317 et
2755 1262 2992 1319 studium
3021 1280 3303 1335 ponamus,
3330 1288 3438 1328 non
3467 1287 3526 1329 ut
3550 1292 3675 1345 pau-

2088 1358 2346 1417 pertatem
2392 1350 2667 1421 fugiamus,
2700 1369 2873 1425 neque
2912 1368 2969 1411 ut
3008 1359 3177 1414 simus
3216 1361 3431 1431 divites,
3480 1371 3583 1423 sed
3622 1381 3676 1426 ut

2085 1443 2505 1513 unumquodque
2531 1460 2598 1498 ex
2631 1446 2694 1501 iis
2722 1447 2791 1501 ita
2822 1457 3111 1506 tractemus
3132 1494 3148 1518 ,
3183 1464 3241 1508 ut
3268 1455 3321 1509 itt
3352 1466 3467 1511 tuto
3503 1463 3675 1516 collo-

2084 1546 2290 1586 centur.
2333 1533 2618 1603 Propterea
2647 1536 2729 1591 his
2756 1538 3013 1606 dimissis,
3043 1552 3096 1597 et
3122 1544 3322 1600 divitiis
3350 1556 3408 1602 et
3439 1565 3673 1620 pauper-

2082 1624 2175 1678 tati
2224 1633 2400 1693 aptam
2453 1626 2751 1683 efficiamus
2798 1632 3051 1686 auitnam.
3106 1634 3238 1689 Nam
3282 1640 3493 1695 etiamsi
3543 1644 3674 1699 nihil

2083 1717 2297 1772 humani
2331 1719 2571 1786 accidat,
2603 1721 2741 1789 quod
2770 1722 2984 1792 quidem
3018 1736 3074 1780 ttt
3106 1726 3388 1795 plurimum
3418 1731 3536 1788 fieri
3572 1752 3672 1791 non

2081 1818 2293 1877 potest,
2331 1811 2408 1864 sic
2451 1825 2661 1880 quoque
2701 1813 2803 1867 erit
2845 1815 3035 1870 melior
3062 1818 3151 1887 qui
3182 1835 3287 1875 non
3313 1825 3509 1887 quaerit
3537 1827 3675 1881 divi-

2081 1901 2181 1954 tias
2199 1941 2214 1967 ,
2237 1901 2337 1956 sed
2362 1903 2539 1956 omnia
2570 1901 2723 1957 facile
2751 1914 2927 1974 potest
2950 1906 3091 1963 ferre
3109 1948 3124 1972 ,
3154 1926 3311 1979 quam
3344 1913 3391 1968 is
3418 1917 3510 1984 qui
3536 1932 3678 1972 scm-

2080 2005 2175 2059 per
2202 2002 2285 2045 est
2314 1991 2483 2046 dives.
2530 1993 2749 2060 Quare?
2797 1995 3033 2051 Primum
3064 2001 3300 2070 quidem,
3331 2008 3423 2075 qui
3454 2018 3544 2064 est
3575 2011 3676 2066 hu-

2072 2083 2305 2152 jusmodi
2326 2126 2340 2149 ,
2363 2100 2427 2139 ex
2459 2100 2518 2140 se
2543 2095 2598 2140 et
2623 2088 2763 2158 apud
2792 2104 2850 2143 se
2878 2091 3037 2146 habet
3060 2094 3200 2163 quod
3227 2097 3300 2150 sit
3326 2099 3380 2153 in
3414 2108 3556 2170 tuto,
3589 2106 3676 2162 ille

2076 2183 2252 2267 autem
2293 2177 2649 2233 extrinsecus.
2694 2180 2762 2235 Et
2796 2181 2937 2237 sicut
2960 2184 3119 2240 miles
3141 2187 3233 2243 ille
3258 2192 3452 2247 melior
3472 2203 3565 2250 est
3587 2201 3675 2267 qui

2073 2265 2298 2321 confidit
2327 2269 2541 2338 corpori
2568 2280 2624 2324 et
2651 2271 2755 2325 arti
2782 2272 3003 2340 bellicaz,
3028 2293 3186 2345 quam
3211 2286 3302 2349 qut
3327 2284 3506 2339 solum
3530 2265 3675 2346 vires

2073 2356 2234 2412 habet
2262 2358 2315 2412 in
2338 2360 2540 2414 armis:
2570 2361 2643 2415 ita
2667 2364 2759 2431 qui
2800 2378 2831 2416 a
2872 2365 3067 2421 virtute
3104 2377 3288 2437 septus
3334 2381 3420 2427 est
3459 2384 3520 2431 ct
3557 2393 3677 2433 mu-

2073 2449 2237 2514 nitus,
2271 2449 2463 2503 melior
2489 2461 2573 2505 est
2601 2466 2667 2507 eo
2705 2454 2793 2523 qui
2832 2455 3057 2511 conlidit
3079 2461 3338 2528 pecuniis.
3370 2463 3634 2525 Secundo
3655 2514 3670 2538 ,

2072 2541 2214 2612 quod
2255 2541 2463 2596 etiamsi
2504 2543 2557 2596 in
2599 2555 2967 2614 paupertatem
2993 2563 3097 2603 non
3127 2550 3393 2619 inciderit,
3417 2556 3540 2613 ﬁeri
3564 2576 3671 2617 non

2072 2642 2251 2701 potest
2275 2643 2333 2685 ut
2360 2633 2476 2702 ipse
2502 2650 2606 2687 non
2634 2637 2705 2689 sit
2725 2637 2987 2693 obnoxius
3011 2643 3398 2710 perturbationi
3426 2667 3440 2703 :
3467 2654 3671 2707 multos

2071 2727 2212 2779 enim
2261 2725 2453 2779 [luctus
2494 2735 2548 2779 et
2587 2727 3013 2796 perturbationes
3059 2732 3258 2789 habent
3298 2736 3528 2796 divitias.
3561 2744 3668 2800 Sed

2071 2830 2179 2869 non
2205 2817 2374 2870 virtus
2404 2835 2419 2871 :
2449 2816 2563 2872 lucc
2591 2818 2915 2889 voluptatem
2947 2822 3107 2879 modo
3134 2826 3297 2882 habet
3320 2840 3375 2884 et
3402 2836 3671 2891 securita«

2069 2913 2179 2960 tem
2209 2923 2222 2958 :
2253 2907 2715 2977 inexpugnabilem
2738 2911 2878 2964 enim
2904 2912 3081 2968 reddit
3100 2915 3475 2978 insidiantibus
3496 2942 3512 2976 :
3537 2942 3669 2981 con-

2071 3006 2149 3051 tra
2175 3008 2351 3052 autem
2374 2999 2591 3064 divitias,
2619 3011 2671 3053 et
2696 2999 3039 3058 facileinvadi
3063 3018 3355 3074 possuntet
3371 3012 3572 3085 abripi.
3607 3019 3669 3073 Et

2067 3090 2207 3144 sicut
2232 3091 2369 3145 inter
2396 3091 2644 3145 animalia
2670 3094 2813 3148 cervi
2837 3103 2892 3149 et
2920 3095 3130 3166 lepores
3158 3101 3388 3158 maxime
3416 3111 3665 3164 omnium

2069 3182 2225 3237 facile
2253 3182 2370 3251 capi
2402 3192 2633 3250 possunt
2654 3195 2871 3254 propter
2892 3187 3228 3246 timiditatem
3254 3209 3284 3246 a
3311 3206 3503 3252 natura
3535 3202 3669 3257 insi-

2070 3283 2175 3325 tam
2201 3290 2215 3337 ;
2264 3288 2393 3341 aper
2420 3285 2596 3329 autem
2626 3286 2682 3330 et
2713 3286 2894 3333 taurus
2919 3289 2977 3335 et
3005 3281 3089 3336 leo
3120 3298 3222 3337 non
3252 3283 3411 3342 facile
3458 3292 3669 3347 incide-

2065 3365 2172 3418 rint
2202 3365 2253 3418 in
2283 3365 2627 3421 insidiatores
2651 3387 2664 3422 :
2691 3370 2757 3422 ita
2786 3370 2950 3425 etiam
2979 3372 3161 3429 videre
3188 3386 3270 3430 est
3299 3380 3348 3433 in
3376 3380 3665 3448 divitibus,

2066 3465 2120 3508 ct
2144 3456 2193 3507 in
2221 3456 2285 3510 iis
2308 3458 2395 3525 qui
2419 3471 2511 3511 sua
2535 3468 2725 3527 Sponte
2745 3459 2944 3530 degunt
2970 3462 3023 3517 in
3048 3477 3377 3535 paupertate.
3405 3470 3549 3528 Nam
3578 3475 3665 3532 hic

2065 3544 2280 3614 quidem
2308 3546 2499 3602 similis
2526 3559 2609 3603 est
2637 3550 2777 3604 leoni
2808 3560 2863 3605 et
2891 3562 3064 3620 tauro,
3091 3556 3180 3611 ille
3205 3568 3383 3615 autem
3412 3576 3585 3619 cervo
3609 3579 3666 3622 et

2062 3638 2255 3706 lepori.
2284 3638 2454 3706 Quem
2481 3641 2623 3694 enim
2653 3658 2760 3696 non
2789 3644 2939 3698 timet
2966 3644 3156 3702 dives?
3184 3664 3360 3706 annon
3388 3653 3663 3725 latrones,

2063 3744 2239 3783 annon
2279 3730 2544 3799 principes
2568 3772 2583 3798 ,
2629 3747 2808 3787 annon
2837 3734 3083 3805 invidos,
3134 3755 3311 3797 annon
3354 3746 3666 3805 Calumnia-

2066 3821 2247 3874 tores?
2304 3821 2371 3875 Et
2437 3821 2562 3890 quid
2618 3821 2739 3877 dico
2790 3824 3027 3882 latrones
3080 3839 3137 3885 et
3199 3834 3661 3909 calumniatores,

2061 3926 2183 3966 cum
2250 3911 2393 3979 ipsos
2449 3912 2610 3975 etiam
2666 3914 2891 3972 famulos
2942 3918 3137 3975 habeat
3193 3932 3521 3993 suspectos?
3592 3932 3665 3988 Et

2061 4002 2185 4072 quid
2212 4002 2333 4057 dico
2358 4003 2510 4059 vivus
2529 4006 2553 4055 ?
2579 4021 2645 4060 ne
2671 4020 2911 4063 mortuus
2948 4010 3164 4080 quidem
3207 4014 3344 4070 liber
3366 4028 3453 4073 est
3476 4035 3511 4074 a
3540 4039 3662 4078 ma-

2063 4095 2234 4149 leficio
2260 4095 2547 4162 latronum,
2575 4114 2748 4171 neque
2774 4114 2923 4155 mors
2947 4117 3069 4156 eum
3096 4114 3270 4173 potest
3300 4106 3353 4160 in
3380 4116 3500 4165 tuto
3530 4114 3659 4168 col-

2060 4186 2276 4250 locare;
2308 4185 2402 4241 scd
2432 4197 2487 4243 et
2517 4199 2787 4243 mortuum
2809 4191 3183 4259 dcpnedantur
3214 4198 3446 4254 malefici
3472 4219 3486 4254 :
3511 4202 3660 4259 adeo

2046 4275 2323 4331 instabilis
2343 4286 2398 4333 et
2419 4278 2619 4333 lubrica
2652 4295 2738 4334 res
2768 4291 2892 4334 sunt
2916 4281 3134 4338 divitiae.
3151 4285 3267 4341 Non
3294 4289 3470 4344 solum
3495 4294 3657 4349 enim

2062 4368 2429 4439 pcrfodiuntur
2456 4369 2665 4436 domus,
2687 4372 2783 4427 sed
2812 4374 2973 4429 etiam
2999 4378 3244 4447 sepulcra
3276 4396 3653 4454 perrumpun-

2060 4467 2146 4513 tur
2185 4469 2242 4515 et
2283 4460 2461 4516 loculi.
2495 4460 2633 4528 Quid
2663 4478 2791 4534 ergo
2820 4464 2902 4520 his
2929 4466 3044 4522 fieri
3076 4472 3309 4537 potuerit
3350 4476 3651 4543 miserius,

2057 4567 2177 4603 cum
2206 4566 2273 4605 ne
2302 4567 2449 4607 mors
2472 4552 2688 4621 quidem
2730 4555 2780 4610 ei
2824 4554 2964 4611 hanc
2990 4560 3224 4627 praebeat
3250 4564 3606 4623 securitatem
3632 4586 3649 4633 ;

2058 4644 2152 4700 sed
2191 4643 2373 4699 infelix
2426 4645 2556 4699 illud
2581 4660 2781 4716 corpus
2805 4688 2819 4714 ,
2854 4664 2922 4703 ne
2951 4651 3057 4703 vita
3082 4652 3297 4721 quidem
3339 4657 3650 4727 privatum,

2056 4751 2086 4791 a
2133 4735 2286 4790 tttalis
2310 4750 2429 4804 qua:
2471 4745 2598 4790 sunt
2636 4737 2689 4790 in
2716 4737 2821 4792 vita
2865 4740 2933 4793 sit
2971 4740 3291 4809 liberatum;
3330 4760 3452 4800 cum
3481 4748 3518 4801 ii
3553 4754 3653 4819 qui

2058 4843 2121 4882 ea
2164 4826 2452 4882 admittunt
2497 4828 2790 4896 maleficia,
2834 4834 2992 4887 etiam
3045 4849 3167 4888 cum
3213 4837 3431 4906 pulvere
3472 4850 3533 4896 et
3574 4846 3655 4898 ci-

2059 4934 2188 4975 nere
2230 4920 2561 4976 contendant
2611 4922 2809 4979 bellum
2854 4940 3071 4995 gerere,
3106 4938 3160 4983 et
3206 4930 3374 4985 multo
3419 4937 3653 5001 gravius

2056 5025 2358 5079 quamcum
2384 5013 2627 5068 viveret?
2653 5012 2782 5068 Nam
2812 5024 2936 5071 tunc
2960 5017 3171 5087 quidem
3215 5024 3529 5090 penuarium
3556 5028 3652 5081 itt-

2055 5104 2378 5173 gredientes,
2407 5106 2616 5161 arculas
2646 5108 2858 5176 quidem
2886 5110 3194 5178 movebant,
3226 5128 3256 5167 a
3286 5130 3517 5185 corpore
3549 5135 3657 5175 au»

2058 5204 2164 5249 tem
2215 5195 2592 5261 abstinebant,
2624 5212 2795 5266 neque
2839 5208 2946 5254 tam
2992 5201 3159 5257 multa
3203 5204 3541 5274 accipiebant
3590 5222 3655 5266 ut

2056 5284 2231 5355 ipsum
2260 5287 2420 5342 etiam
2447 5304 2642 5358 corpus
2672 5291 2933 5347 nudarent
2965 5312 2979 5348 :
3012 5310 3155 5350 nunc
3180 5306 3356 5352 autem
3380 5315 3455 5356 ne
3480 5303 3552 5357 ah
3584 5305 3654 5361 iis

2056 5377 2270 5449 quidem
2318 5379 2588 5435 abstinent
2633 5383 2974 5439 exsecranda:
3000 5384 3190 5441 manus
3216 5404 3401 5444 eorum
3434 5393 3527 5462 qui
3556 5409 3653 5451 se-

2056 5471 2236 5541 pulcra
2283 5470 2542 5527 etfodiunt
2566 5512 2583 5538 ,
2613 5473 2709 5528 sed
2742 5475 2912 5544 ipsum
2960 5488 3177 5533 moveut
3204 5490 3257 5534 ct
3299 5494 3516 5539 versant
3538 5526 3556 5550 ,
3592 5498 3653 5543 et

2056 5583 2176 5621 cum
2203 5580 2407 5621 summa
2440 5566 2753 5623 crudelitate
2797 5569 2967 5639 ipsum
3011 5574 3331 5629 contumelia
3358 5587 3410 5630 et
3437 5579 3649 5647 probro

2056 5656 2312 5711 afficiunt.
2341 5657 2472 5712 Nam
2506 5672 2784 5729 postquam
2818 5670 2974 5717 terrae
3000 5664 3301 5720 mandatum
3331 5666 3468 5733 fuit,
3501 5669 3649 5726 iliud

2060 5747 2217 5803 etiam
2246 5748 2470 5805 vestium
2509 5751 2705 5809 amictu
2742 5754 2994 5812 nudatum
3020 5758 3095 5811 sic
3126 5758 3298 5813 sinunt
3328 5758 3641 5829 projectum
