3802 6214
146 292 237 350 505

142 405 266 462 κατὰ
295 400 487 472 κράτος
525 400 743 466 ἐλάσας,
777 402 877 456 οὐκ
902 402 1250 473 ἐμπομπεύει
1275 407 1342 475 τῇ
1384 405 1529 477 νίκῃ,
1563 406 1684 460 οὐδὲ

140 490 370 560 τρόπαιον
398 484 601 555 ἵστησι·
634 484 805 538 σῶσαι
827 486 936 557 γὰρ
962 486 1213 540 ἐϐούλετο
1239 488 1421 557 μόνον,
1443 490 1543 542 οὐκ
1564 490 1684 541 ἐπι-

134 568 403 635 δείξασθαι.
439 568 634 631 Ξένους
676 569 890 638 ἐδέχετο
929 570 1092 623 πάλιν
1116 612 1131 633 ,
1162 571 1255 624 καὶ
1296 572 1418 623 οὐδὲ
1450 571 1683 625 ἐνταῦθα

133 650 427 714 ἐκενοδόξει,
447 650 561 703 ἀλλ’
584 651 744 714 αὐτὸς
762 652 857 704 καὶ
873 653 1205 724 προσέτρεχε
1223 656 1317 707 καὶ
1333 653 1678 724 προσεκύνει,

128 739 215 806 οὐχ
242 735 313 796 ὼς
333 727 390 786 εῦ
441 734 628 796 ποιῶν,
663 734 779 787 ἀλλ’
815 734 891 798 ὡς
919 731 979 789 εὖ
1014 737 1401 806 πάσχωνγκαὶ
1454 737 1680 807 κυρίους

128 820 286 880 καλεῖ,
316 816 436 869 οὐδὲ
466 815 622 879 εἰδὼς
646 816 791 880 τίνες
818 819 948 870 ποτέ
979 820 1117 871 εἰσιν
1143 822 1191 872 οί
1218 820 1675 889 παραγενόμενοι,

125 902 207 953 καὶ
254 898 547 970 παρίστησι
578 899 678 969 τὴν
724 903 957 967 γυναῖκα
991 903 1048 953 ἐν
1085 902 1238 965 τάξει
1278 902 1674 972 θεραπαινίδος.

121 986 221 1039 Kal
268 984 325 1035 ἐν
370 982 631 1053 Αἰγύπτῳ
682 984 739 1036 δὲ
790 986 897 1053 πρὸ
944 984 1137 1037 τούτου
1186 986 1494 1057 θαυμαστὸς
1535 986 1677 1040 οὔτω

119 1066 328 1136 φανεὶς,
366 1066 462 1118 καὶ
491 1065 663 1135 αὐτὴν
710 1065 918 1136 ταύτην
949 1067 1048 1137 τὴν
1086 1071 1320 1135 γυναῖκα
1360 1069 1672 1136 ἀπολαϐὼν,

114 1152 201 1205 καὶ⁸
238 1148 507 1219 τοσαύτης
542 1149 854 1213 ἀπολαύσας
907 1154 1107 1220 τιμῆς,
1147 1152 1285 1221 πρὸς
1316 1152 1508 1206 οὐδένα
1555 1154 1675 1204 ἐπι-

112 1234 390 1287 δείκνυται·
442 1232 557 1285 ἀλλ’
598 1234 648 1284 οί
684 1232 783 1301 μὲν
822 1233 1075 1303 ἐγχώριοι
1112 1234 1206 1286 καὶ
1246 1233 1469 1303 βασιλέα
1510 1234 1673 1289 αὐτὸν

108 1315 358 1378 ἐκάλουν,
394 1315 554 1376 αὐτὸς
597 1315 654 1368 δὲ
684 1316 779 1368 καὶ
822 1317 989 1387 τιμήν
1025 1315 1294 1368 κατέϐαλε
1334 1317 1428 1369 τοῦ
1472 1319 1669 1386 τάφου.

107 1400 210 1451 Kal
240 1397 403 1466 ἡνίκα
431 1398 487 1451 δὲ
521 1398 737 1468 ἔπεμπε
772 1400 1243 1471 μνηστευσόμενος
1272 1399 1350 1469 τῷ
1384 1401 1556 1464 παιδί,
1582 1402 1672 1454 οὐ-

102 1482 185 1533 δὲν
209 1480 463 1533 ἐκέλευσε
501 1480 645 1551 μέγα
678 1481 811 1550 περὶ
837 1482 1004 1535 αὐτοῦ
1044 1484 1137 1535 καὶ
1175 1482 1429 1553 λαμπρὸν
1472 1484 1666 1548 εἰπεῖν,

100 1565 210 1618 ἀλλ’
239 1565 426 1627 ἁπλῶς
454 1566 684 1633 ἀγαγεῖν
705 1566 804 1637 τὴν
826 1566 1064 1636 νύμφην.
1095 1566 1283 1619 Βούλει
1313 1567 1408 1619 καὶ
1430 1570 1555 1631 τοὺς
1577 1567 1671 1619 ἐπὶ

97 1650 191 1717 τῆς
221 1647 443 1718 χάριτος
474 1648 745 1712 ἐξετάσαι,
782 1650 872 1702 ὅτε
902 1649 1072 1719 πολλὴ
1108 1649 1444 1718 πανταχόθεν
1470 1650 1669 1713 αὐτοὺς

95 1730 237 1801 ί529]
274 1731 558 1801 περιέρρει
605 1732 704 1801 τῆς
740 1731 1089 1793 διδασκαλίας
1133 1735 1166 1801 ή
1210 1732 1359 1800 δόξα,
1399 1733 1494 1785 καὶ
1539 1734 1667 1788 ἰδεῖν

90 1814 179 1866 καὶ
206 1814 328 1867 τότε
360 1814 515 1867 τοῦτο
545 1816 607 1867 τὸ
638 1814 808 1877 πάθος
839 1815 1278 1885 ἐκϐεϐλημένον;

165 1971 453 2042 Ἐννόησόν
505 1988 594 2041 μοι
637 1970 825 2025 τοῦτον
871 1971 1033 2025 αὐτὸν
1071 1972 1161 2028 τὸν
1210 1972 1383 2027 ταῦτα
1418 1974 1661 2044 λέγοντα,

87 2056 195 2117 πῶς
236 2056 326 2108 ἀεὶ
366 2055 427 2108 τὸ
469 2056 577 2108 πᾶν
626 2055 914 2126 ἀνατίθησι
955 2054 1033 2125 τῷ
1074 2054 1213 2125 Θεῷ,
1262 2058 1381 2121 πῶς
1418 2058 1527 2112 τῶν
1563 2060 1664 2129 μὲν

85 2138 494 2209 ἁμαρτημάτων
525 2138 689 2193 αὐτοῦ
724 2140 998 2209 μέμνηται
1023 2139 1283 2210 συνεχῶς,
1314 2141 1423 2195 τῶν
1451 2142 1508 2194 δὲ
1531 2160 1664 2196 κατ-

85 2222 417 2293 )ρθωμάτων
453 2223 655 2276 οὐκέτι.
698 2222 844 2293 Πλὴν
882 2222 937 2275 εί
975 2240 1103 2276 ποτε
1136 2224 1383 2294 μαθητὰς
1428 2227 1662 2297 ἐπανορ-

85 2307 244 2359 ὶῶσαι
280 2306 415 2371 δέοι,
448 2306 552 2359 κᾶν
588 2305 907 2377 ἀναγκασθῇ
953 2307 1175 2377 ποιῆσαι
1204 2308 1381 2371 τοῦτο,
1418 2311 1661 2380 ἀφροσύ-

83 2407 165 2459 ιην
186 2389 249 2442 τὸ
272 2391 511 2459 πρᾶγμα
546 2389 718 2456 καλεῖ,
752 2389 847 2443 καὶ
888 2390 995 2443 τῶν
1031 2392 1317 2460 πρωτείων
1355 2392 1435 2462 τῷ
1466 2396 1661 2466 Πέτρῳ

83 2474 419 2542 παραχωρεῖ,
460 2472 555 2525 καὶ
591 2472 691 2524 οὐκ
734 2473 1049 2542 αἰσχύνεται
1098 2472 1467 2545 ἐργαζόμενος
1507 2479 1658 2548 παρά

84 2555 375 2628 Ιρισκίλλῃ
403 2557 497 2609 καὶ
532 2555 754 2627 ’Δκύλᾳ,
785 2558 880 2608 καὶ
922 2558 1198 2626 πανταχοῦ
1230 2560 1486 2612 ταπεινὸν
1531 2562 1659 2615 ἐαυ-

83 2640 152 2691 ῖὺν
172 2638 485 2692 ἐσπούδακε
512 2639 788 2693 δεικνύναι
811 2679 825 2701 ,
866 2642 925 2693 οὐ
962 2642 1135 2695 σοϐῶν
1164 2643 1256 2696 ἐπὶ
1292 2643 1394 2713 τῆς
1425 2646 1652 2716 ἀγορᾶς,

82 2723 180 2775 ιὺδὲ
203 2723 407 2793 ὄχλους
435 2723 767 2793 περιφέρων,
797 2723 913 2776 ἀλλ’
960 2724 1020 2777 ἐν
1056 2727 1169 2788 τοῖς
1218 2727 1456 2797 ἀσήμοις
1485 2748 1656 2784 κατα-

82 2808 273 2860 ¹άττων
301 2809 516 2860 ἐαυτόν.
548 2807 639 2860 Διὸ
662 2808 755 2861 καὶ
786 2806 989 2875 ἔλεγεν,
1029 2808 1090 2862 Ἡ
1120 2808 1188 2860 δὲ
1215 2813 1521 2876 παρουσία
1548 2814 1654 2869 τοῦ

81 2891 347 2959 ’ὠματος
382 2891 670 2956 ἀσθενὴς,
705 2890 1008 2955 τουτέστιν,
1045 2891 1525 2965 εὐκαταφρόνητος
1560 2898 1654 2951 καὶ

82 2974 208 3027 ὐδέν
232 2973 440 3043 ἔχουσα
470 2972 677 3043 κομψόν
700 2988 715 3003 ο
748 2974 840 3025 καὶ
872 2973 1056 3039 πάλιν,
1084 2974 1354 3043 Εὔχομαι
1383 2976 1539 3044 ὑμᾶς
1562 2979 1651 3048 μὴ

79 3055 319 3124 τοιῆσαι
357 3056 545 3110 κακὸν
570 3055 786 3125 μηδὲν,
826 3055 1030 3125 ἵναμὴ
1065 3057 1233 3125 ἡμεῖς
1265 3058 1496 3128 δόκιμοι
1535 3081 1651 3133 φα-

80 3140 273 3210 λῶμεν.
311 3142 425 3193 Kal
449 3140 501 3192 τί
534 3140 864 3210 θαυμαστὸν,
898 3142 947 3193 εἰ
970 3140 1129 3210 δόξης
1162 3148 1493 3215 καταφρονεῖ
1522 3147 1651 3199 ταύ-

80 3244 145 3296 ης
168 3244 189 3293 ἓν
248 3225 315 3278 Ὅ
350 3225 459 3295 γὰρ
484 3225 585 3294 τῆς
623 3226 735 3279 ἀνω
770 3224 929 3295 δόξης
969 3228 1326 3297 καταφρονῶν
1368 3231 1461 3282 καὶ
1498 3230 1652 3300 βασι-

79 3311 192 3372 είας
218 3310 327 3361 καὶ
357 3309 582 3377 γεέννης
612 3308 700 3361 διὰ
730 3307 789 3360 τὸ
818 3308 895 3379 τῷ
922 3308 1143 3379 Χριστῷ
1172 3310 1364 3363 δοκοῦν
1395 3312 1510 3380 (καὶ
1540 3314 1649 3387 γὰρ

80 3393 310 3463 νάθεμα
334 3392 554 3462 εὔχεται
584 3388 725 3444 εἶναι
746 3390 853 3445 ἀπὸ
878 3391 972 3443 τοῦ
1004 3392 1241 3462 Χριστοῦ
1264 3395 1403 3466 ὑπὲρ
1430 3397 1528 3466 τῆς
1551 3399 1647 3453 τοῦ

88 3476 297 3545 ριστοῦ
326 3476 490 3546 δόξης
516 3492 531 3505 ·
567 3474 666 3529 κᾶν
700 3475 809 3545 γάρ
836 3475 978 3545 ὑπὲρ
1020 3476 1292 3531 Ἰουδαίων
1326 3478 1485 3533 τοῦτο
1516 3481 1646 3554 λέγῃ

79 3560 353 3612 δύλεσθαι
390 3560 639 3628 πάσχειν,
667 3558 756 3611 διά
784 3557 941 3611 τοῦτο
974 3558 1143 3625 λέγει,
1186 3560 1272 3613 ἵνα
1303 3562 1377 3632 μὴ
1405 3563 1531 3637 δόξῃ
1562 3583 1647 3628 τις

79 3643 143 3695 ὗν
197 3643 463 3713 ἀνοήτων
508 3640 973 3711 ἐπιλαμϐάνεσθαι
1008 3642 1116 3695 τῶν
1153 3644 1496 3712 ἐπαγγελιῶν
1537 3648 1647 3702 τῶν

79 3728 175 3797 ρὸς
214 3728 433 3788 αὐτοὺς
461 3724 865 3795 γεγενημένων)
891 3741 906 3755 ο
947 3726 996 3777 εί
1030 3726 1212 3781 τοίνυν
1249 3728 1433 3782 ἐκεῖνα
1463 3748 1646 3801 παρα-

79 3812 279 3880 δαμεῖν
334 3808 576 3878 ἕτοιμος,
626 3810 678 3860 τί
728 3806 1051 3878 θαυμάζεις,
1107 3811 1156 3862 εἰ
1205 3810 1275 3864 τά
1339 3812 1646 3884 ἀνθρώπων

79 3896 298 3966 εερορᾷ
329 3913 348 3962 ;
389 3893 551 3946 Ἀλλὰ
568 3893 693 3956 τοὺς
724 3891 819 3945 νῦν
847 3893 1062 3946 ἅπαντα
1094 3893 1367 3963 βαπτίζει,
1394 3898 1455 3950 οὐ
1486 3899 1647 3971 δόξης

79 3978 192 4030 τιθυ
202 3979 325 4047 μία
354 3977 536 4048 μόνον,
564 3976 702 4030 ἀλλὰ
730 3977 823 4030 καὶ
858 3976 1169 4030 τούναντίον
1199 3977 1360 4050 ὕϐρις
1410 3984 1506 4037 καὶ
1536 3985 1647 4039 ἀτι.

82 4080 156 4125 ας
189 4062 359 4124 δέος.
389 4062 488 4114 Ἂν
508 4078 566 4113 τε
593 4060 701 4130 γάρ
733 4059 994 4132 ἐπαινέσῃ
1016 4077 1120 4123 τις,
1150 4061 1451 4133 ἐφυσήθης,
1480 4067 1546 4121 ἄν
1584 4085 1643 4121 τε

88 4146 189 4217 ξῃ,
222 4144 588 4215 κατηνέχθης
624 4144 711 4197 ἄν.
760 4144 869 4195 Kal
906 4143 1159 4213 καθάπερ
1196 4145 1264 4197 τά
1305 4146 1509 4219 ἀσθενῆ
1536 4149 1643 4202 σώ-

79 4250 175 4284 ιτα
207 4231 329 4283 καὶ
375 4230 481 4283 ἀπὸ
518 4228 626 4281 τῶν
654 4228 926 4298 τυχόντων
952 4226 1340 4297 ἐπηρεάζεται,
1374 4230 1517 4285 οῦτω
1548 4236 1643 4288 καὶ

97 4312 474 4384 χαμαίζηλοι
498 4312 690 4382 ψυχαί.
735 4312 872 4373 Τοὺς
918 4310 1025 4381 γὰρ
1070 4311 1342 4377 τοιούτους
1382 4315 1442 4367 οὐ
1484 4318 1644 4373 πενία

80 4416 215 4461 νον,
256 4395 413 4450 ἀλλά
434 4396 528 4448 καὶ
563 4393 793 4457 πλοῦτος
824 4394 1141 4459 ἀπόλλυσιν,
1173 4396 1233 4447 οὐ
1265 4395 1408 4467 λύπη
1457 4399 1638 4467 μόνον,

79 4484 153 4536 λὰ
192 4481 315 4534 καὶ
347 4480 512 4551 χαρά,
547 4479 638 4532 καὶ
684 4478 752 4531 τά
790 4478 1003 4549 χρηστὰ
1038 4478 1237 4549 μᾶλλον
1294 4480 1325 4550 ἢ
1361 4482 1428 4534 τά
1467 4483 1641 4556 λυπη-

80 4607 94 4620 .
158 4566 237 4618 Ἦ
291 4564 402 4635 μὲν
440 4563 549 4634 γάρ
588 4561 747 4646 πενία
788 4562 883 4646 καὶ
919 4566 1219 4632 σωφρονεῖν
1255 4563 1577 4633 ἀναγκάζει,
1611 4570 1640 4621 6

87 4649 373 4710 πλοῦτος
402 4647 497 4701 καὶ
534 4645 628 4708 εἰς
660 4645 829 4699 κακόν
858 4662 911 4698 τι
953 4646 1097 4716 μέγα
1126 4646 1309 4716 ἐξάγει
1355 4650 1637 4717 πολλάκις.

79 4734 111 4784 .l
148 4732 382 4801 ὥσπερ
423 4733 471 4783 οἱ
507 4730 864 4800 πυρέττοντες
900 4729 1035 4799 πρὸς
1065 4730 1244 4785 πάντα
1275 4732 1381 4785 εἰσί⁵
1404 4734 1637 4805 δυσάρε-

79 4835 147 4882 ιι,
180 4815 363 4868 οὕτω
388 4815 482 4882 καὶ
519 4814 571 4866 οἰ
609 4812 995 4885 διεφθαρμένοι
1033 4814 1132 4883 τὴν
1162 4814 1339 4887 ψυχήν
1372 4818 1637 4873 πάντοθεν

79 4902 405 4971 ήττονοται.

79 5066 155 5125 ς’,
210 5056 410 5110 Ταῦτ’
448 5052 543 5109 οὖν
580 5056 810 5121 εἰδότες,
852 5056 927 5127 μὴ
973 5057 1165 5112 πενίαν
1204 5059 1527 5131 φεύγωμεν,
1561 5062 1636 5135 μὴ

79 5144 133 5196 δῦ
145 5160 261 5195 τον
287 5140 693 5210 Θαυμάζωμεν,
713 5141 846 5215 ἀλλά
862 5141 958 5211 τήν
977 5142 1154 5213 ψυχὴν
1172 5145 1307 5214 πρὸς
1318 5146 1495 5199 πάντα
1514 5147 1635 5199 ίχα-

79 5247 85 5267 ο
134 5224 715 5293 κατασκευάζωμεν.
744 5225 854 5277 Kal
874 5226 983 5294 γάρ
1016 5227 1193 5278 οἰκίαν
1214 5245 1295 5290 τις
1323 5228 1635 5299 οἰκοδομού-

79 5326 203 5374 ιος,
237 5307 323 5359 οὐ
363 5306 519 5359 τοῦτο
561 5311 775 5371 σκοπεῖ,
803 5309 952 5371 ὅπως
988 5310 1124 5379 μήτε
1152 5311 1305 5373 ὑετὸς
1342 5313 1429 5363 ἐπ’
1461 5313 1633 5383 αὐτὴν

79 5390 431 5463 τενεχθείη,
458 5393 595 5462 μήτε
617 5394 774 5457 ἀκτὶς
799 5393 943 5447 ἔλθοι
960 5409 973 5420 ⁸
1001 5394 1155 5447 τοῦτο
1180 5394 1287 5466 γὰρ
1316 5398 1594 5467 ἀμήχανον
1616 5416 1627 5427 ·

80 5479 104 5529 λ’
149 5480 357 5536 ὅπως
393 5476 527 5546 αὐτὴ
576 5478 733 5547 ἱκανὴ
767 5478 976 5546 γένοιτο
1019 5480 1191 5532 πάντα
1224 5480 1428 5550 φέρειν.
1466 5483 1574 5534 Καὶ
1604 5485 1632 5534 6

79 5566 197 5616 .i’ov
238 5559 319 5613 δὲ
357 5561 784 5629 τεκταινόμενος,
822 5561 919 5631 οὐχ
953 5561 1099 5624 ὅπως
1131 5563 1204 5631 μή
1239 5564 1457 5633 κύματα
1481 5565 1631 5634 αὐτῷ

79 5643 327 5717 ›ςρὴξε
343 5659 411 5704 ιε,
442 5644 574 5714 μηδέ
609 5643 814 5713 χειμὼν
846 5645 1040 5714 ἀρθείη
1069 5645 1367 5715 θαλάσσης,
1406 5652 1550 5700 ποιεί
1576 5667 1627 5701 τι

173 5728 528 5799 μηχανᾶται
612 5730 704 5782 καὶ
764 5729 869 5800 γάρ
936 5733 1027 5785 καὶ
1079 5731 1235 5784 τοῦτο
1308 5733 1623 5802 ἀμήχανον·

1181 284 1248 342 IN
1280 284 1501 342 EPIST.
1538 285 1557 339 1
1587 283 1679 339 ΑΙ)
1719 283 1876 341 COR.
1924 281 2163 343 1103111..
2200 286 2422 344 XXXV.

3265 299 3373 353 ἶ»οι

1792 399 1907 453 ἀλλ’
1936 400 2086 462 ὅπως
2113 401 2163 454 οἰ
2194 403 2362 471 τοῖχοι
2389 405 2489 474 τῆς
2527 403 2663 468 νεὼς
2691 404 2827 475 πρὸς
2858 406 3075 462 ἅπαντα
3105 402 3217 465 εῐεν
3252 412 3372 466 ἐπι-

1790 482 2011 553 τήδειοι.
2044 483 2156 536 Kal
2189 483 2218 534 6
2265 483 2517 551 σώματος
2556 489 2857 557 φροντίζων
2896 490 3060 544 πάλιν
3106 493 3166 545 οὐ
3208 494 3365 548 τοῦτο

1792 566 2004 630 σκοπεῖ,
2023 566 2170 629 ὅπως
2202 567 2276 637 μὴ
2301 568 2587 638 ἀνωμαλία
2613 571 2793 641 ἀέρων
2815 574 3049 640 γένοιτο,
3081 575 3193 627 ἀλλ’
3218 576 3359 641 ὅπως

1787 647 1849 699 τὸ
1876 648 2035 717 σῶμα
2073 648 2311 712 εὐκόλως
2343 650 2559 705 ἅπαντα
2590 653 2760 706 ταῦτα
2794 654 2968 725 φέροι.
3001 655 3157 710 Οὕτω
3185 658 3359 712 τοίνυν

1789 730 1884 783 καὶ
1905 730 1998 783 ἐπὶ
2031 732 2130 799 τῆς
2168 732 2349 801 ψυχῆς
2385 734 2651 805 ποιῶμεν,
2681 737 2775 789 καὶ
2812 738 2888 808 μὴ
2927 739 3074 801 ὅπως
3103 739 3359 809 φύγωμεν

1785 813 1997 878 πενίαν,
2029 813 2163 883 μηδέ
2189 815 2339 877 ὅπως
2366 817 2654 885 γενώμεθα
2675 818 2919 873 πλούσιοι
2946 822 3360 892 σπουδάζωμεν,

1783 896 1899 948 ἀλλ’
1920 897 2068 961 ὅπως
2084 898 2223 968 πρὸς
2235 898 2333 967 τὴν
2354 899 2564 953 ἐαυτῶν
2580 901 2882 969 ἀσφάλειαν
2898 903 3130 957 ἕκαστον
3155 904 3360 958 τούτοιν

1784 979 2278 1050 μεταχειρίσωμεν.
2304 979 2452 1053 [550]
2464 983 2733 1037 Διὺταῦτα
2752 986 3000 1053 ἀφέντες,
3026 988 3361 1041 κατασκευά-

1782 1059 1963 1130 ζωμεν
1996 1062 2095 1132 τὴν
2124 1063 2299 1133 ψυχὴν
2330 1064 2423 1116 καὶ
2456 1064 2672 1137 πλούτῳ
2702 1068 2797 1120 καὶ
2841 1069 3002 1140 πενίᾳ
3027 1070 3357 1140 ἐπιτηδείαν.

1781 1143 1902 1195 Κᾶν
1928 1144 2039 1213 γὰρ
2084 1145 2251 1215 μηδὲν
2289 1145 2630 1216 ἀνθρώπινον
2674 1149 2968 1220 συμϐαίνῃ,
3014 1151 3150 1221 ὅπερ
3178 1151 3253 1214 ώς
3295 1152 3362 1205 τά

1779 1226 1952 1279 πολλὰ
1982 1228 2265 1293 ἀδύνατον,
2298 1229 2393 1282 καὶ
2418 1230 2562 1283 οὕτω
2594 1230 2818 1300 βελτίων
2841 1234 2869 1285 6
2898 1232 2973 1303 μὴ
3004 1233 3232 1287 πλοῦτον
3265 1234 3362 1303 ζηε

1776 1308 1908 1375 τῶν,
1936 1310 2052 1365 ἀλλ’
2076 1310 2235 1379 εἰδὼς
2260 1313 2437 1365 πάντα
2460 1314 2647 1380 φέρειν
2670 1314 2927 1379 εὐκόλως,
2951 1316 3047 1369 τοῦ
3069 1317 3359 1381 διαπαντὸς

1750 1390 2162 1462 ,πλουτοῦντος
2198 1392 2262 1447 Τί
2295 1395 2531 1463 δήποτε;
2566 1397 2789 1467 Πρῶτον
2824 1398 2923 1467 μὲν
2956 1400 2983 1451 ὁ
3007 1398 3245 1463 τοιοῦτος
3277 1400 3357 1453 οῖ-

1777 1473 1935 1527 κοθεν
1961 1475 2075 1544 ἐχει
2102 1476 2162 1529 τὸ
2195 1477 2455 1545 ἀσφαλὲς,
2484 1481 2687 1542 ἐκεῖνος
2711 1480 2766 1533 δέ
2786 1481 3003 1547 ἔξωθεν.
3028 1484 3137 1536 Kal
3167 1483 3357 1554 ὥσπερ

1778 1556 2118 1626 στρατιώτης
2162 1558 2385 1627 βελτίων
2431 1564 2460 1615 6
2508 1561 2587 1632 τῷ
2634 1561 2849 1632 σώματι
2888 1564 3107 1635 θαρρῶν
3150 1565 3243 1618 καὶ
3285 1569 3353 1637 τῇ

1774 1639 1937 1710 τέχνῃ
1966 1638 2061 1692 τοῦ
2099 1641 2356 1711 πολεμεῖν
2383 1682 2398 1706 ,
2451 1643 2545 1695 τοῦ
2587 1644 2686 1714 τὴν
2730 1648 2883 1715 ἰσχὺν
2922 1648 2978 1699 ἐν
3022 1638 3133 1710 τοῖς
3166 1647 3354 1710 ὅπλοις

1773 1720 1991 1791 ἔχοντος
2017 1723 2178 1790 μόνον
2201 1741 2213 1752 ·
2246 1725 2389 1778 οὕτω
2420 1725 2511 1778 τοῦ
2547 1729 2793 1797 χρήμασι
2826 1728 3157 1799 θαρροῦντος
3187 1732 3214 1783 6
3244 1731 3353 1783 ἀπὸ

1770 1806 1871 1875 τῆς
1909 1806 2111 1877 ἀρετῆς
2152 1810 2542 1879 πεφραγμένος
2598 1812 2857 1880 ἀμείνων.
2896 1813 3198 1884 Δεύτερον,
3245 1816 3348 1878 ὅτι,

1772 1889 1876 1942 κᾶν
1902 1892 1983 1953 είς
2020 1893 2209 1945 πενίαν
2241 1894 2317 1963 μὴ
2348 1894 2655 1965 καταπέοῃ.
2690 1896 2749 1947 οὐ
2776 1896 2997 1949 δυνατὸν
3027 1897 3189 1950 αὐτὸν
3219 1899 3351 1952 ἀτά-

1773 1988 1936 2042 ραχον
1966 1974 2106 2027 εἶναι
2125 1992 2139 2005 ·
2171 1975 2393 2045 καὶγὰρ
2420 1976 2653 2039 πολλοὺς
2675 1976 2786 2047 ἔχει
2814 1979 3090 2042 κλύδωνας
3124 1982 3151 2032 6
3185 1980 3350 2032 πλοῦ-

1769 2069 1860 2117 τος
1900 2056 1996 2109 καὶ
2040 2058 2310 2128 ταραχάς.
2358 2058 2497 2111 Ἀλλ’
2544 2059 2642 2127 οὐχ
2684 2062 2716 2129 ή
2764 2061 2953 2131 ἀρετὴ,
3006 2061 3119 2113 ἀλλ’
3158 2062 3351 2131 ήδονὴν

1773 2138 1935 2206 μόνον
1964 2140 2057 2192 καὶ
2078 2140 2378 2208 ἀσφάλειαν
2403 2154 2418 2169 ⁸
2443 2142 2539 2195 καὶ
2581 2142 2691 2212 γὰρ
2726 2143 3021 2214 ἀχείρωτον
3049 2146 3193 2196 ποιεῖ
3236 2148 3350 2211 τοῖς

1769 2220 2241 2275 ἐπιϐουλεύουσιν·
2278 2225 2307 2276 6
2344 2222 2401 2275 δέ
2442 2222 2670 2287 πλοῦτος
2702 2225 3011 2279 τούναντίον
3043 2226 3208 2291 ἀπαν,
3254 2227 3349 2279 εὐ-

1767 2305 2112 2375 επιχείρητον
2162 2304 2259 2359 καὶ
2308 2306 2605 2376 ἁλώσιμον.
2662 2308 2773 2361 Καὶ
2824 2309 3077 2380 καθάπερ
3130 2312 3188 2363 ἐν
3234 2313 3349 2374 τοῖς

1766 2384 1927 2450 ζώοις
1954 2387 2141 2456 ἔλαφοι
2175 2389 2268 2441 καὶ
2291 2387 2495 2456 λαγωοὶ
2514 2390 2749 2460 μάλιστα
2770 2391 2988 2445 πάντων
3012 2394 3147 2445 εἰσὶν
3170 2392 3347 2463 εὐχεί-

1770 2486 1928 2540 ρωτοι
1955 2469 2043 2523 διά
2066 2469 2165 2540 τὴν
2199 2473 2256 2524 ἐν
2282 2474 2347 2541 τῇ
2377 2473 2536 2540 φύσει
2567 2472 2794 2540 δειλίαν,
2828 2467 2889 2537 ὗς
2924 2475 2981 2527 δὲ
3020 2475 3210 2546 ἄγριος
3250 2476 3347 2529 καὶ

1761 2550 1966 2622 ταῦρος
2005 2554 2097 2605 καί
2120 2552 2257 2606 λέων
2286 2553 2395 2606 οὐδ’
2427 2553 2494 2607 ἂν
2528 2556 2826 2624 ἐμπέσοιεν
2861 2558 3059 2628 ῥαδίως
3089 2561 3205 2621 τοῖς
3226 2560 3346 2611 ἐπι-

1764 2633 2112 2689 ϐουλεύουσιν
2143 2653 2158 2669 ·
2189 2636 2333 2690 οὕτω
2363 2637 2428 2707 δὴ
2456 2638 2549 2691 καὶ
2576 2639 2671 2692 ἐπὶ
2702 2640 2811 2693 τῶν
2837 2639 3232 2708 πλουτούντων,
3251 2640 3346 2695 καὶ

1761 2718 1821 2772 ἐν
1851 2717 2012 2789 ’πενία⁵
2046 2717 2262 2782 ζώντων
2290 2720 2521 2773 ἐκόντων
2550 2722 2697 2776 ἐστιν
2734 2723 2881 2775 ἰδεῖν.
2930 2723 2989 2775 Ὀ
3020 2724 3117 2793 μέν
3140 2724 3246 2793 γάρ
3269 2723 3346 2793 τῷ

1761 2806 1938 2860 λέοντι
1968 2807 2160 2878 καὶτῷ
2185 2808 2373 2879 ταύρῳ
2412 2808 2609 2873 ἔοικεν,
2651 2811 2681 2862 6
2704 2810 2759 2862 δέ
2794 2813 2859 2881 τῇ
2912 2810 3094 2880 ἐλάφῳ
3132 2811 3227 2863 καὶ
3267 2808 3345 2880 τῷ

1760 2889 1978 2960 λαγωῷ.
2011 2891 2144 2944 Τίνα
2176 2892 2286 2960 γάρ
2319 2893 2379 2944 οὐ
2410 2892 2648 2946 δέδοικεν
2690 2895 2718 2946 6
2756 2893 3042 2959 πλουτῶν;
3089 2893 3211 2963 οὐχὶ
3248 2894 3346 2966 λῃ-

1763 2975 1892 3037 στάς
1917 2991 1931 3040 ;
1962 2974 2083 3043 οὐχὶ
2102 2975 2405 3040 δυνάστας;
2434 2976 2493 3029 οὐ
2520 2976 2821 3046 βασκάνους
2846 2994 2861 3042 ;
2883 2978 2943 3030 οὐ
2969 2978 3341 3045 συκοφάνταςς

1760 3058 1872 3109 Kal
1904 3058 1954 3110 τί
1986 3057 2128 3123 λέγω
2178 3059 2380 3130 λῃστὰς
2413 3061 2506 3112 καὶ
2554 3060 2915 3128 συκοφάντας,
2960 3060 3093 3113 ὅπου
3141 3075 3205 3126 γε
3249 3059 3344 3113 καὶ

1757 3144 1884 3205 τοὺς
1905 3142 2120 3202 οἰκέτας
2153 3144 2348 3204 αὐτοὺς
2382 3143 2678 3197 ὑποπτεύει
2705 3160 2719 3208 ;
2770 3144 2881 3197 Kal
2926 3144 2979 3197 τί
3017 3143 3159 3211 λέγω
3192 3142 3340 3207 ζῶνς

1756 3226 1879 3278 ούδέ
1911 3225 2243 3297 τελευτήσας
2292 3227 2391 3296 τῆς
2432 3228 2541 3281 τῶν
2596 3227 2965 3300 λῃστευόντων
3004 3228 3345 3298 κακουργίας

1756 3310 2128 3379 ἀπήλλακται,
2162 3311 2283 3363 οὐδέ
2320 3311 2492 3381 ἰσχύει
2519 3314 2548 3366 ὁ
2579 3312 2808 3377 θάνατος
2839 3314 2897 3366 ἐν
2927 3313 3198 3383 ἀσφαλείᾳ
3243 3312 3343 3366 αὐ-

1755 3394 1847 3446 τὸν
1897 3394 2259 3463 καταστῆσαι,
2302 3394 2439 3449 ἀλλά
2477 3396 2571 3449 καὶ
2607 3395 2797 3465 νεκρὸν
2854 3395 2984 3449 ὄντα
3029 3393 3259 3449 συλῶσιν
3290 3393 3341 3447 οἱ

1756 3477 2194 3549 κακουργοῦντες
2217 3494 2231 3508 ο
2264 3478 2408 3534 οὕτω
2437 3481 2671 3553 πρᾶγμα
2693 3480 2993 3547 ἐπισφαλὲς
3021 3481 3049 3532 ὁ
3090 3477 3336 3542 πλοῦτος.

1754 3561 1831 3615 Οὐ
1856 3563 1967 3633 γάρ
1989 3562 2053 3633 δὴ
2082 3562 2251 3617 οἰκίαι
2284 3562 2651 3635 διορύττονται
2683 3563 2864 3633 μόνον,
2900 3561 3035 3615 άλλά
3063 3563 3155 3617 καὶ
3180 3562 3341 3630 τάφοι

1754 3644 2193 3716 ἀναῤῥήγνυνται
2219 3645 2314 3698 καὶ
2342 3646 2525 3715 θῆκαι.
2558 3644 2623 3697 Τί
2660 3640 2753 3716 οῦν
2781 3644 3110 3715 ἀθλιώτερον
3148 3644 3340 3698 τούτου

1753 3728 1950 3796 γένοιτ’
2004 3730 2092 3793 ἀν,
2146 3729 2276 3783 ὅταν
2326 3728 2462 3799 μηδὲ
2504 3728 2730 3791 θάνατος
2782 3728 2930 3799 αὐτῷ
2971 3727 3185 3798 παρέχῃ
3239 3728 3341 3797 τὴν

1753 3812 1938 3867 ἄδειαν
1973 3811 2198 3884 ταύτην,
2238 3812 2377 3865 ἀλλά
2414 3812 2473 3864 τὸ
2511 3811 2745 3864 δείλαιον
2788 3813 2964 3864 ἐκεῖνο
3011 3811 3171 3879 σῶμα
3217 3810 3339 3864 οὐδὲ

1754 3894 1899 3964 ζωῆς
1928 3894 2302 3966 ἀποπερηθέν
2352 3894 2698 3965 ἀπήλλακται
2746 3894 2853 3947 τῶν
2884 3895 2943 3948 ἐν
2976 3896 3044 3965 τῇ
3091 3894 3203 3964 ζωῇ
3238 3911 3340 3946 κα-

1752 3976 1888 4041 κῶν,
1925 3976 2037 4030 τῶν
2071 3978 2141 4031 τά
2166 3977 2392 4031 τοιαῦτα
2420 3976 2869 4049 κακουργούντων
2899 3978 2993 4031 καὶ
3024 3977 3161 4047 πρὸς
3190 3976 3340 4030 κόνιν

1752 4061 1848 4114 καὶ
1882 4061 2088 4129 τέφραν
2129 4061 2501 4131 ἐπειγομένων
2542 4061 2819 4130 πολεμεῖν,
2848 4060 2943 4113 καλ⁹
2976 4059 3154 4130 πολλῷ
3183 4060 3341 4130 χαλε-

1751 4143 2076 4215 πώτερον,ἢ
2110 4145 2274 4215 ἡνίκα
2315 4144 2450 4214 ἐζη;
2495 4144 2629 4197 Τότε
2668 4144 2766 4214 μὲν
2806 4144 2913 4215 γὰρ
2959 4146 3040 4207 εἰς
3092 4146 3337 4214 ταμιεῖον

1750 4228 2031 4293 εἰσιόντες,
2067 4227 2137 4279 τά
2174 4225 2407 4280 κιϐώτια
2445 4227 2541 4297 μὲν
2583 4226 2816 4290 ἐκίνουν,
2860 4226 2953 4278 τοῦ
2989 4226 3237 4296 σώματος
3280 4226 3338 4278 δὲ

1749 4311 2059 4381 ἀπείχοντο,
2088 4311 2183 4363 καὶ
2207 4311 2307 4363 οὐκ
2341 4310 2407 4363 ἂν
2441 4309 2680 4363 τοσαῦτα
2714 4309 2926 4375 ἔλαϐον,
2965 4310 3040 4372 ώς
3075 4309 3169 4362 καὶ
3203 4307 3335 4361 αὐτὸ

1749 4393 2036 4464 γυμνῶσαι
2062 4392 2122 4445 τὸ
2152 4393 2311 4462 σῶμα
2334 4408 2349 4423 '
2384 4393 2502 4445 νυνὶ
2539 4392 2597 4444 δέ
2629 4392 2751 4445 οὐδὲ
2795 4391 3002 4445 τούτων
3036 4392 3333 4461 ἀπέχονται

1749 4480 1805 4531 al
1856 4478 2054 4548 μιαραὶ
2093 4477 2201 4530 τῶν
2246 4476 2626 4547 τυμϐωρύχων
2662 4479 2868 4547 χεῖρες,
2910 4476 3047 4529 ἀλλά
3091 4474 3333 4528 κινοῦσιν

1750 4561 1882 4615 αὐτὸ
1911 4563 2004 4614 καὶ
2036 4560 2459 4631 περιστρέφουσι
2484 4600 2498 4625 ,
2529 4560 2623 4612 καὶ
2656 4560 2793 4630 μετὰ
2825 4559 3022 4629 πολλῆς
3052 4558 3331 4628 ὠμότητος

1748 4644 2110 4714 ἐνυϐρίζουσι.
2142 4644 2297 4697 Μετὰ
2338 4643 2446 4714 γὰρ
2491 4643 2553 4695 τὸ
2592 4642 2959 4713 παραδοθῆναι
2998 4644 3059 4712 τῇ
3106 4643 3199 4710 γῇ,
3231 4656 3331 4707 γυ-

1751 4728 1883 4800 μνὸν
1916 4730 2010 4781 καὶ
2062 4729 2163 4797 τῆς
2210 4727 2418 4781 ἐκεῖθεν
2452 4726 2745 4797 περιϐολῆς
2788 4726 2882 4778 καὶ
2920 4725 3020 4794 τῆς
3066 4724 3173 4776 ἀπὸ
3223 4724 3366 4800 τῶν,

1750 4793 1983 4882 ίματίων
2038 4793 2382 4879 ποιήσαντες,
2428 4793 2601 4872 οὕτως
2644 4793 2868 4877 ἀφιᾶσιν
2907 4806 3181 4877 ἐρρῖφθαι.
3237 4793 3366 4867 Τίςι

1746 4892 1839 4950 οῦν
1873 4896 2015 4949 οὕτω
2066 4895 2346 4965 πολέμιος,
2377 4894 2452 4955 ὼς
2482 4896 2510 4946 6
2547 4891 2795 4954 πλοῦτος,
2837 4888 3055 4955 ζώντων
3093 4888 3191 4958 μὲν
3238 4890 3332 4940 καὶ

1745 4980 1844 5049 τὴν
1870 4979 2049 5048 ψυχὴν
2085 4978 2345 5040 ἀπολλύς,
2392 4975 2829 5046 τελευτησάντων
2857 4973 2914 5026 δὲ
2948 4972 3131 5025 καὶτὸ
3171 4970 3333 5038 σῶμα

1745 5063 2067 5133 ἐνυϐρίζων,
2099 5062 2190 5113 καὶ
2219 5060 2337 5113 οὐδέ
2369 5062 2435 5130 τῇ
2462 5062 2531 5130 γῇ
2566 5057 2905 5130 κρύπτεσθαι
2930 5054 3229 5127 συγχωρῶν
3258 5072 3271 5119 ;
3306 5055 3333 5106 ὂ

1746 5147 1925 5201 κοινὸν
1960 5145 2185 5199 καὶτῶν
2207 5144 2515 5197 καταδίκων
2544 5143 2679 5203 ἐστὶ,
2710 5142 2803 5194 καὶ
2835 5140 2943 5194 τῶν
2977 5141 3068 5192 ἐπὶ
3097 5140 3210 5202 τοῖς
3242 5140 3330 5191 αξ-

1746 5229 1986 5300 σχίστοις
2034 5226 2184 5300 [551]
2226 5225 2563 5279 ἑαλωκότων.
2612 5224 2882 5287 Ἐκείνους
2928 5224 3025 5293 μὲν
3078 5222 3187 5294 γὰρ
3233 5219 3324 5273 τοῦ

1745 5313 1981 5367 θανάτου
2011 5314 2111 5382 τὴν
2140 5310 2294 5380 δίκην
2325 5309 2731 5377 ἀπαιτήσαντες
2760 5308 2807 5359 οἱ
2836 5306 3140 5376 νομοθέται,
3171 5305 3323 5358 οὐδὲν

1744 5398 2059 5469 περαιτέρω
2100 5394 2552 5466 περιεργάζονται
2599 5407 2613 5421 ⁸
2662 5391 2883 5452 τούτους
2922 5389 2977 5441 δέ
3026 5392 3054 5442 6
3093 5388 3321 5453 πλοῦτος

1742 5483 1834 5537 καὶ
1865 5483 2006 5552 μετά
2031 5480 2257 5534 θάνατον
2281 5477 2613 5549 πικροτάτην
2641 5476 2860 5529 ἀπαιτεῖ
2879 5475 3054 5545 δίκην,
3080 5476 3320 5543 γυμνοὺς

1743 5565 2027 5637 προτιθεὶς
2060 5564 2155 5617 καὶ
2201 5564 2459 5630 ἀτάφους,
2503 5561 2681 5630 θέαμα
2726 5558 2895 5611 δεινὸν
2940 5559 3034 5611 xal
3062 5558 3315 5612 ἐλεεινόν.

1742 5651 1851 5703 Kal
1880 5649 1991 5719 γάρ
2024 5648 2132 5700 τῶν
2159 5647 2265 5700 ἀπὸ
2292 5647 2471 5717 ψήφου
2500 5644 2657 5697 τοῦτο
2688 5642 2999 5713 πασχόντων
3021 5642 3113 5693 καὶ
3144 5640 3315 5709 θυμοῦ

1742 5731 2062 5786 δικαστικοῦ
2116 5729 2468 5801 χαλεπώτερα
2506 5721 2651 5781 οὗτοι
2700 5728 3015 5795 πάσχουσιν.
3088 5724 3312 5779 Ἐκεῖνοι
