3802 6214
409 265 520 323 5θῖ

401 384 508 454 μὲν
542 382 652 454 γάρ
682 381 815 453 μίαν
845 381 945 454 τήν
962 381 1188 455 πρώτην
1212 385 1308 438 καὶ
1333 385 1596 460 δευτέραν
1622 389 1838 461 ἡμέραν
1867 389 1990 461 μεί-

400 484 590 532 ναντες
630 467 849 536 ἄταφοι,
885 470 951 539 τῇ
996 469 1067 539 γῇ
1113 470 1535 538 παραδίδονται·
1570 466 1718 527 οὗτοι
1756 473 1814 526 δὲ
1859 473 1990 527 ὅταν

401 549 750 621 παραδοθῶσι
776 552 842 621 τῇ
870 553 965 621 γῇ,
995 550 1117 605 τότε
1148 552 1483 620 γυμνοῦνται
1515 556 1609 610 καὶ
1647 557 1982 628 ὑϐρίζονται.

400 635 465 687 El
490 633 545 686 δὲ
578 634 654 704 μὴ
675 633 770 687 καὶ
802 634 903 704 τὴν
933 633 1109 705 θήκην
1145 635 1398 702 λαϐόντες
1440 639 1771 710 ἀπέρχονται
1801 640 1851 692 οί
1895 639 1989 710 λῃ-

403 716 547 782 σταὶ,
577 717 763 769 οὐκέτι
785 715 862 786 τῷ
900 717 1117 788 πλούτῳ
1148 718 1329 790 χάρις,
1374 719 1510 774 ἀλλά
1541 724 1609 790 τῇ
1661 721 1823 792 πενίᾳ
1852 721 1984 774 κάν-

399 798 576 852 ταῦθα
611 816 626 830 ·
668 798 807 870 αῦτη
838 799 948 870 γὰρ
996 799 1166 873 αὐτὴν
1213 801 1514 870 φυλάττει·
1557 803 1634 867 ὼς
1678 803 1732 855 εί
1777 819 1842 871 γε
1892 803 1986 857 καὶ

400 880 606 952 ταύτην
648 882 1054 954 ἐνεχειρίσαμεν
1085 883 1164 954 τῷ
1199 885 1436 955 πλούτῳ,
1479 884 1574 940 καὶ
1611 885 1840 954 ἀφέντες
1876 885 1986 938 ἀπδ

400 962 552 1016 λίθου
589 965 1019 1030 κατασκευάζειν
1043 967 1236 1037 αὐτὴν,
1272 967 1680 1038 ἐχαλκεύσαμεν
1716 967 1826 1020 ἀπὸ
1849 984 1982 1036 χρυ-

402 1045 521 1110 σοῦ,
579 1047 674 1100 καὶ
712 1046 916 1118 ταύτην
956 1047 1022 1103 ἂν
1075 1049 1456 1120 ἀπωλέσαμεν.
1513 1048 1701 1113 Οῦτως
1755 1049 1985 1103 ἄπιστον

401 1131 635 1200 πρᾶγμα
675 1132 704 1184 6
743 1130 994 1196 πλοῦτος.
1038 1133 1134 1186 καὶ
1177 1133 1238 1187 οὐ
1287 1133 1398 1187 τῶν
1445 1133 1677 1203 ἐχόντων
1727 1131 1984 1186 τοσοῦτόν

401 1214 570 1275 ἐστιν,
605 1213 730 1267 ὅσον
757 1214 866 1270 τῶν
911 1215 1177 1288 ἁρπάζειν
1211 1214 1650 1287 ἐπιχειρούντων.
1687 1215 1852 1266 ’Ὥστε
1886 1231 1986 1268 πε-

401 1295 583 1364 ριττὸς
618 1296 648 1348 ὁ
698 1297 856 1367 λόγος
894 1300 1100 1362 ἐκεῖνος
1145 1302 1174 1353 6
1220 1299 1536 1366 σπουδάζων
1578 1297 1850 1351 δεικνύναι
1898 1298 1982 1374 ὅτι

399 1378 764 1450 δυσχείρωτον
803 1383 833 1434 6
876 1380 1126 1443 πλοῦτος,
1157 1382 1290 1434 ὅπου
1320 1381 1443 1434 οὐδὲ
1481 1381 1540 1433 ἐν
1563 1383 1630 1451 τῇ
1663 1380 1848 1452 ἡμέρᾳ
1878 1381 1980 1451 τῆς

397 1461 660 1532 τελευτῆς
699 1463 1061 1533 τυγχάνουσιν
1106 1463 1407 1532 ἀσφαλείας
1439 1463 1489 1516 οί
1520 1462 1709 1516 τοῦτον
1741 1463 1978 1533 ἔχοντες.

396 1543 591 1598 Καίτοι
621 1561 685 1612 γε
709 1545 794 1608 τίς
824 1545 961 1616 πρὸς
987 1546 1078 1598 τὸν
1106 1545 1411 1599 ἀπελθόντα
1437 1547 1498 1610 ού
1527 1545 1977 1609 καταλλάττεται,

397 1625 500 1678 κᾶν
535 1626 724 1697 θηρίον
768 1623 824 1701 ᾗ,
875 1628 980 1682 κᾶν
1012 1628 1243 1698 δαίμων,
1279 1629 1384 1682 κᾶν
1414 1627 1695 1693 όστισοῦνς
1730 1628 1827 1681 καὶ
1868 1627 1979 1697 γὰρ

394 1709 430 1777 ἡ
459 1707 556 1762 θέα
588 1709 746 1781 ἱκανὴ
773 1710 869 1762 καὶ
904 1710 996 1764 τὸν
1027 1711 1233 1782 σφόδρα
1272 1711 1529 1782 σιδηροῦν
1555 1711 1648 1764 καὶ
1676 1711 1979 1780 ἀνάλγητον

393 1792 726 1862 ἐπικάμψαι.
756 1793 856 1846 Διά
895 1811 980 1848 τοι
1019 1795 1198 1860 τοῦτο,
1234 1796 1364 1848 ὅταν
1399 1813 1483 1858 τις
1513 1795 1596 1867 ῐδῃ
1627 1794 1841 1866 νεκρὸν,
1874 1793 1979 1848 κᾶν

393 1874 590 1946 ἐχθρὸν
618 1876 726 1950 ίδῃ,
774 1878 880 1932 κᾶν
911 1878 1190 1948 πολέμιον,
1235 1879 1374 1949 μετά
1415 1879 1523 1933 τῶν
1565 1879 1840 1948 φιλτάτων
1880 1879 1978 1931 δα·

392 1958 554 2030 κρύει
586 1977 600 1990 ’
634 1960 729 2013 καὶ
757 1962 791 2030 ἡ
827 1961 926 2031 μὲν
959 1961 1096 2032 ὀργὴ
1129 1962 1268 2031 μετά
1300 1961 1402 2031 τῆς
1431 1961 1576 2032 ζωῆς
1609 1962 1916 2026 σϐέννυται,
1949 1961 1979 2013 6

390 2041 452 2094 δὲ
479 2041 629 2104 ἔλεος
649 2043 1021 2111 ἐπεισάγεται.
1057 2045 1166 2098 Καὶ
1185 2044 1286 2097 οὐκ
1311 2043 1377 2096 ἄν
1403 2061 1488 2109 τις
1519 2044 1613 2096 ἐπὶ
1643 2045 1840 2116 κήδους
1880 2045 1976 2098 καὶ

391 2126 636 2197 ἐκφορᾶς
665 2125 912 2197 διαγνοίη
956 2126 1048 2180 τὸν
1086 2127 1300 2197 ἐχθρὸν,
1357 2126 1454 2181 καὶ
1489 2127 1580 2180 τὸν
1610 2128 1670 2180 ού
1699 2128 1976 2181 τοιοῦτονο

389 2208 565 2270 οῦτως
601 2209 839 2273 ἅπαντες
871 2209 971 2277 τὴν
1002 2211 1188 2282 κοινήν
1216 2209 1490 2263 αἰδοῦνται
1519 2211 1700 2280 φύσιν,
1733 2212 1979 2276 καὶτοὺς

391 2293 525 2363 περὶ
568 2292 738 2364 αύτὴν
771 2293 1174 2364 είσενεχθέντας
1204 2293 1421 2364 νόμους.
1474 2293 1614 2347 Ἀλλ’
1647 2296 1676 2347 6
1724 2295 1976 2360 πλοῦτος,

389 2375 514 2430 οὐδὲ
549 2374 738 2429 τούτου
785 2375 987 2446 τυχὼν,
1035 2375 1229 2446 ἀφίησι
1271 2376 1370 2446 τὴν
1400 2376 1570 2448 ὀργήν
1616 2380 1730 2440 τοῖς
1775 2396 1980 2450 κτησα-

394 2459 578 2532 μένοις
606 2460 788 2526 αύτὸν,
816 2460 952 2514 ἀλλά
991 2461 1086 2514 καὶ
1119 2462 1247 2523 τοὺς
1292 2460 1447 2514 οὐδὲν
1485 2462 1853 2531 ἠδικημένους
1881 2463 1976 2517 τοῦ

388 2542 842 2612 τετελευτηκότος
885 2543 1114 2615 ἐχθροὺς
1149 2544 1490 2613 καθίστησιν,
1525 2543 1579 2595 εί
1605 2561 1669 2612 γε
1697 2544 1758 2596 τὸ
1784 2546 1977 2615 νεκρὸν

392 2625 554 2696 σῶμα
589 2626 864 2695 γυμνοῦν,
905 2625 1014 2680 τῶν
1059 2626 1266 2696 σφόδρα
1312 2625 1524 2697 ἐχθρῶν
1566 2627 1662 2680 καὶ
1700 2627 1977 2697 πολεμίων

390 2708 530 2762 ἐστί.
564 2709 732 2780 Καὶή
775 2709 875 2780 μὲν
902 2709 1066 2777 φύσις
1104 2709 1198 2762 καὶ
1230 2709 1356 2770 τοὺς
1403 2708 1633 2780 ἐχθροὺς
1662 2711 1813 2781 αὐτῷ
1839 2730 1971 2766 κατε

389 2791 643 2846 ἀλλάττει
677 2792 820 2855 τότε,
849 2794 878 2845 6
901 2793 956 2846 δὲ
991 2790 1221 2854 πλοῦτος
1269 2792 1366 2844 καὶ
1412 2793 1537 2854 τοὺς
1569 2793 1723 2847 οὐδὲν
1754 2795 1976 2865 ἔχοντας

389 2877 643 2946 ἐγκαλεῖν
677 2878 989 2949 ἐκπολεμοῖ,
1033 2879 1129 2930 καὶ
1167 2881 1225 2930 ἐν
1260 2876 1466 2948 ἐρημίᾳ
1511 2878 1674 2950 πολλῇ
1715 2880 1775 2932 τὸ
1809 2881 1973 2950 σῶμα

387 2961 683 3025 αἰκίζεται.
719 2964 913 3016 Καίτοι
959 2962 1129 3016 πολλά
1169 2962 1386 3015 ἐκεῖτά
1417 2961 1695 3033 δυνάμενα
1736 2966 1974 3019 ἐπισπά-

389 3044 589 3097 σασθαι
619 3046 755 3117 πρὸς
793 3041 1001 3109 οἶκτον,
1035 3045 1166 3099 αὐτὸ
1205 3044 1267 3098 τὸ
1306 3045 1496 3116 νεκρὸν
1532 3042 1689 3111 εἶναι,
1724 3047 1786 3100 τὸ
1820 3048 1974 3100 ἀκίν-

385 3142 539 3194 ητον,
573 3126 636 3180 τὸ
678 3128 817 3199 πρὸς
849 3130 953 3199 γῆν
998 3128 1201 3183 ὁδεύειν
1252 3129 1346 3182 καὶ
1393 3129 1619 3198 φθορὰν,
1653 3130 1712 3182 τὸ
1768 3131 1973 3202 μηδένα

389 3211 646 3278 παρεῖναι
674 3211 766 3263 τὸν
798 3211 1154 3282 βοηθήσοντα.
1198 3212 1335 3263 Ἀλλ’
1375 3211 1524 3264 οὐδὲν
1551 3213 1760 3267 τούτων
1797 3232 1971 3268 κατα-

389 3291 497 3362 κλᾷ
529 3293 656 3356 τοὺς
692 3295 924 3365 μιαροὺς
947 3295 1190 3358 ἐκείνους
1213 3294 1302 3348 διὰ
1324 3296 1423 3366 τὴν
1451 3295 1561 3348 ἀπὸ
1593 3298 1692 3366 τῆς
1727 3300 1972 3368 πονηρᾶς

391 3375 690 3445 ἐπιθυμίας
751 3377 1065 3447 τυραννίδα.
1134 3379 1193 3430 'O
1237 3378 1345 3448 γάρ
1391 3379 1492 3448 τῆς
1541 3379 1977 3450 φιλοχρηματίας

391 3456 556 3527 ἔρως,
589 3459 841 3529 καθάπερ
867 3477 951 3523 τις
976 3460 1240 3531 τύραννος
1279 3461 1514 3532 ἀπηνὴς,
1543 3463 1842 3534 ἐφέστηκεν
1887 3467 1976 3532 ἐγ-

391 3541 749 3612 κελευόμενος
772 3545 956 3608 αύτοῖς
987 3544 1056 3596 τὰ
1078 3543 1424 3616 ἀπάνθρωπα
1453 3546 1802 3615 ἐπιτάγματα
1830 3549 1976 3600 ἐκεῖ-

392 3642 481 3693 να,
513 3628 607 3680 καὶ
653 3627 817 3699 θηρία
851 3629 1107 3700 ποιήσας,
1151 3626 1325 3692 οῦτως
1356 3628 1450 3681 ἐπὶ
1479 3629 1580 3694 τὰς
1621 3629 1794 3701 θήκας
1829 3631 1973 3700 ἄγει.

1139 248 1524 326 δῖίοΑΝΝιε
1555 265 2058 328 cnmsosmm
2092 271 2413 335 ARCHIEP.
2457 255 3008 334 CONSTANTINOP;
3592 275 3679 331 sos

2096 393 2366 466 Καθάπερ
2395 394 2504 468 γάρ
2538 394 2705 466 θηρία
2737 395 2852 458 τοῖς
2881 391 3327 460 τετελευτηκόσιν
3368 389 3680 457 ἐπιτιθέμε-

2091 495 2194 540 νοι,
2222 478 2333 532 οὐδ’
2364 477 2431 533 ἂν
2466 479 2572 532 τῶν
2616 479 2834 550 σαρκῶν
2871 476 3196 546 ἀπέσχοντο.
3226 476 3280 527 ετ
3301 475 3367 543 γέ
3404 491 3514 527 που
3556 477 3680 543 χρή-

2091 577 2228 628 σιμα
2266 556 2334 630 ἦν
2375 561 2560 624 αὐτοῖς
2607 560 2677 614 τά
2716 560 2879 629 μέλη.
2921 557 3161 611 Τοιαῦτα
3193 556 3560 626 ἀπολαύομεν
3599 557 3680 609 τοῦ

2091 642 2347 709 πλούτου,
2376 645 2472 696 καὶ
2506 643 2646 713 μετὰ
2678 642 2934 713 τελευτὴν
2966 640 3339 712 ὑϐριζόμενοι,
3373 643 3478 694 καὶ
3513 641 3680 708 ταφῆς

2088 725 2576 798 ἀποστερούμενοι,
2594 721 2662 798 ἦς
2682 726 2775 779 καὶ
2795 726 2844 778 οἱ
2871 725 2942 777 τὰ
2967 725 3248 794 ἀνήκεστα
3275 723 3678 793 τετολμηκότες

2087 807 2475 863 ἀπολαύουσιν.
2515 811 2637 862 Ἔτι
2686 807 2834 880 [552]
2869 803 2983 872 οὖν,
3033 807 3155 860 είπέ
3202 824 3315 877 μοι,
3373 806 3676 876 στέρξομεν

2088 890 2252 944 αὑτὸν
2284 890 2376 946 τὸν
2397 889 2540 944 οὕτω
2557 890 2855 962 πολέμιον;
2885 889 2999 962 Μὴ,
3033 889 3366 962 παρακαλῶ,
3401 889 3512 960 μή,
3535 889 3679 941 ἀδελ-

2087 976 2202 1042 φοὶ,
2243 974 2380 1030 ἀλλά
2412 975 2704 1045 φεύγωμεν
2741 973 3151 1045 ἀμεταστρεπτί
3175 991 3188 1000 ·
3227 974 3335 1027 κᾶν
3373 975 3464 1036 είς
3495 975 3678 1043 χεῖρας

2084 1057 2214 1129 ἔλθῃ
2239 1058 2338 1122 τάς
2381 1059 2674 1128 ἡμετέρας,
2732 1058 2808 1129 μὴ
2847 1056 3165 1126 κατέχωμεν
3206 1055 3385 1120 ἔνδον,
3424 1055 3573 1109 ἀλλά
3597 1056 3679 1127 δὴ-

2085 1157 2269 1212 σωμεν
2306 1140 2471 1195 αὐτὸν
2517 1144 2640 1205 ταῖς
2677 1140 2786 1194 τῶν
2829 1141 3078 1212 πενήτων
3112 1140 3294 1211 χερσί.
3332 1138 3541 1193 Ταῦτα
3579 1140 3678 1209 γαρ

2083 1224 2245 1278 αὐτὸν
2273 1223 2496 1278 δύναται
2520 1223 2720 1294 μᾶλλον
2747 1223 2817 1276 τά
2838 1221 3016 1293 δεσμά
3044 1224 3322 1293 κατέχειν,
3351 1222 3465 1287 καὶ
3489 1225 3559 1275 ἐκ
3579 1221 3679 1276 τῶν

2081 1308 2346 1379 ταμιείων
2371 1308 2594 1362 ἐκείνων
2628 1307 2883 1361 οὐδέποτε
2920 1307 3292 1376 διαφεύξεται,
3332 1308 3442 1360 καὶ
3486 1309 3519 1360 6
3559 1309 3678 1361 ἅτις

2083 1407 2208 1454 στος
2235 1387 2390 1454 οὗτος
2434 1391 2586 1461 μένει
2624 1389 2810 1444 λοιπὸν
2840 1391 3053 1455 πιστὸς,
3086 1392 3414 1462 χειροήθης,
3447 1391 3678 1460 ἥμερος,

2081 1477 2148 1545 τῇ
2181 1475 2281 1545 τῆς
2308 1473 2678 1546 ἐλεημοσύνης
2701 1474 2851 1546 δεξιᾷ
2881 1474 3054 1529 ταῦτα
3083 1475 3412 1545 γενόμενος.
3452 1475 3563 1527 ‘Av
3588 1475 3681 1544 μὲν

2080 1555 2173 1613 οῦν
2203 1557 2582 1629 παραγένηταί
2604 1568 2748 1610 ’ποτε
2786 1559 2943 1628 ἡμῖν,
2987 1559 3160 1628 ταύτῃ
3195 1555 3556 1628 παραδῶμεν
3589 1558 3678 1610 αὖ·

2079 1642 2204 1696 τόνο
2235 1641 2301 1694 ἂν
2329 1640 2386 1694 δὲ
2416 1641 2490 1710 μὴ
2518 1639 2898 1711 παραγένηται
2923 1679 2940 1704 ,
2976 1639 3051 1711 μὴ
3089 1639 3374 1710 ζητῶμεν,
3408 1639 3560 1710 μηδὲ
3585 1640 3679 1706 £7-

2079 1741 2266 1795 χωμεν
2325 1724 2575 1786 ἑαυτοὺς,
2630 1723 2767 1793 μηδέ
2805 1723 2933 1786 τοὺς
2973 1723 3199 1794 ἔχοντας
3242 1723 3676 1793 μακαρίζωμεν.

2080 1809 2238 1871 Ποῖος
2257 1807 2365 1880 γάρ
2394 1801 2551 1870 οὗτος
2583 1807 2969 1878 μακαρισμός;
3009 1806 3150 1878 πλὴν
3192 1807 3243 1859 εί
3283 1806 3365 1878 μὴ
3412 1806 3520 1858 καὶ
3561 1807 3679 1870 =05;

2079 1890 2450 1962 θηριομάχους
2479 1888 2752 1960 ζηλωτοὺς
2804 1885 2943 1943 εἶναι
2992 1890 3178 1960 φαίης,
3219 1889 3307 1942 ὅτι
3348 1889 3426 1941 τὰ
3467 1888 3679 1941 πολυτίο

2083 1990 2230 2044 μητα
2271 1973 2456 2026 ἐκεῖνα
2489 1971 2656 2042 θηρία
2698 1971 3159 2034 κατακλείσαντες
3205 1973 3439 2036 ἑαυτοῖς
3490 1972 3680 2041 φυλάτ-

2077 2073 2263 2109 τουσιν
2279 2056 2330 2110 οί
2345 2055 2473 2116 τοὺς
2489 2053 2764 2117 τοιούτους
2779 2054 3018 2118 τιθέντες
3038 2055 3277 2123 ἀγῶνας,
3301 2056 3477 2109 αὐτοὶ
3503 2057 3679 2126 μέντοι

2076 2139 2140 2192 οὐ
2185 2137 2526 2210 προσελθεῖν,
2574 2137 2676 2208 οὺχ
2719 2137 2961 2207 ἅψασθαι
2988 2137 3326 2208 τολμῶντες,
3351 2138 3487 2192 ἀλλ’
3535 2140 3677 2205 ἀγω-

2076 2222 2300 2286 νιῶντες
2333 2221 2472 2275 αὺτά
2505 2220 2599 2274 καὶ
2631 2221 2943 2291 τρέμοντες.
2977 2221 3229 2274 Τοιοῦτον
3254 2224 3374 2292 γάρ
3404 2239 3465 2274 τι
3503 2223 3602 2275 καὶ
3629 2223 3674 2274 οί

2077 2306 2437 2369 πλουτοῦντες
2483 2305 2804 2375 πάσχουσιν,
2857 2303 3048 2377 ὥσπερ
3099 2304 3291 2376 θηρίον
3339 2306 3571 2376 ἀπηνὲς
3626 2307 3678 2358 ἐν

2074 2393 2190 2454 τοῖς
2243 2389 2511 2460 ταμιείοις
2594 2387 3055 2452 κατακλείσαντες
3113 2389 3206 2442 τὸν
3262 2389 3542 2454 πλοῦτον,
3590 2389 3680 2443 καὶ

2077 2475 2202 2528 καθ’
2231 2475 2472 2544 ἐκάστην
2509 2472 2644 2544 παρ’
2670 2471 2837 2526 αὑτοῦ
2865 2470 2966 2542 τὴν
3003 2471 3218 2542 ἡμέραν
3246 2474 3431 2544 μυρία
3451 2472 3680 2543 δεχόμεο

2075 2577 2158 2614 νοι
2185 2560 2252 2612 τά
2298 2557 2612 2630 τραύματα,
2655 2557 2987 2620 ἀπεναντίας
3028 2558 3143 2619 τοῖς
3171 2556 3411 2628 θηρίοις.
3464 2557 3679 2610 Ἐκεῖνα

2079 2645 2178 2714 μὲν
2206 2642 2316 2712 γὰρ
2339 2643 2470 2694 ὅταν
2496 2639 2796 2711 ἐξαγάγῃς,
2822 2638 2949 2692 τότε
2987 2639 3312 2710 λυμαίνεται
3345 2642 3474 2703 τοῖς
3504 2641 3678 2694 ἀπαν-

2073 2727 2240 2780 τῶσιν
2259 2743 2272 2754 ’
2301 2718 2456 2787 οὗτος
2490 2724 2546 2776 δὲ
2580 2724 2710 2776 ὅταν
2737 2721 3226 2792 συγκεκλεισμένος
3330 2725 3431 2776 καὶ
3476 2724 3682 2791 c9013:-

2071 2811 2321 2879 τόμενος,
2351 2808 2471 2860 τότε
2493 2805 2755 2859 ἀπόλλυσι
2793 2806 2918 2868 τοὺς
2955 2805 3336 2876 κεκτημένους
3370 2806 3552 2859 αὑτὸν
3590 2809 3681 2860 καὶ

2077 2893 2462 2964 φυλάττοντας.
2500 2889 2636 2944 Ἀλλ’
2664 2891 2824 2960 ἡμεῖς
2850 2889 2911 2943 τὸ
2939 2889 3127 2959 θηρίον
3153 2890 3317 2944 τοῦτο
3341 2893 3679 2962 ποιήσωμεν

2077 2980 2305 3048 ἥμερον.
2334 2975 2527 3028 Ἔσται
2547 2973 2605 3026 δὲ
2623 2974 2852 3044 ἥμερον,
2877 2973 2943 3027 ἂν
2969 2973 3043 3044 μὴ
3073 2973 3505 3042 κατακλείωμεν
3529 2976 3678 3039 αὐτο,

2078 3060 2214 3114 ἀλλά
2241 3061 2359 3122 ταῖς
2394 3058 2649 3111 ἁπάντων
2684 3057 2794 3108 τῶν
2827 3056 3092 3127 δεομένων
3131 3057 3525 3128 προσάγωμεν
3551 3076 3677 3128 χερ-

2081 3145 2184 3196 σίν.
2233 3141 2390 3195 υΰτω
2430 3141 2526 3194 καὶ
2568 3141 2636 3192 τά
2669 3140 2903 3210 μέγιστα
2949 3139 3201 3193 ἐντεῦθεν
3253 3143 3678 3212 καρπωσόμεθα

2079 3226 2278 3295 ἀγαθά,
2305 3225 2401 3279 καὶ
2429 3225 2486 3277 ἐν
2523 3223 2601 3294 τῷ
2637 3225 2864 3292 παρόντι
2908 3222 3007 3292 βίῳ
3044 3221 3184 3293 μετά
3227 3223 3556 3291 ἀσφαλείας
3589 3226 3679 3278 καὶ

2083 3313 2326 3382 χρηστῆς
2369 3308 2570 3373 ζῶντες
2604 3307 2839 3372 ἐλπίδος,
2895 3308 2990 3360 καὶ
3033 3306 3174 3360 κατὰ
3215 3305 3318 3376 τὴν
3363 3307 3678 3376 μέλλουσιν

2073 3396 2286 3465 ἡμέραν
2313 3393 2451 3463 μετὰ
2474 3390 2787 3462 παρρησίας
2824 3390 3102 3458 ἱστάμενοι
3126 3405 3139 3417 ·
3175 3385 3244 3461 ἦς
3279 3391 3512 3457 γένοιτο
3550 3393 3677 3444 τεάν-

2074 3496 2172 3540 τας
2202 3478 2348 3548 ἡμᾶς
2379 3477 2678 3546 ἐπιτυχεῖν,
2705 3475 2889 3545 χάριτι
2911 3475 3005 3527 καὶ
3034 3472 3458 3544 φιλανθρωπία,
3497 3475 3679 3528 καὶτὰ

2075 3562 2227 3632 ἑξῆς.

396 3860 3676 3894 —-—-’-———-—-———-—-———-———————————-——-—————_——_

1823 4109 2068 4162 OMIMA
2105 4109 2245 4178 Acr.

406 4256 704 4327 Ἀδελφοί,
740 4258 828 4326 μὴ
867 4258 1076 4313 παιδία
1109 4259 1352 4329 γίνεσθε
1383 4262 1515 4328 ταῖς
1541 4261 1778 4332 φρεσὶν,
1811 4264 1973 4319 ἀλλὰ

463 4342 540 4412 τῇ
573 4342 754 4409 κακίᾳ
791 4341 1125 4412 νηπιάζετε,
1154 4343 1283 4411 ταῖς
1311 4345 1380 4399 δὲ
1413 4349 1594 4415 φρεσί
1624 4347 1838 4402 τέλειοι
1883 4349 1973 4417 γί-

461 4430 666 4480 νεσθε.

461 4515 532 4561 α’.
571 4506 813 4570 Εἰκότως
847 4507 988 4578 μετά
1018 4507 1118 4580 τὴν
1149 4508 1348 4580 πολλὴν
1374 4511 1715 4582 κατασκευὴν
1749 4512 1845 4566 καὶ
1875 4511 1974 4584 τὴν

390 4590 688 4657 ἀπόδειξιν,
717 4589 1071 4661 σφοδρότερον
1093 4591 1358 4663 κέχρηται
1384 4592 1462 4662 τῷ
1490 4593 1655 4666 λόγῳ,
1680 4595 1775 4648 καὶ
1803 4596 1970 4668 πολλῇ

388 4679 456 4746 τῇ
486 4675 828 4745 ἐπιτιμήσει,
864 4673 957 4727 καλ⁸
986 4676 1429 4746 παραδείγματος
1472 4669 1749 4748 μέμνηται
1777 4679 1976 4732 καταλ-

391 4758 553 4828 λήλου
585 4756 665 4827 τῷ
702 4757 1072 4828 ὑποκειμένῳ.
1107 4757 1464 4828 Καὶ-γὰρ.τά
1500 4761 1687 4814 παιδία
1711 4763 1846 4832 πρὸς
1874 4761 1973 4832 μὲν

390 4843 461 4894 τά
489 4841 661 4910 μικρά
705 4841 900 4912 κέχηνε
938 4842 1033 4894 κα)⁵
1073 4842 1354 4910 ἐπτόηται,
1387 4842 1497 4895 τῶν
1538 4844 1595 4896 δὲ
1634 4845 1840 4916 σφόδρα
1873 4863 1973 4917 με·

392 4923 576 4992 γάλων
597 4924 660 4976 οὐ
706 4924 958 4978 τοσοῦτον
996 4925 1108 4996 ἔχει
1142 4925 1348 4996 θαῦμα.
1395 4927 1551 4978 Ἐπεὶ
1577 4923 1670 4981 οὖν
1704 4931 1798 4983 καὶ
1828 4924 1973 4984 οῦτοι

393 5008 656 5078 γλωσσῶν
700 5007 915 5077 ἔχοντες
950 5009 1216 5081 χάρισμα,
1267 5010 1330 5062 τὸ
1370 5011 1478 5064 πᾶν
1511 5008 1657 5080 ἔχειν
1699 5012 1968 5083 ἐνόμιζον,

393 5092 531 5160 ὅπερ
575 5089 684 5143 τῶν
717 5090 891 5145 ἀλλων
935 5092 1161 5164 ἔσχατον
1204 5089 1294 5167 ἦν,
1337 5094 1426 5148 διὰ
1472 5095 1630 5149 τοῦτό
1675 5113 1829 5168 φησι,
1873 5099 1971 5168 Μὴ

395 5174 604 5229 παιδία
641 5174 904 5244 γίνεσθε,
938 5177 1223 5242 τουτέστι,
1272 5177 1346 5250 μὴ
1384 5178 1635 5250 ἀνόητοι,
1675 5180 1805 5233 ἔνθα
1847 5199 1974 5236 συν-

395 5259 552 5321 ετοὺς
600 5252 740 5311 εἶναι
769 5258 896 5330 χρὴ,
929 5259 1042 5313 ἀλλ’
1087 5263 1204 5314 ἐκεῖ
1239 5267 1420 5332 νήπιοι
1452 5265 1545 5317 καὶ
1569 5263 1808 5332 ἀφελεῖς,
1845 5265 1973 5320 ἔνθα

395 5340 600 5408 ἀδικία,
639 5341 770 5394 ἔνθα
818 5343 1114 5410 κενοδοξία,
1147 5345 1274 5398 ἔνθα
1313 5346 1540 5417 φύσημα
1566 5363 1578 5377 ο
1616 5347 1708 5401 τὸν
1752 5348 1861 5418 γὰρ
1904 5353 1969 5421 τῇ

398 5425 566 5497 κακία
607 5426 944 5498 νηπιὰζοντα
991 5431 1085 5482 καὶ
1127 5428 1388 5500 φρόνιμον
1433 5424 1573 5484 εἶναι
1612 5432 1713 5487 δεῖ.
1761 5433 1973 5505 ’Ὠσπερ

399 5512 505 5582 γὰρ
536 5512 798 5584 φρόνησις
828 5512 969 5583 μετά
998 5515 1332 5587 κακουργίας
1353 5514 1452 5566 οὐκ
1481 5515 1545 5568 ἂν
1568 5517 1654 5586 εἴη
1687 5517 1970 5589 φρόνησις,

397 5593 538 5650 οῦτω
564 5596 658 5663 κω
689 5596 914 5666 ἀφέλεια
948 5595 1100 5669 [555]
1127 5597 1264 5668 μετά
1287 5596 1470 5659 ἀνοίας
1492 5598 1591 5652 οὐκ
1613 5600 1680 5653 ἂν
1715 5599 1800 5670 εἴη
1833 5601 1971 5669 ἀφέ-

405 5677 543 5735 λεια.
581 5680 690 5735 Καὶ
721 5680 828 5753 γάρ
851 5681 908 5734 ἐν
933 5683 1000 5752 τῇ
1025 5679 1254 5751 ἀφελείᾳ
1287 5679 1382 5734 καὶ
1410 5680 1508 5753 τὴν
1537 5681 1724 5738 ἄνοιαν
1751 5682 1972 5754 φεύγειν

2074 4263 2173 4352 δεῖ,
2209 4263 2304 4352 καὶ
2329 4265 2388 4318 ὲν
2412 4267 2486 4352 τῇ,
2512 4267 2772 4352 φρονήσει
2803 4268 2903 4341 τὴν
2933 4271 3221 4342 πονηρίαν.
3253 4273 3542 4351 Καθάπερ
3570 4283 3676 4352 γάρ

2073 4347 2195 4402 οὔτε
2229 4349 2298 4403 τά
2331 4351 2504 4422 πικρὰ
2542 4351 2808 4422 φάρμακα
2843 4353 2988 4423 πέρα
3031 4355 3125 4407 τοῦ
3169 4355 3408 4423 δέοντος,
3440 4347 3590 4416 οὕτε
3611 4347 3673 4417 τά

2073 4433 2280 4520 γλυκέα
2325 4434 2584 4520 δνίνησιν,
2627 4435 2802 4520 οὕτως
2848 4439 2970 4491 οὐδὲ
3011 4437 3239 4508 ἀφέλεια
3280 4444 3410 4497 καθ’
3439 4448 3672 4520 ἑαυτὴν,

2072 4517 2195 4570 οὐδὲ
2241 4517 2523 4589 φρόνησις.
2572 4519 2773 4589 Διόπερ
2812 4521 3101 4594 ἀμφότερα
3136 4528 3528 4598 κατακεράσαι
3578 4517 3668 4585 κε-

2072 4598 2245 4652 λεύων
2272 4601 2301 4652 ό
2344 4600 2581 4670 Χριστὸς
2626 4601 2802 4671 ἔλεγε,
2853 4605 3114 4659 Γίνεσθε
3161 4609 3445 4678 φρόνιμοι
3493 4614 3583 4679 ὡς
3616 4617 3670 4669 οι

2074 4683 2262 4753 ὄφεις,
2297 4684 2395 4737 καί
2421 4684 2684 4751 ἀκέραιοι
2714 4685 2796 4751 ὡς
2833 4688 2894 4740 αι
2935 4691 3300 4758 περιστεραί.
3342 4694 3413 4746 Τί
3450 4695 3513 4749 δέ
3549 4700 3666 4750 ἐστι

2073 4768 2265 4838 νήπιον
2293 4763 2432 4822 εἶναι
2478 4768 2679 4840 κακίας
2725 4770 2800 4823 Τὸ
2849 4771 2986 4843 μηδὲ
3030 4773 3226 4827 είδέναι
3276 4775 3330 4828 τί
3372 4780 3510 4832 ποτέ
3546 4783 3663 4834 ἐπ’.

2075 4852 2273 4905 κακία·
2307 4853 2584 4915 τοιούτους
2613 4852 2723 4924 γάρ
2758 4854 2954 4918 αὐτοὺς
2979 4852 3117 4909 εἷναι
3145 4858 3420 4916 ἐϐούλετο.
3445 4865 3544 4917 Διὸ
3576 4868 3664 4918 καὶ

2075 4934 2280 5004 ἔλεγεν,
2338 4935 2533 5001 ’Όλως
2573 4935 2852 4990 ἀκούεται
2907 4939 2978 4991 ἐν
3020 4939 3163 5009 ὑμῖν
3212 4947 3484 5011 πορνεία.
3549 4950 3664 5001 Οὖι

2075 5011 2219 5082 εἷπε,
2250 5016 2547 5088 Τολμᾶται,
2581 5017 2718 5085 ἀλλ’,
2770 5019 3086 5076 Ἀκούεται.
3128 5025 3271 5077 Ἰστε
3303 5027 3413 5098 γάρ
3433 5028 3580 5092 ὅλως
3604 5032 3660 5082 τὸ

2075 5103 2327 5185 πρᾶγμα,
2363 5101 2566 5185 φησίνλο
2596 5101 2865 5172 ἠκούσατε
2897 5105 3006 5185 γάρ
3046 5105 3181 5159 αὑτό
3226 5127 3380 5164 ποτε.
3403 5113 3518 5164 Καὶ
3553 5115 3660 5185 γάρ

2074 5183 2324 5236 ἐϐούλετο
2347 5184 2440 5237 καὶ
2465 5182 2664 5255 ἄνδρας
2688 5185 2884 5249 αὐτοὺς
2903 5183 3045 5240 εἶναι
3073 5189 3169 5242 καὶ
3194 5193 3414 5257 παῖδας,
3439 5195 3581 5249 ἀλλά
3601 5182 3660 5248 τὸ

2077 5269 2174 5339 μὲν
2203 5271 2262 5322 ὲν
2301 5271 2366 5340 τῇ
2415 5269 2602 5341 κακίᾳ,
2649 5271 2708 5322 τὸ
2747 5270 2805 5324 δὲ
2839 5273 2898 5324 ἐν
2939 5275 3004 5344 τῇ
3034 5277 3320 5347 φρονήσει.
3354 5278 3514 5332 Οῦτω
3549 5282 3655 5352 γὰρ

2073 5353 2166 5405 καὶ
2192 5352 2221 5405 6
2253 5353 2390 5425 ἀνὴρ
2414 5353 2715 5435 γένοιτ’λᾶν
2743 5355 2903 5426 ἀνὴρ,
2931 5357 3028 5409 ὲάν
3067 5358 3164 5410 καὶ
3197 5360 3465 5435 παιδίον
3488 5380 3507 5393 σ
3549 5364 3652 5424 ἕως

2072 5437 2128 5490 δὲ
2161 5435 2226 5490 ἂν
2258 5435 2332 5507 μὴ
2371 5436 2582 5489 παιδίον
2676 5439 2743 5508 τῇ
2776 5437 3028 5510 πονηρίᾳ,
3059 5441 3179 5494 οὐδὲ
3211 5443 3350 5514 ἀνὴρ
3382 5431 3558 5497 ἔσται.
3594 5448 3651 5497 ’0

2075 5520 2184 5590 γὰρ
2210 5519 2516 5590 κακοῦργος
2545 5521 2644 5572 οὐκ
2673 5521 2824 5574 ἔσται
2851 5521 3072 5586 τέλειος,
3104 5523 3222 5577 ἀλλ’
3247 5528 3485 5597 ἀνόητος.
3550 5528 3650 5580 ἐν

2074 5598 2154 5670 τῷ
2183 5602 2292 5671 γὰρ
2342 5603 2502 5670 νόμῳ
2544 5602 2886 5672 γέγραπται,
2919 5603 3010 5658 ὅτι
3051 5606 3122 5658 ἐν
3155 5608 3644 5677 ἐτεγογλὼσσεις,

2077 5686 2173 5740 καί
2204 5686 2272 5739 ἐν
2309 5686 2582 5754 χείλεσιν
2613 5686 2838 5754 ἑτέροις
2869 5687 3125 5754 λαλήσω
3157 5689 3238 5754 τῷ
3281 5691 3406 5758 λαῷ
3439 5693 3640 5756 τούτῳ,
