3802 6310
130 270 215 328 ωδ
622 241 627 246 ’
1113 263 1182 319 uv
1219 264 1436 322 EPIST.
1475 263 1497 320 ι
1560 263 1653 320 AD
1678 262 1835 323 con.
1876 269 2109 330 nosne.
2149 274 2396 333 xxxvr.

89 376 99 463 ξ
126 386 296 455 jacere.
308 377 436 448 Quis
453 384 529 433 est
548 391 677 448 ergo
696 376 893 433 divitiis
906 374 1082 448 major
1093 376 1281 445 hostis,
1300 392 1419 448 qua:
1433 377 1676 433 vivorum

88 480 94 515 ε
128 474 309 545 quidem
327 470 550 544 perdunt
564 469 816 534 animam,
837 476 1166 523 mortuorum
1183 477 1359 524 autem
1378 468 1535 523 etiam
1559 484 1680 523 cor-

129 581 208 637 pus
228 564 412 635 probro
428 570 482 618 et
501 560 821 617 contumelia
842 558 1102 625 afﬁciunt,
1126 566 1181 615 et
1199 573 1267 614 ne
1297 568 1439 615 terra
1459 559 1675 630 quidem

130 658 210 729 tegi
230 654 570 728 permittunt?
591 651 735 725 quod
758 652 973 723 quidem
996 660 1079 707 est
1110 667 1394 708 commune
1413 660 1468 708 et
1502 652 1565 707 iis
1585 652 1675 723 qui

125 758 228 805 sunt
256 747 607 811 condemnati,
644 754 698 802 et
731 760 912 801 rerum
965 745 1389 816 turpissimarum
1422 746 1672 802 convicti.

124 843 231 897 Nam
246 856 359 897 cum
378 840 444 896 de
462 839 566 894 illis
577 838 792 910 quidem
808 853 993 909 poenas
1003 838 1193 908 capitis
1213 839 1504 910 exegerint,
1522 840 1677 910 legis-

125 933 291 988 latores
310 930 437 986 nihil
468 930 692 985 ulterius
718 928 1031 998 inquirunt:
1066 929 1133 984 ab
1160 929 1243 984 his
1266 938 1442 985 autem
1476 930 1675 985 divitia:

124 1035 223 1096 post
243 1032 458 1079 mortem
481 1036 668 1092 poenas
684 1021 1027 1093 gravissimas
1047 1020 1285 1091 exigunt,
1306 1022 1478 1077 nudos
1513 1037 1677 1091 expo-

124 1127 281 1174 nentes
300 1124 351 1171 et
377 1114 692 1185 insepultos,
718 1113 1077 1184 spectaculum
1093 1128 1253 1183 grave
1267 1122 1321 1168 et
1351 1114 1672 1169 miserabile.

122 1209 171 1263 Hi
189 1208 313 1263 enim
332 1205 578 1277 graviora
601 1204 795 1271 ferunt,
821 1220 981 1275 quam
1004 1204 1059 1267 ii,
1084 1205 1171 1275 qui
1190 1205 1240 1260 id
1260 1206 1569 1275 patiuntura
1582 1205 1674 1275 ju-

122 1297 432 1353 diciscaleulo
461 1307 516 1352 et
537 1297 634 1351 ira.
660 1294 792 1351 Nam
812 1296 886 1351 illi
913 1295 1126 1365 quidem
1151 1310 1271 1355 cum
1302 1310 1409 1350 uno
1434 1306 1488 1352 et
1506 1296 1676 1352 altero

122 1393 191 1446 die
208 1389 487 1445 manserint
502 1388 770 1459 insepulti,
792 1396 949 1444 terra:
965 1387 1315 1443 mandantur:
1337 1388 1388 1442 hi
1410 1403 1538 1443 vero
1553 1404 1674 1443 cum

124 1494 252 1539 terrae
287 1482 522 1538 mandati
554 1482 774 1547 fuerint,
820 1492 945 1537 tunc
974 1482 1263 1548 nudantur,
1290 1480 1592 1551 probroque
1620 1491 1675 1537 et

122 1574 403 1631 contumelia
425 1574 753 1629 afficiuntur.
774 1572 928 1641 Quod
950 1574 996 1628 si
1017 1587 1122 1628 non
1144 1573 1303 1628 etiam
1326 1583 1479 1643 rapto
1500 1574 1675 1628 loculo

122 1667 340 1725 recedunt
362 1669 601 1722 latrones
619 1707 635 1731 ,
658 1666 726 1721 de
755 1680 819 1721 eo
846 1680 951 1721 non
981 1664 1182 1720 divitiis
1200 1706 1216 1727 ,
1243 1665 1337 1721 sed
1378 1664 1673 1735 paupertati

123 1770 223 1816 sunt
246 1761 501 1817 habenda:
528 1760 716 1833 gratiae
744 1778 759 1815 :
793 1760 907 1830 ipsa
957 1760 1101 1815 enim
1132 1758 1282 1813 illum
1330 1758 1508 1828 eripit.
1540 1757 1673 1811 Nam

122 1854 155 1907 si
193 1869 301 1909 eum
347 1852 808 1908 commisissemus
846 1850 1066 1918 divitiis,
1120 1858 1176 1905 et
1226 1864 1332 1904 non
1379 1864 1445 1903 ex
1498 1848 1673 1919 lapide

123 1943 578 1999 construxissemus
606 1958 750 2009 cum,
779 1939 875 1997 sed
896 1954 963 1996 ex
986 1953 1139 2007 auro,
1163 1954 1285 1993 eum
1312 1953 1524 2009 quoque
1551 1953 1676 2008 per-

123 2034 422 2090 didissemus.
473 2033 629 2089 Adeo
658 2032 822 2087 inﬁda
873 2045 963 2086 res
992 2038 1116 2085 sunt
1163 2029 1386 2097 divitiae,
1436 2037 1673 2085 nectam

122 2135 220 2179 sunt
242 2128 416 2180 eorum
441 2124 537 2195 qui
579 2123 799 2189 habent,
821 2137 980 2194 quam
1010 2137 1193 2177 eorum
1222 2122 1312 2192 qui
1358 2135 1547 2190 rapere
1573 2134 1669 2191 ag-

122 2218 415 2287 grediuntur.
444 2216 810 2285 Quamobrem
830 2230 1222 2285 supervacanea
1249 2221 1334 2269 est
1360 2213 1451 2268 illa
1476 2213 1669 2278 oratio,

123 2325 217 2380 qua:
238 2318 454 2365 conatur
479 2306 769 2363 ostendere
795 2306 1012 2361 divitias
1046 2321 1168 2361 esse
1204 2314 1505 2375 espugnatu
1534 2304 1675 2359 difﬁ-

122 2402 244 2466 ciles,
265 2416 378 2456 cum
423 2415 528 2455 nec
556 2399 609 2454 in
636 2399 725 2453 die
761 2397 973 2468 quidem
1002 2395 1190 2451 mortis
1216 2395 1313 2450 tuti
1337 2395 1443 2451 sint
1465 2394 1554 2465 qui
1580 2410 1671 2451 eas

122 2492 375 2563 possident.
404 2491 571 2561 Atqui
599 2490 721 2561 quis
748 2504 853 2543 non
879 2487 1252 2542 reconciliatur
1281 2501 1400 2541 cum
1434 2495 1667 2552 mortuo,

123 2582 296 2638 etiamsi
311 2584 376 2637 sit
393 2583 525 2647 fera,
548 2580 757 2636 etiamsi
775 2580 1007 2642 daemon,
1025 2576 1237 2632 etiamsi
1255 2576 1477 2648 quilibet
1496 2577 1671 2631 alius?

123 2672 281 2729 sufﬁcit
306 2674 442 2729 enim
478 2671 849 2743 spectaculum
876 2669 942 2725 ad
971 2668 1293 2723 flectendum
1325 2669 1408 2723 vel
1437 2667 1668 2724 ferreum

123 2764 187 2819 vel
222 2764 407 2819 doloris
453 2771 756 2833 expertem.
813 2762 1099 2830 Proriterea
1150 2774 1271 2813 cum
1312 2759 1431 2829 quis
1478 2760 1668 2815 viderit

124 2866 371 2919 mortuum,
397 2857 612 2912 etiamsi
640 2853 831 2909 viderit
854 2853 1123 2909 inimicum
1150 2860 1204 2906 et
1232 2851 1464 2917 hostem,
1495 2853 1669 2924 lacry-

124 2959 265 3003 matur
285 2965 398 3003 cum
424 2947 803 3004 amicissimis:
836 2954 891 3000 et
934 2945 1008 2999 ira
1039 2943 1253 3013 quidem
1309 2944 1671 3013 exstinguitur

124 3053 217 3092 cum
238 3041 350 3105 vita,
383 3039 503 3108 ejus
532 3046 708 3092 autem
735 3037 909 3091 locum
939 3034 1082 3090 subit
1108 3033 1495 3089 misericordia.
1529 3034 1594 3088 Et
1616 3035 1668 3089 in

124 3133 346 3203 exsequiis
372 3141 426 3187 et
452 3129 660 3185 funeris
685 3129 914 3184 elatione
936 3142 1040 3181 non
1062 3126 1379 3181 discreveris
1396 3126 1669 3182 inimicum

123 3222 248 3277 abeo
271 3223 352 3292 qui
378 3220 689 3292 hujusmodi
720 3235 828 3275 non
858 3228 975 3274 est:
1002 3218 1071 3272 ita
1107 3232 1297 3273 onmes
1330 3232 1667 3275 communem

124 3324 394 3369 reverentur
421 3321 694 3377 naturam,
715 3321 769 3366 et
798 3325 891 3367 cas
916 3325 1037 3381 qua:
1056 3310 1121 3365 de
1137 3325 1198 3365 ea
1217 3310 1340 3365 lata:
1359 3320 1483 3366 sunt
1503 3310 1666 3380 leges.

124 3402 288 3459 Divitite
314 3413 488 3459 autem
543 3417 613 3459 ne
659 3402 762 3457 hoc
799 3402 1015 3473 quidem
1045 3411 1368 3473 assequutte,
1399 3403 1531 3458 iram
1559 3405 1666 3459 im-

124 3494 300 3550 mittunt
343 3496 394 3549 in
440 3510 544 3551 eos
582 3495 673 3564 qui
728 3494 878 3564 ipsas
908 3494 1215 3563 possident;
1244 3494 1340 3549 sed
1368 3502 1422 3550 et
1458 3509 1551 3550 eos
1577 3496 1667 3566 qui

124 3586 232 3640 nulla
254 3588 420 3642 aliecti
446 3595 581 3642 sunt
609 3586 804 3656 injuria
836 3586 1066 3641 reddunt
1114 3585 1358 3642 inimicos
1406 3585 1665 3653 defuncti,

122 3676 337 3746 siquidem
381 3685 658 3732 mortuum
686 3689 883 3746 corpus
909 3676 1112 3731 nudare
1137 3687 1220 3730 est
1257 3676 1463 3731 acrium
1492 3678 1668 3733 inimi-

122 3781 267 3821 corum
284 3778 335 3822 et
360 3768 623 3824 hostium.
658 3765 727 3821 Et
752 3777 940 3822 natura
974 3767 1188 3838 quidem
1236 3768 1395 3823 etiam
1422 3770 1667 3826 inimicos

121 3857 157 3911 ei
199 3868 306 3915 tunc
345 3858 703 3924 reconciliat;
756 3858 956 3913 divitia:
1015 3868 1192 3915 autem
1244 3859 1405 3915 etiam
1465 3861 1519 3916 in
1572 3877 1667 3917 eos

121 3948 279 4007 bellum
328 3960 546 4023 gerunt,
594 3966 729 4022 quos
755 3967 824 4007 ne
854 3962 1078 4022 possunt
1124 3953 1341 4023 quidem
1370 3955 1529 4010 ullius
1554 3957 1664 4011 cri-

120 4042 245 4098 minis
284 4058 581 4108 accusare,
634 4053 690 4099 et
730 4044 785 4099 in
832 4058 1023 4115 magna
1064 4045 1352 4102 solitudine
1376 4047 1665 4104 crudeliter

119 4136 301 4191 miunt
350 4137 405 4191 in
453 4149 679 4204 corpus.
754 4135 915 4205 Atqui
988 4136 1155 4192 multa
1205 4148 1331 4193 sunt
1387 4139 1495 4195 illic
1540 4155 1662 4211 qua:

119 4237 297 4293 possunt
353 4226 635 4283 attrahere
684 4226 753 4281 ad
822 4228 1278 4296 misericordiam,
1325 4230 1427 4288 hoc
1479 4233 1655 4303 ipsum

3255 288 3364 346 306

1780 382 1923 451 quod
1966 383 2039 439 sit
2089 395 2358 442 mortuum
2381 428 2399 455 ,
2447 387 2592 459 quod
2641 388 2945 461 immobile,
2982 396 3126 465 quod
3157 398 3224 454 ad
3256 410 3367 457 ter-

1779 486 1892 527 ram
1920 475 2104 531 tendat
2141 486 2196 532 et
2216 478 2638 548 corruptionem,
2667 482 2808 551 quod
2838 499 2999 541 nemo
3026 488 3167 543 adsit
3208 504 3369 561 opem

1778 562 2000 621 laturus.
2049 566 2157 624 Sed
2181 570 2315 625 nihil
2344 568 2536 625 horum
2582 570 2779 643 frangit
2816 574 2936 630 illos
2972 581 3329 638 exsecrandos
3351 623 3371 651 ,

1779 669 2002 729 pmpter
2032 663 2369 734 tyrannidem
2413 679 2531 734 qua:
2575 680 2642 720 ex
2696 666 2943 737 improba
2988 669 3162 726 oritur
3202 674 3373 744 cupi-

1778 748 1963 806 ditate.
2000 753 2166 807 Amor
2194 754 2337 809 enim
2364 753 2636 824 pecuniae,
2670 763 2941 827 tamquam
2969 758 3219 818 immanis
3250 765 3370 833 qui-

1778 841 1901 897 dam
1956 854 2251 917 tyrannus,
2301 856 2455 918 urget
2514 846 2802 904 inhumana
2852 850 3001 921 jussa
3060 852 3369 923 imperans,

1779 950 1980 1005 eosque
2020 938 2074 991 in
2109 936 2249 993 feras
2285 948 2522 994 mutatos
2546 979 2562 1006 ,
2594 940 2666 995 ita
2695 940 2843 996 ducit
2870 941 2937 997 ad
2976 943 3203 999 loculos.
3229 945 3366 1000 Nam

1779 1034 2049 1097 tamquam
2082 1027 2210 1085 ferze
2240 1038 2480 1086 mortuos
2522 1030 2871 1100 invadentes,
2924 1048 2993 1089 ne
3037 1049 3069 1089 a
3115 1035 3367 1093 carnibus

1779 1119 1992 1187 quidem
2014 1120 2388 1189 abstinuerint,
2410 1122 2456 1177 si
2472 1124 2711 1179 membra
2735 1123 2841 1180 illis
2861 1134 3041 1181 essent
3060 1127 3229 1182 utilia.
3255 1128 3366 1185 Hos

1778 1210 1982 1275 fructus
2011 1212 2336 1282 percipimus
2383 1227 2453 1268 ex
2486 1214 2686 1270 divitiis
2709 1256 2723 1280 ,
2753 1216 2911 1271 etiam
2967 1226 3090 1288 post
3133 1228 3363 1276 mortem

1780 1300 1977 1369 probro
1997 1303 2386 1358 etcontumelia
2404 1303 2578 1360 affecti
2603 1314 2657 1360 et
2675 1307 2945 1375 sepultura
2964 1309 3177 1379 privati,
3201 1326 3360 1377 quam

1778 1402 2134 1461 assequuntur
2160 1384 2320 1449 etiam
2365 1394 2457 1465 qui
2498 1395 2697 1451 nefaria
2741 1409 3136 1467 perpetrarunt.
3185 1401 3362 1459 Easne

1777 1496 1926 1552 ergo,
1951 1482 2054 1548 die,
2077 1500 2230 1555 rogo,
2254 1485 2430 1540 adhuc
2449 1487 2744 1542 amabimus
2764 1505 2883 1559 qua:
2902 1491 3058 1546 nobis
3081 1502 3205 1547 sunt
3226 1494 3362 1550 adeo

1777 1573 1986 1630 infesta:
2031 1585 2086 1631 et
2133 1576 2403 1633 inimicas?
2430 1578 2808 1649 Nequaquam,
2840 1597 2993 1652 rogo,
3026 1599 3384 1661 nequaquam,

1776 1665 1988 1732 fratres,
2020 1669 2114 1723 sed
2147 1670 2438 1739 fugiamus,
2471 1686 2572 1726 nec
2602 1671 2791 1727 faciem
2820 1673 2889 1728 ad
2920 1688 2981 1729 ea
3009 1686 3152 1730 retro
3178 1688 3360 1734 verta-

1776 1773 1927 1824 mus;
1954 1769 2008 1813 et
2038 1761 2084 1815 si
2113 1761 2165 1814 in
2196 1776 2387 1815 manus
2426 1772 2636 1818 nostras
2664 1765 2928 1832 venerint,
2960 1782 3027 1822 ne
3058 1767 3202 1826 intus
3228 1771 3361 1825 reti-

1776 1864 2032 1915 neamus,
2063 1852 2159 1907 sed
2186 1868 2281 1908 eas
2304 1868 2596 1924 pauperum
2627 1858 2874 1912 manibus
2903 1861 3203 1931 alligemus.
3234 1864 3362 1920 llaec

1776 1941 1917 1997 enim
1938 1941 2152 1997 vincula
2173 1958 2269 1999 eos
2288 1944 2457 2015 magis
2478 1955 2700 2015 possunt
2720 1948 2975 2016 retinere,
3000 1960 3053 2006 ct
3070 1968 3360 2023 numquam

1775 2030 2029 2103 effugient
2056 2048 2122 2088 ex
2150 2034 2259 2089 illis
2282 2035 2584 2105 penuariis;
2617 2036 2837 2108 istacque
2868 2038 3045 2095 infida:
3067 2041 3135 2097 de
3161 2054 3362 2100 caetero

1774 2133 1993 2179 manent
2040 2124 2265 2193 ﬁdeles,
2316 2127 2577 2196 placidae,
2626 2138 2954 2197 mansuetae,
3003 2133 3361 2206 eleemosynze

1774 2215 1995 2272 dextera
2023 2216 2102 2272 sic
2130 2226 2491 2273 commutata.
2522 2218 2577 2274 Si
2608 2219 2823 2290 quando
2850 2236 2978 2291 ergo
3009 2223 3136 2292 ipsa:
3165 2224 3231 2279 ad
3262 2241 3361 2281 nos

1774 2307 2122 2375 accesserint,
2150 2308 2251 2378 ipsi
2272 2322 2365 2363 eas
2387 2309 2655 2366 tradamus
2680 2328 2694 2365 :
2724 2312 2807 2367 sin
2836 2322 3017 2368 autem
3042 2330 3147 2369 non
3174 2314 3362 2373 adfue-

1772 2399 1904 2465 rint,
1935 2414 2003 2455 ne
2028 2414 2350 2470 quaeramus,
2381 2416 2482 2457 nec
2509 2416 2608 2456 nos
2634 2402 2778 2472 ipsos
2801 2403 3123 2461 suﬁ‘ocemus
3142 2447 3157 2471 ,
3187 2423 3361 2478 neque

1773 2505 1868 2545 cos
1894 2490 1986 2562 qui
2027 2490 2226 2547 habent
2253 2492 2440 2548 beatos
2481 2494 2869 2550 existimemus.
2903 2496 3198 2564 Quomodo
3215 2501 3359 2556 enim

1772 2581 1965 2637 beatus
2010 2581 2097 2637 hic
2141 2584 2569 2640 existimandus?
2612 2586 2711 2641 nisi
2753 2600 2849 2642 eos
2878 2589 2965 2658 qui
3012 2604 3134 2645 cum
3172 2592 3360 2649 bestiis

1772 2679 2012 2741 pugnant
2046 2672 2234 2728 beatos
2263 2672 2500 2740 dixeris,
2544 2674 2686 2745 quod
2718 2675 2771 2729 in
2805 2678 2976 2746 pretio
3004 2678 3213 2735 habitas
3240 2682 3359 2738 illas

1772 2762 1973 2817 bestias
1999 2761 2099 2817 sibi
2128 2762 2366 2818 inclusas
2389 2773 2607 2819 servent
2631 2766 2722 2836 qui
2753 2768 2875 2821 talia
2910 2780 3214 2839 proponunt
3240 2786 3361 2828 cer-

1773 2852 1993 2918 tamina,
2023 2852 2120 2922 ipsi
2148 2867 2252 2907 non
2279 2852 2538 2909 audentes
2566 2856 2823 2912 accedere
2855 2874 2952 2914 nec
2982 2870 3231 2931 tangere,
3260 2863 3358 2919 sed

1773 2941 1917 3011 ipsas
1938 2940 2293 2998 formidantes
2320 2952 2376 2999 et
2403 2946 2900 3003 contremiscentes.
2932 2950 3043 3005 Hoc
3074 2953 3244 3022 ipsum
3269 2968 3360 3010 ac-

1773 3031 1903 3087 cidit
1923 3032 2086 3087 etiam
2107 3032 2380 3102 divitibus,
2412 3034 2503 3105 qui
2524 3044 2793 3105 tamquam
2818 3037 3105 3097 immanem
3131 3043 3357 3104 bestiam

1773 3122 1985 3178 divitias
2016 3122 2352 3180 incluserunt
2380 3126 2434 3180 in
2460 3127 2766 3196 penuariis,
2802 3139 2858 3184 et
2894 3130 2962 3184 ab
2988 3132 3101 3201 ipsa
3135 3133 3359 3205 singulis

1772 3216 1964 3273 diebus
2005 3216 2231 3273 vulnera
2275 3218 2545 3289 accipiunt
2593 3220 3036 3291 innumerabilia,
3082 3228 3358 3284 contrario

1772 3310 1931 3379 plane
1956 3309 2117 3365 modo
2157 3325 2317 3382 quam
2358 3310 2453 3367 fiat
2481 3312 2534 3366 in
2564 3312 2768 3368 bestiis.
2803 3314 2936 3369 Nam
2964 3317 3069 3371 illa:
3097 3319 3310 3389 quidem
3334 3362 3354 3389 ,

1771 3400 1987 3471 quando
2030 3416 2122 3457 eas
2152 3402 2436 3470 eduxeris,
2483 3413 2608 3459 tunc
2651 3404 2872 3460 exitium
2917 3407 3145 3463 aﬁ’erunt
3174 3410 3238 3464 iis
3263 3411 3355 3482 qui

1772 3492 1879 3547 illis
1906 3501 2195 3549 occurrunt
2224 3511 2239 3549 :
2270 3494 2387 3549 istte
2428 3504 2606 3551 autem
2650 3510 2772 3551 cum
2820 3497 3019 3554 fuerint
3055 3499 3273 3562 inclusa:
3300 3510 3360 3558 et

1771 3593 2016 3652 servaue,
2050 3597 2177 3642 tunc
2202 3601 2297 3643 eos
2323 3588 2551 3658 perdunt
2580 3589 2669 3660 qui
2697 3591 2839 3660 ipsas
2868 3592 3143 3661 possident
3167 3605 3220 3650 et
3243 3610 3358 3651 ser-

1770 3686 1916 3732 vant.
1944 3677 2049 3734 Sed
2090 3692 2190 3733 nos
2231 3678 2456 3734 bestiam
2485 3680 2622 3737 hanc
2662 3682 2950 3738 reddamus
2994 3697 3349 3743 mansuetam.

1773 3770 1889 3825 Erit
1908 3780 2087 3826 autem
2115 3782 2393 3827 mansueta
2413 3813 2429 3840 ,
2460 3775 2507 3828 si
2537 3788 2659 3831 eam
2685 3789 2789 3830 non
2822 3776 3195 3835 incluserimus
3214 3822 3227 3843 .
3258 3782 3353 3837 sed

1771 3866 1827 3919 in
1865 3865 2104 3919 omnium
2152 3866 2425 3935 egentium
2470 3881 2662 3923 manus
2711 3868 3113 3926 adduxerimus.
3169 3871 3259 3928 Sic
3301 3883 3356 3930 et

1770 3958 2000 4013 maxima
2046 3957 2184 4013 bona
2211 3957 2337 4013 inde
2382 3959 2769 4028 percipiemus,
2799 3967 2855 4015 et
2885 3962 2936 4015 in
2967 3951 3074 4017 vita
3106 3965 3356 4032 praesenti

1772 4059 1886 4103 tuto
1913 4063 1976 4104 ac
2017 4063 2206 4105 secure
2245 4057 2450 4104 etcum
2485 4048 2623 4104 bona
2653 4064 2751 4120 spe
2790 4051 3066 4120 viventes,
3100 4061 3156 4109 et
3185 4055 3237 4110 in
3266 4055 3357 4113 die

1771 4141 1949 4196 futuro
1977 4149 2185 4197 stantes
2212 4154 2335 4195 cum
2365 4139 2555 4196 ﬁducia
2584 4158 2600 4196 :
2630 4156 2791 4213 quam
2818 4142 2978 4201 detur
3004 4148 3157 4204 nobis
3182 4149 3357 4205 omni-

1768 4234 1869 4291 bus
1896 4234 2105 4305 assequi
2133 4234 2302 4305 gratia
2326 4245 2380 4290 et
2409 4234 2755 4305 benignitate,
2780 4245 2886 4292 etc.

121 4354 3351 4388 -—.—___________________________._______._____

1378 4439 1722 4505 HOMlLIA.
1757 4442 2060 4505 XXXVI.

114 4575 211 4636 Car.
238 4584 320 4641 14.
349 4601 402 4639 v.
433 4585 532 4643 20.
564 4584 775 4641 Fratres
795 4627 810 4653 ,
853 4586 1009 4641 nolite
1039 4586 1183 4656 pueri
1228 4587 1355 4657 efﬁci
1381 4588 1658 4656 mentibus,

164 4677 237 4727 mi
270 4677 461 4733 malitia
498 4679 702 4749 parvuli
734 4688 914 4745 estote,
965 4680 1213 4735 mentibus
1244 4688 1411 4736 autem
1453 4684 1661 4753 perfecti

165 4778 311 4823 estote.

167 4857 209 4911 l.
236 4859 413 4917 Merito
444 4871 570 4933 post
605 4862 828 4918 multam
855 4863 1319 4921 conﬁrmationem
1348 4874 1402 4923 et
1430 4866 1659 4925 demono

112 4948 377 5006 strationem
404 4953 655 5008 oratione
680 4953 847 5009 utitur
869 4954 1271 5012 vehementiore
1298 4964 1354 5011 et
1383 4957 1548 5012 multa
1578 4958 1660 5013 in-

112 5040 401 5108 crepatione,
454 5053 514 5099 et
552 5044 796 5100 meminit
842 5045 1073 5114 exempli
1111 5046 1365 5116 praesenti
1406 5046 1483 5101 rei
1522 5062 1656 5103 con-

112 5131 324 5191 gruentis.
353 5134 571 5190 Pueruli
601 5135 747 5191 enim
786 5136 853 5192 ad
894 5152 1058 5208 parva
1085 5137 1300 5209 quidem
1349 5138 1515 5194 hianti
1560 5153 1657 5196 ore

112 5226 285 5287 Stupent
322 5234 375 5279 et
403 5226 694 5295 mirantur,
722 5242 901 5283 rerum
933 5238 1113 5284 autem
1148 5229 1303 5285 valde
1341 5245 1654 5301 magnarum

114 5322 192 5364 non
216 5322 345 5371 tanta
376 5327 632 5375 tenentur
674 5320 1047 5377 admiratione.
1090 5322 1352 5391 Quoniam
1396 5339 1525 5395 ergo
1568 5324 1653 5381 isti

112 5416 282 5476 ‘lmque
306 5409 604 5482 linguarum
628 5412 888 5469 habentes
915 5414 1138 5479 donum,
1168 5430 1226 5471 se
1255 5424 1425 5472 totum
1456 5417 1655 5476 habere

113 5492 472 5568 cxisthnahant,
518 5503 661 5574 quod
705 5505 924 5576 quidem
954 5515 1071 5561 erat
1098 5506 1325 5563 aliorum
1368 5508 1651 5579 ultimum,

116 5595 347 5655 Propterea
370 5592 504 5649 dicit
532 5608 549 5649 :
577 5593 751 5650 Nolite
770 5596 914 5666 pueri
941 5597 1101 5667 efﬁci;
1129 5597 1232 5653 hoc
1258 5608 1361 5664 est,
1388 5614 1493 5655 non
1524 5599 1654 5655 insi—

116 5672 298 5749 Pientes,
327 5684 417 5741 ubi
440 5694 655 5759 oportet
678 5700 803 5746 esse
829 5688 1131 5761 sapientes;
1160 5689 1255 5746 sed
1282 5690 1390 5746 illic
1415 5692 1568 5763 pueri
1593 5700 1650 5749 et

1766 4590 2067 4661 simplices,
2099 4587 2191 4645 ubi
2231 4599 2315 4646 est
2344 4589 2602 4660 iniustitia
2622 4632 2639 4660 ,
2671 4591 2763 4648 ubi
2809 4592 2982 4649 inanis
3019 4592 3187 4665 gloria
3208 4633 3226 4659 ,
3260 4591 3353 4651 ubi

1767 4690 1963 4738 tumor.
1994 4681 2129 4737 Eum
2157 4683 2299 4738 enim
2324 4724 2340 4750 ,
2371 4684 2460 4754 qui
2491 4683 2622 4739 vitio
2662 4694 2749 4740 est
2793 4684 2998 4752 infans,
3028 4685 3189 4740 etiam
3217 4700 3352 4756 pru-

1762 4774 1978 4832 dentem
2003 4790 2125 4831 esse
2165 4784 2395 4845 oportet.
2424 4775 2574 4832 Sicut
2600 4775 2741 4832 enim
2774 4776 3054 4846 prudentia
3085 4791 3207 4832 cum
3244 4776 3351 4832 im-

1764 4867 2029 4937 probitate
2052 4882 2385 4939 nequaquam
2410 4867 2569 4924 fuerit
2594 4868 2873 4939 prudentia
2899 4885 2915 4924 :
2950 4870 3018 4924 ita
3040 4868 3202 4925 etiam
3221 4870 3351 4926 sim-

1762 4958 1970 5028 plicitas
1999 4973 2121 5014 cum
2152 4958 2384 5014 amentia
2424 4974 2530 5014 non
2562 4958 2721 5014 fuerit
2752 4959 3086 5030 simplicitas.
3130 4959 3263 5015 Nam
3294 4968 3353 5017 et

1763 5046 1818 5103 in
1847 5048 2189 5119 simplicitate
2219 5048 2462 5120 fugienda
2493 5057 2575 5103 est
2601 5050 2834 5104 amentia
2854 5090 2870 5117 ,
2900 5058 2956 5104 ct
2984 5050 3036 5105 in
3065 5051 3349 5121 prudentia

1760 5138 1948 5193 vitium
1968 5148 2023 5194 et
2043 5140 2297 5210 nequitia.
2318 5138 2778 5206 Quemadmodum
2801 5140 2943 5197 enim
2964 5156 3141 5213 neque
3164 5158 3346 5199 amara

1760 5243 1931 5298 neque
1960 5228 2135 5285 dulcia
2164 5229 2548 5285 medicamenta
2578 5238 2839 5299 prosunt,
2866 5232 2912 5286 si
2942 5233 3063 5287 talia
3090 5233 3198 5289 sint
3226 5234 3347 5305 plus

1759 5334 1918 5388 quam
1949 5334 2045 5389 par
2068 5319 2175 5375 sit:
2209 5319 2279 5374 ita
2310 5334 2412 5376 nec
2449 5320 2768 5391 simplicitas
2798 5338 2895 5392 per
2940 5338 3036 5389 se,
3079 5338 3179 5380 nec
3215 5340 3345 5394 pru-

1756 5414 1959 5470 dentia.
1990 5414 2349 5482 Quamobrem
2374 5413 2619 5470 Christus
2641 5422 2866 5487 utraque
2882 5414 3080 5488 iubens
3102 5426 3345 5473 contento

1758 5521 1947 5577 parare
1986 5506 2196 5561 dicebat
2225 5525 2239 5562 :
2276 5506 2451 5562 Estote
2487 5509 2762 5580 prudentes
2805 5511 2938 5565 sicut
2973 5520 3226 5581 serpentes
3247 5551 3264 5578 ,
3295 5518 3345 5566 et

1755 5598 2007 5670 simplices
2027 5597 2158 5653 sicut
2181 5597 2430 5654 columbae
2460 5597 2674 5672 (Matth.
2706 5599 2793 5656 10.
2822 5600 2938 5672 16).
2964 5600 3104 5670 Quid
3120 5609 3210 5675 est
3238 5615 3339 5655 au-

1756 5699 1861 5748 tem
1888 5704 2007 5747 esse
2035 5690 2286 5764 parvulos
2320 5706 2421 5749 seu
2450 5690 2681 5750 infantes
2712 5691 2915 5750 malitia
2941 5706 3036 5750 seu
3063 5690 3235 5749 vitio?
3260 5685 3340 5743 Ne
