3802 6214
365 217 468 276 507

325 399 329 403 ,
365 345 530 388 nosse
560 329 775 401 quidem
804 325 930 398 quid
954 325 1023 381 sit
1050 323 1235 379 vitium
1265 342 1279 378 :
1307 335 1400 377 eos
1425 321 1569 377 enim
1596 320 1710 375 vult
1732 332 1854 375 esse
1880 325 1960 372 ta-

364 423 465 479 les.
500 424 566 478 Et
595 421 716 476 ideo
754 416 963 474 dicebat
988 435 1000 471 :
1034 413 1254 470 Omnino
1282 413 1411 467 inter
1438 428 1524 466 vos
1563 410 1768 464 auditur
1794 408 1961 481 forni-

369 515 501 568 catio
531 515 620 584 (l.
657 511 778 566 Cor.
807 511 860 566 5.
893 509 986 579 1).
1035 506 1150 562 Non
1193 503 1362 570 dixit,
1409 502 1773 572 Perpetratur,
1823 499 1917 554 sed
1941 540 1959 566 ,

369 605 608 659 Auditur.
654 604 787 659 Rem
826 601 1006 665 enim,
1052 597 1257 668 inquit,
1308 595 1528 651 omnino
1574 594 1756 659 scitis;
1790 592 1960 662 ipsam

369 701 514 756 enim
544 697 832 769 aliquando
855 695 1156 750 audivistis.
1182 690 1410 746 Volebat
1430 690 1572 745 enim
1603 689 1748 758 ipsos
1768 700 1888 741 esse
1908 692 1964 738 et

370 794 517 848 viros
543 803 599 848 et
627 805 821 862 pueros
840 832 857 857 ,
901 787 996 843 sed
1029 786 1131 842 hoc
1159 785 1375 855 quidem
1405 783 1460 838 in
1490 783 1639 847 vitio,
1671 780 1801 836 illud
1830 794 1961 835 vero

371 888 425 941 in
454 886 754 957 prudentia.
783 883 874 939 Sic
892 882 1037 938 enim
1057 890 1112 936 ct
1132 879 1232 946 vir,
1262 879 1344 932 vir
1373 875 1555 944 fuerit,
1581 877 1625 930 si
1653 874 1812 930 fuerit
1839 889 1960 946 par-

375 979 532 1032 vulus
561 997 573 1032 :
609 975 861 1047 quamdiu
882 983 1059 1028 autem
1092 986 1195 1026 non
1227 970 1386 1024 fuerit
1413 968 1586 1023 infans
1614 967 1764 1030 vitio.
1791 981 1860 1021 ne
1879 965 1961 1020 vir

370 1069 584 1139 quidem
615 1068 736 1120 erit.
762 1048 1010 1134 Numqui
1041 1071 1123 1118 est
1149 1061 1442 1117 sceleratus
1467 1100 1480 1124 ,
1514 1073 1622 1112 non
1649 1059 1755 1112 erit
1780 1055 1958 1126 perfe-

371 1171 510 1227 ctus,
541 1158 634 1214 sed
666 1157 946 1226 insipiens.
973 1154 1064 1208 2l.
1098 1152 1164 1206 In
1190 1154 1298 1222 lege
1327 1152 1460 1204 enim
1486 1149 1730 1220 scriptum
1754 1156 1828 1202 est
1851 1163 1869 1204 :
1891 1144 1959 1201 In

369 1252 486 1306 aliis
515 1250 699 1320 linguis
727 1258 771 1302 et
799 1249 852 1302 in
885 1247 1030 1301 labiis
1057 1244 1171 1300 aliis
1197 1245 1377 1314 loqttar
1402 1241 1589 1313 populo
1619 1241 1765 1306 huic,
1792 1249 1839 1293 et
1868 1256 1958 1294 nec

370 1343 443 1396 sic
489 1341 760 1396 cxaudient
790 1355 890 1404 me,
933 1337 1055 1391 dicit
1101 1335 1368 1390 Dominus.
1397 1335 1554 1404 Atqui
1599 1347 1860 1403 nusquam
1904 1332 1956 1386 in

372 1435 491 1503 lege
518 1433 775 1502 scriptum
800 1441 902 1496 est,
934 1428 1026 1484 scd
1048 1429 1186 1484 sicut
1209 1429 1359 1497 prius
1383 1427 1515 1492 dixi,
1546 1426 1850 1481 universam
1874 1439 1958 1480 ve-

373 1534 541 1580 terem
585 1523 914 1591 Scriptorum
945 1535 1158 1590 semper
1188 1530 1344 1574 vocat
1375 1519 1545 1589 legem
1571 1527 1626 1574 et
1667 1518 1956 1588 prophetas

369 1626 425 1671 et
473 1613 742 1670 historias.
794 1611 1025 1666 Adducit
1071 1619 1249 1665 autem
1297 1610 1662 1665 testimonium
1712 1623 1776 1663 ex
1822 1607 1956 1662 Isaia

371 1709 657 1780 propheta,
689 1719 877 1760 rursus
915 1703 1040 1758 doni
1069 1702 1290 1773 gloriam
1321 1700 1625 1755 diminuens
1650 1698 1716 1754 ad
1744 1699 1954 1754 illorum

369 1799 686 1861 utilitatem;
718 1795 816 1851 sed
864 1805 1040 1849 tamen
1069 1793 1242 1862 ipsum
1270 1806 1392 1846 cum
1420 1790 1576 1846 laude
1605 1789 1774 1859 ponit.
1823 1787 1955 1842 Illud

368 1892 510 1946 enim
535 1933 550 1958 ,
586 1887 698 1944 Nec
719 1889 791 1942 sic
810 1928 826 1952 ,
859 1895 976 1943 erat
999 1883 1334 1942 ostendentis
1362 1881 1610 1938 sufﬁcere
1635 1880 1952 1936 miraculum

366 1985 436 2042 ad
461 1999 556 2040 eos
582 1980 955 2054 percellendos
985 1996 999 2033 :
1032 1979 1076 2034 si
1108 1987 1285 2032 autem
1312 1992 1420 2032 non
1449 1974 1791 2031 crediderunt
1813 2013 1826 2037 ,
1857 1988 1955 2029 eo-

367 2097 486 2137 rum
512 2080 670 2135 fuisse
687 2077 918 2148 culpam.
940 2075 1008 2129 Et
1033 2089 1128 2128 cur
1148 2071 1250 2126 hoc
1273 2070 1398 2126 fecit
1420 2071 1582 2136 Deus,
1601 2069 1645 2124 si
1675 2085 1779 2123 non
1801 2077 1956 2123 erant.

367 2171 661 2228 credituri?
691 2168 758 2225 Ut
783 2181 995 2236 semper
1015 2174 1324 2220 cerneretur
1350 2161 1526 2217 facere
1547 2176 1666 2231 qua:
1688 2175 1782 2214 sua
1807 2168 1951 2215 sunt.

367 2266 499 2320 Cum
528 2277 658 2333 ergo
701 2259 1027 2316 ostendisset
1070 2257 1230 2312 etiam
1273 2269 1340 2311 ex
1390 2252 1668 2325 prophetia
1693 2293 1708 2318 ,
1741 2252 1952 2322 signum

368 2373 473 2413 non
502 2355 656 2410 valde
683 2368 804 2410 esse
831 2351 982 2418 utile,
1013 2349 1285 2419 subjunxit
1309 2365 1322 2402 :
1352 2347 1444 2402 22.
1477 2345 1658 2416 Itaque
1687 2345 1878 2416 lingua:
1900 2345 1953 2399 in

327 2463 329 2465 ‘
365 2451 568 2520 signum
604 2455 720 2501 sunt
747 2460 849 2498 non
887 2441 1143 2512 ﬁdelibus,
1190 2441 1278 2493 sed
1327 2437 1618 2507 inﬁdelibus
1640 2454 1660 2492 :
1686 2437 1953 2508 prapltetia

365 2551 536 2595 autent
561 2554 661 2592 non
685 2535 999 2606 inﬁdelibus,
1028 2532 1116 2588 sed
1144 2530 1398 2600 ﬁdelibus.
1430 2529 1521 2585 23.
1553 2529 1615 2584 Si
1641 2545 1760 2600 ergo
1783 2544 1954 2583 conue-

365 2635 471 2686 niat
497 2632 730 2686 universa
751 2627 985 2682 Ecclesia
1004 2626 1058 2678 in
1081 2640 1257 2686 unum,
1279 2631 1324 2676 et
1344 2638 1516 2676 omnes
1538 2620 1726 2693 linguis
1748 2621 1956 2691 loquart-

367 2735 470 2789 tur,
519 2724 706 2778 intrent
745 2729 916 2774 autem
957 2717 1130 2771 idiota:
1158 2724 1245 2768 aut
1272 2713 1534 2781 inﬁdeles,
1581 2729 1747 2768 nonne
1788 2713 1954 2768 dicent

363 2815 498 2886 quod
527 2811 802 2868 insanitis?
831 2809 919 2865 24.
949 2809 1012 2864 Si
1044 2816 1212 2861 autem
1238 2821 1412 2861 omnes
1433 2804 1734 2874 prapltetent
1754 2846 1769 2870 ,
1801 2805 1953 2858 intret

362 2917 532 2960 autent
555 2905 668 2974 quis
697 2901 921 2972 inﬁdelis
949 2900 1028 2955 vel
1051 2900 1240 2964 idiota,
1271 2897 1584 2951 convincitur
1606 2896 1670 2950 ab
1695 2897 1947 2962 omnibus,

363 2998 676 3069 dijudicatur
699 2996 764 3049 ab
801 2992 1032 3048 omnibus
1056 3007 1076 3046 :
1097 2991 1188 3046 25.
1219 2999 1270 3044 et
1309 2989 1383 3044 sic
1408 2988 1605 3044 occulta
1648 2987 1818 3043 cordis
1841 2989 1953 3058 ejus

363 3092 632 3156 manifesta
670 3088 830 3158 ﬁunt,
861 3096 910 3141 et
952 3085 1139 3139 cadens
1179 3083 1232 3137 in
1263 3082 1446 3152 [aciem
1488 3081 1722 3135 adorabit
1746 3079 1946 3148 Deum,

363 3182 700 3256 pronuntiem
725 3180 862 3250 quod
887 3195 1000 3232 vere
1028 3176 1164 3233 Deus
1183 3177 1236 3231 in
1258 3177 1395 3231 vobis
1418 3176 1504 3230 sit.
1533 3174 1750 3232 Multam
1773 3191 1837 3232 ex
1862 3177 1949 3244 iis,

361 3289 482 3348 quae
509 3275 651 3330 dicta
678 3281 824 3336 sunt.
853 3271 941 3328 hic
960 3269 1166 3328 videbis
1185 3269 1596 3326 dubitationem.
1624 3267 1680 3325 Si
1701 3269 1844 3325 enim
1871 3270 1953 3327 in-

364 3365 612 3422 ﬁdelibus
639 3366 850 3436 signum
877 3371 1003 3418 sunt
1031 3362 1226 3432 linguae
1247 3402 1264 3429 ,
1291 3361 1562 3432 quomodo
1583 3361 1750 3417 dicit:
1781 3362 1838 3420 Si
1866 3363 1951 3420 vi-

363 3459 542 3518 derint
570 3472 666 3514 vos
694 3457 890 3529 linguis
912 3456 1192 3526 loquentes
1217 3454 1462 3510 inﬁdeles
1481 3496 1497 3522 ,
1535 3454 1717 3510 dicent
1744 3469 1841 3510 vos
1871 3456 1954 3510 in-

361 3550 584 3608 sanire?
611 3559 665 3606 et
690 3549 736 3604 si
771 3548 1048 3618 prophetia
1076 3562 1182 3602 non
1213 3545 1535 3609 inﬁdelibus,
1558 3546 1651 3602 sed
1681 3546 1946 3613 ﬁdelibus,

362 3641 634 3714 quomodo
661 3656 727 3697 ex
758 3655 821 3696 ea
842 3640 1191 3696 lucrabuntur
1215 3639 1376 3695 etiam
1403 3638 1693 3696 inﬁdeles?
1717 3639 1780 3696 Si
1802 3640 1948 3697 enim

362 3736 532 3801 intret,
562 3733 750 3805 inquit,
774 3731 999 3802 inﬁdelis
1018 3731 1155 3786 vobis
1177 3732 1608 3802 prop/tetantibus,
1637 3734 1952 3788 convincitur

360 3829 427 3882 ob
457 3829 687 3882 omnibus
705 3866 722 3893 ,
750 3825 1067 3896 dijudicatur
1093 3825 1158 3878 ab
1185 3824 1434 3879 omnibus.
1475 3823 1589 3880 Non
1630 3825 1747 3882 haec
1770 3836 1949 3882 autem

361 3921 560 3985 Solum,
589 3918 684 3974 sed
709 3917 869 3974 etiam
901 3926 1022 3987 post
1045 3932 1162 3972 eam
1189 3916 1420 3972 secunda
1453 3916 1576 3972 hinc
1604 3919 1773 3973 oritur
1797 3936 1948 3990 quae-

360 4013 506 4067 stio:
536 4010 816 4080 apparebit
840 4009 983 4064 enim
1014 4008 1192 4078 lingua
1232 4023 1420 4063 rursus
1449 4007 1620 4078 major
1648 4009 1946 4079 prophetia.

362 4105 497 4160 Nam
525 4105 576 4160 si
609 4104 804 4173 lingua:
832 4110 960 4158 sunt
983 4101 1039 4156 in
1065 4100 1274 4172 signum
1302 4100 1637 4166 inﬁdelibus,
1672 4101 1949 4171 prophetia

360 4207 540 4252 autem
567 4194 846 4260 lidelibus,
894 4193 946 4248 id
984 4191 1126 4262 quod
1155 4193 1292 4247 alios
1319 4191 1540 4246 attrahit
1565 4201 1619 4246 et
1643 4193 1946 4262 ccujungit,

361 4288 537 4359 majus
557 4295 732 4349 esteo
758 4284 897 4355 quod
929 4284 1219 4340 familiares
1244 4299 1308 4338 ac
1333 4283 1657 4340 domesticos
1676 4288 1949 4354 componit

360 4391 414 4436 et
443 4381 754 4437 concinnat.
774 4378 912 4448 Quid
939 4388 1020 4433 est
1039 4393 1166 4448 ergo
1182 4376 1322 4448 quod
1341 4377 1539 4432 dictum
1557 4379 1674 4434 est?
1690 4377 1828 4434 Nihil
1848 4377 1949 4434 dif-

363 4473 503 4528 ﬁcile
533 4487 632 4527 nec
657 4472 944 4526 obscurum
972 4485 1147 4541 neque
1175 4470 1444 4541 prioribus
1469 4472 1819 4538 contrarium,
1851 4469 1946 4525 sed

360 4563 516 4619 valde
536 4562 882 4627 conveniens,
913 4563 958 4617 si
984 4561 1342 4616 attendamus.
1371 4561 1504 4616 Nam
1527 4561 1807 4631 prophetia
1829 4563 1949 4632 qui-

358 4657 483 4713 dem
513 4657 750 4728 utrisque
779 4665 863 4712 est
905 4664 1060 4726 apta,
1104 4654 1282 4725 lingua
1327 4662 1507 4709 autem
1535 4655 1774 4710 minime.
1825 4653 1949 4710 Ideo

359 4767 482 4807 cum
508 4751 579 4807 de
605 4751 784 4821 lingua
813 4748 1039 4803 dixisset
1067 4761 1184 4802 eam
1213 4761 1335 4802 esse
1363 4747 1418 4800 in
1447 4747 1679 4816 signum,
1707 4745 1944 4813 addidit,

365 4842 486 4896 Non
515 4841 748 4910 ﬁdelibus
767 4883 781 4902 ,
814 4841 904 4894 sed
930 4839 1253 4908 inﬁdelibus,
1301 4838 1476 4907 hisque
1514 4838 1569 4892 in
1593 4840 1813 4909 signum,
1846 4837 1949 4894 hoc

359 4943 462 5000 est,
496 4933 560 4987 ad
583 4931 1060 5003 stupefaeicudum,
1087 4946 1193 4984 non
1221 4928 1355 4984 adeo
1376 4938 1554 4983 autem
1576 4928 1641 4982 ad
1668 4930 1949 4984 instituen-

369 5026 518 5081 dum.
545 5026 613 5079 At
639 5025 690 5078 in
719 5024 1016 5094 prophetia,
1044 5022 1232 5088 inquit,
1259 5021 1360 5076 hoc
1389 5020 1560 5091 ipsum
1583 5019 1702 5074 fecit
1723 5008 1905 5075 dicens
1929 5036 1945 5073 :

367 5117 644 5187 Pr0phetia
670 5127 837 5169 autem
867 5132 966 5170 non
991 5115 1283 5182 inﬁdelibus
1302 5153 1318 5177 ,
1349 5113 1438 5168 sed
1463 5111 1715 5181 ﬁdelibus.
1765 5111 1948 5182 Neque

363 5210 507 5264 enim
535 5206 708 5261 ﬁdelis
734 5222 867 5278 opus
897 5206 1060 5260 habet
1089 5217 1142 5260 ut
1173 5207 1381 5276 signum
1409 5203 1584 5258 videat
1605 5245 1620 5267 ,
1653 5203 1745 5257 sed
1774 5204 1947 5258 solum

361 5299 606 5357 doctrina
649 5298 846 5368 indiget
888 5305 944 5352 et
975 5297 1328 5352 institutione.
1359 5293 1639 5363 Quomodo
1665 5309 1828 5364 ergo,
1864 5295 1946 5348 in-

362 5394 499 5465 quit,
527 5391 660 5447 dicis
685 5387 1017 5460 prophetiam
1045 5388 1286 5456 utrisque
1306 5400 1426 5440 esse
1452 5387 1656 5449 utilem,
1686 5401 1806 5439 cum
1835 5385 1950 5455 ipse

361 5489 538 5553 dicat,
570 5485 692 5542 Non
720 5485 1049 5555 inﬁdelibus,
1080 5485 1167 5539 sed
1196 5483 1472 5554 ﬁdelibus?
1501 5483 1556 5540 Si
1583 5483 1868 5553 diligenter
1897 5495 1948 5538 et

365 5591 553 5637 exacte
581 5579 1008 5645 examinaveris,
1053 5579 1192 5634 scies
1231 5578 1372 5648 quod
1415 5578 1626 5633 dicitur.
1658 5578 1773 5633 Non
1805 5581 1948 5634 enim

364 5674 495 5731 dixit
522 5673 858 5746 prophetiam
885 5687 993 5730 nou
1013 5685 1135 5730 esse
1162 5671 1345 5728 utilem
1373 5669 1694 5739 inﬁdelibus,
1720 5672 1817 5729 sed
1841 5686 1946 5728 non

1125 207 1180 266 S.
1222 203 1500 263 JOANNIS
1533 199 2006 262 CllRYSOSTOMl
2043 201 2358 259 ARCIllEP.
2402 202 2936 261 CONSTANTINOP.

3573 207 3676 262 368

2071 331 2191 374 esse
2231 319 2283 373 in
2315 321 2555 390 signum,
2589 329 2646 376 ut
2685 320 2954 393 linguam,
2985 322 3193 379 scilicet
3236 324 3443 382 inutile.
3479 324 3671 398 Neque

2072 407 2378 464 inﬁdelibus
2409 411 2538 466 utile
2561 411 2686 482 quid
2714 421 2800 468 est
2825 413 3006 484 lingua
3030 431 3044 468 :
3075 429 3242 470 unum
3267 418 3417 472 enim
3443 428 3536 472 est
3561 419 3674 488 ejus

2069 513 2204 570 opus
2230 516 2293 557 ac
2319 518 2534 570 munus,
2564 505 2974 576 obstupefacere
3005 508 3181 564 solum
3221 524 3286 565 ac
3309 512 3672 569 conturbare.

2069 591 2289 663 Signum
2318 602 2402 650 est
2431 596 2575 650 enim
2605 611 2671 652 ex
2700 597 2765 653 iis
2805 614 2926 669 quze
2953 608 3080 654 sunt
3108 600 3284 656 media
3315 619 3332 656 :
3365 611 3424 655 ut
3451 605 3674 672 quamlo

2067 681 2200 738 dicit
2223 701 2235 738 :
2269 683 2379 739 Fac
2402 703 2599 741 mecum
2619 689 2840 760 signum,
2865 700 2920 746 et
2940 691 3108 756 addit,
3138 693 3190 745 in
3213 692 3444 757 bonum;
3472 705 3534 750 et
3563 713 3675 750 mro

2065 787 2220 841 sum,
2255 773 2447 830 Factus
2489 794 2602 830 sum
2646 787 2903 850 tamquam
2938 781 3232 854 prodigium
3262 784 3443 839 mltis
3487 783 3672 857 (Psal.

2066 863 2156 920 85.
2191 865 2278 920 l7.
2310 877 2359 920 et
2389 867 2478 924 70.
2513 868 2591 940 7),
2623 869 2725 925 hoc
2754 880 2856 937 est,
2883 873 2935 927 in
2967 874 3202 944 signum.

2135 956 2191 1010 2.
2222 957 2288 1012 Et
2311 967 2366 1012 ut
2385 961 2526 1015 scias
2548 975 2669 1016 eum
2695 961 2784 1018 hic
2803 963 3092 1021 adduxisse
3112 966 3346 1038 signum,
3381 983 3498 1023 non
3521 972 3670 1038 quasi

2065 1045 2224 1102 faciat
2253 1050 2450 1119 aliquid
2482 1053 2627 1106 omni
2657 1070 2722 1110 ex
2753 1065 2902 1124 parte
2925 1056 3058 1112 utile
3079 1099 3094 1124 ,
3129 1058 3181 1114 id
3208 1059 3354 1129 quod
3386 1075 3457 1114 ex
3494 1061 3594 1115 illo
3617 1060 3672 1115 ﬁt

2064 1137 2286 1194 inducit.
2311 1140 2448 1208 Quid
2477 1142 2578 1198 hoc
2604 1154 2688 1200 est
2707 1146 2932 1201 autem?
2965 1147 3167 1216 Dicent,
3201 1151 3400 1222 inquit,
3427 1153 3575 1222 quod
3599 1155 3674 1205 in-

2064 1232 2262 1286 sanitis.
2297 1233 2410 1290 Hoc
2436 1245 2616 1291 autem
2647 1237 2796 1304 dicit,
2827 1254 2932 1293 non
2961 1254 3028 1296 ex
3056 1251 3244 1297 natura
3273 1244 3454 1314 signi,
3483 1245 3586 1299 sed
3610 1261 3672 1299 ex

2064 1322 2278 1379 illorum
2304 1329 2562 1382 amentia.
2585 1328 2835 1386 [nﬁdeles
2861 1342 3040 1387 autem
3063 1334 3280 1404 quando
3299 1335 3579 1400 audieris,
3609 1353 3672 1391 ne

2064 1416 2340 1472 existimes
2364 1420 2582 1476 eosdem
2614 1422 2812 1495 ubique
2837 1424 2976 1493 dici,
3004 1426 3100 1482 sed
3124 1427 3422 1498 aliquando
3452 1445 3558 1485 eos
3586 1433 3672 1501 qui

2062 1509 2252 1564 morbo
2274 1511 2517 1567 laborant
2539 1514 2837 1582 ineurabili,
2863 1526 2916 1573 et
2938 1531 3156 1576 manent
3177 1521 3457 1592 ejusmodi
3482 1534 3546 1578 ut
3569 1541 3670 1580 non

2061 1599 2270 1669 possint
2309 1604 2540 1672 corrigi;
2573 1605 2860 1676 aliquando
2890 1619 3069 1665 autem
3097 1613 3261 1666 etiam
3289 1629 3392 1670 eos
3419 1616 3518 1685 qui
3548 1631 3673 1685 ptis-

2060 1700 2186 1744 sunt
2215 1695 2408 1748 mutari
2442 1711 2456 1748 :
2496 1697 2685 1766 quales
2733 1696 2951 1754 fuerunt
2995 1709 3237 1772 tempore
3285 1708 3671 1773 apostolum

2060 1782 2149 1851 qui
2178 1783 2582 1842 admirabantur
2611 1805 2673 1844 ea
2694 1807 2816 1861 quae
2840 1791 3093 1850 dicuntur
3113 1799 3388 1867 magnalia
3425 1799 3558 1866 Dei;
3585 1816 3674 1856 cu-

2056 1871 2290 1941 jusmodi
2319 1874 2414 1930 fuit
2442 1876 2746 1936 Cornelius.
2771 1883 2884 1939 Hoc
2901 1894 3138 1956 estergo
3155 1889 3301 1958 quod
3331 1890 3472 1946 dicit
3497 1909 3514 1945 :
3549 1892 3672 1946 Pro-

2060 1965 2239 2035 phetia
2267 1968 2485 2038 quidem
2531 1981 2616 2026 est
2659 1983 2715 2028 et
2758 1976 2813 2029 in
2844 1976 3148 2033 infidelibus
3190 1989 3247 2035 et
3287 1983 3342 2035 in
3376 1982 3676 2050 ﬁdelibus;

2059 2056 2295 2130 linguam
2321 2071 2500 2117 autem
2531 2065 2812 2123 audientes
2838 2068 3080 2125 inﬁdeles
3101 2081 3154 2126 et
3176 2073 3534 2144 insipientes,
3567 2093 3672 2132 non

2061 2153 2234 2206 solum
2265 2169 2371 2208 non
2403 2156 2770 2224 lucrifaciunt,
2802 2162 2897 2216 sed
2927 2163 3087 2218 etiam
3117 2179 3215 2219 eos
3243 2167 3349 2236 qui‘
3369 2168 3672 2238 loquuntur

2060 2244 2284 2302 irrident
2317 2257 2586 2319 tamquam
2619 2253 2836 2308 insanos
2863 2275 2876 2310 :
2907 2267 2987 2310 est
3019 2258 3160 2311 enim
3190 2259 3271 2312 eis
3302 2260 3489 2314 solum
3521 2262 3576 2316 in
3601 2265 3670 2318 si-

2057 2352 2218 2408 gnum
2245 2382 2260 2406 ,
2295 2340 2398 2398 hoc
2439 2352 2521 2399 est
2543 2385 2558 2410 ,
2601 2355 2658 2399 ut.
2689 2350 3057 2405 tantummodo
3084 2353 3508 2422 obstUpcscant.
3539 2357 3667 2412 Nam

2059 2429 2104 2485 si
2144 2432 2480 2501 sapuissent,
2526 2436 2685 2492 etiam
2717 2438 2907 2495 lucrati
2956 2452 3138 2498 essent
3181 2457 3414 2516 propter
3459 2449 3668 2520 signum

2058 2523 2200 2593 quod
2223 2524 2322 2580 fuit
2345 2528 2450 2583 illis
2466 2527 2670 2584 datum.
2702 2531 2820 2587 Non
2849 2535 2991 2588 enim
3019 2545 3144 2592 tunc
3167 2550 3337 2594 erant
3363 2542 3553 2595 solum
3581 2543 3668 2612 qui

2059 2616 2333 2674 ebrietatis
2373 2620 2763 2692 insimularent,
2795 2626 2891 2682 sed
2921 2628 3070 2682 multi
3100 2643 3195 2684 eos
3225 2632 3398 2686 etiam
3431 2633 3670 2688 admira-

2059 2709 2255 2768 bantur
2272 2724 2538 2784 tamquam
2559 2717 2651 2772 Dei
2673 2719 2935 2788 magnalia
2960 2721 3272 2791 loquentes:
3300 2728 3666 2795 quamobrem

2057 2803 2148 2872 qui
2176 2803 2471 2862 irridebant
2499 2817 2654 2863 erant
2697 2809 3031 2881 insipientes.
3062 2814 3131 2869 Et
3164 2815 3291 2872 ideo
3324 2817 3536 2873 Paulus
3564 2837 3668 2874 non

2056 2895 2302 2952 absolute
2326 2897 2496 2952 dixit:
2527 2899 2708 2956 Dicent
2730 2918 2815 2956 vos
2839 2903 3081 2970 insanire,
3105 2907 3201 2961 sed
3223 2907 3464 2974 addidit,
3497 2911 3670 2965 idiota

2056 2995 2103 3038 ct
2128 2986 2378 3055 inﬁdeles.
2410 2988 2699 3060 Pr0phetia
2719 3000 3032 3050 autemnon
3061 2995 3311 3053 absolute
3342 2999 3400 3054 in
3427 3001 3664 3071 signum,

2055 3077 2150 3133 sed
2180 3078 2249 3134 ad
2278 3080 2434 3136 ﬁdem
2467 3091 2523 3137 et
2548 3084 2834 3141 utilitatem
2866 3088 3106 3158 utrisque
3132 3100 3216 3146 est
3245 3100 3375 3160 apta
3407 3104 3467 3148 et
3497 3096 3663 3150 utilis.

2056 3169 2220 3241 quue
2245 3171 2344 3227 etsi
2372 3189 2478 3229 non
2509 3175 2710 3242 statim,
2741 3191 2838 3247 per
2861 3193 2926 3234 ea
2949 3189 3122 3236 tamen
3151 3197 3272 3251 quze
3299 3185 3573 3255 deinceps
3593 3202 3670 3241 se

2054 3271 2311 3332 qnuntur,
2339 3265 2578 3335 apertius
2606 3267 2990 3338 interpretatus
3017 3281 3131 3339 est,
3163 3273 3359 3330 dicens
3383 3295 3399 3334 :
3435 3275 3665 3334 εοιηνειι-

2055 3356 2187 3409 citur
2214 3357 2278 3410 ab
2307 3357 2558 3412 omnibus.
2590 3359 2652 3414 Si
2679 3361 2822 3416 enim
2863 3378 3036 3418 omnes
3066 3366 3377 3437 prapltctcnt
3396 3409 3414 3432 ,
3449 3369 3663 3440 inquit,

2055 3447 2208 3501 intret
2253 3459 2423 3503 autem
2462 3451 2574 3521 quis
2616 3452 2838 3522 inﬁdelis
2884 3455 2961 3510 uel
2997 3456 3190 3521 idiota,
3235 3461 3569 3516 convincitur
3604 3464 3665 3517 ab

2055 3540 2286 3595 omnibus
2308 3583 2325 3609 ,
2353 3542 2668 3612 dijudicatur
2691 3544 2754 3598 ab
2777 3547 3008 3601 onmibus
3035 3563 3054 3601 :
3082 3557 3129 3602 et
3150 3550 3226 3604 sic
3252 3553 3465 3606 occulta
3493 3555 3666 3609 cordis

2055 3635 2165 3706 ejus
2191 3636 2320 3704 ﬁunt
2341 3637 2631 3708 manifesta,
2654 3648 2699 3692 et
2725 3641 2911 3696 cadens
2927 3641 2981 3695 in
3002 3643 3184 3713 facient
3203 3645 3448 3700 adorabit
3470 3645 3661 3713 Dan,

2057 3728 2393 3796 pronuntians
2413 3730 2553 3796 quod
2597 3746 2710 3785 uere
2740 3730 2876 3786 Deus
2912 3733 2966 3787 in
2993 3735 3131 3788 vobis
3166 3736 3254 3790 sit.
3283 3736 3662 3804 Quamobrem

2056 3835 2163 3877 non
2193 3821 2296 3879 hoc
2317 3821 2489 3877 solum
2512 3824 2686 3893 major
2708 3833 2791 3879 est
2820 3824 3121 3894 prophetia,
3149 3827 3294 3895 quod
3321 3830 3430 3882 vim
3460 3829 3664 3885 habeat

2056 3913 2110 3972 in
2134 3914 2392 3984 utrisque,
2417 3914 2510 3970 sed
2535 3917 2695 3970 etiam
2718 3916 2858 3985 quod
2881 3932 2946 3971 ex
2972 3917 3276 3974 inﬁdelibus
3295 3934 3394 3975 eos
3412 3921 3664 3976 attrahat

2054 4007 2144 4078 qui
2171 4017 2297 4062 sunt
2321 4007 2762 4078 impudentiores.
2784 4007 2967 4078 Neque
2989 4009 3133 4064 enim
3162 4009 3302 4065 idem
3334 4020 3456 4066 erat
3489 4013 3659 4067 mira-

2055 4099 2236 4153 culum
2265 4099 2480 4168 quando
2500 4097 2816 4169 Sapphiram
2839 4100 3093 4168 convicit,
3120 4102 3263 4171 quod
3287 4103 3516 4171 quidem
3542 4115 3662 4159 erat

2055 4191 2389 4262 prophetiae;
2420 4202 2473 4248 et
2498 4191 2709 4262 quando
2737 4191 2927 4263 linguis
2950 4193 3270 4263 loquebatur
3291 4195 3492 4249 Petrus
3517 4213 3534 4248 :
3563 4196 3660 4251 sed

2057 4293 2182 4340 tunc
2208 4283 2422 4354 quidem
2451 4283 2666 4340 fuerunt
2704 4299 2893 4338 omnes
2922 4285 3180 4350 coerciti;
3223 4285 3440 4354 quando
3469 4299 3658 4342 autem

2055 4377 2374 4449 loquebatur
2399 4378 2617 4448 linguis,
2642 4377 2802 4431 etiam
2835 4392 2931 4446 pro
2954 4376 3124 4432 deliro
3144 4387 3227 4431 est
3254 4377 3494 4432 habitus.
3519 4379 3657 4434 Cum

2055 4487 2186 4544 ergo
2216 4471 2442 4526 dixisset
2485 4472 2718 4541 linguam
2749 4485 2854 4525 non
2892 4471 3154 4539 profuisse
3176 4512 3190 4535 ,
3236 4480 3290 4526 et
3321 4471 3420 4526 hoc
3475 4473 3657 4543 ipsum

2055 4580 2244 4622 rursus
2271 4573 2647 4623 extenuasset.
2679 4578 2744 4616 eo
2771 4563 2909 4632 quod
2940 4563 3150 4632 culpam
3178 4563 3231 4617 in
3259 4562 3484 4618 Iudaeos
3521 4579 3658 4618 eon—

2056 4659 2302 4724 tulisset,
2335 4655 2634 4726 procedens
2658 4655 2892 4709 ostendit
2919 4654 2971 4708 id
3000 4655 3161 4709 etiam
3203 4654 3419 4710 laedere.
3456 4654 3537 4709 Et
3561 4671 3658 4710 cur

2055 4751 2237 4807 datum
2267 4749 2387 4806 est?
2417 4748 2486 4804 Ut
2532 4746 2784 4817 procedat
2811 4762 2931 4800 cum
2971 4746 3408 4817 interpretatione
3451 4763 3471 4800 :
3527 4763 3658 4801 nam

2055 4844 2258 4913 absque
2279 4839 2370 4894 illo
2393 4841 2553 4895 etiam
2579 4839 2908 4894 contrarium
2935 4839 3114 4894 evenit
3139 4838 3280 4908 apud
3310 4839 3654 4908 insipientes.

2057 4933 2140 4999 Si,
2172 4933 2314 4988 enim
2335 4971 2351 4996 ,
2373 4931 2586 5000 inquit,
2616 4946 2789 4984 omnes
2816 4930 3088 5000 loquantur
3109 4930 3324 5001 linguis,
3353 4931 3657 5002 ingredian-

2057 5033 2138 5077 tur
2165 5032 2337 5077 autem
2361 5021 2593 5090 inﬁdeles
2623 5031 2668 5076 et
2693 5021 2881 5086 idiotis,
2912 5021 3080 5074 dicent
3110 5038 3196 5076 vos
3221 5022 3445 5075 insanire
3461 5041 3487 5087 ;
3517 5026 3657 5078 sicut

2056 5117 2214 5173 etiam
2246 5113 2475 5184 apostoli
2503 5113 2793 5168 existimati
2822 5123 2945 5168 sunt
2973 5112 3107 5167 ebrii
3140 5130 3153 5166 :
3186 5112 3436 5168 dicebant
3461 5115 3654 5179 enim,

2059 5209 2230 5264 Illusto
2258 5209 2310 5262 lii
2337 5218 2456 5262 sunt
2483 5206 2660 5276 repleti
2692 5205 2841 5276 (Act.
2873 5205 2930 5259 2.
2961 5205 3076 5272 15).
3103 5203 3210 5261 Sed
3250 5219 3358 5260 non
3399 5217 3487 5260 est
3515 5209 3656 5277 signi

2056 5303 2233 5371 culpa,
2252 5315 2438 5355 verum
2457 5299 2671 5353 illorum
2696 5297 2943 5352 ruditatis
2962 5306 3017 5350 et
3037 5296 3330 5367 injustitiat.
3358 5296 3653 5366 Propterea

2055 5393 2283 5462 adjecit,
2321 5389 2506 5443 ldiota:
2531 5399 2578 5442 et
2605 5389 2836 5458 inﬁdeles
2865 5403 2884 5442 .'
2912 5402 3078 5458 quare
3123 5388 3335 5442 illorum
3363 5388 3654 5457 imperiti:

2057 5484 2470 5540 etinlidelitatis
2498 5491 2580 5537 est
2602 5481 2945 5538 existimatio.
2969 5480 3099 5535 Nam
3124 5489 3182 5534 ut
3211 5481 3361 5551 prius
3386 5481 3521 5546 dixi,
3547 5497 3650 5534 non

2059 5578 2111 5632 in
2160 5579 2226 5632 iis
2266 5591 2384 5647 qum
2413 5574 2611 5629 dantur
2635 5574 2766 5629 vitio
2786 5614 2802 5640 ,
2847 5571 2940 5628 sed
2971 5573 3020 5627 in
3049 5573 3113 5626 iis
3142 5586 3261 5641 qua:
3288 5587 3394 5626 non
3420 5575 3650 5625 multum

2065 5681 2244 5727 tut-aut
2268 5699 2288 5740 ,~
2313 5679 2538 5727 conatur
2565 5668 2766 5725 donum
2795 5681 2998 5740 ponere
3018 5709 3034 5740 ,
3064 5675 3122 5722 ut
3149 5680 3247 5724 eos
3270 5667 3564 5739 reprimat,
3595 5680 3649 5722 et
