3802 6214
123 198 207 272 ὅντ’

114 330 185 383 κα)
207 320 494 388 οἰνδόὔτως
523 324 992 380 είσακούσονταί
1010 345 1151 396 μου,
1177 329 1339 397 λέγει
1371 329 1609 396 Κύριος.

113 409 258 465 Καίτοι
275 421 326 472 γε
343 404 572 476 οὐδαμοῦ
595 407 651 458 ἐν
681 406 758 476 τῷ
784 408 931 478 νόμῳ
951 410 1284 481 γέγραπται,
1310 410 1448 476 ἀλλ’,
1475 412 1614 481 ὅπερ

111 491 240 560 ἔφθην
270 485 437 548 εἰπὼν,
485 489 662 542 πᾶσαν
693 491 792 561 τὴν
838 491 1081 544 Παλαιὰν
1133 493 1221 545 ἀεὶ
1263 491 1428 562 νόμον
1459 492 1616 546 καλεῖ

107 576 178 629 καὶ
199 571 300 631 τούς
323 571 598 639 προφήτας
630 572 726 624 καὶ
750 573 849 635 τάς
873 573 1132 642 ἱστορίας.
1159 573 1406 644 Παράγει
1433 574 1491 626 δέ
1513 574 1612 644 τὴν

108 652 352 726 μαρτυρίαν
391 653 498 705 ἀπὸ
533 653 756 707 Ἠσαίου
801 654 896 707 τοῦ
933 657 1234 727 προφήτου,
1281 657 1442 710 πάλιν
1477 657 1611 708 ὐπο-

102 738 367 806 τεμνόμενος
389 735 484 788 τοῦ
518 737 854 806 χαρίσματος
889 740 989 808 τὴν
1011 739 1189 806 δόξαν,
1216 739 1353 809 πρὸς
1380 739 1444 792 τὸ
1471 737 1615 792 ἐκεί-

101 839 182 873 νων
210 820 444 890 χρήσιμον
471 836 484 850 ·
523 819 640 871 ἀλλ’
671 820 822 888 ὅμως
862 820 958 874 καὶ
1005 820 1149 874 οὕτω
1185 823 1302 890 μετ’
1333 820 1612 889 ἑγκωμίου

98 905 268 973 τίθησιν
311 901 451 956 αὐτό.
495 903 567 954 Τὸ
599 902 728 971 γὰρ,
767 905 920 958 Οὐδὲ
965 905 1137 969 οὕτω,
1179 903 1486 966 δεικνύντος
1521 898 1612 972 ἦν,

94 991 158 1041 ὅτι
180 985 336 1038 ίκανὸν
366 981 429 1056 ἦν
459 987 654 1050 αὐτοὺς
689 988 955 1058 ἐκπλῆξαι
995 987 1058 1040 τὸ
1090 985 1302 1056 Θαῦμα·
1336 987 1386 1038 εἰ
1426 986 1484 1038 δὲ
1514 985 1614 1038 οὐκ

94 1069 390 1136 ἐπείσθησαν,
435 1068 658 1121 ἐκείνων
691 1069 751 1121 τὸ
779 1068 1051 1138 ἔγκλημα.
1089 1070 1199 1122 Καὶ
1232 1069 1377 1132 τίνος
1427 1067 1613 1120 ἕνεκεν

93 1154 196 1204 κύτὸ
218 1151 450 1222 ἐποίησεν
472 1154 500 1204 ὀ
532 1152 686 1218 Θεὸς,
716 1154 766 1205 εί
799 1152 874 1224 μὴ
898 1152 1124 1223 ἔμελλον
1155 1152 1468 1216 πείθεσθαις
1495 1150 1612 1202 Ἵνα

93 1237 140 1285 :i
175 1232 318 1286 αὐτοῦ
349 1233 619 1303 πανταχοῦ
653 1234 908 1305 φαίνηται
957 1235 1148 1288 ποιῶν.
1201 1232 1391 1298 Δείξας
1431 1232 1613 1286 τοίνυν

93 1318 161 1367 καὶ
199 1315 292 1367 ἀπὸ
339 1316 432 1385 τῆς
470 1315 826 1386 προφητείας,
867 1317 950 1370 ὅτι
989 1317 1048 1369 οὐ
1099 1316 1306 1387 σφόδρα
1343 1314 1613 1385 χρήσιμον

93 1399 131 1450 τὸ
154 1399 371 1466 σημεῖον,
403 1399 678 1468 ἐπήγαγεν
703 1414 719 1429 ο
759 1399 940 1452 Ὥστε
982 1401 1041 1453 al
1072 1397 1346 1468 γλῶσσαι
1385 1398 1473 1462 είς
1504 1410 1615 1462 ση-

93 1480 222 1533 τιεῖόν
242 1483 405 1543 εἰσιν,
431 1483 502 1534 οὐ
531 1480 657 1546 τοῖς
693 1483 1109 1544 πιστεύουσιν,
1147 1480 1308 1535 ἀλλὰ
1331 1478 1456 1544 τοῖς
1480 1477 1615 1532 ἀπί-

94 1580 226 1628 τ’τοις
248 1579 261 1591 ⁸
287 1563 323 1628 ἠ
364 1562 431 1614 δὲ
462 1565 793 1632 προφητεία
824 1566 896 1618 οὐ
942 1564 1068 1629 τοῖς
1118 1563 1416 1626 ἀπίστοις,
1455 1557 1617 1614 ἀλλά

93 1645 182 1710 τοῖς
205 1646 608 1702 πιστεύουσιν.
641 1644 782 1700 Ἐὰν
803 1641 916 1700 οὖν
942 1646 1210 1713 συνέλθῃ
1232 1646 1270 1713 ἡ
1290 1640 1616 1709 Ἐκκλησία

93 1729 170 1794 ἴλη
190 1726 281 1780 ἐπὶ
315 1728 377 1782 τὸ
406 1729 572 1791 αὐτὸ,
597 1728 694 1783 καὶ
732 1729 956 1796 πάντες
992 1730 1300 1800 γλώσσαις
1320 1724 1612 1790 λαλῶσιν,

94 1809 363 1864 ’ίσέλθωσι
417 1809 486 1863 δὲ
520 1810 742 1864 ἰδιῶται
785 1813 821 1880 ἣ
872 1812 1136 1875 ἄπιστοι,
1175 1812 1288 1864 οὐκ
1348 1808 1613 1876 ἐροῦσιν,

93 1894 144 1944 ττι
187 1893 519 1955 Μαίνεσθε;
575 1893 710 1947 Ἐὰν
740 1893 809 1947 δὲ
865 1893 1088 1960 πάντες
1141 1891 1613 1960 προφητεύωσιν,

93 1974 289 2042 ἐσέλθῃ
319 1973 386 2027 δέ
408 1991 499 2040 τις
523 1974 780 2040 ἄπιστος
816 1977 854 2044 ἢ
880 1975 1134 2042 ιδιώτης,
1161 1973 1471 2042 ἐλέγχεται
1494 1968 1615 2025 ὑπὸ

93 2058 306 2120 ςιὶντων,
338 2057 718 2126 ἀνακρίνεται
750 2058 869 2112 ὑπὸ
903 2057 1179 2112 πάντων·
1224 2056 1322 2110 καὶ
1364 2054 1517 2108 οὕτω
1544 2051 1617 2104 τὰ

93 2139 274 2207 ρυπτὰ
316 2139 428 2210 τῆς
469 2141 718 2208 καρδίας
756 2141 943 2196 αὐτοῦ
979 2139 1207 2210 φανερὰ
1241 2140 1491 2209 γίνεται,
1517 2133 1618 2188 καὶ

94 2224 248 2278 λεσὼν
273 2223 374 2276 ἐπὶ
415 2225 744 2292 πρόσωπον
771 2222 1188 2292 προσκυνήσει
1229 2222 1310 2286 τῷ
1353 2218 1474 2284 Θεῷ
1499 2219 1619 2272 ἀπ-

93 2307 373 2376 Γγέλλων,
407 2307 496 2360 ὅτι
527 2308 672 2374 Θεὸς
710 2307 896 2372 ὄντως
936 2307 1007 2359 ἐν
1046 2305 1190 2374 ὑμῖν
1227 2305 1380 2358 ἐστι.
1411 2298 1617 2370 Πολλὴν

93 2389 273 2442 ιταῦθα
312 2390 380 2442 ἑκ
419 2388 526 2442 τῶν
567 2390 872 2460 εἰρημένων
905 2389 1004 2459 τὴν
1039 2387 1378 2456 ἐπαπόρησιν
1408 2384 1507 2436 ἴδοι
1532 2398 1618 2445 τις

93 2491 125 2526 ι.
155 2473 219 2525 Et
252 2472 366 2543 γὰρ
396 2476 507 2535 τοῖς
534 2473 781 2536 ἀπίστοις
824 2471 1046 2542 σημεῖόν
1093 2473 1228 2523 είσιν
1265 2470 1322 2522 αἱ
1353 2465 1616 2535 γλῶσσαι,

93 2558 154 2618 ὗς
173 2557 346 2624 λέγει,
391 2556 515 2609 Ἐὰν
550 2556 731 2610 ἴδωσιν
761 2557 906 2626 ὑμᾶς
927 2555 1200 2624 γλώσσαις
1233 2545 1532 2611 λαλοῦντας
1565 2547 1615 2599 οἱ

93 2656 276 2698 τιστοι,
303 2636 541 2709 ἐροῦσιν,
569 2639 649 2692 ὅτι
680 2638 1001 2701 Μαίνεσθε;
1034 2637 1129 2690 καὶ
1158 2638 1206 2689 εί
1226 2638 1534 2707 προφητεία
1555 2635 1615 2690 οὐ

93 2723 142 2782 ῖς
190 2719 470 2785 ἀπίστοις,
524 2719 658 2772 ἀλλά
696 2721 806 2782 τοῖς
843 2718 1182 2782 πιστεύουσι,
1233 2718 1350 2782 πῶς
1425 2720 1518 2772 καὶ
1565 2719 1616 2771 οε

93 2819 253 2854 τιστοι
283 2802 346 2866 ἐξ
386 2801 555 2871 αὐτῆς
597 2800 977 2872 κερδανοῦσιν;
1040 2801 1182 2853 Ἐὰν
1208 2800 1316 2872 γάρ
1347 2800 1615 2870 εἰσέλθῃ,

93 2886 216 2952 ισίν,
252 2883 519 2949 ἄπιστος
547 2883 1044 2952 προφητευόντων
1073 2879 1240 2950 ὑμῶν
1259 2922 1271 2945 ,
1308 2882 1618 2952 ἐλέγχεται

93 2968 145 3020 τὸ
171 2968 452 3032 πάντων,
484 2966 582 3020 καί
609 2966 1010 3034 ἀνακρίνεται.
1047 2965 1157 3034 Οὐχ
1182 2963 1318 3036 αῦτη
1346 2965 1403 3018 δὲ
1437 2965 1615 3036 μόνον,

94 3051 164 3102 λά
194 3051 298 3103 καὶ
339 3048 481 3119 μετά
513 3048 712 3118 ταύτην
742 3047 968 3118 δευτέρα
995 3046 1156 3116 ἑτέρα
1182 3047 1406 3117 ζήτησις
1435 3047 1620 3101 ἐντεῦο

93 3154 110 3184 ι
145 3133 364 3202 φύεται
393 3146 408 3161 ’
445 3135 686 3201 φανεῖται
711 3131 817 3202 γὰρ
842 3132 877 3202 ἡ
913 3129 1130 3198 γλῶττα
1162 3129 1325 3183 πάλιν
1353 3130 1453 3199 τῆς
1486 3147 1620 3201 προ-

100 3219 263 3280 τείας
299 3216 530 3287 μείζων.
563 3217 623 3268 Εἰ
643 3214 751 3286 γὰρ
778 3216 832 3267 αί
861 3213 1104 3281 γλῶσσαι
1136 3214 1216 3276 εἰς
1247 3215 1472 3282 σημεῖον
1507 3215 1620 3276 τοῖς

94 3301 114 3351 ί
124 3316 308 3362 στοις,
339 3300 378 3369 ἡ
414 3298 468 3351 δὲ
497 3297 799 3368 προφητεία
820 3299 933 3359 τοῖς
963 3298 1194 3360 πιστοῖς,
1217 3295 1281 3348 τὸ
1302 3295 1430 3358 τοὺς
1457 3294 1616 3348 ἀλλο-

93 3383 208 3444 Ξους
265 3379 643 3448 ἐφελκόμενον
683 3377 833 3451 [554]
864 3378 960 3431 καὶ
999 3376 1252 3443 οἰκειοῦν,
1301 3376 1486 3448 μεῖζον
1520 3375 1617 3430 τοῦ

93 3463 409 3534 Ίμίζοντος
452 3463 578 3525 τοὺς
617 3462 871 3526 οἰκείους.
907 3461 972 3514 Τί
1008 3456 1102 3515 οῦν
1157 3461 1274 3514 ἐστι
1307 3460 1368 3514 τὸ
1400 3461 1622 3532 εἰρημέ-

93 3563 136 3610 ν;
171 3545 369 3599 Οὐδὲν
403 3543 659 3598 δύσκολον
689 3545 810 3598 οὐδέ
839 3543 1048 3612 ἀσαφὲς
1074 3542 1194 3596 οὐδὲ
1227 3543 1466 3596 ἐναντίον
1507 3544 1622 3606 τοῖς

93 3628 379 3697 τροσΟεν,
421 3626 559 3680 ἀλλὰ
597 3627 691 3680 καὶ
721 3627 924 3696 σφόδρα
967 3624 1280 3697 συμϐαῖνον,
1324 3628 1418 3678 ἐὰν
1451 3641 1622 3695 προσ-

93 3729 263 3781 ›μ.εν.
317 3710 396 3762 Ἦ
433 3709 530 3779 μὲν
571 3709 677 3781 γὰρ
711 3709 1018 3780 προφητεία
1069 3707 1398 3780 ἀμφοτέροις
1432 3707 1624 3777 ἐπιτή-

93 3811 178 3857 ος,
255 3795 299 3864 ἡ
359 3793 422 3845 δὲ
461 3791 677 3862 γλῶττα
713 3793 914 3846 οὐκέτι.
956 3792 1151 3863 Διόπερ
1194 3790 1360 3845 εἰπὼν
1394 3791 1487 3842 ἐπὶ
1523 3790 1622 3860 τῆς

93 3896 301 3949 πτης,
338 3877 453 3941 Εἰς
493 3876 742 3946 σημεῖόν
784 3876 936 3940 ἐστι,
980 3874 1336 3947 προσέθηκεν,
1387 3875 1468 3927 Οὐ
1497 3871 1623 3938 τοῖς

93 3963 280 4014 ντεύο
292 3975 474 4024 υσιν,
501 3960 658 4014 ἀλλά
682 3959 804 4024 τοῖς
836 3959 1132 4024 ἀπίστοις,
1164 3956 1261 4010 καὶ
1287 3957 1518 4022 τούτοις
1537 3958 1624 4020 εις

95 4043 304 4106 ιεῖον,
340 4040 646 4106 τουτέστιν,
669 4044 745 4104 είς
773 4041 1052 4111 ἔκπληξιν,
1082 4041 1182 4093 οὐκ
1211 4041 1289 4102 είς
1322 4039 1623 4110 κατήχησιν

93 4129 305 4180 >ῦτον.
362 4124 529 4177 Ἀλλά
577 4125 671 4178 καὶ
713 4126 804 4177 ἐπὶ
847 4124 945 4194 τῆς
990 4121 1343 4194 προφητείας,
1383 4122 1535 4192 φησὶ,
1562 4121 1624 4174 τὸ

93 4211 122 4263 ὸ
144 4208 354 4262 τοῦτο
378 4207 653 4277 ἐποίησεν,
676 4205 863 4271 εἰπὼν,
879 4207 949 4260 ἸΙ
975 4205 1042 4258 δὲ
1063 4204 1390 4271 προφητεία
1407 4207 1479 4258 ού
1499 4203 1624 4270 τοῖς

93 4309 339 4357 στοις,
382 4291 544 4343 ἀλλά
571 4288 693 4356 τοῖς
720 4288 1131 4342 πιστεύουσιν.
1155 4285 1289 4339 Οὐδὲ
1307 4285 1414 4356 γάρ
1439 4286 1625 4355 χρείαν

94 4419 95 4422 η
140 4376 175 4426 ὁ
214 4373 455 4435 πιστὸς
479 4375 698 4442 σημεῖον
734 4371 882 4433 ίδεῖν,
911 4369 1046 4423 ἀλλὰ
1083 4368 1428 4432 διδασκαλίας
1453 4369 1624 4422 δεῖται

93 4479 153 4513 2v
199 4459 332 4513 καὶ
370 4457 750 4526 κατηχήσεως.
788 4453 914 4517 Πῶς
949 4449 1043 4507 οὖν
1080 4453 1144 4506 σὺ
1192 4452 1392 4520 λέγεις,
1438 4454 1623 4521 φησὶν,

101 4542 385 4611 οτὲροις
424 4540 692 4607 χρήσιμον
729 4536 871 4588 εἶναι
917 4536 1016 4605 τὴν
1061 4535 1414 4605 προφητείαν,
1461 4534 1626 4587 αὐτοῦ

94 4641 299 4684 ιντοζ,
339 4624 444 4673 Οὐ
475 4620 596 4684 τοῖς
617 4621 916 4684 ἀπίστοις,
959 4618 1121 4674 ἀλλὰ
1149 4618 1274 4681 τοῖς
1311 4619 1630 4672 πιστεύου-

95 4725 119 4769 ;
172 4704 354 4757 Ἐὰν
417 4701 657 4773 ἀκριϐῶς
706 4701 984 4773 ἐξετάσῃς,
1035 4699 1158 4772 εἴσῃ
1201 4700 1262 4752 τὸ
1316 4700 1625 4770 λεγόμενον.

93 4807 104 4838 :
139 4787 292 4857 γὰρ
331 4779 527 4844 εἶπεν.
557 4784 638 4836 ὅτι
674 4784 774 4836 οὐκ
806 4783 921 4836 ἔστι
963 4784 1284 4853 χρήσιμοςή
1325 4783 1631 4852 προφητεία

100 4870 473 4933 ἀπίστοις,
521 4866 660 4929 ἀλλ’,
703 4867 816 4919 Οὐκ
863 4866 1009 4918 ἐστιν
1057 4867 1138 4927 εἰς
1180 4867 1426 4935 σημεῖον,
1473 4865 1547 4928 ὡς
1597 4867 1630 4936 ἡ

93 4972 245 5018 ιτα,
293 4951 608 5019 ἀνωφελὲς
657 4949 917 5019 δηλονότι.
975 4949 1108 5002 Οὐδέ
1137 4953 1248 5012 τοῖς
1288 4949 1535 5012 ἀπίστοις
1578 4967 1632 5004 τι

93 5053 291 5108 ,ιμον
331 5037 384 5105 ἡ
428 5033 673 5101 γλῶτται
705 5032 761 5086 ἓν
795 5033 902 5101 γὰρ
933 5033 1102 5100 αὐτῆς
1136 5034 1251 5084 ἐστι
1284 5031 1344 5084 τὸ
1371 5031 1550 5103 ἔργον,
1572 5033 1634 5085 τὸ

94 5122 288 5191 ,ἦξαι
339 5116 526 5187 μόνον
561 5116 656 5170 καὶ¹
693 5115 1009 5186 θορυϐῆσαι.
1040 5115 1113 5167 Τὸ
1137 5114 1245 5185 γάρ
1278 5117 1502 5182 σημεῖον
1527 5116 1634 5168 τῶν

93 5223 158 5257 ›ν
202 5198 430 5254 ἐστίν
452 5212 466 5227 ·
489 5199 563 5260 ὡς
587 5199 714 5250 ὅταν
731 5197 885 5267 λέγῃ,
910 5197 1173 5263 Ποίησον
1195 5197 1321 5266 μετ’
1341 5196 1487 5264 ἐμοῦ
1527 5211 1636 5263 ση-

93 5305 156 5350 ν’,
228 5280 380 5336 καὶ
449 5279 820 5350 προστίθησιν,
867 5281 953 5343 εὶς
985 5277 1239 5346 ἀγαθόν·
1295 5277 1389 5330 καὶ
1435 5277 1598 5330 πάλιν
1616 5318 1638 5343 ,γ

94 5368 404 5436 νήθην
457 5362 594 5416 ὡσεὶ
639 5361 813 5431 τέρας
845 5359 968 5426 τοῖς
1015 5359 1288 5426 πολλοῖς,
1330 5359 1610 5412 τουτέστιν

94 5472 124 5501 r
146 5450 414 5501 μεῖον.

115 5472 124 5479 ⁵
209 5469 414 5500 ειον.

115 5469 309 5585 ’ἑξαὶ
362 5525 476 5579 ἵνα
508 5525 701 5597 μάθῃς,
726 5526 807 5580 ὅτι
840 5525 899 5580 τὸ
930 5527 1151 5598 σημεῖον
1182 5523 1412 5580 ἐνταῦθα
1444 5523 1541 5593 οὐχ
1560 5522 1636 5587 ώς

1028 216 1093 270 IN
1137 215 1352 274 EPIST.
1397 216 1414 270 Ι
1454 216 1544 271 ΑΙ)
1580 214 1736 272 COR‘.
1782 215 2017 272 HOM!L.
2055 215 2290 272 XXXVI.

1716 329 1892 401 πάντη
1933 331 2207 400 χρήσιμόν
2250 348 2304 384 τι
2343 331 2530 385 ποιοῦν
2579 333 2921 403 παρήγαγεν,
2956 333 3200 405 ἐπήγαγε
3234 333 3295 387 τὸ

1714 411 1775 474 ἑξ
1807 412 1975 463 αὐτοῦ
2011 414 2318 483 γινόμενον.
2355 414 2420 466 Τί
2459 414 2516 467 δὲ
2560 409 2629 484 ἦν
2661 415 2850 482 τοῦτο;
2894 417 3148 485 Ἐροῦσι,
3190 435 3295 488 φη-

1717 493 1825 559 σὶν,
1871 494 1962 548 ὅτι
2011 496 2334 552 Μαίνεσθε.
2388 495 2557 549 Τοῦτο
2581 497 2637 550 δὲ
2664 498 2727 550 οὐ
2756 499 2907 569 παρά
2947 500 3046 569 τὴν
3073 499 3168 553 τοῦ
3198 515 3296 569 ση-

1716 577 1870 646 μείου
1912 577 2095 644 φύσιν,
2126 579 2264 632 ἀλλά
2301 579 2453 650 παρά
2482 579 2580 650 τὴν
2626 582 2812 635 ἄνοιαν
2841 582 3086 635 ἐκείνων.
3143 582 3296 634 Ἀπί-

1716 671 1880 720 στους
1909 659 1968 712 δὲ
2017 661 2148 714 ὅταν
2194 659 2454 733 ἀκούσῃς,
2493 661 2566 731 μὴ
2597 663 2724 726 τοὺς
2764 663 2962 726 αὐτοὺς
3015 663 3294 732 πανταχοῦ

1713 739 1904 808 νόμιζε
1937 741 2211 810 λέγεσθαι,
2258 743 2394 797 ἀλλὰ
2424 744 2554 797 ποτέ
2587 744 2684 814 μὲν
2708 745 2836 808 τοὺς
2871 744 2940 798 τὰ
2985 744 3177 798 ἀνίατα
3206 760 3299 797 νο-

1716 821 1944 885 σοῦντας
1973 825 2067 877 καὶ
2089 825 2452 896 άδιορθώτους
2484 826 2766 897 μένοντας,
2802 828 2934 882 ποτὲ
2961 827 3018 880 δέ
3045 829 3173 890 τοὺς
3199 828 3294 882 καὶ

1716 904 2110 972 μεταϐαλέσθαι
2158 907 2506 976 δυναμένους.
2538 905 2640 962 οἷοι
2678 905 2818 978 ἦσαν
2873 911 2966 963 ἐπὶ
3011 909 3124 962 τῶν
3155 911 3294 963 ἀπο-

1715 986 1913 1039 στόλων
1941 989 1990 1040 οί
2026 988 2394 1058 Θαυμάζοντες
2423 991 2490 1043 τὰ
2517 990 2782 1062 λεγόμενα
2822 991 2916 1044 τοῦ
2951 990 3086 1044 Θεοῦ
3123 1009 3295 1062 μεγα-

1713 1067 1828 1120 λεῖα
1848 1085 1861 1097 ·
1887 1066 1988 1122 οἷοι
2015 1071 2111 1124 ἐπὶ
2136 1072 2228 1124 τοῦ
2262 1072 2584 1143 Κορνηλίου.
2634 1076 2699 1127 ’0
2726 1074 2905 1128 τοίνυν
2934 1074 3102 1142 λέγει,
3134 1075 3295 1128 τοῦτό

1715 1152 1862 1204 ἐστιν
1887 1168 1899 1182 ·
1933 1153 2070 1224 ὃτιή
2104 1155 2202 1223 μὲν
2230 1155 2536 1224 προφητεία
2570 1157 2664 1210 καὶ
2694 1159 2752 1210 ἐν
2784 1159 2897 1221 τοῖς
2922 1157 3171 1220 ἀπίστοις
3199 1158 3295 1212 καὶ

1715 1234 1774 1285 ἐν
1798 1237 1910 1298 τοῖς
1948 1239 2157 1300 πιστοῖς
2193 1237 2365 1308 ἰσχύει
2389 1255 2402 1268 ”
2433 1238 2530 1309 τὴν
2565 1239 2622 1292 δὲ
2656 1239 2906 1308 γλῶτταν
2931 1240 3216 1302 ἀκούοντες
3242 1241 3293 1292 οἱ

1714 1315 1930 1369 ἄπιστοι
1957 1318 2053 1370 καὶ
2081 1318 2319 1391 ἀνόητοι.
2348 1321 2407 1374 οὐ
2446 1321 2604 1390 μόνον
2637 1323 2699 1374 οὐ
2729 1321 3127 1392 κερδαίνουσιν,
3155 1319 3296 1374 άλλά

1715 1397 1808 1449 καὶ
1844 1399 2238 1466 καταγελῶσιν,
2268 1401 2344 1464 ὡς
2368 1403 2732 1472 μαινομένων,
2753 1403 2860 1456 τῶν
2883 1402 3292 1472 φθεγγομένων.

1715 1478 1826 1530 Καὶ
1856 1480 1964 1551 γάρ
1990 1481 2070 1542 εἰς
2104 1483 2328 1552 σημεῖόν
2355 1485 2504 1538 ἐστιν
2549 1485 2733 1547 αὐτοῖς
2763 1485 2950 1554 μόνον·
2995 1484 3290 1549 τουτέστιν,

1715 1561 1796 1622 είς
1819 1560 1880 1613 τὸ
1929 1561 2326 1634 ἐκπλήττεσθαι
2371 1565 2593 1630 ἁπλῶς·
2630 1567 2707 1630 ὼς
2733 1567 2788 1618 οἵ
2813 1583 2876 1634 γε
2917 1565 3042 1620 νοῦν
3079 1565 3296 1635 ἔχοντες

1715 1643 1810 1696 καλ⁸
1838 1645 2167 1715 ἐκέρδαινον,
2201 1647 2266 1700 δι’
2297 1647 2324 1700 ὃ
2352 1649 2509 1718 ἐδόθη
2540 1649 2600 1702 τὸ
2627 1652 2876 1720 σημεῖον.
2902 1649 2976 1703 Οὐ
3001 1649 3108 1720 γάρ
3133 1649 3296 1720 μόνον

1715 1725 1764 1778 οί
1818 1725 1989 1797 μέθην
2036 1727 2214 1781 αὐτῶν
2269 1731 2704 1802 κατηγοροῦντες
2759 1727 2898 1801 ἦσαν
2956 1730 3100 1793 τότε,
3154 1729 3293 1783 ἀλλὰ

1716 1808 1901 1861 πολλοὶ
1932 1810 2028 1863 καὶ⁹
2072 1810 2380 1881 ἐθαύμαζον
2424 1814 2642 1876 αὐτοὺς,
2676 1813 2753 1876 ώς
2783 1813 2854 1866 τά
2901 1813 3162 1883 μεγαλεῖα
3193 1810 3292 1864 τοῦ

1715 1890 1852 1944 Θεοῦ
1901 1891 2316 1963 διηγουμένους·
2363 1893 2504 1948 ὥστε
2549 1898 2598 1948 οἱ
2647 1894 2932 1964 γελῶντες,
2980 1897 3031 1949 οί
3075 1894 3292 1964 ἀνόητοι
3376 1919 3378 1922 ν

1713 1969 1877 2043 ἦσαν.
1921 1975 2013 2027 Διὸ
2054 1975 2149 2028 καὶ
2177 1975 2388 2039 Παῦλος
2428 1978 2527 2047 οὐχ
2572 1978 2759 2042 ἁπλῶς
2793 1972 2967 2041 εἶπεν,
3013 1971 3294 2044 Ἐροῦσιν

1717 2055 1806 2109 ὅτι
1833 2057 2156 2117 Μαίνεσθε,
2188 2057 2324 2112 ἀλλὰ
2365 2059 2726 2129 προσέθηκεν,
2773 2059 2987 2114 ’διῶται
3017 2059 3116 2114 καί
3152 2058 3290 2112 ἄπι-

1716 2152 1872 2190 στοι.
1915 2138 1979 2190 Ἦ
2004 2138 2060 2191 δὲ
2091 2139 2395 2209 προφητεία
2421 2141 2520 2194 οὐκ
2547 2141 2626 2204 είς
2657 2145 2884 2212 σημεῖον
2915 2141 3122 2204 ἁπλῶς.
3152 2139 3292 2195 ἀλλὰ

1717 2219 1812 2273 καὶ
1853 2221 1934 2283 είς
1963 2221 2142 2273 πίστιν
2172 2222 2266 2274 καὶ
2303 2223 2384 2285 είς
2429 2223 2698 2292 ὠφέλειαν
2731 2223 3066 2295 ἀμφοτέροις
3095 2225 3291 2294 ἐπιτη-

1717 2301 1835 2355 δεία
1889 2303 1982 2356 καὶ.
2031 2303 2320 2373 χρήσιμος.
2368 2305 2480 2358 Καὶ
2507 2306 2664 2359 τοῦτο
2715 2308 2765 2360 εἰ
2811 2307 2906 2361 καὶ
2951 2306 3027 2378 μὴ
3064 2305 3288 2370 εὐθέως,

1715 2384 1852 2439 ἀλλά
1892 2385 1982 2440 διὰ
2013 2385 2120 2439 τῶν
2159 2387 2287 2457 ἑξῆς
2332 2389 2661 2460 σαφέστερον
2691 2391 3053 2461 ὴρμήνευσεν,
3084 2387 3287 2442 εἰπών·

1728 2469 2068 2537 Ἐλέγχεται
2101 2469 2221 2523 ὑπὸ
2269 2469 2531 2526 πάντων.
2575 2472 2708 2525 Ἐὰν
2747 2472 2856 2540 γὰρ
2889 2469 3108 2536 πάντες
3144 2485 3289 2538 προ-

1716 2551 2042 2618 ρητεύωσι,
2076 2552 2260 2620 φησὶν,
2303 2553 2548 2626 εἰσέλθῃ
2576 2553 2644 2606 δέ
2673 2552 2823 2625 [355]
2853 2571 2942 2618 τις
2968 2552 3222 2615 ἆπισοτος
3249 2551 3289 2620 ἢ

1719 2631 1987 2698 ἰδιώτης,
2048 2633 2355 2702 ἐλέγχεται
2408 2634 2528 2688 ὑπὸ
2595 2635 2856 2699 πάντων,
2913 2633 3290 2701 ἀνακρίνεται

1715 2716 1836 2770 ὑπὸ
1882 2718 2143 2782 πάντων,
2195 2718 2292 2771 καὶ
2331 2717 2484 2771 οὕτω
2527 2719 2598 2773 τὰ
2632 2720 2863 2786 κρυπτὰ
2895 2717 3004 2786 τῆς
3043 2715 3291 2783 καρδίας

1715 2796 1901 2851 αὐτοῦ
1929 2799 2156 2867 φανερὰ
2191 2800 2437 2865 γίνεται,
2465 2800 2563 2853 καὶ
2591 2788 2800 2854 πεσὼν
2839 2799 2937 2852 ἐπὶ
2967 2798 3292 2867 πρόσωπον

1717 2881 2130 2948 προσκυνήσει
2158 2880 2238 2946 τῷ
2276 2881 2417 2947 Θεῷ,
2452 2881 2848 2951 ἀπαγγέλλων
2875 2881 2962 2934 ὅτι
3003 2881 3146 2944 Θεὸς
3187 2879 3289 2933 ὗν-

1718 2980 1832 3029 τως
1873 2963 1955 3016 “έν
2004 2964 2145 3032 ὑμῖν
2175 2964 2365 3018 ἐστιν.
2409 2966 2572 3018 Ὥστε
2605 2966 2664 3018 οὐ
2691 2963 2865 3034 τούτῳ
2899 2962 3057 3034 μόνον
3091 2962 3320 3032 μείζων

1717 3046 1752 3116 ἡ
1785 3047 2089 3117 προφητεία
2115 3047 2194 3117 τῷ
2225 3048 2282 3100 ἐν
2328 3047 2612 3118 ἑκατέροις
2662 3046 2887 3118 ἰσχύειν,
2921 3045 3057 3100 άλλά
3087 3045 3182 3098 καὶ
3208 3044 3290 3115 τῷ

1716 3128 1845 3191 τοὺς
1905 3129 2421 3201 ἀναισχυντοτέρους
2478 3130 2585 3186 τῶν
2639 3131 2882 3184 ἀπίστων
2944 3128 3286 3203 ἐφέλκεσθαι.

1718 3211 1854 3265 Οὐδέ
1903 3212 2012 3284 γὰρ
2059 3212 2120 3264 τὸ
2171 3213 2305 3267 αὐτὸ
2355 3212 2539 3282 θαῦμα
2588 3209 2678 3284 ἦν,
2708 3214 2796 3266 ὅτε
2827 3212 2927 3284 τὴν
2971 3210 3284 3282 Σάπφειραν

1716 3293 1961 3365 ἤλεγξεν,
2015 3294 2153 3366 ὅπερ
2203 3295 2540 3365 προφητείας
2601 3291 2690 3366 ἦν,
2756 3294 2852 3348 καὶ
2883 3295 2971 3348 ὅτε
3018 3291 3291 3362 γλώσσαις

1719 3376 1898 3431 ἐλάλει
1924 3375 2128 3448 Πέτρος
2149 3394 2164 3407 ο
2189 3377 2328 3430 ἀλλά
2353 3377 2474 3430 τότε
2508 3377 2606 3448 μὲν
2632 3376 2832 3440 πάντες
2863 3375 3286 3446 συνεστάλησαν,

1717 3459 1806 3512 ὅτε
1853 3457 1910 3510 δὲ
1954 3457 2229 3527 γλώσσαις
2272 3458 2472 3521 ἐλάλει,
2524 3459 2616 3511 καὶ
2670 3458 3076 3530 παραπαίοντος
3130 3457 3288 3511 ἔλαϐε

1717 3541 1894 3606 δόξαν.
1935 3538 2120 3595 Είπὼν
2154 3539 2355 3604 τοίνυν,
2390 3539 2476 3593 ὅτι
2520 3540 2619 3593 οὐκ
2648 3540 2894 3611 ὠφέλησε
2919 3539 3155 3608 γλῶττα,
3192 3539 3290 3592 καὶ

1719 3623 2124 3695 ὑποτεμόμενος
2182 3621 2346 3677 πάλιν
2389 3622 2521 3676 αὐτὸ
2554 3622 2712 3675 τοῦτο
2739 3621 2819 3690 τῷ
2841 3622 2904 3675 τὸ
2936 3621 3182 3693 ἔγκλημα
3209 3623 3293 3684 είς

1718 3705 1848 3766 τοὺς
1911 3701 2202 3764 Ἰουδαίους
2249 3701 2597 3772 περιτρέψαι,
2653 3699 2858 3772 προῖὼν
2904 3699 3171 3754 δείκνυσιν
3208 3700 3290 3754 ὅτι

1721 3785 1816 3839 καὶ
1858 3785 2104 3856 βλάπτει.
2159 3784 2268 3838 Καὶ
2298 3785 2460 3849 τίνος,
2491 3784 2676 3854 φησὶν,
2718 3783 2905 3837 ἕνεκεν
2937 3782 3127 3853 ἑδόθη;
3173 3783 3291 3835 Ἵνα

1726 3868 1866 3940 μετά
1894 3867 2187 3939 ἑρμηνείας
2221 3868 2386 3939 προΐῃ
2408 3882 2424 3896 ο
2470 3867 2546 3930 ώς
2589 3866 2779 3919 τούτου
2826 3867 3014 3936 χωρὶς,
3045 3867 3138 3919 καὶ
3165 3865 3295 3919 τού-

1722 3952 1934 4005 ναντίον
1959 3951 2200 4004 ἐκϐαίνει
2223 3950 2372 4020 παρά
2395 3952 2506 4012 τοῖς
2528 3951 2792 4019 ἀνοήτοις.
2827 3950 2961 4002 Ἐὰν
2983 3949 3111 4020 γὰρ,
3135 3950 3289 4019 φησὶ,

1724 4032 2031 4103 γλώσσαις
2053 4031 2276 4099 πάντες
2299 4031 2594 4095 λαλῶσιν,
2621 4032 2934 4086 εἰσέλθωσι
2964 4030 3032 4084 δὲ
3052 4031 3294 4087 ἄπιστοι

1723 4116 1762 4184 ἢ
1795 4115 2036 4178 ἰδιῶται,
2057 4115 2321 4183 ἐροῦσιν,
2348 4115 2436 4168 ὅτι
2457 4115 2754 4168 Μαίνεσθε
2769 4127 2784 4141 ⁶
2808 4113 3062 4184 καθάπερ
3089 4109 3181 4168 οὖν
3199 4115 3294 4168 καὶ⁹

1725 4199 1775 4252 οἱ
1824 4197 2112 4251 ἀπόστολοι
2146 4197 2449 4267 μεουόντων
2475 4197 2778 4267 ἐλάμϐανον
2805 4196 3084 4250 ὑπόνοιαν·
3121 4193 3294 4252 οὗτοι

1725 4281 1856 4351 γὰρ,
1881 4281 2032 4350 φησὶ,
2064 4280 2358 4347 γλεύκους
2378 4279 2818 4348 μεμεστωμένοι
2849 4280 3027 4333 εἰσίν.
3068 4279 3204 4332 Ἀλλ’
3233 4278 3294 4331 οὐ

1724 4361 1820 4414 τοῦ
1844 4361 2069 4430 σημείου
2100 4360 2424 4432 κατηγορία,
2460 4362 2594 4415 ἀλλά
2623 4363 2719 4431 τῆς
2752 4361 2975 4415 ἐκείνων
3008 4359 3294 4423 ἰδιωτείας.

1728 4443 1827 4496 Διά
1857 4443 2014 4497 τοῦτο
2049 4443 2408 4514 προσέθηκεν,
2451 4442 2696 4497 Ἰδιῶται
2725 4443 2823 4496 καὶ
2863 4442 3124 4506 ἄπιστοι,
3159 4443 3298 4496 ὥστε

1728 4527 1829 4596 τῆς
1868 4525 2090 4579 ἐκείνων
2135 4525 2392 4595 ἀπειρίας
2439 4527 2472 4596 ἡ
2524 4524 2790 4596 ὑπόληψις
2849 4524 2943 4577 καὶ
3018 4523 3294 4588 ἀπιστίας.

1730 4610 1907 4679 Ὅπερ
1935 4609 2044 4680 γάρ
2077 4607 2247 4679 ἔφθην
2271 4609 2460 4673 είπὼν,
2486 4609 2586 4662 οὐκ
2614 4610 2670 4660 ἐν
2695 4609 2806 4671 τοῖς
2831 4607 3296 4678 διαϐεϐλημένοις,

1730 4691 1847 4743 ἀλλ’
1876 4693 1931 4743 ἐν
1949 4693 2061 4754 τοῖς
2085 4692 2146 4744 ού
2172 4691 2378 4762 σφόδρα
2396 4690 2666 4759 ὠφελοῦσι
2695 4689 3298 4754 σπουδάζεικατατάξαι

1729 4774 1792 4826 τὸ
1819 4773 2084 4844 χάρισμα,
2116 4773 2209 4826 καὶ
2234 4774 2410 4839 τοῦτο,
2439 4773 2579 4827 ὥστε
2609 4773 2956 4827 καταστεῖλαι
2984 4772 3180 4834 αὐτοὺς
3208 4774 3302 4826 καὶ

1732 4858 1815 4920 είς
1838 4857 2083 4927 ἀνάγκην
2116 4858 2341 4926 ἀγαγεῖν
2369 4857 2462 4911 τοῦ
2492 4859 2582 4910 τὸν
2609 4856 2977 4928 ἑρμηνεύοντοι
3000 4855 3296 4925 ἐπιζητεῖν.

1745 4941 1962 5012 Ἐπειδὴ
2001 4941 2109 5012 γὰρ
2145 4942 2208 4994 οὐ
2247 4943 2381 5012 πρὸς
2411 4941 2568 4994 τοῦτο
2592 4939 2798 5011 ἑώρων,
2833 4939 2967 4993 ἀλλά
3014 4939 3149 5010 πρὸς
3179 4940 3299 4992 ἐπί-

1733 5025 1899 5090 δειξιν
1927 5025 2076 5094 αὐτῷ
2105 5024 2200 5078 καὶ
2224 5025 2533 5094 φιλοτιμίαν
2562 5025 2854 5093 ἐκέχρηντο
2877 5025 2925 5075 οἱ
2957 5023 3162 5084 πολλοὶ,
3195 5022 3321 5076 ἀπὸ’

1732 5108 1922 5160 τούτου
1955 5107 2186 5177 μάλιστα
2217 5106 2440 5174 ἀπάγει,
2466 5105 2678 5168 δεικνὺς
2711 5108 2794 5158 ὅτι
2817 5107 2896 5168 εἰς
2932 5105 3088 5169 δόξαν
3121 5122 3303 5174 παρα-

1735 5188 2082 5250 ϐλάπτονται,
2117 5188 2313 5257 μανίας
2352 5187 2619 5258 ὑπόληψιν
2662 5187 2952 5258 κτώμενοι.
3007 5189 3115 5240 Καὶ
3146 5188 3304 5240 τοῦτο

1739 5271 1973 5341 μάλιστά
2021 5273 2190 5336 ἐστιν,
2237 5270 2265 5323 ὃ
2299 5270 2537 5340 συνεχῶς
2567 5271 2835 5341 ἐπιχειρεῖ
2877 5267 3303 5331 κατασκευάζειν

1734 5355 1762 5406 ὁ
1802 5353 2032 5416 Παῦλος,
2078 5353 2206 5404 ὅταν
2241 5352 2382 5416 τινὸς
2412 5352 2646 5421 ἀπάγειν
2678 5353 2956 5422 βούληται,
2987 5354 3066 5414 εἰς
3097 5351 3235 5404 αὐτά
3266 5350 3302 5403 ἂ

1737 5435 1998 5505 ἐπιθυμεῖ
2023 5434 2291 5488 δείκνυσιν
2322 5434 2484 5488 αὐτὸν
2526 5434 3065 5505 παραϐλαπτόμενον.
3099 5432 3206 5485 Καὶ
3239 5433 3320 5510 σὺ,

1735 5517 1916 5573 τοίνυν
1957 5517 2098 5572 οὕτω
2133 5517 2308 5571 ποίει*
2358 5517 2422 5574 ἂν
2448 5519 2639 5590 ἡδονῆς
2664 5515 2978 5590 ἀπαγάγῃς,
3007 5514 3176 5578 δεῖξον
3220 5513 3302 5564 ὃτι
