3802 6214
423 231 532 291 509

420 349 482 402 τὸ
509 347 744 419 πρᾶγμα
763 344 958 419 πικρόν
980 361 996 378 ο
1024 343 1092 400 ἂν
1114 343 1420 411 κενοδοξίας
1445 341 1712 414 ἀφέλκῃς,
1732 339 1904 407 δεῖξον
1923 337 2006 392 ὅτι

419 439 486 490 τὸ
517 438 752 508 πρᾶγμα
779 435 1009 506 ἀτιμίας
1035 433 1227 503 γέμον.
1258 431 1416 486 Οὕτω
1438 429 1536 484 καὶ
1566 429 1782 492 Παῦλος
1813 426 2006 481 ἐποίει.

421 521 534 578 Καὶ
572 521 681 592 γὰρ
733 520 1023 584 πλουσίους
1067 518 1333 573 ἀποσπῶν
1365 517 1460 571 τοῦ
1492 515 1623 588 περὶ
1650 515 1720 570 τά
1747 514 2009 586 χρήματα

421 608 649 678 ιρωτος,
669 609 772 662 οὐκ
799 603 957 662 εἶπεν
977 608 1062 662 ὅτι
1095 606 1362 677 βλαϐερὸν
1383 608 1413 658 ό
1429 603 1659 668 πλοῦτος
1685 602 1866 674 μόνον,
1890 599 2006 654 ἀλλ’

419 695 505 749 ὅτι
527 696 625 750 καὶ
648 695 729 760 εἰς
749 694 1092 767 πειρασμοῦς
1116 693 1399 763 ἐμϐάλλει.
1429 694 1494 746 οι
1517 689 1626 762 7&9
1638 689 2006 757 ,βουλόμενοι

421 782 730 851 πλουτεῖν,
792 783 980 854 φησὶν,
1045 781 1453 852 ἐμπίπτουσιν
1509 781 1597 844 εἰς
1651 775 2001 846 πειρασμόν.

435 870 656 942 Ἐπειδὴ
687 870 798 942 7&9
822 869 974 924 δοκεῖ
1002 868 1329 940 πειρασμῶν
1365 865 1752 930 ἀπαλλάττειν,
1784 864 2007 916 τούναν-

419 958 537 1012 τίον
557 957 706 1029 αῦτῷ
727 957 1057 1030 περιέθηκεν
1080 951 1249 1030 οὗπερ
1274 956 1525 1027 ἐνόμιζον
1548 956 1597 1007 οἰ
1626 953 2002 1012 πλουτοῦντες.

421 1045 648 1115 Είχοντο
698 1046 863 1100 πάλιν
906 1047 1008 1117 τῆς
1043 1044 1234 1114 σοφίας
1281 1044 1384 1112 τῆς
1432 1041 1632 1106 ἔξωθεν
1677 1041 1875 1110 ἕτεροι,
1929 1037 2006 1101 ὡς

419 1131 594 1203 ταύτῃ
631 1132 693 1186 τὸ
734 1133 912 1204 δόγμα
957 1133 1249 1195 ἱστῶντεςο
1296 1131 1496 1195 ἔδειξεν
1521 1131 1603 1182 ὅτι
1650 1129 1711 1181 οὐ
1754 1127 1913 1196 μόνον
1942 1125 2003 1177 ού

423 1219 610 1291 βοηθεῖ
633 1219 712 1291 τῷ
747 1220 988 1292 σταυρῷ,
1021 1220 1134 1273 ἀλλ’
1156 1221 1238 1273 ὅτι
1265 1220 1360 1271 καὶ
1390 1220 1535 1271 κενοῖ
1564 1215 1746 1269 αὐτόν.
1783 1215 2005 1283 Εἴχοντο

417 1307 513 1361 τοῦ
565 1308 885 1374 δικάζεσθαι
944 1311 1076 1380 παρ’
1141 1308 1370 1379 ἑτέροις,
1431 1305 1650 1370 ἀνάξιον
1708 1302 2004 1374 ἡγούμενοι

421 1397 576 1470 παρὰ
593 1401 705 1464 τοῖς
731 1400 974 1463 οἰκείοις.
1004 1399 1078 1462 ὡς
1105 1401 1211 1451 τῶν
1232 1396 1431 1463 ἔξωθεν
1457 1393 1782 1464 σοφωτέρων
1810 1392 2001 1444 ὄντων’

419 1479 690 1536 δείκνυσιν
734 1483 814 1536 ὅτι
852 1482 912 1534 τὸ
960 1481 1064 1546 ἔξω
1094 1479 1435 1545 δικάζεσθαι,
1489 1477 1738 1548 αἰσχρόν.
1785 1475 2004 1544 Εἴχοντο

419 1567 529 1620 τῶν
558 1568 944 1633 εἰδωλοθύτων,
975 1568 1051 1630 ὡς
1079 1567 1290 1621 τελείαν
1317 1567 1519 1635 γνῶσιν
1550 1561 2002 1632 ἐπιδεικνύμενον

420 1653 621 1722 ἔδειξεν
659 1655 740 1708 ὅτι
785 1654 944 1708 τοῦτο
978 1653 1234 1723 γνώσεως
1289 1651 1538 1714 ἀτελοῦς,
1587 1649 1646 1701 τὸ
1699 1648 1772 1720 μὴ
1804 1647 2004 1700 εἰδέναι

419 1744 722 1813 οίκονομεῖν
745 1741 811 1796 τά
831 1742 942 1795 τῶν
968 1742 1220 1812 πλησίον.
1251 1740 1407 1794 Οὖτω
1442 1741 1535 1792 καὶ
1567 1737 1716 1810 [5561
1743 1737 2000 1800 ἐνταῦθα,

419 1831 605 1902 ἐπειδὴ
630 1831 896 1899 ἐπτόηντο
925 1829 1054 1897 περὶ
1081 1830 1142 1882 τὸ
1162 1829 1409 1900 χάρισμα
1429 1827 1586 1880 τοῦτο
1610 1828 1671 1879 τὸ
1689 1826 1797 1878 τῶν
1826 1824 2004 1893 γλωσ-

421 1918 552 1985 σῶν,
583 1919 740 1989 δόξης
764 1918 1020 1989 ἐρῶντες,
1049 1918 1320 1972 δείκνυσιν
1339 1919 1420 1971 ὅτι
1448 1917 1606 1970 τοῦτο
1638 1915 1736 1986 μὲν
1766 1910 1859 1968 οὖν
1901 1913 2005 1984 μά-

417 2007 577 2061 λιστα
623 2007 822 2070 αὐτοὺς
857 2006 1256 2076 καταισχύνει,
1309 2007 1371 2058 οὐ
1422 2005 1581 2076 μόνον
1641 2003 1800 2072 δόξης
1866 2004 2004 2056 ἀπο-

420 2092 666 2164 στεροῦν,
691 2091 826 2146 ἀλλὰ
850 2093 944 2146 καὶ
968 2093 1166 2163 μανίας
1187 2092 1454 2162 ὑπολήψει
1478 2091 1821 2161 περιϐάλλον.
1859 2089 2000 2142 Ἀλλ’

417 2179 519 2234 οὐκ
541 2179 745 2243 εὐθέως
768 2179 927 2232 τοῦτο
955 2175 1128 2245 εἶπεν,
1151 2178 1286 2232 ἀλλά
1319 2177 1488 2250 μυρία
1515 2178 1778 2247 πρότερος
1808 2175 1999 2240 εἰπὼν,

417 2267 510 2322 ὅτε
537 2266 940 2337 εὐπαράδεκτον
972 2266 1065 2320 τὸν
1101 2265 1258 2334 λόγον
1289 2265 1534 2335 ἐποίησε,
1566 2265 1687 2316 τότε
1713 2263 1773 2315 τὸ
1797 2262 2004 2333 σφόδρα

421 2353 727 2424 παράδοξον
770 2353 989 2422 ἐπάγει.
1041 2353 1154 2406 Καὶ⁸
1195 2351 1355 2405 τοῦτο
1393 2352 1451 2405 δὲ
1479 2351 1612 2404 αὐτὸ
1639 2351 1700 2404 τὸ
1739 2349 2004 2420 θεώρημα

422 2441 672 2512 σύνηθες.
709 2441 813 2494 Τὸν
847 2440 955 2512 γὰρ
988 2439 1250 2511 μέλλοντα
1274 2439 1613 2494 διασαλεύειν
1637 2437 1792 2503 δόξαν
1821 2453 2004 2507 πεπη-

418 2531 578 2598 γυῖαν
602 2529 695 2582 καὶ
723 2529 804 2592 εἰς
826 2529 890 2582 τὸ
911 2528 1158 2582 ἐναντίον
1181 2527 1552 2599 περιτρέπειν,
1581 2527 1682 2578 οὐκ
1708 2525 1911 2588 εὐθέως
1935 2523 2005 2578 τὰ

417 2616 638 2670 ἐναντία
687 2615 868 2685 λέγειν
915 2615 1026 2668 δεῖν
1057 2615 1179 2668 ἐπεὶ
1223 2613 1628 2682 καταγέλαστος
1672 2613 1826 2666 ἔσται
1853 2612 2004 2682 παρά

415 2707 531 2768 τοῖς
573 2703 1142 2775 προκατειλημμένοις
1193 2702 1297 2754 ὑπὸ
1347 2704 1445 2772 τῆς
1485 2701 1736 2764 ἐναντίας
1781 2702 2000 2771 ψήφουο

416 2791 606 2864 ἐπειδὴ
633 2791 696 2844 τὸ
721 2791 926 2864 σφόδρα
953 2791 1258 2862 παράδοξον
1279 2790 1380 2842 οῦκ
1407 2790 1473 2842 ἂν
1495 2791 1705 2858 γένοιτο
1729 2790 1793 2842 ἐκ
1814 2807 2002 2861 προοι-

418 2879 560 2951 μίων
597 2879 1024 2950 εὐπαράδεκτον,
1057 2879 1194 2933 ἀλλὰ
1228 2879 1334 2950 χρὴ
1363 2879 1630 2950 πρότερον
1657 2878 2003 2951 ὑπορύξαντα

415 2965 597 3031 καλῶς
615 2966 683 3021 δι’
707 2967 928 3041 ἐτέρων,
954 2967 1074 3021 τότε
1096 2968 1176 3031 εἰς
1203 2966 1263 3021 τὸ
1291 2967 1533 3021 ἐναντίον
1557 2984 1622 3020 πε
1631 2968 1928 3039 ριτρέπειν.

483 3106 554 3170 γ’.
575 3099 732 3154 Οὕτω
747 3099 879 3169 γοῦν
894 3101 989 3154 καὶ
1005 3099 1098 3154 ἐπὶ
1112 3099 1206 3153 τοῦ
1222 3100 1401 3172 γάμου
1416 3099 1799 3170 διαλεγόμενος
1815 3097 2003 3170 ἐποίη-

417 3205 529 3243 σεν.
566 3188 785 3259 Ἐπειδὴ
819 3189 928 3260 7&9
956 3188 1144 3242 πολλοὶ
1173 3191 1460 3260 προσεῖχον
1490 3189 1566 3252 ὡς
1603 3188 1789 3242 ἄνεσιν
1824 3187 2002 3258 ἔχοντι

411 3276 494 3348 τῷ
525 3276 836 3348 πράγματι,
877 3278 1040 3342 αὐτὸς
1087 3269 1157 3333 δὲ’
1190 3278 1441 3332 ἐϐούλετο
1474 3277 1666 3344 δεῖξαι,
1713 3278 1884 3331 ὅτιτὸ
1924 3279 2001 3348 μὴ

412 3366 613 3435 γαμεῖν
637 3363 846 3430 ἀνεσις,
872 3366 921 3417 εἰ
952 3366 1052 3435 μὲν
1085 3365 1287 3430 εὐθέως
1310 3366 1470 3418 τοῦτο
1491 3361 1664 3431 εἶπεν,
1697 3365 1796 3418 ούκ
1824 3365 1891 3418 ἂν
1910 3365 2002 3418 οῦ-

412 3470 525 3516 τως
546 3453 954 3525 εὐπαράδεκτον
973 3454 1106 3508 αὐτὸ
1125 3455 1392 3525 πεποίηκε
1412 3472 1425 3484 '
1457 3456 1575 3508 νυνί
1591 3455 1647 3508 δέ
1674 3453 1812 3526 μετά
1832 3455 2002 3509 πολλά

414 3540 550 3596 αὐτὸ
575 3541 711 3607 θεὶς,
757 3542 852 3595 καί⁹
889 3542 1166 3614 εὐκαίρως
1208 3543 1463 3611 εἰσάγων,
1502 3543 1704 3613 σφόδρα
1748 3543 2003 3598 καθίκετο

413 3629 526 3684 τῶν
572 3630 902 3686 ἀκουόντων.
959 3631 1132 3686 Τοῦτο
1166 3632 1263 3686 καὶ
1308 3632 1402 3684 ἐπὶ
1447 3632 1549 3703 τῆς
1578 3633 1878 3703 παρθενίας
1906 3650 2002 3685 πε-

415 3716 636 3788 ποίηκε.
671 3718 784 3772 Καὶ
810 3717 920 3789 7&9
957 3719 1067 3790 πρὸ
1107 3718 1248 3772 τοῦι
1296 3719 1466 3772 πολλά
1500 3718 1692 3784 εἰπὼν,
1731 3720 1822 3773 καὶ
1859 3720 1999 3792 μετά

412 3803 592 3860 ταῦτα
626 3805 812 3871 πάλιν,
840 3806 962 3860 τότε
997 3806 1186 3878 φησιν,
1221 3807 1302 3861 ὅτι
1339 3807 1412 3860 ’Υ
1404 3805 1536 3877 μῶν
1562 3808 1856 3878 φείδομαι.
1882 3809 1996 3872 καὶ,

417 3891 583 3948 Θέλω
617 3890 774 3962 ὑμᾶς
816 3893 1182 3964 ἀμερίμνους
1236 3891 1408 3948 εἶναι.
1463 3894 1633 3948 Τοῦτο
1673 3896 1737 3966 δὴ
1771 3896 1864 3948 καὶ
1905 3896 1998 3950 ἐπὶ

413 3980 526 4035 τῶν
550 3979 808 4050 γλωττῶν
847 3983 1012 4044 ποιεί,
1060 3980 1273 4045 δεικνὺς
1315 3983 1396 4036 ὅτι
1435 3983 1495 4036 οὑ
1523 3984 1683 4052 μόνον
1707 3983 2000 4054 ἀποστερεί

413 4066 595 4140 δόξης,
627 4066 764 4122 ἀλλά
794 4067 890 4121 καὶ
925 4067 1280 4139 καταισχύνει
1313 4071 1439 4133 τοὺς
1462 4069 1682 4140 ἔχοντας
1706 4071 1858 4142 παρά
1885 4073 1998 4136 τοῖς

414 4154 688 4218 ἀπίστοις.
728 4153 792 4208 Ἦ
829 4153 887 4208 δέ
915 4156 1222 4227 προφητεία
1275 4155 1583 4210 τούναντίον
1605 4160 1699 4210 καὶ
1733 4158 1998 4230 αἰσχύνης

412 4241 761 4314 ἀπήλλακται
790 4241 888 4312 τῆς
925 4242 1079 4312 παρά
1111 4245 1226 4306 τοῖς
1261 4243 1534 4308 ἀπίστοις,
1561 4245 1655 4298 καὶ
1686 4244 1844 4310 δόξαν
1881 4245 1996 4317 ἔχει

414 4329 682 4402 μεγίστην
717 4331 814 4383 καὶ
837 4329 1125 4398 ὠφέλειαν.
1156 4331 1230 4384 Οὐ
1253 4329 1361 4402 γάρ
1387 4331 1504 4401 ἐρεῖ
1521 4349 1603 4397 τις
1625 4333 1717 4386 ἐπὶ
1737 4335 1835 4404 τῆς
1861 4352 1997 4405 προ-

411 4416 662 4488 φητείας,
685 4419 768 4472 δτι
785 4417 1108 4482 Μαίνονται,
1135 4418 1256 4472 οὐδὲ
1278 4419 1711 4489 καταγελάσεται
1730 4422 1839 4476 τῶν
1862 4440 1997 4493 προ-

412 4504 778 4575 φητευόντων,
805 4504 944 4559 ἀλλά
966 4505 1278 4560 τούναντίον
1308 4505 1716 4579 ἐκπλαγησεται
1740 4509 1833 4562 καὶ
1863 4509 1994 4564 θαυ-

415 4594 649 4664 μάσεται
662 4594 906 4660 τούτους.
935 4595 1277 4666 Ἐλέγχεται
1297 4597 1403 4667 7&9
1419 4597 1539 4651 ὑπὸ
1556 4596 1821 4652 πάντων·
1838 4615 1996 4652 τουτ-

412 4680 584 4745 έστιν,
635 4681 672 4735 ἀ
702 4681 797 4735 ἐπὶ
831 4682 1062 4754 καρδίας
1091 4681 1226 4753 ἔχει,
1255 4682 1427 4736 ταῦτα
1457 4685 1539 4747 είς
1582 4685 1744 4754 μέσον
1778 4685 1990 4754 ἄγεται,

412 4768 510 4821 καὶ
565 4767 841 4823 δείκνυται
885 4773 1072 4823 πᾶσιν.
1123 4769 1239 4822 Οῦκ
1277 4769 1392 4822 ἐστι
1427 4769 1484 4822 δὲ
1524 4768 1637 4824 ῐσον
1684 4771 1994 4826 εἰσελθόντα

411 4853 534 4907 τινὰ
563 4854 690 4908 ἰδεῖν
724 4857 824 4927 μέν
847 4858 1130 4928 Περσιστὶ,
1157 4856 1250 4911 τὸν
1276 4856 1333 4911 δέ
1360 4857 1580 4928 Συριστὶ
1601 4857 1991 4930 φθεγγόμενον,

413 4942 510 4996 καὶ
569 4943 879 5000 εἰσελθόντα
925 4945 1156 5000 ἀκοῦσαι
1213 4945 1282 5000 τά
1334 4947 1619 5018 ἀπόρρητα
1671 4949 1774 5019 τῆς
1825 4949 1992 5003 αὑτοῦ

413 5028 675 5094 διανοίας,
705 5032 798 5085 καὶ⁵
834 5031 945 5086 εἴτε
977 5033 1256 5106 πειράζων
1283 5033 1378 5088 καὶ
1409 5035 1548 5105 μετά
1573 5038 1816 5108 πονηρᾶς
1847 5036 1994 5106 γνὼ-

419 5133 551 5188 μης,
575 5118 684 5171 εῐτε
712 5118 882 5187 ὑγιῶς
905 5120 1218 5192 εἰσελήλυθε
1242 5138 1258 5154 ο
1289 5124 1381 5176 καὶ
1405 5123 1487 5177 ὃτι
1524 5123 1586 5177 τὸ
1628 5125 1724 5178 καὶ
1755 5123 1816 5179 τὸ
1843 5125 1992 5196 αὐτῷ

415 5203 753 5276 πέπρακται,
812 5208 908 5261 καὶ
961 5204 1024 5261 τὸ
1079 5207 1460 5279 βεϐούλευταιο
1517 5211 1654 5266 πολὺ
1691 5211 1802 5284 γάρ
1833 5213 1993 5268 τοῦτο

412 5460 818 5575 “urgendum
842 5463 1048 5514 videtur
1069 5464 1162 5528 πρὸ
1183 5465 1373 5528 τούτου,
1395 5471 1450 5518 ει
1490 5471 1560 5520 ita
1593 5470 1718 5536 legit
1737 5457 1990 5535 interpreé

1101 225 1163 284 S.
1205 222 1499 284 JOANNIS
1530 214 2022 280 CIIRYSOSTOMI
2061 214 2380 277 ARCHIEP.
2420 217 2974 279 CONSTANTINOP.

3601 221 3705 279 3ἰο

2113 334 2325 393 ἐκείνου
2366 338 2798 410 φρικωδέστερον
2845 339 2940 395 καὶ
2988 335 3432 410 χρησιμώτερον.
3493 338 3602 392 Διά
3647 341 3710 411 δὴ

2107 426 2287 493 τοῦτο,
2320 425 2415 480 ἐπὶ
2445 426 2543 497 μὲν
2575 426 2686 480 τῶν
2726 426 2989 496 γλωσσῶν
3019 443 3209 498 φησιν,
3237 427 3322 480 δτί
3359 426 3705 482 Alcime:-

2109 513 2225 567 ἀλλ’
2255 514 2357 569 οὐκ
2389 513 2602 568 οῐκοθεν
2647 514 2807 568 τοῦτο
2839 514 3226 584 ἀποφαίνεται,
3263 514 3385 568 ἀλλ’
3455 515 3575 568 ἀπὺ
3618 516 3708 582 τῆς

2109 600 2333 654 ἐκείνων
2378 601 2641 672 κρίσεωςο
2703 601 2943 670 Ἑροῦσι
2988 602 3120 673 7&9,
3176 603 3367 672 φησὶν,
3415 603 3520 656 ὅτι
3569 605 3707 656 Παί-

2106 690 2308 741 νεσθε.
2343 687 2608 741 Ἐνταῦθα
2637 687 2695 740 δὲ
2721 687 2818 740 καὶ
2841 691 2908 759 τῇ
2931 689 3040 742 τῶν
3065 690 3420 759 πραγμάτων
3442 689 3706 759 κέχρηται

2106 773 2296 845 ψήφῳ,
2323 776 2416 836 καὶ
2461 779 2528 846 τῇ
2567 775 2676 829 τῶν
2708 775 3124 847 ὠφελουμένων.
3174 777 3543 846 Tunna;
3588 780 3705 848 γάρ.

2108 863 2298 933 φησὶν,
2345 862 2468 918 ὑπὸ
2524 861 2789 928 πάντων,
2842 863 3226 932 ἀνακρίνεται
3274 864 3405 917 ὑπὸ
3443 864 3702 928 πάντων,

2106 949 2206 1004 καί
2247 950 2401 1004 οὕτω
2439 949 2512 1005 τὰ
2536 951 2772 1019 κρυπτὰ
2815 949 2925 1018 τῆς
2960 949 3208 1018 καρδίας
3248 951 3458 1006 αὐτοῦ
3482 961 3702 1021 φανείὰ

2106 1037 2353 1106 γίνεται,
2382 1038 2481 1091 καὶ
2519 1039 2674 1092 οὕτω
2704 1038 2911 1092 πεσὼν
2930 1038 3032 1092 ἐπὶ
3073 1040 3414 1106 πρόσωπον
3442 1057 3704 1109 πρισκιαο

2105 1123 2281 1190 νήσει
2324 1122 2406 1190 τῷ
2460 1122 2601 1191 Θεῷ,
2639 1125 3036 1194 ἀπαγγέλλων
3081 1126 3168 1180 ὅτι
3203 1126 3354 1192 Θεὸς
3393 1127 3597 1194 ὄντως
3644 1131 3702 1180 ἐν

2109 1209 2257 1282 [557]
2287 1211 2424 1280 ὑμῖν
2452 1211 2642 1266 ἐστιν.
2684 1213 2847 1283 Ὁρᾷς
2874 1214 2956 1267 ὅτι
2986 1213 3144 1266 τοῦτο
3174 1215 3700 1285 ἀναμφισϐήτητος

2118 1298 2263 1350 Ἐκεῖ
2290 1299 2388 1368 μὲν
2432 1299 2542 1368 7&9
2584 1300 2985 1370 ἀμφιϐάλλεται
3013 1301 3074 1354 τὸ
3115 1302 3438 1373 γινόμενον,
3477 1305 3580 1355 καὶ
3610 1323 3698 1371 μιο

2106 1383 2224 1437 νίαν
2248 1385 2312 1438 ἄν
2335 1403 2417 1448 τις
2445 1386 2750 1440 αἰτιάσαιτο
2771 1386 2877 1440 τῶν
2899 1388 3142 1441 ἀπίστων
3159 1406 3172 1420 ο
3200 1389 3453 1442 ἐνταῦθα
3481 1389 3541 1442 δὲ
3567 1392 3702 1444 οὐδὲν

2104 1471 2344 1526 τοιοῦτον
2385 1473 2559 1538 ἐσται,
2595 1473 2730 1527 ἀλλά
2768 1475 2863 1527 καὶ
2887 1475 3227 1546 θαυμάσεται
3262 1478 3364 1530 καὶ
3395 1485 3701 1547 προσκυνή-

2106 1576 2209 1622 σει,
2238 1559 2324 1613 διὰ
2351 1560 2460 1614 τῶν
2488 1560 2664 1633 ἔργων
2695 1562 2958 1633 πρότερον
2983 1564 3284 1632 ὁμολογῶν,
3325 1560 3458 1617 εἶτα
3492 1568 3590 1617 καὶ
3625 1566 3698 1617 διὰ

2104 1646 2213 1701 τῶν
2264 1649 2546 1719 ῥημάτων.
2592 1649 2750 1703 Οὕτω
2783 1651 2876 1703 καὶ
2919 1651 3399 1723 Ναϐουχοδονόσορ
3451 1653 3552 1704 τὸν
3584 1654 3701 1705 Θεὸν

2107 1735 2483 1807 προσεκύνησε
2525 1736 2718 1805 λέγων,
2777 1739 2904 1792 Ἐπ’
2935 1737 3222 1805 ἀληθείας
3255 1742 3292 1793 ὀ
3337 1739 3504 1804 Θεὸς
3549 1740 3699 1808 ὑμῶν

2106 1822 2291 1888 αὐτός
2337 1823 2469 1878 ἐστι
2513 1824 2659 1890 Θεὸς
2705 1825 3153 1880 ἀποκαλύπτων
3209 1825 3566 1895 μυστήρια,
3623 1830 3700 1881 ὅτι

2105 1911 2416 1979 ἡδυνήθης
2439 1913 2830 1983 ἀποκαλύψαι
2855 1914 2923 1968 τὸ
2951 1915 3297 1984 μυστήριον
3317 1916 3538 1972 τοῦτο.
3563 1912 3699 1979 εἶδες

2106 1997 2205 2066 τῆς
2241 2000 2582 2070 προφητείας
2627 1999 2724 2071 τὴν
2759 2001 2933 2070 ἰσχὺν,
2979 2003 3098 2066 πῶς
3124 2003 3216 2056 τὸν
3262 2005 3475 2072 ἄγριον
3507 2007 3698 2056 ἐκεῖνον

2109 2087 2375 2157 μετέϐαλε
2429 2089 2522 2142 καὶ
2567 2091 2844 2160 κατήχησε
2888 2091 2983 2142 καὶ
3020 2093 3102 2153 εἰς
3139 2091 3327 2145 πίστιν
3375 2093 3603 2162 ἧγαγες
3650 2095 3697 2146 Τί

2105 2171 2220 2230 οὖν
2247 2175 2439 2236 ἐστιν,
2471 2175 2756 2245 ἀδελφοί;
2788 2177 2968 2231 Ὅταν
2996 2179 3419 2246 συνέρχησθε,
3452 2181 3697 2245 Exacta-

2104 2261 2274 2332 ὑμῶν
2314 2263 2564 2332 ψαλμὸν
2588 2266 2735 2332 ἔχει,
2757 2265 3016 2334 διδαχὴν
3052 2265 3198 2334 ἕχει,
3227 2265 3547 2335 γλῶσσαν
3568 2270 3694 2334 ἔχει,

2104 2348 2501 2418 ἀποκάλυψιν
2541 2351 2689 2420 ἔχει,
2738 2352 3057 2421 ἑρμηνείαν
3097 2353 3259 2420 ἔχει’
3299 2354 3516 2407 πάντα
3566 2359 3696 2423 πρὸς

2104 2438 2435 2507 οἰκοδομὴν
2462 2439 2730 2508 γινέσθω.
2801 2441 2967 2511 Ὁρᾷς
2989 2441 3079 2493 τοῦ
3112 2442 3153 2493 Χ
3163 2443 3567 2513 ριστιανισμοῦ
3613 2445 3694 2511 τὴν

2105 2527 2345 2597 κρηπῖδα
2373 2528 2466 2580 καὶ
2494 2527 2586 2580 τὸν
2612 2528 2840 2590 κανόνα;
2877 2530 3084 2600 Ὠσπερ
3119 2529 3226 2599 γὰρ
3255 2531 3521 2600 τεχνίτου
3553 2533 3694 2601 ἔργον

2103 2616 2164 2668 τὸ
2213 2617 2538 2686 οἰκοδομεῖν,
2585 2617 2728 2670 οὕτω
2786 2618 2879 2672 καὶ
2921 2619 3014 2670 τοῦ
3068 2619 3414 2689 Χριστιανοῦ
3471 2622 3538 2673 τὸ
3587 2623 3694 2681 τοὶς

2106 2704 2331 2774 πλησίον
2381 2705 2468 2758 διά
2533 2706 2748 2760 πάντων
2794 2705 3043 2773 ὠφελεῖν.
3106 2707 3333 2777 Ἐπειδὴ
3382 2707 3441 2760 δὲ
3507 2709 3691 2777 σ’τόξρε

2104 2793 2412 2863 κατέδραμε
2463 2793 2556 2846 τοῦ
2621 2794 2976 2864 χαρίσματος,
3022 2795 3107 2847 ἵνα
3136 2794 3210 2865 μὴ
3249 2794 3389 2867 δόξῃ
3453 2797 3693 2865 περιττὸν

2103 2876 2245 2933 εἶναι
2265 2895 2278 2909 '
2313 2880 2404 2933 τὸν
2429 2879 2537 2951 γάρ
2564 2879 2730 2945 τῦφον
2759 2881 2938 2933 αὐτῶν
2966 2881 3320 2936 κατασπάσαι
3351 2882 3690 2952 βουλόμενος,

2106 2964 2266 3036 μόνον
2291 2965 2447 3018 τοῦτο
2473 2965 2740 3037 πεποίηκε
2759 2985 2773 2997 θ
2806 2968 2966 3021 πάλιν
3000 2969 3226 3039 ἀριθμεῖ
3248 2970 3392 3022 αὐτὸ
3421 2971 3571 3041 μετὰ
3599 2970 3690 3022 τῶν

2103 3053 2298 3119 ἄλλων,
2325 3053 2526 3123 λέγων·
2566 3057 2816 3126 Ψιιλμὸν
2847 3057 2991 3126 ἔχει,
3028 3057 3288 3128 διδαχὴν
3315 3059 3479 3128 ἔχει,
3511 3059 3688 3130 γλῶσ-

2103 3158 2227 3196 σαν
2253 3143 2398 3213 ἔχει.
2432 3143 2541 3197 Καὶ
2575 3145 2682 3216 γάρ
2709 3143 2956 3213 ψαλμοὺς
2986 3145 3046 3197 τὸ
3070 3146 3300 3199 παλαιὸν
3338 3149 3572 3202 ἐποίουν
3600 3151 3690 3201 ἀπὸ

2104 3229 2461 3301 χαρίσματος,
2507 3231 2602 3286 καὶ
2658 3231 2934 3285 ἐδίδασκον
2978 3232 3084 3286 ἀπὸ
3138 3234 3532 3305 χαρίσματος·

2102 3318 2253 3388 ὅμως
2280 3319 2491 3372 ἅπαντα
2521 3317 2697 3374 ταῦτα
2723 3321 2861 3390 πρὸς
2885 3319 2942 3372 ἓν
2969 3321 3230 3388 βλεπέτω,
3272 3317 3442 3393 φησὶ,
3484 3325 3588 3395 τὴν
3613 3324 3687 3378 τοῦ

2106 3406 2331 3477 πλησίον
2353 3406 2638 3477 διόρθωσιν
2656 3421 2670 3436 ⁸
2705 3407 2872 3478 μηδὲν
2895 3409 3080 3471 ἁπλῶς
3112 3409 3377 3477 γινέσθω.
3403 3412 3477 3465 Εἰ
3499 3415 3608 3483 γάρ
3627 3415 3688 3481 μή

2103 3496 2382 3567 παραγίνῃ
2416 3495 2508 3548 τὸν
2537 3495 2765 3564 ἀδελφὺν
2811 3497 3202 3567 οἱκοδομήσων,
3255 3499 3312 3550 τι
3371 3501 3481 3554 καὶ
3525 3517 3686 3571 παρα-

2102 3581 2266 3653 γίνῃς
2311 3582 2388 3636 Οὐ
2421 3581 2484 3652 δὴ
2519 3581 2686 3645 πολύς
2734 3599 2824 3651 μοι
2871 3581 3028 3650 λόγος
3058 3584 3157 3654 τῆς
3195 3583 3296 3635 τῶν
3330 3588 3688 3655 χαρισμάτων

2101 3671 2392 3742 διαφορᾶς·
2430 3670 2549 3735 ἐνὸς
2586 3671 2709 3740 ἐμοὶ
2744 3670 2894 3740 μέλει
2936 3671 3120 3740 μόνον,
3169 3671 3356 3724 καὶτὸ
3389 3675 3688 3738 σπουδαζό-

2105 3760 2266 3830 μενόν
2299 3776 2388 3830 μοι
2411 3757 2489 3825 ἐν,
2514 3758 2576 3811 τὸ
2596 3759 2731 3829 πρὸς
2754 3758 3043 3830 οἰκοδομὴν
3063 3759 3278 3814 ἅπαντα
3304 3765 3518 3815 ποιεῖν.
3547 3763 3686 3815 οετυ

2101 3848 2195 3902 καὶ
2221 3849 2250 3900 ό
2277 3848 2338 3902 τὸ
2377 3848 2575 3920 μικρὸν
2621 3848 2760 3919 ἔχων
2792 3849 3059 3920 χάρισμα,
3092 3848 3184 3902 τὸν
3213 3849 3274 3902 τὸ
3303 3849 3462 3919 μέγα
3506 3851 3684 3919 ξιον-ι

2101 3937 2563 4008 παραδραμεῖται,
2601 3936 2698 3990 ἐὰν
2722 3935 2880 3989 τοῦτο
2906 3939 3106 4008 προσῇ.
3140 3935 3238 3990 Διά
3265 3937 3380 4007 γὰρ
3408 3937 3581 3991 τοῦτο
3605 3939 3686 3989 καὶ

2100 4027 2168 4081 τά
2202 4027 2542 4098 χαρίσματα,
2585 4027 2672 4080 ἵνα
2700 4026 3048 4096 οἰκοδομῆται
3077 4027 3341 4090 ἕκαστος’
3373 4030 3458 4091 ὡς
3493 4030 3592 4081 ἐὰν
3620 4029 3682 4096 μὴ

2099 4101 2259 4168 τοῦτο
2301 4114 2541 4185 γίνηται,
2586 4113 2684 4168 καὶ
2734 4115 2815 4178 εἰς
2846 4115 3020 4186 κρῖμα
3051 4114 3201 4167 ἐσται
3229 4114 3288 4167 τὸ
3331 4115 3594 4187 χάρισμα
3618 4114 3684 4183 τῷ

2098 4202 2339 4256 λαϐόντι.
2371 4202 2437 4255 Τί
2470 4203 2600 4274 7&9,
2631 4201 2755 4256 εἰπέ
2787 4219 2896 4272 μοι,
2925 4200 3120 4270 δφελος
3156 4199 3248 4254 τοῦ
3282 4204 3678 4272 προφητεύειεσς

2099 4291 2153 4345 τί
2205 4291 2262 4344 δὲ
2309 4289 2504 4360 δφελος
2547 4288 2642 4344 τοῦ
2689 4290 2917 4360 νεκροὺς
2961 4289 3215 4359 ἐγείρειν,
3255 4289 3391 4342 ὅταν
3437 4291 3682 4362 μηδεξὸ

2098 4380 2399 4451 κερδαίνων
2436 4375 2507 4454 ᾗς
2540 4380 2603 4433 Εἰ
2632 4379 2688 4432 δὲ
2714 4377 2873 4431 τοῦτο
2898 4376 3008 4430 τῶν
3038 4378 3401 4448 χαρισμάτων
3427 4380 3493 4432 τὸ
3522 4380 3678 4439 τέλος.

2097 4469 2276 4534 ἔξεστι
2321 4468 2380 4521 δέ
2410 4467 2542 4522 αὐτὸ
2573 4465 2669 4520 καὶ
2701 4465 2872 4536 ἑτέρῳ
2904 4465 3338 4530 κατασκευάζειν
3373 4469 3570 4537 τρόπῳ
3597 4484 3678 4534 χι-

2100 4556 2383 4628 ρισμάτων
2412 4557 2601 4626 χωρὶς,
2635 4554 2711 4625 μὴ
2737 4554 2880 4625 μέγα
2923 4554 3018 4607 ἐπὶ
3054 4555 3164 4616 τοῖς
3192 4555 3447 4624 σημείοις
3480 4556 3674 4626 φρόνει,

2102 4643 2236 4716 μηδὲ
2264 4642 2518 4706 ταλάνιζε
2555 4642 2771 4703 σαυτὸν,
2803 4644 2832 4694 ό
2860 4641 2966 4695 τῶν
2993 4641 3351 4712 χαρισμάτων
3380 4642 3674 4713 ἐστερημέ-

2096 4749 2208 4794 νος.
2251 4732 2388 4785 Εἴτε
2433 4731 2503 4786 δὲ
2543 4731 2796 4802 γλώσσῃ
2828 4748 2919 4797 τις
2955 4730 3151 4794 λαλεῖ,
3192 4731 3345 4784 κατὰ
3387 4731 3525 4793 δύο,
3556 4732 3594 4797 ἢ
3619 4733 3670 4782 τὸ

2098 4817 2394 4873 πλεῖστον
2440 4817 2618 4887 τρεῖς,
2651 4818 2749 4872 καί
2795 4819 2911 4872 ἀνὰ
2941 4816 3145 4887 μέρος,
3181 4818 3277 4871 καί
3323 4813 3414 4884 εἷς
3443 4818 3670 4886 διερμη-

2095 4905 2339 4962 νευέτω.
2391 4907 2534 4960 Ἐὰν
2567 4906 2635 4959 δὲ
2661 4906 2749 4975 μὴ
2777 4900 2818 4976 ᾗ
2859 4901 3309 4973 διερμηνευτὴς.
3344 4907 3576 4973 σιγάτω
3613 4906 3670 4955 ἐν

2095 4996 2415 5064 ἐκκλησίᾳ,
2452 4993 2646 5060 ἐαυτῷ
2686 4993 2755 5047 δὲ
2788 4994 3044 5047 λαλείτω
3072 4990 3278 5056 καὶτῷ
3307 4991 3453 5056 Θεῷ.
3488 4993 3555 5044 τί
3591 4992 3667 5039 λέ-

2094 5101 2249 5155 γεις;
2285 5085 2404 5137 εἰπέ
2448 5099 2560 5154 μοι’
2604 5081 2844 5136 τοσαῦτα
2895 5081 3062 5134 εἰπὼν
3107 5081 3237 5150 περὶ
3268 5081 3558 5147 γλωσσῶν,
3598 5080 3665 5129 δτι

2094 5171 2372 5243 ἀνόνητον,
2404 5172 2486 5225 ὃτι
2509 5169 2780 5239 περιττὸν,
2804 5168 2897 5220 ἐάν
2922 5167 2996 5240 μὴ
3017 5167 3261 5237 ἐρμηνέα
3287 5165 3407 5238 ἔχῃ,
3436 5167 3665 5222 κελεὰις

2096 5260 2263 5314 πάλιν
2286 5257 2558 5328 γλώσσαις
2591 5256 2804 5320 λαλεῖν;
2844 5256 2920 5307 Οῦ
2951 5255 3180 5317 κελεύω,
3205 5254 3390 5322 φησιν,
3412 5254 3532 5305 ἀλλ’
3557 5251 3660 5304 ω

2095 5347 2319 5402 κωλύωο
2351 5347 2426 5412 ὡς
2458 5348 2584 5400 ὅταν
2620 5346 2778 5418 λέγῃ,
2811 5348 2882 5401 El
2913 5363 3002 5410 τις
3033 5344 3189 5414 ὑμᾶς
3216 5343 3393 5397 καλεῖ
3406 5342 3525 5395 τῶν
3545 5341 3656 5394 ἀειιῖ
3739 5415 3741 5424 Ι

2095 5457 2280 5503 στων,
2326 5439 2424 5494 καί
2466 5439 2668 5493 θέλετε
2711 5439 3090 5507 πορεύεσθαι,
3133 5438 3254 5506 οὐχὶ
3286 5434 3655 5506 νομοθετῶντέ
3739 5427 3741 5430 ⁴

2099 5529 2427 5603 πορεύεσθαι
2443 5529 2611 5600 λέγει,
2631 5525 2751 5584 ἀλλ’
2769 5528 2868 5582 οὐκ
2889 5527 3120 5598 ἐπέχων
3141 5525 3283 5580 οῦτω
3304 5544 3332 5580 κ
3350 5525 3395 5577 ιὶ
3412 5521 3653 5576 ὲνταῦθι.
3687 5545 3690 5552 ·
