  <div class='ocr_page' id='page_1' title='image "/cluster/home/n/w/nwhite01/storage/ocr_20150623/61/hvd.32044019190461/316.png"; bbox 0 0 3802 6320; ppageno 0'>
   <div class='ocr_carea' id='block_1_1' title="bbox 91 356 1671 434">
    <p class='ocr_par' dir='ltr' id='par_1_1' title="bbox 91 356 1671 434">
     <span class='ocr_line' id='line_1_1' title="bbox 91 356 1671 434; baseline -0.013 -6"><span class='ocrx_word' id='word_1_1' title='bbox 91 371 467 434; x_wconf 74' lang='lat' dir='ltr'><strong>necessitatem</strong></span> <span class='ocrx_word' id='word_1_2' title='bbox 491 364 683 421; x_wconf 85' lang='lat' dir='ltr'><strong>all‘erat</strong></span> <span class='ocrx_word' id='word_1_3' title='bbox 720 356 1029 431; x_wconf 82' lang='lat' dir='ltr'><strong>requirendi</strong></span> <span class='ocrx_word' id='word_1_4' title='bbox 1066 357 1184 426; x_wconf 74' lang='lat' dir='ltr'><strong>eius</strong></span> <span class='ocrx_word' id='word_1_5' title='bbox 1226 356 1317 427; x_wconf 88' lang='lat' dir='ltr'><strong>qui</strong></span> <span class='ocrx_word' id='word_1_6' title='bbox 1349 356 1671 424; x_wconf 84' lang='lat' dir='ltr'><strong>interprete-</strong></span> 
     </span>
    </p>
   </div>
   <div class='ocr_carea' id='block_1_2' title="bbox 88 445 1672 532">
    <p class='ocr_par' dir='ltr' id='par_1_2' title="bbox 88 445 1672 532">
     <span class='ocr_line' id='line_1_2' title="bbox 88 445 1672 532; baseline -0.014 -11"><span class='ocrx_word' id='word_1_7' title='bbox 88 478 190 522; x_wconf 88' lang='lat' dir='ltr'><strong>tur.</strong></span> <span class='ocrx_word' id='word_1_8' title='bbox 218 462 357 519; x_wconf 80' lang='lat' dir='ltr'><strong>Nam</strong></span> <span class='ocrx_word' id='word_1_9' title='bbox 381 458 635 532; x_wconf 90' lang='lat' dir='ltr'><strong>quoniam</strong></span> <span class='ocrx_word' id='word_1_10' title='bbox 674 469 781 511; x_wconf 92' lang='lat' dir='ltr'><strong>non</strong></span> <span class='ocrx_word' id='word_1_11' title='bbox 810 468 875 508; x_wconf 90' lang='lat' dir='ltr'><strong>eo</strong></span> <span class='ocrx_word' id='word_1_12' title='bbox 904 448 1246 520; x_wconf 70' lang='lat' dir='ltr'><strong>spectabant,</strong></span> <span class='ocrx_word' id='word_1_13' title='bbox 1279 445 1375 502; x_wconf 90' lang='lat' dir='ltr'><strong>sed</strong></span> <span class='ocrx_word' id='word_1_14' title='bbox 1396 446 1462 501; x_wconf 86' lang='lat' dir='ltr'><strong>ad</strong></span> <span class='ocrx_word' id='word_1_15' title='bbox 1487 453 1672 501; x_wconf 84' lang='lat' dir='ltr'><strong>osten-</strong></span> 
     </span>
    </p>
   </div>
   <div class='ocr_carea' id='block_1_3' title="bbox 84 537 1672 627">
    <p class='ocr_par' dir='ltr' id='par_1_3' title="bbox 84 537 1672 627">
     <span class='ocr_line' id='line_1_3' title="bbox 84 537 1672 627; baseline -0.015 -11"><span class='ocrx_word' id='word_1_16' title='bbox 84 562 346 616; x_wconf 81' lang='lat' dir='ltr'><strong>tationem</strong></span> <span class='ocrx_word' id='word_1_17' title='bbox 369 554 663 627; x_wconf 61' lang='lat' dir='ltr'><strong>gloria-que</strong></span> <span class='ocrx_word' id='word_1_18' title='bbox 690 558 746 603; x_wconf 90' lang='lat' dir='ltr'><strong>et</strong></span> <span class='ocrx_word' id='word_1_19' title='bbox 771 545 989 603; x_wconf 85' lang='lat' dir='ltr'><strong>honoris</strong></span> <span class='ocrx_word' id='word_1_20' title='bbox 1014 542 1360 613; x_wconf 89' lang='lat' dir='ltr'><strong>cupiditatem</strong></span> <span class='ocrx_word' id='word_1_21' title='bbox 1392 538 1541 594; x_wconf 88' lang='lat' dir='ltr'><strong>multi</strong></span> <span class='ocrx_word' id='word_1_22' title='bbox 1570 537 1672 593; x_wconf 88' lang='lat' dir='ltr'><strong>hoc</strong></span> 
     </span>
    </p>
   </div>
   <div class='ocr_carea' id='block_1_4' title="bbox 81 628 1672 708">
    <p class='ocr_par' dir='ltr' id='par_1_4' title="bbox 81 628 1672 708">
     <span class='ocr_line' id='line_1_4' title="bbox 81 628 1672 708; baseline -0.016 0"><span class='ocrx_word' id='word_1_23' title='bbox 81 655 225 708; x_wconf 86' lang='lat' dir='ltr'><strong>dono</strong></span> <span class='ocrx_word' id='word_1_24' title='bbox 270 646 583 705; x_wconf 84' lang='lat' dir='ltr'><strong>utebantur.</strong></span> <span class='ocrx_word' id='word_1_25' title='bbox 621 642 689 698; x_wconf 88' lang='lat' dir='ltr'><strong>ab</strong></span> <span class='ocrx_word' id='word_1_26' title='bbox 731 655 798 695; x_wconf 89' lang='lat' dir='ltr'><strong>eo</strong></span> <span class='ocrx_word' id='word_1_27' title='bbox 840 636 1069 693; x_wconf 77' lang='lat' dir='ltr'><strong>maxime</strong></span> <span class='ocrx_word' id='word_1_28' title='bbox 1106 634 1354 693; x_wconf 86' lang='lat' dir='ltr'><strong>abducit.</strong></span> <span class='ocrx_word' id='word_1_29' title='bbox 1382 628 1672 685; x_wconf 88' lang='lat' dir='ltr'><strong>ostendens</strong></span> 
     </span>
    </p>
   </div>
   <div class='ocr_carea' id='block_1_5' title="bbox 77 724 1670 813">
    <p class='ocr_par' dir='ltr' id='par_1_5' title="bbox 77 724 1670 813">
     <span class='ocr_line' id='line_1_5' title="bbox 77 724 1670 813; baseline -0.019 -9"><span class='ocrx_word' id='word_1_30' title='bbox 77 762 171 803; x_wconf 86' lang='lat' dir='ltr'><strong>eos</strong></span> <span class='ocrx_word' id='word_1_31' title='bbox 202 745 259 799; x_wconf 90' lang='lat' dir='ltr'><strong>in</strong></span> <span class='ocrx_word' id='word_1_32' title='bbox 290 740 462 813; x_wconf 87' lang='lat' dir='ltr'><strong>gloria</strong></span> <span class='ocrx_word' id='word_1_33' title='bbox 491 747 550 794; x_wconf 89' lang='lat' dir='ltr'><strong>et</strong></span> <span class='ocrx_word' id='word_1_34' title='bbox 576 731 969 792; x_wconf 80' lang='lat' dir='ltr'><strong>existimatione</strong></span> <span class='ocrx_word' id='word_1_35' title='bbox 1010 742 1257 797; x_wconf 84' lang='lat' dir='ltr'><strong>maguum</strong></span> <span class='ocrx_word' id='word_1_36' title='bbox 1285 724 1537 779; x_wconf 82' lang='lat' dir='ltr'><strong>damnum</strong></span> <span class='ocrx_word' id='word_1_37' title='bbox 1576 736 1670 813; x_wconf 66' lang='lat' dir='ltr'><strong>ae-</strong></span> 
     </span>
    </p>
   </div>
   <div class='ocr_carea' id='block_1_6' title="bbox 79 810 1671 908">
    <p class='ocr_par' dir='ltr' id='par_1_6' title="bbox 79 810 1671 908">
     <span class='ocr_line' id='line_1_6' title="bbox 79 810 1671 908; baseline -0.018 -15"><span class='ocrx_word' id='word_1_38' title='bbox 79 810 311 908; x_wconf 38' lang='lat' dir='ltr'><strong>cipere,‘</strong></span> <span class='ocrx_word' id='word_1_39' title='bbox 346 842 408 888; x_wconf 89' lang='lat' dir='ltr'><strong>ut</strong></span> <span class='ocrx_word' id='word_1_40' title='bbox 448 830 538 900; x_wconf 92' lang='lat' dir='ltr'><strong>qui</strong></span> <span class='ocrx_word' id='word_1_41' title='bbox 584 828 635 882; x_wconf 90' lang='lat' dir='ltr'><strong>in</strong></span> <span class='ocrx_word' id='word_1_42' title='bbox 666 824 891 880; x_wconf 75' lang='lat' dir='ltr'><strong>insania:</strong></span> <span class='ocrx_word' id='word_1_43' title='bbox 936 817 1295 889; x_wconf 87' lang='lat' dir='ltr'><strong>suspicionem</strong></span> <span class='ocrx_word' id='word_1_44' title='bbox 1323 815 1558 869; x_wconf 76' lang='lat' dir='ltr'><strong>veniant.</strong></span> <span class='ocrx_word' id='word_1_45' title='bbox 1603 810 1671 865; x_wconf 74' lang='lat' dir='ltr'><strong>Et</strong></span> 
     </span>
    </p>
   </div>
   <div class='ocr_carea' id='block_1_7' title="bbox 79 910 1670 988">
    <p class='ocr_par' dir='ltr' id='par_1_7' title="bbox 79 910 1670 988">
     <span class='ocr_line' id='line_1_7' title="bbox 79 910 1670 988; baseline -0.017 -2"><span class='ocrx_word' id='word_1_46' title='bbox 79 932 180 985; x_wconf 85' lang='lat' dir='ltr'><strong>hoc</strong></span> <span class='ocrx_word' id='word_1_47' title='bbox 226 936 315 983; x_wconf 88' lang='lat' dir='ltr'><strong>est</strong></span> <span class='ocrx_word' id='word_1_48' title='bbox 362 924 629 985; x_wconf 87' lang='lat' dir='ltr'><strong>maxime,</strong></span> <span class='ocrx_word' id='word_1_49' title='bbox 674 915 817 988; x_wconf 88' lang='lat' dir='ltr'><strong>quod</strong></span> <span class='ocrx_word' id='word_1_50' title='bbox 861 913 1075 969; x_wconf 82' lang='lat' dir='ltr'><strong>assidue</strong></span> <span class='ocrx_word' id='word_1_51' title='bbox 1120 910 1398 973; x_wconf 80' lang='lat' dir='ltr'><strong>adstruere</strong></span> <span class='ocrx_word' id='word_1_52' title='bbox 1444 915 1670 962; x_wconf 88' lang='lat' dir='ltr'><strong>conatur</strong></span> 
     </span>
    </p>
   </div>
   <div class='ocr_carea' id='block_1_8' title="bbox 78 996 1668 1086">
    <p class='ocr_par' dir='ltr' id='par_1_8' title="bbox 78 996 1668 1086">
     <span class='ocr_line' id='line_1_8' title="bbox 78 996 1668 1086; baseline -0.017 -9"><span class='ocrx_word' id='word_1_53' title='bbox 78 1021 313 1086; x_wconf 77' lang='lat' dir='ltr'><strong>l‘aulus;</strong></span> <span class='ocrx_word' id='word_1_54' title='bbox 344 1013 562 1085; x_wconf 81' lang='lat' dir='ltr'><strong>quando</strong></span> <span class='ocrx_word' id='word_1_55' title='bbox 588 1010 698 1065; x_wconf 86' lang='lat' dir='ltr'><strong>vult</strong></span> <span class='ocrx_word' id='word_1_56' title='bbox 723 1008 792 1062; x_wconf 87' lang='lat' dir='ltr'><strong>ab</strong></span> <span class='ocrx_word' id='word_1_57' title='bbox 819 1006 994 1075; x_wconf 85' lang='lat' dir='ltr'><strong>aliqua</strong></span> <span class='ocrx_word' id='word_1_58' title='bbox 1028 998 1086 1058; x_wconf 79' lang='lat' dir='ltr'><strong>re</strong></span> <span class='ocrx_word' id='word_1_59' title='bbox 1108 1000 1404 1062; x_wconf 84' lang='lat' dir='ltr'><strong>abducere.</strong></span> <span class='ocrx_word' id='word_1_60' title='bbox 1435 996 1668 1053; x_wconf 90' lang='lat' dir='ltr'><strong>ostendit</strong></span> 
     </span>
    </p>
   </div>
   <div class='ocr_carea' id='block_1_9' title="bbox 74 1089 1667 1175">
    <p class='ocr_par' dir='ltr' id='par_1_9' title="bbox 74 1089 1667 1175">
     <span class='ocr_line' id='line_1_9' title="bbox 74 1089 1667 1175; baseline -0.018 -3"><span class='ocrx_word' id='word_1_61' title='bbox 74 1130 196 1171; x_wconf 78' lang='lat' dir='ltr'><strong>eum</strong></span> <span class='ocrx_word' id='word_1_62' title='bbox 227 1109 355 1166; x_wconf 64' lang='lat' dir='ltr'><strong>laedi</strong></span> <span class='ocrx_word' id='word_1_63' title='bbox 378 1110 430 1162; x_wconf 91' lang='lat' dir='ltr'><strong>in</strong></span> <span class='ocrx_word' id='word_1_64' title='bbox 455 1107 524 1161; x_wconf 89' lang='lat' dir='ltr'><strong>iis</strong></span> <span class='ocrx_word' id='word_1_65' title='bbox 553 1104 682 1175; x_wconf 82' lang='lat' dir='ltr'><strong>ipsis</strong></span> <span class='ocrx_word' id='word_1_66' title='bbox 709 1115 829 1172; x_wconf 68' lang='lat' dir='ltr'><strong>quin</strong></span> <span class='ocrx_word' id='word_1_67' title='bbox 850 1096 1135 1153; x_wconf 86' lang='lat' dir='ltr'><strong>desiderat.</strong></span> <span class='ocrx_word' id='word_1_68' title='bbox 1168 1094 1236 1148; x_wconf 86' lang='lat' dir='ltr'><strong>Et</strong></span> <span class='ocrx_word' id='word_1_69' title='bbox 1262 1101 1316 1147; x_wconf 91' lang='lat' dir='ltr'><strong>tu</strong></span> <span class='ocrx_word' id='word_1_70' title='bbox 1344 1105 1556 1162; x_wconf 90' lang='lat' dir='ltr'><strong>quoque</strong></span> <span class='ocrx_word' id='word_1_71' title='bbox 1585 1089 1667 1144; x_wconf 85' lang='lat' dir='ltr'><strong>fac</strong></span> 
     </span>
    </p>
   </div>
   <div class='ocr_carea' id='block_1_10' title="bbox 76 1183 1667 1264">
    <p class='ocr_par' dir='ltr' id='par_1_10' title="bbox 76 1183 1667 1264">
     <span class='ocr_line' id='line_1_10' title="bbox 76 1183 1667 1264; baseline -0.014 -5"><span class='ocrx_word' id='word_1_72' title='bbox 76 1204 326 1259; x_wconf 80' lang='lat' dir='ltr'><strong>similiter</strong></span> <span class='ocrx_word' id='word_1_73' title='bbox 352 1218 367 1253; x_wconf 90' lang='lat'><strong>:</strong></span> <span class='ocrx_word' id='word_1_74' title='bbox 396 1198 443 1253; x_wconf 96' lang='lat' dir='ltr'><strong>si</strong></span> <span class='ocrx_word' id='word_1_75' title='bbox 473 1213 503 1251; x_wconf 88' lang='lat' dir='ltr'><strong>a</strong></span> <span class='ocrx_word' id='word_1_76' title='bbox 532 1196 804 1264; x_wconf 83' lang='lat' dir='ltr'><strong>voluptate</strong></span> <span class='ocrx_word' id='word_1_77' title='bbox 832 1190 1097 1252; x_wconf 87' lang='lat' dir='ltr'><strong>abducas,</strong></span> <span class='ocrx_word' id='word_1_78' title='bbox 1128 1183 1353 1240; x_wconf 87' lang='lat' dir='ltr'><strong>ostende</strong></span> <span class='ocrx_word' id='word_1_79' title='bbox 1394 1197 1505 1238; x_wconf 90' lang='lat' dir='ltr'><strong>rem</strong></span> <span class='ocrx_word' id='word_1_80' title='bbox 1547 1194 1667 1237; x_wconf 88' lang='lat' dir='ltr'><strong>esse</strong></span> 
     </span>
    </p>
   </div>
   <div class='ocr_carea' id='block_1_11' title="bbox 75 1273 1663 1358">
    <p class='ocr_par' dir='ltr' id='par_1_11' title="bbox 75 1273 1663 1358">
     <span class='ocr_line' id='line_1_11' title="bbox 75 1273 1663 1358; baseline -0.016 -7"><span class='ocrx_word' id='word_1_81' title='bbox 75 1296 366 1358; x_wconf 85' lang='lat' dir='ltr'><strong>acerbam;</strong></span> <span class='ocrx_word' id='word_1_82' title='bbox 397 1290 442 1346; x_wconf 89' lang='lat' dir='ltr'><strong>si</strong></span> <span class='ocrx_word' id='word_1_83' title='bbox 471 1284 540 1343; x_wconf 88' lang='lat' dir='ltr'><strong>ab</strong></span> <span class='ocrx_word' id='word_1_84' title='bbox 574 1286 717 1342; x_wconf 84' lang='lat' dir='ltr'><strong>inani</strong></span> <span class='ocrx_word' id='word_1_85' title='bbox 744 1282 915 1355; x_wconf 81' lang='lat' dir='ltr'><strong>gloria</strong></span> <span class='ocrx_word' id='word_1_86' title='bbox 956 1277 1235 1336; x_wconf 85' lang='lat' dir='ltr'><strong>abstrahas</strong></span> <span class='ocrx_word' id='word_1_87' title='bbox 1254 1317 1270 1343; x_wconf 91' lang='lat'><strong>,</strong></span> <span class='ocrx_word' id='word_1_88' title='bbox 1299 1273 1523 1330; x_wconf 87' lang='lat' dir='ltr'><strong>ostende</strong></span> <span class='ocrx_word' id='word_1_89' title='bbox 1552 1287 1663 1328; x_wconf 90' lang='lat' dir='ltr'><strong>rem</strong></span> 
     </span>
    </p>
   </div>
   <div class='ocr_carea' id='block_1_12' title="bbox 74 1365 1666 1456">
    <p class='ocr_par' dir='ltr' id='par_1_12' title="bbox 74 1365 1666 1456">
     <span class='ocr_line' id='line_1_12' title="bbox 74 1365 1666 1456; baseline -0.016 -12"><span class='ocrx_word' id='word_1_90' title='bbox 74 1403 193 1444; x_wconf 76' lang='lat' dir='ltr'><strong>esse</strong></span> <span class='ocrx_word' id='word_1_91' title='bbox 224 1387 443 1456; x_wconf 81' lang='lat' dir='ltr'><strong>plenam</strong></span> <span class='ocrx_word' id='word_1_92' title='bbox 469 1380 733 1435; x_wconf 83' lang='lat' dir='ltr'><strong>dedecore</strong></span> <span class='ocrx_word' id='word_1_93' title='bbox 762 1384 817 1431; x_wconf 88' lang='lat' dir='ltr'><strong>et</strong></span> <span class='ocrx_word' id='word_1_94' title='bbox 845 1373 1083 1429; x_wconf 84' lang='lat' dir='ltr'><strong>infamia.</strong></span> <span class='ocrx_word' id='word_1_95' title='bbox 1123 1370 1214 1425; x_wconf 87' lang='lat' dir='ltr'><strong>Sic</strong></span> <span class='ocrx_word' id='word_1_96' title='bbox 1250 1369 1410 1424; x_wconf 84' lang='lat' dir='ltr'><strong>etiam</strong></span> <span class='ocrx_word' id='word_1_97' title='bbox 1438 1365 1666 1423; x_wconf 80' lang='lat' dir='ltr'><strong>faciebat</strong></span> 
     </span>
    </p>
   </div>
   <div class='ocr_carea' id='block_1_13' title="bbox 76 1460 1664 1535">
    <p class='ocr_par' dir='ltr' id='par_1_13' title="bbox 76 1460 1664 1535">
     <span class='ocr_line' id='line_1_13' title="bbox 76 1460 1664 1535; baseline -0.014 0"><span class='ocrx_word' id='word_1_98' title='bbox 76 1480 291 1535; x_wconf 77' lang='lat' dir='ltr'><strong>Paulus.</strong></span> <span class='ocrx_word' id='word_1_99' title='bbox 324 1475 529 1530; x_wconf 86' lang='lat' dir='ltr'><strong>Divites</strong></span> <span class='ocrx_word' id='word_1_100' title='bbox 555 1471 697 1526; x_wconf 87' lang='lat' dir='ltr'><strong>enim</strong></span> <span class='ocrx_word' id='word_1_101' title='bbox 721 1467 960 1522; x_wconf 86' lang='lat' dir='ltr'><strong>avellens</strong></span> <span class='ocrx_word' id='word_1_102' title='bbox 978 1465 1046 1520; x_wconf 89' lang='lat' dir='ltr'><strong>ab</strong></span> <span class='ocrx_word' id='word_1_103' title='bbox 1070 1478 1252 1517; x_wconf 88' lang='lat' dir='ltr'><strong>amore</strong></span> <span class='ocrx_word' id='word_1_104' title='bbox 1272 1460 1533 1531; x_wconf 66' lang='lat' dir='ltr'><strong>pecuniae,</strong></span> <span class='ocrx_word' id='word_1_105' title='bbox 1558 1474 1664 1513; x_wconf 88' lang='lat' dir='ltr'><strong>non</strong></span> 
     </span>
    </p>
   </div>
   <div class='ocr_carea' id='block_1_14' title="bbox 76 1551 1663 1627">
    <p class='ocr_par' dir='ltr' id='par_1_14' title="bbox 76 1551 1663 1627">
     <span class='ocr_line' id='line_1_14' title="bbox 76 1551 1663 1627; baseline -0.011 -2"><span class='ocrx_word' id='word_1_106' title='bbox 76 1573 202 1627; x_wconf 84' lang='lat' dir='ltr'><strong>dixit</strong></span> <span class='ocrx_word' id='word_1_107' title='bbox 228 1570 407 1625; x_wconf 88' lang='lat' dir='ltr'><strong>solum</strong></span> <span class='ocrx_word' id='word_1_108' title='bbox 433 1565 620 1621; x_wconf 85' lang='lat' dir='ltr'><strong>noxias</strong></span> <span class='ocrx_word' id='word_1_109' title='bbox 641 1577 761 1617; x_wconf 87' lang='lat' dir='ltr'><strong>esse</strong></span> <span class='ocrx_word' id='word_1_110' title='bbox 785 1559 1020 1624; x_wconf 82' lang='lat' dir='ltr'><strong>divitias,</strong></span> <span class='ocrx_word' id='word_1_111' title='bbox 1052 1556 1145 1612; x_wconf 88' lang='lat' dir='ltr'><strong>sed</strong></span> <span class='ocrx_word' id='word_1_112' title='bbox 1171 1554 1332 1611; x_wconf 86' lang='lat' dir='ltr'><strong>etiam</strong></span> <span class='ocrx_word' id='word_1_113' title='bbox 1364 1552 1584 1623; x_wconf 81' lang='lat' dir='ltr'><strong>injicere</strong></span> <span class='ocrx_word' id='word_1_114' title='bbox 1610 1551 1663 1607; x_wconf 86' lang='lat' dir='ltr'><strong>in</strong></span> 
     </span>
    </p>
   </div>
   <div class='ocr_carea' id='block_1_15' title="bbox 75 1644 1665 1720">
    <p class='ocr_par' dir='ltr' id='par_1_15' title="bbox 75 1644 1665 1720">
     <span class='ocr_line' id='line_1_15' title="bbox 75 1644 1665 1720; baseline -0.013 -2"><span class='ocrx_word' id='word_1_115' title='bbox 75 1663 407 1717; x_wconf 86' lang='lat' dir='ltr'><strong>tentationes</strong></span> <span class='ocrx_word' id='word_1_116' title='bbox 431 1675 445 1713; x_wconf 90' lang='lat'>:</span> <span class='ocrx_word' id='word_1_117' title='bbox 481 1671 603 1711; x_wconf 86' lang='lat' dir='ltr'><strong>nam</strong></span> <span class='ocrx_word' id='word_1_118' title='bbox 628 1655 723 1716; x_wconf 90' lang='lat' dir='ltr'><strong>ait,</strong></span> <span class='ocrx_word' id='word_1_119' title='bbox 757 1652 857 1720; x_wconf 86' lang='lat' dir='ltr'><strong>Qui</strong></span> <span class='ocrx_word' id='word_1_120' title='bbox 884 1651 1055 1705; x_wconf 76' lang='lat' dir='ltr'><strong>uolunt</strong></span> <span class='ocrx_word' id='word_1_121' title='bbox 1079 1648 1257 1702; x_wconf 85' lang='lat' dir='ltr'><strong>diuites</strong></span> <span class='ocrx_word' id='word_1_122' title='bbox 1283 1660 1407 1711; x_wconf 83' lang='lat' dir='ltr'><strong>esse,</strong></span> <span class='ocrx_word' id='word_1_123' title='bbox 1437 1644 1665 1698; x_wconf 71' lang='lat' dir='ltr'><strong>incidunt</strong></span> 
     </span>
    </p>
   </div>
   <div class='ocr_carea' id='block_1_16' title="bbox 74 1738 1665 1819">
    <p class='ocr_par' dir='ltr' id='par_1_16' title="bbox 74 1738 1665 1819">
     <span class='ocr_line' id='line_1_16' title="bbox 74 1738 1665 1819; baseline -0.014 -8"><span class='ocrx_word' id='word_1_124' title='bbox 74 1754 485 1811; x_wconf 77' lang='lat' dir='ltr'><strong>intentationem</strong></span> <span class='ocrx_word' id='word_1_125' title='bbox 515 1750 594 1819; x_wconf 85' lang='lat' dir='ltr'><strong>(l.</strong></span> <span class='ocrx_word' id='word_1_126' title='bbox 630 1748 762 1802; x_wconf 84' lang='lat' dir='ltr'><strong>Tim.</strong></span> <span class='ocrx_word' id='word_1_127' title='bbox 791 1746 846 1800; x_wconf 79' lang='grc' dir='ltr'><strong>ὀ.</strong></span> <span class='ocrx_word' id='word_1_128' title='bbox 879 1744 957 1816; x_wconf 89' lang='grc'><strong>9).</strong></span> <span class='ocrx_word' id='word_1_129' title='bbox 1003 1742 1137 1809; x_wconf 83' lang='lat' dir='ltr'><strong>Quia</strong></span> <span class='ocrx_word' id='word_1_130' title='bbox 1179 1739 1322 1795; x_wconf 87' lang='lat' dir='ltr'><strong>enim</strong></span> <span class='ocrx_word' id='word_1_131' title='bbox 1350 1738 1665 1794; x_wconf 84' lang='lat' dir='ltr'><strong>videbantur</strong></span> 
     </span>
    </p>
   </div>
   <div class='ocr_carea' id='block_1_17' title="bbox 75 1828 1664 1905">
    <p class='ocr_par' dir='ltr' id='par_1_17' title="bbox 75 1828 1664 1905">
     <span class='ocr_line' id='line_1_17' title="bbox 75 1828 1664 1905; baseline -0.014 -1"><span class='ocrx_word' id='word_1_132' title='bbox 75 1852 303 1905; x_wconf 83' lang='lat' dir='ltr'><strong>liberare</strong></span> <span class='ocrx_word' id='word_1_133' title='bbox 331 1862 367 1899; x_wconf 84' lang='lat' dir='ltr'><strong>a</strong></span> <span class='ocrx_word' id='word_1_134' title='bbox 408 1840 821 1905; x_wconf 86' lang='lat' dir='ltr'><strong>tentationibus,</strong></span> <span class='ocrx_word' id='word_1_135' title='bbox 850 1837 930 1893; x_wconf 90' lang='lat' dir='ltr'><strong>eis</strong></span> <span class='ocrx_word' id='word_1_136' title='bbox 958 1835 1142 1891; x_wconf 82' lang='lat' dir='ltr'><strong>tribuit</strong></span> <span class='ocrx_word' id='word_1_137' title='bbox 1177 1831 1504 1888; x_wconf 86' lang='lat' dir='ltr'><strong>contrarium</strong></span> <span class='ocrx_word' id='word_1_138' title='bbox 1547 1828 1664 1898; x_wconf 83' lang='lat' dir='ltr'><strong>ejus</strong></span> 
     </span>
    </p>
   </div>
   <div class='ocr_carea' id='block_1_18' title="bbox 72 1920 1663 2011">
    <p class='ocr_par' dir='ltr' id='par_1_18' title="bbox 72 1920 1663 2011">
     <span class='ocr_line' id='line_1_18' title="bbox 72 1920 1663 2011; baseline -0.015 -14"><span class='ocrx_word' id='word_1_139' title='bbox 72 1942 210 2011; x_wconf 76' lang='lat' dir='ltr'><strong>quod</strong></span> <span class='ocrx_word' id='word_1_140' title='bbox 238 1937 626 1996; x_wconf 86' lang='lat' dir='ltr'><strong>existimabant</strong></span> <span class='ocrx_word' id='word_1_141' title='bbox 651 1932 869 1988; x_wconf 84' lang='lat' dir='ltr'><strong>divites.</strong></span> <span class='ocrx_word' id='word_1_142' title='bbox 895 1928 1001 1984; x_wconf 84' lang='lat' dir='ltr'><strong>Alii</strong></span> <span class='ocrx_word' id='word_1_143' title='bbox 1039 1937 1278 1983; x_wconf 72' lang='lat' dir='ltr'><strong>externa:</strong></span> <span class='ocrx_word' id='word_1_144' title='bbox 1314 1937 1532 1993; x_wconf 86' lang='lat' dir='ltr'><strong>operam</strong></span> <span class='ocrx_word' id='word_1_145' title='bbox 1564 1920 1663 1974; x_wconf 89' lang='lat' dir='ltr'><strong>da-</strong></span> 
     </span>
    </p>
   </div>
   <div class='ocr_carea' id='block_1_19' title="bbox 73 2012 1665 2101">
    <p class='ocr_par' dir='ltr' id='par_1_19' title="bbox 73 2012 1665 2101">
     <span class='ocr_line' id='line_1_19' title="bbox 73 2012 1665 2101; baseline -0.016 -12"><span class='ocrx_word' id='word_1_146' title='bbox 73 2037 195 2089; x_wconf 88' lang='lat' dir='ltr'><strong>bant</strong></span> <span class='ocrx_word' id='word_1_147' title='bbox 225 2030 545 2101; x_wconf 62' lang='lat' dir='ltr'><strong>sapientiai,</strong></span> <span class='ocrx_word' id='word_1_148' title='bbox 594 2036 863 2096; x_wconf 78' lang='lat' dir='ltr'><strong>tamquam</strong></span> <span class='ocrx_word' id='word_1_149' title='bbox 894 2020 995 2075; x_wconf 84' lang='lat' dir='ltr'><strong>hac</strong></span> <span class='ocrx_word' id='word_1_150' title='bbox 1026 2019 1234 2075; x_wconf 85' lang='lat' dir='ltr'><strong>ratione</strong></span> <span class='ocrx_word' id='word_1_151' title='bbox 1270 2016 1460 2085; x_wconf 88' lang='lat' dir='ltr'><strong>dogma</strong></span> <span class='ocrx_word' id='word_1_152' title='bbox 1499 2012 1665 2067; x_wconf 81' lang='lat' dir='ltr'><strong>stabi-</strong></span> 
     </span>
    </p>
   </div>
   <div class='ocr_carea' id='block_1_20' title="bbox 74 2108 1667 2182">
    <p class='ocr_par' dir='ltr' id='par_1_20' title="bbox 74 2108 1667 2182">
     <span class='ocr_line' id='line_1_20' title="bbox 74 2108 1667 2182; baseline -0.016 1"><span class='ocrx_word' id='word_1_153' title='bbox 74 2131 305 2182; x_wconf 87' lang='lat' dir='ltr'><strong>lientes:</strong></span> <span class='ocrx_word' id='word_1_154' title='bbox 352 2119 592 2176; x_wconf 86' lang='lat' dir='ltr'><strong>ostendit</strong></span> <span class='ocrx_word' id='word_1_155' title='bbox 637 2132 755 2173; x_wconf 89' lang='lat' dir='ltr'><strong>eam</strong></span> <span class='ocrx_word' id='word_1_156' title='bbox 798 2129 902 2170; x_wconf 82' lang='lat' dir='ltr'><strong>non</strong></span> <span class='ocrx_word' id='word_1_157' title='bbox 950 2112 1123 2167; x_wconf 78' lang='lat' dir='ltr'><strong>soluat</strong></span> <span class='ocrx_word' id='word_1_158' title='bbox 1169 2108 1315 2164; x_wconf 86' lang='lat' dir='ltr'><strong>cruci</strong></span> <span class='ocrx_word' id='word_1_159' title='bbox 1359 2121 1463 2161; x_wconf 89' lang='lat' dir='ltr'><strong>non</strong></span> <span class='ocrx_word' id='word_1_160' title='bbox 1502 2120 1667 2174; x_wconf 65' lang='lat' dir='ltr'><strong>opem,</strong></span> 
     </span>
    </p>
   </div>
   <div class='ocr_carea' id='block_1_21' title="bbox 70 2195 1658 2281">
    <p class='ocr_par' dir='ltr' id='par_1_21' title="bbox 70 2195 1658 2281">
     <span class='ocr_line' id='line_1_21' title="bbox 70 2195 1658 2281; baseline -0.014 -10"><span class='ocrx_word' id='word_1_161' title='bbox 70 2220 206 2273; x_wconf 85' lang='lat' dir='ltr'><strong>ferre</strong></span> <span class='ocrx_word' id='word_1_162' title='bbox 226 2257 244 2281; x_wconf 90' lang='lat'><strong>,</strong></span> <span class='ocrx_word' id='word_1_163' title='bbox 276 2213 376 2269; x_wconf 88' lang='lat' dir='ltr'><strong>sed</strong></span> <span class='ocrx_word' id='word_1_164' title='bbox 408 2213 571 2267; x_wconf 84' lang='lat' dir='ltr'><strong>etiam</strong></span> <span class='ocrx_word' id='word_1_165' title='bbox 602 2224 720 2264; x_wconf 88' lang='lat' dir='ltr'><strong>eam</strong></span> <span class='ocrx_word' id='word_1_166' title='bbox 748 2204 1046 2261; x_wconf 87' lang='lat' dir='ltr'><strong>exinanire.</strong></span> <span class='ocrx_word' id='word_1_167' title='bbox 1075 2200 1349 2270; x_wconf 84' lang='lat' dir='ltr'><strong>Urgebant</strong></span> <span class='ocrx_word' id='word_1_168' title='bbox 1371 2207 1427 2251; x_wconf 92' lang='lat' dir='ltr'><strong>ut</strong></span> <span class='ocrx_word' id='word_1_169' title='bbox 1449 2195 1658 2267; x_wconf 82' lang='lat' dir='ltr'><strong>judica-</strong></span> 
     </span>
    </p>
   </div>
   <div class='ocr_carea' id='block_1_22' title="bbox 70 2289 1656 2375">
    <p class='ocr_par' dir='ltr' id='par_1_22' title="bbox 70 2289 1656 2375">
     <span class='ocr_line' id='line_1_22' title="bbox 70 2289 1656 2375; baseline -0.013 -11"><span class='ocrx_word' id='word_1_170' title='bbox 70 2318 257 2363; x_wconf 87' lang='lat' dir='ltr'><strong>rentur</strong></span> <span class='ocrx_word' id='word_1_171' title='bbox 279 2306 427 2375; x_wconf 88' lang='lat' dir='ltr'><strong>apud</strong></span> <span class='ocrx_word' id='word_1_172' title='bbox 466 2304 633 2369; x_wconf 85' lang='lat' dir='ltr'><strong>alios,</strong></span> <span class='ocrx_word' id='word_1_173' title='bbox 662 2299 1029 2355; x_wconf 88' lang='lat' dir='ltr'><strong>existimantes</strong></span> <span class='ocrx_word' id='word_1_174' title='bbox 1061 2294 1332 2363; x_wconf 88' lang='lat' dir='ltr'><strong>indignum</strong></span> <span class='ocrx_word' id='word_1_175' title='bbox 1365 2305 1484 2347; x_wconf 88' lang='lat' dir='ltr'><strong>esse</strong></span> <span class='ocrx_word' id='word_1_176' title='bbox 1508 2289 1656 2360; x_wconf 84' lang='lat' dir='ltr'><strong>judi-</strong></span> 
     </span>
    </p>
   </div>
   <div class='ocr_carea' id='block_1_23' title="bbox 64 2385 1653 2471">
    <p class='ocr_par' dir='ltr' id='par_1_23' title="bbox 64 2385 1653 2471">
     <span class='ocr_line' id='line_1_23' title="bbox 64 2385 1653 2471; baseline -0.014 -13"><span class='ocrx_word' id='word_1_177' title='bbox 64 2404 169 2458; x_wconf 79' lang='lat' dir='ltr'><strong>cari</strong></span> <span class='ocrx_word' id='word_1_178' title='bbox 202 2400 349 2471; x_wconf 85' lang='lat' dir='ltr'><strong>apud</strong></span> <span class='ocrx_word' id='word_1_179' title='bbox 397 2412 560 2462; x_wconf 87' lang='lat' dir='ltr'><strong>suos,</strong></span> <span class='ocrx_word' id='word_1_180' title='bbox 604 2410 668 2451; x_wconf 87' lang='lat' dir='ltr'><strong>ac</strong></span> <span class='ocrx_word' id='word_1_181' title='bbox 712 2393 757 2449; x_wconf 89' lang='lat' dir='ltr'><strong>si</strong></span> <span class='ocrx_word' id='word_1_182' title='bbox 800 2391 1006 2447; x_wconf 86' lang='lat' dir='ltr'><strong>externi</strong></span> <span class='ocrx_word' id='word_1_183' title='bbox 1034 2397 1217 2444; x_wconf 87' lang='lat' dir='ltr'><strong>essent</strong></span> <span class='ocrx_word' id='word_1_184' title='bbox 1257 2385 1653 2455; x_wconf 82' lang='lat' dir='ltr'><strong>sapientiores:</strong></span> 
     </span>
    </p>
   </div>
   <div class='ocr_carea' id='block_1_24' title="bbox 68 2476 1653 2558">
    <p class='ocr_par' dir='ltr' id='par_1_24' title="bbox 68 2476 1653 2558">
     <span class='ocr_line' id='line_1_24' title="bbox 68 2476 1653 2558; baseline -0.013 -8"><span class='ocrx_word' id='word_1_185' title='bbox 68 2494 301 2550; x_wconf 82' lang='lat' dir='ltr'><strong>ostendit</strong></span> <span class='ocrx_word' id='word_1_186' title='bbox 329 2506 454 2546; x_wconf 85' lang='lat' dir='ltr'><strong>esse</strong></span> <span class='ocrx_word' id='word_1_187' title='bbox 483 2501 640 2558; x_wconf 86' lang='lat' dir='ltr'><strong>turpe</strong></span> <span class='ocrx_word' id='word_1_188' title='bbox 682 2486 812 2541; x_wconf 90' lang='lat' dir='ltr'><strong>foris</strong></span> <span class='ocrx_word' id='word_1_189' title='bbox 845 2482 1093 2554; x_wconf 81' lang='lat' dir='ltr'><strong>judicari.</strong></span> <span class='ocrx_word' id='word_1_190' title='bbox 1124 2479 1467 2535; x_wconf 82' lang='lat' dir='ltr'><strong>Accedebant</strong></span> <span class='ocrx_word' id='word_1_191' title='bbox 1501 2476 1567 2531; x_wconf 90' lang='lat' dir='ltr'><strong>ad</strong></span> <span class='ocrx_word' id='word_1_192' title='bbox 1593 2492 1653 2531; x_wconf 89' lang='lat' dir='ltr'><strong>ea</strong></span> 
     </span>
    </p>
   </div>
   <div class='ocr_carea' id='block_1_25' title="bbox 66 2572 1657 2657">
    <p class='ocr_par' dir='ltr' id='par_1_25' title="bbox 66 2572 1657 2657">
     <span class='ocr_line' id='line_1_25' title="bbox 66 2572 1657 2657; baseline -0.015 -11"><span class='ocrx_word' id='word_1_193' title='bbox 66 2605 178 2657; x_wconf 68' lang='lat' dir='ltr'><strong>qua!</strong></span> <span class='ocrx_word' id='word_1_194' title='bbox 204 2596 365 2644; x_wconf 85' lang='lat' dir='ltr'><strong>erant</strong></span> <span class='ocrx_word' id='word_1_195' title='bbox 383 2585 540 2639; x_wconf 81' lang='lat' dir='ltr'><strong>idolis</strong></span> <span class='ocrx_word' id='word_1_196' title='bbox 563 2580 851 2643; x_wconf 85' lang='lat' dir='ltr'><strong>immolata,</strong></span> <span class='ocrx_word' id='word_1_197' title='bbox 878 2588 1145 2646; x_wconf 84' lang='lat' dir='ltr'><strong>tamquam</strong></span> <span class='ocrx_word' id='word_1_198' title='bbox 1167 2572 1453 2643; x_wconf 82' lang='lat' dir='ltr'><strong>perfectam</strong></span> <span class='ocrx_word' id='word_1_199' title='bbox 1476 2582 1657 2626; x_wconf 85' lang='lat' dir='ltr'><strong>osten-</strong></span> 
     </span>
    </p>
   </div>
   <div class='ocr_carea' id='block_1_26' title="bbox 66 2664 1656 2737">
    <p class='ocr_par' dir='ltr' id='par_1_26' title="bbox 66 2664 1656 2737">
     <span class='ocr_line' id='line_1_26' title="bbox 66 2664 1656 2737; baseline -0.011 -4"><span class='ocrx_word' id='word_1_200' title='bbox 66 2692 239 2736; x_wconf 78' lang='lat' dir='ltr'><strong>tantes</strong></span> <span class='ocrx_word' id='word_1_201' title='bbox 265 2678 547 2733; x_wconf 82' lang='lat' dir='ltr'><strong>scientiam</strong></span> <span class='ocrx_word' id='word_1_202' title='bbox 569 2692 587 2729; x_wconf 83' lang='lat'>:</span> <span class='ocrx_word' id='word_1_203' title='bbox 616 2671 853 2728; x_wconf 84' lang='lat' dir='ltr'><strong>ostendit</strong></span> <span class='ocrx_word' id='word_1_204' title='bbox 874 2670 975 2724; x_wconf 93' lang='lat' dir='ltr'><strong>hoc</strong></span> <span class='ocrx_word' id='word_1_205' title='bbox 996 2683 1115 2723; x_wconf 86' lang='lat' dir='ltr'><strong>esse</strong></span> <span class='ocrx_word' id='word_1_206' title='bbox 1137 2666 1462 2737; x_wconf 65' lang='lat' dir='ltr'><strong>imperfectae</strong></span> <span class='ocrx_word' id='word_1_207' title='bbox 1484 2664 1656 2718; x_wconf 88' lang='lat' dir='ltr'><strong>scien-</strong></span> 
     </span>
    </p>
   </div>
   <div class='ocr_carea' id='block_1_27' title="bbox 66 2756 1651 2836">
    <p class='ocr_par' dir='ltr' id='par_1_27' title="bbox 66 2756 1651 2836">
     <span class='ocr_line' id='line_1_27' title="bbox 66 2756 1651 2836; baseline -0.01 -12"><span class='ocrx_word' id='word_1_208' title='bbox 66 2774 147 2826; x_wconf 76' lang='lat' dir='ltr'><strong>tia:</strong></span> <span class='ocrx_word' id='word_1_209' title='bbox 167 2814 183 2836; x_wconf 93' lang='lat'><strong>,</strong></span> <span class='ocrx_word' id='word_1_210' title='bbox 219 2769 436 2824; x_wconf 87' lang='lat' dir='ltr'><strong>nescire</strong></span> <span class='ocrx_word' id='word_1_211' title='bbox 462 2765 837 2821; x_wconf 87' lang='lat' dir='ltr'><strong>administrare</strong></span> <span class='ocrx_word' id='word_1_212' title='bbox 866 2776 928 2815; x_wconf 89' lang='lat' dir='ltr'><strong>ea</strong></span> <span class='ocrx_word' id='word_1_213' title='bbox 958 2775 1079 2830; x_wconf 73' lang='lat' dir='ltr'><strong>quae</strong></span> <span class='ocrx_word' id='word_1_214' title='bbox 1112 2766 1237 2813; x_wconf 90' lang='lat' dir='ltr'><strong>sunt</strong></span> <span class='ocrx_word' id='word_1_215' title='bbox 1263 2756 1651 2827; x_wconf 89' lang='lat' dir='ltr'><strong>proximorum.</strong></span> 
     </span>
    </p>
   </div>
   <div class='ocr_carea' id='block_1_28' title="bbox 69 2850 1653 2932">
    <p class='ocr_par' dir='ltr' id='par_1_28' title="bbox 69 2850 1653 2932">
     <span class='ocr_line' id='line_1_28' title="bbox 69 2850 1653 2932; baseline -0.011 -15"><span class='ocrx_word' id='word_1_216' title='bbox 69 2867 136 2919; x_wconf 88' lang='lat' dir='ltr'><strong>lta</strong></span> <span class='ocrx_word' id='word_1_217' title='bbox 165 2864 255 2919; x_wconf 86' lang='lat' dir='ltr'><strong>hic</strong></span> <span class='ocrx_word' id='word_1_218' title='bbox 278 2874 517 2932; x_wconf 85' lang='lat' dir='ltr'><strong>quoque,</strong></span> <span class='ocrx_word' id='word_1_219' title='bbox 547 2857 801 2929; x_wconf 83' lang='lat' dir='ltr'><strong>quoniam</strong></span> <span class='ocrx_word' id='word_1_220' title='bbox 821 2854 1123 2923; x_wconf 78' lang='lat' dir='ltr'><strong>linguarum</strong></span> <span class='ocrx_word' id='word_1_221' title='bbox 1148 2850 1345 2904; x_wconf 84' lang='lat' dir='ltr'><strong>donum</strong></span> <span class='ocrx_word' id='word_1_222' title='bbox 1374 2855 1653 2915; x_wconf 53' lang='lat' dir='ltr'><strong>stultentes</strong></span> 
     </span>
    </p>
   </div>
   <div class='ocr_carea' id='block_1_29' title="bbox 64 2938 1650 3020">
    <p class='ocr_par' dir='ltr' id='par_1_29' title="bbox 64 2938 1650 3020">
     <span class='ocr_line' id='line_1_29' title="bbox 64 2938 1650 3020; baseline -0.013 -10"><span class='ocrx_word' id='word_1_223' title='bbox 64 2956 489 3015; x_wconf 78' lang='lat' dir='ltr'><strong>admirabantur,</strong></span> <span class='ocrx_word' id='word_1_224' title='bbox 513 2950 737 3020; x_wconf 83' lang='lat' dir='ltr'><strong>gloriam</strong></span> <span class='ocrx_word' id='word_1_225' title='bbox 764 2954 1027 3008; x_wconf 83' lang='lat' dir='ltr'><strong>amantes,</strong></span> <span class='ocrx_word' id='word_1_226' title='bbox 1050 2941 1287 2998; x_wconf 84' lang='lat' dir='ltr'><strong>ostendit</strong></span> <span class='ocrx_word' id='word_1_227' title='bbox 1311 2939 1414 2994; x_wconf 88' lang='lat' dir='ltr'><strong>hoc</strong></span> <span class='ocrx_word' id='word_1_228' title='bbox 1438 2938 1650 3008; x_wconf 86' lang='lat' dir='ltr'><strong>quidem</strong></span> 
     </span>
    </p>
   </div>
   <div class='ocr_carea' id='block_1_30' title="bbox 66 3028 1653 3104">
    <p class='ocr_par' dir='ltr' id='par_1_30' title="bbox 66 3028 1653 3104">
     <span class='ocr_line' id='line_1_30' title="bbox 66 3028 1653 3104; baseline -0.014 0"><span class='ocrx_word' id='word_1_229' title='bbox 66 3065 153 3104; x_wconf 69' lang='lat' dir='ltr'><strong>eos</strong></span> <span class='ocrx_word' id='word_1_230' title='bbox 184 3047 423 3102; x_wconf 86' lang='lat' dir='ltr'><strong>maxime</strong></span> <span class='ocrx_word' id='word_1_231' title='bbox 461 3044 727 3098; x_wconf 87' lang='lat' dir='ltr'><strong>dedecore</strong></span> <span class='ocrx_word' id='word_1_232' title='bbox 756 3037 1010 3101; x_wconf 82' lang='lat' dir='ltr'><strong>afficere,</strong></span> <span class='ocrx_word' id='word_1_233' title='bbox 1050 3050 1155 3089; x_wconf 91' lang='lat' dir='ltr'><strong>non</strong></span> <span class='ocrx_word' id='word_1_234' title='bbox 1204 3033 1375 3089; x_wconf 89' lang='lat' dir='ltr'><strong>solum</strong></span> <span class='ocrx_word' id='word_1_235' title='bbox 1422 3044 1518 3085; x_wconf 87' lang='lat' dir='ltr'><strong>eos</strong></span> <span class='ocrx_word' id='word_1_236' title='bbox 1547 3028 1653 3098; x_wconf 67' lang='lat' dir='ltr'><strong>prio</strong></span> 
     </span>
    </p>
   </div>
   <div class='ocr_carea' id='block_1_31' title="bbox 68 3123 1649 3209">
    <p class='ocr_par' dir='ltr' id='par_1_31' title="bbox 68 3123 1649 3209">
     <span class='ocr_line' id='line_1_31' title="bbox 68 3123 1649 3209; baseline -0.01 -19"><span class='ocrx_word' id='word_1_237' title='bbox 68 3156 191 3193; x_wconf 72' lang='lat' dir='ltr'><strong>rans</strong></span> <span class='ocrx_word' id='word_1_238' title='bbox 218 3137 393 3209; x_wconf 82' lang='lat' dir='ltr'><strong>gloria</strong></span> <span class='ocrx_word' id='word_1_239' title='bbox 420 3176 433 3198; x_wconf 86' lang='lat'><strong>,</strong></span> <span class='ocrx_word' id='word_1_240' title='bbox 466 3133 560 3188; x_wconf 85' lang='lat' dir='ltr'><strong>sed</strong></span> <span class='ocrx_word' id='word_1_241' title='bbox 594 3136 754 3188; x_wconf 82' lang='lat' dir='ltr'><strong>etiam</strong></span> <span class='ocrx_word' id='word_1_242' title='bbox 794 3130 917 3185; x_wconf 87' lang='lat' dir='ltr'><strong>illos</strong></span> <span class='ocrx_word' id='word_1_243' title='bbox 947 3128 999 3182; x_wconf 85' lang='lat' dir='ltr'><strong>in</strong></span> <span class='ocrx_word' id='word_1_244' title='bbox 1032 3126 1250 3181; x_wconf 67' lang='lat' dir='ltr'><strong>insaniae</strong></span> <span class='ocrx_word' id='word_1_245' title='bbox 1294 3123 1649 3193; x_wconf 85' lang='lat' dir='ltr'><strong>suspicionem</strong></span> 
     </span>
    </p>
   </div>
   <div class='ocr_carea' id='block_1_32' title="bbox 66 3214 1652 3299">
    <p class='ocr_par' dir='ltr' id='par_1_32' title="bbox 66 3214 1652 3299">
     <span class='ocr_line' id='line_1_32' title="bbox 66 3214 1652 3299; baseline -0.013 -14"><span class='ocrx_word' id='word_1_246' title='bbox 66 3230 380 3299; x_wconf 75' lang='lat' dir='ltr'><strong>conjiciens.</strong></span> <span class='ocrx_word' id='word_1_247' title='bbox 418 3229 487 3279; x_wconf 77' lang='lat' dir='ltr'><strong>At</strong></span> <span class='ocrx_word' id='word_1_248' title='bbox 526 3240 631 3278; x_wconf 88' lang='lat' dir='ltr'><strong>non</strong></span> <span class='ocrx_word' id='word_1_249' title='bbox 673 3222 853 3277; x_wconf 88' lang='lat' dir='ltr'><strong>statim</strong></span> <span class='ocrx_word' id='word_1_250' title='bbox 900 3221 1001 3274; x_wconf 89' lang='lat' dir='ltr'><strong>hoc</strong></span> <span class='ocrx_word' id='word_1_251' title='bbox 1029 3218 1194 3283; x_wconf 90' lang='lat' dir='ltr'><strong>dixit;</strong></span> <span class='ocrx_word' id='word_1_252' title='bbox 1236 3215 1328 3271; x_wconf 87' lang='lat' dir='ltr'><strong>sed</strong></span> <span class='ocrx_word' id='word_1_253' title='bbox 1357 3230 1479 3269; x_wconf 90' lang='lat' dir='ltr'><strong>cum</strong></span> <span class='ocrx_word' id='word_1_254' title='bbox 1509 3214 1652 3283; x_wconf 85' lang='lat' dir='ltr'><strong>prius</strong></span> 
     </span>
    </p>
   </div>
   <div class='ocr_carea' id='block_1_33' title="bbox 68 3307 1652 3384">
    <p class='ocr_par' dir='ltr' id='par_1_33' title="bbox 68 3307 1652 3384">
     <span class='ocr_line' id='line_1_33' title="bbox 68 3307 1652 3384; baseline -0.011 -9"><span class='ocrx_word' id='word_1_255' title='bbox 68 3322 345 3375; x_wconf 73' lang='lat' dir='ltr'><strong>itmamem</strong></span> <span class='ocrx_word' id='word_1_256' title='bbox 374 3316 628 3379; x_wconf 83' lang='lat' dir='ltr'><strong>dixisset,</strong></span> <span class='ocrx_word' id='word_1_257' title='bbox 658 3313 872 3384; x_wconf 60' lang='lat' dir='ltr'><strong>«mando</strong></span> <span class='ocrx_word' id='word_1_258' title='bbox 897 3309 1073 3366; x_wconf 74' lang='lat' dir='ltr'><strong>ell’ecit</strong></span> <span class='ocrx_word' id='word_1_259' title='bbox 1116 3318 1172 3362; x_wconf 90' lang='lat' dir='ltr'><strong>ut</strong></span> <span class='ocrx_word' id='word_1_260' title='bbox 1199 3307 1354 3362; x_wconf 78' lang='lat' dir='ltr'><strong>facile</strong></span> <span class='ocrx_word' id='word_1_261' title='bbox 1378 3307 1652 3375; x_wconf 87' lang='lat' dir='ltr'><strong>excipere-</strong></span> 
     </span>
    </p>
   </div>
   <div class='ocr_carea' id='block_1_34' title="bbox 71 3399 1653 3486">
    <p class='ocr_par' dir='ltr' id='par_1_34' title="bbox 71 3399 1653 3486">
     <span class='ocr_line' id='line_1_34' title="bbox 71 3399 1653 3486; baseline -0.01 -18"><span class='ocrx_word' id='word_1_262' title='bbox 71 3427 144 3470; x_wconf 90' lang='lat' dir='ltr'><strong>tur</strong></span> <span class='ocrx_word' id='word_1_263' title='bbox 174 3424 445 3486; x_wconf 80' lang='lat' dir='ltr'><strong>grataque</strong></span> <span class='ocrx_word' id='word_1_264' title='bbox 480 3418 627 3464; x_wconf 86' lang='lat' dir='ltr'><strong>esset</strong></span> <span class='ocrx_word' id='word_1_265' title='bbox 655 3407 847 3470; x_wconf 86' lang='lat' dir='ltr'><strong>oratio,</strong></span> <span class='ocrx_word' id='word_1_266' title='bbox 878 3415 1002 3459; x_wconf 88' lang='lat' dir='ltr'><strong>tunc</strong></span> <span class='ocrx_word' id='word_1_267' title='bbox 1027 3400 1298 3471; x_wconf 83' lang='lat' dir='ltr'><strong>subjungit</strong></span> <span class='ocrx_word' id='word_1_268' title='bbox 1324 3399 1376 3454; x_wconf 89' lang='lat' dir='ltr'><strong>id</strong></span> <span class='ocrx_word' id='word_1_269' title='bbox 1402 3399 1542 3469; x_wconf 90' lang='lat' dir='ltr'><strong>quod</strong></span> <span class='ocrx_word' id='word_1_270' title='bbox 1570 3406 1653 3452; x_wconf 89' lang='lat' dir='ltr'><strong>est</strong></span> 
     </span>
    </p>
   </div>
   <div class='ocr_carea' id='block_1_35' title="bbox 68 3491 1653 3572">
    <p class='ocr_par' dir='ltr' id='par_1_35' title="bbox 68 3491 1653 3572">
     <span class='ocr_line' id='line_1_35' title="bbox 68 3491 1653 3572; baseline -0.013 -10"><span class='ocrx_word' id='word_1_271' title='bbox 68 3506 379 3562; x_wconf 79' lang='lat' dir='ltr'><strong>admirabile</strong></span> <span class='ocrx_word' id='word_1_272' title='bbox 402 3513 457 3559; x_wconf 86' lang='lat' dir='ltr'><strong>et</strong></span> <span class='ocrx_word' id='word_1_273' title='bbox 483 3511 680 3572; x_wconf 66' lang='lat' dir='ltr'><strong>praeter</strong></span> <span class='ocrx_word' id='word_1_274' title='bbox 708 3499 1035 3569; x_wconf 85' lang='lat' dir='ltr'><strong>opinionem.</strong></span> <span class='ocrx_word' id='word_1_275' title='bbox 1062 3494 1159 3549; x_wconf 84' lang='lat' dir='ltr'><strong>Est</strong></span> <span class='ocrx_word' id='word_1_276' title='bbox 1186 3503 1362 3547; x_wconf 87' lang='lat' dir='ltr'><strong>autem</strong></span> <span class='ocrx_word' id='word_1_277' title='bbox 1395 3491 1511 3545; x_wconf 71' lang='lat' dir='ltr'><strong>haec</strong></span> <span class='ocrx_word' id='word_1_278' title='bbox 1540 3506 1653 3543; x_wconf 84' lang='lat' dir='ltr'><strong>tne-</strong></span> 
     </span>
    </p>
   </div>
   <div class='ocr_carea' id='block_1_36' title="bbox 69 3586 1651 3667">
    <p class='ocr_par' dir='ltr' id='par_1_36' title="bbox 69 3586 1651 3667">
     <span class='ocr_line' id='line_1_36' title="bbox 69 3586 1651 3667; baseline -0.009 -16"><span class='ocrx_word' id='word_1_279' title='bbox 69 3602 247 3654; x_wconf 70' lang='lat' dir='ltr'><strong>tlitatio</strong></span> <span class='ocrx_word' id='word_1_280' title='bbox 276 3600 379 3667; x_wconf 90' lang='lat' dir='ltr'><strong>ipsi</strong></span> <span class='ocrx_word' id='word_1_281' title='bbox 408 3595 703 3650; x_wconf 78' lang='lat' dir='ltr'><strong>familiaris.</strong></span> <span class='ocrx_word' id='word_1_282' title='bbox 741 3592 873 3646; x_wconf 87' lang='lat' dir='ltr'><strong>Eum</strong></span> <span class='ocrx_word' id='word_1_283' title='bbox 900 3590 1043 3644; x_wconf 89' lang='lat' dir='ltr'><strong>enim</strong></span> <span class='ocrx_word' id='word_1_284' title='bbox 1069 3586 1160 3657; x_wconf 91' lang='lat' dir='ltr'><strong>qui</strong></span> <span class='ocrx_word' id='word_1_285' title='bbox 1202 3586 1406 3641; x_wconf 89' lang='lat' dir='ltr'><strong>firmam</strong></span> <span class='ocrx_word' id='word_1_286' title='bbox 1433 3594 1651 3639; x_wconf 87' lang='lat' dir='ltr'><strong>sentcn-</strong></span> 
     </span>
    </p>
   </div>
   <div class='ocr_carea' id='block_1_37' title="bbox 71 3679 1651 3746">
    <p class='ocr_par' dir='ltr' id='par_1_37' title="bbox 71 3679 1651 3746">
     <span class='ocr_line' id='line_1_37' title="bbox 71 3679 1651 3746; baseline -0.008 -3"><span class='ocrx_word' id='word_1_287' title='bbox 71 3694 185 3746; x_wconf 86' lang='lat' dir='ltr'><strong>tiam</strong></span> <span class='ocrx_word' id='word_1_288' title='bbox 232 3700 319 3745; x_wconf 87' lang='lat' dir='ltr'><strong>est</strong></span> <span class='ocrx_word' id='word_1_289' title='bbox 349 3687 713 3742; x_wconf 80' lang='lat' dir='ltr'><strong>labefacturns</strong></span> <span class='ocrx_word' id='word_1_290' title='bbox 747 3692 802 3738; x_wconf 92' lang='lat' dir='ltr'><strong>et</strong></span> <span class='ocrx_word' id='word_1_291' title='bbox 836 3683 891 3736; x_wconf 88' lang='lat' dir='ltr'><strong>in</strong></span> <span class='ocrx_word' id='word_1_292' title='bbox 933 3679 1263 3735; x_wconf 87' lang='lat' dir='ltr'><strong>contrarium</strong></span> <span class='ocrx_word' id='word_1_293' title='bbox 1292 3691 1651 3732; x_wconf 90' lang='lat' dir='ltr'><strong>conversurus</strong></span> 
     </span>
    </p>
   </div>
   <div class='ocr_carea' id='block_1_38' title="bbox 70 3772 1649 3849">
    <p class='ocr_par' dir='ltr' id='par_1_38' title="bbox 70 3772 1649 3849">
     <span class='ocr_line' id='line_1_38' title="bbox 70 3772 1649 3849; baseline -0.009 -12"><span class='ocrx_word' id='word_1_294' title='bbox 70 3786 289 3839; x_wconf 72' lang='lat' dir='ltr'><strong>firmiter</strong></span> <span class='ocrx_word' id='word_1_295' title='bbox 338 3781 713 3849; x_wconf 86' lang='lat' dir='ltr'><strong>stabilitorque</strong></span> <span class='ocrx_word' id='word_1_296' title='bbox 768 3782 1085 3845; x_wconf 90' lang='lat' dir='ltr'><strong>conceptam</strong></span> <span class='ocrx_word' id='word_1_297' title='bbox 1141 3772 1482 3842; x_wconf 86' lang='lat' dir='ltr'><strong>opinionem,</strong></span> <span class='ocrx_word' id='word_1_298' title='bbox 1545 3784 1649 3823; x_wconf 89' lang='lat' dir='ltr'><strong>non</strong></span> 
     </span>
    </p>
   </div>
   <div class='ocr_carea' id='block_1_39' title="bbox 62 3861 1654 3944">
    <p class='ocr_par' dir='ltr' id='par_1_39' title="bbox 62 3861 1654 3944">
     <span class='ocr_line' id='line_1_39' title="bbox 62 3861 1654 3944; baseline -0.013 -13"><span class='ocrx_word' id='word_1_299' title='bbox 62 3885 267 3944; x_wconf 81' lang='lat' dir='ltr'><strong>oportet</strong></span> <span class='ocrx_word' id='word_1_300' title='bbox 296 3875 483 3929; x_wconf 84' lang='lat' dir='ltr'><strong>statim</strong></span> <span class='ocrx_word' id='word_1_301' title='bbox 509 3871 690 3926; x_wconf 83' lang='lat' dir='ltr'><strong>dicere</strong></span> <span class='ocrx_word' id='word_1_302' title='bbox 708 3868 1041 3923; x_wconf 87' lang='lat' dir='ltr'><strong>contrarium</strong></span> <span class='ocrx_word' id='word_1_303' title='bbox 1076 3882 1090 3919; x_wconf 91' lang='lat'><strong>:</strong></span> <span class='ocrx_word' id='word_1_304' title='bbox 1119 3872 1262 3919; x_wconf 88' lang='lat' dir='ltr'><strong>esset</strong></span> <span class='ocrx_word' id='word_1_305' title='bbox 1283 3864 1424 3918; x_wconf 87' lang='lat' dir='ltr'><strong>enim</strong></span> <span class='ocrx_word' id='word_1_306' title='bbox 1456 3861 1654 3914; x_wconf 81' lang='lat' dir='ltr'><strong>ridicu-</strong></span> 
     </span>
    </p>
   </div>
   <div class='ocr_carea' id='block_1_40' title="bbox 70 3952 1647 4038">
    <p class='ocr_par' dir='ltr' id='par_1_40' title="bbox 70 3952 1647 4038">
     <span class='ocr_line' id='line_1_40' title="bbox 70 3952 1647 4038; baseline -0.01 -19"><span class='ocrx_word' id='word_1_307' title='bbox 70 3968 143 4022; x_wconf 89' lang='lat' dir='ltr'><strong>lus</strong></span> <span class='ocrx_word' id='word_1_308' title='bbox 162 3967 304 4038; x_wconf 87' lang='lat' dir='ltr'><strong>apud</strong></span> <span class='ocrx_word' id='word_1_309' title='bbox 332 3980 449 4032; x_wconf 72' lang='lat' dir='ltr'><strong>eos,</strong></span> <span class='ocrx_word' id='word_1_310' title='bbox 492 3978 630 4035; x_wconf 86' lang='lat' dir='ltr'><strong>quos</strong></span> <span class='ocrx_word' id='word_1_311' title='bbox 647 3958 921 4016; x_wconf 87' lang='lat' dir='ltr'><strong>contraria</strong></span> <span class='ocrx_word' id='word_1_312' title='bbox 950 3955 1340 4029; x_wconf 62' lang='lat' dir='ltr'><strong>praeoccupavit</strong></span> <span class='ocrx_word' id='word_1_313' title='bbox 1366 3952 1647 4008; x_wconf 89' lang='lat' dir='ltr'><strong>sententia.</strong></span> 
     </span>
    </p>
   </div>
   <div class='ocr_carea' id='block_1_41' title="bbox 66 4048 1648 4132">
    <p class='ocr_par' dir='ltr' id='par_1_41' title="bbox 66 4048 1648 4132">
     <span class='ocr_line' id='line_1_41' title="bbox 66 4048 1648 4132; baseline -0.009 -17"><span class='ocrx_word' id='word_1_314' title='bbox 66 4060 189 4115; x_wconf 71' lang='lat' dir='ltr'><strong>Nam</strong></span> <span class='ocrx_word' id='word_1_315' title='bbox 217 4059 365 4132; x_wconf 87' lang='lat' dir='ltr'><strong>quod</strong></span> <span class='ocrx_word' id='word_1_316' title='bbox 392 4067 478 4114; x_wconf 68' lang='lat' dir='ltr'><strong>est</strong></span> <span class='ocrx_word' id='word_1_317' title='bbox 500 4056 659 4112; x_wconf 85' lang='lat' dir='ltr'><strong>valde</strong></span> <span class='ocrx_word' id='word_1_318' title='bbox 684 4053 998 4109; x_wconf 85' lang='lat' dir='ltr'><strong>admirabile</strong></span> <span class='ocrx_word' id='word_1_319' title='bbox 1016 4061 1076 4107; x_wconf 86' lang='lat' dir='ltr'><strong>et</strong></span> <span class='ocrx_word' id='word_1_320' title='bbox 1102 4059 1296 4122; x_wconf 70' lang='lat' dir='ltr'><strong>prmter</strong></span> <span class='ocrx_word' id='word_1_321' title='bbox 1318 4048 1648 4119; x_wconf 88' lang='lat' dir='ltr'><strong>opinionem,</strong></span> 
     </span>
    </p>
   </div>
   <div class='ocr_carea' id='block_1_42' title="bbox 70 4141 1649 4219">
    <p class='ocr_par' dir='ltr' id='par_1_42' title="bbox 70 4141 1649 4219">
     <span class='ocr_line' id='line_1_42' title="bbox 70 4141 1649 4219; baseline -0.008 -14"><span class='ocrx_word' id='word_1_322' title='bbox 70 4170 164 4207; x_wconf 82' lang='lat' dir='ltr'><strong>non</strong></span> <span class='ocrx_word' id='word_1_323' title='bbox 192 4154 355 4208; x_wconf 80' lang='lat' dir='ltr'><strong>facile</strong></span> <span class='ocrx_word' id='word_1_324' title='bbox 382 4150 589 4205; x_wconf 74' lang='lat' dir='ltr'><strong>admitti</strong></span> <span class='ocrx_word' id='word_1_325' title='bbox 617 4147 813 4219; x_wconf 85' lang='lat' dir='ltr'><strong>poterit</strong></span> <span class='ocrx_word' id='word_1_326' title='bbox 842 4146 909 4200; x_wconf 90' lang='lat' dir='ltr'><strong>ab</strong></span> <span class='ocrx_word' id='word_1_327' title='bbox 937 4144 1116 4207; x_wconf 89' lang='lat' dir='ltr'><strong>initio;</strong></span> <span class='ocrx_word' id='word_1_328' title='bbox 1146 4141 1239 4197; x_wconf 91' lang='lat' dir='ltr'><strong>sed</strong></span> <span class='ocrx_word' id='word_1_329' title='bbox 1265 4149 1496 4211; x_wconf 89' lang='lat' dir='ltr'><strong>oportet,</strong></span> <span class='ocrx_word' id='word_1_330' title='bbox 1528 4155 1649 4195; x_wconf 89' lang='lat' dir='ltr'><strong>cum</strong></span> 
     </span>
    </p>
   </div>
   <div class='ocr_carea' id='block_1_43' title="bbox 73 4235 1651 4316">
    <p class='ocr_par' dir='ltr' id='par_1_43' title="bbox 73 4235 1651 4316">
     <span class='ocr_line' id='line_1_43' title="bbox 73 4235 1651 4316; baseline -0.009 -15"><span class='ocrx_word' id='word_1_331' title='bbox 73 4262 156 4314; x_wconf 84' lang='lat' dir='ltr'><strong>per</strong></span> <span class='ocrx_word' id='word_1_332' title='bbox 184 4248 287 4299; x_wconf 88' lang='lat' dir='ltr'><strong>alia</strong></span> <span class='ocrx_word' id='word_1_333' title='bbox 334 4245 485 4316; x_wconf 84' lang='lat' dir='ltr'><strong>prius</strong></span> <span class='ocrx_word' id='word_1_334' title='bbox 511 4250 657 4298; x_wconf 87' lang='lat' dir='ltr'><strong>recte</strong></span> <span class='ocrx_word' id='word_1_335' title='bbox 685 4239 973 4295; x_wconf 72' lang='lat' dir='ltr'><strong>suffoderis</strong></span> <span class='ocrx_word' id='word_1_336' title='bbox 992 4246 1052 4294; x_wconf 89' lang='lat' dir='ltr'><strong>et</strong></span> <span class='ocrx_word' id='word_1_337' title='bbox 1076 4236 1358 4307; x_wconf 84' lang='lat' dir='ltr'><strong>irrepseris</strong></span> <span class='ocrx_word' id='word_1_338' title='bbox 1375 4276 1391 4303; x_wconf 93' lang='lat'><strong>,</strong></span> <span class='ocrx_word' id='word_1_339' title='bbox 1417 4235 1495 4289; x_wconf 90' lang='lat' dir='ltr'><strong>sic</strong></span> <span class='ocrx_word' id='word_1_340' title='bbox 1516 4248 1651 4288; x_wconf 89' lang='lat' dir='ltr'><strong>con-</strong></span> 
     </span>
    </p>
   </div>
   <div class='ocr_carea' id='block_1_44' title="bbox 69 4335 731 4394">
    <p class='ocr_par' dir='ltr' id='par_1_44' title="bbox 69 4335 731 4394">
     <span class='ocr_line' id='line_1_44' title="bbox 69 4335 731 4394; baseline -0.006 -3"><span class='ocrx_word' id='word_1_341' title='bbox 69 4350 271 4394; x_wconf 79' lang='lat' dir='ltr'><strong>vertere</strong></span> <span class='ocrx_word' id='word_1_342' title='bbox 298 4340 352 4393; x_wconf 92' lang='lat' dir='ltr'><strong>in</strong></span> <span class='ocrx_word' id='word_1_343' title='bbox 381 4335 731 4391; x_wconf 88' lang='lat' dir='ltr'><strong>contrarium.</strong></span> 
     </span>
    </p>
   </div>
   <div class='ocr_carea' id='block_1_45' title="bbox 135 4417 1648 4487">
    <p class='ocr_par' dir='ltr' id='par_1_45' title="bbox 135 4417 1648 4487">
     <span class='ocr_line' id='line_1_45' title="bbox 135 4417 1648 4487; baseline -0.012 0"><span class='ocrx_word' id='word_1_344' title='bbox 135 4434 186 4487; x_wconf 78' lang='lat'><strong>3.</strong></span> <span class='ocrx_word' id='word_1_345' title='bbox 219 4430 309 4486; x_wconf 91' lang='lat' dir='ltr'><strong>Sie</strong></span> <span class='ocrx_word' id='word_1_346' title='bbox 337 4440 491 4484; x_wconf 89' lang='lat' dir='ltr'><strong>certe</strong></span> <span class='ocrx_word' id='word_1_347' title='bbox 516 4426 639 4481; x_wconf 88' lang='lat' dir='ltr'><strong>fecit</strong></span> <span class='ocrx_word' id='word_1_348' title='bbox 665 4424 837 4480; x_wconf 82' lang='lat' dir='ltr'><strong>etiam</strong></span> <span class='ocrx_word' id='word_1_349' title='bbox 868 4422 1143 4478; x_wconf 89' lang='lat' dir='ltr'><strong>disserens</strong></span> <span class='ocrx_word' id='word_1_350' title='bbox 1176 4419 1244 4475; x_wconf 90' lang='lat' dir='ltr'><strong>de</strong></span> <span class='ocrx_word' id='word_1_351' title='bbox 1284 4417 1648 4474; x_wconf 84' lang='lat' dir='ltr'><strong>matrimonio.</strong></span> 
     </span>
    </p>
   </div>
   <div class='ocr_carea' id='block_1_46' title="bbox 75 4511 1652 4593">
    <p class='ocr_par' dir='ltr' id='par_1_46' title="bbox 75 4511 1652 4593">
     <span class='ocr_line' id='line_1_46' title="bbox 75 4511 1652 4593; baseline -0.009 -16"><span class='ocrx_word' id='word_1_352' title='bbox 75 4523 194 4577; x_wconf 69' lang='lat' dir='ltr'><strong>Nam</strong></span> <span class='ocrx_word' id='word_1_353' title='bbox 222 4522 481 4593; x_wconf 83' lang='lat' dir='ltr'><strong>quoniam</strong></span> <span class='ocrx_word' id='word_1_354' title='bbox 514 4518 665 4572; x_wconf 84' lang='lat' dir='ltr'><strong>multi</strong></span> <span class='ocrx_word' id='word_1_355' title='bbox 697 4516 933 4571; x_wconf 88' lang='lat' dir='ltr'><strong>animum</strong></span> <span class='ocrx_word' id='word_1_356' title='bbox 959 4512 1284 4569; x_wconf 86' lang='lat' dir='ltr'><strong>adhibebant</strong></span> <span class='ocrx_word' id='word_1_357' title='bbox 1311 4511 1652 4566; x_wconf 86' lang='lat' dir='ltr'><strong>matrimonio</strong></span> 
     </span>
    </p>
   </div>
   <div class='ocr_carea' id='block_1_47' title="bbox 71 4603 1653 4686">
    <p class='ocr_par' dir='ltr' id='par_1_47' title="bbox 71 4603 1653 4686">
     <span class='ocr_line' id='line_1_47' title="bbox 71 4603 1653 4686; baseline -0.008 -18"><span class='ocrx_word' id='word_1_358' title='bbox 71 4626 334 4686; x_wconf 81' lang='lat' dir='ltr'><strong>tamquam</strong></span> <span class='ocrx_word' id='word_1_359' title='bbox 372 4612 456 4669; x_wconf 85' lang='lat' dir='ltr'><strong>rei</strong></span> <span class='ocrx_word' id='word_1_360' title='bbox 520 4612 573 4665; x_wconf 89' lang='lat' dir='ltr'><strong>in</strong></span> <span class='ocrx_word' id='word_1_361' title='bbox 601 4625 703 4681; x_wconf 86' lang='lat' dir='ltr'><strong>qua</strong></span> <span class='ocrx_word' id='word_1_362' title='bbox 740 4617 883 4663; x_wconf 90' lang='lat' dir='ltr'><strong>esset</strong></span> <span class='ocrx_word' id='word_1_363' title='bbox 916 4607 1067 4678; x_wconf 89' lang='lat' dir='ltr'><strong>quies</strong></span> <span class='ocrx_word' id='word_1_364' title='bbox 1106 4614 1161 4661; x_wconf 93' lang='lat' dir='ltr'><strong>et</strong></span> <span class='ocrx_word' id='word_1_365' title='bbox 1202 4605 1497 4667; x_wconf 83' lang='lat' dir='ltr'><strong>recreatio;</strong></span> <span class='ocrx_word' id='word_1_366' title='bbox 1539 4603 1653 4672; x_wconf 90' lang='lat' dir='ltr'><strong>ipse</strong></span> 
     </span>
    </p>
   </div>
   <div class='ocr_carea' id='block_1_48' title="bbox 71 4697 1652 4769">
    <p class='ocr_par' dir='ltr' id='par_1_48' title="bbox 71 4697 1652 4769">
     <span class='ocr_line' id='line_1_48' title="bbox 71 4697 1652 4769; baseline -0.006 -8"><span class='ocrx_word' id='word_1_367' title='bbox 71 4719 242 4763; x_wconf 82' lang='lat' dir='ltr'><strong>autem</strong></span> <span class='ocrx_word' id='word_1_368' title='bbox 265 4705 481 4759; x_wconf 88' lang='lat' dir='ltr'><strong>volebat</strong></span> <span class='ocrx_word' id='word_1_369' title='bbox 505 4702 813 4765; x_wconf 88' lang='lat' dir='ltr'><strong>ostendere,</strong></span> <span class='ocrx_word' id='word_1_370' title='bbox 846 4715 951 4756; x_wconf 86' lang='lat' dir='ltr'><strong>non</strong></span> <span class='ocrx_word' id='word_1_371' title='bbox 984 4700 1133 4769; x_wconf 81' lang='lat' dir='ltr'><strong>jungi</strong></span> <span class='ocrx_word' id='word_1_372' title='bbox 1165 4697 1504 4753; x_wconf 82' lang='lat' dir='ltr'><strong>matrimonio</strong></span> <span class='ocrx_word' id='word_1_373' title='bbox 1531 4711 1652 4755; x_wconf 71' lang='lat' dir='ltr'><strong>esse</strong></span> 
     </span>
    </p>
   </div>
   <div class='ocr_carea' id='block_1_49' title="bbox 74 4790 1649 4867">
    <p class='ocr_par' dir='ltr' id='par_1_49' title="bbox 74 4790 1649 4867">
     <span class='ocr_line' id='line_1_49' title="bbox 74 4790 1649 4867; baseline -0.006 -14"><span class='ocrx_word' id='word_1_374' title='bbox 74 4800 297 4867; x_wconf 85' lang='lat' dir='ltr'><strong>quietem</strong></span> <span class='ocrx_word' id='word_1_375' title='bbox 328 4812 393 4850; x_wconf 87' lang='lat' dir='ltr'><strong>ac</strong></span> <span class='ocrx_word' id='word_1_376' title='bbox 436 4794 852 4859; x_wconf 86' lang='lat' dir='ltr'><strong>recreationem,</strong></span> <span class='ocrx_word' id='word_1_377' title='bbox 894 4793 937 4845; x_wconf 89' lang='lat' dir='ltr'><strong>si</strong></span> <span class='ocrx_word' id='word_1_378' title='bbox 974 4792 1151 4845; x_wconf 81' lang='lat' dir='ltr'><strong>statim</strong></span> <span class='ocrx_word' id='word_1_379' title='bbox 1180 4790 1395 4860; x_wconf 88' lang='lat' dir='ltr'><strong>quidem</strong></span> <span class='ocrx_word' id='word_1_380' title='bbox 1427 4790 1529 4843; x_wconf 90' lang='lat' dir='ltr'><strong>hoc</strong></span> <span class='ocrx_word' id='word_1_381' title='bbox 1567 4790 1649 4843; x_wconf 81' lang='lat' dir='ltr'><strong>di-</strong></span> 
     </span>
    </p>
   </div>
   <div class='ocr_carea' id='block_1_50' title="bbox 74 4883 1649 4955">
    <p class='ocr_par' dir='ltr' id='par_1_50' title="bbox 74 4883 1649 4955">
     <span class='ocr_line' id='line_1_50' title="bbox 74 4883 1649 4955; baseline -0.005 -9"><span class='ocrx_word' id='word_1_382' title='bbox 74 4894 254 4955; x_wconf 80' lang='lat' dir='ltr'><strong>xisset,</strong></span> <span class='ocrx_word' id='word_1_383' title='bbox 285 4906 391 4944; x_wconf 87' lang='lat' dir='ltr'><strong>non</strong></span> <span class='ocrx_word' id='word_1_384' title='bbox 440 4888 656 4943; x_wconf 88' lang='lat' dir='ltr'><strong>fecisset</strong></span> <span class='ocrx_word' id='word_1_385' title='bbox 681 4894 738 4941; x_wconf 92' lang='lat' dir='ltr'><strong>ut</strong></span> <span class='ocrx_word' id='word_1_386' title='bbox 779 4887 880 4941; x_wconf 92' lang='lat' dir='ltr'><strong>hoc</strong></span> <span class='ocrx_word' id='word_1_387' title='bbox 906 4893 1013 4939; x_wconf 87' lang='lat' dir='ltr'><strong>tam</strong></span> <span class='ocrx_word' id='word_1_388' title='bbox 1060 4884 1215 4939; x_wconf 81' lang='lat' dir='ltr'><strong>facile</strong></span> <span class='ocrx_word' id='word_1_389' title='bbox 1240 4883 1649 4938; x_wconf 87' lang='lat' dir='ltr'><strong>admitteretur:</strong></span> 
     </span>
    </p>
   </div>
   <div class='ocr_carea' id='block_1_51' title="bbox 76 4977 1653 5050">
    <p class='ocr_par' dir='ltr' id='par_1_51' title="bbox 76 4977 1653 5050">
     <span class='ocr_line' id='line_1_51' title="bbox 76 4977 1653 5050; baseline -0.004 -14"><span class='ocrx_word' id='word_1_390' title='bbox 76 5000 207 5039; x_wconf 85' lang='lat' dir='ltr'><strong>nunc</strong></span> <span class='ocrx_word' id='word_1_391' title='bbox 228 4993 407 5038; x_wconf 88' lang='lat' dir='ltr'><strong>autem</strong></span> <span class='ocrx_word' id='word_1_392' title='bbox 433 4997 558 5035; x_wconf 86' lang='lat' dir='ltr'><strong>cum</strong></span> <span class='ocrx_word' id='word_1_393' title='bbox 584 4987 705 5050; x_wconf 86' lang='lat' dir='ltr'><strong>post</strong></span> <span class='ocrx_word' id='word_1_394' title='bbox 732 4978 895 5032; x_wconf 90' lang='lat' dir='ltr'><strong>multa</strong></span> <span class='ocrx_word' id='word_1_395' title='bbox 915 4978 1016 5031; x_wconf 91' lang='lat' dir='ltr'><strong>hoc</strong></span> <span class='ocrx_word' id='word_1_396' title='bbox 1036 4977 1323 5046; x_wconf 82' lang='lat' dir='ltr'><strong>posuisset,</strong></span> <span class='ocrx_word' id='word_1_397' title='bbox 1352 4985 1653 5045; x_wconf 81' lang='lat' dir='ltr'><strong>opportune</strong></span> 
     </span>
    </p>
   </div>
   <div class='ocr_carea' id='block_1_52' title="bbox 78 5066 1653 5140">
    <p class='ocr_par' dir='ltr' id='par_1_52' title="bbox 78 5066 1653 5140">
     <span class='ocr_line' id='line_1_52' title="bbox 78 5066 1653 5140; baseline -0.006 -11"><span class='ocrx_word' id='word_1_398' title='bbox 78 5077 348 5139; x_wconf 81' lang='lat' dir='ltr'><strong>inducens,</strong></span> <span class='ocrx_word' id='word_1_399' title='bbox 384 5072 537 5128; x_wconf 86' lang='lat' dir='ltr'><strong>facile</strong></span> <span class='ocrx_word' id='word_1_400' title='bbox 572 5070 825 5140; x_wconf 85' lang='lat' dir='ltr'><strong>perculsit</strong></span> <span class='ocrx_word' id='word_1_401' title='bbox 861 5068 1154 5123; x_wconf 88' lang='lat' dir='ltr'><strong>auditores.</strong></span> <span class='ocrx_word' id='word_1_402' title='bbox 1196 5067 1308 5122; x_wconf 88' lang='lat' dir='ltr'><strong>Hoc</strong></span> <span class='ocrx_word' id='word_1_403' title='bbox 1332 5068 1491 5122; x_wconf 87' lang='lat' dir='ltr'><strong>etiam</strong></span> <span class='ocrx_word' id='word_1_404' title='bbox 1530 5066 1653 5121; x_wconf 81' lang='lat' dir='ltr'><strong>fecit</strong></span> 
     </span>
    </p>
   </div>
   <div class='ocr_carea' id='block_1_53' title="bbox 78 5160 1655 5240">
    <p class='ocr_par' dir='ltr' id='par_1_53' title="bbox 78 5160 1655 5240">
     <span class='ocr_line' id='line_1_53' title="bbox 78 5160 1655 5240; baseline -0.005 -19"><span class='ocrx_word' id='word_1_405' title='bbox 78 5172 124 5224; x_wconf 84' lang='lat' dir='ltr'><strong>in</strong></span> <span class='ocrx_word' id='word_1_406' title='bbox 148 5169 473 5240; x_wconf 77' lang='lat' dir='ltr'><strong>virginitate.</strong></span> <span class='ocrx_word' id='word_1_407' title='bbox 500 5164 634 5221; x_wconf 82' lang='lat' dir='ltr'><strong>Nam</strong></span> <span class='ocrx_word' id='word_1_408' title='bbox 666 5179 786 5219; x_wconf 85' lang='lat' dir='ltr'><strong>cum</strong></span> <span class='ocrx_word' id='word_1_409' title='bbox 810 5172 965 5218; x_wconf 89' lang='lat' dir='ltr'><strong>antea</strong></span> <span class='ocrx_word' id='word_1_410' title='bbox 995 5162 1159 5216; x_wconf 88' lang='lat' dir='ltr'><strong>multa</strong></span> <span class='ocrx_word' id='word_1_411' title='bbox 1186 5160 1433 5227; x_wconf 88' lang='lat' dir='ltr'><strong>dixisset,</strong></span> <span class='ocrx_word' id='word_1_412' title='bbox 1461 5170 1515 5215; x_wconf 88' lang='lat' dir='ltr'><strong>et</strong></span> <span class='ocrx_word' id='word_1_413' title='bbox 1536 5175 1655 5214; x_wconf 86' lang='lat' dir='ltr'><strong>rur-</strong></span> 
     </span>
    </p>
   </div>
   <div class='ocr_carea' id='block_1_54' title="bbox 79 5254 1655 5335">
    <p class='ocr_par' dir='ltr' id='par_1_54' title="bbox 79 5254 1655 5335">
     <span class='ocr_line' id='line_1_54' title="bbox 79 5254 1655 5335; baseline -0.006 -18"><span class='ocrx_word' id='word_1_414' title='bbox 79 5279 163 5319; x_wconf 83' lang='lat' dir='ltr'><strong>sus</strong></span> <span class='ocrx_word' id='word_1_415' title='bbox 186 5274 392 5335; x_wconf 66' lang='lat' dir='ltr'><strong>poetea,</strong></span> <span class='ocrx_word' id='word_1_416' title='bbox 417 5272 547 5318; x_wconf 87' lang='lat' dir='ltr'><strong>tunc</strong></span> <span class='ocrx_word' id='word_1_417' title='bbox 569 5259 701 5316; x_wconf 83' lang='lat' dir='ltr'><strong>dicit</strong></span> <span class='ocrx_word' id='word_1_418' title='bbox 729 5278 744 5314; x_wconf 89' lang='lat'>:</span> <span class='ocrx_word' id='word_1_419' title='bbox 782 5257 935 5312; x_wconf 81' lang='lat' dir='ltr'><strong>Vobis</strong></span> <span class='ocrx_word' id='word_1_420' title='bbox 957 5273 1110 5324; x_wconf 75' lang='lat' dir='ltr'><strong>porco</strong></span> <span class='ocrx_word' id='word_1_421' title='bbox 1138 5271 1156 5308; x_wconf 90' lang='lat'><strong><em>:</em></strong></span> <span class='ocrx_word' id='word_1_422' title='bbox 1176 5265 1248 5321; x_wconf 91' lang='lat' dir='ltr'><strong>et,</strong></span> <span class='ocrx_word' id='word_1_423' title='bbox 1286 5254 1414 5310; x_wconf 81' lang='lat' dir='ltr'><strong>Volo</strong></span> <span class='ocrx_word' id='word_1_424' title='bbox 1434 5271 1520 5310; x_wconf 81' lang='lat' dir='ltr'><strong>vos</strong></span> <span class='ocrx_word' id='word_1_425' title='bbox 1547 5269 1655 5309; x_wconf 83' lang='lat' dir='ltr'><strong>esse</strong></span> 
     </span>
    </p>
   </div>
   <div class='ocr_carea' id='block_1_55' title="bbox 82 5348 1650 5429">
    <p class='ocr_par' dir='ltr' id='par_1_55' title="bbox 82 5348 1650 5429">
     <span class='ocr_line' id='line_1_55' title="bbox 82 5348 1650 5429; baseline -0.005 -20"><span class='ocrx_word' id='word_1_426' title='bbox 82 5359 179 5411; x_wconf 76' lang='lat' dir='ltr'><strong>sine</strong></span> <span class='ocrx_word' id='word_1_427' title='bbox 207 5355 551 5412; x_wconf 72' lang='lat' dir='ltr'><strong>sollicitudine</strong></span> <span class='ocrx_word' id='word_1_428' title='bbox 579 5354 656 5425; x_wconf 85' lang='lat' dir='ltr'><strong>(l.</strong></span> <span class='ocrx_word' id='word_1_429' title='bbox 695 5351 814 5407; x_wconf 86' lang='lat' dir='ltr'><strong>Cor.</strong></span> <span class='ocrx_word' id='word_1_430' title='bbox 846 5353 899 5406; x_wconf 87' lang='lat'><strong>7.</strong></span> <span class='ocrx_word' id='word_1_431' title='bbox 930 5350 1021 5406; x_wconf 77' lang='lat'><strong>28.</strong></span> <span class='ocrx_word' id='word_1_432' title='bbox 1057 5349 1171 5419; x_wconf 73' lang='grc'><strong>52).</strong></span> <span class='ocrx_word' id='word_1_433' title='bbox 1206 5350 1318 5405; x_wconf 82' lang='lat' dir='ltr'><strong>Hoc</strong></span> <span class='ocrx_word' id='word_1_434' title='bbox 1343 5348 1469 5429; x_wconf 79' lang='lat' dir='ltr'><strong>facit</strong></span> <span class='ocrx_word' id='word_1_435' title='bbox 1491 5350 1650 5404; x_wconf 89' lang='lat' dir='ltr'><strong>etiam</strong></span> 
     </span>
    </p>
   </div>
   <div class='ocr_carea' id='block_1_56' title="bbox 82 5442 1649 5520">
    <p class='ocr_par' dir='ltr' id='par_1_56' title="bbox 82 5442 1649 5520">
     <span class='ocr_line' id='line_1_56' title="bbox 82 5442 1649 5520; baseline -0.004 -19"><span class='ocrx_word' id='word_1_436' title='bbox 82 5450 129 5502; x_wconf 90' lang='lat' dir='ltr'><strong>in</strong></span> <span class='ocrx_word' id='word_1_437' title='bbox 156 5451 365 5520; x_wconf 76' lang='lat' dir='ltr'><strong>linguis,</strong></span> <span class='ocrx_word' id='word_1_438' title='bbox 408 5446 704 5503; x_wconf 82' lang='lat' dir='ltr'><strong>ostendens</strong></span> <span class='ocrx_word' id='word_1_439' title='bbox 743 5459 840 5500; x_wconf 87' lang='lat' dir='ltr'><strong>eas</strong></span> <span class='ocrx_word' id='word_1_440' title='bbox 866 5459 972 5499; x_wconf 92' lang='lat' dir='ltr'><strong>non</strong></span> <span class='ocrx_word' id='word_1_441' title='bbox 1018 5444 1189 5498; x_wconf 86' lang='lat' dir='ltr'><strong>solum</strong></span> <span class='ocrx_word' id='word_1_442' title='bbox 1216 5443 1429 5513; x_wconf 87' lang='lat' dir='ltr'><strong>privare</strong></span> <span class='ocrx_word' id='word_1_443' title='bbox 1460 5442 1649 5513; x_wconf 77' lang='lat' dir='ltr'><strong>gloria,</strong></span> 
     </span>
    </p>
   </div>
   <div class='ocr_carea' id='block_1_57' title="bbox 82 5535 1653 5610">
    <p class='ocr_par' dir='ltr' id='par_1_57' title="bbox 82 5535 1653 5610">
     <span class='ocr_line' id='line_1_57' title="bbox 82 5535 1653 5610; baseline -0.003 -16"><span class='ocrx_word' id='word_1_444' title='bbox 82 5539 169 5594; x_wconf 84' lang='lat' dir='ltr'><strong>sed</strong></span> <span class='ocrx_word' id='word_1_445' title='bbox 195 5558 284 5597; x_wconf 86' lang='lat' dir='ltr'><strong>eos</strong></span> <span class='ocrx_word' id='word_1_446' title='bbox 310 5540 495 5607; x_wconf 89' lang='lat' dir='ltr'><strong>etiam,</strong></span> <span class='ocrx_word' id='word_1_447' title='bbox 523 5538 616 5610; x_wconf 91' lang='lat' dir='ltr'><strong>qui</strong></span> <span class='ocrx_word' id='word_1_448' title='bbox 646 5537 747 5592; x_wconf 86' lang='lat' dir='ltr'><strong>hoc</strong></span> <span class='ocrx_word' id='word_1_449' title='bbox 772 5537 971 5592; x_wconf 81' lang='lat' dir='ltr'><strong>donum</strong></span> <span class='ocrx_word' id='word_1_450' title='bbox 1000 5536 1216 5600; x_wconf 87' lang='lat' dir='ltr'><strong>habent,</strong></span> <span class='ocrx_word' id='word_1_451' title='bbox 1248 5537 1444 5606; x_wconf 89' lang='lat' dir='ltr'><strong>probro</strong></span> <span class='ocrx_word' id='word_1_452' title='bbox 1467 5551 1531 5591; x_wconf 88' lang='lat' dir='ltr'><strong>ac</strong></span> <span class='ocrx_word' id='word_1_453' title='bbox 1560 5535 1653 5589; x_wconf 89' lang='lat' dir='ltr'><strong>de-</strong></span> 
     </span>
    </p>
   </div>
   <div class='ocr_carea' id='block_1_58' title="bbox 84 5627 1651 5701">
    <p class='ocr_par' dir='ltr' id='par_1_58' title="bbox 84 5627 1651 5701">
     <span class='ocr_line' id='line_1_58' title="bbox 84 5627 1651 5701; baseline -0.004 -14"><span class='ocrx_word' id='word_1_454' title='bbox 84 5632 266 5689; x_wconf 79' lang='lat' dir='ltr'><strong>decore</strong></span> <span class='ocrx_word' id='word_1_455' title='bbox 287 5633 504 5690; x_wconf 87' lang='lat' dir='ltr'><strong>affieere</strong></span> <span class='ocrx_word' id='word_1_456' title='bbox 542 5630 681 5701; x_wconf 87' lang='lat' dir='ltr'><strong>apud</strong></span> <span class='ocrx_word' id='word_1_457' title='bbox 711 5629 972 5685; x_wconf 84' lang='lat' dir='ltr'><strong>infideles.</strong></span> <span class='ocrx_word' id='word_1_458' title='bbox 1002 5627 1285 5698; x_wconf 84' lang='lat' dir='ltr'><strong>Prophetia</strong></span> <span class='ocrx_word' id='word_1_459' title='bbox 1312 5637 1488 5685; x_wconf 84' lang='lat' dir='ltr'><strong>autem</strong></span> <span class='ocrx_word' id='word_1_460' title='bbox 1519 5643 1651 5682; x_wconf 83' lang='lat' dir='ltr'><strong>con—</strong></span> 
     </span>
    </p>
   </div>
   <div class='ocr_carea' id='block_1_59' title="bbox 86 5719 1648 5795">
    <p class='ocr_par' dir='ltr' id='par_1_59' title="bbox 86 5719 1648 5795">
     <span class='ocr_line' id='line_1_59' title="bbox 86 5719 1648 5795; baseline 0 -18"><span class='ocrx_word' id='word_1_461' title='bbox 86 5729 161 5777; x_wconf 82' lang='lat' dir='ltr'><strong>tra</strong></span> <span class='ocrx_word' id='word_1_462' title='bbox 188 5727 375 5795; x_wconf 90' lang='lat' dir='ltr'><strong>probro</strong></span> <span class='ocrx_word' id='word_1_463' title='bbox 402 5740 469 5780; x_wconf 88' lang='lat' dir='ltr'><strong>ac</strong></span> <span class='ocrx_word' id='word_1_464' title='bbox 494 5722 762 5779; x_wconf 82' lang='lat' dir='ltr'><strong>dedecore</strong></span> <span class='ocrx_word' id='word_1_465' title='bbox 797 5729 951 5776; x_wconf 88' lang='lat' dir='ltr'><strong>vacat</strong></span> <span class='ocrx_word' id='word_1_466' title='bbox 983 5719 1123 5790; x_wconf 85' lang='lat' dir='ltr'><strong>apud</strong></span> <span class='ocrx_word' id='word_1_467' title='bbox 1170 5719 1427 5787; x_wconf 83' lang='lat' dir='ltr'><strong>infideles,</strong></span> <span class='ocrx_word' id='word_1_468' title='bbox 1458 5729 1510 5776; x_wconf 89' lang='lat' dir='ltr'><strong>et</strong></span> <span class='ocrx_word' id='word_1_469' title='bbox 1539 5738 1648 5777; x_wconf 87' lang='lat' dir='ltr'><strong>ma-</strong></span> 
     </span>
    </p>
   </div>
   <div class='ocr_carea' id='block_1_60' title="bbox 412 5823 1049 5886">
    <p class='ocr_par' dir='ltr' id='par_1_60' title="bbox 412 5823 1049 5886">
     <span class='ocr_line' id='line_1_60' title="bbox 412 5823 1049 5886; baseline 0 0"><span class='ocrx_word' id='word_1_470' title='bbox 412 5827 686 5886; x_wconf 71' lang='lat' dir='ltr'><strong>PnaoL.</strong></span> <span class='ocrx_word' id='word_1_471' title='bbox 733 5824 847 5883; x_wconf 74' lang='lat' dir='ltr'><strong>(la.</strong></span> <span class='ocrx_word' id='word_1_472' title='bbox 902 5823 1049 5886; x_wconf 71' lang='lat' dir='ltr'><strong>LXI.</strong></span> 
     </span>
    </p>
   </div>
   <div class='ocr_carea' id='block_1_61' title="bbox 1080 233 2370 298">
    <p class='ocr_par' dir='ltr' id='par_1_61' title="bbox 1080 233 2370 298">
     <span class='ocr_line' id='line_1_61' title="bbox 1080 233 2370 298; baseline -0.004 0"><span class='ocrx_word' id='word_1_473' title='bbox 1080 241 1149 298; x_wconf 79' lang='lat' dir='ltr'><strong>IN</strong></span> <span class='ocrx_word' id='word_1_474' title='bbox 1188 239 1405 297; x_wconf 77' lang='lat' dir='ltr'><strong>EPIST.</strong></span> <span class='ocrx_word' id='word_1_475' title='bbox 1445 238 1465 294; x_wconf 87' lang='grc' dir='ltr'>ι</span> <span class='ocrx_word' id='word_1_476' title='bbox 1528 237 1620 293; x_wconf 68' lang='grc' dir='ltr'><strong>Αἰ)</strong></span> <span class='ocrx_word' id='word_1_477' title='bbox 1658 234 1813 293; x_wconf 77' lang='lat' dir='ltr'><strong>COR.</strong></span> <span class='ocrx_word' id='word_1_478' title='bbox 1858 233 2088 291; x_wconf 76' lang='lat' dir='ltr'><strong>lfOMlL.</strong></span> <span class='ocrx_word' id='word_1_479' title='bbox 2132 238 2370 295; x_wconf 69' lang='lat' dir='ltr'><strong>XXXVI.</strong></span> 
     </span>
    </p>
   </div>
   <div class='ocr_carea' id='block_1_62' title="bbox 3250 237 3364 293">
    <p class='ocr_par' dir='ltr' id='par_1_62' title="bbox 3250 237 3364 293">
     <span class='ocr_line' id='line_1_62' title="bbox 3250 237 3364 293; baseline 0.018 -2"><span class='ocrx_word' id='word_1_480' title='bbox 3250 237 3364 293; x_wconf 69' lang='lat' dir='ltr'><strong>5i!)</strong></span> 
     </span>
    </p>
   </div>
   <div class='ocr_carea' id='block_1_63' title="bbox 1778 351 3359 433">
    <p class='ocr_par' dir='ltr' id='par_1_63' title="bbox 1778 351 3359 433">
     <span class='ocr_line' id='line_1_63' title="bbox 1778 351 3359 433; baseline 0.009 -27"><span class='ocrx_word' id='word_1_481' title='bbox 1778 351 1975 407; x_wconf 90' lang='lat' dir='ltr'><strong>ximam</strong></span> <span class='ocrx_word' id='word_1_482' title='bbox 2003 352 2165 411; x_wconf 88' lang='lat' dir='ltr'><strong>habet</strong></span> <span class='ocrx_word' id='word_1_483' title='bbox 2187 355 2412 426; x_wconf 77' lang='lat' dir='ltr'><strong>gloriam</strong></span> <span class='ocrx_word' id='word_1_484' title='bbox 2439 366 2493 413; x_wconf 87' lang='lat' dir='ltr'><strong>et</strong></span> <span class='ocrx_word' id='word_1_485' title='bbox 2515 356 2814 415; x_wconf 85' lang='lat' dir='ltr'><strong>utilitatem.</strong></span> <span class='ocrx_word' id='word_1_486' title='bbox 2836 357 2973 414; x_wconf 81' lang='lat' dir='ltr'><strong>Nam</strong></span> <span class='ocrx_word' id='word_1_487' title='bbox 2999 361 3054 416; x_wconf 88' lang='lat' dir='ltr'><strong>in</strong></span> <span class='ocrx_word' id='word_1_488' title='bbox 3080 362 3359 433; x_wconf 78' lang='lat' dir='ltr'><strong>prophetia</strong></span> 
     </span>
    </p>
   </div>
   <div class='ocr_carea' id='block_1_64' title="bbox 1780 444 3359 524">
    <p class='ocr_par' dir='ltr' id='par_1_64' title="bbox 1780 444 3359 524">
     <span class='ocr_line' id='line_1_64' title="bbox 1780 444 3359 524; baseline 0.009 -27"><span class='ocrx_word' id='word_1_489' title='bbox 1780 458 1937 499; x_wconf 89' lang='lat' dir='ltr'><strong>nemo</strong></span> <span class='ocrx_word' id='word_1_490' title='bbox 1959 444 2101 501; x_wconf 88' lang='lat' dir='ltr'><strong>dicet</strong></span> <span class='ocrx_word' id='word_1_491' title='bbox 2130 461 2225 502; x_wconf 89' lang='lat' dir='ltr'><strong>eos</strong></span> <span class='ocrx_word' id='word_1_492' title='bbox 2254 448 2507 514; x_wconf 88' lang='lat' dir='ltr'><strong>insanire,</strong></span> <span class='ocrx_word' id='word_1_493' title='bbox 2550 464 2649 505; x_wconf 91' lang='lat' dir='ltr'><strong>nec</strong></span> <span class='ocrx_word' id='word_1_494' title='bbox 2689 449 2934 507; x_wconf 91' lang='lat' dir='ltr'><strong>irridebit</strong></span> <span class='ocrx_word' id='word_1_495' title='bbox 2971 467 3065 509; x_wconf 85' lang='lat' dir='ltr'><strong>eos</strong></span> <span class='ocrx_word' id='word_1_496' title='bbox 3103 455 3192 524; x_wconf 87' lang='lat' dir='ltr'><strong>qui</strong></span> <span class='ocrx_word' id='word_1_497' title='bbox 3233 472 3359 524; x_wconf 78' lang='lat' dir='ltr'><strong>pro-</strong></span> 
     </span>
    </p>
   </div>
   <div class='ocr_carea' id='block_1_65' title="bbox 1780 534 3359 611">
    <p class='ocr_par' dir='ltr' id='par_1_65' title="bbox 1780 534 3359 611">
     <span class='ocr_line' id='line_1_65' title="bbox 1780 534 3359 611; baseline 0.008 -23"><span class='ocrx_word' id='word_1_498' title='bbox 1780 534 2017 603; x_wconf 88' lang='lat' dir='ltr'><strong>phetant,</strong></span> <span class='ocrx_word' id='word_1_499' title='bbox 2044 538 2138 593; x_wconf 90' lang='lat' dir='ltr'><strong>sed</strong></span> <span class='ocrx_word' id='word_1_500' title='bbox 2164 548 2346 595; x_wconf 82' lang='lat' dir='ltr'><strong>contra</strong></span> <span class='ocrx_word' id='word_1_501' title='bbox 2378 555 2472 595; x_wconf 91' lang='lat' dir='ltr'><strong>eos</strong></span> <span class='ocrx_word' id='word_1_502' title='bbox 2511 540 2746 611; x_wconf 89' lang='lat' dir='ltr'><strong>stupebit</strong></span> <span class='ocrx_word' id='word_1_503' title='bbox 2779 551 2836 597; x_wconf 91' lang='lat' dir='ltr'><strong>et</strong></span> <span class='ocrx_word' id='word_1_504' title='bbox 2857 542 3228 600; x_wconf 86' lang='lat' dir='ltr'><strong>admirabitur.</strong></span> <span class='ocrx_word' id='word_1_505' title='bbox 3262 549 3359 601; x_wconf 71' lang='lat' dir='ltr'><strong>An-</strong></span> 
     </span>
    </p>
   </div>
   <div class='ocr_carea' id='block_1_66' title="bbox 1776 633 3356 705">
    <p class='ocr_par' dir='ltr' id='par_1_66' title="bbox 1776 633 3356 705">
     <span class='ocr_line' id='line_1_66' title="bbox 1776 633 3356 705; baseline 0.008 -22"><span class='ocrx_word' id='word_1_506' title='bbox 1776 639 1997 699; x_wconf 82' lang='lat' dir='ltr'><strong>guuntur</strong></span> <span class='ocrx_word' id='word_1_507' title='bbox 2024 633 2165 687; x_wconf 90' lang='lat' dir='ltr'><strong>enim</strong></span> <span class='ocrx_word' id='word_1_508' title='bbox 2206 650 2268 687; x_wconf 89' lang='lat' dir='ltr'><strong>ac</strong></span> <span class='ocrx_word' id='word_1_509' title='bbox 2304 636 2671 689; x_wconf 79' lang='lat' dir='ltr'><strong>convincuntur</strong></span> <span class='ocrx_word' id='word_1_510' title='bbox 2712 635 2774 690; x_wconf 89' lang='lat' dir='ltr'><strong>ab</strong></span> <span class='ocrx_word' id='word_1_511' title='bbox 2812 637 3042 692; x_wconf 81' lang='lat' dir='ltr'><strong>omnibus</strong></span> <span class='ocrx_word' id='word_1_512' title='bbox 3058 653 3085 702; x_wconf 82' lang='lat'><strong>.,&#39;</strong></span> <span class='ocrx_word' id='word_1_513' title='bbox 3120 638 3222 695; x_wconf 89' lang='lat' dir='ltr'><strong>hoc</strong></span> <span class='ocrx_word' id='word_1_514' title='bbox 3250 650 3356 705; x_wconf 83' lang='lat' dir='ltr'><strong>est,</strong></span> 
     </span>
    </p>
   </div>
   <div class='ocr_carea' id='block_1_67' title="bbox 1774 723 3359 792">
    <p class='ocr_par' dir='ltr' id='par_1_67' title="bbox 1774 723 3359 792">
     <span class='ocr_line' id='line_1_67' title="bbox 1774 723 3359 792; baseline 0.007 -16"><span class='ocrx_word' id='word_1_515' title='bbox 1774 737 1838 777; x_wconf 90' lang='lat' dir='ltr'><strong>ea</strong></span> <span class='ocrx_word' id='word_1_516' title='bbox 1883 738 2003 792; x_wconf 69' lang='lat' dir='ltr'><strong>qua:</strong></span> <span class='ocrx_word' id='word_1_517' title='bbox 2056 723 2215 779; x_wconf 87' lang='lat' dir='ltr'><strong>habet</strong></span> <span class='ocrx_word' id='word_1_518' title='bbox 2265 726 2317 781; x_wconf 91' lang='lat' dir='ltr'><strong>in</strong></span> <span class='ocrx_word' id='word_1_519' title='bbox 2360 727 2524 782; x_wconf 90' lang='lat' dir='ltr'><strong>corde</strong></span> <span class='ocrx_word' id='word_1_520' title='bbox 2562 727 2620 782; x_wconf 87' lang='lat' dir='ltr'><strong>in</strong></span> <span class='ocrx_word' id='word_1_521' title='bbox 2667 728 2900 784; x_wconf 87' lang='lat' dir='ltr'><strong>medium</strong></span> <span class='ocrx_word' id='word_1_522' title='bbox 2944 729 3281 786; x_wconf 86' lang='lat' dir='ltr'><strong>adducuntur</strong></span> <span class='ocrx_word' id='word_1_523' title='bbox 3303 745 3359 787; x_wconf 87' lang='lat' dir='ltr'><strong>et</strong></span> 
     </span>
    </p>
   </div>
   <div class='ocr_carea' id='block_1_68' title="bbox 1773 815 3359 895">
    <p class='ocr_par' dir='ltr' id='par_1_68' title="bbox 1773 815 3359 895">
     <span class='ocr_line' id='line_1_68' title="bbox 1773 815 3359 895; baseline 0.008 -28"><span class='ocrx_word' id='word_1_524' title='bbox 1773 815 2128 872; x_wconf 87' lang='lat' dir='ltr'><strong>ostenduntur</strong></span> <span class='ocrx_word' id='word_1_525' title='bbox 2152 819 2425 874; x_wconf 87' lang='lat' dir='ltr'><strong>omnibus.</strong></span> <span class='ocrx_word' id='word_1_526' title='bbox 2448 820 2564 874; x_wconf 84' lang='lat' dir='ltr'><strong>Non</strong></span> <span class='ocrx_word' id='word_1_527' title='bbox 2592 830 2920 877; x_wconf 55' lang='lat' dir='ltr'><strong>sum&#39;autem</strong></span> <span class='ocrx_word' id='word_1_528' title='bbox 2944 825 3118 895; x_wconf 84' lang='lat' dir='ltr'><strong>paria,</strong></span> <span class='ocrx_word' id='word_1_529' title='bbox 3154 826 3359 895; x_wconf 81' lang='lat' dir='ltr'><strong>ingres-</strong></span> 
     </span>
    </p>
   </div>
   <div class='ocr_carea' id='block_1_69' title="bbox 1773 910 3351 988">
    <p class='ocr_par' dir='ltr' id='par_1_69' title="bbox 1773 910 3351 988">
     <span class='ocr_line' id='line_1_69' title="bbox 1773 910 3351 988; baseline 0.006 -26"><span class='ocrx_word' id='word_1_530' title='bbox 1773 923 1891 963; x_wconf 88' lang='lat' dir='ltr'><strong>sum</strong></span> <span class='ocrx_word' id='word_1_531' title='bbox 1918 910 2220 980; x_wconf 87' lang='lat' dir='ltr'><strong>quempiam</strong></span> <span class='ocrx_word' id='word_1_532' title='bbox 2245 912 2448 979; x_wconf 88' lang='lat' dir='ltr'><strong>videre,</strong></span> <span class='ocrx_word' id='word_1_533' title='bbox 2470 914 2624 968; x_wconf 89' lang='lat' dir='ltr'><strong>illum</strong></span> <span class='ocrx_word' id='word_1_534' title='bbox 2650 914 2864 985; x_wconf 89' lang='lat' dir='ltr'><strong>quidem</strong></span> <span class='ocrx_word' id='word_1_535' title='bbox 2894 916 3107 972; x_wconf 79' lang='lat' dir='ltr'><strong>Persice</strong></span> <span class='ocrx_word' id='word_1_536' title='bbox 3124 917 3351 988; x_wconf 85' lang='lat' dir='ltr'><strong>loquen-</strong></span> 
     </span>
    </p>
   </div>
   <div class='ocr_carea' id='block_1_70' title="bbox 1775 1001 3355 1078">
    <p class='ocr_par' dir='ltr' id='par_1_70' title="bbox 1775 1001 3355 1078">
     <span class='ocr_line' id='line_1_70' title="bbox 1775 1001 3355 1078; baseline 0.008 -25"><span class='ocrx_word' id='word_1_537' title='bbox 1775 1008 1902 1065; x_wconf 90' lang='lat' dir='ltr'><strong>tem,</strong></span> <span class='ocrx_word' id='word_1_538' title='bbox 1938 1001 2077 1056; x_wconf 88' lang='lat' dir='ltr'><strong>huoc</strong></span> <span class='ocrx_word' id='word_1_539' title='bbox 2100 1011 2277 1058; x_wconf 90' lang='lat' dir='ltr'><strong>autem</strong></span> <span class='ocrx_word' id='word_1_540' title='bbox 2297 1003 2536 1076; x_wconf 80' lang='lat' dir='ltr'><strong>Syriaco;</strong></span> <span class='ocrx_word' id='word_1_541' title='bbox 2558 1016 2611 1062; x_wconf 92' lang='lat' dir='ltr'><strong>et</strong></span> <span class='ocrx_word' id='word_1_542' title='bbox 2634 1008 2933 1078; x_wconf 81' lang='lat' dir='ltr'><strong>ingressum</strong></span> <span class='ocrx_word' id='word_1_543' title='bbox 2947 1009 3141 1064; x_wconf 83' lang='lat' dir='ltr'><strong>audire</strong></span> <span class='ocrx_word' id='word_1_544' title='bbox 3156 1026 3355 1065; x_wconf 77' lang='lat' dir='ltr'><strong>arcana</strong></span> 
     </span>
    </p>
   </div>
   <div class='ocr_carea' id='block_1_71' title="bbox 1771 1090 3355 1164">
    <p class='ocr_par' dir='ltr' id='par_1_71' title="bbox 1771 1090 3355 1164">
     <span class='ocr_line' id='line_1_71' title="bbox 1771 1090 3355 1164; baseline 0.008 -19"><span class='ocrx_word' id='word_1_545' title='bbox 1771 1090 1888 1162; x_wconf 85' lang='lat' dir='ltr'><strong>ejus</strong></span> <span class='ocrx_word' id='word_1_546' title='bbox 1917 1094 2131 1156; x_wconf 89' lang='lat' dir='ltr'><strong>mentis,</strong></span> <span class='ocrx_word' id='word_1_547' title='bbox 2162 1095 2277 1151; x_wconf 88' lang='lat' dir='ltr'><strong>sive</strong></span> <span class='ocrx_word' id='word_1_548' title='bbox 2305 1104 2513 1152; x_wconf 84' lang='lat' dir='ltr'><strong>tentans</strong></span> <span class='ocrx_word' id='word_1_549' title='bbox 2526 1109 2584 1154; x_wconf 83' lang='lat' dir='ltr'><strong>et</strong></span> <span class='ocrx_word' id='word_1_550' title='bbox 2608 1100 2748 1153; x_wconf 90' lang='lat' dir='ltr'><strong>malo</strong></span> <span class='ocrx_word' id='word_1_551' title='bbox 2772 1102 2972 1164; x_wconf 87' lang='lat' dir='ltr'><strong>animo,</strong></span> <span class='ocrx_word' id='word_1_552' title='bbox 3005 1103 3117 1157; x_wconf 87' lang='lat' dir='ltr'><strong>sive</strong></span> <span class='ocrx_word' id='word_1_553' title='bbox 3144 1103 3355 1157; x_wconf 83' lang='lat' dir='ltr'><strong>sincere</strong></span> 
     </span>
    </p>
   </div>
   <div class='ocr_carea' id='block_1_72' title="bbox 1768 1184 3355 1263">
    <p class='ocr_par' dir='ltr' id='par_1_72' title="bbox 1768 1184 3355 1263">
     <span class='ocr_line' id='line_1_72' title="bbox 1768 1184 3355 1263; baseline 0.007 -26"><span class='ocrx_word' id='word_1_554' title='bbox 1768 1192 1825 1238; x_wconf 90' lang='lat' dir='ltr'><strong>et</strong></span> <span class='ocrx_word' id='word_1_555' title='bbox 1849 1184 1989 1240; x_wconf 88' lang='lat' dir='ltr'><strong>bono</strong></span> <span class='ocrx_word' id='word_1_556' title='bbox 2008 1186 2186 1241; x_wconf 88' lang='lat' dir='ltr'><strong>animo</strong></span> <span class='ocrx_word' id='word_1_557' title='bbox 2208 1189 2278 1242; x_wconf 90' lang='lat' dir='ltr'><strong>sit</strong></span> <span class='ocrx_word' id='word_1_558' title='bbox 2306 1189 2572 1259; x_wconf 80' lang='lat' dir='ltr'><strong>ingressus</strong></span> <span class='ocrx_word' id='word_1_559' title='bbox 2599 1207 2614 1256; x_wconf 89' lang='lat'><strong>;</strong></span> <span class='ocrx_word' id='word_1_560' title='bbox 2645 1201 2698 1245; x_wconf 91' lang='lat' dir='ltr'><strong>et</strong></span> <span class='ocrx_word' id='word_1_561' title='bbox 2723 1191 2863 1261; x_wconf 90' lang='lat' dir='ltr'><strong>quod</strong></span> <span class='ocrx_word' id='word_1_562' title='bbox 2896 1192 3004 1247; x_wconf 83' lang='lat' dir='ltr'><strong>hoc</strong></span> <span class='ocrx_word' id='word_1_563' title='bbox 3043 1192 3257 1263; x_wconf 80' lang='lat' dir='ltr'><strong>quidem</strong></span> <span class='ocrx_word' id='word_1_564' title='bbox 3285 1195 3355 1248; x_wconf 89' lang='lat' dir='ltr'><strong>ab</strong></span> 
     </span>
    </p>
   </div>
   <div class='ocr_carea' id='block_1_73' title="bbox 1771 1277 3353 1348">
    <p class='ocr_par' dir='ltr' id='par_1_73' title="bbox 1771 1277 3353 1348">
     <span class='ocr_line' id='line_1_73' title="bbox 1771 1277 3353 1348; baseline 0.008 -18"><span class='ocrx_word' id='word_1_565' title='bbox 1771 1277 1862 1331; x_wconf 91' lang='lat' dir='ltr'><strong>illo</strong></span> <span class='ocrx_word' id='word_1_566' title='bbox 1888 1289 2094 1348; x_wconf 83' lang='lat' dir='ltr'><strong>gestum</strong></span> <span class='ocrx_word' id='word_1_567' title='bbox 2124 1282 2214 1346; x_wconf 88' lang='lat' dir='ltr'><strong>sit,</strong></span> <span class='ocrx_word' id='word_1_568' title='bbox 2247 1281 2315 1336; x_wconf 84' lang='lat' dir='ltr'><strong>de</strong></span> <span class='ocrx_word' id='word_1_569' title='bbox 2363 1283 2453 1337; x_wconf 89' lang='lat' dir='ltr'><strong>illo</strong></span> <span class='ocrx_word' id='word_1_570' title='bbox 2493 1293 2671 1338; x_wconf 83' lang='lat' dir='ltr'><strong>autent</strong></span> <span class='ocrx_word' id='word_1_571' title='bbox 2715 1286 2788 1340; x_wconf 86' lang='lat' dir='ltr'><strong>sit</strong></span> <span class='ocrx_word' id='word_1_572' title='bbox 2811 1286 3213 1342; x_wconf 86' lang='lat' dir='ltr'><strong>consultatum:</strong></span> <span class='ocrx_word' id='word_1_573' title='bbox 3253 1288 3353 1342; x_wconf 88' lang='lat' dir='ltr'><strong>hoc</strong></span> 
     </span>
    </p>
   </div>
   <div class='ocr_carea' id='block_1_74' title="bbox 1768 1371 3352 1449">
    <p class='ocr_par' dir='ltr' id='par_1_74' title="bbox 1768 1371 3352 1449">
     <span class='ocr_line' id='line_1_74' title="bbox 1768 1371 3352 1449; baseline 0.007 -25"><span class='ocrx_word' id='word_1_574' title='bbox 1768 1371 1910 1424; x_wconf 89' lang='lat' dir='ltr'><strong>enim</strong></span> <span class='ocrx_word' id='word_1_575' title='bbox 1940 1381 2022 1427; x_wconf 89' lang='lat' dir='ltr'><strong>est</strong></span> <span class='ocrx_word' id='word_1_576' title='bbox 2047 1372 2139 1426; x_wconf 91' lang='lat' dir='ltr'><strong>illo</strong></span> <span class='ocrx_word' id='word_1_577' title='bbox 2165 1374 2333 1428; x_wconf 89' lang='lat' dir='ltr'><strong>multo</strong></span> <span class='ocrx_word' id='word_1_578' title='bbox 2355 1375 2646 1431; x_wconf 78' lang='lat' dir='ltr'><strong>terribilius</strong></span> <span class='ocrx_word' id='word_1_579' title='bbox 2663 1386 2724 1433; x_wconf 84' lang='lat' dir='ltr'><strong>et</strong></span> <span class='ocrx_word' id='word_1_580' title='bbox 2752 1378 2955 1432; x_wconf 78' lang='lat' dir='ltr'><strong>utilius.</strong></span> <span class='ocrx_word' id='word_1_581' title='bbox 2985 1379 3275 1449; x_wconf 76' lang='lat' dir='ltr'><strong>Propterea</strong></span> <span class='ocrx_word' id='word_1_582' title='bbox 3299 1381 3352 1435; x_wconf 78' lang='lat' dir='ltr'><strong>in</strong></span> 
     </span>
    </p>
   </div>
   <div class='ocr_carea' id='block_1_75' title="bbox 1770 1461 3352 1533">
    <p class='ocr_par' dir='ltr' id='par_1_75' title="bbox 1770 1461 3352 1533">
     <span class='ocr_line' id='line_1_75' title="bbox 1770 1461 3352 1533; baseline 0.006 -17"><span class='ocrx_word' id='word_1_583' title='bbox 1770 1461 1962 1532; x_wconf 82' lang='lat' dir='ltr'><strong>linguis</strong></span> <span class='ocrx_word' id='word_1_584' title='bbox 1991 1464 2207 1533; x_wconf 85' lang='lat' dir='ltr'><strong>quidem</strong></span> <span class='ocrx_word' id='word_1_585' title='bbox 2252 1466 2385 1520; x_wconf 84' lang='lat' dir='ltr'><strong>dicit</strong></span> <span class='ocrx_word' id='word_1_586' title='bbox 2413 1481 2507 1522; x_wconf 83' lang='lat' dir='ltr'><strong>vos</strong></span> <span class='ocrx_word' id='word_1_587' title='bbox 2534 1468 2801 1524; x_wconf 83' lang='lat' dir='ltr'><strong>insanire:</strong></span> <span class='ocrx_word' id='word_1_588' title='bbox 2824 1469 2918 1524; x_wconf 80' lang='lat' dir='ltr'><strong>sed</strong></span> <span class='ocrx_word' id='word_1_589' title='bbox 2945 1470 3046 1525; x_wconf 87' lang='lat' dir='ltr'><strong>hoc</strong></span> <span class='ocrx_word' id='word_1_590' title='bbox 3061 1487 3134 1526; x_wconf 78' lang='lat' dir='ltr'><strong>ex</strong></span> <span class='ocrx_word' id='word_1_591' title='bbox 3165 1488 3226 1529; x_wconf 87' lang='lat' dir='ltr'><strong>se</strong></span> <span class='ocrx_word' id='word_1_592' title='bbox 3247 1487 3352 1526; x_wconf 81' lang='lat' dir='ltr'><strong>non</strong></span> 
     </span>
    </p>
   </div>
   <div class='ocr_carea' id='block_1_76' title="bbox 1767 1553 3348 1636">
    <p class='ocr_par' dir='ltr' id='par_1_76' title="bbox 1767 1553 3348 1636">
     <span class='ocr_line' id='line_1_76' title="bbox 1767 1553 3348 1636; baseline 0.008 -29"><span class='ocrx_word' id='word_1_593' title='bbox 1767 1553 1917 1618; x_wconf 87' lang='lat' dir='ltr'><strong>dicit,</strong></span> <span class='ocrx_word' id='word_1_594' title='bbox 1947 1569 2129 1610; x_wconf 86' lang='lat' dir='ltr'><strong>verum</strong></span> <span class='ocrx_word' id='word_1_595' title='bbox 2149 1573 2216 1611; x_wconf 88' lang='lat' dir='ltr'><strong>ex</strong></span> <span class='ocrx_word' id='word_1_596' title='bbox 2248 1558 2457 1613; x_wconf 88' lang='lat' dir='ltr'><strong>illorum</strong></span> <span class='ocrx_word' id='word_1_597' title='bbox 2478 1559 2681 1629; x_wconf 89' lang='lat' dir='ltr'><strong>judicio</strong></span> <span class='ocrx_word' id='word_1_598' title='bbox 2708 1578 2722 1614; x_wconf 93' lang='lat'><strong>:</strong></span> <span class='ocrx_word' id='word_1_599' title='bbox 2753 1560 2939 1617; x_wconf 79' lang='lat' dir='ltr'><strong>Dicens</strong></span> <span class='ocrx_word' id='word_1_600' title='bbox 2958 1564 3121 1630; x_wconf 88' lang='lat' dir='ltr'><strong>enim,</strong></span> <span class='ocrx_word' id='word_1_601' title='bbox 3154 1566 3348 1636; x_wconf 84' lang='lat' dir='ltr'><strong>inquit,</strong></span> 
     </span>
    </p>
   </div>
   <div class='ocr_carea' id='block_1_77' title="bbox 1765 1648 3346 1723">
    <p class='ocr_par' dir='ltr' id='par_1_77' title="bbox 1765 1648 3346 1723">
     <span class='ocr_line' id='line_1_77' title="bbox 1765 1648 3346 1723; baseline 0.008 -23"><span class='ocrx_word' id='word_1_602' title='bbox 1765 1648 1902 1718; x_wconf 82' lang='lat' dir='ltr'><strong>quod</strong></span> <span class='ocrx_word' id='word_1_603' title='bbox 1929 1650 2179 1704; x_wconf 74' lang='lat' dir='ltr'><strong>insanitis.</strong></span> <span class='ocrx_word' id='word_1_604' title='bbox 2226 1651 2322 1705; x_wconf 87' lang='lat' dir='ltr'><strong>llic</strong></span> <span class='ocrx_word' id='word_1_605' title='bbox 2354 1662 2532 1706; x_wconf 88' lang='lat' dir='ltr'><strong>autem</strong></span> <span class='ocrx_word' id='word_1_606' title='bbox 2566 1655 2730 1708; x_wconf 85' lang='lat' dir='ltr'><strong>utitur</strong></span> <span class='ocrx_word' id='word_1_607' title='bbox 2754 1662 2809 1710; x_wconf 87' lang='lat' dir='ltr'><strong>et</strong></span> <span class='ocrx_word' id='word_1_608' title='bbox 2838 1670 3019 1710; x_wconf 86' lang='lat' dir='ltr'><strong>rerum</strong></span> <span class='ocrx_word' id='word_1_609' title='bbox 3061 1660 3346 1723; x_wconf 80' lang='lat' dir='ltr'><strong>sententia,</strong></span> 
     </span>
    </p>
   </div>
   <div class='ocr_carea' id='block_1_78' title="bbox 1766 1743 3351 1818">
    <p class='ocr_par' dir='ltr' id='par_1_78' title="bbox 1766 1743 3351 1818">
     <span class='ocr_line' id='line_1_78' title="bbox 1766 1743 3351 1818; baseline 0.006 -23"><span class='ocrx_word' id='word_1_610' title='bbox 1766 1752 1821 1795; x_wconf 92' lang='lat' dir='ltr'><strong>et</strong></span> <span class='ocrx_word' id='word_1_611' title='bbox 1848 1757 2033 1795; x_wconf 89' lang='lat' dir='ltr'><strong>eorum</strong></span> <span class='ocrx_word' id='word_1_612' title='bbox 2075 1744 2163 1812; x_wconf 89' lang='lat' dir='ltr'><strong>qui</strong></span> <span class='ocrx_word' id='word_1_613' title='bbox 2187 1743 2459 1811; x_wconf 88' lang='lat' dir='ltr'><strong>juvantur.</strong></span> <span class='ocrx_word' id='word_1_614' title='bbox 2489 1743 2811 1801; x_wconf 75' lang='lat' dir='ltr'><strong>Conuincitur</strong></span> <span class='ocrx_word' id='word_1_615' title='bbox 2857 1746 3025 1811; x_wconf 87' lang='lat' dir='ltr'><strong>enim,</strong></span> <span class='ocrx_word' id='word_1_616' title='bbox 3070 1748 3260 1818; x_wconf 89' lang='lat' dir='ltr'><strong>inquit,</strong></span> <span class='ocrx_word' id='word_1_617' title='bbox 3287 1752 3351 1805; x_wconf 78' lang='lat' dir='ltr'><strong>ab</strong></span> 
     </span>
    </p>
   </div>
   <div class='ocr_carea' id='block_1_79' title="bbox 1766 1833 3352 1902">
    <p class='ocr_par' dir='ltr' id='par_1_79' title="bbox 1766 1833 3352 1902">
     <span class='ocr_line' id='line_1_79' title="bbox 1766 1833 3352 1902; baseline 0.006 -16"><span class='ocrx_word' id='word_1_618' title='bbox 1766 1833 2017 1899; x_wconf 87' lang='lat' dir='ltr'><strong>omnibus,</strong></span> <span class='ocrx_word' id='word_1_619' title='bbox 2050 1834 2364 1902; x_wconf 87' lang='lat' dir='ltr'><strong>dijudicatur</strong></span> <span class='ocrx_word' id='word_1_620' title='bbox 2391 1838 2455 1890; x_wconf 86' lang='lat' dir='ltr'><strong>ab</strong></span> <span class='ocrx_word' id='word_1_621' title='bbox 2481 1839 2712 1893; x_wconf 86' lang='lat' dir='ltr'><strong>omnibus</strong></span> <span class='ocrx_word' id='word_1_622' title='bbox 2739 1855 2757 1892; x_wconf 82' lang='lat'><strong>.&#39;</strong></span> <span class='ocrx_word' id='word_1_623' title='bbox 2787 1848 2834 1894; x_wconf 88' lang='lat' dir='ltr'><strong>et</strong></span> <span class='ocrx_word' id='word_1_624' title='bbox 2862 1841 2935 1893; x_wconf 87' lang='lat' dir='ltr'><strong>sic</strong></span> <span class='ocrx_word' id='word_1_625' title='bbox 2962 1842 3159 1895; x_wconf 84' lang='lat' dir='ltr'><strong>occulta</strong></span> <span class='ocrx_word' id='word_1_626' title='bbox 3184 1843 3352 1896; x_wconf 80' lang='lat' dir='ltr'><strong>cordis</strong></span> 
     </span>
    </p>
   </div>
   <div class='ocr_carea' id='block_1_80' title="bbox 1762 1927 3351 2004">
    <p class='ocr_par' dir='ltr' id='par_1_80' title="bbox 1762 1927 3351 2004">
     <span class='ocr_line' id='line_1_80' title="bbox 1762 1927 3351 2004; baseline 0.004 -24"><span class='ocrx_word' id='word_1_627' title='bbox 1762 1928 1875 1995; x_wconf 85' lang='lat' dir='ltr'><strong>ejus</strong></span> <span class='ocrx_word' id='word_1_628' title='bbox 1902 1927 2169 1998; x_wconf 82' lang='lat' dir='ltr'><strong>manifesta</strong></span> <span class='ocrx_word' id='word_1_629' title='bbox 2192 1928 2342 1997; x_wconf 73' lang='lat' dir='ltr'><strong>ﬁunt,</strong></span> <span class='ocrx_word' id='word_1_630' title='bbox 2369 1940 2418 1983; x_wconf 89' lang='lat' dir='ltr'><strong>et</strong></span> <span class='ocrx_word' id='word_1_631' title='bbox 2436 1931 2509 1983; x_wconf 89' lang='lat' dir='ltr'><strong>ita</strong></span> <span class='ocrx_word' id='word_1_632' title='bbox 2524 1932 2707 1985; x_wconf 84' lang='lat' dir='ltr'><strong>cadens</strong></span> <span class='ocrx_word' id='word_1_633' title='bbox 2732 1931 2819 1985; x_wconf 75' lang='lat' dir='ltr'><strong>ille</strong></span> <span class='ocrx_word' id='word_1_634' title='bbox 2839 1933 2889 1985; x_wconf 87' lang='lat' dir='ltr'><strong>in</strong></span> <span class='ocrx_word' id='word_1_635' title='bbox 2918 1934 3096 2004; x_wconf 80' lang='lat' dir='ltr'><strong>faciem</strong></span> <span class='ocrx_word' id='word_1_636' title='bbox 3116 1934 3351 1987; x_wconf 81' lang='lat' dir='ltr'><strong>adorabit</strong></span> 
     </span>
    </p>
   </div>
   <div class='ocr_carea' id='block_1_81' title="bbox 1764 2016 3351 2091">
    <p class='ocr_par' dir='ltr' id='par_1_81' title="bbox 1764 2016 3351 2091">
     <span class='ocr_line' id='line_1_81' title="bbox 1764 2016 3351 2091; baseline 0.007 -21"><span class='ocrx_word' id='word_1_637' title='bbox 1764 2016 1949 2083; x_wconf 85' lang='lat' dir='ltr'><strong>Deum,</strong></span> <span class='ocrx_word' id='word_1_638' title='bbox 1980 2021 2315 2087; x_wconf 81' lang='lat' dir='ltr'><strong>pronuntians</strong></span> <span class='ocrx_word' id='word_1_639' title='bbox 2342 2022 2477 2091; x_wconf 78' lang='lat' dir='ltr'><strong>quod</strong></span> <span class='ocrx_word' id='word_1_640' title='bbox 2506 2038 2616 2076; x_wconf 81' lang='lat' dir='ltr'><strong>vere</strong></span> <span class='ocrx_word' id='word_1_641' title='bbox 2640 2022 2779 2076; x_wconf 83' lang='lat' dir='ltr'><strong>Deus</strong></span> <span class='ocrx_word' id='word_1_642' title='bbox 2808 2024 2858 2077; x_wconf 85' lang='lat' dir='ltr'><strong>in</strong></span> <span class='ocrx_word' id='word_1_643' title='bbox 2888 2024 3023 2079; x_wconf 84' lang='lat' dir='ltr'><strong>vobis</strong></span> <span class='ocrx_word' id='word_1_644' title='bbox 3048 2027 3133 2079; x_wconf 86' lang='lat' dir='ltr'><strong>sit.</strong></span> <span class='ocrx_word' id='word_1_645' title='bbox 3167 2026 3351 2081; x_wconf 72' lang='lat' dir='ltr'><strong>Videu‘</strong></span> 
     </span>
    </p>
   </div>
   <div class='ocr_carea' id='block_1_82' title="bbox 1762 2108 3346 2188">
    <p class='ocr_par' dir='ltr' id='par_1_82' title="bbox 1762 2108 3346 2188">
     <span class='ocr_line' id='line_1_82' title="bbox 1762 2108 3346 2188; baseline 0.007 -25"><span class='ocrx_word' id='word_1_646' title='bbox 1762 2110 1904 2179; x_wconf 82' lang='lat' dir='ltr'><strong>quod</strong></span> <span class='ocrx_word' id='word_1_647' title='bbox 1936 2108 2039 2165; x_wconf 85' lang='lat' dir='ltr'><strong>hoc</strong></span> <span class='ocrx_word' id='word_1_648' title='bbox 2066 2111 2281 2180; x_wconf 90' lang='lat' dir='ltr'><strong>quidem</strong></span> <span class='ocrx_word' id='word_1_649' title='bbox 2315 2114 2384 2166; x_wconf 91' lang='lat' dir='ltr'><strong>sit</strong></span> <span class='ocrx_word' id='word_1_650' title='bbox 2416 2113 2805 2169; x_wconf 86' lang='lat' dir='ltr'><strong>indubitatum?</strong></span> <span class='ocrx_word' id='word_1_651' title='bbox 2831 2117 2963 2171; x_wconf 82' lang='lat' dir='ltr'><strong>Nam</strong></span> <span class='ocrx_word' id='word_1_652' title='bbox 2990 2118 3095 2173; x_wconf 90' lang='lat' dir='ltr'><strong>illic</strong></span> <span class='ocrx_word' id='word_1_653' title='bbox 3128 2119 3346 2188; x_wconf 88' lang='lat' dir='ltr'><strong>quidem</strong></span> 
     </span>
    </p>
   </div>
   <div class='ocr_carea' id='block_1_83' title="bbox 1761 2194 3350 2279">
    <p class='ocr_par' dir='ltr' id='par_1_83' title="bbox 1761 2194 3350 2279">
     <span class='ocr_line' id='line_1_83' title="bbox 1761 2194 3350 2279; baseline 0.005 -21"><span class='ocrx_word' id='word_1_654' title='bbox 1761 2194 1833 2259; x_wconf 72' lang='grc' dir='ltr'><strong>(ιε</strong></span> <span class='ocrx_word' id='word_1_655' title='bbox 1853 2220 1920 2259; x_wconf 90' lang='lat' dir='ltr'><strong>eo</strong></span> <span class='ocrx_word' id='word_1_656' title='bbox 1944 2205 2089 2274; x_wconf 91' lang='lat' dir='ltr'><strong>quod</strong></span> <span class='ocrx_word' id='word_1_657' title='bbox 2128 2204 2189 2258; x_wconf 79' lang='lat' dir='ltr'><strong>ﬁt</strong></span> <span class='ocrx_word' id='word_1_658' title='bbox 2215 2206 2524 2276; x_wconf 81' lang='lat' dir='ltr'><strong>ambigitur,</strong></span> <span class='ocrx_word' id='word_1_659' title='bbox 2567 2220 2621 2263; x_wconf 89' lang='lat' dir='ltr'><strong>et</strong></span> <span class='ocrx_word' id='word_1_660' title='bbox 2651 2202 2913 2279; x_wconf 80' lang='lat' dir='ltr'><strong>quiSpiam</strong></span> <span class='ocrx_word' id='word_1_661' title='bbox 2953 2226 3018 2265; x_wconf 87' lang='lat' dir='ltr'><strong>ex</strong></span> <span class='ocrx_word' id='word_1_662' title='bbox 3050 2210 3350 2268; x_wconf 85' lang='lat' dir='ltr'><strong>infidelibus</strong></span> 
     </span>
    </p>
   </div>
   <div class='ocr_carea' id='block_1_84' title="bbox 1762 2295 3352 2374">
    <p class='ocr_par' dir='ltr' id='par_1_84' title="bbox 1762 2295 3352 2374">
     <span class='ocr_line' id='line_1_84' title="bbox 1762 2295 3352 2374; baseline 0.006 -25"><span class='ocrx_word' id='word_1_663' title='bbox 1762 2295 1813 2349; x_wconf 91' lang='lat' dir='ltr'><strong>id</strong></span> <span class='ocrx_word' id='word_1_664' title='bbox 1845 2295 2188 2366; x_wconf 88' lang='lat' dir='ltr'><strong>adscripserit</strong></span> <span class='ocrx_word' id='word_1_665' title='bbox 2226 2299 2486 2354; x_wconf 66' lang='lat' dir='ltr'><strong>insaniae:</strong></span> <span class='ocrx_word' id='word_1_666' title='bbox 2518 2300 2607 2356; x_wconf 87' lang='lat' dir='ltr'><strong>hic</strong></span> <span class='ocrx_word' id='word_1_667' title='bbox 2635 2312 2815 2357; x_wconf 86' lang='lat' dir='ltr'><strong>autem</strong></span> <span class='ocrx_word' id='word_1_668' title='bbox 2846 2303 2976 2357; x_wconf 90' lang='lat' dir='ltr'><strong>nihil</strong></span> <span class='ocrx_word' id='word_1_669' title='bbox 3023 2305 3126 2359; x_wconf 89' lang='lat' dir='ltr'><strong>erit</strong></span> <span class='ocrx_word' id='word_1_670' title='bbox 3165 2304 3352 2374; x_wconf 81' lang='lat' dir='ltr'><strong>hujus-</strong></span> 
     </span>
    </p>
   </div>
   <div class='ocr_carea' id='block_1_85' title="bbox 1762 2387 3347 2465">
    <p class='ocr_par' dir='ltr' id='par_1_85' title="bbox 1762 2387 3347 2465">
     <span class='ocr_line' id='line_1_85' title="bbox 1762 2387 3347 2465; baseline 0.007 -25"><span class='ocrx_word' id='word_1_671' title='bbox 1762 2387 1927 2452; x_wconf 87' lang='lat' dir='ltr'><strong>modi,</strong></span> <span class='ocrx_word' id='word_1_672' title='bbox 1952 2388 2045 2443; x_wconf 89' lang='lat' dir='ltr'><strong>sed</strong></span> <span class='ocrx_word' id='word_1_673' title='bbox 2073 2399 2127 2443; x_wconf 91' lang='lat' dir='ltr'><strong>et</strong></span> <span class='ocrx_word' id='word_1_674' title='bbox 2164 2388 2518 2446; x_wconf 88' lang='lat' dir='ltr'><strong>admirabitur</strong></span> <span class='ocrx_word' id='word_1_675' title='bbox 2543 2402 2597 2447; x_wconf 89' lang='lat' dir='ltr'><strong>et</strong></span> <span class='ocrx_word' id='word_1_676' title='bbox 2623 2392 2888 2456; x_wconf 82' lang='lat' dir='ltr'><strong>adorabit,</strong></span> <span class='ocrx_word' id='word_1_677' title='bbox 2919 2393 3078 2450; x_wconf 85' lang='lat' dir='ltr'><strong>faelis</strong></span> <span class='ocrx_word' id='word_1_678' title='bbox 3120 2397 3347 2465; x_wconf 80' lang='lat' dir='ltr'><strong>primunt</strong></span> 
     </span>
    </p>
   </div>
   <div class='ocr_carea' id='block_1_86' title="bbox 1754 2477 3349 2545">
    <p class='ocr_par' dir='ltr' id='par_1_86' title="bbox 1754 2477 3349 2545">
     <span class='ocr_line' id='line_1_86' title="bbox 1754 2477 3349 2545; baseline 0.004 -12"><span class='ocrx_word' id='word_1_679' title='bbox 1754 2477 2042 2545; x_wconf 80' lang='lat' dir='ltr'><strong>conﬁtens,</strong></span> <span class='ocrx_word' id='word_1_680' title='bbox 2065 2478 2261 2535; x_wconf 88' lang='lat' dir='ltr'><strong>deinde</strong></span> <span class='ocrx_word' id='word_1_681' title='bbox 2283 2482 2443 2536; x_wconf 87' lang='lat' dir='ltr'><strong>etiam</strong></span> <span class='ocrx_word' id='word_1_682' title='bbox 2468 2484 2663 2538; x_wconf 88' lang='lat' dir='ltr'><strong>verbis.</strong></span> <span class='ocrx_word' id='word_1_683' title='bbox 2684 2484 2772 2539; x_wconf 87' lang='lat' dir='ltr'><strong>Sic</strong></span> <span class='ocrx_word' id='word_1_684' title='bbox 2795 2488 2955 2539; x_wconf 85' lang='lat' dir='ltr'><strong>etiam</strong></span> <span class='ocrx_word' id='word_1_685' title='bbox 2993 2484 3349 2542; x_wconf 84' lang='lat' dir='ltr'><strong>Nabuchodo-</strong></span> 
     </span>
    </p>
   </div>
   <div class='ocr_carea' id='block_1_87' title="bbox 1758 2572 3343 2635">
    <p class='ocr_par' dir='ltr' id='par_1_87' title="bbox 1758 2572 3343 2635">
     <span class='ocr_line' id='line_1_87' title="bbox 1758 2572 3343 2635; baseline 0.006 -9"><span class='ocrx_word' id='word_1_686' title='bbox 1758 2586 1922 2627; x_wconf 90' lang='lat' dir='ltr'><strong>nosor</strong></span> <span class='ocrx_word' id='word_1_687' title='bbox 1948 2572 2111 2628; x_wconf 91' lang='lat' dir='ltr'><strong>Deum</strong></span> <span class='ocrx_word' id='word_1_688' title='bbox 2138 2573 2381 2631; x_wconf 87' lang='lat' dir='ltr'><strong>adoravit</strong></span> <span class='ocrx_word' id='word_1_689' title='bbox 2404 2575 2627 2632; x_wconf 89' lang='lat' dir='ltr'><strong>dicens:</strong></span> <span class='ocrx_word' id='word_1_690' title='bbox 2667 2577 2731 2632; x_wconf 89' lang='lat' dir='ltr'><strong>In</strong></span> <span class='ocrx_word' id='word_1_691' title='bbox 2760 2580 2963 2633; x_wconf 73' lang='lat' dir='ltr'><strong>veritate</strong></span> <span class='ocrx_word' id='word_1_692' title='bbox 3004 2579 3141 2635; x_wconf 87' lang='lat' dir='ltr'><strong>Deus</strong></span> <span class='ocrx_word' id='word_1_693' title='bbox 3183 2594 3343 2635; x_wconf 82' lang='lat' dir='ltr'><strong>vester</strong></span> 
     </span>
    </p>
   </div>
   <div class='ocr_carea' id='block_1_88' title="bbox 1755 2664 3344 2742">
    <p class='ocr_par' dir='ltr' id='par_1_88' title="bbox 1755 2664 3344 2742">
     <span class='ocr_line' id='line_1_88' title="bbox 1755 2664 3344 2742; baseline 0.007 -26"><span class='ocrx_word' id='word_1_694' title='bbox 1755 2665 1868 2734; x_wconf 83' lang='lat' dir='ltr'><strong>ipse</strong></span> <span class='ocrx_word' id='word_1_695' title='bbox 1891 2674 1966 2720; x_wconf 86' lang='lat' dir='ltr'><strong>est</strong></span> <span class='ocrx_word' id='word_1_696' title='bbox 1986 2664 2125 2721; x_wconf 83' lang='lat' dir='ltr'><strong>Deus</strong></span> <span class='ocrx_word' id='word_1_697' title='bbox 2152 2668 2379 2723; x_wconf 73' lang='lat' dir='ltr'><strong>revelatis</strong></span> <span class='ocrx_word' id='word_1_698' title='bbox 2411 2671 2672 2740; x_wconf 80' lang='lat' dir='ltr'><strong>mysteria,</strong></span> <span class='ocrx_word' id='word_1_699' title='bbox 2695 2672 2934 2739; x_wconf 87' lang='lat' dir='ltr'><strong>quoniam</strong></span> <span class='ocrx_word' id='word_1_700' title='bbox 2965 2673 3175 2742; x_wconf 81' lang='lat' dir='ltr'><strong>potuisti</strong></span> <span class='ocrx_word' id='word_1_701' title='bbox 3204 2690 3344 2727; x_wconf 85' lang='lat' dir='ltr'><strong>reve-</strong></span> 
     </span>
    </p>
   </div>
   <div class='ocr_carea' id='block_1_89' title="bbox 1757 2758 3345 2834">
    <p class='ocr_par' dir='ltr' id='par_1_89' title="bbox 1757 2758 3345 2834">
     <span class='ocr_line' id='line_1_89' title="bbox 1757 2758 3345 2834; baseline 0.005 -23"><span class='ocrx_word' id='word_1_702' title='bbox 1757 2758 1866 2811; x_wconf 77' lang='lat' dir='ltr'><strong>lare</strong></span> <span class='ocrx_word' id='word_1_703' title='bbox 1892 2760 2183 2828; x_wconf 75' lang='lat' dir='ltr'><strong>mysterium</strong></span> <span class='ocrx_word' id='word_1_704' title='bbox 2211 2760 2349 2815; x_wconf 84' lang='lat' dir='ltr'><strong>istud</strong></span> <span class='ocrx_word' id='word_1_705' title='bbox 2370 2759 2533 2833; x_wconf 77' lang='lat' dir='ltr'><strong>(Dan.</strong></span> <span class='ocrx_word' id='word_1_706' title='bbox 2560 2764 2615 2817; x_wconf 71' lang='grc'><strong>2.</strong></span> <span class='ocrx_word' id='word_1_707' title='bbox 2659 2763 2770 2832; x_wconf 76' lang='grc'><strong>47).</strong></span> <span class='ocrx_word' id='word_1_708' title='bbox 2800 2762 3047 2818; x_wconf 73' lang='lat' dir='ltr'><strong>Vidistin‘</strong></span> <span class='ocrx_word' id='word_1_709' title='bbox 3076 2765 3180 2819; x_wconf 69' lang='lat' dir='ltr'><strong>vim</strong></span> <span class='ocrx_word' id='word_1_710' title='bbox 3219 2782 3345 2834; x_wconf 80' lang='lat' dir='ltr'><strong>pro-</strong></span> 
     </span>
    </p>
   </div>
   <div class='ocr_carea' id='block_1_90' title="bbox 1760 2848 3344 2920">
    <p class='ocr_par' dir='ltr' id='par_1_90' title="bbox 1760 2848 3344 2920">
     <span class='ocr_line' id='line_1_90' title="bbox 1760 2848 3344 2920; baseline 0.007 -18"><span class='ocrx_word' id='word_1_711' title='bbox 1760 2848 1974 2917; x_wconf 67' lang='lat' dir='ltr'><strong>phetite,</strong></span> <span class='ocrx_word' id='word_1_712' title='bbox 2007 2851 2275 2920; x_wconf 88' lang='lat' dir='ltr'><strong>quomodo</strong></span> <span class='ocrx_word' id='word_1_713' title='bbox 2320 2851 2553 2908; x_wconf 87' lang='lat' dir='ltr'><strong>ferocem</strong></span> <span class='ocrx_word' id='word_1_714' title='bbox 2602 2854 2749 2909; x_wconf 90' lang='lat' dir='ltr'><strong>illum</strong></span> <span class='ocrx_word' id='word_1_715' title='bbox 2793 2858 3076 2913; x_wconf 87' lang='lat' dir='ltr'><strong>mutaverit</strong></span> <span class='ocrx_word' id='word_1_716' title='bbox 3106 2868 3159 2912; x_wconf 90' lang='lat' dir='ltr'><strong>et</strong></span> <span class='ocrx_word' id='word_1_717' title='bbox 3191 2860 3344 2913; x_wconf 78' lang='lat' dir='ltr'><strong>insti-</strong></span> 
     </span>
    </p>
   </div>
   <div class='ocr_carea' id='block_1_91' title="bbox 1756 2943 3346 3021">
    <p class='ocr_par' dir='ltr' id='par_1_91' title="bbox 1756 2943 3346 3021">
     <span class='ocr_line' id='line_1_91' title="bbox 1756 2943 3346 3021; baseline 0.006 -25"><span class='ocrx_word' id='word_1_718' title='bbox 1756 2943 1920 2997; x_wconf 83' lang='lat' dir='ltr'><strong>tuerit</strong></span> <span class='ocrx_word' id='word_1_719' title='bbox 1939 2952 1991 2997; x_wconf 92' lang='lat' dir='ltr'><strong>et</strong></span> <span class='ocrx_word' id='word_1_720' title='bbox 2010 2945 2074 2998; x_wconf 87' lang='lat' dir='ltr'><strong>ad</strong></span> <span class='ocrx_word' id='word_1_721' title='bbox 2104 2944 2260 3000; x_wconf 89' lang='lat' dir='ltr'><strong>fidem</strong></span> <span class='ocrx_word' id='word_1_722' title='bbox 2289 2946 2711 3003; x_wconf 72' lang='lat' dir='ltr'><strong>deduxerit?26.</strong></span> <span class='ocrx_word' id='word_1_723' title='bbox 2734 2948 2869 3016; x_wconf 78' lang='lat' dir='ltr'><strong>Quid</strong></span> <span class='ocrx_word' id='word_1_724' title='bbox 2889 2951 3301 3021; x_wconf 82' lang='lat' dir='ltr'><strong>ergoest,[ratres</strong></span> <span class='ocrx_word' id='word_1_725' title='bbox 3320 2955 3346 3006; x_wconf 72' lang='grc' dir='ltr'><strong>εν</strong></span> 
     </span>
    </p>
   </div>
   <div class='ocr_carea' id='block_1_92' title="bbox 1757 3034 3339 3111">
    <p class='ocr_par' dir='ltr' id='par_1_92' title="bbox 1757 3034 3339 3111">
     <span class='ocr_line' id='line_1_92' title="bbox 1757 3034 3339 3111; baseline 0.005 -22"><span class='ocrx_word' id='word_1_726' title='bbox 1757 3034 1885 3089; x_wconf 82' lang='lat' dir='ltr'><strong>Cum</strong></span> <span class='ocrx_word' id='word_1_727' title='bbox 1912 3037 2205 3104; x_wconf 77' lang='lat' dir='ltr'><strong>convenitis,</strong></span> <span class='ocrx_word' id='word_1_728' title='bbox 2254 3041 2595 3111; x_wconf 81' lang='lat' dir='ltr'><strong>unusquisque</strong></span> <span class='ocrx_word' id='word_1_729' title='bbox 2637 3051 2855 3095; x_wconf 80' lang='lat' dir='ltr'><strong>vestrum</strong></span> <span class='ocrx_word' id='word_1_730' title='bbox 2895 3043 3146 3111; x_wconf 84' lang='lat' dir='ltr'><strong>psalmum</strong></span> <span class='ocrx_word' id='word_1_731' title='bbox 3176 3047 3339 3109; x_wconf 79' lang='lat' dir='ltr'><strong>habet,</strong></span> 
     </span>
    </p>
   </div>
   <div class='ocr_carea' id='block_1_93' title="bbox 1756 3125 3339 3200">
    <p class='ocr_par' dir='ltr' id='par_1_93' title="bbox 1756 3125 3339 3200">
     <span class='ocr_line' id='line_1_93' title="bbox 1756 3125 3339 3200; baseline 0.006 -21"><span class='ocrx_word' id='word_1_732' title='bbox 1756 3125 2039 3181; x_wconf 83' lang='lat' dir='ltr'><strong>doctrinam</strong></span> <span class='ocrx_word' id='word_1_733' title='bbox 2068 3127 2236 3194; x_wconf 81' lang='lat' dir='ltr'><strong>habet,</strong></span> <span class='ocrx_word' id='word_1_734' title='bbox 2284 3130 2513 3200; x_wconf 80' lang='lat' dir='ltr'><strong>linguam</strong></span> <span class='ocrx_word' id='word_1_735' title='bbox 2558 3131 2726 3196; x_wconf 68' lang='lat' dir='ltr'><strong>habet,</strong></span> <span class='ocrx_word' id='word_1_736' title='bbox 2779 3132 3129 3187; x_wconf 72' lang='lat' dir='ltr'><strong>reuelationem</strong></span> <span class='ocrx_word' id='word_1_737' title='bbox 3173 3134 3339 3200; x_wconf 83' lang='lat' dir='ltr'><strong>habet,</strong></span> 
     </span>
    </p>
   </div>
   <div class='ocr_carea' id='block_1_94' title="bbox 1755 3220 3340 3296">
    <p class='ocr_par' dir='ltr' id='par_1_94' title="bbox 1755 3220 3340 3296">
     <span class='ocr_line' id='line_1_94' title="bbox 1755 3220 3340 3296; baseline 0.006 -22"><span class='ocrx_word' id='word_1_738' title='bbox 1755 3220 2219 3289; x_wconf 84' lang='lat' dir='ltr'><strong>interpretationem</strong></span> <span class='ocrx_word' id='word_1_739' title='bbox 2248 3222 2396 3277; x_wconf 77' lang='lat' dir='ltr'><strong>habet</strong></span> <span class='ocrx_word' id='word_1_740' title='bbox 2433 3240 2451 3277; x_wconf 92' lang='lat'><strong><em>:</em></strong></span> <span class='ocrx_word' id='word_1_741' title='bbox 2486 3226 2654 3278; x_wconf 87' lang='lat' dir='ltr'><strong>omnia</strong></span> <span class='ocrx_word' id='word_1_742' title='bbox 2690 3225 2757 3278; x_wconf 85' lang='lat' dir='ltr'><strong>ad</strong></span> <span class='ocrx_word' id='word_1_743' title='bbox 2779 3226 3166 3296; x_wconf 67' lang='lat' dir='ltr'><strong>aediﬁcationem</strong></span> <span class='ocrx_word' id='word_1_744' title='bbox 3191 3229 3340 3296; x_wconf 81' lang='lat' dir='ltr'><strong>ﬁunt.</strong></span> 
     </span>
    </p>
   </div>
   <div class='ocr_carea' id='block_1_95' title="bbox 1760 3312 3344 3387">
    <p class='ocr_par' dir='ltr' id='par_1_95' title="bbox 1760 3312 3344 3387">
     <span class='ocr_line' id='line_1_95' title="bbox 1760 3312 3344 3387; baseline 0.004 -21"><span class='ocrx_word' id='word_1_745' title='bbox 1760 3312 2004 3367; x_wconf 76' lang='lat' dir='ltr'><strong>Vidistin‘</strong></span> <span class='ocrx_word' id='word_1_746' title='bbox 2054 3313 2447 3369; x_wconf 83' lang='lat' dir='ltr'><strong>Christianismi</strong></span> <span class='ocrx_word' id='word_1_747' title='bbox 2499 3316 2906 3371; x_wconf 78' lang='lat' dir='ltr'><strong>fundamentum</strong></span> <span class='ocrx_word' id='word_1_748' title='bbox 2959 3328 3014 3372; x_wconf 91' lang='lat' dir='ltr'><strong>et</strong></span> <span class='ocrx_word' id='word_1_749' title='bbox 3058 3318 3344 3387; x_wconf 76' lang='lat' dir='ltr'><strong>regulam?</strong></span> 
     </span>
    </p>
   </div>
   <div class='ocr_carea' id='block_1_96' title="bbox 1755 3404 3341 3471">
    <p class='ocr_par' dir='ltr' id='par_1_96' title="bbox 1755 3404 3341 3471">
     <span class='ocr_line' id='line_1_96' title="bbox 1755 3404 3341 3471; baseline 0.002 -11"><span class='ocrx_word' id='word_1_750' title='bbox 1755 3404 1904 3460; x_wconf 84' lang='lat' dir='ltr'><strong>Sicut</strong></span> <span class='ocrx_word' id='word_1_751' title='bbox 1925 3404 2067 3460; x_wconf 89' lang='lat' dir='ltr'><strong>enim</strong></span> <span class='ocrx_word' id='word_1_752' title='bbox 2095 3416 2178 3461; x_wconf 91' lang='lat' dir='ltr'><strong>est</strong></span> <span class='ocrx_word' id='word_1_753' title='bbox 2200 3408 2422 3462; x_wconf 85' lang='lat' dir='ltr'><strong>artificis</strong></span> <span class='ocrx_word' id='word_1_754' title='bbox 2459 3408 2693 3462; x_wconf 84' lang='lat' dir='ltr'><strong>officium</strong></span> <span class='ocrx_word' id='word_1_755' title='bbox 2726 3408 3011 3471; x_wconf 71' lang='lat' dir='ltr'><strong>mdificare,</strong></span> <span class='ocrx_word' id='word_1_756' title='bbox 3065 3410 3135 3463; x_wconf 88' lang='lat' dir='ltr'><strong>ita</strong></span> <span class='ocrx_word' id='word_1_757' title='bbox 3176 3410 3341 3464; x_wconf 85' lang='lat' dir='ltr'><strong>etiam</strong></span> 
     </span>
    </p>
   </div>
   <div class='ocr_carea' id='block_1_97' title="bbox 1755 3497 3341 3570">
    <p class='ocr_par' dir='ltr' id='par_1_97' title="bbox 1755 3497 3341 3570">
     <span class='ocr_line' id='line_1_97' title="bbox 1755 3497 3341 3570; baseline 0.004 -20"><span class='ocrx_word' id='word_1_758' title='bbox 1755 3497 2045 3553; x_wconf 80' lang='lat' dir='ltr'><strong>Christiani</strong></span> <span class='ocrx_word' id='word_1_759' title='bbox 2098 3499 2357 3568; x_wconf 77' lang='lat' dir='ltr'><strong>proximis</strong></span> <span class='ocrx_word' id='word_1_760' title='bbox 2404 3515 2500 3570; x_wconf 85' lang='lat' dir='ltr'><strong>per</strong></span> <span class='ocrx_word' id='word_1_761' title='bbox 2540 3502 2719 3554; x_wconf 87' lang='lat' dir='ltr'><strong>omnia</strong></span> <span class='ocrx_word' id='word_1_762' title='bbox 2771 3500 3049 3570; x_wconf 81' lang='lat' dir='ltr'><strong>prodesse.</strong></span> <span class='ocrx_word' id='word_1_763' title='bbox 3078 3501 3341 3568; x_wconf 88' lang='lat' dir='ltr'><strong>Quoniam</strong></span> 
     </span>
    </p>
   </div>
   <div class='ocr_carea' id='block_1_98' title="bbox 1757 3591 3342 3655">
    <p class='ocr_par' dir='ltr' id='par_1_98' title="bbox 1757 3591 3342 3655">
     <span class='ocr_line' id='line_1_98' title="bbox 1757 3591 3342 3655; baseline 0.005 -12"><span class='ocrx_word' id='word_1_764' title='bbox 1757 3601 1932 3647; x_wconf 89' lang='lat' dir='ltr'><strong>autem</strong></span> <span class='ocrx_word' id='word_1_765' title='bbox 1964 3591 2019 3646; x_wconf 90' lang='lat' dir='ltr'><strong>in</strong></span> <span class='ocrx_word' id='word_1_766' title='bbox 2045 3591 2244 3646; x_wconf 92' lang='lat' dir='ltr'><strong>donum</strong></span> <span class='ocrx_word' id='word_1_767' title='bbox 2274 3593 2428 3647; x_wconf 88' lang='lat' dir='ltr'><strong>valde</strong></span> <span class='ocrx_word' id='word_1_768' title='bbox 2454 3605 2533 3647; x_wconf 86' lang='lat' dir='ltr'><strong>est</strong></span> <span class='ocrx_word' id='word_1_769' title='bbox 2562 3595 2823 3655; x_wconf 84' lang='lat' dir='ltr'><strong>invectus.</strong></span> <span class='ocrx_word' id='word_1_770' title='bbox 2852 3612 2918 3648; x_wconf 92' lang='lat' dir='ltr'><strong>ne</strong></span> <span class='ocrx_word' id='word_1_771' title='bbox 2949 3594 3194 3650; x_wconf 81' lang='lat' dir='ltr'><strong>videatur</strong></span> <span class='ocrx_word' id='word_1_772' title='bbox 3219 3610 3342 3651; x_wconf 88' lang='lat' dir='ltr'><strong>esse</strong></span> 
     </span>
    </p>
   </div>
   <div class='ocr_carea' id='block_1_99' title="bbox 1756 3686 3344 3757">
    <p class='ocr_par' dir='ltr' id='par_1_99' title="bbox 1756 3686 3344 3757">
     <span class='ocr_line' id='line_1_99' title="bbox 1756 3686 3344 3757; baseline 0.003 -20"><span class='ocrx_word' id='word_1_773' title='bbox 1756 3698 2249 3754; x_wconf 85' lang='lat' dir='ltr'><strong>supervacaneum;</strong></span> <span class='ocrx_word' id='word_1_774' title='bbox 2279 3700 2466 3739; x_wconf 86' lang='lat' dir='ltr'><strong>eorum</strong></span> <span class='ocrx_word' id='word_1_775' title='bbox 2508 3686 2649 3740; x_wconf 88' lang='lat' dir='ltr'><strong>enim</strong></span> <span class='ocrx_word' id='word_1_776' title='bbox 2694 3686 2886 3740; x_wconf 85' lang='lat' dir='ltr'><strong>fastum</strong></span> <span class='ocrx_word' id='word_1_777' title='bbox 2926 3687 3112 3741; x_wconf 86' lang='lat' dir='ltr'><strong>volens</strong></span> <span class='ocrx_word' id='word_1_778' title='bbox 3161 3687 3344 3757; x_wconf 82' lang='lat' dir='ltr'><strong>depri-</strong></span> 
     </span>
    </p>
   </div>
   <div class='ocr_carea' id='block_1_100' title="bbox 1757 3777 3344 3849">
    <p class='ocr_par' dir='ltr' id='par_1_100' title="bbox 1757 3777 3344 3849">
     <span class='ocr_line' id='line_1_100' title="bbox 1757 3777 3344 3849; baseline 0.001 -19"><span class='ocrx_word' id='word_1_779' title='bbox 1757 3792 1931 3842; x_wconf 84' lang='lat' dir='ltr'><strong>mere,</strong></span> <span class='ocrx_word' id='word_1_780' title='bbox 1974 3777 2076 3832; x_wconf 92' lang='lat' dir='ltr'><strong>hoc</strong></span> <span class='ocrx_word' id='word_1_781' title='bbox 2099 3777 2269 3831; x_wconf 87' lang='lat' dir='ltr'><strong>solmu</strong></span> <span class='ocrx_word' id='word_1_782' title='bbox 2300 3777 2452 3839; x_wconf 80' lang='lat' dir='ltr'><strong>fecit:</strong></span> <span class='ocrx_word' id='word_1_783' title='bbox 2478 3794 2665 3833; x_wconf 89' lang='lat' dir='ltr'><strong>rursus</strong></span> <span class='ocrx_word' id='word_1_784' title='bbox 2688 3780 2858 3849; x_wconf 85' lang='lat' dir='ltr'><strong>ipsum</strong></span> <span class='ocrx_word' id='word_1_785' title='bbox 2886 3795 3005 3834; x_wconf 89' lang='lat' dir='ltr'><strong>cum</strong></span> <span class='ocrx_word' id='word_1_786' title='bbox 3028 3780 3146 3834; x_wconf 91' lang='lat' dir='ltr'><strong>aliis</strong></span> <span class='ocrx_word' id='word_1_787' title='bbox 3172 3796 3344 3834; x_wconf 83' lang='lat' dir='ltr'><strong>annu-</strong></span> 
     </span>
    </p>
   </div>
   <div class='ocr_carea' id='block_1_101' title="bbox 1756 3866 3346 3938">
    <p class='ocr_par' dir='ltr' id='par_1_101' title="bbox 1756 3866 3346 3938">
     <span class='ocr_line' id='line_1_101' title="bbox 1756 3866 3346 3938; baseline 0.003 -17"><span class='ocrx_word' id='word_1_788' title='bbox 1756 3877 1943 3931; x_wconf 85' lang='lat' dir='ltr'><strong>merat,</strong></span> <span class='ocrx_word' id='word_1_789' title='bbox 1978 3868 2162 3923; x_wconf 82' lang='lat' dir='ltr'><strong>dicens</strong></span> <span class='ocrx_word' id='word_1_790' title='bbox 2188 3886 2200 3921; x_wconf 92' lang='lat'><strong>:</strong></span> <span class='ocrx_word' id='word_1_791' title='bbox 2232 3866 2495 3923; x_wconf 80' lang='lat' dir='ltr'><strong>Psalmum</strong></span> <span class='ocrx_word' id='word_1_792' title='bbox 2530 3870 2695 3936; x_wconf 72' lang='lat' dir='ltr'><strong>liabet,</strong></span> <span class='ocrx_word' id='word_1_793' title='bbox 2726 3871 3009 3925; x_wconf 84' lang='lat' dir='ltr'><strong>doctrinam</strong></span> <span class='ocrx_word' id='word_1_794' title='bbox 3037 3871 3202 3938; x_wconf 82' lang='lat' dir='ltr'><strong>habet,</strong></span> <span class='ocrx_word' id='word_1_795' title='bbox 3244 3872 3346 3925; x_wconf 86' lang='lat' dir='ltr'><strong>lin-</strong></span> 
     </span>
    </p>
   </div>
   <div class='ocr_carea' id='block_1_102' title="bbox 1756 3959 3345 4032">
    <p class='ocr_par' dir='ltr' id='par_1_102' title="bbox 1756 3959 3345 4032">
     <span class='ocr_line' id='line_1_102' title="bbox 1756 3959 3345 4032; baseline 0.002 -19"><span class='ocrx_word' id='word_1_796' title='bbox 1756 3976 1909 4030; x_wconf 85' lang='lat' dir='ltr'><strong>guam</strong></span> <span class='ocrx_word' id='word_1_797' title='bbox 1942 3959 2108 4014; x_wconf 80' lang='lat' dir='ltr'><strong>habet.</strong></span> <span class='ocrx_word' id='word_1_798' title='bbox 2142 3960 2353 4016; x_wconf 85' lang='lat' dir='ltr'><strong>Etenim</strong></span> <span class='ocrx_word' id='word_1_799' title='bbox 2387 3962 2621 4032; x_wconf 86' lang='lat' dir='ltr'><strong>psalmos</strong></span> <span class='ocrx_word' id='word_1_800' title='bbox 2642 3963 2776 4017; x_wconf 87' lang='lat' dir='ltr'><strong>olim</strong></span> <span class='ocrx_word' id='word_1_801' title='bbox 2805 3962 3070 4018; x_wconf 81' lang='lat' dir='ltr'><strong>faciebant</strong></span> <span class='ocrx_word' id='word_1_802' title='bbox 3111 3979 3176 4018; x_wconf 88' lang='lat' dir='ltr'><strong>ex</strong></span> <span class='ocrx_word' id='word_1_803' title='bbox 3214 3964 3345 4018; x_wconf 85' lang='lat' dir='ltr'><strong>cha-</strong></span> 
     </span>
    </p>
   </div>
   <div class='ocr_carea' id='block_1_103' title="bbox 1757 4053 3342 4117">
    <p class='ocr_par' dir='ltr' id='par_1_103' title="bbox 1757 4053 3342 4117">
     <span class='ocr_line' id='line_1_103' title="bbox 1757 4053 3342 4117; baseline 0.001 -10"><span class='ocrx_word' id='word_1_804' title='bbox 1757 4053 1975 4107; x_wconf 90' lang='lat' dir='ltr'><strong>rismate</strong></span> <span class='ocrx_word' id='word_1_805' title='bbox 2008 4069 2103 4108; x_wconf 91' lang='lat' dir='ltr'><strong>seu</strong></span> <span class='ocrx_word' id='word_1_806' title='bbox 2129 4053 2292 4117; x_wconf 84' lang='lat' dir='ltr'><strong>dono,</strong></span> <span class='ocrx_word' id='word_1_807' title='bbox 2322 4064 2377 4108; x_wconf 90' lang='lat' dir='ltr'><strong>et</strong></span> <span class='ocrx_word' id='word_1_808' title='bbox 2418 4053 2683 4109; x_wconf 89' lang='lat' dir='ltr'><strong>docebant</strong></span> <span class='ocrx_word' id='word_1_809' title='bbox 2721 4070 2789 4109; x_wconf 87' lang='lat' dir='ltr'><strong>ex</strong></span> <span class='ocrx_word' id='word_1_810' title='bbox 2820 4055 2965 4109; x_wconf 88' lang='lat' dir='ltr'><strong>dono</strong></span> <span class='ocrx_word' id='word_1_811' title='bbox 2991 4075 3004 4111; x_wconf 92' lang='lat'><strong>:</strong></span> <span class='ocrx_word' id='word_1_812' title='bbox 3034 4055 3127 4109; x_wconf 91' lang='lat' dir='ltr'><strong>sed</strong></span> <span class='ocrx_word' id='word_1_813' title='bbox 3166 4064 3342 4109; x_wconf 70' lang='lat' dir='ltr'><strong>mineo</strong></span> 
     </span>
    </p>
   </div>
   <div class='ocr_carea' id='block_1_104' title="bbox 1758 4144 3343 4216">
    <p class='ocr_par' dir='ltr' id='par_1_104' title="bbox 1758 4144 3343 4216">
     <span class='ocr_line' id='line_1_104' title="bbox 1758 4144 3343 4216; baseline 0.001 -17"><span class='ocrx_word' id='word_1_814' title='bbox 1758 4144 1875 4199; x_wconf 68' lang='lat' dir='ltr'><strong>haec</strong></span> <span class='ocrx_word' id='word_1_815' title='bbox 1902 4144 2101 4210; x_wconf 87' lang='lat' dir='ltr'><strong>omnia,</strong></span> <span class='ocrx_word' id='word_1_816' title='bbox 2153 4144 2341 4215; x_wconf 88' lang='lat' dir='ltr'><strong>inquit,</strong></span> <span class='ocrx_word' id='word_1_817' title='bbox 2398 4144 2464 4198; x_wconf 86' lang='lat' dir='ltr'><strong>ad</strong></span> <span class='ocrx_word' id='word_1_818' title='bbox 2510 4160 2674 4198; x_wconf 89' lang='lat' dir='ltr'><strong>unum</strong></span> <span class='ocrx_word' id='word_1_819' title='bbox 2706 4145 3009 4215; x_wconf 84' lang='lat' dir='ltr'><strong>aspiciant,</strong></span> <span class='ocrx_word' id='word_1_820' title='bbox 3055 4162 3247 4216; x_wconf 84' lang='lat' dir='ltr'><strong>nempe</strong></span> <span class='ocrx_word' id='word_1_821' title='bbox 3276 4146 3343 4200; x_wconf 84' lang='lat' dir='ltr'><strong>ad</strong></span> 
     </span>
    </p>
   </div>
   <div class='ocr_carea' id='block_1_105' title="bbox 1760 4235 3344 4305">
    <p class='ocr_par' dir='ltr' id='par_1_105' title="bbox 1760 4235 3344 4305">
     <span class='ocr_line' id='line_1_105' title="bbox 1760 4235 3344 4305; baseline 0.004 -20"><span class='ocrx_word' id='word_1_822' title='bbox 1760 4236 1989 4305; x_wconf 81' lang='lat' dir='ltr'><strong>proximi</strong></span> <span class='ocrx_word' id='word_1_823' title='bbox 2016 4235 2403 4290; x_wconf 83' lang='lat' dir='ltr'><strong>correctionem</strong></span> <span class='ocrx_word' id='word_1_824' title='bbox 2433 4253 2446 4289; x_wconf 92' lang='lat'><strong>:</strong></span> <span class='ocrx_word' id='word_1_825' title='bbox 2481 4237 2611 4290; x_wconf 91' lang='lat' dir='ltr'><strong>nihil</strong></span> <span class='ocrx_word' id='word_1_826' title='bbox 2658 4237 2747 4290; x_wconf 87' lang='lat' dir='ltr'><strong>fiat</strong></span> <span class='ocrx_word' id='word_1_827' title='bbox 2786 4245 2994 4292; x_wconf 90' lang='lat' dir='ltr'><strong>temere</strong></span> <span class='ocrx_word' id='word_1_828' title='bbox 3022 4247 3073 4292; x_wconf 90' lang='lat' dir='ltr'><strong>et</strong></span> <span class='ocrx_word' id='word_1_829' title='bbox 3108 4237 3344 4290; x_wconf 86' lang='lat' dir='ltr'><strong>inconsi-</strong></span> 
     </span>
    </p>
   </div>
   <div class='ocr_carea' id='block_1_106' title="bbox 1757 4328 3346 4397">
    <p class='ocr_par' dir='ltr' id='par_1_106' title="bbox 1757 4328 3346 4397">
     <span class='ocr_line' id='line_1_106' title="bbox 1757 4328 3346 4397; baseline 0.002 -14"><span class='ocrx_word' id='word_1_830' title='bbox 1757 4329 1961 4383; x_wconf 89' lang='lat' dir='ltr'><strong>derate.</strong></span> <span class='ocrx_word' id='word_1_831' title='bbox 1991 4328 2046 4383; x_wconf 90' lang='lat' dir='ltr'><strong>Si</strong></span> <span class='ocrx_word' id='word_1_832' title='bbox 2071 4328 2212 4383; x_wconf 88' lang='lat' dir='ltr'><strong>enim</strong></span> <span class='ocrx_word' id='word_1_833' title='bbox 2240 4344 2346 4382; x_wconf 85' lang='lat' dir='ltr'><strong>non</strong></span> <span class='ocrx_word' id='word_1_834' title='bbox 2373 4329 2583 4383; x_wconf 87' lang='lat' dir='ltr'><strong>accedis</strong></span> <span class='ocrx_word' id='word_1_835' title='bbox 2614 4329 2829 4385; x_wconf 87' lang='lat' dir='ltr'><strong>fratrem</strong></span> <span class='ocrx_word' id='word_1_836' title='bbox 2851 4331 3231 4397; x_wconf 70' lang='lat' dir='ltr'><strong>mdific:tturus,</strong></span> <span class='ocrx_word' id='word_1_837' title='bbox 3248 4347 3346 4386; x_wconf 82' lang='lat' dir='ltr'><strong>cur</strong></span> 
     </span>
    </p>
   </div>
   <div class='ocr_carea' id='block_1_107' title="bbox 1755 4422 3343 4493">
    <p class='ocr_par' dir='ltr' id='par_1_107' title="bbox 1755 4422 3343 4493">
     <span class='ocr_line' id='line_1_107' title="bbox 1755 4422 3343 4493; baseline 0.002 -17"><span class='ocrx_word' id='word_1_838' title='bbox 1755 4423 2003 4477; x_wconf 77' lang='lat' dir='ltr'><strong>accedis?</strong></span> <span class='ocrx_word' id='word_1_839' title='bbox 2021 4422 2134 4476; x_wconf 77' lang='lat' dir='ltr'><strong>Non</strong></span> <span class='ocrx_word' id='word_1_840' title='bbox 2164 4437 2351 4493; x_wconf 83' lang='lat' dir='ltr'><strong>magna</strong></span> <span class='ocrx_word' id='word_1_841' title='bbox 2382 4438 2411 4475; x_wconf 90' lang='lat' dir='ltr'><strong>a</strong></span> <span class='ocrx_word' id='word_1_842' title='bbox 2440 4438 2526 4477; x_wconf 90' lang='lat' dir='ltr'><strong>me</strong></span> <span class='ocrx_word' id='word_1_843' title='bbox 2555 4422 2781 4477; x_wconf 89' lang='lat' dir='ltr'><strong>habetur</strong></span> <span class='ocrx_word' id='word_1_844' title='bbox 2804 4426 2940 4479; x_wconf 90' lang='lat' dir='ltr'><strong>ratio</strong></span> <span class='ocrx_word' id='word_1_845' title='bbox 2960 4424 3343 4479; x_wconf 84' lang='lat' dir='ltr'><strong>charismatum</strong></span> 
     </span>
    </p>
   </div>
   <div class='ocr_carea' id='block_1_108' title="bbox 1756 4513 3342 4579">
    <p class='ocr_par' dir='ltr' id='par_1_108' title="bbox 1756 4513 3342 4579">
     <span class='ocr_line' id='line_1_108' title="bbox 1756 4513 3342 4579; baseline 0 -10"><span class='ocrx_word' id='word_1_846' title='bbox 1756 4514 2071 4569; x_wconf 60' lang='lat' dir='ltr'><strong>differentias</strong></span> <span class='ocrx_word' id='word_1_847' title='bbox 2098 4531 2110 4567; x_wconf 91' lang='lat'><strong>:</strong></span> <span class='ocrx_word' id='word_1_848' title='bbox 2141 4529 2305 4568; x_wconf 92' lang='lat' dir='ltr'><strong>unum</strong></span> <span class='ocrx_word' id='word_1_849' title='bbox 2340 4522 2426 4569; x_wconf 80' lang='lat' dir='ltr'><strong>est</strong></span> <span class='ocrx_word' id='word_1_850' title='bbox 2466 4513 2597 4567; x_wconf 88' lang='lat' dir='ltr'><strong>mihi</strong></span> <span class='ocrx_word' id='word_1_851' title='bbox 2644 4530 2809 4579; x_wconf 64' lang='lat' dir='ltr'><strong>curae,</strong></span> <span class='ocrx_word' id='word_1_852' title='bbox 2853 4524 2907 4571; x_wconf 91' lang='lat' dir='ltr'><strong>et</strong></span> <span class='ocrx_word' id='word_1_853' title='bbox 2950 4531 3112 4569; x_wconf 88' lang='lat' dir='ltr'><strong>unum</strong></span> <span class='ocrx_word' id='word_1_854' title='bbox 3154 4525 3241 4569; x_wconf 89' lang='lat' dir='ltr'><strong>est</strong></span> <span class='ocrx_word' id='word_1_855' title='bbox 3290 4517 3342 4569; x_wconf 82' lang='lat' dir='ltr'><strong>in</strong></span> 
     </span>
    </p>
   </div>
   <div class='ocr_carea' id='block_1_109' title="bbox 1756 4606 3345 4677">
    <p class='ocr_par' dir='ltr' id='par_1_109' title="bbox 1756 4606 3345 4677">
     <span class='ocr_line' id='line_1_109' title="bbox 1756 4606 3345 4677; baseline 0.001 -15"><span class='ocrx_word' id='word_1_856' title='bbox 1756 4608 1898 4677; x_wconf 83' lang='lat' dir='ltr'><strong>quod</strong></span> <span class='ocrx_word' id='word_1_857' title='bbox 1928 4622 2104 4662; x_wconf 82' lang='lat' dir='ltr'><strong>meum</strong></span> <span class='ocrx_word' id='word_1_858' title='bbox 2140 4622 2281 4677; x_wconf 90' lang='lat' dir='ltr'><strong>pono</strong></span> <span class='ocrx_word' id='word_1_859' title='bbox 2304 4606 2560 4669; x_wconf 85' lang='lat' dir='ltr'><strong>studium.</strong></span> <span class='ocrx_word' id='word_1_860' title='bbox 2595 4623 2788 4677; x_wconf 91' lang='lat' dir='ltr'><strong>nempe</strong></span> <span class='ocrx_word' id='word_1_861' title='bbox 2818 4618 2874 4663; x_wconf 90' lang='lat' dir='ltr'><strong>ut</strong></span> <span class='ocrx_word' id='word_1_862' title='bbox 2913 4611 3089 4663; x_wconf 90' lang='lat' dir='ltr'><strong>omnia</strong></span> <span class='ocrx_word' id='word_1_863' title='bbox 3120 4608 3250 4663; x_wconf 84' lang='lat' dir='ltr'><strong>fiant</strong></span> <span class='ocrx_word' id='word_1_864' title='bbox 3276 4609 3345 4664; x_wconf 81' lang='lat' dir='ltr'><strong>ad</strong></span> 
     </span>
    </p>
   </div>
   <div class='ocr_carea' id='block_1_110' title="bbox 1757 4699 3343 4771">
    <p class='ocr_par' dir='ltr' id='par_1_110' title="bbox 1757 4699 3343 4771">
     <span class='ocr_line' id='line_1_110' title="bbox 1757 4699 3343 4771; baseline 0 -16"><span class='ocrx_word' id='word_1_865' title='bbox 1757 4700 2186 4755; x_wconf 68' lang='lat' dir='ltr'><strong>aedificationem.</strong></span> <span class='ocrx_word' id='word_1_866' title='bbox 2220 4699 2293 4754; x_wconf 86' lang='lat' dir='ltr'><strong>Ita</strong></span> <span class='ocrx_word' id='word_1_867' title='bbox 2332 4700 2494 4755; x_wconf 85' lang='lat' dir='ltr'><strong>etiam</strong></span> <span class='ocrx_word' id='word_1_868' title='bbox 2528 4702 2615 4771; x_wconf 90' lang='lat' dir='ltr'><strong>qui</strong></span> <span class='ocrx_word' id='word_1_869' title='bbox 2662 4716 2880 4770; x_wconf 79' lang='lat' dir='ltr'><strong>parvum</strong></span> <span class='ocrx_word' id='word_1_870' title='bbox 2928 4699 3090 4755; x_wconf 87' lang='lat' dir='ltr'><strong>habet</strong></span> <span class='ocrx_word' id='word_1_871' title='bbox 3118 4701 3343 4767; x_wconf 91' lang='lat' dir='ltr'><strong>donum,</strong></span> 
     </span>
    </p>
   </div>
   <div class='ocr_carea' id='block_1_111' title="bbox 1754 4794 3343 4865">
    <p class='ocr_par' dir='ltr' id='par_1_111' title="bbox 1754 4794 3343 4865">
     <span class='ocr_line' id='line_1_111' title="bbox 1754 4794 3343 4865; baseline 0.002 -17"><span class='ocrx_word' id='word_1_872' title='bbox 1754 4809 1880 4849; x_wconf 87' lang='lat' dir='ltr'><strong>eum</strong></span> <span class='ocrx_word' id='word_1_873' title='bbox 1907 4794 1996 4865; x_wconf 86' lang='lat' dir='ltr'><strong>qui</strong></span> <span class='ocrx_word' id='word_1_874' title='bbox 2026 4809 2276 4865; x_wconf 83' lang='lat' dir='ltr'><strong>magnum</strong></span> <span class='ocrx_word' id='word_1_875' title='bbox 2318 4794 2474 4850; x_wconf 86' lang='lat' dir='ltr'><strong>habet</strong></span> <span class='ocrx_word' id='word_1_876' title='bbox 2499 4795 2773 4865; x_wconf 86' lang='lat' dir='ltr'><strong>superabit</strong></span> <span class='ocrx_word' id='word_1_877' title='bbox 2798 4810 2861 4849; x_wconf 89' lang='lat' dir='ltr'><strong>ac</strong></span> <span class='ocrx_word' id='word_1_878' title='bbox 2900 4795 3343 4865; x_wconf 61' lang='lat' dir='ltr'><strong>praetervehetur,</strong></span> 
     </span>
    </p>
   </div>
   <div class='ocr_carea' id='block_1_112' title="bbox 1759 4887 3345 4959">
    <p class='ocr_par' dir='ltr' id='par_1_112' title="bbox 1759 4887 3345 4959">
     <span class='ocr_line' id='line_1_112' title="bbox 1759 4887 3345 4959; baseline 0.001 -17"><span class='ocrx_word' id='word_1_879' title='bbox 1759 4888 1802 4942; x_wconf 87' lang='lat' dir='ltr'><strong>si</strong></span> <span class='ocrx_word' id='word_1_880' title='bbox 1830 4888 1935 4943; x_wconf 84' lang='lat' dir='ltr'><strong>hoc</strong></span> <span class='ocrx_word' id='word_1_881' title='bbox 1960 4887 2117 4942; x_wconf 88' lang='lat' dir='ltr'><strong>adsit.</strong></span> <span class='ocrx_word' id='word_1_882' title='bbox 2149 4888 2436 4957; x_wconf 84' lang='lat' dir='ltr'><strong>Pr0pterea</strong></span> <span class='ocrx_word' id='word_1_883' title='bbox 2458 4889 2600 4943; x_wconf 90' lang='lat' dir='ltr'><strong>enim</strong></span> <span class='ocrx_word' id='word_1_884' title='bbox 2630 4896 2753 4942; x_wconf 83' lang='lat' dir='ltr'><strong>sunt</strong></span> <span class='ocrx_word' id='word_1_885' title='bbox 2777 4887 2937 4953; x_wconf 88' lang='lat' dir='ltr'><strong>dona,</strong></span> <span class='ocrx_word' id='word_1_886' title='bbox 2972 4898 3025 4942; x_wconf 93' lang='lat' dir='ltr'><strong>ut</strong></span> <span class='ocrx_word' id='word_1_887' title='bbox 3059 4890 3345 4959; x_wconf 88' lang='lat' dir='ltr'><strong>unusquis-</strong></span> 
     </span>
    </p>
   </div>
   <div class='ocr_carea' id='block_1_113' title="bbox 1758 4978 3347 5049">
    <p class='ocr_par' dir='ltr' id='par_1_113' title="bbox 1758 4978 3347 5049">
     <span class='ocr_line' id='line_1_113' title="bbox 1758 4978 3347 5049; baseline 0.001 -14"><span class='ocrx_word' id='word_1_888' title='bbox 1758 4996 1862 5049; x_wconf 84' lang='lat' dir='ltr'><strong>que</strong></span> <span class='ocrx_word' id='word_1_889' title='bbox 1890 4979 2204 5035; x_wconf 73' lang='lat' dir='ltr'><strong>mdificetur.</strong></span> <span class='ocrx_word' id='word_1_890' title='bbox 2234 4978 2289 5034; x_wconf 87' lang='lat' dir='ltr'><strong>Si</strong></span> <span class='ocrx_word' id='word_1_891' title='bbox 2321 4980 2421 5034; x_wconf 92' lang='lat' dir='ltr'><strong>hoc</strong></span> <span class='ocrx_word' id='word_1_892' title='bbox 2450 4981 2592 5033; x_wconf 89' lang='lat' dir='ltr'><strong>enim</strong></span> <span class='ocrx_word' id='word_1_893' title='bbox 2630 4994 2735 5034; x_wconf 89' lang='lat' dir='ltr'><strong>non</strong></span> <span class='ocrx_word' id='word_1_894' title='bbox 2782 4978 2975 5033; x_wconf 86' lang='lat' dir='ltr'><strong>factum</strong></span> <span class='ocrx_word' id='word_1_895' title='bbox 3019 4978 3196 5047; x_wconf 89' lang='lat' dir='ltr'><strong>fuerit,</strong></span> <span class='ocrx_word' id='word_1_896' title='bbox 3242 4982 3347 5036; x_wconf 87' lang='lat' dir='ltr'><strong>erit</strong></span> 
     </span>
    </p>
   </div>
   <div class='ocr_carea' id='block_1_114' title="bbox 1758 5072 3339 5142">
    <p class='ocr_par' dir='ltr' id='par_1_114' title="bbox 1758 5072 3339 5142">
     <span class='ocr_line' id='line_1_114' title="bbox 1758 5072 3339 5142; baseline 0.003 -16"><span class='ocrx_word' id='word_1_897' title='bbox 1758 5074 1955 5126; x_wconf 88' lang='lat' dir='ltr'><strong>donum</strong></span> <span class='ocrx_word' id='word_1_898' title='bbox 1977 5073 2024 5127; x_wconf 91' lang='lat' dir='ltr'><strong>ei</strong></span> <span class='ocrx_word' id='word_1_899' title='bbox 2043 5072 2129 5141; x_wconf 90' lang='lat' dir='ltr'><strong>qui</strong></span> <span class='ocrx_word' id='word_1_900' title='bbox 2149 5072 2367 5142; x_wconf 84' lang='lat' dir='ltr'><strong>accepit,</strong></span> <span class='ocrx_word' id='word_1_901' title='bbox 2388 5073 2454 5126; x_wconf 91' lang='lat' dir='ltr'><strong>ad</strong></span> <span class='ocrx_word' id='word_1_902' title='bbox 2472 5072 2989 5127; x_wconf 88' lang='lat' dir='ltr'><strong>condemnationem.</strong></span> <span class='ocrx_word' id='word_1_903' title='bbox 3013 5072 3148 5140; x_wconf 88' lang='lat' dir='ltr'><strong>Quid</strong></span> <span class='ocrx_word' id='word_1_904' title='bbox 3171 5074 3339 5142; x_wconf 85' lang='lat' dir='ltr'><strong>enim,</strong></span> 
     </span>
    </p>
   </div>
   <div class='ocr_carea' id='block_1_115' title="bbox 1754 5162 3342 5233">
    <p class='ocr_par' dir='ltr' id='par_1_115' title="bbox 1754 5162 3342 5233">
     <span class='ocr_line' id='line_1_115' title="bbox 1754 5162 3342 5233; baseline 0.002 -15"><span class='ocrx_word' id='word_1_905' title='bbox 1754 5163 1846 5219; x_wconf 85' lang='lat' dir='ltr'><strong>dic</strong></span> <span class='ocrx_word' id='word_1_906' title='bbox 1866 5162 2016 5230; x_wconf 82' lang='lat' dir='ltr'><strong>mihi,</strong></span> <span class='ocrx_word' id='word_1_907' title='bbox 2051 5163 2268 5233; x_wconf 88' lang='lat' dir='ltr'><strong>prodest</strong></span> <span class='ocrx_word' id='word_1_908' title='bbox 2296 5162 2660 5233; x_wconf 83' lang='lat' dir='ltr'><strong>prephetare?</strong></span> <span class='ocrx_word' id='word_1_909' title='bbox 2687 5163 2813 5233; x_wconf 92' lang='lat' dir='ltr'><strong>quid</strong></span> <span class='ocrx_word' id='word_1_910' title='bbox 2839 5178 2968 5218; x_wconf 85' lang='lat' dir='ltr'><strong>vero</strong></span> <span class='ocrx_word' id='word_1_911' title='bbox 2988 5175 3230 5221; x_wconf 86' lang='lat' dir='ltr'><strong>mortuos</strong></span> <span class='ocrx_word' id='word_1_912' title='bbox 3248 5181 3342 5223; x_wconf 84' lang='lat' dir='ltr'><strong>ex-</strong></span> 
     </span>
    </p>
   </div>
   <div class='ocr_carea' id='block_1_116' title="bbox 1754 5256 3345 5331">
    <p class='ocr_par' dir='ltr' id='par_1_116' title="bbox 1754 5256 3345 5331">
     <span class='ocr_line' id='line_1_116' title="bbox 1754 5256 3345 5331; baseline 0.003 -19"><span class='ocrx_word' id='word_1_913' title='bbox 1754 5258 1946 5322; x_wconf 86' lang='lat' dir='ltr'><strong>citare,</strong></span> <span class='ocrx_word' id='word_1_914' title='bbox 1988 5271 2108 5311; x_wconf 89' lang='lat' dir='ltr'><strong>cum</strong></span> <span class='ocrx_word' id='word_1_915' title='bbox 2153 5256 2331 5310; x_wconf 90' lang='lat' dir='ltr'><strong>nullus</strong></span> <span class='ocrx_word' id='word_1_916' title='bbox 2359 5257 2430 5311; x_wconf 92' lang='lat' dir='ltr'><strong>sit</strong></span> <span class='ocrx_word' id='word_1_917' title='bbox 2456 5256 2545 5326; x_wconf 90' lang='lat' dir='ltr'><strong>qui</strong></span> <span class='ocrx_word' id='word_1_918' title='bbox 2573 5256 2842 5312; x_wconf 80' lang='lat' dir='ltr'><strong>lucretur?</strong></span> <span class='ocrx_word' id='word_1_919' title='bbox 2872 5258 2927 5313; x_wconf 90' lang='lat' dir='ltr'><strong>Si</strong></span> <span class='ocrx_word' id='word_1_920' title='bbox 2958 5258 3042 5314; x_wconf 90' lang='lat' dir='ltr'><strong>hic</strong></span> <span class='ocrx_word' id='word_1_921' title='bbox 3069 5271 3151 5317; x_wconf 88' lang='lat' dir='ltr'><strong>est</strong></span> <span class='ocrx_word' id='word_1_922' title='bbox 3183 5277 3345 5331; x_wconf 89' lang='lat' dir='ltr'><strong>porro</strong></span> 
     </span>
    </p>
   </div>
   <div class='ocr_carea' id='block_1_117' title="bbox 1759 5348 3340 5413">
    <p class='ocr_par' dir='ltr' id='par_1_117' title="bbox 1759 5348 3340 5413">
     <span class='ocr_line' id='line_1_117' title="bbox 1759 5348 3340 5413; baseline 0.002 -9"><span class='ocrx_word' id='word_1_923' title='bbox 1759 5349 2021 5404; x_wconf 88' lang='lat' dir='ltr'><strong>donorum</strong></span> <span class='ocrx_word' id='word_1_924' title='bbox 2051 5348 2192 5413; x_wconf 88' lang='lat' dir='ltr'><strong>finis,</strong></span> <span class='ocrx_word' id='word_1_925' title='bbox 2225 5348 2350 5403; x_wconf 90' lang='lat' dir='ltr'><strong>licet</strong></span> <span class='ocrx_word' id='word_1_926' title='bbox 2375 5357 2550 5404; x_wconf 88' lang='lat' dir='ltr'><strong>autem</strong></span> <span class='ocrx_word' id='word_1_927' title='bbox 2577 5350 2737 5404; x_wconf 86' lang='lat' dir='ltr'><strong>etiam</strong></span> <span class='ocrx_word' id='word_1_928' title='bbox 2768 5349 2873 5405; x_wconf 89' lang='lat' dir='ltr'><strong>alio</strong></span> <span class='ocrx_word' id='word_1_929' title='bbox 2892 5350 3053 5405; x_wconf 89' lang='lat' dir='ltr'><strong>modo</strong></span> <span class='ocrx_word' id='word_1_930' title='bbox 3082 5352 3182 5407; x_wconf 91' lang='lat' dir='ltr'><strong>hoe</strong></span> <span class='ocrx_word' id='word_1_931' title='bbox 3204 5368 3340 5407; x_wconf 85' lang='lat' dir='ltr'><strong>con-</strong></span> 
     </span>
    </p>
   </div>
   <div class='ocr_carea' id='block_1_118' title="bbox 1758 5441 3343 5513">
    <p class='ocr_par' dir='ltr' id='par_1_118' title="bbox 1758 5441 3343 5513">
     <span class='ocr_line' id='line_1_118' title="bbox 1758 5441 3343 5513; baseline 0.001 -14"><span class='ocrx_word' id='word_1_932' title='bbox 1758 5444 1921 5499; x_wconf 87' lang='lat' dir='ltr'><strong>ficere</strong></span> <span class='ocrx_word' id='word_1_933' title='bbox 1944 5443 2144 5513; x_wconf 83' lang='lat' dir='ltr'><strong>absque</strong></span> <span class='ocrx_word' id='word_1_934' title='bbox 2179 5441 2354 5508; x_wconf 88' lang='lat' dir='ltr'><strong>donis,</strong></span> <span class='ocrx_word' id='word_1_935' title='bbox 2386 5458 2452 5497; x_wconf 88' lang='lat' dir='ltr'><strong>ne</strong></span> <span class='ocrx_word' id='word_1_936' title='bbox 2481 5451 2699 5513; x_wconf 88' lang='lat' dir='ltr'><strong>propter</strong></span> <span class='ocrx_word' id='word_1_937' title='bbox 2728 5443 2874 5511; x_wconf 80' lang='lat' dir='ltr'><strong>signa</strong></span> <span class='ocrx_word' id='word_1_938' title='bbox 2907 5443 3147 5499; x_wconf 85' lang='lat' dir='ltr'><strong>etl&#39;eraris</strong></span> <span class='ocrx_word' id='word_1_939' title='bbox 3176 5456 3232 5500; x_wconf 89' lang='lat' dir='ltr'><strong>et</strong></span> <span class='ocrx_word' id='word_1_940' title='bbox 3257 5446 3343 5500; x_wconf 88' lang='lat' dir='ltr'><strong>iu-</strong></span> 
     </span>
    </p>
   </div>
   <div class='ocr_carea' id='block_1_119' title="bbox 1757 5536 3344 5608">
    <p class='ocr_par' dir='ltr' id='par_1_119' title="bbox 1757 5536 3344 5608">
     <span class='ocr_line' id='line_1_119' title="bbox 1757 5536 3344 5608; baseline -0.001 -14"><span class='ocrx_word' id='word_1_941' title='bbox 1757 5538 2017 5603; x_wconf 86' lang='lat' dir='ltr'><strong>solescas,</strong></span> <span class='ocrx_word' id='word_1_942' title='bbox 2059 5552 2232 5608; x_wconf 87' lang='lat' dir='ltr'><strong>neque</strong></span> <span class='ocrx_word' id='word_1_943' title='bbox 2261 5546 2312 5592; x_wconf 88' lang='lat' dir='ltr'><strong>te</strong></span> <span class='ocrx_word' id='word_1_944' title='bbox 2339 5536 2591 5592; x_wconf 85' lang='lat' dir='ltr'><strong>miserum</strong></span> <span class='ocrx_word' id='word_1_945' title='bbox 2619 5552 2739 5593; x_wconf 87' lang='lat' dir='ltr'><strong>esse</strong></span> <span class='ocrx_word' id='word_1_946' title='bbox 2782 5539 3076 5604; x_wconf 80' lang='lat' dir='ltr'><strong>existimes,</strong></span> <span class='ocrx_word' id='word_1_947' title='bbox 3105 5538 3244 5607; x_wconf 87' lang='lat' dir='ltr'><strong>quod</strong></span> <span class='ocrx_word' id='word_1_948' title='bbox 3265 5538 3344 5594; x_wconf 88' lang='lat' dir='ltr'><strong>sis</strong></span> 
     </span>
    </p>
   </div>
   <div class='ocr_carea' id='block_1_120' title="bbox 1761 5629 3341 5701">
    <p class='ocr_par' dir='ltr' id='par_1_120' title="bbox 1761 5629 3341 5701">
     <span class='ocr_line' id='line_1_120' title="bbox 1761 5629 3341 5701; baseline -0.004 -12"><span class='ocrx_word' id='word_1_949' title='bbox 1761 5629 2171 5689; x_wconf 87' lang='lat' dir='ltr'><strong>charismatibus</strong></span> <span class='ocrx_word' id='word_1_950' title='bbox 2198 5631 2454 5700; x_wconf 84' lang='lat' dir='ltr'><strong>privatus.</strong></span> <span class='ocrx_word' id='word_1_951' title='bbox 2486 5630 2574 5684; x_wconf 79' lang='lat'><strong>‘27.</strong></span> <span class='ocrx_word' id='word_1_952' title='bbox 2609 5630 2729 5685; x_wconf 83' lang='lat' dir='ltr'><strong>Sive</strong></span> <span class='ocrx_word' id='word_1_953' title='bbox 2755 5630 2930 5701; x_wconf 84' lang='lat' dir='ltr'><strong>lingua</strong></span> <span class='ocrx_word' id='word_1_954' title='bbox 2954 5631 3066 5700; x_wconf 84' lang='lat' dir='ltr'><strong>quis</strong></span> <span class='ocrx_word' id='word_1_955' title='bbox 3100 5631 3341 5701; x_wconf 76' lang='lat' dir='ltr'><strong>loquitur,</strong></span> 
     </span>
    </p>
   </div>
   <div class='ocr_carea' id='block_1_121' title="bbox 1766 5720 3344 5792">
    <p class='ocr_par' dir='ltr' id='par_1_121' title="bbox 1766 5720 3344 5792">
     <span class='ocr_line' id='line_1_121' title="bbox 1766 5720 3344 5792; baseline -0.003 -12"><span class='ocrx_word' id='word_1_956' title='bbox 1766 5722 2037 5780; x_wconf 76' lang='lat' dir='ltr'><strong>secundum</strong></span> <span class='ocrx_word' id='word_1_957' title='bbox 2066 5720 2196 5777; x_wconf 83' lang='lat' dir='ltr'><strong>duos</strong></span> <span class='ocrx_word' id='word_1_958' title='bbox 2222 5761 2236 5789; x_wconf 94' lang='lat'><strong>,</strong></span> <span class='ocrx_word' id='word_1_959' title='bbox 2272 5732 2365 5776; x_wconf 79' lang='lat' dir='ltr'><strong>aut</strong></span> <span class='ocrx_word' id='word_1_960' title='bbox 2403 5731 2456 5777; x_wconf 88' lang='lat' dir='ltr'><strong>ut</strong></span> <span class='ocrx_word' id='word_1_961' title='bbox 2487 5722 2699 5778; x_wconf 85' lang='lat' dir='ltr'><strong>multum</strong></span> <span class='ocrx_word' id='word_1_962' title='bbox 2739 5731 2838 5777; x_wconf 84' lang='lat' dir='ltr'><strong>tres</strong></span> <span class='ocrx_word' id='word_1_963' title='bbox 2874 5730 2921 5775; x_wconf 84' lang='lat' dir='ltr'><strong>et</strong></span> <span class='ocrx_word' id='word_1_964' title='bbox 2962 5738 3051 5787; x_wconf 81' lang='lat' dir='ltr'><strong>per</strong></span> <span class='ocrx_word' id='word_1_965' title='bbox 3079 5731 3267 5792; x_wconf 80' lang='lat' dir='ltr'><strong>partes,</strong></span> <span class='ocrx_word' id='word_1_966' title='bbox 3297 5730 3344 5777; x_wconf 88' lang='lat' dir='ltr'><strong>et</strong></span> 
     </span>
    </p>
   </div>
   <div class='ocr_carea' id='block_1_122' title="bbox 2916 5819 2993 5877">
    <p class='ocr_par' dir='ltr' id='par_1_122' title="bbox 2916 5819 2993 5877">
     <span class='ocr_line' id='line_1_122' title="bbox 2916 5819 2993 5877; baseline 0 0"><span class='ocrx_word' id='word_1_967' title='bbox 2916 5819 2993 5877; x_wconf 77' lang='lat'><strong>20</strong></span> 
     </span>
    </p>
   </div>
  </div>
