3802 6318
486 256 582 312 5⁸1

485 389 618 424 unus
646 372 1018 436 interpretetur.
1058 366 1151 421 28.
1181 363 1242 419 Si
1263 372 1430 416 autent
1467 378 1568 414 non
1594 360 1742 428 fuerit
1776 359 2017 423 interpres
2040 393 2055 414 ,

486 472 650 517 taceat
675 464 727 516 iu
751 460 980 521 ecclesia,
1007 460 1099 513 sibi
1122 468 1286 509 autent
1313 456 1547 525 loquatur
1567 463 1611 507 et
1650 451 1776 505 Deo.
1818 449 1951 515 Quid
1978 445 2063 499 di-

484 554 584 618 cis,
614 550 839 622 quasso?
864 566 984 605 cum
1012 548 1079 602 de
1117 547 1310 617 linguis
1337 556 1441 600 tam
1487 545 1649 599 multa
1680 541 1901 604 dixeris,
1924 535 2061 606 quod

485 643 539 699 id
566 644 635 697 sit
660 643 864 706 inutile,
888 639 1026 708 quod
1050 652 1520 709 supervacaneum,
1546 637 1648 689 nisi
1674 634 1863 687 habeat
1892 631 2061 683 inter-

486 744 715 804 pretem,
748 748 929 788 rursus
970 732 1124 798 jubes
1164 730 1308 801 loqui
1341 727 1575 798 linguis?
1606 727 1719 780 Non
1758 724 1941 792 jubeo,
1984 722 2066 772 in-

488 827 623 895 quit,
657 824 748 879 sed
781 839 878 878 nec
918 822 1178 892 prohibeo
1206 839 1219 881 ;
1252 833 1308 874 ut
1341 820 1554 889 quando
1579 818 1725 877 dicit,
1763 816 1821 869 Si
1846 815 1956 883 quis
1979 828 2065 865 eos

489 927 627 971 vocat
653 916 954 983 inﬁdelium,
982 924 1027 968 et
1054 915 1204 967 vultis
1228 914 1300 965 ire
1320 914 1394 981 (l.
1418 911 1535 965 Cor.
1565 910 1651 963 10.
1680 906 1794 974 27),
1829 921 1932 959 non
1966 903 2067 957 hoc

487 1009 616 1062 dicit
646 1008 815 1077 legem
848 1006 1025 1060 ferens
1048 1014 1104 1057 ut
1132 1020 1243 1069 eas,
1276 1002 1368 1057 sed
1396 1017 1567 1071 neque
1590 999 1852 1057 retinens;
1888 997 1955 1049 ita
1978 994 2065 1048 hic

487 1099 673 1164 etiam,
704 1097 815 1153 Sibi
843 1107 1007 1151 autem
1039 1098 1274 1165 loquntur
1301 1104 1347 1146 et
1380 1093 1508 1146 Deo.
1542 1091 1595 1147 Si
1628 1107 1730 1145 non
1764 1096 1953 1158 potest.
1984 1088 2064 1140 in-

486 1190 619 1258 quit,
654 1198 852 1252 tacere,
877 1187 970 1243 sed
997 1197 1077 1240 est
1097 1187 1230 1239 adeo
1253 1184 1469 1238 honoris
1496 1193 1548 1237 et
1572 1181 1743 1235 inanis
1772 1178 1953 1249 gloriae
1973 1193 2066 1230 cu-

488 1282 665 1351 pidus,
702 1279 843 1350 apud
889 1295 948 1332 se
988 1278 1251 1348 loquatur.
1288 1276 1462 1340 Quare
1502 1274 1601 1327 hoc
1649 1274 1763 1341 ipso
1802 1271 1942 1340 quod
1987 1271 2065 1324 sic

486 1374 750 1444 permisit.
783 1372 1068 1442 prohibuit,
1105 1382 1161 1424 ut
1185 1370 1273 1438 qui
1297 1368 1497 1437 pudore
1523 1367 1781 1422 all'ecerit.

559 1466 614 1519 4.
642 1464 795 1533 Quod
809 1464 969 1519 etiam
1001 1460 1131 1517 facit
1151 1462 1273 1516 alibi
1300 1460 1571 1515 disserens
1596 1460 1660 1514 de
1680 1457 2063 1514 consuetudine

488 1571 609 1612 cum
641 1571 826 1622 uxore,
858 1565 912 1609 et
938 1554 1123 1609 dicens
1152 1571 1164 1607 :
1200 1553 1311 1607 Hoc
1336 1563 1501 1606 autem
1531 1552 1642 1604 dico
1662 1559 1863 1621 propter
1890 1551 2065 1604 incon-

491 1647 750 1701 tinentiam
771 1656 983 1699 vestram
1009 1644 1083 1716 (l.
1113 1644 1230 1699 Cor.
1263 1644 1336 1712 7).
1368 1642 1471 1698 Sed
1500 1642 1713 1709 quando
1738 1641 1804 1696 de
1829 1642 2061 1710 prophe-

486 1743 559 1795 tia
602 1739 938 1808 loquebatur,
970 1752 1073 1791 non
1104 1738 1182 1789 sic
1212 1734 1342 1789 dixit
1369 1752 1383 1800 ;
1429 1732 1524 1788 sed
1551 1732 1862 1802 quomodo?
1888 1732 2063 1802 Impe-

487 1832 655 1887 rando
683 1839 735 1885 et
760 1830 929 1898 legem
960 1826 1179 1883 ferendo
1209 1844 1221 1879 :
1253 1824 1520 1890 Propheta:
1545 1834 1712 1878 autem
1736 1824 1835 1877 duo
1862 1834 1948 1878 ant
1965 1833 2062 1878 tres

486 1923 778 1991 loquantur.
811 1920 879 1973 Et
904 1933 1161 1987 nusquam
1188 1917 1274 1969 hic
1290 1916 1476 1984 quierit
1503 1916 1865 1985 interpretem,
1891 1930 2063 1985 neque

485 2028 549 2067 os
572 2011 803 2067 obstruit
832 2008 1189 2080 prophetanti,
1218 2008 1356 2062 sicut
1377 2007 1503 2071 illic,
1533 2007 1715 2062 dicens
1742 2026 1755 2061 :
1785 2008 1845 2061 Si
1875 2025 1973 2061 non
1999 2011 2062 2061 sit

485 2104 754 2171 interpres,
791 2110 971 2154 taceat.
1022 2099 1202 2169 Neque
1242 2099 1383 2153 enim
1423 2098 1617 2153 sufﬁcit
1663 2099 1709 2153 is
1750 2099 1838 2168 qui
1886 2098 2061 2167 lingua

485 2196 738 2259 loquitur.
773 2193 1128 2259 Quamobrem
1178 2192 1223 2246 si
1266 2192 1387 2261 quis
1415 2190 1606 2246 habeat
1649 2200 1930 2260 utrumque
1964 2190 2063 2245 do-

485 2301 642 2349 num,
673 2286 952 2351 loquatur;
982 2285 1025 2338 si
1054 2292 1229 2337 autem
1257 2299 1361 2336 non
1385 2283 1610 2346 habeat,
1640 2283 1753 2336 vult
1779 2294 1956 2335 autem
1980 2281 2061 2336 lo-

484 2378 595 2446 qui,
625 2392 742 2430 cum
790 2376 1084 2444 interprete
1125 2373 1225 2428 hoc
1270 2374 1443 2427 faciat.
1494 2373 1759 2443 Propheta
1801 2374 1945 2427 enim
1982 2381 2064 2427 est

483 2468 769 2535 interpres,
803 2467 895 2520 sed
937 2466 1049 2532 Dei,
1083 2474 1136 2519 tu
1167 2475 1343 2518 autem
1384 2465 1633 2518 hominis.
1684 2464 1744 2519 Si
1768 2474 1931 2517 autent
1962 2481 2062 2517 non

426 2598 429 2607 .
483 2560 546 2612 sit
592 2558 856 2626 interpres,
906 2565 1087 2610 taceat.
1136 2554 1274 2608 Nihil
1317 2555 1459 2608 enim
1504 2568 1898 2622 supervacanee
1947 2554 2061 2607 lieri

482 2658 716 2717 oportet,
765 2646 892 2700 nihil
940 2646 1006 2700 ad
1042 2646 1385 2701 ambitionem
1438 2655 1492 2699 et
1540 2644 1759 2700 honoris
1806 2645 2061 2700 studium.

482 2741 593 2794 Sibi
615 2750 779 2793 autem
801 2741 1042 2810 loquatur
1070 2749 1116 2793 et
1139 2738 1280 2804 Deo,-
1309 2739 1408 2793 hoc
1435 2747 1537 2804 est,
1562 2738 1613 2792 in
1638 2747 1835 2804 mente,
1861 2748 1914 2793 et
1940 2753 2063 2793 sen-

481 2832 581 2884 sim
610 2840 662 2885 et
683 2834 881 2900 absque
906 2831 1151 2899 strepitu,
1182 2830 1225 2883 si
1256 2830 1403 2884 velit.
1442 2828 1556 2883 Non
1582 2840 1664 2883 est
1693 2830 1831 2884 enim
1860 2828 1960 2884 hoc
1982 2829 2062 2884 le-

480 2941 599 2994 gem
643 2924 882 2987 ferentis,
930 2922 1022 2977 sed
1072 2922 1207 2976 forte
1248 2922 1422 2990 potius
1461 2920 1717 2991 pudorem
1757 2922 2063 2977 incutientis

480 3031 577 3089 per
602 3016 1024 3081 concessionem,
1055 3015 1193 3069 sicut
1233 3015 1445 3083 quando
1473 3014 1622 3080 dicit,
1670 3014 1730 3069 Si
1758 3016 1869 3080 quis
1897 3025 2063 3069 autent

479 3111 655 3174 esurit,
688 3110 822 3163 danti
836 3109 1061 3163 comedat
1080 3108 1097 3179 (
1108 3109 1156 3163 l.
1187 3106 1306 3163 Cor.
1335 3109 1423 3163 il.
1455 3108 1546 3179 δι)
1569 3125 1582 3171 ;
1609 3116 1799 3163 etcum
1823 3108 2064 3163 videatur

480 3204 798 3269 concedere,
842 3218 908 3255 eo
952 3203 1066 3271 ipso
1110 3201 1258 3255 illum
1306 3202 1472 3270 tangit
1514 3201 1711 3255 acrius.
1761 3200 1876 3255 Non
1918 3200 2060 3255 enim

481 3298 623 3361 ideo,
668 3296 856 3364 inquit,
888 3294 1205 3354 convenitis.
1248 3301 1306 3346 ut
1343 3307 1437 3346 vos
1468 3292 1606 3346 dona
1652 3292 1851 3347 habere
1879 3302 2063 3347 osten-

482 3387 640 3449 datis,
672 3385 765 3439 sed
796 3394 852 3437 ut
878 3400 971 3436 eos
1009 3385 1096 3453 qui
1134 3382 1356 3436 audiunt
1388 3382 1699 3437 :cdilicetis:
1730 3383 1870 3452 quod
1899 3384 2060 3438 etiam

482 3479 616 3532 dixit
644 3477 817 3541 initio,
865 3474 1048 3529 Omnia
1075 3475 1145 3528 ad
1169 3474 1561 3540 wdiﬁcationem
1608 3475 1755 3542 ﬁant.
1803 3475 1893 3528 29.
1930 3475 2064 3529 Pro-

485 3569 649 3639 pheta!
675 3578 838 3621 autem
868 3567 971 3619 duo
1011 3575 1100 3619 aut
1136 3576 1235 3618 tres
1274 3566 1463 3631 dicant,
1502 3576 1546 3619 et
1570 3568 1737 3620 cwteri
1762 3567 2059 3637 dijudicent.

482 3660 753 3728 Nusquam
800 3658 1082 3726 plurimum
1116 3656 1291 3725 pesttit
1327 3657 1462 3710 sicut
1506 3659 1555 3711 in
1590 3659 1800 3728 linguis.
1839 3660 1903 3713 Et
1936 3661 2061 3729 quid

485 3754 607 3816 hoc,
642 3751 888 3821 inquies?
917 3765 1086 3819 neque
1130 3750 1271 3804 enim
1303 3749 1653 3806 sufficientem
1686 3752 1917 3805 ostendit
1943 3768 2064 3809 esse

486 3844 843 3916 prophetiam,
875 3844 918 3897 si
947 3844 1065 3897 aliis
1094 3843 1650 3912 permittitjndicitun.
1688 3844 1796 3900 lmo
1828 3862 1957 3900 vero
1984 3857 2065 3902 est

484 3935 640 3990 valde
669 3934 980 3991 sufficiens:
1016 3949 1187 4001 neque
1233 3934 1374 3987 enim
1425 3934 1547 3988 huic
1590 3936 1727 3989 sicut
1764 3937 1839 3990 illi
1876 3952 1937 3991 os
1965 3937 2063 3993 ob-

486 4029 700 4091 struxit,
727 4038 780 4082 et
803 4028 1067 4082 silentium
1094 4027 1308 4089 indixit,
1339 4029 1380 4081 si
1411 4045 1513 4081 non
1537 4031 1602 4083 sit
1628 4032 1713 4100 qui
1744 4032 2065 4100 interprete-

486 4130 606 4182 tur;
638 4134 809 4189 neque
834 4119 971 4171 sicut
995 4118 1061 4173 de
1093 4118 1183 4172 illo
1210 4118 1364 4185 dixit,
1396 4118 1457 4173 Si
1482 4137 1579 4173 non
1610 4122 1670 4174 sit
1694 4123 1955 4193 interpres,
1983 4134 2064 4177 ta-

486 4219 594 4263 cent
624 4223 643 4263 :
673 4214 740 4261 ita
770 4208 837 4261 de
865 4207 964 4261 hoc
989 4224 1221 4279 quoque,
1246 4210 1301 4263 Si
1333 4226 1437 4263 non
1466 4211 1531 4264 sit
1557 4212 1644 4281 qui
1680 4210 1969 4279 discernat,
2000 4231 2066 4269 ne

488 4302 811 4373 prophetet;
853 4301 946 4357 sed
986 4302 1157 4356 solum
1200 4304 1389 4356 muniit
1430 4303 1749 4359 auditorem.
1787 4307 1897 4361 lloc
1922 4309 2064 4363 enim

488 4396 621 4449 dixit
657 4394 720 4448 ad
750 4410 844 4449 eos
880 4395 1174 4449 monendos
1204 4405 1259 4448 ut
1297 4406 1570 4459 caverent,
1606 4413 1672 4452 ne
1707 4398 1843 4452 inter
1867 4415 1959 4454 eos
1988 4401 2068 4454 in-

487 4496 733 4544 curreret
772 4496 920 4542 vates
957 4502 1019 4541 ae
1049 4488 1332 4542 divinator.
1366 4472 1497 4541 Nam
1529 4489 1689 4542 etiam
1722 4490 1772 4542 in
1805 4491 2067 4561 principio

488 4584 593 4638 hoc
615 4583 770 4651 jussit
799 4597 990 4637 cavere
1012 4622 1025 4644 ,
1058 4580 1268 4651 quando
1312 4581 1657 4637 divinationis
1693 4592 1747 4637 et
1778 4584 2068 4652 prophetia:

489 4677 668 4731 attulit
697 4675 1087 4737 dill'erentiam;
1120 4683 1175 4727 et
1199 4688 1337 4727 nunc
1368 4672 1539 4742 ipsum
1576 4673 1723 4742 jubet
1763 4674 2068 4731 discernere

491 4781 545 4824 et
576 4768 937 4831 considerare,
961 4782 1027 4821 ne
1053 4765 1176 4834 quid
1211 4767 1408 4832 irrepat
1433 4765 1772 4819 diabolicnm.
1804 4767 1891 4822 '50.
1921 4767 2069 4833 Quod

491 4861 536 4914 si
563 4861 647 4913 alii
675 4862 942 4912 revelatum
984 4860 1046 4910 sit
1076 4857 1283 4919 sedenti,
1317 4857 1456 4925 prior
1494 4866 1672 4910 taceat.
1721 4859 1808 4912 5i.
1855 4858 2070 4914 Potestis

495 4952 628 5005 enim
658 4966 827 5002 onmes
854 4967 942 5018 per
971 4949 1196 5019 singulos
1225 4948 1545 5018 prophetare,
1576 4956 1631 5001 ut
1668 4964 1837 5003 omnes
1876 4951 2071 5004 discant

496 5051 543 5096 et
563 5057 731 5094 omnes
752 5040 1092 5094 exliortentur.
1126 5039 1260 5106 Quid
1286 5049 1367 5094 est
1387 5038 1529 5109 quod
1550 5038 1747 5093 dictum
1778 5043 1900 5094 est?
1920 5042 1972 5096 Si
2000 5052 2069 5109 te,

497 5133 690 5203 inquit,
717 5132 1068 5202 prophetaute
1096 5144 1143 5187 et
1173 5122 1443 5203 loquente,
1470 5132 1687 5187 alterius
1707 5134 1925 5202 spiritus
1950 5150 2071 5190 eum

497 5226 831 5290 excitaverit,
868 5235 982 5280 tace
1010 5225 1077 5280 de
1105 5236 1322 5282 cretero.
1363 5227 1514 5296 Quod
1537 5228 1679 5283 enim
1709 5229 1842 5283 dixit
1875 5229 1941 5284 de
1968 5230 2073 5283 lin-

504 5318 642 5386 guis,
674 5316 883 5373 hochic
910 5333 1119 5389 quoque
1144 5320 1307 5386 exigit
1334 5330 1389 5373 ut
1419 5322 1506 5373 liat
1540 5320 1828 5390 sigillatim,
1865 5322 1958 5376 sed
1990 5322 2075 5377 hic

502 5408 734 5463 divinius
763 5426 775 5461 ε
806 5424 909 5463 non
960 5409 1093 5463 dixit
1127 5411 1290 5475 enim,
1321 5411 1620 5479 Sigillatim,
1650 5413 1764 5475 sed,
1809 5413 1870 5468 Si
1895 5415 1983 5467 alii
2012 5416 2075 5468 sit

500 5500 794 5554 revelatum.
827 5499 963 5569 Quid
995 5500 1135 5553 enim
1166 5500 1337 5554 adhuc
1362 5516 1496 5567 opus
1515 5512 1677 5563 esset,
1702 5520 1821 5558 cum
1850 5505 1935 5559 hic
1960 5522 2075 5559 mn-

501 5606 691 5647 veatur
738 5594 801 5647 ad
848 5593 1207 5663 prophetiam,
1251 5592 1399 5645 illum
1440 5592 1657 5649 dicere?
1699 5596 1765 5650 At
1804 5608 2077 5667 oporteret

496 5686 791 5769 utrosque?
822 5684 927 5745 Sed
952 5699 1037 5742 res
1065 5693 1204 5741 esset
1233 5685 1455 5743 absurda
1489 5697 1538 5742 et
1561 5687 1796 5744 confusa.
1830 5692 1895 5745 At
1924 5694 2072 5761 prio-

1182 241 1239 299 S.
1280 237 1557 299 JUANNIS
1592 231 2065 295 CHRYSOSTOMI
2102 228 2415 286 AllClllEP.
2454 224 2989 285 CONSTANTINOP.
3602 229 3677 283 δε

2172 349 2323 403 rem?
2348 348 2413 403 Et
2439 348 2541 403 hoc
2568 362 2779 418 quoque
2808 344 3119 401 absurdum.
3141 343 3421 413 Propterea
3444 342 3591 408 enim,
3611 346 3681 401 illo

2166 445 2396 510 dicente,
2424 446 2567 500 hunc
2605 446 2855 500 movebat
2886 443 3137 512 Spiritus,
3167 452 3220 495 ut
3244 440 3329 493 hic
3354 452 3547 509 quoque
3563 438 3681 492 dicc-

2166 550 2248 594 ret
2274 539 2489 606 aliquid.
2522 538 2723 594 Deinde
2748 536 3029 592 consolans
3048 550 3191 592 eum,
3212 533 3295 587 cui
3316 546 3377 586 os
3395 530 3487 585 fuit
3510 530 3680 584 obsun-

2166 639 2332 694 ctum,
2358 629 2486 683 dicit
2515 647 2528 681 :
2559 628 2778 682 Potestis
2797 628 2927 681 enim
2949 641 3119 680 omnes
3137 623 3391 694 sigillatim
3412 621 3676 692 prophetare,

2167 731 2220 773 ut
2246 738 2414 774 omnes
2440 722 2631 774 discant
2660 730 2707 774 et
2732 736 2901 774 omnes
2920 719 3252 772 consolentur.
3282 714 3437 769 Vides
3461 717 3681 784 quomodo

2166 827 2350 867 rursus
2374 813 2527 867 aﬁ‘ert
2566 828 2799 875 causam,
2848 820 3064 882 propter
3091 812 3247 877 quam
3280 807 3403 862 facit
3428 808 3615 862 omnia?
3638 809 3679 862 Si

2167 906 2307 958 enim
2335 921 2478 970 eum,
2508 906 2596 974 qui
2629 906 2822 975 linguis
2859 906 3111 974 loquitur,
3143 903 3361 957 omnino
3386 902 3602 970 prohibet
3619 902 3681 954 di-

2166 1010 2311 1063 cere,
2339 998 2549 1068 quando
2594 1014 2698 1052 non
2733 998 2894 1052 habet
2932 998 3295 1068 interpretem.
3332 1005 3531 1065 propter
3555 996 3681 1049 inuti-

2168 1091 2369 1145 litatem
2400 1110 2413 1146 :
2444 1094 2633 1147 merito
2662 1092 2820 1147 etiam
2861 1091 3216 1161 prophetiam.
3264 1091 3310 1145 si
3354 1090 3451 1144 hoc
3488 1105 3579 1143 non
3611 1088 3682 1142 ha-

2167 1180 2308 1243 beat,
2338 1183 2430 1236 sed
2480 1183 2845 1237 confusionem
2896 1182 3049 1236 faciat
3088 1192 3142 1236 et
3186 1180 3611 1237 conturbationem
3642 1188 3683 1233 et

2168 1274 2445 1328 tumultum
2474 1275 2853 1344 importunum,
2877 1274 3028 1344 jnhet
3043 1272 3311 1327 cohibere.
3330 1271 3417 1326 32.
3442 1270 3501 1323 Et
3518 1270 3683 1338 spiritus

2169 1366 2526 1435 prophetarum
2572 1366 2828 1436 prophetis
2863 1366 3071 1436 subjecti
3112 1374 3250 1419 sunt.
3300 1361 3529 1417 Vidistin’
3560 1378 3682 1428 quam

2165 1458 2509 1512 vehementer
2532 1469 2585 1513 et
2615 1458 2925 1513 terribiliter
2943 1472 3063 1512 eum
3087 1455 3289 1525 pudore
3310 1453 3565 1508 τιαροετὶιῖ
3584 1453 3682 1506 Nam

2167 1565 2235 1604 ne
2258 1550 2546 1604 contendat
2573 1549 2732 1603 homo
2759 1558 2814 1603 et
2852 1548 3165 1603 seditionem
3193 1548 3378 1615 agitet,
3421 1546 3574 1613 ipsum
3610 1544 3683 1596 do-

2166 1656 2291 1696 num
2318 1641 2551 1696 ostendit
2579 1641 2766 1711 subjici
2798 1657 2813 1694 :
2838 1641 3079 1709 spiritum
3102 1639 3242 1694 enim
3271 1637 3357 1692 hic
3384 1647 3687 1705 vocatopers.

2166 1736 2385 1789 tionem.
2409 1734 2462 1789 Si
2492 1744 2667 1789 autem
2695 1735 2912 1803 spiritus
2935 1735 3227 1803 subjicitur,
3253 1734 3419 1787 multo
3440 1732 3586 1801 magis
3604 1747 3683 1784 non

2166 1843 2373 1897 mquum
2404 1838 2486 1884 est
2514 1838 2571 1883 ut
2612 1840 2688 1895 tu,
2733 1829 2821 1898 qui
2870 1827 3131 1897 possides,
3177 1824 3485 1881 contendas.
3525 1823 3685 1878 Deinde

2166 1918 2398 1973 ostendit
2424 1919 2565 1989 quod
2597 1919 2697 1973 hoc
2722 1933 2932 1989 quoque
2956 1918 3023 1971 sit
3050 1918 3159 1971 Deo
3186 1925 3477 1984 acceptum,
3506 1912 3684 1981 subjun-

2166 2026 2296 2082 gens
2320 2022 2374 2066 et
2404 2012 2589 2067 dicens
2631 2032 2644 2066 :
2673 2013 2760 2067 53.
2806 2010 2927 2065 Non
2964 2012 3096 2063 enim
3125 2008 3445 2063 dissensionis
3465 2015 3531 2060 est
3562 2004 3683 2063 Deus.

2166 2102 2254 2157 sed
2278 2104 2434 2171 pacis,
2467 2106 2594 2157 sicut
2613 2114 2660 2157 et
2683 2105 2735 2157 in
2762 2103 2991 2157 omnibus
3010 2101 3230 2155 ecclesiis
3252 2109 3526 2171 sanctorum
3547 2099 3684 2149 doceo.

2166 2194 2414 2249 Vidistin‘
2441 2204 2570 2263 quot
2616 2193 2789 2247 modis
2828 2209 2949 2247 eum
3003 2192 3055 2246 in
3104 2190 3376 2245 silentium
3412 2187 3686 2244 deduxit.et

2166 2301 2284 2339 eum
2315 2285 2403 2354 qui
2424 2285 2573 2339 alteri
2600 2272 2741 2339 cedit
2759 2285 3065 2339 consolatus
3090 2284 3206 2337 est?
3231 2298 3325 2351 per
3347 2297 3498 2335 unum
3514 2278 3683 2349 quidem

2168 2379 2325 2448 idque
2355 2380 2699 2448 przccipnum,
2728 2394 2796 2433 ne
2821 2379 3071 2433 videlicet
3095 2378 3162 2431 ah
3192 2377 3295 2430 hoc
3316 2376 3449 2428 laeto
3472 2373 3684 2427 dissolva-

2168 2480 2253 2525 tur
2282 2490 2293 2523 :
2322 2469 2537 2524 Potestis
2560 2471 2714 2535 enim,
2742 2470 2933 2540 inquit,
2962 2486 3048 2539 per
3071 2468 3295 2540 singulos
3324 2483 3486 2521 omnes
3510 2462 3685 2533 praplte-

2166 2571 2313 2626 tare;
2345 2577 2436 2630 per
2461 2562 2683 2615 alterum
2711 2575 2858 2625 vero,
2902 2576 2967 2614 ex
2996 2575 3061 2614 eo
3086 2558 3227 2628 quod
3260 2557 3387 2613 illud
3413 2555 3597 2625 spiritui
3624 2553 3685 2604 vi-

2165 2650 2354 2705 deatur
2396 2670 2409 2705 :
2454 2651 2680 2717 Spiritus
2723 2653 2856 2704 enim
2895 2652 3254 2721 prapltetarunt
3290 2648 3535 2720 prophetis
3561 2644 3687 2715 subji-

2164 2744 2367 2795 ciuntur
2396 2759 2414 2796 :
2442 2754 2693 2813 prmterea
2725 2758 2789 2797 ex
2835 2760 2933 2809 eo,
2965 2742 3103 2812 quod
3151 2746 3443 2798 secundum
3482 2741 3564 2795 Dei
3593 2755 3688 2793 sen-

2166 2836 2384 2888 tentiam
2415 2835 2521 2898 sit;
2558 2833 2678 2888 Non
2716 2836 2851 2889 enim
2884 2845 2955 2888 est
2980 2835 3329 2898 dissensionis,
3358 2835 3533 2903 inquit,
3563 2831 3684 2893 Deus,

2164 2925 2254 2978 sed
2283 2925 2419 2994 pacis
2444 2940 2462 2978 :
2487 2934 2676 3003 quarto
2704 2926 2954 2994 denique,
2981 2940 3047 2979 eo
3076 2927 3217 2995 quod
3241 2926 3329 2981 les
3363 2924 3596 2995 ejusmodi
3615 2938 3687 2992 per

2165 3016 2349 3070 orbem
2383 3017 2685 3071 universum
2719 3017 2914 3087 ubique
2938 3017 3195 3083 obtineat,
3219 3034 3322 3072 nec
3342 3018 3556 3072 alienum
3574 3014 3686 3083 quid-

2165 3122 2324 3172 quam
2355 3122 2574 3177 usquam
2605 3109 2708 3162 illis
2738 3110 3028 3176 imperetur
3060 3125 3073 3160 :
3111 3107 3199 3162 Sic
3240 3110 3392 3173 enim,
3422 3108 3508 3170 ait,
3532 3107 3576 3159 in
3599 3121 3684 3158 om-

2166 3198 2312 3251 nibus
2339 3199 2561 3252 ecclesiis
2588 3209 2875 3252 sanctorum
2914 3200 3086 3253 doceo.
3121 3198 3256 3267 Quid
3298 3213 3422 3269 ergo
3462 3198 3537 3251 his
3560 3195 3686 3251 rebus

2166 3289 2327 3344 fuerit
2356 3290 2521 3359 magis
2548 3289 2911 3345 horrendum?
2955 3290 3164 3345 Etenim
3205 3290 3443 3345 Ecclesia
3474 3299 3582 3342 tunc
3600 3293 3687 3340 erat

2166 3383 2377 3444 czclum,
2405 3381 2600 3451 Spiritu
2627 3392 2813 3436 sancto
2837 3382 3013 3436 omnia
3044 3392 3284 3452 regente,
3312 3394 3367 3437 et
3386 3393 3685 3446 unumquem-

2167 3490 2270 3544 que
2290 3490 2355 3527 ex
2383 3474 2445 3527 iis
2477 3474 2566 3543 qui
2596 3486 2859 3543 praeerant
2889 3484 3138 3529 movente
3177 3484 3231 3528 et
3280 3490 3312 3529 a
3358 3475 3461 3529 Deo
3496 3471 3684 3525 afﬂatum

2168 3564 2445 3619 reddente.
2490 3565 2595 3620 Sed
2641 3580 2781 3619 nunc
2826 3565 3037 3619 illorum
3086 3565 3349 3619 donorum
3392 3560 3605 3633 symbols
3639 3571 3686 3610 ac

2167 3656 2314 3725 signa
2357 3664 2560 3709 tantum
2611 3665 2872 3711 tenemus.
2910 3656 3041 3711 Nam
3083 3671 3224 3711 nunc
3251 3670 3459 3727 quoque
3495 3654 3587 3708 duo
3620 3657 3688 3703 aut

2169 3756 2277 3802 tres
2299 3748 2548 3812 dicimus,
2577 3758 2633 3803 et
2660 3749 2910 3813 vicissim,
2938 3758 2991 3804 et
3015 3750 3122 3803 alio
3151 3758 3359 3805 tacente
3378 3750 3502 3803 alius
3526 3745 3686 3813 incipit;

2168 3840 2261 3894 sed
2294 3840 2408 3894 haec
2451 3852 2573 3895 sunt
2622 3850 2825 3895 tantum
2873 3843 3084 3896 illorum
3119 3843 3267 3911 signa
3294 3854 3346 3897 et
3375 3850 3685 3896 monumenta.

2169 3934 2457 4002 Propterea
2497 3934 2710 4003 quando
2758 3935 3113 4003 inccperimus
3152 3935 3365 3999 dicere,
3410 3932 3607 4002 populus
3627 3942 3689 3981 rc-

2167 4027 2417 4096 spondet,
2445 4027 2646 4097 Spiritu
2688 4038 2775 4081 tuo
2798 4046 2812 4081 :
2844 4028 3135 4082 ostendens
3159 4028 3303 4097 quod
3331 4028 3453 4081 olim
3483 4026 3551 4079 sic
3575 4022 3688 4075 dim-

2170 4120 2318 4184 bant,
2349 4136 2452 4173 non
2494 4137 2586 4173 sua
2622 4120 2749 4173 moti
2781 4120 3062 4189 sapientia,
3105 4119 3197 4175 sed
3240 4119 3457 4191 Spiritu.
3484 4116 3576 4172 Sed
3609 4127 3689 4167 non

2169 4226 2344 4276 nunc;
2367 4209 2432 4264 de
2456 4226 2539 4265 me
2555 4210 2663 4279 jam
2688 4213 2894 4279 loquor.

2241 4304 2294 4357 5.
2318 4303 2419 4357 Sed
2448 4303 2683 4358 Ecclesia
2708 4319 2846 4357 nunc
2866 4314 2949 4358 est
2976 4304 3164 4359 similis
3191 4304 3417 4367 mulieri,
3443 4316 3549 4372 qua:
3575 4316 3599 4353 a
3623 4308 3692 4347 γε·

2174 4396 2271 4450 teri
2303 4396 2650 4464 prosperitate
2678 4395 2910 4458 excidit,
2942 4407 2996 4451 et
3019 4398 3200 4451 multis
3223 4398 3274 4451 in
3304 4397 3430 4452 locis
3456 4398 3555 4450 sola
3579 4400 3692 4447 tenet

2172 4490 2410 4560 symbola
2436 4490 2665 4558 antiquae
2693 4490 2830 4543 illius
2858 4489 3141 4551 felicitatis,
3165 4498 3217 4543 et
3251 4490 3513 4543 monilium
3538 4499 3691 4539 aureo-

2173 4596 2291 4635 rum
2321 4581 2535 4650 quidem
2565 4581 2707 4634 solas
2730 4580 2963 4636 ostendit
2990 4580 3169 4636 thecas
3196 4590 3247 4635 et
3274 4581 3505 4641 arculas,
3533 4575 3693 4631 divitiis

2174 4684 2348 4727 autem
2382 4683 2462 4727 est
2493 4674 2693 4743 privata
2724 4692 2737 4727 :
2771 4675 2817 4729 ei
2851 4690 2990 4729 nunc
3030 4675 3261 4730 Ecclesia
3291 4686 3374 4730 est
3400 4673 3585 4728 similis.
3612 4669 3691 4724 Ne-

2174 4782 2279 4833 que
2323 4766 2421 4820 hoc
2464 4765 2636 4820 solum
2675 4765 2795 4820 dico
2834 4776 3052 4836 propter
3089 4766 3258 4829 dona;
3304 4782 3406 4820 non
3434 4767 3559 4819 enim
3584 4769 3693 4815 esset

2174 4872 2354 4927 grave.
2385 4856 2429 4910 si
2467 4857 2566 4910 hoc
2603 4856 2775 4910 solum
2811 4865 2980 4921 esset;
3021 4857 3113 4911 sed
3154 4857 3312 4909 etiam
3347 4865 3548 4925 propter
3569 4851 3691 4903 vitam

2176 4958 2230 5003 et
2259 4951 2527 5005 virtutem.
2573 4948 2703 5003 Nam
2745 4958 2799 5003 et
2839 4947 3115 5002 viduarum
3156 4963 3424 5009 numerus,
3455 4955 3505 5001 et
3538 4944 3693 4998 chorus

2176 5043 2438 5111 virginum
2486 5053 2609 5096 tunc
2653 5058 2900 5112 magnum
2932 5051 3302 5096 ornamentum
3335 5040 3582 5113 praebebat
3618 5033 3694 5087 EC-

2178 5135 2354 5189 clesiis
2382 5152 2395 5186 :
2427 5150 2566 5189 nunc
2608 5144 2784 5189 autem
2824 5135 2891 5189 ab
2930 5135 2993 5187 iis
3040 5133 3278 5188 Ecclesia
3326 5136 3521 5187 deserta
3557 5136 3625 5183 est
3655 5130 3695 5174 ει

2179 5229 2483 5291 exinanita,
2529 5235 2585 5281 et
2630 5228 2745 5281 sola
2793 5234 3009 5281 manent
3050 5226 3219 5296 signa.
3266 5226 3396 5281 Nam
3436 5231 3547 5277 sunt
3586 5230 3693 5272 nunc

2180 5336 2390 5389 quoque
2417 5318 2610 5381 \‘iduzu,
2651 5329 2774 5372 sunt
2814 5328 2867 5371 et
2904 5318 3163 5387 virgines;
3202 5319 3295 5373 sed
3321 5333 3396 5373 ea:
3423 5331 3519 5371 non
3540 5310 3695 5366 habent

2184 5413 2326 5467 illum
2354 5422 2621 5475 ornatum,
2645 5426 2798 5479 quem
2826 5411 3017 5466 habere
3046 5422 3315 5481 oporteret
3344 5426 3429 5465 eas
3452 5423 3557 5478 qua:
3578 5417 3626 5457 se
3644 5396 3692 5450 ad

2183 5506 2298 5560 haec
2326 5514 2577 5574 pararunt
2606 5506 2918 5560 certamina.
2952 5505 3218 5559 Eximium
3254 5506 3392 5558 enim
3419 5497 3609 5569 virginis
3632 5498 3695 5541 cst

2186 5598 2435 5652 indicium
2460 5638 2474 5663 ,
2505 5597 2643 5664 quod
2671 5597 2738 5652 de
2769 5598 2833 5652 iis
2865 5608 3065 5651 tantum
3092 5612 3209 5667 qua).
3236 5606 3355 5650 sunt
3387 5593 3468 5648 Dei
3493 5592 3555 5645 sit
3574 5580 3691 5639 solli-

2186 5692 2311 5759 cita,
2348 5703 2399 5745 et
2438 5691 2503 5747 ad
2541 5692 2703 5747 Deum
2747 5695 3064 5762 precandum
3107 5689 3362 5748 indivqu
3397 5683 3600 5745 assidu!
3624 5680 3691 5729 ξεί
