3802 6214
487 253 595 310 513

485 367 686 504 ποέλῆς
721 368 946 425 ἀπαιτεῖ
980 369 1080 442 τῆς
1130 375 1416 447 ἀκριϐείας
1472 378 1502 429 ὁ
1551 375 1760 440 Παῦλος
1795 374 2042 444 Τιμοθέῳ

485 467 555 504 vo
596 468 730 504 ωων.

482 467 730 522 γραφων.

557 617 688 671 Ἷδοι
719 635 804 683 τις
837 619 904 674 ἂν
932 623 1025 676 καὶ
1072 623 1172 690 τάς
1221 626 1278 679 ἐν
1320 625 1483 696 γάμῳ
1515 623 1710 694 πολλὴν
1740 621 2042 677 ἐπιδεικνύε-

487 702 660 772 μένας
691 703 821 774 παρ’
865 707 997 776 ἡμῖν
1043 707 1142 778 τὴν
1190 710 1542 780 κοσμιότητα.
1589 707 1726 760 Ἀλλ’
1777 708 1837 760 οὐ
1886 704 2044 758 τοῦτο

486 785 648 855 μόνον
679 787 794 838 ἐστὶ
834 785 894 838 τὸ
937 787 1289 860 ζητούμενον.
1321 790 1435 843 ἀλλ’
1465 792 1496 860 ή
1547 790 1675 860 περὶ
1704 789 1830 852 τοὺς
1852 785 2040 857 δεομέοι

483 884 608 930 νους
640 867 774 938 μετά
806 869 1041 940 σπουδῆς
1071 871 1356 943 θεραπεία,
1396 873 1462 926 δι’
1494 868 1562 943 ἧς
1590 874 1644 927 αἰ
1673 873 1897 940 ἀρχαῖαι
1934 869 2039 939 μά-

485 949 636 1002 λιστα
692 949 1014 1021 ἀπέλαμπον
1060 956 1338 1022 γυναῖκες,
1381 955 1476 1024 οὐχ
1508 954 1583 1017 ὡς
1628 955 1683 1008 αἰ
1717 951 1909 1004 πολλαὶ
1931 949 2041 1004 τῶν

483 1031 596 1085 νῦν.
627 1032 758 1084 Τότε
789 1033 890 1104 μὲν
918 1034 1026 1107 γὰρ
1054 1037 1176 1091 ἀντὶ
1206 1037 1406 1110 χρυσοῦ
1441 1038 1527 1091 τὸν
1557 1037 1665 1090 ἀπὸ
1691 1036 1790 1106 τῆς
1816 1036 2043 1104 ἐλεημο-

485 1115 650 1186 σύνης
696 1115 1037 1186 περιέκειντο
1089 1121 1509 1189 καλλωπισμόν·
1563 1120 1678 1173 νυνὶ
1724 1119 1782 1172 δὲ
1823 1119 2042 1189 ἀφεῖσαι

480 1198 660 1260 τοῦτο,
699 1201 904 1269 σχοινία
940 1205 1117 1273 χρυσᾶ
1148 1205 1254 1258 ἀπὸ
1283 1205 1378 1274 τῆς
1414 1205 1598 1276 σειρᾶς
1625 1203 1732 1256 τῶν
1763 1201 2043 1273 ἁμαρτιῶν

483 1281 832 1352 πεπλεγμένα
863 1287 1197 1355 πανταχόθεν
1236 1286 1593 1358 περίκεινται.
1635 1288 1799 1356 ,Εἴπω
1829 1286 1922 1339 καὶ
1951 1285 2044 1338 ἀλ-

482 1365 582 1433 λην
604 1364 779 1434 θήκην
808 1370 1184 1441 κεκενωμένην
1214 1369 1306 1423 τοῦ
1341 1370 1592 1440 πατρῴου
1628 1369 1876 1439 κόσμους
1908 1369 2043 1420 Συν-

483 1447 652 1516 ῄεσαν
691 1449 754 1500 τὸ
793 1449 1023 1504 παλαιὸν
1070 1451 1328 1515 ἅπαντες,
1377 1454 1470 1505 καὶ
1515 1452 1822 1521 ὑπέψαλλον
1866 1453 2039 1521 κοινῇ.

484 1529 654 1582 Τοῦτο
686 1531 942 1601 ποιοῦμεν
996 1534 1089 1585 καὶ
1143 1533 1272 1586 νῦν·
1319 1534 1453 1588 ἀλλά
1505 1535 1624 1588 τότε
1664 1534 1763 1604 μὲν
1788 1536 1844 1587 ἐν
1872 1535 2044 1588 ἅπασι.

484 1612 585 1682 μία
614 1614 757 1683 ψυχὴ
800 1610 868 1684 ἦν
917 1616 1012 1668 καὶ
1057 1616 1252 1685 καρδία
1300 1616 1418 1684 μία·
1458 1615 1576 1669 νυνί
1606 1616 1663 1668 δέ
1700 1617 1818 1670 οὐδὲ
1853 1619 1911 1670 ἐν
1948 1618 2045 1688 μιᾷ

480 1695 625 1766 ψυχῇ
655 1698 750 1766 τὴν
778 1697 1028 1767 ὁμόνοιαν
1062 1699 1274 1768 ἐκείνην
1305 1701 1403 1754 ίδοι
1429 1718 1512 1764 τις
1539 1701 1628 1763 ἂν,
1660 1701 1794 1754 ἀλλά
1827 1699 1993 1762 πολὺς
2016 1701 2044 1752 ὁ

482 1779 715 1848 πόλεμος
764 1781 1060 1852 πανταχοῦ.
1117 1783 1355 1854 Εἰρήνην
1402 1784 1495 1838 καὶ
1545 1783 1640 1837 νῦν
1682 1787 1845 1838 πᾶσιν
1875 1786 1905 1838 6
1945 1783 2044 1854 τῆς

494 1861 820 1932 Ἐκκλησίας
871 1864 1148 1934 προεστὼς
1191 1866 1500 1937 ἐπεύχεται,
1548 1867 1623 1930 ὡς
1659 1869 1739 1930 εἰς
1785 1867 2045 1937 πατρῴαν

479 1943 657 1998 οἰκίαν
685 1945 1037 2001 είσιὼν·ἀλλά
1065 1949 1162 2019 τῆς
1188 1949 1410 2019 εἰρήνης
1441 1949 1644 2019 ταύτης
1672 1949 1734 2002 τὸ
1756 1949 1853 2019 μέν
1877 1949 2045 2019 ὄνομα

482 2026 640 2093 πολὺ,
681 2030 741 2080 τδ
769 2029 826 2082 δὲ
853 2033 1085 2101 πρᾶγμα
1113 2030 1369 2101 οὐδαμοῦ.
1400 2031 1533 2086 Τότε
1561 2033 1656 2086 καὶ
1680 2034 1734 2085 αἱ
1762 2032 1929 2085 οἰκίαι
1954 2033 2047 2086 ἐκ·

483 2109 703 2179 κλησίαι
734 2107 895 2182 ἦσαν·
927 2114 1044 2166 νυνὶ
1069 2113 1126 2166 δέ
1155 2113 1247 2166 καὶ
1288 2116 1322 2182 ή
1354 2114 1617 2184 ἐκκλησία
1647 2115 1814 2177 οἰκία,
1847 2114 2046 2185 μᾶλλον

483 2193 540 2246 δὲ
567 2196 659 2248 καὶ
687 2196 862 2258 οἰκίας
901 2198 1080 2268 πάσης
1107 2196 1325 2268 χείρων.
1358 2199 1446 2251 Ἐν
1480 2198 1624 2270 οἰκίᾳ
1656 2199 1753 2269 μέν
1786 2199 1894 2270 γάρ
1919 2197 2046 2251 πολ-

484 2277 581 2348 λὴν
613 2279 705 2332 καί
733 2279 985 2345 εὐταξίαν
1024 2281 1118 2335 ίδοι
1158 2299 1241 2345 τις
1273 2282 1338 2336 ἀν
1364 2299 1378 2313 ·
1414 2282 1509 2338 καὶ
1541 2281 1651 2353 γὰρ
1683 2284 1714 2352 ἡ
1747 2283 1912 2353 κυρία
1943 2281 2046 2352 τῆς

483 2363 660 2425 οἰκίας
696 2363 788 2416 ἐπὶ
826 2365 919 2424 τοῦ
967 2363 1153 2435 θρόνου
1187 2365 1420 2438 κάθηται
1453 2366 1591 2436 μετά
1637 2366 2045 2438 εὐσχημοσύνης

483 2446 723 2516 ἀπάσης,
759 2446 852 2500 καί¹
879 2447 935 2500 αἰ
960 2446 1338 2517 θεραπαινίδες
1365 2447 1504 2520 μετά
1529 2453 1627 2520 τῆς
1649 2450 1875 2520 ἡσυχίας
1896 2449 2047 2519 ὑφαί-

485 2545 656 2594 νουσι,
685 2528 777 2582 καὶ
807 2529 914 2583 τῶν
962 2529 1185 2584 οἰκετῶν
1225 2531 1450 2596 ἕκαστος
1488 2531 1548 2585 τὸ
1581 2533 1870 2603 ἐπιταχθὲν
1909 2534 2045 2603 μετὰ

485 2614 673 2684 χεῖρας
701 2611 834 2684 ἔχει.
864 2612 1129 2668 Ἐνταῦθα
1157 2615 1213 2668 δέ
1262 2615 1430 2678 πολὺς
1468 2616 1496 2668 6
1537 2615 1786 2689 θόρυϐος,
1817 2616 1983 2686 πολλὴ
2010 2618 2044 2687 ή

488 2695 766 2765 σύγχυσις,
818 2697 913 2749 καὶ
961 2696 1254 2766 καπηλείου
1303 2697 1453 2751 οὐδὲν
1495 2698 1765 2769 διενήνοχε
1797 2698 1867 2752 τά
1913 2699 2044 2769 παρ’

485 2779 634 2847 ἡμῖν’
667 2776 915 2841 τοσοῦτος
946 2779 975 2832 6
999 2779 1191 2846 γέλως,
1212 2779 1447 2850 τοσαύτη
1473 2782 1506 2850 ή
1535 2781 1766 2852 ταραχή,
1796 2780 2044 2853 καθάπερ

485 2860 542 2912 ἐν
574 2858 894 2928 βαλανείοις,
926 2861 1176 2933 καθάπερ
1205 2863 1264 2915 ὲν
1286 2863 1511 2935 ἀγοραῖς
1539 2864 1868 2934 κραζόντων,
1887 2864 2046 2934 θορυ-

485 2944 720 2997 ϐούντων
745 2946 1020 2999 ἁπάντων.
1084 2947 1193 3001 Καὶ
1222 2946 1396 3000 ταῦτα
1440 2947 1672 3001 ἐνταῦθα
1716 2947 1874 3018 μόνον
1899 2966 1912 2980 ·
1970 2949 2046 3012 ὡς

483 3026 719 3096 ἀλλαχοῦ
741 3027 861 3081 ούδέ
892 3033 1212 3098 προσειπεῖν
1249 3030 1339 3083 τὸν
1371 3031 1593 3100 πλησίον
1636 3030 1842 3096 ἔξεστιν
1871 3032 1930 3083 ἐν
1954 3033 2045 3084 ἐκ·

485 3109 702 3181 κλησίᾳ,
732 3109 833 3163 κᾶν
865 3111 1076 3180 χρόνιόν
1107 3129 1190 3176 τις
1214 3113 1461 3186 ἀπολάϐῃ
1488 3113 1580 3166 τὸν
1611 3112 1782 3182 φίλον,
1805 3113 1920 3167 ἀλλ’
1941 3113 2046 3178 ἔξω

481 3194 654 3246 ταῦτα
689 3194 918 3262 γίνεται,
952 3196 1045 3248 καὶ
1075 3195 1220 3265 μάλα
1248 3197 1490 3260 εἰκότως.
1523 3198 1598 3250 Οὐ
1633 3197 1741 3268 γὰρ
1777 3199 2044 3269 κουρεῖον,

482 3276 603 3328 οὐδὲ
629 3277 1045 3348 μυροπωλεῖονή
1075 3278 1355 3347 ἐκκλησία,
1389 3279 1508 3332 οὐδὲ
1541 3280 1897 3351 ἐργαστήριον
1926 3282 2045 3335 ἐτε-

489 3375 580 3429 ρον
602 3359 707 3411 τῶν
729 3361 815 3412 ἐπ’
841 3361 1067 3432 ἀγορᾶς,
1099 3360 1234 3414 ἀλλά
1253 3363 1416 3425 τόπος
1443 3362 1710 3430 ἀγγέλων,
1734 3363 1893 3426 τόπος
1910 3365 2046 3435 ἀρχ-
2075 3395 2077 3397 ι

485 3442 748 3510 ἀγγέλων,
793 3441 1034 3512 βασιλεία
1080 3442 1236 3503 Θεοῦ,
1275 3444 1438 3507 αὐτὸς
1479 3447 1510 3498 6
1549 3444 1791 3516 οὐρανός.
1837 3446 2049 3518 Ὥσπερ

484 3521 579 3580 οῦν
604 3526 655 3578 εί
683 3542 767 3588 τις
805 3525 894 3578 τὸν
918 3525 1145 3595 οὐρανὸν
1190 3526 1494 3590 διαστείλας
1523 3529 1638 3580 ἐκεῖ
1663 3544 1723 3582 σε
1764 3530 2044 3601 εἰσήγαγε,
2070 3569 2074 3574 ρ

486 3609 590 3663 κᾶν
625 3608 713 3662 τὸν
743 3610 973 3679 πατέρα,
999 3609 1103 3664 κάν
1125 3610 1216 3663 τὸν
1245 3609 1471 3680 ἀδελφὸν
1499 3607 1656 3673 εἶδες,
1685 3613 1783 3668 οὐκ
1813 3613 1882 3669 ἂν
1908 3615 2048 3668 ἐτόλ-

489 3708 667 3762 μησας
701 3691 1033 3761 φθέγξασθαι
1059 3709 1073 3723 ο
1129 3692 1300 3756 οῦτως
1328 3691 1446 3746 οὐδὲ
1482 3693 1714 3748 ἐνταῦθα
1744 3696 1928 3766 ἕτερόν
1971 3715 2045 3764 τι,

485 3773 626 3845 πλὴν
650 3775 760 3828 τῶν
806 3774 1188 3845 πνευματικῶν
1230 3774 1562 3844 φθέγγεσθαι
1606 3777 1742 3830 ἔδει·
1811 3781 1905 3832 καὶ
1939 3780 2047 3851 γάρ

485 3859 579 3911 καὶ
602 3858 669 3911 τα
700 3857 932 3911 ἐνταῦθα
965 3859 1209 3929 οὐρανός.
1269 3859 1332 3912 Εἰ
1372 3858 1428 3911 δὲ
1475 3861 1742 3925 ἀπιστεῖς,
1779 3862 1863 3916 ⁴ἴδε
1911 3863 2049 3935 πρὸς

483 3941 712 4010 ταύτηνί⁹
743 3940 842 4011 τήν
896 3940 1198 4010 τράπεζαν,
1255 3942 1629 4014 ἀναμνήσθητι
1683 3944 1824 4009 τίνος
1862 3938 2048 4000 ἕνεκεν

485 4026 704 4097 ἔστηκε.
734 4027 825 4079 καὶ
849 4025 936 4079 διά
971 4025 1044 4078 τί·
1070 4025 1321 4096 ἐννόησον
1347 4026 1430 4089 τίς
1465 4027 1493 4078 6
1527 4027 1830 4098 προϐαίνων
1859 4029 2049 4083 ἐνταῦο

487 4109 575 4172 θα,
609 4108 793 4178 φρίξον
821 4109 915 4161 καὶ
943 4107 1050 4177 πρὸ
1075 4106 1170 4161 τοῦ
1220 4109 1434 4178 καιροῦ.
1464 4110 1573 4162 Καὶ
1604 4109 1713 4180 γάρ
1740 4113 1834 4164 καὶ
1863 4110 2048 4182 θρόνον

485 4211 570 4256 τις
601 4192 725 4246 ἰδὼν
753 4193 912 4262 μόνον
941 4190 1223 4261 βασιλέως,
1255 4191 1541 4246 ἀνίσταται
1569 4195 1634 4264 τῇ
1665 4193 1833 4264 ψυχῇ.
1876 4211 2048 4265 προσ·-

483 4276 654 4331 δοκῶν
695 4274 794 4346 τήν
840 4275 1015 4341 ἔξοδον
1044 4273 1139 4328 τοῦ
1175 4273 1459 4344 βασιλέως.
1512 4275 1621 4327 Καὶ
1648 4277 1713 4328 σὺ
1743 4277 1924 4330 τοίνυν
1952 4275 2048 4330 καὶ

485 4359 591 4430 πρὸ
636 4359 730 4412 τοῦ
764 4358 953 4428 καιροῦ
1005 4357 1096 4411 τοῦ
1128 4357 1434 4429 φρικώδους
1482 4358 1672 4429 φρίξον
1705 4359 1936 4423 ἐκείνου,
1968 4359 2047 4413 δι-

484 4441 770 4512 ανάστηθι,
797 4443 891 4494 καὶ
917 4441 1045 4511 πρὶν
1069 4441 1195 4494 ἰδεῖν
1210 4442 1278 4494 τὰ
1297 4443 1770 4513 παραπετάσματα
1793 4442 2050 4496 ἀναστελο

483 4525 689 4594 λόμενα
718 4524 810 4577 καὶ
859 4525 950 4577 τὸν
981 4525 1142 4595 χορὸν
1186 4523 1297 4576 τῶν
1341 4524 1590 4593 ἀγγέλων
1623 4524 1772 4596 [5M]
1825 4525 2049 4594 προϐαί-

483 4625 662 4672 νοντα,
724 4607 860 4678 πρὸς
922 4608 1081 4660 αὑτὸν
1141 4608 1398 4662 ἀνάϐαινε
1453 4608 1548 4660 τὸν
1598 4609 1847 4674 οὐρανόν.
1907 4609 2050 4662 Ἀλλ’

483 4694 669 4760 ἀγνοεῖ
705 4692 876 4745 ταῦτα
904 4694 932 4746 6
956 4690 1220 4762 ἀμύητοςο
1248 4691 1441 4745 οὐκοῦν
1469 4692 1763 4760 ἀναγκαῖον
1792 4691 1884 4744 καὶ
1914 4693 2049 4763 πρὸς

487 4779 691 4830 ἐκεῖνον
711 4778 884 4838 εἰπεῖν
904 4777 1085 4846 ἔτερα.
1115 4776 1250 4832 Οὐδὲ
1268 4776 1378 4846 γάρ
1401 4776 1537 4846 πρὸς
1569 4775 1754 4829 τοῦτον
1777 4777 2076 4847 ἀπορήσου-

492 4877 590 4928 μεν
617 4860 724 4911 τῶν
772 4859 1085 4925 δυναμένων
1133 4859 1293 4914 αὐτὸν
1325 4858 1677 4929 διαναστῆσαι
1721 4858 1816 4912 καὶ
1864 4862 2064 4912 πεῖσαι-

490 4941 770 4996 πέτεσθαι.
810 4943 880 4995 Συ
924 4943 1104 4997 τοίνυν
1129 4944 1158 4997 6
1191 4943 1363 4996 ταῦτα
1392 4941 1622 5010 ἀγνοῶν,
1656 4943 1784 4996 ὅταν
1813 4942 2050 5014 ἀκούσης

489 5025 583 5080 τοῦ
619 5027 892 5098 προφήτου
926 5027 1192 5096 λέγοντος.
1237 5026 1379 5081 Τάδε
1412 5025 1573 5094 λέγει
1606 5027 1835 5092 Κύριος·
1883 5028 2048 5080 Ἀπό-

491 5111 663 5174 στηθι
687 5107 790 5176 τῆς
810 5108 940 5178 γῆς.
955 5111 1202 5181 ἀνάϐηθι
1223 5111 1319 5165 καί
1341 5108 1522 5176 αὐτὸς
1539 5112 1625 5174 εἰς
1637 5110 1744 5163 τὸν
1769 5110 2047 5178 οὐρανὸν,

493 5192 740 5261 ἐννόησον
764 5193 845 5254 τίς
868 5193 1012 5245 ἐστιν
1033 5194 1062 5245 ὁ
1082 5193 1148 5245 δι’
1172 5194 1379 5246 ἐκείνου
1404 5209 1485 5246 σοι
1514 5191 1912 5263 διαλεγόμενος.
1939 5192 2050 5245 Νῦν

491 5275 569 5339 δὲ,
613 5273 777 5345 μίμου
831 5275 928 5345 μὲν
965 5275 1469 5343 γελωτοποιοῦντος.
1501 5277 1595 5330 καὶ
1643 5279 2048 5347 πορνευομένης

493 5358 749 5428 γυναικὸς
787 5360 879 5412 καὶ
906 5359 1334 5430 ἀσχημονούσης,
1363 5360 1586 5430 θέατρον
1618 5358 1870 5413 τοσοῦτον
1907 5361 2042 5414 κάθ-

493 5459 640 5513 ηται,
675 5442 872 5513 πολλὴν
905 5443 1140 5513 παρέχον
1177 5443 1274 5512 τὴν
1305 5442 1533 5513 ἡσυχίαν
1564 5445 1676 5506 τοῖς
1716 5441 2049 5513 λεγομένοις,

495 5527 590 5580 καὶ
627 5524 798 5580 ταῦτα
835 5524 1047 5589 οὐδενὸς
1083 5523 1395 5588 κελεύοντος
1420 5526 1596 5596 σιγᾷν,
1624 5526 1720 5579 καὶ
1745 5524 1869 5578 οῦτε
1906 5525 2056 5596 θόρυ-

492 5607 586 5671 ϐος
615 5607 738 5662 οὔτε
771 5608 1005 5681 κραυγή,
1033 5608 1132 5678 οὐχ
1157 5609 1185 5662 6
1211 5606 1388 5678 τυχὼν
1417 5606 1598 5678 θροῦς·
1621 5607 1754 5661 Θεοῦ
1776 5607 1830 5660 δὲ
1860 5609 1922 5661 ἐκ
1947 5607 2054 5662 τῶν

495 5695 738 5768 οὐρανῶν
771 5694 1138 5768 φθεγγομένου
1183 5695 1310 5767 περὶ
1352 5695 1594 5767 φρικτῶν
1626 5695 1764 5749 οὕτω
1794 5697 2052 5768 πραγμάο

1143 259 1206 316 S.
1241 257 1524 315 JOANNIS
1557 256 2042 315 CHRYSOSTOMI
2077 255 2392 319 ARCHIEP.
2427 258 2966 318 CONSTANTINOP.
3633 263 3722 318 SH

2144 403 2274 452 των,
2303 385 2481 441 κυνῶν
2529 387 3018 460 ἀναισχυντότερον
3059 386 3415 458 διακείμεθα,
3448 387 3583 441 οὐδὲ
3613 389 3724 458 ἔσῃ

2146 472 2267 534 ταῖς
2308 471 2538 540 πόρναις
2561 470 2802 540 γυναιξὶ,
2841 469 3112 539 τοσαύτην
3135 469 3215 541 τῷ
3241 470 3367 542 Θεῷ
3398 471 3723 541 παρέχοντες

2147 554 2247 625 τὴν
2269 553 2420 609 αἰδὼ.

2215 752 2290 811 ς’.
2331 745 2618 816 Ἐφρίξατε
2661 745 2836 800 ταῦτα
2874 745 3242 812 ἀκούσαντιςς
3284 743 3519 800 Οὐκοῦν
3568 746 3720 816 πνῶῷ

2147 827 2342 900 μᾶλλον
2403 827 2577 882 ταῦτα
2641 828 2922 893 ποιοῦντες
2991 829 3239 898 φρίξατε.
3302 831 3377 882 Ὃ
3435 828 3579 897 περὶ
3635 830 3720 881 τέω

2144 910 2531 982 ὑπερορώντων
2563 913 2689 976 τοῦς
2723 912 2960 979 πένητας
2981 909 3132 966 εἶπεν
3163 915 3191 968 6
3221 911 3475 976 Παῦλος,
3504 912 3607 966 aui
3644 913 3724 981 μίν-

2143 1011 2249 1048 νων
2290 994 2664 1064 ἐστιωμένωψ
2696 995 2793 1062 Μὴ
2825 995 2936 1064 rdp
2972 997 3165 1062 οἰκίας
3185 997 3300 1049 οὐκ
3330 995 3522 1061 ἔχετε
3555 999 3642 1060 εἰς
3673 999 3720 1048 τέ

2141 1077 2368 1134 ἐσθίειν
2390 1078 2488 1132 καὶ
2515 1079 2745 1142 πίνειν;
2771 1078 2808 1146 ἢ
2832 1077 2942 1147 τῆς
2962 1079 3294 1146 ἐκκλησίας
3316 1079 3435 1132 τοῦ
3463 1078 3622 1131 Θεοῦ
3639 1096 3722 1131 ιιι-

2142 1163 2505 1232 ταφρονεῖτε,
2538 1164 2635 1217 καί
2679 1164 3108 1231 καταισχύνετε
3142 1162 3286 1230 τοὺς
3308 1163 3409 1232 μὴ
3445 1163 3720 1231 ἔχονται-ς

2141 1245 2259 1299 δότε
2288 1247 2456 1315 κάμοὶ
2491 1245 2754 1317 περὶτῶν
2787 1245 3158 1314 θορυϐούντων
3183 1245 3439 1299 ἐνταῦθα
3475 1245 3582 1298 καὶ
3620 1245 3720 1297 διι-

2143 1327 2445 1398 λεγομένων
2471 1331 2663 1382 εἰπεῖν’
2702 1329 2776 1401 μὴ
2808 1329 2916 1399 γὰρ
2965 1329 3066 1382 οὐκ
3101 1329 3256 1398 ἔχετε
3301 1327 3505 1390 οἰκίας
3558 1330 3638 1389 ei;
3673 1329 3722 1380 τὲ

2145 1409 2432 1484 φλυαρεῖν;
2461 1412 2494 1479 ἢ
2526 1413 2626 1482 τῆς
2666 1412 2961 1481 ἐκκλησίας
2999 1412 3093 1464 τοῦ
3127 1411 3268 1464 Θεοῦ
3298 1413 3722 1480 καταφρονεῖτε,

2143 1496 2237 1550 καὶ
2261 1495 2597 1565 διαφθείρετε
2638 1495 2734 1548 καὶ
2771 1497 2896 1559 τοὺς
2947 1498 3242 1564 σωφρονεῖν
3277 1496 3384 1548 καὶ
3427 1495 3719 1563 ἡσυχάζει.

2147 1578 2534 1650 βουλομένους;
2579 1579 2737 1632 Ἀλλά
2771 1579 2870 1650 ήδῦ
2909 1579 3002 1631 καί
3031 1579 3182 1648 φίλον
3206 1580 3351 1648 ἡμῖν
3375 1581 3505 1640 τοῖς
3537 1577 3720 1644 γνωρέ-

2149 1678 2268 1732 μοις
2295 1659 2664 1729 διαλέγεσθαι;
2697 1662 2769 1714 Οὐ
2826 1660 3020 1714 κωλύω
3062 1660 3245 1724 τοῦτο,
3282 1660 3413 1714 ἀλλ’
3463 1661 3529 1711 ἐν

2144 1743 2259 1797 ἀλλ’
2287 1744 2346 1797 ἐν
2382 1744 2574 1814 ἀγορᾷ,
2600 1743 2714 1798 ἀλλ’
2745 1744 2803 1796 ἐν
2850 1743 3150 1814 βαλανείοις
3191 1743 3449 1811 γινέσθω
3475 1757 3491 1770 °
3543 1743 3578 1811 ἡ
3630 1743 3719 1808 γὰρ

2145 1827 2409 1897 ἐκκλησία
2429 1827 2486 1879 οὐ
2509 1826 2814 1892 διαλέξεως,
2835 1825 2971 1879 ἀλλά
2987 1825 3340 1890 διδασκαλίας
3362 1825 3584 1895 χωρίον
3605 1825 3719 1876 ἐπὶ

2143 1909 2278 1965 Νυνὶ
2301 1910 2358 1963 δὲ
2385 1913 2484 1980 τῆς
2510 1910 2716 1978 ἀγορᾶς
2760 1909 2911 1963 οὐδὲν
2939 1910 3282 1981 διενήνοχεν·
3321 1909 3378 1962 εἰ
3413 1909 3476 1961 δὲ
3513 1907 3592 1977 μὴ

2149 1993 2324 2064 μηρὸν
2353 1993 2545 2056 εἰπεῖν,
2570 1992 2713 2063 τάχα
2739 1991 2859 2044 οὐδὲ
2890 1994 2991 2062 τῆς
3017 1993 3222 2062 σκηνῆς
3242 2009 3259 2024 ο
3297 1989 3460 2044 οὕτω
3489 1991 3605 2042 τῶν
3628 1991 3721 2041 ἐκεῖ

2145 2076 2555 2146 πορνευομένων
2586 2074 2862 2141 γυναικῶν
2919 2073 3317 2143 ἀσελγέστερον
3380 2074 3446 2126 αἰ
3505 2072 3720 2124 ἐνταῦτα

2146 2158 2531 2228 συλλεγόμεναι
2553 2156 3005 2220 καλλωπίζονται.
3039 2155 3133 2209 Διὸ
3159 2155 3224 2225 δή
3251 2155 3509 2215 πολλοὺς
3532 2154 3629 2206 καὶ
3648 2155 3720 2205 ἱν-

2143 2240 2317 2294 ταῦθα
2342 2239 2660 2307 ἐφέλκονται
2685 2238 2791 2291 τῶν
2818 2237 3134 2292 ἀκολάστων
3152 2253 3166 2268 ·
3199 2239 3300 2291 καὶ
3334 2239 3412 2291 ἄν
3450 2254 3515 2290 τε
3541 2237 3720 2304 impio

2143 2325 2233 2379 ταί
2254 2341 2338 2388 τις
2373 2325 2406 2394 ἢ
2434 2323 2686 2394 βούληται
2708 2324 2939 2391 γυναῖκα
2954 2321 3310 2392 διαφθείρειν.
3327 2321 3547 2384 οὐδεὶς.
3563 2315 3718 2389 οἶμαι,

2143 2408 2242 2477 τῆς
2271 2406 2564 2475 ἐκκλησίας
2611 2404 3042 2475 ἐπιτηδειότερος
3069 2403 3217 2474 αὐτῷ
3246 2404 3429 2466 τόπος
3481 2400 3624 2457 εἶναι
3645 2403 3718 2454 δο-

2143 2492 2246 2542 κεῖ.
2289 2490 2388 2543 Ἀν
2412 2506 2472 2542 τε
2501 2487 2816 2558 ὠνήσασθαί
2845 2503 2899 2541 τι
2931 2487 3027 2541 καὶ
3058 2485 3331 2556 πρίασθαι
3361 2486 3502 2560 δὲῃ,
3542 2485 3718 2554 pilis:

2142 2572 2242 2642 τῆς
2260 2571 2464 2642 ἀγορᾶς
2491 2571 2755 2642 χρήσιμος
2779 2571 2812 2641 ή
2843 2569 3107 2640 ἐκκλησία
3140 2570 3433 2638 φαίνεται.
3475 2568 3718 2622 Ἐνταῦθα

2143 2655 2252 2726 γάρ
2279 2655 2374 2710 καὶ
2407 2655 2534 2725 περὶ
2574 2653 2780 2707 τούτων
2831 2652 3049 2716 πλείους
3091 2653 3341 2722 γίνονται
3399 2652 3590 2720 λόγοι,
3615 2654 3647 2720 ἦ
3673 2653 3719 2703 ἓν

2143 2739 2326 2802 αὐτοῖς
2348 2741 2457 2801 τοῖς
2506 2736 2912 2808 ἐργαστηρίοις.
2943 2738 3044 2789 ’Λν
3074 2753 3131 2789 τε
3182 2735 3380 2799 κακῶς
3440 2738 3624 2789 εἰπεῖν
3646 2739 3720 2785 καὶ

2141 2822 2371 2875 ἀκοῦσαι
2419 2820 2712 2891 βούλωνταί
2749 2837 2917 2884 τινες,
2959 2820 3052 2873 καὶ
3105 2817 3266 2872 τοῦτο
3320 2817 3461 2886 ὄψει
3509 2817 3718 2870 Evt-:55:

2147 2904 2366 2977 μᾶλλον,
2397 2905 2431 2976 ἢ
2459 2906 2551 2957 ἐπὶ
2601 2905 2701 2973 τῆς
2744 2904 2951 2973 ἀγορᾶς
2979 2903 3084 2968 ἔξω
3115 2901 3459 2972 συμϐαῖνονο
3502 2903 3608 2956 κᾶν
3636 2902 3722 2953 tivo

2143 2988 2434 3042 πολιτικῶν
2457 3006 2508 3042 τι
2537 2987 2800 3059 βουληθῇς
2826 2986 3055 3041 ἀκοῦσαι
3085 2985 3476 3057 πραγμάτων,
3514 2986 3623 3040 κᾶν
3638 2986 3723 3036 τετε)

2143 3072 2203 3125 ὲν
2243 3072 2461 3138 οἰκίαις,
2486 3070 2590 3124 κᾶν
2617 3070 2724 3124 τῶν
2753 3071 2812 3122 ἐν
2841 3068 3204 3140 στρατοπέδῳ,
3247 3068 3331 3140 μὴ
3375 3068 3626 3142 βαδίσει-,ς
3663 3070 3722 3120 ei:

2144 3153 2512 3224 δικαστήριον,
2543 3153 2676 3224 μηδέ
2705 3151 2938 3227 καθίσῃς
2962 3154 3021 3205 ἐν
3057 3151 3278 3224 ἰατρείῳ
3300 3169 3314 3181 ·
3357 3152 3484 3204 εἰσὶ
3523 3151 3634 3221 γὰρ
3659 3152 3722 3201 ἐν

2145 3235 2337 3299 ταῦθα,
2367 3237 2501 3290 εἰσὶν
2525 3237 2572 3289 οἰ
2600 3235 2816 3292 πάντων
2842 3235 3235 3306 ἀκριϐέστερον
3274 3233 3472 3288 ταῦτα
3529 3235 3718 3288 ἅπαντα

2146 3318 2606 3388 καταγγέλλοντες
2639 3319 2733 3373 καὶ
2771 3318 2950 3373 πάντα
2984 3317 3184 3389 μᾶλλόν
3215 3319 3341 3370 ἐστι
3366 3317 3448 3369 τὰ
3483 3317 3720 3370 ἐνταῦθα.

2144 3402 2178 3472 ἢ
2203 3401 2484 3472 ἐκκλησία.
2536 3401 2691 3471 Τάχα
2735 3401 2941 3472 σφόδρα
2990 3399 3332 3472 καθηψάμην
3365 3400 3591 3469 ὑμῶν’
3643 3400 3722 3451 οὐκ

2145 3487 2322 3556 ἔγωγε
2355 3483 2528 3557 οἶμαι.
2553 3487 2724 3541 Ὀταν
2748 3488 2856 3558 γάρ
2885 3489 2998 3549 τοῖς
3043 3486 3229 3548 αὐτοῖς
3255 3484 3613 3555 ἐπιμένητε.
3647 3487 3720 3535 ςέο

2147 3569 2239 3625 θεν
2260 3570 2496 3640 εἴσομαι,
2517 3571 2599 3624 ὅτι
2617 3569 2874 3624 καθίκετο
2897 3568 3050 3639 ὑμῶν
3076 3568 3145 3621 τά
3168 3567 3456 3638 εἰρημένα
3479 3585 3498 3631 ;
3533 3566 3722 3619 θᾶκοζν

2146 3653 2252 3707 τῶν
2309 3652 2489 3706 αὐτῶν
2533 3654 2828 3721 ἀναγκαῖον
2865 3651 3107 3723 ἅψασθαι
3145 3651 3331 3704 πάλιν.
3389 3649 3607 3704 Ταῦτα
3649 3644 3722 3700 σξη

2146 3736 2376 3801 ἀνεκτά;
2410 3735 2584 3790 ταῦτα
2608 3735 2861 3806 φορητάς
2913 3733 3248 3804 Κοπτόμεθα
3296 3730 3436 3785 καθ’
3497 3733 3720 3798 ἑκάστῃ

2145 3821 2364 3891 ἡμέραν
2427 3819 2521 3872 καὶ
2572 3817 2950 3888 διασπώμεθα,
3001 3817 3091 3870 ἵνα
3151 3832 3206 3868 τι
3254 3815 3561 3884 χρήσιμον
3641 3833 3724 3881 μισ

2148 3904 2330 3966 θόντες
2356 3899 2640 3971 ἀπέλθητε·
2672 3900 2767 3954 καὶ
2793 3901 2967 3962 οὐδεὶς
2986 3897 3140 3968 ὑμῶν
3161 3915 3216 3950 τι
3253 3895 3414 3968 [342]

2146 3987 2386 4050 ἄπεισιν,
2431 3984 2565 4040 ἀλλά
2614 3985 2710 4039 καὶ
2764 3983 2979 4054 βλαϐεὶς
3025 3982 3310 4052 μειζόνως.
3355 3981 3482 4032 Καὶ
3515 3981 3628 4049 γὰρ
3660 3981 3722 4036 εὲς

2147 4073 2323 4142 κρῖμα
2351 4067 2699 4140 συνέρχεσθε,
2725 4069 2996 4138 πρόφασιν
3028 4065 3214 4119 ούκέτι
3244 4065 3375 4136 περὶ
3405 4065 3527 4134 τῆς
3563 4066 3723 4132 ἁμαρ-

2147 4153 2264 4216 τίας
2317 4152 2549 4222 ἔχοντες,
2598 4151 2691 4204 καὶ
2740 4151 2864 4212 τοὺς
2897 4146 3341 4217 ἐπιεικεστέρους
3391 4147 3719 4217 ἐκκρούει-ε.

2147 4238 2267 4298 ταῖς
2313 4234 2604 4306 ὑμετέραις
2670 4231 2961 4301 φλυαρίαις
3013 4229 3360 4300 ἐνοχλοῦντες

2101 4337 2108 4344 ’
2160 4317 2318 4373 Ἀλλά
2346 4318 2429 4380 τίς
2458 4320 2485 4371 6
2511 4316 2618 4370 τῶν
2653 4315 2859 4369 πολλῶν
2888 4313 3041 4380 λόγος
3065 4331 3080 4378 ;
3103 4313 3215 4365 Οὐκ
3240 4311 3429 4366 ἀκούω
3453 4313 3581 4365 τῶν
3607 4315 3721 4366 ἀνα-

2148 4401 2587 4471 γινωσκομένων,
2624 4397 2810 4468 φησὶν.
2844 4397 2964 4450 ούδέ
3004 4391 3125 4449 οἶδα
3162 4394 3284 4448 τίνα
3317 4394 3440 4448 ἐστὶ
3481 4397 3559 4448 τὰ
3584 4396 3720 4463 1:79-

2152 4502 2305 4556 μενα.
2353 4483 2570 4553 Ἐπειδὴ
2614 4481 2886 4551 θορυϐεῖς,
2937 4477 3122 4548 ἐπειδὴ
3155 4477 3492 4547 ταράσσεις,
3546 4481 3722 4544 Eas-.57:

2153 4567 2288 4638 μετά
2311 4565 2487 4637 ψυχῆς
2508 4564 2794 4618 εὐλάϐειαν
2822 4562 3049 4633 ἐχούσης
3077 4563 3137 4615 οὐ
3167 4561 3480 4632 παραγίνῃ.
3504 4563 3576 4616 τί
3605 4567 3712 4631 gf;

2147 4651 2247 4704 οὐκ
2273 4644 2422 4713 οῖδας
2452 4650 2572 4702 τίνα
2616 4647 2731 4700 ἐστί
2769 4647 2838 4701 τά
2872 4645 3174 4716 λεγόμενα;
3207 4644 3287 4697 Δι’
3320 4645 3462 4698 αὐτὸ
3503 4647 3612 4716 μὲν
3640 4645 3718 4698 οὖν

2147 4733 2304 4787 τοῦτο
2329 4731 2614 4805 προσέχειν
2648 4730 2835 4802 ἐχρῆν.
2873 4731 2934 4783 Εἰ
2959 4730 3014 4782 δὲ
3045 4728 3165 4781 οῦδὲ
3187 4728 3249 4781 τὸ
3283 4729 3509 4796 ἀσαφὲς
3533 4730 3716 4798 διεγεὲ-

2153 4832 2232 4886 ρει
2263 4831 2355 4868 σου
2380 4814 2478 4885 τήν
2502 4813 2700 4883 ψυχὴν,
2737 4811 2914 4883 πολλῴ
2945 4811 3164 4881 μᾶλλον,
3188 4811 3238 4864 εἰ
3276 4811 3425 4881 σαφῆ
3455 4807 3556 4882 ἦν,
3592 4830 3714 4880 εαρ-

2149 4898 2399 4968 έδραμες.
2440 4897 2537 4950 Διά
2567 4896 2673 4966 γάρ
2698 4894 2857 4948 τοῦτο
2887 4893 3013 4948 οῦτε
3045 4895 3188 4964 σαφῆ
3222 4893 3402 4946 πάντα
3433 4895 3617 4955 ἐστὶν,
3644 4897 3714 4945 Eu

2153 4980 2227 5049 μὴ
2264 4978 2608 5052 ῥᾳθυμήσῃς,
2636 4976 2758 5031 οὔτε
2786 4977 2994 5046 ἀσαφῆ,
3026 4977 3113 5029 ῖνα
3149 4977 3222 5047 μή
3253 4975 3543 5045 ἀπογνῷς,
3573 4979 3718 5030 K325

2153 5063 2250 5131 μὲν
2271 5061 2522 5131 εὐνοῦχος
2551 5063 2755 5125 ἐκεῖνος
2797 5061 2892 5114 καὶ
2918 5058 3190 5131 βάρϐαρος
3212 5058 3369 5112 οὐδὲν
3399 5057 3622 5111 τούτων
3645 5054 3716 5109 εἷ-

2151 5161 2271 5208 πεν,
2293 5143 2429 5197 ἀλλά
2459 5145 2550 5197 καὶ
2581 5143 2848 5213 τοσούτων
2880 5145 3218 5215 πραγμάτων
3241 5140 3386 5211 ὄχλῳ
3414 5140 3714 5211 κυκλούμε-

2153 5244 2261 5290 νος,
2293 5229 2387 5281 καὶ
2415 5231 2473 5281 ἐν
2502 5226 2606 5297 ὀδῷ
2629 5226 2723 5289 ὢν,
2758 5225 2959 5296 βιϐλίον
2987 5225 3126 5295 μετά
3155 5225 3342 5293 χεῖρας
3372 5219 3492 5292 εἶχε
3521 5225 3714 5276 καὶάν-

2154 5311 2436 5378 εγίνωσκε,
2465 5311 2564 5364 οὐκ
2587 5309 2740 5374 εἰδὼς
2769 5309 2914 5378 ἀπερ
2936 5308 3266 5375 ἀνεγίνωσκε
3289 5322 3304 5336 ·
3355 5307 3422 5358 σὺ
3453 5305 3516 5358 δὲ
3547 5307 3642 5357 καὶ
3662 5310 3712 5357 ἐν

2154 5389 2495 5450 διδασκάλων
2519 5395 2751 5464 εὐπορία
2795 5391 2892 5458 ὢν,
2925 5393 3018 5447 καὶ
3047 5391 3266 5456 ἐτέρους
3296 5390 3437 5459 ἔχων
3458 5390 3596 5451 τοὺς
3623 5390 3710 5440 ὐτ-

2157 5479 2649 5548 αναγινώσκοντας,
2691 5477 2916 5547 σκήψεις
2943 5473 3218 5545 προϐάλλῃ
3256 5489 3346 5541 μοι
3384 5470 3709 5538 1131:9093-

2160 5579 2292 5627 σεις.
2325 5563 2439 5617 Οὐκ
2458 5558 2614 5616 οἶσθα
2639 5561 2705 5616 τά
2732 5561 3030 5630 λεγόμενα;
3079 5556 3286 5612 Οὐκοῦν
3314 5551 3460 5620 εὖξαι
3493 5555 3588 5606 ἴνα
3618 5557 3710 5623 μά-

2161 5646 2259 5719 θῃς
2280 5663 2294 5677 ο
2350 5647 2546 5716 μᾶλλον
2573 5645 2630 5700 δὲ
2654 5644 2931 5715 ἀμήχανον
2973 5642 3147 5696 πάντα
3185 5641 3417 5707 ἀγνοεῖν.
3464 5638 3582 5719 Καὶ
3611 5639 3710 5704 γὰρ

2163 5718 2331 5785 πολλὰ
2358 5729 2581 5786 αὐτόθεν
2605 5729 2718 5782 ἐστὶ
2749 5725 3021 5796 κατάδηλα
3055 5727 3147 5778 καὶ
3176 5721 3321 5791 σαφῆ
3341 5739 3353 5752 ·
3392 5718 3599 5790 μᾶλλον
3631 5722 3705 5782 ἃ,
