  <div class='ocr_page' id='page_1' title='image "/cluster/home/n/w/nwhite01/storage/ocr_20150623/61/hvd.32044019190461/320.png"; bbox 0 0 3802 6214; ppageno 0'>
   <div class='ocr_carea' id='block_1_1' title="bbox 157 280 254 339">
    <p class='ocr_par' dir='ltr' id='par_1_1' title="bbox 157 280 254 339">
     <span class='ocr_line' id='line_1_1' title="bbox 157 280 254 339; baseline 0.031 -3"><span class='ocrx_word' id='word_1_1' title='bbox 157 280 254 339; x_wconf 73' lang='grc'><strong>313</strong></span> 
     </span>
    </p>
   </div>
   <div class='ocr_carea' id='block_1_2' title="bbox 160 386 1653 461">
    <p class='ocr_par' dir='ltr' id='par_1_2' title="bbox 160 386 1653 461">
     <span class='ocr_line' id='line_1_2' title="bbox 160 386 1653 461; baseline -0.009 -10"><span class='ocrx_word' id='word_1_2' title='bbox 160 398 310 453; x_wconf 68' lang='lat' dir='ltr'><strong>vidum</strong></span> <span class='ocrx_word' id='word_1_3' title='bbox 338 409 423 452; x_wconf 84' lang='lat' dir='ltr'><strong>non</strong></span> <span class='ocrx_word' id='word_1_4' title='bbox 461 404 560 451; x_wconf 84' lang='lat' dir='ltr'><strong>tam</strong></span> <span class='ocrx_word' id='word_1_5' title='bbox 607 392 767 451; x_wconf 78' lang='lat' dir='ltr'><strong>fuerit</strong></span> <span class='ocrx_word' id='word_1_6' title='bbox 803 392 1052 449; x_wconf 85' lang='lat' dir='ltr'><strong>indicium</strong></span> <span class='ocrx_word' id='word_1_7' title='bbox 1095 390 1235 461; x_wconf 87' lang='lat' dir='ltr'><strong>quod</strong></span> <span class='ocrx_word' id='word_1_8' title='bbox 1273 386 1519 443; x_wconf 85' lang='lat' dir='ltr'><strong>secundis</strong></span> <span class='ocrx_word' id='word_1_9' title='bbox 1546 401 1653 441; x_wconf 91' lang='lat' dir='ltr'><strong>non</strong></span> 
     </span>
    </p>
   </div>
   <div class='ocr_carea' id='block_1_3' title="bbox 154 479 1655 560">
    <p class='ocr_par' dir='ltr' id='par_1_3' title="bbox 154 479 1655 560">
     <span class='ocr_line' id='line_1_3' title="bbox 154 479 1655 560; baseline -0.007 -17"><span class='ocrx_word' id='word_1_10' title='bbox 154 491 451 560; x_wconf 74' lang='lat' dir='ltr'><strong>coniungatur</strong></span> <span class='ocrx_word' id='word_1_11' title='bbox 481 487 694 557; x_wconf 79' lang='lat' dir='ltr'><strong>nuptiis,</strong></span> <span class='ocrx_word' id='word_1_12' title='bbox 723 502 879 558; x_wconf 87' lang='lat' dir='ltr'><strong>quam</strong></span> <span class='ocrx_word' id='word_1_13' title='bbox 925 485 1039 540; x_wconf 70' lang='lat' dir='ltr'><strong>haec</strong></span> <span class='ocrx_word' id='word_1_14' title='bbox 1078 484 1200 549; x_wconf 90' lang='lat' dir='ltr'><strong>alia,</strong></span> <span class='ocrx_word' id='word_1_15' title='bbox 1233 498 1423 550; x_wconf 82' lang='lat' dir='ltr'><strong>nempe</strong></span> <span class='ocrx_word' id='word_1_16' title='bbox 1460 479 1655 535; x_wconf 87' lang='lat' dir='ltr'><strong>caritas</strong></span> 
     </span>
    </p>
   </div>
   <div class='ocr_carea' id='block_1_4' title="bbox 146 572 1653 650">
    <p class='ocr_par' dir='ltr' id='par_1_4' title="bbox 146 572 1653 650">
     <span class='ocr_line' id='line_1_4' title="bbox 146 572 1653 650; baseline -0.006 -17"><span class='ocrx_word' id='word_1_17' title='bbox 146 582 197 633; x_wconf 90' lang='lat' dir='ltr'><strong>in</strong></span> <span class='ocrx_word' id='word_1_18' title='bbox 234 594 459 650; x_wconf 76' lang='lat' dir='ltr'><strong>pauperes,</strong></span> <span class='ocrx_word' id='word_1_19' title='bbox 488 579 842 648; x_wconf 82' lang='lat' dir='ltr'><strong>hospitalitas,</strong></span> <span class='ocrx_word' id='word_1_20' title='bbox 884 575 938 631; x_wconf 81' lang='lat' dir='ltr'><strong>ia</strong></span> <span class='ocrx_word' id='word_1_21' title='bbox 984 575 1227 646; x_wconf 74' lang='lat' dir='ltr'><strong>precibus</strong></span> <span class='ocrx_word' id='word_1_22' title='bbox 1267 572 1570 636; x_wconf 70' lang='lat' dir='ltr'><strong>assiduitas,</strong></span> <span class='ocrx_word' id='word_1_23' title='bbox 1599 576 1653 624; x_wconf 85' lang='lat' dir='ltr'><strong>et</strong></span> 
     </span>
    </p>
   </div>
   <div class='ocr_carea' id='block_1_5' title="bbox 141 661 1651 742">
    <p class='ocr_par' dir='ltr' id='par_1_5' title="bbox 141 661 1651 742">
     <span class='ocr_line' id='line_1_5' title="bbox 141 661 1651 742; baseline -0.006 -17"><span class='ocrx_word' id='word_1_24' title='bbox 141 674 239 727; x_wconf 78' lang='lat' dir='ltr'><strong>alia</strong></span> <span class='ocrx_word' id='word_1_25' title='bbox 257 674 420 737; x_wconf 78' lang='lat' dir='ltr'><strong>omnia,</strong></span> <span class='ocrx_word' id='word_1_26' title='bbox 440 688 546 742; x_wconf 72' lang='lat' dir='ltr'><strong>qua:</strong></span> <span class='ocrx_word' id='word_1_27' title='bbox 565 671 903 726; x_wconf 71' lang='lat' dir='ltr'><strong>exactissime</strong></span> <span class='ocrx_word' id='word_1_28' title='bbox 924 669 1090 739; x_wconf 85' lang='lat' dir='ltr'><strong>exigit</strong></span> <span class='ocrx_word' id='word_1_29' title='bbox 1114 667 1306 724; x_wconf 82' lang='lat' dir='ltr'><strong>Paulus</strong></span> <span class='ocrx_word' id='word_1_30' title='bbox 1326 666 1563 722; x_wconf 88' lang='lat' dir='ltr'><strong>scribens</strong></span> <span class='ocrx_word' id='word_1_31' title='bbox 1584 661 1651 717; x_wconf 89' lang='lat' dir='ltr'><strong>ad</strong></span> 
     </span>
    </p>
   </div>
   <div class='ocr_carea' id='block_1_6' title="bbox 139 762 793 833">
    <p class='ocr_par' dir='ltr' id='par_1_6' title="bbox 139 762 793 833">
     <span class='ocr_line' id='line_1_6' title="bbox 139 762 793 833; baseline -0.006 -15"><span class='ocrx_word' id='word_1_32' title='bbox 139 762 433 819; x_wconf 74' lang='lat' dir='ltr'><strong>Timotheum</strong></span> <span class='ocrx_word' id='word_1_33' title='bbox 458 765 523 832; x_wconf 90' lang='lat' dir='ltr'><strong>(l.</strong></span> <span class='ocrx_word' id='word_1_34' title='bbox 553 762 686 817; x_wconf 84' lang='lat' dir='ltr'><strong>Tim.</strong></span> <span class='ocrx_word' id='word_1_35' title='bbox 716 762 793 833; x_wconf 86' lang='lat'><strong>5).</strong></span> 
     </span>
    </p>
   </div>
   <div class='ocr_carea' id='block_1_7' title="bbox 208 848 1647 925">
    <p class='ocr_par' dir='ltr' id='par_1_7' title="bbox 208 848 1647 925">
     <span class='ocr_line' id='line_1_7' title="bbox 208 848 1647 925; baseline -0.005 -16"><span class='ocrx_word' id='word_1_36' title='bbox 208 852 491 925; x_wconf 75' lang='lat' dir='ltr'><strong>Eleemosyna</strong></span> <span class='ocrx_word' id='word_1_37' title='bbox 511 865 752 922; x_wconf 77' lang='lat' dir='ltr'><strong>quantum</strong></span> <span class='ocrx_word' id='word_1_38' title='bbox 773 861 1140 906; x_wconf 71' lang='lat' dir='ltr'><strong>ornamentum.</strong></span> <span class='ocrx_word' id='word_1_39' title='bbox 1164 880 1233 890; x_wconf 89' lang='lat'><strong>—-</strong></span> <span class='ocrx_word' id='word_1_40' title='bbox 1254 849 1463 904; x_wconf 85' lang='lat' dir='ltr'><strong>Videris</strong></span> <span class='ocrx_word' id='word_1_41' title='bbox 1490 848 1647 903; x_wconf 86' lang='lat' dir='ltr'><strong>etiam</strong></span> 
     </span>
    </p>
   </div>
   <div class='ocr_carea' id='block_1_8' title="bbox 130 940 1647 1015">
    <p class='ocr_par' dir='ltr' id='par_1_8' title="bbox 130 940 1647 1015">
     <span class='ocr_line' id='line_1_8' title="bbox 130 940 1647 1015; baseline -0.004 -16"><span class='ocrx_word' id='word_1_42' title='bbox 130 958 245 1011; x_wconf 84' lang='lat' dir='ltr'><strong>eas,</strong></span> <span class='ocrx_word' id='word_1_43' title='bbox 270 960 370 1015; x_wconf 79' lang='lat' dir='ltr'><strong>qtne</strong></span> <span class='ocrx_word' id='word_1_44' title='bbox 391 954 496 1000; x_wconf 89' lang='lat' dir='ltr'><strong>sunt</strong></span> <span class='ocrx_word' id='word_1_45' title='bbox 515 943 714 1013; x_wconf 71' lang='lat' dir='ltr'><strong>juncta:</strong></span> <span class='ocrx_word' id='word_1_46' title='bbox 744 942 1101 1007; x_wconf 84' lang='lat' dir='ltr'><strong>matrimonio,</strong></span> <span class='ocrx_word' id='word_1_47' title='bbox 1133 940 1271 1010; x_wconf 89' lang='lat' dir='ltr'><strong>apud</strong></span> <span class='ocrx_word' id='word_1_48' title='bbox 1301 955 1399 994; x_wconf 90' lang='lat' dir='ltr'><strong>nos</strong></span> <span class='ocrx_word' id='word_1_49' title='bbox 1428 940 1647 995; x_wconf 87' lang='lat' dir='ltr'><strong>multam</strong></span> 
     </span>
    </p>
   </div>
   <div class='ocr_carea' id='block_1_9' title="bbox 125 1031 1646 1102">
    <p class='ocr_par' dir='ltr' id='par_1_9' title="bbox 125 1031 1646 1102">
     <span class='ocr_line' id='line_1_9' title="bbox 125 1031 1646 1102; baseline -0.003 -13"><span class='ocrx_word' id='word_1_50' title='bbox 125 1035 385 1091; x_wconf 75' lang='lat' dir='ltr'><strong>ostendere</strong></span> <span class='ocrx_word' id='word_1_51' title='bbox 416 1035 733 1089; x_wconf 86' lang='lat' dir='ltr'><strong>honestatem</strong></span> <span class='ocrx_word' id='word_1_52' title='bbox 763 1052 778 1090; x_wconf 88' lang='lat'><strong>:</strong></span> <span class='ocrx_word' id='word_1_53' title='bbox 808 1032 901 1088; x_wconf 90' lang='lat' dir='ltr'><strong>sed</strong></span> <span class='ocrx_word' id='word_1_54' title='bbox 927 1048 1030 1087; x_wconf 91' lang='lat' dir='ltr'><strong>non</strong></span> <span class='ocrx_word' id='word_1_55' title='bbox 1060 1042 1141 1087; x_wconf 90' lang='lat' dir='ltr'><strong>est</strong></span> <span class='ocrx_word' id='word_1_56' title='bbox 1171 1035 1271 1086; x_wconf 83' lang='lat' dir='ltr'><strong>hoc</strong></span> <span class='ocrx_word' id='word_1_57' title='bbox 1300 1032 1473 1087; x_wconf 89' lang='lat' dir='ltr'><strong>solum</strong></span> <span class='ocrx_word' id='word_1_58' title='bbox 1506 1031 1646 1102; x_wconf 89' lang='lat' dir='ltr'><strong>quod</strong></span> 
     </span>
    </p>
   </div>
   <div class='ocr_carea' id='block_1_10' title="bbox 119 1125 1648 1197">
    <p class='ocr_par' dir='ltr' id='par_1_10' title="bbox 119 1125 1648 1197">
     <span class='ocr_line' id='line_1_10' title="bbox 119 1125 1648 1197; baseline 0.003 -19"><span class='ocrx_word' id='word_1_59' title='bbox 119 1127 360 1193; x_wconf 61' lang='lat' dir='ltr'><strong>quaeritur</strong></span> <span class='ocrx_word' id='word_1_60' title='bbox 378 1169 390 1190; x_wconf 91' lang='lat'><strong>,</strong></span> <span class='ocrx_word' id='word_1_61' title='bbox 416 1125 498 1182; x_wconf 88' lang='lat' dir='ltr'><strong>sed</strong></span> <span class='ocrx_word' id='word_1_62' title='bbox 525 1126 747 1195; x_wconf 73' lang='lat' dir='ltr'><strong>diligens</strong></span> <span class='ocrx_word' id='word_1_63' title='bbox 763 1140 887 1181; x_wconf 88' lang='lat' dir='ltr'><strong>cura</strong></span> <span class='ocrx_word' id='word_1_64' title='bbox 904 1134 958 1181; x_wconf 87' lang='lat' dir='ltr'><strong>et</strong></span> <span class='ocrx_word' id='word_1_65' title='bbox 971 1126 1204 1182; x_wconf 89' lang='lat' dir='ltr'><strong>studium</strong></span> <span class='ocrx_word' id='word_1_66' title='bbox 1221 1142 1526 1197; x_wconf 89' lang='lat' dir='ltr'><strong>egenorum,</strong></span> <span class='ocrx_word' id='word_1_67' title='bbox 1554 1142 1648 1196; x_wconf 91' lang='lat' dir='ltr'><strong>per</strong></span> 
     </span>
    </p>
   </div>
   <div class='ocr_carea' id='block_1_11' title="bbox 115 1216 1646 1287">
    <p class='ocr_par' dir='ltr' id='par_1_11' title="bbox 115 1216 1646 1287">
     <span class='ocr_line' id='line_1_11' title="bbox 115 1216 1646 1287; baseline 0.003 -19"><span class='ocrx_word' id='word_1_68' title='bbox 115 1216 259 1283; x_wconf 86' lang='lat' dir='ltr'><strong>quod</strong></span> <span class='ocrx_word' id='word_1_69' title='bbox 287 1220 443 1286; x_wconf 72' lang='lat' dir='ltr'><strong>priscae</strong></span> <span class='ocrx_word' id='word_1_70' title='bbox 466 1216 710 1271; x_wconf 82' lang='lat' dir='ltr'><strong>mulieres</strong></span> <span class='ocrx_word' id='word_1_71' title='bbox 736 1216 890 1271; x_wconf 86' lang='lat' dir='ltr'><strong>valde</strong></span> <span class='ocrx_word' id='word_1_72' title='bbox 914 1216 1352 1287; x_wconf 89' lang='lat' dir='ltr'><strong>resplendebant:</strong></span> <span class='ocrx_word' id='word_1_73' title='bbox 1379 1234 1483 1272; x_wconf 90' lang='lat' dir='ltr'><strong>non</strong></span> <span class='ocrx_word' id='word_1_74' title='bbox 1510 1219 1646 1273; x_wconf 87' lang='lat' dir='ltr'><strong>sicut</strong></span> 
     </span>
    </p>
   </div>
   <div class='ocr_carea' id='block_1_12' title="bbox 113 1308 1645 1379">
    <p class='ocr_par' dir='ltr' id='par_1_12' title="bbox 113 1308 1645 1379">
     <span class='ocr_line' id='line_1_12' title="bbox 113 1308 1645 1379; baseline 0.004 -20"><span class='ocrx_word' id='word_1_75' title='bbox 113 1309 294 1363; x_wconf 78' lang='lat' dir='ltr'><strong>mutue</strong></span> <span class='ocrx_word' id='word_1_76' title='bbox 316 1325 372 1364; x_wconf 90' lang='lat' dir='ltr'><strong>ex</strong></span> <span class='ocrx_word' id='word_1_77' title='bbox 394 1309 447 1363; x_wconf 91' lang='lat' dir='ltr'><strong>iis</strong></span> <span class='ocrx_word' id='word_1_78' title='bbox 470 1324 583 1379; x_wconf 64' lang='lat' dir='ltr'><strong>qua:</strong></span> <span class='ocrx_word' id='word_1_79' title='bbox 606 1317 731 1365; x_wconf 89' lang='lat' dir='ltr'><strong>sunt</strong></span> <span class='ocrx_word' id='word_1_80' title='bbox 755 1308 951 1365; x_wconf 88' lang='lat' dir='ltr'><strong>nostris</strong></span> <span class='ocrx_word' id='word_1_81' title='bbox 978 1308 1325 1379; x_wconf 81' lang='lat' dir='ltr'><strong>temporibus.</strong></span> <span class='ocrx_word' id='word_1_82' title='bbox 1356 1308 1486 1363; x_wconf 82' lang='lat' dir='ltr'><strong>Nam</strong></span> <span class='ocrx_word' id='word_1_83' title='bbox 1519 1318 1645 1365; x_wconf 92' lang='lat' dir='ltr'><strong>tunc</strong></span> 
     </span>
    </p>
   </div>
   <div class='ocr_carea' id='block_1_13' title="bbox 108 1399 1645 1473">
    <p class='ocr_par' dir='ltr' id='par_1_13' title="bbox 108 1399 1645 1473">
     <span class='ocr_line' id='line_1_13' title="bbox 108 1399 1645 1473; baseline 0.003 -22"><span class='ocrx_word' id='word_1_84' title='bbox 108 1399 319 1467; x_wconf 84' lang='lat' dir='ltr'><strong>quidem</strong></span> <span class='ocrx_word' id='word_1_85' title='bbox 365 1414 447 1470; x_wconf 90' lang='lat' dir='ltr'><strong>pro</strong></span> <span class='ocrx_word' id='word_1_86' title='bbox 492 1415 622 1455; x_wconf 88' lang='lat' dir='ltr'><strong>auro</strong></span> <span class='ocrx_word' id='word_1_87' title='bbox 668 1401 1022 1473; x_wconf 73' lang='lat' dir='ltr'><strong>cleemosynte</strong></span> <span class='ocrx_word' id='word_1_88' title='bbox 1076 1400 1427 1456; x_wconf 89' lang='lat' dir='ltr'><strong>induebantur</strong></span> <span class='ocrx_word' id='word_1_89' title='bbox 1485 1416 1645 1456; x_wconf 86' lang='lat' dir='ltr'><strong>orna-</strong></span> 
     </span>
    </p>
   </div>
   <div class='ocr_carea' id='block_1_14' title="bbox 108 1494 1641 1562">
    <p class='ocr_par' dir='ltr' id='par_1_14' title="bbox 108 1494 1641 1562">
     <span class='ocr_line' id='line_1_14' title="bbox 108 1494 1641 1562; baseline 0.006 -19"><span class='ocrx_word' id='word_1_90' title='bbox 108 1500 317 1557; x_wconf 88' lang='lat' dir='ltr'><strong>mento;</strong></span> <span class='ocrx_word' id='word_1_91' title='bbox 356 1508 479 1547; x_wconf 91' lang='lat' dir='ltr'><strong>nunc</strong></span> <span class='ocrx_word' id='word_1_92' title='bbox 513 1502 689 1548; x_wconf 87' lang='lat' dir='ltr'><strong>autem</strong></span> <span class='ocrx_word' id='word_1_93' title='bbox 724 1494 823 1548; x_wconf 87' lang='lat' dir='ltr'><strong>hoc</strong></span> <span class='ocrx_word' id='word_1_94' title='bbox 849 1495 1103 1562; x_wconf 89' lang='lat' dir='ltr'><strong>dimisso,</strong></span> <span class='ocrx_word' id='word_1_95' title='bbox 1135 1494 1347 1550; x_wconf 88' lang='lat' dir='ltr'><strong>funibus</strong></span> <span class='ocrx_word' id='word_1_96' title='bbox 1371 1496 1547 1551; x_wconf 85' lang='lat' dir='ltr'><strong>aureis</strong></span> <span class='ocrx_word' id='word_1_97' title='bbox 1574 1512 1641 1552; x_wconf 85' lang='lat' dir='ltr'><strong>ex</strong></span> 
     </span>
    </p>
   </div>
   <div class='ocr_carea' id='block_1_15' title="bbox 108 1587 1641 1653">
    <p class='ocr_par' dir='ltr' id='par_1_15' title="bbox 108 1587 1641 1653">
     <span class='ocr_line' id='line_1_15' title="bbox 108 1587 1641 1653; baseline 0.005 -17"><span class='ocrx_word' id='word_1_98' title='bbox 108 1594 289 1639; x_wconf 75' lang='lat' dir='ltr'><strong>eatena</strong></span> <span class='ocrx_word' id='word_1_99' title='bbox 330 1593 646 1653; x_wconf 84' lang='lat' dir='ltr'><strong>peccatorum</strong></span> <span class='ocrx_word' id='word_1_100' title='bbox 692 1588 952 1642; x_wconf 80' lang='lat' dir='ltr'><strong>contextis</strong></span> <span class='ocrx_word' id='word_1_101' title='bbox 995 1588 1335 1643; x_wconf 84' lang='lat' dir='ltr'><strong>amiciuntur.</strong></span> <span class='ocrx_word' id='word_1_102' title='bbox 1391 1587 1641 1644; x_wconf 87' lang='lat' dir='ltr'><strong>Dieamne</strong></span> 
     </span>
    </p>
   </div>
   <div class='ocr_carea' id='block_1_16' title="bbox 108 1674 1639 1747">
    <p class='ocr_par' dir='ltr' id='par_1_16' title="bbox 108 1674 1639 1747">
     <span class='ocr_line' id='line_1_16' title="bbox 108 1674 1639 1747; baseline 0.006 -22"><span class='ocrx_word' id='word_1_103' title='bbox 108 1674 263 1727; x_wconf 62' lang='lat' dir='ltr'><strong>etiam</strong></span> <span class='ocrx_word' id='word_1_104' title='bbox 308 1675 443 1729; x_wconf 87' lang='lat' dir='ltr'><strong>aliam</strong></span> <span class='ocrx_word' id='word_1_105' title='bbox 481 1675 690 1732; x_wconf 88' lang='lat' dir='ltr'><strong>thecam</strong></span> <span class='ocrx_word' id='word_1_106' title='bbox 731 1687 1045 1733; x_wconf 89' lang='lat' dir='ltr'><strong>ornamento</strong></span> <span class='ocrx_word' id='word_1_107' title='bbox 1082 1680 1251 1747; x_wconf 91' lang='lat' dir='ltr'><strong>patrio</strong></span> <span class='ocrx_word' id='word_1_108' title='bbox 1279 1679 1639 1734; x_wconf 86' lang='lat' dir='ltr'><strong>exinanitam?</strong></span> 
     </span>
    </p>
   </div>
   <div class='ocr_carea' id='block_1_17' title="bbox 107 1763 1633 1838">
    <p class='ocr_par' dir='ltr' id='par_1_17' title="bbox 107 1763 1633 1838">
     <span class='ocr_line' id='line_1_17' title="bbox 107 1763 1633 1838; baseline 0.005 -21"><span class='ocrx_word' id='word_1_109' title='bbox 107 1763 467 1820; x_wconf 76' lang='lat' dir='ltr'><strong>.‘ouveniebant</strong></span> <span class='ocrx_word' id='word_1_110' title='bbox 495 1766 618 1820; x_wconf 86' lang='lat' dir='ltr'><strong>olnn</strong></span> <span class='ocrx_word' id='word_1_111' title='bbox 641 1781 849 1833; x_wconf 92' lang='lat' dir='ltr'><strong>omnes,</strong></span> <span class='ocrx_word' id='word_1_112' title='bbox 874 1778 929 1823; x_wconf 88' lang='lat' dir='ltr'><strong>et</strong></span> <span class='ocrx_word' id='word_1_113' title='bbox 948 1768 1242 1838; x_wconf 83' lang='lat' dir='ltr'><strong>psallebant</strong></span> <span class='ocrx_word' id='word_1_114' title='bbox 1264 1770 1633 1826; x_wconf 88' lang='lat' dir='ltr'><strong>communiter.</strong></span> 
     </span>
    </p>
   </div>
   <div class='ocr_carea' id='block_1_18' title="bbox 114 1853 1638 1930">
    <p class='ocr_par' dir='ltr' id='par_1_18' title="bbox 114 1853 1638 1930">
     <span class='ocr_line' id='line_1_18' title="bbox 114 1853 1638 1930; baseline 0.007 -24"><span class='ocrx_word' id='word_1_115' title='bbox 114 1853 213 1907; x_wconf 89' lang='lat' dir='ltr'><strong>loc</strong></span> <span class='ocrx_word' id='word_1_116' title='bbox 234 1869 359 1908; x_wconf 90' lang='lat' dir='ltr'><strong>nunc</strong></span> <span class='ocrx_word' id='word_1_117' title='bbox 377 1870 572 1927; x_wconf 89' lang='lat' dir='ltr'><strong>quoque</strong></span> <span class='ocrx_word' id='word_1_118' title='bbox 600 1857 851 1923; x_wconf 89' lang='lat' dir='ltr'><strong>facimus;</strong></span> <span class='ocrx_word' id='word_1_119' title='bbox 882 1858 976 1913; x_wconf 89' lang='lat' dir='ltr'><strong>sed</strong></span> <span class='ocrx_word' id='word_1_120' title='bbox 1007 1868 1130 1915; x_wconf 91' lang='lat' dir='ltr'><strong>tunc</strong></span> <span class='ocrx_word' id='word_1_121' title='bbox 1152 1858 1362 1930; x_wconf 89' lang='lat' dir='ltr'><strong>quidem</strong></span> <span class='ocrx_word' id='word_1_122' title='bbox 1387 1860 1437 1915; x_wconf 89' lang='lat' dir='ltr'><strong>in</strong></span> <span class='ocrx_word' id='word_1_123' title='bbox 1466 1862 1638 1916; x_wconf 91' lang='lat' dir='ltr'><strong>omni-</strong></span> 
     </span>
    </p>
   </div>
   <div class='ocr_carea' id='block_1_19' title="bbox 107 1948 1635 2015">
    <p class='ocr_par' dir='ltr' id='par_1_19' title="bbox 107 1948 1635 2015">
     <span class='ocr_line' id='line_1_19' title="bbox 107 1948 1635 2015; baseline 0.006 -17"><span class='ocrx_word' id='word_1_124' title='bbox 107 1960 191 1998; x_wconf 84' lang='lat' dir='ltr'><strong>-us</strong></span> <span class='ocrx_word' id='word_1_125' title='bbox 228 1960 323 2000; x_wconf 90' lang='lat' dir='ltr'><strong>una</strong></span> <span class='ocrx_word' id='word_1_126' title='bbox 349 1957 450 2002; x_wconf 87' lang='lat' dir='ltr'><strong>erat</strong></span> <span class='ocrx_word' id='word_1_127' title='bbox 476 1948 647 2002; x_wconf 88' lang='lat' dir='ltr'><strong>anima</strong></span> <span class='ocrx_word' id='word_1_128' title='bbox 678 1957 734 2003; x_wconf 91' lang='lat' dir='ltr'><strong>et</strong></span> <span class='ocrx_word' id='word_1_129' title='bbox 766 1963 861 2004; x_wconf 92' lang='lat' dir='ltr'><strong>cor</strong></span> <span class='ocrx_word' id='word_1_130' title='bbox 885 1963 1081 2015; x_wconf 88' lang='lat' dir='ltr'><strong>unum;</strong></span> <span class='ocrx_word' id='word_1_131' title='bbox 1112 1965 1255 2006; x_wconf 88' lang='lat' dir='ltr'><strong>nunc</strong></span> <span class='ocrx_word' id='word_1_132' title='bbox 1278 1960 1454 2007; x_wconf 88' lang='lat' dir='ltr'><strong>autem</strong></span> <span class='ocrx_word' id='word_1_133' title='bbox 1483 1967 1551 2008; x_wconf 92' lang='lat' dir='ltr'><strong>ne</strong></span> <span class='ocrx_word' id='word_1_134' title='bbox 1580 1955 1635 2007; x_wconf 93' lang='lat' dir='ltr'><strong>in</strong></span> 
     </span>
    </p>
   </div>
   <div class='ocr_carea' id='block_1_20' title="bbox 114 2037 1633 2108">
    <p class='ocr_par' dir='ltr' id='par_1_20' title="bbox 114 2037 1633 2108">
     <span class='ocr_line' id='line_1_20' title="bbox 114 2037 1633 2108; baseline 0.008 -22"><span class='ocrx_word' id='word_1_135' title='bbox 114 2052 190 2089; x_wconf 81' lang='lat' dir='ltr'><strong>na</strong></span> <span class='ocrx_word' id='word_1_136' title='bbox 231 2037 422 2108; x_wconf 85' lang='lat' dir='ltr'><strong>quidem</strong></span> <span class='ocrx_word' id='word_1_137' title='bbox 443 2037 614 2093; x_wconf 89' lang='lat' dir='ltr'><strong>anima</strong></span> <span class='ocrx_word' id='word_1_138' title='bbox 641 2039 783 2094; x_wconf 84' lang='lat' dir='ltr'><strong>illam</strong></span> <span class='ocrx_word' id='word_1_139' title='bbox 810 2041 1146 2096; x_wconf 83' lang='lat' dir='ltr'><strong>concordiam</strong></span> <span class='ocrx_word' id='word_1_140' title='bbox 1178 2041 1372 2098; x_wconf 78' lang='lat' dir='ltr'><strong>videris</strong></span> <span class='ocrx_word' id='word_1_141' title='bbox 1408 2053 1463 2098; x_wconf 95' lang='lat' dir='ltr'><strong>et</strong></span> <span class='ocrx_word' id='word_1_142' title='bbox 1499 2058 1633 2099; x_wconf 90' lang='lat' dir='ltr'><strong>con-</strong></span> 
     </span>
    </p>
   </div>
   <div class='ocr_carea' id='block_1_21' title="bbox 106 2129 1634 2202">
    <p class='ocr_par' dir='ltr' id='par_1_21' title="bbox 106 2129 1634 2202">
     <span class='ocr_line' id='line_1_21' title="bbox 106 2129 1634 2202; baseline 0.005 -21"><span class='ocrx_word' id='word_1_143' title='bbox 106 2144 320 2196; x_wconf 84' lang='lat' dir='ltr'><strong>eusum,</strong></span> <span class='ocrx_word' id='word_1_144' title='bbox 341 2129 424 2185; x_wconf 89' lang='lat' dir='ltr'><strong>sed</strong></span> <span class='ocrx_word' id='word_1_145' title='bbox 447 2129 639 2201; x_wconf 85' lang='lat' dir='ltr'><strong>ubique</strong></span> <span class='ocrx_word' id='word_1_146' title='bbox 659 2146 905 2202; x_wconf 87' lang='lat' dir='ltr'><strong>magnum</strong></span> <span class='ocrx_word' id='word_1_147' title='bbox 927 2140 1009 2187; x_wconf 91' lang='lat' dir='ltr'><strong>est</strong></span> <span class='ocrx_word' id='word_1_148' title='bbox 1029 2131 1247 2189; x_wconf 84' lang='lat' dir='ltr'><strong>bellum.</strong></span> <span class='ocrx_word' id='word_1_149' title='bbox 1275 2132 1464 2189; x_wconf 89' lang='lat' dir='ltr'><strong>Pacem</strong></span> <span class='ocrx_word' id='word_1_150' title='bbox 1492 2149 1634 2190; x_wconf 91' lang='lat' dir='ltr'><strong>nunc</strong></span> 
     </span>
    </p>
   </div>
   <div class='ocr_carea' id='block_1_22' title="bbox 106 2221 1631 2299">
    <p class='ocr_par' dir='ltr' id='par_1_22' title="bbox 106 2221 1631 2299">
     <span class='ocr_line' id='line_1_22' title="bbox 106 2221 1631 2299; baseline 0.007 -26"><span class='ocrx_word' id='word_1_151' title='bbox 106 2221 225 2275; x_wconf 87' lang='lat' dir='ltr'><strong>uod</strong></span> <span class='ocrx_word' id='word_1_152' title='bbox 248 2232 478 2291; x_wconf 81' lang='lat' dir='ltr'><strong>precatur</strong></span> <span class='ocrx_word' id='word_1_153' title='bbox 501 2224 748 2279; x_wconf 87' lang='lat' dir='ltr'><strong>omnibus</strong></span> <span class='ocrx_word' id='word_1_154' title='bbox 773 2225 819 2280; x_wconf 88' lang='lat' dir='ltr'><strong>is</strong></span> <span class='ocrx_word' id='word_1_155' title='bbox 838 2226 927 2295; x_wconf 86' lang='lat' dir='ltr'><strong>qui</strong></span> <span class='ocrx_word' id='word_1_156' title='bbox 952 2234 1144 2295; x_wconf 78' lang='lat' dir='ltr'><strong>praeest</strong></span> <span class='ocrx_word' id='word_1_157' title='bbox 1168 2227 1437 2294; x_wconf 63' lang='lat' dir='ltr'><strong>Ecclesiae,</strong></span> <span class='ocrx_word' id='word_1_158' title='bbox 1463 2237 1522 2283; x_wconf 89' lang='lat' dir='ltr'><strong>ut</strong></span> <span class='ocrx_word' id='word_1_159' title='bbox 1540 2228 1631 2299; x_wconf 89' lang='lat' dir='ltr'><strong>qui</strong></span> 
     </span>
    </p>
   </div>
   <div class='ocr_carea' id='block_1_23' title="bbox 106 2312 1631 2390">
    <p class='ocr_par' dir='ltr' id='par_1_23' title="bbox 106 2312 1631 2390">
     <span class='ocr_line' id='line_1_23' title="bbox 106 2312 1631 2390; baseline 0.006 -25"><span class='ocrx_word' id='word_1_160' title='bbox 106 2331 116 2364; x_wconf 84' lang='grc' dir='ltr'>ι</span> <span class='ocrx_word' id='word_1_161' title='bbox 154 2312 373 2367; x_wconf 88' lang='lat' dir='ltr'><strong>domum</strong></span> <span class='ocrx_word' id='word_1_162' title='bbox 408 2313 694 2384; x_wconf 77' lang='lat' dir='ltr'><strong>ingreditur</strong></span> <span class='ocrx_word' id='word_1_163' title='bbox 719 2326 1027 2385; x_wconf 85' lang='lat' dir='ltr'><strong>paternam;</strong></span> <span class='ocrx_word' id='word_1_164' title='bbox 1054 2318 1150 2373; x_wconf 88' lang='lat' dir='ltr'><strong>sed</strong></span> <span class='ocrx_word' id='word_1_165' title='bbox 1176 2317 1331 2389; x_wconf 83' lang='lat' dir='ltr'><strong>hujus</strong></span> <span class='ocrx_word' id='word_1_166' title='bbox 1361 2320 1505 2390; x_wconf 80' lang='lat' dir='ltr'><strong>pacis</strong></span> <span class='ocrx_word' id='word_1_167' title='bbox 1535 2336 1631 2375; x_wconf 88' lang='lat' dir='ltr'><strong>no-</strong></span> 
     </span>
    </p>
   </div>
   <div class='ocr_carea' id='block_1_24' title="bbox 104 2403 1631 2481">
    <p class='ocr_par' dir='ltr' id='par_1_24' title="bbox 104 2403 1631 2481">
     <span class='ocr_line' id='line_1_24' title="bbox 104 2403 1631 2481; baseline 0.01 -28"><span class='ocrx_word' id='word_1_168' title='bbox 104 2419 199 2455; x_wconf 68' lang='lat' dir='ltr'><strong>aen</strong></span> <span class='ocrx_word' id='word_1_169' title='bbox 227 2403 426 2473; x_wconf 88' lang='lat' dir='ltr'><strong>quidem</strong></span> <span class='ocrx_word' id='word_1_170' title='bbox 454 2413 533 2459; x_wconf 90' lang='lat' dir='ltr'><strong>est</strong></span> <span class='ocrx_word' id='word_1_171' title='bbox 557 2406 823 2477; x_wconf 78' lang='lat' dir='ltr'><strong>frequens,</strong></span> <span class='ocrx_word' id='word_1_172' title='bbox 856 2422 943 2462; x_wconf 88' lang='lat' dir='ltr'><strong>res</strong></span> <span class='ocrx_word' id='word_1_173' title='bbox 968 2418 1144 2463; x_wconf 89' lang='lat' dir='ltr'><strong>autem</strong></span> <span class='ocrx_word' id='word_1_174' title='bbox 1172 2424 1452 2481; x_wconf 87' lang='lat' dir='ltr'><strong>nusquam.</strong></span> <span class='ocrx_word' id='word_1_175' title='bbox 1482 2410 1631 2468; x_wconf 90' lang='lat' dir='ltr'><strong>Tunc</strong></span> 
     </span>
    </p>
   </div>
   <div class='ocr_carea' id='block_1_25' title="bbox 104 2495 1630 2564">
    <p class='ocr_par' dir='ltr' id='par_1_25' title="bbox 104 2495 1630 2564">
     <span class='ocr_line' id='line_1_25' title="bbox 104 2495 1630 2564; baseline 0.009 -21"><span class='ocrx_word' id='word_1_176' title='bbox 104 2496 235 2547; x_wconf 77' lang='lat' dir='ltr'><strong>iam</strong></span> <span class='ocrx_word' id='word_1_177' title='bbox 276 2495 451 2549; x_wconf 88' lang='lat' dir='ltr'><strong>domus</strong></span> <span class='ocrx_word' id='word_1_178' title='bbox 489 2506 644 2551; x_wconf 84' lang='lat' dir='ltr'><strong>erant</strong></span> <span class='ocrx_word' id='word_1_179' title='bbox 681 2498 951 2564; x_wconf 75' lang='lat' dir='ltr'><strong>ecclesiae;</strong></span> <span class='ocrx_word' id='word_1_180' title='bbox 978 2515 1122 2554; x_wconf 89' lang='lat' dir='ltr'><strong>nunc</strong></span> <span class='ocrx_word' id='word_1_181' title='bbox 1146 2510 1323 2555; x_wconf 88' lang='lat' dir='ltr'><strong>autem</strong></span> <span class='ocrx_word' id='word_1_182' title='bbox 1352 2503 1513 2556; x_wconf 89' lang='lat' dir='ltr'><strong>etiam</strong></span> <span class='ocrx_word' id='word_1_183' title='bbox 1541 2518 1630 2557; x_wconf 89' lang='lat' dir='ltr'><strong>ec-</strong></span> 
     </span>
    </p>
   </div>
   <div class='ocr_carea' id='block_1_26' title="bbox 105 2587 1622 2660">
    <p class='ocr_par' dir='ltr' id='par_1_26' title="bbox 105 2587 1622 2660">
     <span class='ocr_line' id='line_1_26' title="bbox 105 2587 1622 2660; baseline 0.006 -21"><span class='ocrx_word' id='word_1_184' title='bbox 105 2587 232 2640; x_wconf 83' lang='lat' dir='ltr'><strong>esia</strong></span> <span class='ocrx_word' id='word_1_185' title='bbox 263 2595 343 2641; x_wconf 89' lang='lat' dir='ltr'><strong>est</strong></span> <span class='ocrx_word' id='word_1_186' title='bbox 368 2587 571 2654; x_wconf 91' lang='lat' dir='ltr'><strong>domus,</strong></span> <span class='ocrx_word' id='word_1_187' title='bbox 603 2588 684 2643; x_wconf 88' lang='lat' dir='ltr'><strong>vel</strong></span> <span class='ocrx_word' id='word_1_188' title='bbox 728 2590 905 2660; x_wconf 88' lang='lat' dir='ltr'><strong>potius</strong></span> <span class='ocrx_word' id='word_1_189' title='bbox 948 2591 1134 2659; x_wconf 86' lang='lat' dir='ltr'><strong>quavis</strong></span> <span class='ocrx_word' id='word_1_190' title='bbox 1171 2591 1330 2646; x_wconf 90' lang='lat' dir='ltr'><strong>domo</strong></span> <span class='ocrx_word' id='word_1_191' title='bbox 1372 2592 1622 2648; x_wconf 87' lang='lat' dir='ltr'><strong>deterior.</strong></span> 
     </span>
    </p>
   </div>
   <div class='ocr_carea' id='block_1_27' title="bbox 108 2678 1629 2749">
    <p class='ocr_par' dir='ltr' id='par_1_27' title="bbox 108 2678 1629 2749">
     <span class='ocr_line' id='line_1_27' title="bbox 108 2678 1629 2749; baseline 0.007 -20"><span class='ocrx_word' id='word_1_192' title='bbox 108 2694 195 2731; x_wconf 70' lang='lat' dir='ltr'><strong>om</strong></span> <span class='ocrx_word' id='word_1_193' title='bbox 227 2678 281 2732; x_wconf 86' lang='lat' dir='ltr'><strong>in</strong></span> <span class='ocrx_word' id='word_1_194' title='bbox 313 2678 460 2733; x_wconf 91' lang='lat' dir='ltr'><strong>domo</strong></span> <span class='ocrx_word' id='word_1_195' title='bbox 487 2679 698 2749; x_wconf 88' lang='lat' dir='ltr'><strong>quidem</strong></span> <span class='ocrx_word' id='word_1_196' title='bbox 730 2681 864 2736; x_wconf 85' lang='lat' dir='ltr'><strong>bene</strong></span> <span class='ocrx_word' id='word_1_197' title='bbox 892 2684 1234 2738; x_wconf 91' lang='lat' dir='ltr'><strong>constitutum</strong></span> <span class='ocrx_word' id='word_1_198' title='bbox 1258 2684 1453 2740; x_wconf 88' lang='lat' dir='ltr'><strong>videris</strong></span> <span class='ocrx_word' id='word_1_199' title='bbox 1482 2685 1629 2740; x_wconf 79' lang='lat' dir='ltr'><strong>ordi-</strong></span> 
     </span>
    </p>
   </div>
   <div class='ocr_carea' id='block_1_28' title="bbox 101 2770 1623 2844">
    <p class='ocr_par' dir='ltr' id='par_1_28' title="bbox 101 2770 1623 2844">
     <span class='ocr_line' id='line_1_28' title="bbox 101 2770 1623 2844; baseline 0.009 -23"><span class='ocrx_word' id='word_1_200' title='bbox 101 2786 178 2824; x_wconf 70' lang='lat' dir='ltr'><strong>em</strong></span> <span class='ocrx_word' id='word_1_201' title='bbox 212 2770 455 2826; x_wconf 89' lang='lat' dir='ltr'><strong>:domina</strong></span> <span class='ocrx_word' id='word_1_202' title='bbox 477 2775 671 2844; x_wconf 84' lang='lat' dir='ltr'><strong>quippe</strong></span> <span class='ocrx_word' id='word_1_203' title='bbox 693 2774 883 2830; x_wconf 87' lang='lat' dir='ltr'><strong>domus</strong></span> <span class='ocrx_word' id='word_1_204' title='bbox 906 2775 1058 2831; x_wconf 86' lang='lat' dir='ltr'><strong>sedet</strong></span> <span class='ocrx_word' id='word_1_205' title='bbox 1088 2778 1139 2830; x_wconf 92' lang='lat' dir='ltr'><strong>in</strong></span> <span class='ocrx_word' id='word_1_206' title='bbox 1168 2777 1304 2832; x_wconf 87' lang='lat' dir='ltr'><strong>solio</strong></span> <span class='ocrx_word' id='word_1_207' title='bbox 1329 2794 1448 2833; x_wconf 89' lang='lat' dir='ltr'><strong>cum</strong></span> <span class='ocrx_word' id='word_1_208' title='bbox 1478 2780 1623 2834; x_wconf 90' lang='lat' dir='ltr'><strong>omni</strong></span> 
     </span>
    </p>
   </div>
   <div class='ocr_carea' id='block_1_29' title="bbox 100 2867 1621 2937">
    <p class='ocr_par' dir='ltr' id='par_1_29' title="bbox 100 2867 1621 2937">
     <span class='ocr_line' id='line_1_29' title="bbox 100 2867 1621 2937; baseline 0.007 -21"><span class='ocrx_word' id='word_1_209' title='bbox 100 2875 355 2930; x_wconf 67' lang='lat' dir='ltr'><strong>aestate,</strong></span> <span class='ocrx_word' id='word_1_210' title='bbox 389 2867 642 2921; x_wconf 84' lang='lat' dir='ltr'><strong>modestia</strong></span> <span class='ocrx_word' id='word_1_211' title='bbox 672 2879 727 2923; x_wconf 93' lang='lat' dir='ltr'><strong>et</strong></span> <span class='ocrx_word' id='word_1_212' title='bbox 754 2869 969 2937; x_wconf 90' lang='lat' dir='ltr'><strong>decore,</strong></span> <span class='ocrx_word' id='word_1_213' title='bbox 994 2880 1047 2926; x_wconf 88' lang='lat' dir='ltr'><strong>et</strong></span> <span class='ocrx_word' id='word_1_214' title='bbox 1071 2871 1277 2926; x_wconf 62' lang='lat' dir='ltr'><strong>ancillae</strong></span> <span class='ocrx_word' id='word_1_215' title='bbox 1298 2880 1482 2927; x_wconf 89' lang='lat' dir='ltr'><strong>texunt</strong></span> <span class='ocrx_word' id='word_1_216' title='bbox 1502 2889 1621 2927; x_wconf 90' lang='lat' dir='ltr'><strong>cum</strong></span> 
     </span>
    </p>
   </div>
   <div class='ocr_carea' id='block_1_30' title="bbox 99 2960 1612 3031">
    <p class='ocr_par' dir='ltr' id='par_1_30' title="bbox 99 2960 1612 3031">
     <span class='ocr_line' id='line_1_30' title="bbox 99 2960 1612 3031; baseline 0.007 -20"><span class='ocrx_word' id='word_1_217' title='bbox 99 2960 289 3023; x_wconf 88' lang='lat' dir='ltr'><strong>entio,</strong></span> <span class='ocrx_word' id='word_1_218' title='bbox 320 2969 370 3013; x_wconf 91' lang='lat' dir='ltr'><strong>et</strong></span> <span class='ocrx_word' id='word_1_219' title='bbox 403 2961 591 3031; x_wconf 79' lang='lat' dir='ltr'><strong>singuli</strong></span> <span class='ocrx_word' id='word_1_220' title='bbox 628 2978 691 3017; x_wconf 88' lang='lat' dir='ltr'><strong>ex</strong></span> <span class='ocrx_word' id='word_1_221' title='bbox 723 2962 935 3019; x_wconf 79' lang='lat' dir='ltr'><strong>famulis</strong></span> <span class='ocrx_word' id='word_1_222' title='bbox 963 2964 1014 3018; x_wconf 92' lang='lat' dir='ltr'><strong>in</strong></span> <span class='ocrx_word' id='word_1_223' title='bbox 1064 2968 1307 3020; x_wconf 89' lang='lat' dir='ltr'><strong>manibus</strong></span> <span class='ocrx_word' id='word_1_224' title='bbox 1339 2966 1531 3022; x_wconf 83' lang='lat' dir='ltr'><strong>habent</strong></span> <span class='ocrx_word' id='word_1_225' title='bbox 1561 2968 1612 3022; x_wconf 91' lang='lat' dir='ltr'><strong>id</strong></span> 
     </span>
    </p>
   </div>
   <div class='ocr_carea' id='block_1_31' title="bbox 99 3050 1625 3115">
    <p class='ocr_par' dir='ltr' id='par_1_31' title="bbox 99 3050 1625 3115">
     <span class='ocr_line' id='line_1_31' title="bbox 99 3050 1625 3115; baseline 0.009 -14"><span class='ocrx_word' id='word_1_226' title='bbox 99 3050 187 3104; x_wconf 83' lang='lat' dir='ltr'><strong>od</strong></span> <span class='ocrx_word' id='word_1_227' title='bbox 218 3060 309 3105; x_wconf 90' lang='lat' dir='ltr'><strong>est</strong></span> <span class='ocrx_word' id='word_1_228' title='bbox 329 3050 406 3105; x_wconf 86' lang='lat' dir='ltr'><strong>eis</strong></span> <span class='ocrx_word' id='word_1_229' title='bbox 430 3052 753 3107; x_wconf 87' lang='lat' dir='ltr'><strong>mandatum.</strong></span> <span class='ocrx_word' id='word_1_230' title='bbox 786 3054 881 3109; x_wconf 89' lang='lat' dir='ltr'><strong>llic</strong></span> <span class='ocrx_word' id='word_1_231' title='bbox 905 3067 1081 3110; x_wconf 89' lang='lat' dir='ltr'><strong>autem</strong></span> <span class='ocrx_word' id='word_1_232' title='bbox 1112 3057 1306 3113; x_wconf 91' lang='lat' dir='ltr'><strong>multus</strong></span> <span class='ocrx_word' id='word_1_233' title='bbox 1325 3068 1409 3113; x_wconf 90' lang='lat' dir='ltr'><strong>est</strong></span> <span class='ocrx_word' id='word_1_234' title='bbox 1430 3061 1625 3115; x_wconf 85' lang='lat' dir='ltr'><strong>tumul-</strong></span> 
     </span>
    </p>
   </div>
   <div class='ocr_carea' id='block_1_32' title="bbox 94 3144 1620 3216">
    <p class='ocr_par' dir='ltr' id='par_1_32' title="bbox 94 3144 1620 3216">
     <span class='ocr_line' id='line_1_32' title="bbox 94 3144 1620 3216; baseline 0.01 -24"><span class='ocrx_word' id='word_1_235' title='bbox 94 3158 108 3192; x_wconf 69' lang='grc' dir='ltr'><strong><em>ς</em></strong></span> <span class='ocrx_word' id='word_1_236' title='bbox 132 3183 153 3206; x_wconf 83' lang='grc'><em>,</em></span> <span class='ocrx_word' id='word_1_237' title='bbox 194 3156 388 3211; x_wconf 85' lang='lat' dir='ltr'><strong>magna</strong></span> <span class='ocrx_word' id='word_1_238' title='bbox 415 3144 674 3211; x_wconf 91' lang='lat' dir='ltr'><strong>confusio,</strong></span> <span class='ocrx_word' id='word_1_239' title='bbox 704 3155 758 3199; x_wconf 89' lang='lat' dir='ltr'><strong>et</strong></span> <span class='ocrx_word' id='word_1_240' title='bbox 782 3161 811 3200; x_wconf 89' lang='lat' dir='ltr'><strong>a</strong></span> <span class='ocrx_word' id='word_1_241' title='bbox 837 3162 1072 3216; x_wconf 90' lang='lat' dir='ltr'><strong>caupona</strong></span> <span class='ocrx_word' id='word_1_242' title='bbox 1100 3149 1228 3202; x_wconf 86' lang='lat' dir='ltr'><strong>nihil</strong></span> <span class='ocrx_word' id='word_1_243' title='bbox 1256 3160 1435 3205; x_wconf 90' lang='lat' dir='ltr'><strong>nostra</strong></span> <span class='ocrx_word' id='word_1_244' title='bbox 1465 3151 1620 3206; x_wconf 69' lang='grc' dir='ltr'><strong>δεπε-</strong></span> 
     </span>
    </p>
   </div>
   <div class='ocr_carea' id='block_1_33' title="bbox 104 3238 1618 3307">
    <p class='ocr_par' dir='ltr' id='par_1_33' title="bbox 104 3238 1618 3307">
     <span class='ocr_line' id='line_1_33' title="bbox 104 3238 1618 3307; baseline 0.009 -22"><span class='ocrx_word' id='word_1_245' title='bbox 104 3243 154 3286; x_wconf 81' lang='grc' dir='ltr'><strong>ιι</strong></span> <span class='ocrx_word' id='word_1_246' title='bbox 198 3250 213 3285; x_wconf 89' lang='lat'><em>:</em></span> <span class='ocrx_word' id='word_1_247' title='bbox 249 3242 427 3287; x_wconf 85' lang='lat' dir='ltr'><strong>tantus</strong></span> <span class='ocrx_word' id='word_1_248' title='bbox 470 3244 552 3289; x_wconf 91' lang='lat' dir='ltr'><strong>est</strong></span> <span class='ocrx_word' id='word_1_249' title='bbox 595 3238 755 3299; x_wconf 86' lang='lat' dir='ltr'><strong>risus,</strong></span> <span class='ocrx_word' id='word_1_250' title='bbox 804 3247 947 3291; x_wconf 90' lang='lat' dir='ltr'><strong>tanta</strong></span> <span class='ocrx_word' id='word_1_251' title='bbox 991 3241 1336 3307; x_wconf 87' lang='lat' dir='ltr'><strong>perturbatio,</strong></span> <span class='ocrx_word' id='word_1_252' title='bbox 1383 3243 1520 3296; x_wconf 90' lang='lat' dir='ltr'><strong>sicut</strong></span> <span class='ocrx_word' id='word_1_253' title='bbox 1566 3244 1618 3298; x_wconf 89' lang='lat' dir='ltr'><strong>in</strong></span> 
     </span>
    </p>
   </div>
   <div class='ocr_carea' id='block_1_34' title="bbox 103 3324 1617 3387">
    <p class='ocr_par' dir='ltr' id='par_1_34' title="bbox 103 3324 1617 3387">
     <span class='ocr_line' id='line_1_34' title="bbox 103 3324 1617 3387; baseline 0.007 -11"><span class='ocrx_word' id='word_1_254' title='bbox 103 3324 269 3387; x_wconf 84' lang='lat' dir='ltr'><strong>ueis,</strong></span> <span class='ocrx_word' id='word_1_255' title='bbox 308 3324 443 3379; x_wconf 86' lang='lat' dir='ltr'><strong>sicut</strong></span> <span class='ocrx_word' id='word_1_256' title='bbox 469 3325 520 3380; x_wconf 93' lang='lat' dir='ltr'><strong>in</strong></span> <span class='ocrx_word' id='word_1_257' title='bbox 552 3326 667 3380; x_wconf 88' lang='lat' dir='ltr'><strong>foro</strong></span> <span class='ocrx_word' id='word_1_258' title='bbox 696 3328 1046 3385; x_wconf 89' lang='lat' dir='ltr'><strong>clamantibus</strong></span> <span class='ocrx_word' id='word_1_259' title='bbox 1066 3332 1310 3387; x_wconf 91' lang='lat' dir='ltr'><strong>omnibus</strong></span> <span class='ocrx_word' id='word_1_260' title='bbox 1337 3340 1391 3387; x_wconf 92' lang='lat' dir='ltr'><strong>et</strong></span> <span class='ocrx_word' id='word_1_261' title='bbox 1421 3334 1617 3387; x_wconf 84' lang='lat' dir='ltr'><strong>tumul-</strong></span> 
     </span>
    </p>
   </div>
   <div class='ocr_carea' id='block_1_35' title="bbox 98 3414 1620 3493">
    <p class='ocr_par' dir='ltr' id='par_1_35' title="bbox 98 3414 1620 3493">
     <span class='ocr_line' id='line_1_35' title="bbox 98 3414 1620 3493; baseline 0.007 -26"><span class='ocrx_word' id='word_1_262' title='bbox 98 3414 337 3468; x_wconf 88' lang='lat' dir='ltr'><strong>ntibus.</strong></span> <span class='ocrx_word' id='word_1_263' title='bbox 380 3414 449 3470; x_wconf 89' lang='lat' dir='ltr'><strong>Et</strong></span> <span class='ocrx_word' id='word_1_264' title='bbox 477 3415 591 3470; x_wconf 66' lang='lat' dir='ltr'><strong>haec</strong></span> <span class='ocrx_word' id='word_1_265' title='bbox 620 3418 705 3472; x_wconf 92' lang='lat' dir='ltr'><strong>hic</strong></span> <span class='ocrx_word' id='word_1_266' title='bbox 729 3418 898 3472; x_wconf 92' lang='lat' dir='ltr'><strong>solum</strong></span> <span class='ocrx_word' id='word_1_267' title='bbox 928 3436 941 3474; x_wconf 92' lang='lat'>:</span> <span class='ocrx_word' id='word_1_268' title='bbox 967 3434 1087 3475; x_wconf 87' lang='lat' dir='ltr'><strong>nam</strong></span> <span class='ocrx_word' id='word_1_269' title='bbox 1127 3422 1251 3477; x_wconf 89' lang='lat' dir='ltr'><strong>alibi</strong></span> <span class='ocrx_word' id='word_1_270' title='bbox 1299 3438 1366 3477; x_wconf 91' lang='lat' dir='ltr'><strong>ne</strong></span> <span class='ocrx_word' id='word_1_271' title='bbox 1406 3425 1620 3493; x_wconf 79' lang='lat' dir='ltr'><strong>propin-</strong></span> 
     </span>
    </p>
   </div>
   <div class='ocr_carea' id='block_1_36' title="bbox 86 3505 1614 3579">
    <p class='ocr_par' dir='ltr' id='par_1_36' title="bbox 86 3505 1614 3579">
     <span class='ocr_line' id='line_1_36' title="bbox 86 3505 1614 3579; baseline 0.009 -22"><span class='ocrx_word' id='word_1_272' title='bbox 86 3520 193 3558; x_wconf 70' lang='grc' dir='ltr'><strong>πη</strong></span> <span class='ocrx_word' id='word_1_273' title='bbox 222 3505 449 3575; x_wconf 88' lang='lat' dir='ltr'><strong>quidem</strong></span> <span class='ocrx_word' id='word_1_274' title='bbox 478 3505 602 3562; x_wconf 90' lang='lat' dir='ltr'><strong>licet</strong></span> <span class='ocrx_word' id='word_1_275' title='bbox 626 3508 823 3578; x_wconf 90' lang='lat' dir='ltr'><strong>alloqui</strong></span> <span class='ocrx_word' id='word_1_276' title='bbox 854 3509 905 3564; x_wconf 88' lang='lat' dir='ltr'><strong>in</strong></span> <span class='ocrx_word' id='word_1_277' title='bbox 932 3511 1154 3566; x_wconf 87' lang='lat' dir='ltr'><strong>ecclesia</strong></span> <span class='ocrx_word' id='word_1_278' title='bbox 1179 3553 1194 3579; x_wconf 95' lang='lat'><strong>,</strong></span> <span class='ocrx_word' id='word_1_279' title='bbox 1224 3527 1293 3569; x_wconf 92' lang='lat' dir='ltr'><strong>ne</strong></span> <span class='ocrx_word' id='word_1_280' title='bbox 1320 3514 1362 3568; x_wconf 88' lang='lat' dir='ltr'><strong>si</strong></span> <span class='ocrx_word' id='word_1_281' title='bbox 1386 3516 1614 3570; x_wconf 89' lang='lat' dir='ltr'><strong>amicum</strong></span> 
     </span>
    </p>
   </div>
   <div class='ocr_carea' id='block_1_37' title="bbox 84 3596 1616 3673">
    <p class='ocr_par' dir='ltr' id='par_1_37' title="bbox 84 3596 1616 3673">
     <span class='ocr_line' id='line_1_37' title="bbox 84 3596 1616 3673; baseline 0.01 -25"><span class='ocrx_word' id='word_1_282' title='bbox 84 3596 240 3649; x_wconf 75' lang='lat' dir='ltr'><strong>dem</strong></span> <span class='ocrx_word' id='word_1_283' title='bbox 281 3596 445 3667; x_wconf 84' lang='lat' dir='ltr'><strong>longo</strong></span> <span class='ocrx_word' id='word_1_284' title='bbox 478 3606 717 3668; x_wconf 87' lang='lat' dir='ltr'><strong>tempore</strong></span> <span class='ocrx_word' id='word_1_285' title='bbox 752 3601 1023 3656; x_wconf 78' lang='lat' dir='ltr'><strong>absentem</strong></span> <span class='ocrx_word' id='word_1_286' title='bbox 1051 3605 1339 3673; x_wconf 81' lang='lat' dir='ltr'><strong>exceperit,</strong></span> <span class='ocrx_word' id='word_1_287' title='bbox 1368 3606 1461 3661; x_wconf 92' lang='lat' dir='ltr'><strong>sed</strong></span> <span class='ocrx_word' id='word_1_288' title='bbox 1505 3608 1616 3663; x_wconf 67' lang='lat' dir='ltr'><strong>haec</strong></span> 
     </span>
    </p>
   </div>
   <div class='ocr_carea' id='block_1_38' title="bbox 88 3688 1611 3767">
    <p class='ocr_par' dir='ltr' id='par_1_38' title="bbox 88 3688 1611 3767">
     <span class='ocr_line' id='line_1_38' title="bbox 88 3688 1611 3767; baseline 0.008 -27"><span class='ocrx_word' id='word_1_289' title='bbox 88 3704 124 3741; x_wconf 94' lang='lat' dir='ltr'><strong>s</strong></span> <span class='ocrx_word' id='word_1_290' title='bbox 149 3688 348 3752; x_wconf 84' lang='lat' dir='ltr'><strong>tiuut;</strong></span> <span class='ocrx_word' id='word_1_291' title='bbox 381 3698 437 3743; x_wconf 89' lang='lat' dir='ltr'><strong>et</strong></span> <span class='ocrx_word' id='word_1_292' title='bbox 458 3690 669 3746; x_wconf 87' lang='lat' dir='ltr'><strong>merito.</strong></span> <span class='ocrx_word' id='word_1_293' title='bbox 693 3691 805 3746; x_wconf 87' lang='lat' dir='ltr'><strong>Non</strong></span> <span class='ocrx_word' id='word_1_294' title='bbox 823 3694 964 3748; x_wconf 92' lang='lat' dir='ltr'><strong>enim</strong></span> <span class='ocrx_word' id='word_1_295' title='bbox 986 3695 1208 3751; x_wconf 87' lang='lat' dir='ltr'><strong>ecclesia</strong></span> <span class='ocrx_word' id='word_1_296' title='bbox 1230 3707 1307 3751; x_wconf 91' lang='lat' dir='ltr'><strong>est</strong></span> <span class='ocrx_word' id='word_1_297' title='bbox 1332 3701 1611 3767; x_wconf 82' lang='lat' dir='ltr'><strong>tonstrina,</strong></span> 
     </span>
    </p>
   </div>
   <div class='ocr_carea' id='block_1_39' title="bbox 80 3782 1611 3855">
    <p class='ocr_par' dir='ltr' id='par_1_39' title="bbox 80 3782 1611 3855">
     <span class='ocr_line' id='line_1_39' title="bbox 80 3782 1611 3855; baseline 0.008 -25"><span class='ocrx_word' id='word_1_298' title='bbox 80 3794 185 3833; x_wconf 80' lang='lat' dir='ltr'><strong>ne</strong></span> <span class='ocrx_word' id='word_1_299' title='bbox 222 3782 592 3849; x_wconf 80' lang='lat' dir='ltr'><strong>unguentaria</strong></span> <span class='ocrx_word' id='word_1_300' title='bbox 623 3783 829 3838; x_wconf 83' lang='lat' dir='ltr'><strong>ofﬁcina</strong></span> <span class='ocrx_word' id='word_1_301' title='bbox 850 3825 865 3850; x_wconf 96' lang='lat'><strong>,</strong></span> <span class='ocrx_word' id='word_1_302' title='bbox 900 3800 1072 3855; x_wconf 91' lang='lat' dir='ltr'><strong>neque</strong></span> <span class='ocrx_word' id='word_1_303' title='bbox 1102 3786 1205 3840; x_wconf 89' lang='lat' dir='ltr'><strong>ulla</strong></span> <span class='ocrx_word' id='word_1_304' title='bbox 1236 3788 1337 3841; x_wconf 86' lang='lat' dir='ltr'><strong>alia</strong></span> <span class='ocrx_word' id='word_1_305' title='bbox 1364 3790 1611 3854; x_wconf 80' lang='lat' dir='ltr'><strong>opificum</strong></span> 
     </span>
    </p>
   </div>
   <div class='ocr_carea' id='block_1_40' title="bbox 94 3870 1612 3948">
    <p class='ocr_par' dir='ltr' id='par_1_40' title="bbox 94 3870 1612 3948">
     <span class='ocr_line' id='line_1_40' title="bbox 94 3870 1612 3948; baseline 0.009 -25"><span class='ocrx_word' id='word_1_306' title='bbox 94 3879 266 3923; x_wconf 85' lang='lat' dir='ltr'><strong>sunt</strong></span> <span class='ocrx_word' id='word_1_307' title='bbox 298 3870 352 3924; x_wconf 88' lang='lat' dir='ltr'><strong>in</strong></span> <span class='ocrx_word' id='word_1_308' title='bbox 386 3874 507 3927; x_wconf 91' lang='lat' dir='ltr'><strong>foro</strong></span> <span class='ocrx_word' id='word_1_309' title='bbox 533 3873 767 3934; x_wconf 81' lang='lat' dir='ltr'><strong>taberna.</strong></span> <span class='ocrx_word' id='word_1_310' title='bbox 799 3877 891 3929; x_wconf 89' lang='lat' dir='ltr'><strong>sed</strong></span> <span class='ocrx_word' id='word_1_311' title='bbox 924 3876 1069 3931; x_wconf 90' lang='lat' dir='ltr'><strong>locus</strong></span> <span class='ocrx_word' id='word_1_312' title='bbox 1097 3881 1429 3948; x_wconf 77' lang='lat' dir='ltr'><strong>angelorum,</strong></span> <span class='ocrx_word' id='word_1_313' title='bbox 1464 3882 1612 3937; x_wconf 88' lang='lat' dir='ltr'><strong>locus</strong></span> 
     </span>
    </p>
   </div>
   <div class='ocr_carea' id='block_1_41' title="bbox 80 3962 1611 4037">
    <p class='ocr_par' dir='ltr' id='par_1_41' title="bbox 80 3962 1611 4037">
     <span class='ocr_line' id='line_1_41' title="bbox 80 3962 1611 4037; baseline 0.007 -21"><span class='ocrx_word' id='word_1_314' title='bbox 80 3962 501 4033; x_wconf 76' lang='lat' dir='ltr'><strong>tangclorum,</strong></span> <span class='ocrx_word' id='word_1_315' title='bbox 524 3980 745 4035; x_wconf 83' lang='lat' dir='ltr'><strong>regnum</strong></span> <span class='ocrx_word' id='word_1_316' title='bbox 773 3967 884 4031; x_wconf 91' lang='lat' dir='ltr'><strong>Dei,</strong></span> <span class='ocrx_word' id='word_1_317' title='bbox 910 3968 1080 4037; x_wconf 90' lang='lat' dir='ltr'><strong>ipsum</strong></span> <span class='ocrx_word' id='word_1_318' title='bbox 1101 3970 1309 4025; x_wconf 65' lang='lat' dir='ltr'><strong>caelum.</strong></span> <span class='ocrx_word' id='word_1_319' title='bbox 1336 3971 1611 4037; x_wconf 85' lang='lat' dir='ltr'><strong>Quomodo</strong></span> 
     </span>
    </p>
   </div>
   <div class='ocr_carea' id='block_1_42' title="bbox 79 4058 1610 4131">
    <p class='ocr_par' dir='ltr' id='par_1_42' title="bbox 79 4058 1610 4131">
     <span class='ocr_line' id='line_1_42' title="bbox 79 4058 1610 4131; baseline 0.008 -23"><span class='ocrx_word' id='word_1_320' title='bbox 79 4078 93 4108; x_wconf 70' lang='grc' dir='ltr'>ι</span> <span class='ocrx_word' id='word_1_321' title='bbox 171 4058 225 4110; x_wconf 89' lang='lat' dir='ltr'><strong>si</strong></span> <span class='ocrx_word' id='word_1_322' title='bbox 295 4058 428 4126; x_wconf 87' lang='lat' dir='ltr'><strong>quis</strong></span> <span class='ocrx_word' id='word_1_323' title='bbox 489 4070 539 4113; x_wconf 93' lang='lat' dir='ltr'><strong>te</strong></span> <span class='ocrx_word' id='word_1_324' title='bbox 590 4060 644 4114; x_wconf 89' lang='lat' dir='ltr'><strong>in</strong></span> <span class='ocrx_word' id='word_1_325' title='bbox 695 4061 880 4115; x_wconf 69' lang='lat' dir='ltr'><strong>exulum</strong></span> <span class='ocrx_word' id='word_1_326' title='bbox 933 4062 1349 4131; x_wconf 80' lang='lat' dir='ltr'><strong>introduxisset,</strong></span> <span class='ocrx_word' id='word_1_327' title='bbox 1402 4065 1610 4121; x_wconf 87' lang='lat' dir='ltr'><strong>etiamsi</strong></span> 
     </span>
    </p>
   </div>
   <div class='ocr_carea' id='block_1_43' title="bbox 79 4148 1608 4226">
    <p class='ocr_par' dir='ltr' id='par_1_43' title="bbox 79 4148 1608 4226">
     <span class='ocr_line' id='line_1_43' title="bbox 79 4148 1608 4226; baseline 0.005 -22"><span class='ocrx_word' id='word_1_328' title='bbox 79 4164 200 4204; x_wconf 81' lang='lat' dir='ltr'><strong>em</strong></span> <span class='ocrx_word' id='word_1_329' title='bbox 236 4148 501 4216; x_wconf 78' lang='lat' dir='ltr'><strong>videres,</strong></span> <span class='ocrx_word' id='word_1_330' title='bbox 530 4152 738 4206; x_wconf 88' lang='lat' dir='ltr'><strong>etiamsi</strong></span> <span class='ocrx_word' id='word_1_331' title='bbox 766 4152 984 4207; x_wconf 82' lang='lat' dir='ltr'><strong>fratrem</strong></span> <span class='ocrx_word' id='word_1_332' title='bbox 1007 4194 1021 4219; x_wconf 95' lang='lat'><strong>,</strong></span> <span class='ocrx_word' id='word_1_333' title='bbox 1052 4168 1120 4209; x_wconf 92' lang='lat' dir='ltr'><strong>ne</strong></span> <span class='ocrx_word' id='word_1_334' title='bbox 1143 4155 1369 4210; x_wconf 86' lang='lat' dir='ltr'><strong>auderes</strong></span> <span class='ocrx_word' id='word_1_335' title='bbox 1392 4157 1608 4226; x_wconf 88' lang='lat' dir='ltr'><strong>quidem</strong></span> 
     </span>
    </p>
   </div>
   <div class='ocr_carea' id='block_1_44' title="bbox 80 4241 1610 4317">
    <p class='ocr_par' dir='ltr' id='par_1_44' title="bbox 80 4241 1610 4317">
     <span class='ocr_line' id='line_1_44' title="bbox 80 4241 1610 4317; baseline 0.003 -20"><span class='ocrx_word' id='word_1_336' title='bbox 80 4243 100 4297; x_wconf 78' lang='grc' dir='ltr'><strong>ἰ</strong></span> <span class='ocrx_word' id='word_1_337' title='bbox 161 4260 177 4295; x_wconf 94' lang='lat'>:</span> <span class='ocrx_word' id='word_1_338' title='bbox 214 4241 307 4295; x_wconf 84' lang='lat' dir='ltr'><strong>ita</strong></span> <span class='ocrx_word' id='word_1_339' title='bbox 342 4241 441 4298; x_wconf 88' lang='lat' dir='ltr'><strong>hic</strong></span> <span class='ocrx_word' id='word_1_340' title='bbox 471 4258 576 4297; x_wconf 92' lang='lat' dir='ltr'><strong>non</strong></span> <span class='ocrx_word' id='word_1_341' title='bbox 606 4243 745 4298; x_wconf 92' lang='lat' dir='ltr'><strong>aliud</strong></span> <span class='ocrx_word' id='word_1_342' title='bbox 775 4244 917 4314; x_wconf 89' lang='lat' dir='ltr'><strong>loqui</strong></span> <span class='ocrx_word' id='word_1_343' title='bbox 945 4254 1214 4315; x_wconf 80' lang='lat' dir='ltr'><strong>Oporteret</strong></span> <span class='ocrx_word' id='word_1_344' title='bbox 1239 4257 1435 4316; x_wconf 69' lang='lat' dir='ltr'><strong>prteter</strong></span> <span class='ocrx_word' id='word_1_345' title='bbox 1453 4249 1610 4317; x_wconf 87' lang='lat' dir='ltr'><strong>spiri-</strong></span> 
     </span>
    </p>
   </div>
   <div class='ocr_carea' id='block_1_45' title="bbox 79 4334 1611 4405">
    <p class='ocr_par' dir='ltr' id='par_1_45' title="bbox 79 4334 1611 4405">
     <span class='ocr_line' id='line_1_45' title="bbox 79 4334 1611 4405; baseline 0.004 -17"><span class='ocrx_word' id='word_1_346' title='bbox 79 4351 123 4388; x_wconf 68' lang='grc' dir='ltr'><strong>ει</strong></span> <span class='ocrx_word' id='word_1_347' title='bbox 162 4350 181 4398; x_wconf 92' lang='lat'><strong>;</strong></span> <span class='ocrx_word' id='word_1_348' title='bbox 244 4348 393 4387; x_wconf 82' lang='lat' dir='ltr'><strong>nam</strong></span> <span class='ocrx_word' id='word_1_349' title='bbox 423 4334 515 4388; x_wconf 88' lang='lat' dir='ltr'><strong>hic</strong></span> <span class='ocrx_word' id='word_1_350' title='bbox 540 4349 748 4405; x_wconf 90' lang='lat' dir='ltr'><strong>quoque</strong></span> <span class='ocrx_word' id='word_1_351' title='bbox 773 4345 855 4391; x_wconf 91' lang='lat' dir='ltr'><strong>est</strong></span> <span class='ocrx_word' id='word_1_352' title='bbox 877 4336 1087 4391; x_wconf 73' lang='lat' dir='ltr'><strong>cazlum.</strong></span> <span class='ocrx_word' id='word_1_353' title='bbox 1113 4338 1262 4405; x_wconf 87' lang='lat' dir='ltr'><strong>Quod</strong></span> <span class='ocrx_word' id='word_1_354' title='bbox 1288 4338 1331 4392; x_wconf 90' lang='lat' dir='ltr'><strong>si</strong></span> <span class='ocrx_word' id='word_1_355' title='bbox 1360 4353 1462 4393; x_wconf 92' lang='lat' dir='ltr'><strong>non</strong></span> <span class='ocrx_word' id='word_1_356' title='bbox 1488 4354 1611 4394; x_wconf 82' lang='lat' dir='ltr'><strong>cre-</strong></span> 
     </span>
    </p>
   </div>
   <div class='ocr_carea' id='block_1_46' title="bbox 79 4425 1615 4500">
    <p class='ocr_par' dir='ltr' id='par_1_46' title="bbox 79 4425 1615 4500">
     <span class='ocr_line' id='line_1_46' title="bbox 79 4425 1615 4500; baseline 0.004 -21"><span class='ocrx_word' id='word_1_357' title='bbox 79 4425 330 4496; x_wconf 79' lang='lat' dir='ltr'><strong>aspice</strong></span> <span class='ocrx_word' id='word_1_358' title='bbox 353 4426 429 4481; x_wconf 91' lang='lat' dir='ltr'><strong>ad</strong></span> <span class='ocrx_word' id='word_1_359' title='bbox 454 4426 595 4482; x_wconf 89' lang='lat' dir='ltr'><strong>hanc</strong></span> <span class='ocrx_word' id='word_1_360' title='bbox 616 4442 873 4492; x_wconf 84' lang='lat' dir='ltr'><strong>mensam,</strong></span> <span class='ocrx_word' id='word_1_361' title='bbox 899 4428 1183 4484; x_wconf 88' lang='lat' dir='ltr'><strong>recordare</strong></span> <span class='ocrx_word' id='word_1_362' title='bbox 1206 4439 1420 4499; x_wconf 89' lang='lat' dir='ltr'><strong>propter</strong></span> <span class='ocrx_word' id='word_1_363' title='bbox 1448 4446 1615 4500; x_wconf 81' lang='lat' dir='ltr'><strong>quam</strong></span> 
     </span>
    </p>
   </div>
   <div class='ocr_carea' id='block_1_47' title="bbox 79 4520 1607 4593">
    <p class='ocr_par' dir='ltr' id='par_1_47' title="bbox 79 4520 1607 4593">
     <span class='ocr_line' id='line_1_47' title="bbox 79 4520 1607 4593; baseline 0.003 -20"><span class='ocrx_word' id='word_1_364' title='bbox 79 4534 196 4573; x_wconf 72' lang='lat' dir='ltr'><strong>Im</strong></span> <span class='ocrx_word' id='word_1_365' title='bbox 236 4526 312 4572; x_wconf 83' lang='lat' dir='ltr'><strong>et</strong></span> <span class='ocrx_word' id='word_1_366' title='bbox 355 4520 715 4588; x_wconf 84' lang='lat' dir='ltr'><strong>quamobrem</strong></span> <span class='ocrx_word' id='word_1_367' title='bbox 745 4520 831 4575; x_wconf 94' lang='lat' dir='ltr'><strong>hic</strong></span> <span class='ocrx_word' id='word_1_368' title='bbox 856 4530 991 4585; x_wconf 88' lang='lat' dir='ltr'><strong>stet;</strong></span> <span class='ocrx_word' id='word_1_369' title='bbox 1035 4522 1206 4593; x_wconf 82' lang='lat' dir='ltr'><strong>cogita</strong></span> <span class='ocrx_word' id='word_1_370' title='bbox 1250 4523 1369 4593; x_wconf 89' lang='lat' dir='ltr'><strong>quis</strong></span> <span class='ocrx_word' id='word_1_371' title='bbox 1407 4524 1478 4576; x_wconf 86' lang='lat' dir='ltr'><strong>sit</strong></span> <span class='ocrx_word' id='word_1_372' title='bbox 1518 4524 1607 4592; x_wconf 91' lang='lat' dir='ltr'><strong>qui</strong></span> 
     </span>
    </p>
   </div>
   <div class='ocr_carea' id='block_1_48' title="bbox 79 4610 1605 4684">
    <p class='ocr_par' dir='ltr' id='par_1_48' title="bbox 79 4610 1605 4684">
     <span class='ocr_line' id='line_1_48' title="bbox 79 4610 1605 4684; baseline 0.001 -18"><span class='ocrx_word' id='word_1_373' title='bbox 79 4610 436 4673; x_wconf 66' lang='lat' dir='ltr'><strong>aroceda‘t,</strong></span> <span class='ocrx_word' id='word_1_374' title='bbox 460 4611 777 4681; x_wconf 88' lang='lat' dir='ltr'><strong>obstupesce</strong></span> <span class='ocrx_word' id='word_1_375' title='bbox 802 4614 962 4668; x_wconf 89' lang='lat' dir='ltr'><strong>etiam</strong></span> <span class='ocrx_word' id='word_1_376' title='bbox 984 4624 1108 4669; x_wconf 88' lang='lat' dir='ltr'><strong>ante</strong></span> <span class='ocrx_word' id='word_1_377' title='bbox 1138 4622 1365 4684; x_wconf 83' lang='lat' dir='ltr'><strong>tempus.</strong></span> <span class='ocrx_word' id='word_1_378' title='bbox 1396 4615 1605 4669; x_wconf 89' lang='lat' dir='ltr'><strong>Etenim</strong></span> 
     </span>
    </p>
   </div>
   <div class='ocr_carea' id='block_1_49' title="bbox 84 4703 1609 4778">
    <p class='ocr_par' dir='ltr' id='par_1_49' title="bbox 84 4703 1609 4778">
     <span class='ocr_line' id='line_1_49' title="bbox 84 4703 1609 4778; baseline 0.004 -22"><span class='ocrx_word' id='word_1_379' title='bbox 84 4704 189 4757; x_wconf 69' lang='lat' dir='ltr'><strong>iis</strong></span> <span class='ocrx_word' id='word_1_380' title='bbox 252 4703 460 4756; x_wconf 88' lang='lat' dir='ltr'><strong>solum</strong></span> <span class='ocrx_word' id='word_1_381' title='bbox 501 4704 692 4759; x_wconf 88' lang='lat' dir='ltr'><strong>viderit</strong></span> <span class='ocrx_word' id='word_1_382' title='bbox 731 4705 868 4776; x_wconf 83' lang='lat' dir='ltr'><strong>regis</strong></span> <span class='ocrx_word' id='word_1_383' title='bbox 910 4707 1123 4771; x_wconf 85' lang='lat' dir='ltr'><strong>solium,</strong></span> <span class='ocrx_word' id='word_1_384' title='bbox 1165 4708 1345 4761; x_wconf 86' lang='lat' dir='ltr'><strong>animo</strong></span> <span class='ocrx_word' id='word_1_385' title='bbox 1380 4708 1609 4778; x_wconf 84' lang='lat' dir='ltr'><strong>assurgit</strong></span> 
     </span>
    </p>
   </div>
   <div class='ocr_carea' id='block_1_50' title="bbox 80 4798 1613 4871">
    <p class='ocr_par' dir='ltr' id='par_1_50' title="bbox 80 4798 1613 4871">
     <span class='ocr_line' id='line_1_50' title="bbox 80 4798 1613 4871; baseline 0.003 -20"><span class='ocrx_word' id='word_1_386' title='bbox 80 4808 334 4851; x_wconf 73' lang='lat' dir='ltr'><strong>:ctans</strong></span> <span class='ocrx_word' id='word_1_387' title='bbox 367 4798 520 4868; x_wconf 73' lang='lat' dir='ltr'><strong>regis</strong></span> <span class='ocrx_word' id='word_1_388' title='bbox 544 4798 765 4853; x_wconf 84' lang='lat' dir='ltr'><strong>exitum.</strong></span> <span class='ocrx_word' id='word_1_389' title='bbox 811 4800 874 4854; x_wconf 85' lang='lat' dir='ltr'><strong>Et</strong></span> <span class='ocrx_word' id='word_1_390' title='bbox 905 4808 957 4853; x_wconf 89' lang='lat' dir='ltr'><strong>tu</strong></span> <span class='ocrx_word' id='word_1_391' title='bbox 986 4815 1116 4871; x_wconf 89' lang='lat' dir='ltr'><strong>ergo</strong></span> <span class='ocrx_word' id='word_1_392' title='bbox 1144 4800 1303 4854; x_wconf 90' lang='lat' dir='ltr'><strong>etiam</strong></span> <span class='ocrx_word' id='word_1_393' title='bbox 1328 4810 1451 4855; x_wconf 88' lang='lat' dir='ltr'><strong>ante</strong></span> <span class='ocrx_word' id='word_1_394' title='bbox 1481 4800 1613 4856; x_wconf 84' lang='lat' dir='ltr'><strong>illud</strong></span> 
     </span>
    </p>
   </div>
   <div class='ocr_carea' id='block_1_51' title="bbox 80 4887 1608 4960">
    <p class='ocr_par' dir='ltr' id='par_1_51' title="bbox 80 4887 1608 4960">
     <span class='ocr_line' id='line_1_51' title="bbox 80 4887 1608 4960; baseline 0.003 -19"><span class='ocrx_word' id='word_1_395' title='bbox 80 4904 183 4941; x_wconf 86' lang='lat' dir='ltr'><strong>us</strong></span> <span class='ocrx_word' id='word_1_396' title='bbox 220 4887 595 4956; x_wconf 80' lang='lat' dir='ltr'><strong>stupendum</strong></span> <span class='ocrx_word' id='word_1_397' title='bbox 622 4903 899 4955; x_wconf 72' lang='lat' dir='ltr'><strong>venerare,</strong></span> <span class='ocrx_word' id='word_1_398' title='bbox 925 4898 979 4944; x_wconf 92' lang='lat' dir='ltr'><strong>et</strong></span> <span class='ocrx_word' id='word_1_399' title='bbox 1004 4890 1325 4960; x_wconf 84' lang='lat' dir='ltr'><strong>obstupesce</strong></span> <span class='ocrx_word' id='word_1_400' title='bbox 1349 4900 1403 4945; x_wconf 89' lang='lat' dir='ltr'><strong>et</strong></span> <span class='ocrx_word' id='word_1_401' title='bbox 1428 4905 1608 4945; x_wconf 89' lang='lat' dir='ltr'><strong>assur-</strong></span> 
     </span>
    </p>
   </div>
   <div class='ocr_carea' id='block_1_52' title="bbox 80 4980 1606 5051">
    <p class='ocr_par' dir='ltr' id='par_1_52' title="bbox 80 4980 1606 5051">
     <span class='ocr_line' id='line_1_52' title="bbox 80 4980 1606 5051; baseline 0.003 -18"><span class='ocrx_word' id='word_1_402' title='bbox 80 4988 435 5049; x_wconf 80' lang='lat' dir='ltr'><strong>nthuam</strong></span> <span class='ocrx_word' id='word_1_403' title='bbox 463 4980 647 5035; x_wconf 86' lang='lat' dir='ltr'><strong>videas</strong></span> <span class='ocrx_word' id='word_1_404' title='bbox 674 4996 907 5051; x_wconf 87' lang='lat' dir='ltr'><strong>expansa</strong></span> <span class='ocrx_word' id='word_1_405' title='bbox 936 4983 1101 5037; x_wconf 73' lang='lat' dir='ltr'><strong>aultna</strong></span> <span class='ocrx_word' id='word_1_406' title='bbox 1127 5024 1141 5049; x_wconf 94' lang='lat'><strong>,</strong></span> <span class='ocrx_word' id='word_1_407' title='bbox 1185 4991 1241 5038; x_wconf 88' lang='lat' dir='ltr'><strong>et</strong></span> <span class='ocrx_word' id='word_1_408' title='bbox 1284 4993 1606 5051; x_wconf 67' lang='lat' dir='ltr'><strong>prmeuntem</strong></span> 
     </span>
    </p>
   </div>
   <div class='ocr_carea' id='block_1_53' title="bbox 79 5070 1609 5143">
    <p class='ocr_par' dir='ltr' id='par_1_53' title="bbox 79 5070 1609 5143">
     <span class='ocr_line' id='line_1_53' title="bbox 79 5070 1609 5143; baseline 0.003 -18"><span class='ocrx_word' id='word_1_409' title='bbox 79 5089 101 5125; x_wconf 86' lang='grc' dir='ltr'><strong>ι</strong></span> <span class='ocrx_word' id='word_1_410' title='bbox 118 5087 199 5125; x_wconf 86' lang='lat' dir='ltr'><strong>m</strong></span> <span class='ocrx_word' id='word_1_411' title='bbox 232 5070 614 5140; x_wconf 78' lang='lat' dir='ltr'><strong>angelorum,</strong></span> <span class='ocrx_word' id='word_1_412' title='bbox 641 5072 694 5126; x_wconf 89' lang='lat' dir='ltr'><strong>in</strong></span> <span class='ocrx_word' id='word_1_413' title='bbox 720 5072 888 5143; x_wconf 87' lang='lat' dir='ltr'><strong>ipsum</strong></span> <span class='ocrx_word' id='word_1_414' title='bbox 912 5073 1098 5129; x_wconf 70' lang='lat' dir='ltr'><strong>caelum</strong></span> <span class='ocrx_word' id='word_1_415' title='bbox 1123 5073 1369 5128; x_wconf 83' lang='lat' dir='ltr'><strong>ascende.</strong></span> <span class='ocrx_word' id='word_1_416' title='bbox 1399 5074 1468 5127; x_wconf 81' lang='lat' dir='ltr'><strong>At</strong></span> <span class='ocrx_word' id='word_1_417' title='bbox 1493 5072 1609 5129; x_wconf 74' lang='lat' dir='ltr'><strong>htee</strong></span> 
     </span>
    </p>
   </div>
   <div class='ocr_carea' id='block_1_54' title="bbox 85 5165 1609 5237">
    <p class='ocr_par' dir='ltr' id='par_1_54' title="bbox 85 5165 1609 5237">
     <span class='ocr_line' id='line_1_54' title="bbox 85 5165 1609 5237; baseline 0.001 -17"><span class='ocrx_word' id='word_1_418' title='bbox 85 5174 183 5220; x_wconf 80' lang='lat' dir='ltr'><strong>at</strong></span> <span class='ocrx_word' id='word_1_419' title='bbox 244 5166 364 5234; x_wconf 88' lang='lat' dir='ltr'><strong>qui</strong></span> <span class='ocrx_word' id='word_1_420' title='bbox 424 5165 699 5237; x_wconf 72' lang='lat' dir='ltr'><strong>mysteriis</strong></span> <span class='ocrx_word' id='word_1_421' title='bbox 727 5181 831 5219; x_wconf 87' lang='lat' dir='ltr'><strong>non</strong></span> <span class='ocrx_word' id='word_1_422' title='bbox 860 5175 939 5220; x_wconf 90' lang='lat' dir='ltr'><strong>est</strong></span> <span class='ocrx_word' id='word_1_423' title='bbox 968 5165 1204 5221; x_wconf 89' lang='lat' dir='ltr'><strong>initiatus</strong></span> <span class='ocrx_word' id='word_1_424' title='bbox 1235 5182 1251 5222; x_wconf 89' lang='lat'><strong>:</strong></span> <span class='ocrx_word' id='word_1_425' title='bbox 1282 5181 1502 5223; x_wconf 84' lang='lat' dir='ltr'><strong>necesse</strong></span> <span class='ocrx_word' id='word_1_426' title='bbox 1525 5174 1609 5221; x_wconf 89' lang='lat' dir='ltr'><strong>est</strong></span> 
     </span>
    </p>
   </div>
   <div class='ocr_carea' id='block_1_55' title="bbox 79 5256 1609 5327">
    <p class='ocr_par' dir='ltr' id='par_1_55' title="bbox 79 5256 1609 5327">
     <span class='ocr_line' id='line_1_55' title="bbox 79 5256 1609 5327; baseline 0.001 -16"><span class='ocrx_word' id='word_1_427' title='bbox 79 5256 206 5311; x_wconf 86' lang='lat' dir='ltr'><strong>illi</strong></span> <span class='ocrx_word' id='word_1_428' title='bbox 244 5257 448 5309; x_wconf 85' lang='lat' dir='ltr'><strong>etiam</strong></span> <span class='ocrx_word' id='word_1_429' title='bbox 475 5257 577 5310; x_wconf 89' lang='lat' dir='ltr'><strong>alia</strong></span> <span class='ocrx_word' id='word_1_430' title='bbox 604 5256 802 5311; x_wconf 89' lang='lat' dir='ltr'><strong>dicere.</strong></span> <span class='ocrx_word' id='word_1_431' title='bbox 830 5256 1009 5327; x_wconf 85' lang='lat' dir='ltr'><strong>Neque</strong></span> <span class='ocrx_word' id='word_1_432' title='bbox 1038 5257 1179 5312; x_wconf 90' lang='lat' dir='ltr'><strong>enim</strong></span> <span class='ocrx_word' id='word_1_433' title='bbox 1209 5258 1363 5313; x_wconf 86' lang='lat' dir='ltr'><strong>nobis</strong></span> <span class='ocrx_word' id='word_1_434' title='bbox 1382 5258 1609 5312; x_wconf 86' lang='lat' dir='ltr'><strong>deerunt</strong></span> 
     </span>
    </p>
   </div>
   <div class='ocr_carea' id='block_1_56' title="bbox 80 5346 1609 5419">
    <p class='ocr_par' dir='ltr' id='par_1_56' title="bbox 80 5346 1609 5419">
     <span class='ocr_line' id='line_1_56' title="bbox 80 5346 1609 5419; baseline 0.001 -20"><span class='ocrx_word' id='word_1_435' title='bbox 80 5362 259 5419; x_wconf 51' lang='lat' dir='ltr'><strong>qua:</strong></span> <span class='ocrx_word' id='word_1_436' title='bbox 322 5346 493 5400; x_wconf 87' lang='lat' dir='ltr'><strong>illum</strong></span> <span class='ocrx_word' id='word_1_437' title='bbox 541 5346 846 5413; x_wconf 88' lang='lat' dir='ltr'><strong>doceamus,</strong></span> <span class='ocrx_word' id='word_1_438' title='bbox 884 5362 1001 5416; x_wconf 66' lang='lat' dir='ltr'><strong>qua:</strong></span> <span class='ocrx_word' id='word_1_439' title='bbox 1046 5347 1250 5417; x_wconf 85' lang='lat' dir='ltr'><strong>possint</strong></span> <span class='ocrx_word' id='word_1_440' title='bbox 1294 5346 1506 5403; x_wconf 84' lang='lat' dir='ltr'><strong>efficere</strong></span> <span class='ocrx_word' id='word_1_441' title='bbox 1552 5355 1609 5401; x_wconf 90' lang='lat' dir='ltr'><strong>ut</strong></span> 
     </span>
    </p>
   </div>
   <div class='ocr_carea' id='block_1_57' title="bbox 98 5436 1605 5508">
    <p class='ocr_par' dir='ltr' id='par_1_57' title="bbox 98 5436 1605 5508">
     <span class='ocr_line' id='line_1_57' title="bbox 98 5436 1605 5508; baseline 0.001 -17"><span class='ocrx_word' id='word_1_442' title='bbox 98 5450 166 5504; x_wconf 79' lang='grc' dir='ltr'><strong>ι,</strong></span> <span class='ocrx_word' id='word_1_443' title='bbox 214 5444 294 5492; x_wconf 83' lang='lat' dir='ltr'><strong>et</strong></span> <span class='ocrx_word' id='word_1_444' title='bbox 330 5436 674 5507; x_wconf 85' lang='lat' dir='ltr'><strong>persuadere</strong></span> <span class='ocrx_word' id='word_1_445' title='bbox 703 5447 761 5491; x_wconf 93' lang='lat' dir='ltr'><strong>ut</strong></span> <span class='ocrx_word' id='word_1_446' title='bbox 784 5438 963 5492; x_wconf 90' lang='lat' dir='ltr'><strong>volare</strong></span> <span class='ocrx_word' id='word_1_447' title='bbox 989 5447 1229 5493; x_wconf 91' lang='lat' dir='ltr'><strong>conetur.</strong></span> <span class='ocrx_word' id='word_1_448' title='bbox 1258 5437 1335 5491; x_wconf 89' lang='lat' dir='ltr'><strong>Tu</strong></span> <span class='ocrx_word' id='word_1_449' title='bbox 1364 5453 1491 5508; x_wconf 90' lang='lat' dir='ltr'><strong>ergo</strong></span> <span class='ocrx_word' id='word_1_450' title='bbox 1513 5438 1605 5508; x_wconf 91' lang='lat' dir='ltr'><strong>qui</strong></span> 
     </span>
    </p>
   </div>
   <div class='ocr_carea' id='block_1_58' title="bbox 92 5529 1603 5601">
    <p class='ocr_par' dir='ltr' id='par_1_58' title="bbox 92 5529 1603 5601">
     <span class='ocr_line' id='line_1_58' title="bbox 92 5529 1603 5601; baseline 0 -18"><span class='ocrx_word' id='word_1_451' title='bbox 92 5532 429 5599; x_wconf 72' lang='lat' dir='ltr'><strong>ignoras,</strong></span> <span class='ocrx_word' id='word_1_452' title='bbox 458 5529 673 5600; x_wconf 90' lang='lat' dir='ltr'><strong>quando</strong></span> <span class='ocrx_word' id='word_1_453' title='bbox 709 5529 940 5584; x_wconf 88' lang='lat' dir='ltr'><strong>audieris</strong></span> <span class='ocrx_word' id='word_1_454' title='bbox 981 5530 1289 5601; x_wconf 87' lang='lat' dir='ltr'><strong>prophetam</strong></span> <span class='ocrx_word' id='word_1_455' title='bbox 1320 5529 1603 5595; x_wconf 88' lang='lat' dir='ltr'><strong>dicentem,</strong></span> 
     </span>
    </p>
   </div>
   <div class='ocr_carea' id='block_1_59' title="bbox 92 5620 1604 5694">
    <p class='ocr_par' dir='ltr' id='par_1_59' title="bbox 92 5620 1604 5694">
     <span class='ocr_line' id='line_1_59' title="bbox 92 5620 1604 5694; baseline 0.001 -17"><span class='ocrx_word' id='word_1_456' title='bbox 92 5621 299 5677; x_wconf 82' lang='lat' dir='ltr'><strong>dicit.</strong></span> <span class='ocrx_word' id='word_1_457' title='bbox 352 5621 644 5688; x_wconf 87' lang='lat' dir='ltr'><strong>Dominus,</strong></span> <span class='ocrx_word' id='word_1_458' title='bbox 675 5620 883 5679; x_wconf 84' lang='lat' dir='ltr'><strong>Recede</strong></span> <span class='ocrx_word' id='word_1_459' title='bbox 909 5637 938 5676; x_wconf 89' lang='lat' dir='ltr'><strong>a</strong></span> <span class='ocrx_word' id='word_1_460' title='bbox 965 5631 1105 5678; x_wconf 87' lang='lat' dir='ltr'><strong>terra</strong></span> <span class='ocrx_word' id='word_1_461' title='bbox 1124 5664 1140 5690; x_wconf 93' lang='lat'><strong>,</strong></span> <span class='ocrx_word' id='word_1_462' title='bbox 1174 5625 1286 5692; x_wconf 89' lang='lat' dir='ltr'><strong>ipse</strong></span> <span class='ocrx_word' id='word_1_463' title='bbox 1314 5638 1525 5694; x_wconf 89' lang='lat' dir='ltr'><strong>quoque</strong></span> <span class='ocrx_word' id='word_1_464' title='bbox 1550 5623 1604 5678; x_wconf 90' lang='lat' dir='ltr'><strong>iu</strong></span> 
     </span>
    </p>
   </div>
   <div class='ocr_carea' id='block_1_60' title="bbox 89 5715 1601 5790">
    <p class='ocr_par' dir='ltr' id='par_1_60' title="bbox 89 5715 1601 5790">
     <span class='ocr_line' id='line_1_60' title="bbox 89 5715 1601 5790; baseline 0.001 -18"><span class='ocrx_word' id='word_1_465' title='bbox 89 5734 142 5772; x_wconf 78' lang='grc' dir='ltr'><strong><em>η</em></strong></span> <span class='ocrx_word' id='word_1_466' title='bbox 186 5715 485 5773; x_wconf 80' lang='lat' dir='ltr'><strong>ascende</strong></span> <span class='ocrx_word' id='word_1_467' title='bbox 513 5734 526 5774; x_wconf 90' lang='lat'><strong>:</strong></span> <span class='ocrx_word' id='word_1_468' title='bbox 556 5717 733 5787; x_wconf 83' lang='lat' dir='ltr'><strong>cogita</strong></span> <span class='ocrx_word' id='word_1_469' title='bbox 752 5716 992 5790; x_wconf 86' lang='lat' dir='ltr'><strong>quisnam</strong></span> <span class='ocrx_word' id='word_1_470' title='bbox 1021 5717 1088 5775; x_wconf 88' lang='lat' dir='ltr'><strong>sit</strong></span> <span class='ocrx_word' id='word_1_471' title='bbox 1113 5715 1203 5789; x_wconf 88' lang='lat' dir='ltr'><strong>qui</strong></span> <span class='ocrx_word' id='word_1_472' title='bbox 1229 5731 1325 5789; x_wconf 88' lang='lat' dir='ltr'><strong>per</strong></span> <span class='ocrx_word' id='word_1_473' title='bbox 1349 5716 1497 5775; x_wconf 88' lang='lat' dir='ltr'><strong>illum</strong></span> <span class='ocrx_word' id='word_1_474' title='bbox 1526 5724 1601 5773; x_wconf 85' lang='lat' dir='ltr'><strong>te-</strong></span> 
     </span>
    </p>
   </div>
   <div class='ocr_carea' id='block_1_61' title="bbox 1067 270 2334 334">
    <p class='ocr_par' dir='ltr' id='par_1_61' title="bbox 1067 270 2334 334">
     <span class='ocr_line' id='line_1_61' title="bbox 1067 270 2334 334; baseline -0.002 -2"><span class='ocrx_word' id='word_1_475' title='bbox 1067 277 1130 334; x_wconf 83' lang='lat' dir='ltr'><strong>IN</strong></span> <span class='ocrx_word' id='word_1_476' title='bbox 1168 275 1378 334; x_wconf 81' lang='lat' dir='ltr'><strong>EPIST.</strong></span> <span class='ocrx_word' id='word_1_477' title='bbox 1419 274 1436 328; x_wconf 86' lang='grc' dir='ltr'>ι</span> <span class='ocrx_word' id='word_1_478' title='bbox 1500 272 1590 327; x_wconf 82' lang='lat' dir='ltr'><strong>AD</strong></span> <span class='ocrx_word' id='word_1_479' title='bbox 1625 270 1781 327; x_wconf 72' lang='lat' dir='ltr'><strong>C08.</strong></span> <span class='ocrx_word' id='word_1_480' title='bbox 1822 271 2052 329; x_wconf 74' lang='lat' dir='ltr'><strong>HOMIL.</strong></span> <span class='ocrx_word' id='word_1_481' title='bbox 2096 273 2334 331; x_wconf 73' lang='lat' dir='ltr'><strong>XXXVI.</strong></span> 
     </span>
    </p>
   </div>
   <div class='ocr_carea' id='block_1_62' title="bbox 3226 277 3331 332">
    <p class='ocr_par' dir='ltr' id='par_1_62' title="bbox 3226 277 3331 332">
     <span class='ocr_line' id='line_1_62' title="bbox 3226 277 3331 332; baseline 0 0"><span class='ocrx_word' id='word_1_482' title='bbox 3226 277 3331 332; x_wconf 75' lang='grc'><strong>514</strong></span> 
     </span>
    </p>
   </div>
   <div class='ocr_carea' id='block_1_63' title="bbox 1764 385 3326 458">
    <p class='ocr_par' dir='ltr' id='par_1_63' title="bbox 1764 385 3326 458">
     <span class='ocr_line' id='line_1_63' title="bbox 1764 385 3326 458; baseline 0.002 -18"><span class='ocrx_word' id='word_1_483' title='bbox 1764 401 1883 440; x_wconf 90' lang='lat' dir='ltr'><strong>cum</strong></span> <span class='ocrx_word' id='word_1_484' title='bbox 1923 386 2175 457; x_wconf 91' lang='lat' dir='ltr'><strong>loquitur.</strong></span> <span class='ocrx_word' id='word_1_485' title='bbox 2219 386 2369 442; x_wconf 85' lang='lat' dir='ltr'><strong>Nunc</strong></span> <span class='ocrx_word' id='word_1_486' title='bbox 2407 395 2587 443; x_wconf 87' lang='lat' dir='ltr'><strong>autem</strong></span> <span class='ocrx_word' id='word_1_487' title='bbox 2624 385 2896 443; x_wconf 87' lang='lat' dir='ltr'><strong>histrionis</strong></span> <span class='ocrx_word' id='word_1_488' title='bbox 2921 387 3133 458; x_wconf 88' lang='lat' dir='ltr'><strong>quidem</strong></span> <span class='ocrx_word' id='word_1_489' title='bbox 3163 390 3326 444; x_wconf 89' lang='lat' dir='ltr'><strong>risutu</strong></span> 
     </span>
    </p>
   </div>
   <div class='ocr_carea' id='block_1_64' title="bbox 1757 477 3328 549">
    <p class='ocr_par' dir='ltr' id='par_1_64' title="bbox 1757 477 3328 549">
     <span class='ocr_line' id='line_1_64' title="bbox 1757 477 3328 549; baseline 0.004 -19"><span class='ocrx_word' id='word_1_490' title='bbox 1757 477 2050 543; x_wconf 82' lang='lat' dir='ltr'><strong>moventis,</strong></span> <span class='ocrx_word' id='word_1_491' title='bbox 2087 488 2143 532; x_wconf 90' lang='lat' dir='ltr'><strong>et</strong></span> <span class='ocrx_word' id='word_1_492' title='bbox 2182 480 2465 533; x_wconf 91' lang='lat' dir='ltr'><strong>scortantis</strong></span> <span class='ocrx_word' id='word_1_493' title='bbox 2503 492 2567 533; x_wconf 91' lang='lat' dir='ltr'><strong>ae</strong></span> <span class='ocrx_word' id='word_1_494' title='bbox 2608 478 2833 549; x_wconf 88' lang='lat' dir='ltr'><strong>turpiter</strong></span> <span class='ocrx_word' id='word_1_495' title='bbox 2861 481 3067 549; x_wconf 86' lang='lat' dir='ltr'><strong>agentis</strong></span> <span class='ocrx_word' id='word_1_496' title='bbox 3090 482 3328 536; x_wconf 87' lang='lat' dir='ltr'><strong>mulieris</strong></span> 
     </span>
    </p>
   </div>
   <div class='ocr_carea' id='block_1_65' title="bbox 1758 569 3325 645">
    <p class='ocr_par' dir='ltr' id='par_1_65' title="bbox 1758 569 3325 645">
     <span class='ocr_line' id='line_1_65' title="bbox 1758 569 3325 645; baseline 0.006 -24"><span class='ocrx_word' id='word_1_497' title='bbox 1758 578 1959 623; x_wconf 89' lang='lat' dir='ltr'><strong>tantum</strong></span> <span class='ocrx_word' id='word_1_498' title='bbox 1988 569 2138 625; x_wconf 89' lang='lat' dir='ltr'><strong>sedet</strong></span> <span class='ocrx_word' id='word_1_499' title='bbox 2164 570 2545 640; x_wconf 87' lang='lat' dir='ltr'><strong>spectaculum,</strong></span> <span class='ocrx_word' id='word_1_500' title='bbox 2568 571 2631 626; x_wconf 90' lang='lat' dir='ltr'><strong>iis</strong></span> <span class='ocrx_word' id='word_1_501' title='bbox 2654 588 2773 643; x_wconf 70' lang='lat' dir='ltr'><strong>qua:</strong></span> <span class='ocrx_word' id='word_1_502' title='bbox 2802 572 3050 627; x_wconf 90' lang='lat' dir='ltr'><strong>dicuntur</strong></span> <span class='ocrx_word' id='word_1_503' title='bbox 3077 586 3325 645; x_wconf 90' lang='lat' dir='ltr'><strong>magnum</strong></span> 
     </span>
    </p>
   </div>
   <div class='ocr_carea' id='block_1_66' title="bbox 1755 661 3324 735">
    <p class='ocr_par' dir='ltr' id='par_1_66' title="bbox 1755 661 3324 735">
     <span class='ocr_line' id='line_1_66' title="bbox 1755 661 3324 735; baseline 0.004 -20"><span class='ocrx_word' id='word_1_504' title='bbox 1755 661 2001 730; x_wconf 66' lang='lat' dir='ltr'><strong>pratbcns</strong></span> <span class='ocrx_word' id='word_1_505' title='bbox 2030 663 2322 730; x_wconf 89' lang='lat' dir='ltr'><strong>silentium,</strong></span> <span class='ocrx_word' id='word_1_506' title='bbox 2356 662 2513 732; x_wconf 86' lang='lat' dir='ltr'><strong>idque</strong></span> <span class='ocrx_word' id='word_1_507' title='bbox 2542 679 2660 718; x_wconf 91' lang='lat' dir='ltr'><strong>cum</strong></span> <span class='ocrx_word' id='word_1_508' title='bbox 2695 665 2867 720; x_wconf 90' lang='lat' dir='ltr'><strong>nullus</strong></span> <span class='ocrx_word' id='word_1_509' title='bbox 2888 664 3072 735; x_wconf 87' lang='lat' dir='ltr'><strong>jubeat</strong></span> <span class='ocrx_word' id='word_1_510' title='bbox 3102 676 3278 721; x_wconf 88' lang='lat' dir='ltr'><strong>tacere</strong></span> <span class='ocrx_word' id='word_1_511' title='bbox 3304 707 3324 731; x_wconf 87' lang='lat'><strong>,</strong></span> 
     </span>
    </p>
   </div>
   <div class='ocr_carea' id='block_1_67' title="bbox 1753 755 3325 824">
    <p class='ocr_par' dir='ltr' id='par_1_67' title="bbox 1753 755 3325 824">
     <span class='ocr_line' id='line_1_67' title="bbox 1753 755 3325 824; baseline 0.004 -20"><span class='ocrx_word' id='word_1_512' title='bbox 1753 762 1806 805; x_wconf 90' lang='lat' dir='ltr'><strong>et</strong></span> <span class='ocrx_word' id='word_1_513' title='bbox 1824 767 1994 822; x_wconf 88' lang='lat' dir='ltr'><strong>neque</strong></span> <span class='ocrx_word' id='word_1_514' title='bbox 2013 764 2095 809; x_wconf 92' lang='lat' dir='ltr'><strong>est</strong></span> <span class='ocrx_word' id='word_1_515' title='bbox 2111 755 2387 817; x_wconf 88' lang='lat' dir='ltr'><strong>tumultus,</strong></span> <span class='ocrx_word' id='word_1_516' title='bbox 2405 770 2575 824; x_wconf 90' lang='lat' dir='ltr'><strong>neque</strong></span> <span class='ocrx_word' id='word_1_517' title='bbox 2596 755 2815 823; x_wconf 89' lang='lat' dir='ltr'><strong>clamor,</strong></span> <span class='ocrx_word' id='word_1_518' title='bbox 2841 772 2938 811; x_wconf 89' lang='lat' dir='ltr'><strong>nec</strong></span> <span class='ocrx_word' id='word_1_519' title='bbox 2951 757 3088 811; x_wconf 90' lang='lat' dir='ltr'><strong>ullus</strong></span> <span class='ocrx_word' id='word_1_520' title='bbox 3106 758 3325 812; x_wconf 88' lang='lat' dir='ltr'><strong>omnino</strong></span> 
     </span>
    </p>
   </div>
   <div class='ocr_carea' id='block_1_68' title="bbox 1751 846 3324 915">
    <p class='ocr_par' dir='ltr' id='par_1_68' title="bbox 1751 846 3324 915">
     <span class='ocr_line' id='line_1_68' title="bbox 1751 846 3324 915; baseline 0.004 -17"><span class='ocrx_word' id='word_1_521' title='bbox 1751 846 2003 914; x_wconf 77' lang='lat' dir='ltr'><strong>strepitus</strong></span> <span class='ocrx_word' id='word_1_522' title='bbox 2033 865 2045 901; x_wconf 95' lang='lat'>:</span> <span class='ocrx_word' id='word_1_523' title='bbox 2079 846 2187 900; x_wconf 85' lang='lat' dir='ltr'><strong>Deo</strong></span> <span class='ocrx_word' id='word_1_524' title='bbox 2211 855 2389 901; x_wconf 89' lang='lat' dir='ltr'><strong>autem</strong></span> <span class='ocrx_word' id='word_1_525' title='bbox 2420 862 2449 901; x_wconf 93' lang='lat' dir='ltr'><strong>e</strong></span> <span class='ocrx_word' id='word_1_526' title='bbox 2474 848 2619 902; x_wconf 65' lang='lat' dir='ltr'><strong>caelis</strong></span> <span class='ocrx_word' id='word_1_527' title='bbox 2644 847 2892 915; x_wconf 83' lang='lat' dir='ltr'><strong>loquente</strong></span> <span class='ocrx_word' id='word_1_528' title='bbox 2911 846 2979 903; x_wconf 92' lang='lat' dir='ltr'><strong>de</strong></span> <span class='ocrx_word' id='word_1_529' title='bbox 3004 849 3163 903; x_wconf 86' lang='lat' dir='ltr'><strong>rebus</strong></span> <span class='ocrx_word' id='word_1_530' title='bbox 3187 850 3324 905; x_wconf 90' lang='lat' dir='ltr'><strong>adeo</strong></span> 
     </span>
    </p>
   </div>
   <div class='ocr_carea' id='block_1_69' title="bbox 1752 937 3319 1010">
    <p class='ocr_par' dir='ltr' id='par_1_69' title="bbox 1752 937 3319 1010">
     <span class='ocr_line' id='line_1_69' title="bbox 1752 937 3319 1010; baseline 0.005 -22"><span class='ocrx_word' id='word_1_531' title='bbox 1752 937 2027 1005; x_wconf 82' lang='lat' dir='ltr'><strong>stupendis</strong></span> <span class='ocrx_word' id='word_1_532' title='bbox 2051 952 2113 991; x_wconf 90' lang='lat' dir='ltr'><strong>ac</strong></span> <span class='ocrx_word' id='word_1_533' title='bbox 2141 938 2471 1005; x_wconf 88' lang='lat' dir='ltr'><strong>reverendis,</strong></span> <span class='ocrx_word' id='word_1_534' title='bbox 2505 939 2725 993; x_wconf 87' lang='lat' dir='ltr'><strong>canibus</strong></span> <span class='ocrx_word' id='word_1_535' title='bbox 2750 955 2933 994; x_wconf 88' lang='lat' dir='ltr'><strong>sumus</strong></span> <span class='ocrx_word' id='word_1_536' title='bbox 2966 940 3319 1010; x_wconf 85' lang='lat' dir='ltr'><strong>impudentio-</strong></span> 
     </span>
    </p>
   </div>
   <div class='ocr_carea' id='block_1_70' title="bbox 1751 1026 3318 1100">
    <p class='ocr_par' dir='ltr' id='par_1_70' title="bbox 1751 1026 3318 1100">
     <span class='ocr_line' id='line_1_70' title="bbox 1751 1026 3318 1100; baseline 0.005 -21"><span class='ocrx_word' id='word_1_537' title='bbox 1751 1040 1859 1092; x_wconf 90' lang='lat' dir='ltr'><strong>res,</strong></span> <span class='ocrx_word' id='word_1_538' title='bbox 1892 1043 1957 1081; x_wconf 92' lang='lat' dir='ltr'><strong>ne</strong></span> <span class='ocrx_word' id='word_1_539' title='bbox 1985 1026 2092 1081; x_wconf 92' lang='lat' dir='ltr'><strong>Deo</strong></span> <span class='ocrx_word' id='word_1_540' title='bbox 2120 1027 2332 1097; x_wconf 90' lang='lat' dir='ltr'><strong>quidem</strong></span> <span class='ocrx_word' id='word_1_541' title='bbox 2362 1037 2557 1083; x_wconf 90' lang='lat' dir='ltr'><strong>tantam</strong></span> <span class='ocrx_word' id='word_1_542' title='bbox 2588 1028 2901 1085; x_wconf 87' lang='lat' dir='ltr'><strong>exhibentes</strong></span> <span class='ocrx_word' id='word_1_543' title='bbox 2925 1032 3275 1087; x_wconf 89' lang='lat' dir='ltr'><strong>reverentiam</strong></span> <span class='ocrx_word' id='word_1_544' title='bbox 3300 1072 3318 1100; x_wconf 94' lang='lat'><strong>,</strong></span> 
     </span>
    </p>
   </div>
   <div class='ocr_carea' id='block_1_71' title="bbox 1749 1120 2416 1189">
    <p class='ocr_par' dir='ltr' id='par_1_71' title="bbox 1749 1120 2416 1189">
     <span class='ocr_line' id='line_1_71' title="bbox 1749 1120 2416 1189; baseline 0.001 -18"><span class='ocrx_word' id='word_1_545' title='bbox 1749 1128 1998 1189; x_wconf 89' lang='lat' dir='ltr'><strong>quantam</strong></span> <span class='ocrx_word' id='word_1_546' title='bbox 2029 1120 2416 1175; x_wconf 86' lang='lat' dir='ltr'><strong>meretricibus.</strong></span> 
     </span>
    </p>
   </div>
   <div class='ocr_carea' id='block_1_72' title="bbox 1818 1214 3321 1289">
    <p class='ocr_par' dir='ltr' id='par_1_72' title="bbox 1818 1214 3321 1289">
     <span class='ocr_line' id='line_1_72' title="bbox 1818 1214 3321 1289; baseline 0.001 -20"><span class='ocrx_word' id='word_1_547' title='bbox 1818 1214 1871 1269; x_wconf 89' lang='lat'><strong>6.</strong></span> <span class='ocrx_word' id='word_1_548' title='bbox 1915 1214 2075 1271; x_wconf 88' lang='lat' dir='ltr'><strong>llisne</strong></span> <span class='ocrx_word' id='word_1_549' title='bbox 2103 1216 2295 1271; x_wconf 90' lang='lat' dir='ltr'><strong>auditis</strong></span> <span class='ocrx_word' id='word_1_550' title='bbox 2324 1218 2713 1273; x_wconf 78' lang='lat' dir='ltr'><strong>exhorruistis?</strong></span> <span class='ocrx_word' id='word_1_551' title='bbox 2739 1218 2901 1273; x_wconf 84' lang='lat' dir='ltr'><strong>Multo</strong></span> <span class='ocrx_word' id='word_1_552' title='bbox 2928 1219 3095 1289; x_wconf 88' lang='lat' dir='ltr'><strong>magis</strong></span> <span class='ocrx_word' id='word_1_553' title='bbox 3114 1218 3217 1273; x_wconf 88' lang='lat' dir='ltr'><strong>hoc</strong></span> <span class='ocrx_word' id='word_1_554' title='bbox 3246 1218 3321 1271; x_wconf 89' lang='lat' dir='ltr'><strong>fa-</strong></span> 
     </span>
    </p>
   </div>
   <div class='ocr_carea' id='block_1_73' title="bbox 1746 1303 3320 1381">
    <p class='ocr_par' dir='ltr' id='par_1_73' title="bbox 1746 1303 3320 1381">
     <span class='ocr_line' id='line_1_73' title="bbox 1746 1303 3320 1381; baseline 0.004 -24"><span class='ocrx_word' id='word_1_555' title='bbox 1746 1303 1968 1371; x_wconf 89' lang='lat' dir='ltr'><strong>cientes,</strong></span> <span class='ocrx_word' id='word_1_556' title='bbox 1996 1305 2227 1362; x_wconf 84' lang='lat' dir='ltr'><strong>horrele.</strong></span> <span class='ocrx_word' id='word_1_557' title='bbox 2259 1306 2410 1373; x_wconf 84' lang='lat' dir='ltr'><strong>Quod</strong></span> <span class='ocrx_word' id='word_1_558' title='bbox 2437 1309 2503 1364; x_wconf 91' lang='lat' dir='ltr'><strong>de</strong></span> <span class='ocrx_word' id='word_1_559' title='bbox 2530 1310 2593 1363; x_wconf 91' lang='lat' dir='ltr'><strong>iis</strong></span> <span class='ocrx_word' id='word_1_560' title='bbox 2614 1310 2702 1381; x_wconf 91' lang='lat' dir='ltr'><strong>qui</strong></span> <span class='ocrx_word' id='word_1_561' title='bbox 2733 1326 2992 1380; x_wconf 87' lang='lat' dir='ltr'><strong>pauperes</strong></span> <span class='ocrx_word' id='word_1_562' title='bbox 3021 1310 3320 1380; x_wconf 88' lang='lat' dir='ltr'><strong>despiciunt</strong></span> 
     </span>
    </p>
   </div>
   <div class='ocr_carea' id='block_1_74' title="bbox 1745 1395 3322 1465">
    <p class='ocr_par' dir='ltr' id='par_1_74' title="bbox 1745 1395 3322 1465">
     <span class='ocr_line' id='line_1_74' title="bbox 1745 1395 3322 1465; baseline 0.004 -18"><span class='ocrx_word' id='word_1_563' title='bbox 1745 1402 1798 1448; x_wconf 88' lang='lat' dir='ltr'><strong>et</strong></span> <span class='ocrx_word' id='word_1_564' title='bbox 1822 1395 1922 1449; x_wconf 90' lang='lat' dir='ltr'><strong>soli</strong></span> <span class='ocrx_word' id='word_1_565' title='bbox 1952 1397 2257 1463; x_wconf 86' lang='lat' dir='ltr'><strong>comedunt,</strong></span> <span class='ocrx_word' id='word_1_566' title='bbox 2294 1398 2426 1453; x_wconf 81' lang='lat' dir='ltr'><strong>dixit</strong></span> <span class='ocrx_word' id='word_1_567' title='bbox 2456 1399 2677 1465; x_wconf 87' lang='lat' dir='ltr'><strong>Paulus,</strong></span> <span class='ocrx_word' id='word_1_568' title='bbox 2711 1399 2893 1454; x_wconf 82' lang='lat' dir='ltr'><strong>Annon</strong></span> <span class='ocrx_word' id='word_1_569' title='bbox 2923 1400 3115 1454; x_wconf 78' lang='lat' dir='ltr'><strong>habetis</strong></span> <span class='ocrx_word' id='word_1_570' title='bbox 3143 1400 3322 1453; x_wconf 75' lang='lat' dir='ltr'><strong>domos</strong></span> 
     </span>
    </p>
   </div>
   <div class='ocr_carea' id='block_1_75' title="bbox 1742 1484 3317 1545">
    <p class='ocr_par' dir='ltr' id='par_1_75' title="bbox 1742 1484 3317 1545">
     <span class='ocr_line' id='line_1_75' title="bbox 1742 1484 3317 1545; baseline 0.004 -7"><span class='ocrx_word' id='word_1_571' title='bbox 1742 1484 1811 1538; x_wconf 86' lang='lat' dir='ltr'><strong>ad</strong></span> <span class='ocrx_word' id='word_1_572' title='bbox 1838 1486 2197 1541; x_wconf 85' lang='lat' dir='ltr'><strong>comedendum</strong></span> <span class='ocrx_word' id='word_1_573' title='bbox 2220 1500 2265 1541; x_wconf 88' lang='lat' dir='ltr'><strong>et</strong></span> <span class='ocrx_word' id='word_1_574' title='bbox 2292 1489 2595 1544; x_wconf 83' lang='lat' dir='ltr'><strong>bibendum?</strong></span> <span class='ocrx_word' id='word_1_575' title='bbox 2633 1508 2698 1544; x_wconf 84' lang='lat' dir='ltr'><strong>an</strong></span> <span class='ocrx_word' id='word_1_576' title='bbox 2736 1492 2994 1545; x_wconf 77' lang='lat' dir='ltr'><strong>ecclesiam</strong></span> <span class='ocrx_word' id='word_1_577' title='bbox 3022 1490 3118 1544; x_wconf 80' lang='lat' dir='ltr'><strong>Dei</strong></span> <span class='ocrx_word' id='word_1_578' title='bbox 3146 1500 3317 1545; x_wconf 79' lang='lat' dir='ltr'><strong>conte-</strong></span> 
     </span>
    </p>
   </div>
   <div class='ocr_carea' id='block_1_76' title="bbox 1742 1578 3309 1656">
    <p class='ocr_par' dir='ltr' id='par_1_76' title="bbox 1742 1578 3309 1656">
     <span class='ocr_line' id='line_1_76' title="bbox 1742 1578 3309 1656; baseline 0.006 -27"><span class='ocrx_word' id='word_1_579' title='bbox 1742 1578 1930 1639; x_wconf 76' lang='lat' dir='ltr'><strong>mnitis,</strong></span> <span class='ocrx_word' id='word_1_580' title='bbox 1956 1586 2004 1631; x_wconf 83' lang='lat' dir='ltr'><strong>et</strong></span> <span class='ocrx_word' id='word_1_581' title='bbox 2042 1594 2125 1632; x_wconf 78' lang='lat' dir='ltr'><strong>eos</strong></span> <span class='ocrx_word' id='word_1_582' title='bbox 2166 1581 2251 1649; x_wconf 81' lang='lat' dir='ltr'><strong>qui</strong></span> <span class='ocrx_word' id='word_1_583' title='bbox 2295 1597 2395 1635; x_wconf 86' lang='lat' dir='ltr'><strong>non</strong></span> <span class='ocrx_word' id='word_1_584' title='bbox 2434 1582 2612 1635; x_wconf 84' lang='lat' dir='ltr'><strong>habent</strong></span> <span class='ocrx_word' id='word_1_585' title='bbox 2645 1584 2836 1653; x_wconf 81' lang='lat' dir='ltr'><strong>pudore</strong></span> <span class='ocrx_word' id='word_1_586' title='bbox 2861 1581 3054 1653; x_wconf 71' lang='lat' dir='ltr'><strong>efﬁcitis</strong></span> <span class='ocrx_word' id='word_1_587' title='bbox 3084 1584 3160 1656; x_wconf 74' lang='lat' dir='ltr'><strong>(l.</strong></span> <span class='ocrx_word' id='word_1_588' title='bbox 3193 1582 3309 1638; x_wconf 85' lang='lat' dir='ltr'><strong>Cor.</strong></span> 
     </span>
    </p>
   </div>
   <div class='ocr_carea' id='block_1_77' title="bbox 1742 1669 3311 1743">
    <p class='ocr_par' dir='ltr' id='par_1_77' title="bbox 1742 1669 3311 1743">
     <span class='ocr_line' id='line_1_77' title="bbox 1742 1669 3311 1743; baseline 0.003 -19"><span class='ocrx_word' id='word_1_589' title='bbox 1742 1671 1828 1725; x_wconf 76' lang='lat' dir='ltr'><strong>ll.</strong></span> <span class='ocrx_word' id='word_1_590' title='bbox 1856 1669 1991 1741; x_wconf 71' lang='lat'><strong>22)?</strong></span> <span class='ocrx_word' id='word_1_591' title='bbox 2032 1672 2161 1726; x_wconf 83' lang='lat' dir='ltr'><strong>mihi</strong></span> <span class='ocrx_word' id='word_1_592' title='bbox 2194 1688 2407 1743; x_wconf 90' lang='lat' dir='ltr'><strong>quoque</strong></span> <span class='ocrx_word' id='word_1_593' title='bbox 2437 1675 2712 1731; x_wconf 90' lang='lat' dir='ltr'><strong>concedite</strong></span> <span class='ocrx_word' id='word_1_594' title='bbox 2748 1685 2805 1730; x_wconf 92' lang='lat' dir='ltr'><strong>ut</strong></span> <span class='ocrx_word' id='word_1_595' title='bbox 2838 1676 3012 1730; x_wconf 90' lang='lat' dir='ltr'><strong>dicam</strong></span> <span class='ocrx_word' id='word_1_596' title='bbox 3039 1676 3105 1730; x_wconf 93' lang='lat' dir='ltr'><strong>de</strong></span> <span class='ocrx_word' id='word_1_597' title='bbox 3132 1676 3195 1730; x_wconf 92' lang='lat' dir='ltr'><strong>iis</strong></span> <span class='ocrx_word' id='word_1_598' title='bbox 3223 1676 3311 1743; x_wconf 89' lang='lat' dir='ltr'><strong>qui</strong></span> 
     </span>
    </p>
   </div>
   <div class='ocr_carea' id='block_1_78' title="bbox 1740 1758 3313 1833">
    <p class='ocr_par' dir='ltr' id='par_1_78' title="bbox 1740 1758 3313 1833">
     <span class='ocr_line' id='line_1_78' title="bbox 1740 1758 3313 1833; baseline 0.004 -20"><span class='ocrx_word' id='word_1_599' title='bbox 1740 1758 1827 1813; x_wconf 86' lang='lat' dir='ltr'><strong>hic</strong></span> <span class='ocrx_word' id='word_1_600' title='bbox 1857 1760 2002 1817; x_wconf 89' lang='lat' dir='ltr'><strong>cient</strong></span> <span class='ocrx_word' id='word_1_601' title='bbox 2031 1762 2286 1817; x_wconf 90' lang='lat' dir='ltr'><strong>tumultus</strong></span> <span class='ocrx_word' id='word_1_602' title='bbox 2314 1774 2367 1817; x_wconf 89' lang='lat' dir='ltr'><strong>et</strong></span> <span class='ocrx_word' id='word_1_603' title='bbox 2397 1763 2683 1833; x_wconf 88' lang='lat' dir='ltr'><strong>loquuntur</strong></span> <span class='ocrx_word' id='word_1_604' title='bbox 2713 1783 2725 1819; x_wconf 93' lang='lat'><strong>:</strong></span> <span class='ocrx_word' id='word_1_605' title='bbox 2758 1766 2946 1820; x_wconf 85' lang='lat' dir='ltr'><strong>Annon</strong></span> <span class='ocrx_word' id='word_1_606' title='bbox 2978 1765 3183 1819; x_wconf 87' lang='lat' dir='ltr'><strong>habetis</strong></span> <span class='ocrx_word' id='word_1_607' title='bbox 3210 1763 3313 1820; x_wconf 70' lang='lat' dir='ltr'><strong>do-&#39;</strong></span> 
     </span>
    </p>
   </div>
   <div class='ocr_carea' id='block_1_79' title="bbox 1739 1853 3310 1927">
    <p class='ocr_par' dir='ltr' id='par_1_79' title="bbox 1739 1853 3310 1927">
     <span class='ocr_line' id='line_1_79' title="bbox 1739 1853 3310 1927; baseline 0.004 -20"><span class='ocrx_word' id='word_1_608' title='bbox 1739 1868 1854 1908; x_wconf 84' lang='lat' dir='ltr'><strong>mos</strong></span> <span class='ocrx_word' id='word_1_609' title='bbox 1883 1853 1949 1909; x_wconf 90' lang='lat' dir='ltr'><strong>ad</strong></span> <span class='ocrx_word' id='word_1_610' title='bbox 1987 1855 2327 1925; x_wconf 84' lang='lat' dir='ltr'><strong>nugandum?</strong></span> <span class='ocrx_word' id='word_1_611' title='bbox 2366 1872 2431 1911; x_wconf 89' lang='lat' dir='ltr'><strong>an</strong></span> <span class='ocrx_word' id='word_1_612' title='bbox 2476 1858 2565 1911; x_wconf 81' lang='lat' dir='ltr'><strong>Dei</strong></span> <span class='ocrx_word' id='word_1_613' title='bbox 2608 1859 2886 1913; x_wconf 89' lang='lat' dir='ltr'><strong>ecclesiam</strong></span> <span class='ocrx_word' id='word_1_614' title='bbox 2915 1859 3216 1927; x_wconf 72' lang='lat' dir='ltr'><strong>dCSpiCiliS,</strong></span> <span class='ocrx_word' id='word_1_615' title='bbox 3255 1869 3310 1914; x_wconf 90' lang='lat' dir='ltr'><strong>et</strong></span> 
     </span>
    </p>
   </div>
   <div class='ocr_carea' id='block_1_80' title="bbox 1736 1947 3310 2017">
    <p class='ocr_par' dir='ltr' id='par_1_80' title="bbox 1736 1947 3310 2017">
     <span class='ocr_line' id='line_1_80' title="bbox 1736 1947 3310 2017; baseline 0.004 -18"><span class='ocrx_word' id='word_1_616' title='bbox 1736 1960 1829 2000; x_wconf 90' lang='lat' dir='ltr'><strong>eos</strong></span> <span class='ocrx_word' id='word_1_617' title='bbox 1874 1947 2033 2001; x_wconf 89' lang='lat' dir='ltr'><strong>etiam</strong></span> <span class='ocrx_word' id='word_1_618' title='bbox 2072 1947 2414 2017; x_wconf 86' lang='lat' dir='ltr'><strong>eorrumpitis</strong></span> <span class='ocrx_word' id='word_1_619' title='bbox 2458 1949 2546 2017; x_wconf 88' lang='lat' dir='ltr'><strong>qtti</strong></span> <span class='ocrx_word' id='word_1_620' title='bbox 2593 1952 2773 2003; x_wconf 84' lang='lat' dir='ltr'><strong>volunt</strong></span> <span class='ocrx_word' id='word_1_621' title='bbox 2818 1965 2937 2006; x_wconf 90' lang='lat' dir='ltr'><strong>esse</strong></span> <span class='ocrx_word' id='word_1_622' title='bbox 2982 1951 3208 2006; x_wconf 87' lang='lat' dir='ltr'><strong>modesti</strong></span> <span class='ocrx_word' id='word_1_623' title='bbox 3255 1960 3310 2005; x_wconf 90' lang='lat' dir='ltr'><strong>et</strong></span> 
     </span>
    </p>
   </div>
   <div class='ocr_carea' id='block_1_81' title="bbox 1736 2035 3311 2113">
    <p class='ocr_par' dir='ltr' id='par_1_81' title="bbox 1736 2035 3311 2113">
     <span class='ocr_line' id='line_1_81' title="bbox 1736 2035 3311 2113; baseline 0.006 -24"><span class='ocrx_word' id='word_1_624' title='bbox 1736 2035 1936 2106; x_wconf 87' lang='lat' dir='ltr'><strong>quieti?</strong></span> <span class='ocrx_word' id='word_1_625' title='bbox 1979 2040 2047 2093; x_wconf 89' lang='lat' dir='ltr'><strong>At</strong></span> <span class='ocrx_word' id='word_1_626' title='bbox 2074 2037 2226 2093; x_wconf 86' lang='lat' dir='ltr'><strong>vobis</strong></span> <span class='ocrx_word' id='word_1_627' title='bbox 2259 2049 2341 2095; x_wconf 92' lang='lat' dir='ltr'><strong>est</strong></span> <span class='ocrx_word' id='word_1_628' title='bbox 2377 2054 2541 2096; x_wconf 83' lang='lat' dir='ltr'><strong>suave</strong></span> <span class='ocrx_word' id='word_1_629' title='bbox 2580 2051 2633 2096; x_wconf 91' lang='lat' dir='ltr'><strong>et</strong></span> <span class='ocrx_word' id='word_1_630' title='bbox 2668 2040 2961 2111; x_wconf 83' lang='lat' dir='ltr'><strong>jucundum</strong></span> <span class='ocrx_word' id='word_1_631' title='bbox 2986 2043 3183 2113; x_wconf 88' lang='lat' dir='ltr'><strong>alloqui</strong></span> <span class='ocrx_word' id='word_1_632' title='bbox 3214 2057 3311 2099; x_wconf 84' lang='lat' dir='ltr'><strong>eos</strong></span> 
     </span>
    </p>
   </div>
   <div class='ocr_carea' id='block_1_82' title="bbox 1734 2128 3310 2203">
    <p class='ocr_par' dir='ltr' id='par_1_82' title="bbox 1734 2128 3310 2203">
     <span class='ocr_line' id='line_1_82' title="bbox 1734 2128 3310 2203; baseline 0.009 -25"><span class='ocrx_word' id='word_1_633' title='bbox 1734 2128 1821 2199; x_wconf 86' lang='lat' dir='ltr'><strong>qui</strong></span> <span class='ocrx_word' id='word_1_634' title='bbox 1847 2139 1969 2185; x_wconf 88' lang='lat' dir='ltr'><strong>sunt</strong></span> <span class='ocrx_word' id='word_1_635' title='bbox 1989 2130 2138 2187; x_wconf 88' lang='lat' dir='ltr'><strong>vobis</strong></span> <span class='ocrx_word' id='word_1_636' title='bbox 2159 2133 2301 2186; x_wconf 88' lang='lat' dir='ltr'><strong>noti?</strong></span> <span class='ocrx_word' id='word_1_637' title='bbox 2330 2132 2443 2187; x_wconf 86' lang='lat' dir='ltr'><strong>Non</strong></span> <span class='ocrx_word' id='word_1_638' title='bbox 2473 2134 2573 2188; x_wconf 90' lang='lat' dir='ltr'><strong>hoc</strong></span> <span class='ocrx_word' id='word_1_639' title='bbox 2604 2135 2876 2203; x_wconf 81' lang='lat' dir='ltr'><strong>prohibeo,</strong></span> <span class='ocrx_word' id='word_1_640' title='bbox 2901 2136 2996 2191; x_wconf 89' lang='lat' dir='ltr'><strong>sed</strong></span> <span class='ocrx_word' id='word_1_641' title='bbox 3022 2136 3187 2203; x_wconf 91' lang='lat' dir='ltr'><strong>domi,</strong></span> <span class='ocrx_word' id='word_1_642' title='bbox 3211 2137 3310 2192; x_wconf 87' lang='lat' dir='ltr'><strong>sed</strong></span> 
     </span>
    </p>
   </div>
   <div class='ocr_carea' id='block_1_83' title="bbox 1734 2217 3309 2284">
    <p class='ocr_par' dir='ltr' id='par_1_83' title="bbox 1734 2217 3309 2284">
     <span class='ocr_line' id='line_1_83' title="bbox 1734 2217 3309 2284; baseline 0.007 -12"><span class='ocrx_word' id='word_1_643' title='bbox 1734 2217 1787 2273; x_wconf 89' lang='lat' dir='ltr'><strong>in</strong></span> <span class='ocrx_word' id='word_1_644' title='bbox 1824 2217 1971 2284; x_wconf 90' lang='lat' dir='ltr'><strong>foro,</strong></span> <span class='ocrx_word' id='word_1_645' title='bbox 2012 2220 2107 2277; x_wconf 90' lang='lat' dir='ltr'><strong>sed</strong></span> <span class='ocrx_word' id='word_1_646' title='bbox 2142 2222 2194 2277; x_wconf 88' lang='lat' dir='ltr'><strong>in</strong></span> <span class='ocrx_word' id='word_1_647' title='bbox 2227 2223 2431 2279; x_wconf 91' lang='lat' dir='ltr'><strong>balneis</strong></span> <span class='ocrx_word' id='word_1_648' title='bbox 2454 2224 2545 2279; x_wconf 82' lang='lat' dir='ltr'><strong>fiat</strong></span> <span class='ocrx_word' id='word_1_649' title='bbox 2574 2243 2587 2280; x_wconf 93' lang='lat'>:</span> <span class='ocrx_word' id='word_1_650' title='bbox 2618 2226 2844 2281; x_wconf 89' lang='lat' dir='ltr'><strong>ecclesia</strong></span> <span class='ocrx_word' id='word_1_651' title='bbox 2889 2230 3029 2281; x_wconf 90' lang='lat' dir='ltr'><strong>enim</strong></span> <span class='ocrx_word' id='word_1_652' title='bbox 3076 2236 3181 2282; x_wconf 84' lang='lat' dir='ltr'><strong>non</strong></span> <span class='ocrx_word' id='word_1_653' title='bbox 3225 2241 3309 2283; x_wconf 89' lang='lat' dir='ltr'><strong>est</strong></span> 
     </span>
    </p>
   </div>
   <div class='ocr_carea' id='block_1_84' title="bbox 1731 2310 3307 2381">
    <p class='ocr_par' dir='ltr' id='par_1_84' title="bbox 1731 2310 3307 2381">
     <span class='ocr_line' id='line_1_84' title="bbox 1731 2310 3307 2381; baseline 0.004 -16"><span class='ocrx_word' id='word_1_654' title='bbox 1731 2310 1979 2381; x_wconf 81' lang='lat' dir='ltr'><strong>colloquii</strong></span> <span class='ocrx_word' id='word_1_655' title='bbox 2001 2311 2166 2378; x_wconf 84' lang='lat' dir='ltr'><strong>locus,</strong></span> <span class='ocrx_word' id='word_1_656' title='bbox 2192 2313 2286 2368; x_wconf 89' lang='lat' dir='ltr'><strong>sed</strong></span> <span class='ocrx_word' id='word_1_657' title='bbox 2311 2314 2586 2369; x_wconf 72' lang='lat' dir='ltr'><strong>doctrinm.</strong></span> <span class='ocrx_word' id='word_1_658' title='bbox 2613 2316 2762 2371; x_wconf 87' lang='lat' dir='ltr'><strong>Nunc</strong></span> <span class='ocrx_word' id='word_1_659' title='bbox 2784 2326 2957 2371; x_wconf 88' lang='lat' dir='ltr'><strong>autem</strong></span> <span class='ocrx_word' id='word_1_660' title='bbox 2984 2318 3111 2372; x_wconf 88' lang='lat' dir='ltr'><strong>nihil</strong></span> <span class='ocrx_word' id='word_1_661' title='bbox 3129 2318 3307 2373; x_wconf 84' lang='lat' dir='ltr'><strong>differt</strong></span> 
     </span>
    </p>
   </div>
   <div class='ocr_carea' id='block_1_85' title="bbox 1731 2401 3329 2481">
    <p class='ocr_par' dir='ltr' id='par_1_85' title="bbox 1731 2401 3329 2481">
     <span class='ocr_line' id='line_1_85' title="bbox 1731 2401 3329 2481; baseline 0.006 -26"><span class='ocrx_word' id='word_1_662' title='bbox 1731 2415 1760 2455; x_wconf 88' lang='lat' dir='ltr'><strong>a</strong></span> <span class='ocrx_word' id='word_1_663' title='bbox 1793 2401 1940 2467; x_wconf 82' lang='lat' dir='ltr'><strong>foro;</strong></span> <span class='ocrx_word' id='word_1_664' title='bbox 1985 2412 2039 2457; x_wconf 89' lang='lat' dir='ltr'><strong>et</strong></span> <span class='ocrx_word' id='word_1_665' title='bbox 2074 2405 2120 2457; x_wconf 91' lang='lat' dir='ltr'><strong>si</strong></span> <span class='ocrx_word' id='word_1_666' title='bbox 2160 2420 2264 2459; x_wconf 91' lang='lat' dir='ltr'><strong>non</strong></span> <span class='ocrx_word' id='word_1_667' title='bbox 2302 2406 2371 2459; x_wconf 88' lang='lat' dir='ltr'><strong>sit</strong></span> <span class='ocrx_word' id='word_1_668' title='bbox 2412 2405 2555 2461; x_wconf 90' lang='lat' dir='ltr'><strong>dictu</strong></span> <span class='ocrx_word' id='word_1_669' title='bbox 2600 2406 2874 2473; x_wconf 88' lang='lat' dir='ltr'><strong>audacius,</strong></span> <span class='ocrx_word' id='word_1_670' title='bbox 2904 2409 3039 2463; x_wconf 86' lang='lat' dir='ltr'><strong>forte</strong></span> <span class='ocrx_word' id='word_1_671' title='bbox 3072 2426 3245 2481; x_wconf 87' lang='lat' dir='ltr'><strong>neque</strong></span> <span class='ocrx_word' id='word_1_672' title='bbox 3274 2426 3329 2463; x_wconf 50' lang='lat' dir='ltr'><strong>a’</strong></span> 
     </span>
    </p>
   </div>
   <div class='ocr_carea' id='block_1_86' title="bbox 1729 2495 3311 2567">
    <p class='ocr_par' dir='ltr' id='par_1_86' title="bbox 1729 2495 3311 2567">
     <span class='ocr_line' id='line_1_86' title="bbox 1729 2495 3311 2567; baseline 0.003 -20"><span class='ocrx_word' id='word_1_673' title='bbox 1729 2508 1886 2547; x_wconf 90' lang='lat' dir='ltr'><strong>scena</strong></span> <span class='ocrx_word' id='word_1_674' title='bbox 1921 2511 1935 2547; x_wconf 91' lang='lat'><em>:</em></span> <span class='ocrx_word' id='word_1_675' title='bbox 1967 2495 2099 2551; x_wconf 87' lang='lat' dir='ltr'><strong>adeo</strong></span> <span class='ocrx_word' id='word_1_676' title='bbox 2126 2496 2211 2562; x_wconf 90' lang='lat' dir='ltr'><strong>iis,</strong></span> <span class='ocrx_word' id='word_1_677' title='bbox 2231 2514 2349 2567; x_wconf 76' lang='lat' dir='ltr'><strong>qua:</strong></span> <span class='ocrx_word' id='word_1_678' title='bbox 2378 2497 2484 2551; x_wconf 91' lang='lat' dir='ltr'><strong>illic</strong></span> <span class='ocrx_word' id='word_1_679' title='bbox 2513 2510 2830 2563; x_wconf 87' lang='lat' dir='ltr'><strong>scortantur,</strong></span> <span class='ocrx_word' id='word_1_680' title='bbox 2856 2501 3100 2555; x_wconf 87' lang='lat' dir='ltr'><strong>lascivius</strong></span> <span class='ocrx_word' id='word_1_681' title='bbox 3121 2512 3175 2555; x_wconf 92' lang='lat' dir='ltr'><strong>et</strong></span> <span class='ocrx_word' id='word_1_682' title='bbox 3206 2502 3311 2554; x_wconf 53' lang='lat' dir='ltr'><strong>im»</strong></span> 
     </span>
    </p>
   </div>
   <div class='ocr_carea' id='block_1_87' title="bbox 1728 2586 3305 2660">
    <p class='ocr_par' dir='ltr' id='par_1_87' title="bbox 1728 2586 3305 2660">
     <span class='ocr_line' id='line_1_87' title="bbox 1728 2586 3305 2660; baseline 0.006 -20"><span class='ocrx_word' id='word_1_683' title='bbox 1728 2586 1971 2656; x_wconf 86' lang='lat' dir='ltr'><strong>pudicius</strong></span> <span class='ocrx_word' id='word_1_684' title='bbox 2011 2598 2266 2643; x_wconf 87' lang='lat' dir='ltr'><strong>ornantur</strong></span> <span class='ocrx_word' id='word_1_685' title='bbox 2297 2605 2416 2660; x_wconf 74' lang='lat' dir='ltr'><strong>qua:</strong></span> <span class='ocrx_word' id='word_1_686' title='bbox 2445 2590 2533 2646; x_wconf 88' lang='lat' dir='ltr'><strong>hic</strong></span> <span class='ocrx_word' id='word_1_687' title='bbox 2562 2594 2904 2647; x_wconf 88' lang='lat' dir='ltr'><strong>conveniunt.</strong></span> <span class='ocrx_word' id='word_1_688' title='bbox 2948 2595 3073 2651; x_wconf 86' lang='lat' dir='ltr'><strong>Ideo</strong></span> <span class='ocrx_word' id='word_1_689' title='bbox 3110 2595 3305 2650; x_wconf 88' lang='lat' dir='ltr'><strong>multos</strong></span> 
     </span>
    </p>
   </div>
   <div class='ocr_carea' id='block_1_88' title="bbox 1727 2680 3303 2757">
    <p class='ocr_par' dir='ltr' id='par_1_88' title="bbox 1727 2680 3303 2757">
     <span class='ocr_line' id='line_1_88' title="bbox 1727 2680 3303 2757; baseline 0.006 -24"><span class='ocrx_word' id='word_1_690' title='bbox 1727 2695 1937 2750; x_wconf 90' lang='lat' dir='ltr'><strong>quoque</strong></span> <span class='ocrx_word' id='word_1_691' title='bbox 1980 2680 2414 2748; x_wconf 58' lang='lat' dir='ltr'><strong>impudicos&#39;hic</strong></span> <span class='ocrx_word' id='word_1_692' title='bbox 2463 2686 2735 2739; x_wconf 88' lang='lat' dir='ltr'><strong>attrahunt</strong></span> <span class='ocrx_word' id='word_1_693' title='bbox 2776 2703 2789 2739; x_wconf 93' lang='lat'>:</span> <span class='ocrx_word' id='word_1_694' title='bbox 2827 2696 2881 2740; x_wconf 90' lang='lat' dir='ltr'><strong>et</strong></span> <span class='ocrx_word' id='word_1_695' title='bbox 2928 2687 2971 2741; x_wconf 92' lang='lat' dir='ltr'><strong>si</strong></span> <span class='ocrx_word' id='word_1_696' title='bbox 3019 2688 3134 2757; x_wconf 90' lang='lat' dir='ltr'><strong>quis</strong></span> <span class='ocrx_word' id='word_1_697' title='bbox 3186 2697 3303 2741; x_wconf 90' lang='lat' dir='ltr'><strong>ten-</strong></span> 
     </span>
    </p>
   </div>
   <div class='ocr_carea' id='block_1_89' title="bbox 1728 2767 3298 2849">
    <p class='ocr_par' dir='ltr' id='par_1_89' title="bbox 1728 2767 3298 2849">
     <span class='ocr_line' id='line_1_89' title="bbox 1728 2767 3298 2849; baseline 0.006 -24"><span class='ocrx_word' id='word_1_698' title='bbox 1728 2779 1823 2837; x_wconf 89' lang='lat' dir='ltr'><strong>tet,</strong></span> <span class='ocrx_word' id='word_1_699' title='bbox 1855 2780 1945 2827; x_wconf 91' lang='lat' dir='ltr'><strong>aut</strong></span> <span class='ocrx_word' id='word_1_700' title='bbox 1973 2774 2100 2827; x_wconf 87' lang='lat' dir='ltr'><strong>velit</strong></span> <span class='ocrx_word' id='word_1_701' title='bbox 2124 2767 2467 2846; x_wconf 87' lang='lat' dir='ltr'><strong>corrumpere</strong></span> <span class='ocrx_word' id='word_1_702' title='bbox 2495 2778 2799 2845; x_wconf 86' lang='lat' dir='ltr'><strong>mulierem,</strong></span> <span class='ocrx_word' id='word_1_703' title='bbox 2826 2779 3021 2842; x_wconf 90' lang='lat' dir='ltr'><strong>nullus,</strong></span> <span class='ocrx_word' id='word_1_704' title='bbox 3049 2789 3105 2833; x_wconf 91' lang='lat' dir='ltr'><strong>ut</strong></span> <span class='ocrx_word' id='word_1_705' title='bbox 3133 2790 3258 2849; x_wconf 87' lang='lat' dir='ltr'><strong>puto</strong></span> <span class='ocrx_word' id='word_1_706' title='bbox 3283 2820 3298 2844; x_wconf 95' lang='lat'><strong>,</strong></span> 
     </span>
    </p>
   </div>
   <div class='ocr_carea' id='block_1_90' title="bbox 1727 2864 3299 2940">
    <p class='ocr_par' dir='ltr' id='par_1_90' title="bbox 1727 2864 3299 2940">
     <span class='ocr_line' id='line_1_90' title="bbox 1727 2864 3299 2940; baseline 0.006 -23"><span class='ocrx_word' id='word_1_707' title='bbox 1727 2864 1774 2917; x_wconf 90' lang='lat' dir='ltr'><strong>ei</strong></span> <span class='ocrx_word' id='word_1_708' title='bbox 1806 2864 2012 2918; x_wconf 88' lang='lat' dir='ltr'><strong>videtur</strong></span> <span class='ocrx_word' id='word_1_709' title='bbox 2051 2866 2200 2921; x_wconf 90' lang='lat' dir='ltr'><strong>locus</strong></span> <span class='ocrx_word' id='word_1_710' title='bbox 2227 2867 2402 2935; x_wconf 89' lang='lat' dir='ltr'><strong>aptior</strong></span> <span class='ocrx_word' id='word_1_711' title='bbox 2425 2868 2679 2934; x_wconf 90' lang='lat' dir='ltr'><strong>ecclesia;</strong></span> <span class='ocrx_word' id='word_1_712' title='bbox 2720 2878 2775 2924; x_wconf 91' lang='lat' dir='ltr'><strong>et</strong></span> <span class='ocrx_word' id='word_1_713' title='bbox 2820 2871 2864 2924; x_wconf 89' lang='lat' dir='ltr'><strong>si</strong></span> <span class='ocrx_word' id='word_1_714' title='bbox 2911 2870 3035 2940; x_wconf 85' lang='lat' dir='ltr'><strong>quid</strong></span> <span class='ocrx_word' id='word_1_715' title='bbox 3068 2871 3299 2926; x_wconf 77' lang='lat' dir='ltr'><strong>vendere</strong></span> 
     </span>
    </p>
   </div>
   <div class='ocr_carea' id='block_1_91' title="bbox 1725 2959 3296 3027">
    <p class='ocr_par' dir='ltr' id='par_1_91' title="bbox 1725 2959 3296 3027">
     <span class='ocr_line' id='line_1_91' title="bbox 1725 2959 3296 3027; baseline 0.005 -19"><span class='ocrx_word' id='word_1_716' title='bbox 1725 2965 1816 3008; x_wconf 91' lang='lat' dir='ltr'><strong>aut</strong></span> <span class='ocrx_word' id='word_1_717' title='bbox 1852 2970 2031 3011; x_wconf 85' lang='lat' dir='ltr'><strong>emere</strong></span> <span class='ocrx_word' id='word_1_718' title='bbox 2072 2966 2350 3027; x_wconf 88' lang='lat' dir='ltr'><strong>oporteat,</strong></span> <span class='ocrx_word' id='word_1_719' title='bbox 2386 2960 2611 3013; x_wconf 90' lang='lat' dir='ltr'><strong>ecclesia</strong></span> <span class='ocrx_word' id='word_1_720' title='bbox 2650 2959 2858 3015; x_wconf 86' lang='lat' dir='ltr'><strong>videtur</strong></span> <span class='ocrx_word' id='word_1_721' title='bbox 2897 2976 3016 3017; x_wconf 89' lang='lat' dir='ltr'><strong>esse</strong></span> <span class='ocrx_word' id='word_1_722' title='bbox 3057 2962 3123 3016; x_wconf 91' lang='lat' dir='ltr'><strong>ad</strong></span> <span class='ocrx_word' id='word_1_723' title='bbox 3168 2962 3296 3016; x_wconf 92' lang='lat' dir='ltr'><strong>illud</strong></span> 
     </span>
    </p>
   </div>
   <div class='ocr_carea' id='block_1_92' title="bbox 1725 3047 3294 3123">
    <p class='ocr_par' dir='ltr' id='par_1_92' title="bbox 1725 3047 3294 3123">
     <span class='ocr_line' id='line_1_92' title="bbox 1725 3047 3294 3123; baseline 0.005 -23"><span class='ocrx_word' id='word_1_724' title='bbox 1725 3047 2057 3102; x_wconf 89' lang='lat' dir='ltr'><strong>commodior</strong></span> <span class='ocrx_word' id='word_1_725' title='bbox 2076 3090 2090 3112; x_wconf 97' lang='lat'><strong>,</strong></span> <span class='ocrx_word' id='word_1_726' title='bbox 2122 3064 2279 3119; x_wconf 84' lang='lat' dir='ltr'><strong>quam</strong></span> <span class='ocrx_word' id='word_1_727' title='bbox 2309 3048 2503 3104; x_wconf 86' lang='lat' dir='ltr'><strong>lorum.</strong></span> <span class='ocrx_word' id='word_1_728' title='bbox 2534 3051 2627 3105; x_wconf 92' lang='lat' dir='ltr'><strong>llic</strong></span> <span class='ocrx_word' id='word_1_729' title='bbox 2652 3052 2792 3105; x_wconf 92' lang='lat' dir='ltr'><strong>enim</strong></span> <span class='ocrx_word' id='word_1_730' title='bbox 2824 3052 2891 3106; x_wconf 92' lang='lat' dir='ltr'><strong>de</strong></span> <span class='ocrx_word' id='word_1_731' title='bbox 2917 3053 2981 3107; x_wconf 86' lang='lat' dir='ltr'><strong>iis</strong></span> <span class='ocrx_word' id='word_1_732' title='bbox 3005 3053 3156 3123; x_wconf 87' lang='lat' dir='ltr'><strong>plura</strong></span> <span class='ocrx_word' id='word_1_733' title='bbox 3182 3055 3294 3108; x_wconf 86' lang='lat' dir='ltr'><strong>eol-</strong></span> 
     </span>
    </p>
   </div>
   <div class='ocr_carea' id='block_1_93' title="bbox 1725 3140 3296 3216">
    <p class='ocr_par' dir='ltr' id='par_1_93' title="bbox 1725 3140 3296 3216">
     <span class='ocr_line' id='line_1_93' title="bbox 1725 3140 3296 3216; baseline 0.004 -22"><span class='ocrx_word' id='word_1_734' title='bbox 1725 3140 1901 3210; x_wconf 85' lang='lat' dir='ltr'><strong>loquia</strong></span> <span class='ocrx_word' id='word_1_735' title='bbox 1925 3142 2148 3196; x_wconf 86' lang='lat' dir='ltr'><strong>miscent</strong></span> <span class='ocrx_word' id='word_1_736' title='bbox 2167 3158 2329 3212; x_wconf 88' lang='lat' dir='ltr'><strong>quam</strong></span> <span class='ocrx_word' id='word_1_737' title='bbox 2348 3142 2397 3197; x_wconf 92' lang='lat' dir='ltr'><strong>in</strong></span> <span class='ocrx_word' id='word_1_738' title='bbox 2422 3144 2551 3213; x_wconf 91' lang='lat' dir='ltr'><strong>ipsis</strong></span> <span class='ocrx_word' id='word_1_739' title='bbox 2574 3143 2821 3199; x_wconf 80' lang='lat' dir='ltr'><strong>officinis.</strong></span> <span class='ocrx_word' id='word_1_740' title='bbox 2851 3144 2919 3199; x_wconf 89' lang='lat' dir='ltr'><strong>Et</strong></span> <span class='ocrx_word' id='word_1_741' title='bbox 2939 3145 2982 3199; x_wconf 91' lang='lat' dir='ltr'><strong>si</strong></span> <span class='ocrx_word' id='word_1_742' title='bbox 3012 3147 3103 3216; x_wconf 89' lang='lat' dir='ltr'><strong>qui</strong></span> <span class='ocrx_word' id='word_1_743' title='bbox 3130 3146 3296 3201; x_wconf 82' lang='lat' dir='ltr'><strong>velint</strong></span> 
     </span>
    </p>
   </div>
   <div class='ocr_carea' id='block_1_94' title="bbox 1724 3232 3293 3307">
    <p class='ocr_par' dir='ltr' id='par_1_94' title="bbox 1724 3232 3293 3307">
     <span class='ocr_line' id='line_1_94' title="bbox 1724 3232 3293 3307; baseline 0.003 -22"><span class='ocrx_word' id='word_1_744' title='bbox 1724 3232 2043 3288; x_wconf 87' lang='lat' dir='ltr'><strong>maledicere</strong></span> <span class='ocrx_word' id='word_1_745' title='bbox 2069 3243 2121 3287; x_wconf 95' lang='lat' dir='ltr'><strong>et</strong></span> <span class='ocrx_word' id='word_1_746' title='bbox 2150 3233 2439 3288; x_wconf 73' lang='lat' dir='ltr'><strong>maledicta.</strong></span> <span class='ocrx_word' id='word_1_747' title='bbox 2461 3234 2666 3300; x_wconf 86' lang='lat' dir='ltr'><strong>audire,</strong></span> <span class='ocrx_word' id='word_1_748' title='bbox 2704 3236 2803 3289; x_wconf 87' lang='lat' dir='ltr'><strong>hoc</strong></span> <span class='ocrx_word' id='word_1_749' title='bbox 2828 3251 3040 3307; x_wconf 90' lang='lat' dir='ltr'><strong>quoque</strong></span> <span class='ocrx_word' id='word_1_750' title='bbox 3067 3238 3153 3291; x_wconf 86' lang='lat' dir='ltr'><strong>hic</strong></span> <span class='ocrx_word' id='word_1_751' title='bbox 3177 3253 3293 3292; x_wconf 87' lang='lat' dir='ltr'><strong>ma-</strong></span> 
     </span>
    </p>
   </div>
   <div class='ocr_carea' id='block_1_95' title="bbox 1720 3321 3294 3396">
    <p class='ocr_par' dir='ltr' id='par_1_95' title="bbox 1720 3321 3294 3396">
     <span class='ocr_line' id='line_1_95' title="bbox 1720 3321 3294 3396; baseline 0.004 -20"><span class='ocrx_word' id='word_1_752' title='bbox 1720 3324 1802 3393; x_wconf 88' lang='lat' dir='ltr'><strong>gis</strong></span> <span class='ocrx_word' id='word_1_753' title='bbox 1834 3321 2034 3378; x_wconf 82' lang='lat' dir='ltr'><strong>videbit</strong></span> <span class='ocrx_word' id='word_1_754' title='bbox 2072 3325 2413 3395; x_wconf 88' lang='lat' dir='ltr'><strong>contingere,</strong></span> <span class='ocrx_word' id='word_1_755' title='bbox 2455 3342 2613 3396; x_wconf 84' lang='lat' dir='ltr'><strong>quam</strong></span> <span class='ocrx_word' id='word_1_756' title='bbox 2641 3327 2692 3380; x_wconf 94' lang='lat' dir='ltr'><strong>in</strong></span> <span class='ocrx_word' id='word_1_757' title='bbox 2724 3326 2875 3382; x_wconf 85' lang='lat' dir='ltr'><strong>foro:</strong></span> <span class='ocrx_word' id='word_1_758' title='bbox 2907 3339 2960 3382; x_wconf 89' lang='lat' dir='ltr'><strong>et</strong></span> <span class='ocrx_word' id='word_1_759' title='bbox 2990 3328 3033 3381; x_wconf 90' lang='lat' dir='ltr'><strong>si</strong></span> <span class='ocrx_word' id='word_1_760' title='bbox 3057 3328 3294 3382; x_wconf 81' lang='lat' dir='ltr'><strong>volueris</strong></span> 
     </span>
    </p>
   </div>
   <div class='ocr_carea' id='block_1_96' title="bbox 1719 3416 3292 3488">
    <p class='ocr_par' dir='ltr' id='par_1_96' title="bbox 1719 3416 3292 3488">
     <span class='ocr_line' id='line_1_96' title="bbox 1719 3416 3292 3488; baseline 0.002 -18"><span class='ocrx_word' id='word_1_761' title='bbox 1719 3430 1807 3472; x_wconf 88' lang='lat' dir='ltr'><strong>res</strong></span> <span class='ocrx_word' id='word_1_762' title='bbox 1844 3416 2029 3472; x_wconf 89' lang='lat' dir='ltr'><strong>audire</strong></span> <span class='ocrx_word' id='word_1_763' title='bbox 2066 3416 2284 3482; x_wconf 90' lang='lat' dir='ltr'><strong>civiles,</strong></span> <span class='ocrx_word' id='word_1_764' title='bbox 2313 3426 2365 3471; x_wconf 92' lang='lat' dir='ltr'><strong>et</strong></span> <span class='ocrx_word' id='word_1_765' title='bbox 2392 3434 2510 3487; x_wconf 77' lang='lat' dir='ltr'><strong>qua:</strong></span> <span class='ocrx_word' id='word_1_766' title='bbox 2540 3419 2591 3472; x_wconf 91' lang='lat' dir='ltr'><strong>in</strong></span> <span class='ocrx_word' id='word_1_767' title='bbox 2623 3418 2825 3473; x_wconf 71' lang='lat' dir='ltr'><strong>aedibus</strong></span> <span class='ocrx_word' id='word_1_768' title='bbox 2854 3419 2984 3473; x_wconf 84' lang='lat' dir='ltr'><strong>ﬁunt</strong></span> <span class='ocrx_word' id='word_1_769' title='bbox 3009 3430 3063 3474; x_wconf 91' lang='lat' dir='ltr'><strong>et</strong></span> <span class='ocrx_word' id='word_1_770' title='bbox 3090 3436 3208 3488; x_wconf 78' lang='lat' dir='ltr'><strong>qua:</strong></span> <span class='ocrx_word' id='word_1_771' title='bbox 3238 3422 3292 3474; x_wconf 87' lang='lat' dir='ltr'><strong>in</strong></span> 
     </span>
    </p>
   </div>
   <div class='ocr_carea' id='block_1_97' title="bbox 1718 3508 3291 3579">
    <p class='ocr_par' dir='ltr' id='par_1_97' title="bbox 1718 3508 3291 3579">
     <span class='ocr_line' id='line_1_97' title="bbox 1718 3508 3291 3579; baseline 0.003 -19"><span class='ocrx_word' id='word_1_772' title='bbox 1718 3508 1930 3573; x_wconf 85' lang='lat' dir='ltr'><strong>castris,</strong></span> <span class='ocrx_word' id='word_1_773' title='bbox 1969 3523 2037 3562; x_wconf 88' lang='lat' dir='ltr'><strong>ne</strong></span> <span class='ocrx_word' id='word_1_774' title='bbox 2073 3522 2164 3561; x_wconf 84' lang='lat' dir='ltr'><strong>eas</strong></span> <span class='ocrx_word' id='word_1_775' title='bbox 2206 3508 2272 3562; x_wconf 88' lang='lat' dir='ltr'><strong>ad</strong></span> <span class='ocrx_word' id='word_1_776' title='bbox 2310 3509 2571 3576; x_wconf 84' lang='lat' dir='ltr'><strong>jttdiciale</strong></span> <span class='ocrx_word' id='word_1_777' title='bbox 2602 3509 2794 3575; x_wconf 88' lang='lat' dir='ltr'><strong>forutn,</strong></span> <span class='ocrx_word' id='word_1_778' title='bbox 2824 3525 2995 3579; x_wconf 89' lang='lat' dir='ltr'><strong>neque</strong></span> <span class='ocrx_word' id='word_1_779' title='bbox 3019 3509 3206 3564; x_wconf 88' lang='lat' dir='ltr'><strong>sedeas</strong></span> <span class='ocrx_word' id='word_1_780' title='bbox 3238 3511 3291 3566; x_wconf 87' lang='lat' dir='ltr'><strong>itt</strong></span> 
     </span>
    </p>
   </div>
   <div class='ocr_carea' id='block_1_98' title="bbox 1717 3597 3288 3671">
    <p class='ocr_par' dir='ltr' id='par_1_98' title="bbox 1717 3597 3288 3671">
     <span class='ocr_line' id='line_1_98' title="bbox 1717 3597 3288 3671; baseline -0.001 -17"><span class='ocrx_word' id='word_1_781' title='bbox 1717 3597 1926 3654; x_wconf 83' lang='lat' dir='ltr'><strong>officina</strong></span> <span class='ocrx_word' id='word_1_782' title='bbox 1952 3599 2310 3664; x_wconf 88' lang='lat' dir='ltr'><strong>medicorum;</strong></span> <span class='ocrx_word' id='word_1_783' title='bbox 2349 3610 2473 3653; x_wconf 90' lang='lat' dir='ltr'><strong>sunt</strong></span> <span class='ocrx_word' id='word_1_784' title='bbox 2501 3600 2652 3654; x_wconf 84' lang='lat' dir='ltr'><strong>enim.</strong></span> <span class='ocrx_word' id='word_1_785' title='bbox 2669 3602 2756 3671; x_wconf 91' lang='lat' dir='ltr'><strong>qui</strong></span> <span class='ocrx_word' id='word_1_786' title='bbox 2784 3601 3030 3654; x_wconf 90' lang='lat' dir='ltr'><strong>omnibus</strong></span> <span class='ocrx_word' id='word_1_787' title='bbox 3068 3616 3288 3655; x_wconf 88' lang='lat' dir='ltr'><strong>accura-</strong></span> 
     </span>
    </p>
   </div>
   <div class='ocr_carea' id='block_1_99' title="bbox 1716 3690 3291 3761">
    <p class='ocr_par' dir='ltr' id='par_1_99' title="bbox 1716 3690 3291 3761">
     <span class='ocr_line' id='line_1_99' title="bbox 1716 3690 3291 3761; baseline 0.001 -16"><span class='ocrx_word' id='word_1_788' title='bbox 1716 3690 1822 3745; x_wconf 90' lang='lat' dir='ltr'><strong>tius</strong></span> <span class='ocrx_word' id='word_1_789' title='bbox 1850 3690 1935 3744; x_wconf 86' lang='lat' dir='ltr'><strong>hic</strong></span> <span class='ocrx_word' id='word_1_790' title='bbox 1960 3690 2135 3744; x_wconf 88' lang='lat' dir='ltr'><strong>omnia</strong></span> <span class='ocrx_word' id='word_1_791' title='bbox 2168 3690 2281 3745; x_wconf 62' lang='lat' dir='ltr'><strong>hare</strong></span> <span class='ocrx_word' id='word_1_792' title='bbox 2309 3692 2626 3746; x_wconf 81' lang='lat' dir='ltr'><strong>annuntiant</strong></span> <span class='ocrx_word' id='word_1_793' title='bbox 2649 3709 2663 3746; x_wconf 74' lang='grc' dir='ltr'><em>ε</em></span> <span class='ocrx_word' id='word_1_794' title='bbox 2689 3700 2744 3745; x_wconf 92' lang='lat' dir='ltr'><strong>et</strong></span> <span class='ocrx_word' id='word_1_795' title='bbox 2783 3691 2867 3745; x_wconf 89' lang='lat' dir='ltr'><strong>hic</strong></span> <span class='ocrx_word' id='word_1_796' title='bbox 2908 3692 3055 3745; x_wconf 88' lang='lat' dir='ltr'><strong>locus</strong></span> <span class='ocrx_word' id='word_1_797' title='bbox 3080 3692 3291 3761; x_wconf 86' lang='lat' dir='ltr'><strong>quidvis</strong></span> 
     </span>
    </p>
   </div>
   <div class='ocr_carea' id='block_1_100' title="bbox 1716 3782 3289 3854">
    <p class='ocr_par' dir='ltr' id='par_1_100' title="bbox 1716 3782 3289 3854">
     <span class='ocr_line' id='line_1_100' title="bbox 1716 3782 3289 3854; baseline 0 -16"><span class='ocrx_word' id='word_1_798' title='bbox 1716 3784 1894 3854; x_wconf 87' lang='lat' dir='ltr'><strong>potius</strong></span> <span class='ocrx_word' id='word_1_799' title='bbox 1923 3791 2026 3847; x_wconf 88' lang='lat' dir='ltr'><strong>est,</strong></span> <span class='ocrx_word' id='word_1_800' title='bbox 2057 3798 2215 3853; x_wconf 90' lang='lat' dir='ltr'><strong>quam</strong></span> <span class='ocrx_word' id='word_1_801' title='bbox 2244 3783 2492 3838; x_wconf 88' lang='lat' dir='ltr'><strong>ecclesia.</strong></span> <span class='ocrx_word' id='word_1_802' title='bbox 2528 3782 2634 3837; x_wconf 80' lang='lat' dir='ltr'><strong>Vos</strong></span> <span class='ocrx_word' id='word_1_803' title='bbox 2661 3782 2886 3837; x_wconf 76' lang='lat' dir='ltr'><strong>fortasse</strong></span> <span class='ocrx_word' id='word_1_804' title='bbox 2911 3783 3064 3837; x_wconf 86' lang='lat' dir='ltr'><strong>valde</strong></span> <span class='ocrx_word' id='word_1_805' title='bbox 3095 3783 3239 3853; x_wconf 84' lang='lat' dir='ltr'><strong>tetigi</strong></span> <span class='ocrx_word' id='word_1_806' title='bbox 3273 3802 3289 3838; x_wconf 85' lang='lat'><strong><em>:</em></strong></span> 
     </span>
    </p>
   </div>
   <div class='ocr_carea' id='block_1_101' title="bbox 1714 3874 3286 3944">
    <p class='ocr_par' dir='ltr' id='par_1_101' title="bbox 1714 3874 3286 3944">
     <span class='ocr_line' id='line_1_101' title="bbox 1714 3874 3286 3944; baseline 0.001 -15"><span class='ocrx_word' id='word_1_807' title='bbox 1714 3889 1822 3929; x_wconf 89' lang='lat' dir='ltr'><strong>non</strong></span> <span class='ocrx_word' id='word_1_808' title='bbox 1865 3889 1965 3944; x_wconf 84' lang='lat' dir='ltr'><strong>ego</strong></span> <span class='ocrx_word' id='word_1_809' title='bbox 2004 3874 2215 3944; x_wconf 88' lang='lat' dir='ltr'><strong>quidem</strong></span> <span class='ocrx_word' id='word_1_810' title='bbox 2260 3874 2512 3929; x_wconf 88' lang='lat' dir='ltr'><strong>arbitror.</strong></span> <span class='ocrx_word' id='word_1_811' title='bbox 2559 3874 2782 3942; x_wconf 90' lang='lat' dir='ltr'><strong>Quando</strong></span> <span class='ocrx_word' id='word_1_812' title='bbox 2821 3876 2959 3929; x_wconf 90' lang='lat' dir='ltr'><strong>enim</strong></span> <span class='ocrx_word' id='word_1_813' title='bbox 3003 3875 3052 3929; x_wconf 92' lang='lat' dir='ltr'><strong>in</strong></span> <span class='ocrx_word' id='word_1_814' title='bbox 3095 3874 3286 3930; x_wconf 87' lang='lat' dir='ltr'><strong>iisdem</strong></span> 
     </span>
    </p>
   </div>
   <div class='ocr_carea' id='block_1_102' title="bbox 1713 3966 3288 4038">
    <p class='ocr_par' dir='ltr' id='par_1_102' title="bbox 1713 3966 3288 4038">
     <span class='ocr_line' id='line_1_102' title="bbox 1713 3966 3288 4038; baseline 0.001 -17"><span class='ocrx_word' id='word_1_815' title='bbox 1713 3968 2095 4036; x_wconf 86' lang='lat' dir='ltr'><strong>perseveratis,</strong></span> <span class='ocrx_word' id='word_1_816' title='bbox 2130 3966 2391 4021; x_wconf 90' lang='lat' dir='ltr'><strong>uudenam</strong></span> <span class='ocrx_word' id='word_1_817' title='bbox 2433 3967 2596 4022; x_wconf 89' lang='lat' dir='ltr'><strong>sciam</strong></span> <span class='ocrx_word' id='word_1_818' title='bbox 2640 3967 2781 4038; x_wconf 91' lang='lat' dir='ltr'><strong>quod</strong></span> <span class='ocrx_word' id='word_1_819' title='bbox 2820 3984 2937 4037; x_wconf 83' lang='lat' dir='ltr'><strong>quae</strong></span> <span class='ocrx_word' id='word_1_820' title='bbox 2979 3968 3121 4023; x_wconf 88' lang='lat' dir='ltr'><strong>dicta</strong></span> <span class='ocrx_word' id='word_1_821' title='bbox 3163 3977 3288 4022; x_wconf 91' lang='lat' dir='ltr'><strong>sunt</strong></span> 
     </span>
    </p>
   </div>
   <div class='ocr_carea' id='block_1_103' title="bbox 1712 4058 3287 4129">
    <p class='ocr_par' dir='ltr' id='par_1_103' title="bbox 1712 4058 3287 4129">
     <span class='ocr_line' id='line_1_103' title="bbox 1712 4058 3287 4129; baseline 0 -16"><span class='ocrx_word' id='word_1_822' title='bbox 1712 4073 1809 4113; x_wconf 86' lang='lat' dir='ltr'><strong>vos</strong></span> <span class='ocrx_word' id='word_1_823' title='bbox 1836 4058 2156 4127; x_wconf 87' lang='lat' dir='ltr'><strong>tetigerunt?</strong></span> <span class='ocrx_word' id='word_1_824' title='bbox 2198 4058 2423 4114; x_wconf 86' lang='lat' dir='ltr'><strong>Necesse</strong></span> <span class='ocrx_word' id='word_1_825' title='bbox 2453 4068 2535 4113; x_wconf 90' lang='lat' dir='ltr'><strong>est</strong></span> <span class='ocrx_word' id='word_1_826' title='bbox 2569 4074 2698 4129; x_wconf 88' lang='lat' dir='ltr'><strong>ergo</strong></span> <span class='ocrx_word' id='word_1_827' title='bbox 2733 4075 2917 4113; x_wconf 82' lang='lat' dir='ltr'><strong>rursus</strong></span> <span class='ocrx_word' id='word_1_828' title='bbox 2948 4059 3133 4115; x_wconf 86' lang='lat' dir='ltr'><strong>eadem</strong></span> <span class='ocrx_word' id='word_1_829' title='bbox 3166 4069 3287 4114; x_wconf 86' lang='lat' dir='ltr'><strong>tan-</strong></span> 
     </span>
    </p>
   </div>
   <div class='ocr_carea' id='block_1_104' title="bbox 1709 4150 3285 4221">
    <p class='ocr_par' dir='ltr' id='par_1_104' title="bbox 1709 4150 3285 4221">
     <span class='ocr_line' id='line_1_104' title="bbox 1709 4150 3285 4221; baseline -0.001 -15"><span class='ocrx_word' id='word_1_830' title='bbox 1709 4166 1856 4221; x_wconf 78' lang='lat' dir='ltr'><strong>gere.</strong></span> <span class='ocrx_word' id='word_1_831' title='bbox 1911 4151 2157 4206; x_wconf 75' lang='lat' dir='ltr'><strong>Haecciue</strong></span> <span class='ocrx_word' id='word_1_832' title='bbox 2202 4160 2328 4205; x_wconf 89' lang='lat' dir='ltr'><strong>sunt</strong></span> <span class='ocrx_word' id='word_1_833' title='bbox 2373 4151 2706 4205; x_wconf 83' lang='lat' dir='ltr'><strong>tolerabilia?</strong></span> <span class='ocrx_word' id='word_1_834' title='bbox 2752 4150 2985 4206; x_wconf 64' lang='lat' dir='ltr'><strong>haeccine</strong></span> <span class='ocrx_word' id='word_1_835' title='bbox 3029 4152 3285 4206; x_wconf 83' lang='lat' dir='ltr'><strong>ferenda?</strong></span> 
     </span>
    </p>
   </div>
   <div class='ocr_carea' id='block_1_105' title="bbox 1714 4242 3283 4314">
    <p class='ocr_par' dir='ltr' id='par_1_105' title="bbox 1714 4242 3283 4314">
     <span class='ocr_line' id='line_1_105' title="bbox 1714 4242 3283 4314; baseline -0.001 -16"><span class='ocrx_word' id='word_1_836' title='bbox 1714 4243 1962 4310; x_wconf 80' lang='lat' dir='ltr'><strong>Quatidie</strong></span> <span class='ocrx_word' id='word_1_837' title='bbox 1986 4242 2335 4314; x_wconf 87' lang='lat' dir='ltr'><strong>defatigamur</strong></span> <span class='ocrx_word' id='word_1_838' title='bbox 2358 4253 2412 4297; x_wconf 91' lang='lat' dir='ltr'><strong>et</strong></span> <span class='ocrx_word' id='word_1_839' title='bbox 2440 4242 2815 4313; x_wconf 89' lang='lat' dir='ltr'><strong>discerpimur,</strong></span> <span class='ocrx_word' id='word_1_840' title='bbox 2846 4254 2901 4297; x_wconf 93' lang='lat' dir='ltr'><strong>ut</strong></span> <span class='ocrx_word' id='word_1_841' title='bbox 2930 4244 3057 4298; x_wconf 89' lang='lat' dir='ltr'><strong>utile</strong></span> <span class='ocrx_word' id='word_1_842' title='bbox 3087 4243 3283 4314; x_wconf 89' lang='lat' dir='ltr'><strong>aliquid</strong></span> 
     </span>
    </p>
   </div>
   <div class='ocr_carea' id='block_1_106' title="bbox 1712 4335 3284 4405">
    <p class='ocr_par' dir='ltr' id='par_1_106' title="bbox 1712 4335 3284 4405">
     <span class='ocr_line' id='line_1_106' title="bbox 1712 4335 3284 4405; baseline -0.004 -11"><span class='ocrx_word' id='word_1_843' title='bbox 1712 4337 1885 4394; x_wconf 82' lang='lat' dir='ltr'><strong>edocti</strong></span> <span class='ocrx_word' id='word_1_844' title='bbox 1906 4335 2188 4391; x_wconf 85' lang='lat' dir='ltr'><strong>discedatis</strong></span> <span class='ocrx_word' id='word_1_845' title='bbox 2212 4353 2227 4388; x_wconf 83' lang='lat'><strong>:</strong></span> <span class='ocrx_word' id='word_1_846' title='bbox 2250 4350 2408 4391; x_wconf 88' lang='lat' dir='ltr'><strong>nemo</strong></span> <span class='ocrx_word' id='word_1_847' title='bbox 2435 4346 2612 4390; x_wconf 88' lang='lat' dir='ltr'><strong>autem</strong></span> <span class='ocrx_word' id='word_1_848' title='bbox 2638 4346 2870 4389; x_wconf 85' lang='lat' dir='ltr'><strong>vestrum</strong></span> <span class='ocrx_word' id='word_1_849' title='bbox 2893 4335 3090 4405; x_wconf 89' lang='lat' dir='ltr'><strong>aliquid</strong></span> <span class='ocrx_word' id='word_1_850' title='bbox 3117 4336 3284 4389; x_wconf 86' lang='lat' dir='ltr'><strong>luera-</strong></span> 
     </span>
    </p>
   </div>
   <div class='ocr_carea' id='block_1_107' title="bbox 1710 4426 3276 4497">
    <p class='ocr_par' dir='ltr' id='par_1_107' title="bbox 1710 4426 3276 4497">
     <span class='ocr_line' id='line_1_107' title="bbox 1710 4426 3276 4497; baseline 0.001 -16"><span class='ocrx_word' id='word_1_851' title='bbox 1710 4437 1797 4482; x_wconf 85' lang='lat' dir='ltr'><strong>tus</strong></span> <span class='ocrx_word' id='word_1_852' title='bbox 1824 4427 2044 4493; x_wconf 89' lang='lat' dir='ltr'><strong>recedit,</strong></span> <span class='ocrx_word' id='word_1_853' title='bbox 2065 4426 2160 4482; x_wconf 89' lang='lat' dir='ltr'><strong>sed</strong></span> <span class='ocrx_word' id='word_1_854' title='bbox 2190 4427 2377 4497; x_wconf 86' lang='lat' dir='ltr'><strong>majori</strong></span> <span class='ocrx_word' id='word_1_855' title='bbox 2402 4428 2561 4482; x_wconf 90' lang='lat' dir='ltr'><strong>etiam</strong></span> <span class='ocrx_word' id='word_1_856' title='bbox 2587 4427 2780 4481; x_wconf 88' lang='lat' dir='ltr'><strong>damno</strong></span> <span class='ocrx_word' id='word_1_857' title='bbox 2800 4426 3037 4482; x_wconf 74' lang='lat' dir='ltr'><strong>affectus.</strong></span> <span class='ocrx_word' id='word_1_858' title='bbox 3068 4428 3276 4482; x_wconf 85' lang='lat' dir='ltr'><strong>Etenim</strong></span> 
     </span>
    </p>
   </div>
   <div class='ocr_carea' id='block_1_108' title="bbox 1708 4518 3278 4590">
    <p class='ocr_par' dir='ltr' id='par_1_108' title="bbox 1708 4518 3278 4590">
     <span class='ocr_line' id='line_1_108' title="bbox 1708 4518 3278 4590; baseline -0.001 -17"><span class='ocrx_word' id='word_1_859' title='bbox 1708 4520 1764 4574; x_wconf 82' lang='lat' dir='ltr'><strong>in</strong></span> <span class='ocrx_word' id='word_1_860' title='bbox 1796 4518 2050 4589; x_wconf 86' lang='lat' dir='ltr'><strong>judicium</strong></span> <span class='ocrx_word' id='word_1_861' title='bbox 2095 4519 2408 4585; x_wconf 92' lang='lat' dir='ltr'><strong>convenitis,</strong></span> <span class='ocrx_word' id='word_1_862' title='bbox 2440 4533 2561 4573; x_wconf 91' lang='lat' dir='ltr'><strong>cum</strong></span> <span class='ocrx_word' id='word_1_863' title='bbox 2596 4519 2810 4590; x_wconf 88' lang='lat' dir='ltr'><strong>peccati</strong></span> <span class='ocrx_word' id='word_1_864' title='bbox 2858 4520 3037 4589; x_wconf 90' lang='lat' dir='ltr'><strong>utique</strong></span> <span class='ocrx_word' id='word_1_865' title='bbox 3082 4520 3278 4572; x_wconf 87' lang='lat' dir='ltr'><strong>nullam</strong></span> 
     </span>
    </p>
   </div>
   <div class='ocr_carea' id='block_1_109' title="bbox 1710 4610 3283 4681">
    <p class='ocr_par' dir='ltr' id='par_1_109' title="bbox 1710 4610 3283 4681">
     <span class='ocr_line' id='line_1_109' title="bbox 1710 4610 3283 4681; baseline -0.001 -15"><span class='ocrx_word' id='word_1_866' title='bbox 1710 4611 1950 4666; x_wconf 81' lang='lat' dir='ltr'><strong>habeatis</strong></span> <span class='ocrx_word' id='word_1_867' title='bbox 1978 4611 2333 4677; x_wconf 89' lang='lat' dir='ltr'><strong>occasionem,</strong></span> <span class='ocrx_word' id='word_1_868' title='bbox 2364 4620 2419 4667; x_wconf 91' lang='lat' dir='ltr'><strong>et</strong></span> <span class='ocrx_word' id='word_1_869' title='bbox 2447 4611 2694 4666; x_wconf 90' lang='lat' dir='ltr'><strong>meliores</strong></span> <span class='ocrx_word' id='word_1_870' title='bbox 2721 4619 2774 4665; x_wconf 91' lang='lat' dir='ltr'><strong>et</strong></span> <span class='ocrx_word' id='word_1_871' title='bbox 2798 4610 3033 4665; x_wconf 87' lang='lat' dir='ltr'><strong>mitiores</strong></span> <span class='ocrx_word' id='word_1_872' title='bbox 3063 4613 3283 4681; x_wconf 84' lang='lat' dir='ltr'><strong>expelli-</strong></span> 
     </span>
    </p>
   </div>
   <div class='ocr_carea' id='block_1_110' title="bbox 1712 4702 3278 4773">
    <p class='ocr_par' dir='ltr' id='par_1_110' title="bbox 1712 4702 3278 4773">
     <span class='ocr_line' id='line_1_110' title="bbox 1712 4702 3278 4773; baseline -0.001 -14"><span class='ocrx_word' id='word_1_873' title='bbox 1712 4705 1777 4759; x_wconf 92' lang='lat' dir='ltr'><strong>tis</strong></span> <span class='ocrx_word' id='word_1_874' title='bbox 1805 4718 1898 4759; x_wconf 90' lang='lat' dir='ltr'><strong>eos</strong></span> <span class='ocrx_word' id='word_1_875' title='bbox 1919 4704 2107 4759; x_wconf 86' lang='lat' dir='ltr'><strong>vestris</strong></span> <span class='ocrx_word' id='word_1_876' title='bbox 2132 4705 2283 4773; x_wconf 69' lang='lat' dir='ltr'><strong>nugis</strong></span> <span class='ocrx_word' id='word_1_877' title='bbox 2311 4703 2543 4773; x_wconf 89' lang='lat' dir='ltr'><strong>undique</strong></span> <span class='ocrx_word' id='word_1_878' title='bbox 2566 4704 2807 4757; x_wconf 89' lang='lat' dir='ltr'><strong>molestia</strong></span> <span class='ocrx_word' id='word_1_879' title='bbox 2835 4703 3146 4758; x_wconf 78' lang='lat' dir='ltr'><strong>allicientes.</strong></span> <span class='ocrx_word' id='word_1_880' title='bbox 3174 4702 3278 4758; x_wconf 80' lang='lat' dir='ltr'><strong>Sed</strong></span> 
     </span>
    </p>
   </div>
   <div class='ocr_carea' id='block_1_111' title="bbox 1709 4794 3276 4869">
    <p class='ocr_par' dir='ltr' id='par_1_111' title="bbox 1709 4794 3276 4869">
     <span class='ocr_line' id='line_1_111' title="bbox 1709 4794 3276 4869; baseline -0.003 -17"><span class='ocrx_word' id='word_1_881' title='bbox 1709 4798 1833 4869; x_wconf 86' lang='lat' dir='ltr'><strong>quid</strong></span> <span class='ocrx_word' id='word_1_882' title='bbox 1872 4806 1955 4853; x_wconf 87' lang='lat' dir='ltr'><strong>est</strong></span> <span class='ocrx_word' id='word_1_883' title='bbox 1989 4796 2129 4867; x_wconf 87' lang='lat' dir='ltr'><strong>quod</strong></span> <span class='ocrx_word' id='word_1_884' title='bbox 2168 4796 2362 4851; x_wconf 89' lang='lat' dir='ltr'><strong>dicitur</strong></span> <span class='ocrx_word' id='word_1_885' title='bbox 2385 4812 2412 4849; x_wconf 90' lang='lat' dir='ltr'><strong>a</strong></span> <span class='ocrx_word' id='word_1_886' title='bbox 2443 4796 2659 4849; x_wconf 86' lang='lat' dir='ltr'><strong>multis?</strong></span> <span class='ocrx_word' id='word_1_887' title='bbox 2706 4795 2818 4849; x_wconf 85' lang='lat' dir='ltr'><strong>Non</strong></span> <span class='ocrx_word' id='word_1_888' title='bbox 2864 4794 3040 4858; x_wconf 88' lang='lat' dir='ltr'><strong>audio,</strong></span> <span class='ocrx_word' id='word_1_889' title='bbox 3073 4796 3276 4863; x_wconf 84' lang='lat' dir='ltr'><strong>inquit,</strong></span> 
     </span>
    </p>
   </div>
   <div class='ocr_carea' id='block_1_112' title="bbox 1711 4886 3277 4961">
    <p class='ocr_par' dir='ltr' id='par_1_112' title="bbox 1711 4886 3277 4961">
     <span class='ocr_line' id='line_1_112' title="bbox 1711 4886 3277 4961; baseline -0.004 -15"><span class='ocrx_word' id='word_1_890' title='bbox 1711 4907 1829 4961; x_wconf 63' lang='lat' dir='ltr'><strong>qua:</strong></span> <span class='ocrx_word' id='word_1_891' title='bbox 1848 4891 2124 4961; x_wconf 89' lang='lat' dir='ltr'><strong>leguntur,</strong></span> <span class='ocrx_word' id='word_1_892' title='bbox 2156 4905 2332 4959; x_wconf 87' lang='lat' dir='ltr'><strong>neque</strong></span> <span class='ocrx_word' id='word_1_893' title='bbox 2360 4891 2482 4944; x_wconf 84' lang='lat' dir='ltr'><strong>scio</strong></span> <span class='ocrx_word' id='word_1_894' title='bbox 2501 4905 2560 4944; x_wconf 88' lang='lat' dir='ltr'><strong>ea</strong></span> <span class='ocrx_word' id='word_1_895' title='bbox 2583 4905 2704 4960; x_wconf 72' lang='lat' dir='ltr'><strong>qua:</strong></span> <span class='ocrx_word' id='word_1_896' title='bbox 2729 4886 2997 4943; x_wconf 91' lang='lat' dir='ltr'><strong>dicuntur.</strong></span> <span class='ocrx_word' id='word_1_897' title='bbox 3027 4886 3157 4955; x_wconf 85' lang='lat' dir='ltr'><strong>Quia</strong></span> <span class='ocrx_word' id='word_1_898' title='bbox 3192 4897 3277 4941; x_wconf 85' lang='lat' dir='ltr'><strong>tu-</strong></span> 
     </span>
    </p>
   </div>
   <div class='ocr_carea' id='block_1_113' title="bbox 1710 4979 3277 5051">
    <p class='ocr_par' dir='ltr' id='par_1_113' title="bbox 1710 4979 3277 5051">
     <span class='ocr_line' id='line_1_113' title="bbox 1710 4979 3277 5051; baseline -0.004 -11"><span class='ocrx_word' id='word_1_899' title='bbox 1710 4983 2026 5049; x_wconf 87' lang='lat' dir='ltr'><strong>multuaris,</strong></span> <span class='ocrx_word' id='word_1_900' title='bbox 2059 4983 2237 5037; x_wconf 87' lang='lat' dir='ltr'><strong>turbas</strong></span> <span class='ocrx_word' id='word_1_901' title='bbox 2266 4997 2448 5038; x_wconf 77' lang='lat' dir='ltr'><strong>moves</strong></span> <span class='ocrx_word' id='word_1_902' title='bbox 2470 5023 2484 5045; x_wconf 96' lang='lat'><strong>,</strong></span> <span class='ocrx_word' id='word_1_903' title='bbox 2517 4998 2689 5051; x_wconf 88' lang='lat' dir='ltr'><strong>neque</strong></span> <span class='ocrx_word' id='word_1_904' title='bbox 2716 4979 2924 5037; x_wconf 82' lang='lat' dir='ltr'><strong>accedis</strong></span> <span class='ocrx_word' id='word_1_905' title='bbox 2952 4995 3071 5033; x_wconf 92' lang='lat' dir='ltr'><strong>cum</strong></span> <span class='ocrx_word' id='word_1_906' title='bbox 3099 4980 3277 5033; x_wconf 88' lang='lat' dir='ltr'><strong>animo</strong></span> 
     </span>
    </p>
   </div>
   <div class='ocr_carea' id='block_1_114' title="bbox 1711 5070 3277 5143">
    <p class='ocr_par' dir='ltr' id='par_1_114' title="bbox 1711 5070 3277 5143">
     <span class='ocr_line' id='line_1_114' title="bbox 1711 5070 3277 5143; baseline -0.003 -14"><span class='ocrx_word' id='word_1_907' title='bbox 1711 5087 1872 5129; x_wconf 87' lang='lat' dir='ltr'><strong>sensu</strong></span> <span class='ocrx_word' id='word_1_908' title='bbox 1903 5074 2112 5143; x_wconf 87' lang='lat' dir='ltr'><strong>pietatis</strong></span> <span class='ocrx_word' id='word_1_909' title='bbox 2142 5072 2382 5140; x_wconf 62' lang='lat' dir='ltr'><strong>prardito.</strong></span> <span class='ocrx_word' id='word_1_910' title='bbox 2426 5072 2562 5141; x_wconf 91' lang='lat' dir='ltr'><strong>Quid</strong></span> <span class='ocrx_word' id='word_1_911' title='bbox 2605 5071 2780 5126; x_wconf 88' lang='lat' dir='ltr'><strong>dicis?</strong></span> <span class='ocrx_word' id='word_1_912' title='bbox 2820 5070 2993 5126; x_wconf 89' lang='lat' dir='ltr'><strong>neseis</strong></span> <span class='ocrx_word' id='word_1_913' title='bbox 3032 5085 3277 5141; x_wconf 77' lang='lat' dir='ltr'><strong>quamam</strong></span> 
     </span>
    </p>
   </div>
   <div class='ocr_carea' id='block_1_115' title="bbox 1713 5161 3276 5234">
    <p class='ocr_par' dir='ltr' id='par_1_115' title="bbox 1713 5161 3276 5234">
     <span class='ocr_line' id='line_1_115' title="bbox 1713 5161 3276 5234; baseline -0.003 -15"><span class='ocrx_word' id='word_1_914' title='bbox 1713 5164 1826 5220; x_wconf 82' lang='lat' dir='ltr'><strong>lucc</strong></span> <span class='ocrx_word' id='word_1_915' title='bbox 1868 5165 2004 5219; x_wconf 85' lang='lat' dir='ltr'><strong>dicta</strong></span> <span class='ocrx_word' id='word_1_916' title='bbox 2049 5163 2147 5218; x_wconf 92' lang='lat' dir='ltr'><strong>sibi</strong></span> <span class='ocrx_word' id='word_1_917' title='bbox 2183 5163 2384 5218; x_wconf 88' lang='lat' dir='ltr'><strong>velint?</strong></span> <span class='ocrx_word' id='word_1_918' title='bbox 2429 5166 2585 5234; x_wconf 88' lang='lat' dir='ltr'><strong>Atqui</strong></span> <span class='ocrx_word' id='word_1_919' title='bbox 2629 5172 2847 5232; x_wconf 91' lang='lat' dir='ltr'><strong>propter</strong></span> <span class='ocrx_word' id='word_1_920' title='bbox 2883 5161 2984 5217; x_wconf 87' lang='lat' dir='ltr'><strong>hoc</strong></span> <span class='ocrx_word' id='word_1_921' title='bbox 3024 5161 3193 5230; x_wconf 90' lang='lat' dir='ltr'><strong>ipsum</strong></span> <span class='ocrx_word' id='word_1_922' title='bbox 3224 5169 3276 5214; x_wconf 91' lang='lat' dir='ltr'><strong>te</strong></span> 
     </span>
    </p>
   </div>
   <div class='ocr_carea' id='block_1_116' title="bbox 1711 5253 3276 5328">
    <p class='ocr_par' dir='ltr' id='par_1_116' title="bbox 1711 5253 3276 5328">
     <span class='ocr_line' id='line_1_116' title="bbox 1711 5253 3276 5328; baseline -0.003 -16"><span class='ocrx_word' id='word_1_923' title='bbox 1711 5258 1989 5328; x_wconf 90' lang='lat' dir='ltr'><strong>oportebat</strong></span> <span class='ocrx_word' id='word_1_924' title='bbox 2007 5256 2299 5311; x_wconf 87' lang='lat' dir='ltr'><strong>attendere.</strong></span> <span class='ocrx_word' id='word_1_925' title='bbox 2328 5257 2383 5310; x_wconf 94' lang='lat' dir='ltr'><strong>Si</strong></span> <span class='ocrx_word' id='word_1_926' title='bbox 2409 5268 2583 5311; x_wconf 81' lang='lat' dir='ltr'><strong>autem</strong></span> <span class='ocrx_word' id='word_1_927' title='bbox 2613 5271 2679 5310; x_wconf 91' lang='lat' dir='ltr'><strong>ne</strong></span> <span class='ocrx_word' id='word_1_928' title='bbox 2705 5256 2756 5310; x_wconf 90' lang='lat' dir='ltr'><strong>id</strong></span> <span class='ocrx_word' id='word_1_929' title='bbox 2779 5254 3012 5326; x_wconf 85' lang='lat' dir='ltr'><strong>quidem,</strong></span> <span class='ocrx_word' id='word_1_930' title='bbox 3034 5253 3172 5323; x_wconf 89' lang='lat' dir='ltr'><strong>quod</strong></span> <span class='ocrx_word' id='word_1_931' title='bbox 3195 5261 3276 5308; x_wconf 91' lang='lat' dir='ltr'><strong>est</strong></span> 
     </span>
    </p>
   </div>
   <div class='ocr_carea' id='block_1_117' title="bbox 1712 5347 3277 5416">
    <p class='ocr_par' dir='ltr' id='par_1_117' title="bbox 1712 5347 3277 5416">
     <span class='ocr_line' id='line_1_117' title="bbox 1712 5347 3277 5416; baseline -0.003 -12"><span class='ocrx_word' id='word_1_932' title='bbox 1712 5352 2017 5413; x_wconf 91' lang='lat' dir='ltr'><strong>obscurum,</strong></span> <span class='ocrx_word' id='word_1_933' title='bbox 2064 5358 2209 5402; x_wconf 90' lang='lat' dir='ltr'><strong>tuum</strong></span> <span class='ocrx_word' id='word_1_934' title='bbox 2253 5349 2446 5404; x_wconf 84' lang='lat' dir='ltr'><strong>excitat</strong></span> <span class='ocrx_word' id='word_1_935' title='bbox 2493 5352 2768 5415; x_wconf 90' lang='lat' dir='ltr'><strong>animum,</strong></span> <span class='ocrx_word' id='word_1_936' title='bbox 2808 5347 2974 5401; x_wconf 89' lang='lat' dir='ltr'><strong>multo</strong></span> <span class='ocrx_word' id='word_1_937' title='bbox 3018 5347 3186 5416; x_wconf 90' lang='lat' dir='ltr'><strong>magis</strong></span> <span class='ocrx_word' id='word_1_938' title='bbox 3231 5349 3277 5400; x_wconf 89' lang='lat' dir='ltr'><strong>si</strong></span> 
     </span>
    </p>
   </div>
   <div class='ocr_carea' id='block_1_118' title="bbox 1712 5436 3278 5510">
    <p class='ocr_par' dir='ltr' id='par_1_118' title="bbox 1712 5436 3278 5510">
     <span class='ocr_line' id='line_1_118' title="bbox 1712 5436 3278 5510; baseline -0.004 -14"><span class='ocrx_word' id='word_1_939' title='bbox 1712 5451 1890 5496; x_wconf 88' lang='lat' dir='ltr'><strong>essent</strong></span> <span class='ocrx_word' id='word_1_940' title='bbox 1919 5442 2060 5495; x_wconf 89' lang='lat' dir='ltr'><strong>clara</strong></span> <span class='ocrx_word' id='word_1_941' title='bbox 2088 5455 2151 5495; x_wconf 92' lang='lat' dir='ltr'><strong>ac</strong></span> <span class='ocrx_word' id='word_1_942' title='bbox 2188 5440 2461 5495; x_wconf 89' lang='lat' dir='ltr'><strong>manifesta</strong></span> <span class='ocrx_word' id='word_1_943' title='bbox 2487 5482 2502 5506; x_wconf 94' lang='lat'><strong>,</strong></span> <span class='ocrx_word' id='word_1_944' title='bbox 2544 5455 2607 5494; x_wconf 91' lang='lat' dir='ltr'><strong>ea</strong></span> <span class='ocrx_word' id='word_1_945' title='bbox 2648 5449 3105 5510; x_wconf 60' lang='lat' dir='ltr'><strong>prastercurreres.</strong></span> <span class='ocrx_word' id='word_1_946' title='bbox 3152 5436 3278 5491; x_wconf 72' lang='lat' dir='ltr'><strong>lcleo</strong></span> 
     </span>
    </p>
   </div>
   <div class='ocr_carea' id='block_1_119' title="bbox 1712 5530 3277 5604">
    <p class='ocr_par' dir='ltr' id='par_1_119' title="bbox 1712 5530 3277 5604">
     <span class='ocr_line' id='line_1_119' title="bbox 1712 5530 3277 5604; baseline -0.005 -15"><span class='ocrx_word' id='word_1_947' title='bbox 1712 5534 1851 5590; x_wconf 92' lang='lat' dir='ltr'><strong>enim</strong></span> <span class='ocrx_word' id='word_1_948' title='bbox 1879 5549 2047 5604; x_wconf 89' lang='lat' dir='ltr'><strong>neque</strong></span> <span class='ocrx_word' id='word_1_949' title='bbox 2073 5533 2246 5587; x_wconf 87' lang='lat' dir='ltr'><strong>omnia</strong></span> <span class='ocrx_word' id='word_1_950' title='bbox 2275 5542 2397 5587; x_wconf 87' lang='lat' dir='ltr'><strong>sunt</strong></span> <span class='ocrx_word' id='word_1_951' title='bbox 2420 5531 2668 5598; x_wconf 87' lang='lat' dir='ltr'><strong>dilucida,</strong></span> <span class='ocrx_word' id='word_1_952' title='bbox 2699 5546 2765 5586; x_wconf 91' lang='lat' dir='ltr'><strong>ne</strong></span> <span class='ocrx_word' id='word_1_953' title='bbox 2794 5532 2867 5586; x_wconf 91' lang='lat' dir='ltr'><strong>sis</strong></span> <span class='ocrx_word' id='word_1_954' title='bbox 2896 5530 3070 5600; x_wconf 87' lang='lat' dir='ltr'><strong>piger;</strong></span> <span class='ocrx_word' id='word_1_955' title='bbox 3100 5541 3277 5596; x_wconf 85' lang='lat' dir='ltr'><strong>neque</strong></span> 
     </span>
    </p>
   </div>
   <div class='ocr_carea' id='block_1_120' title="bbox 1711 5618 3274 5696">
    <p class='ocr_par' dir='ltr' id='par_1_120' title="bbox 1711 5618 3274 5696">
     <span class='ocr_line' id='line_1_120' title="bbox 1711 5618 3274 5696; baseline -0.008 -11"><span class='ocrx_word' id='word_1_956' title='bbox 1711 5625 1960 5694; x_wconf 75' lang='lat' dir='ltr'><strong>Obscura,</strong></span> <span class='ocrx_word' id='word_1_957' title='bbox 1999 5642 2065 5681; x_wconf 91' lang='lat' dir='ltr'><strong>ne</strong></span> <span class='ocrx_word' id='word_1_958' title='bbox 2106 5625 2374 5696; x_wconf 88' lang='lat' dir='ltr'><strong>desperes.</strong></span> <span class='ocrx_word' id='word_1_959' title='bbox 2420 5623 2489 5679; x_wconf 91' lang='lat' dir='ltr'><strong>Et</strong></span> <span class='ocrx_word' id='word_1_960' title='bbox 2530 5624 2619 5680; x_wconf 89' lang='lat' dir='ltr'><strong>ille</strong></span> <span class='ocrx_word' id='word_1_961' title='bbox 2664 5622 2875 5695; x_wconf 90' lang='lat' dir='ltr'><strong>quidem</strong></span> <span class='ocrx_word' id='word_1_962' title='bbox 2916 5618 3190 5676; x_wconf 89' lang='lat' dir='ltr'><strong>eunuchus</strong></span> <span class='ocrx_word' id='word_1_963' title='bbox 3218 5625 3274 5672; x_wconf 90' lang='lat' dir='ltr'><strong>et</strong></span> 
     </span>
    </p>
   </div>
   <div class='ocr_carea' id='block_1_121' title="bbox 1713 5709 3269 5785">
    <p class='ocr_par' dir='ltr' id='par_1_121' title="bbox 1713 5709 3269 5785">
     <span class='ocr_line' id='line_1_121' title="bbox 1713 5709 3269 5785; baseline -0.007 -12"><span class='ocrx_word' id='word_1_964' title='bbox 1713 5717 1963 5774; x_wconf 86' lang='lat' dir='ltr'><strong>barbarus</strong></span> <span class='ocrx_word' id='word_1_965' title='bbox 1991 5717 2117 5773; x_wconf 90' lang='lat' dir='ltr'><strong>nihil</strong></span> <span class='ocrx_word' id='word_1_966' title='bbox 2150 5733 2212 5775; x_wconf 84' lang='lat' dir='ltr'><strong>ex</strong></span> <span class='ocrx_word' id='word_1_967' title='bbox 2246 5717 2309 5773; x_wconf 94' lang='lat' dir='ltr'><strong>iis</strong></span> <span class='ocrx_word' id='word_1_968' title='bbox 2335 5715 2464 5773; x_wconf 82' lang='lat' dir='ltr'><strong>dixit</strong></span> <span class='ocrx_word' id='word_1_969' title='bbox 2484 5759 2499 5785; x_wconf 92' lang='lat'><strong>,</strong></span> <span class='ocrx_word' id='word_1_970' title='bbox 2537 5715 2629 5773; x_wconf 88' lang='lat' dir='ltr'><strong>sed</strong></span> <span class='ocrx_word' id='word_1_971' title='bbox 2657 5724 2709 5772; x_wconf 89' lang='lat' dir='ltr'><strong>et</strong></span> <span class='ocrx_word' id='word_1_972' title='bbox 2736 5724 3002 5771; x_wconf 88' lang='lat' dir='ltr'><strong>tantorum</strong></span> <span class='ocrx_word' id='word_1_973' title='bbox 3035 5709 3269 5782; x_wconf 86' lang='lat' dir='ltr'><strong>negotio-</strong></span> 
     </span>
    </p>
   </div>
  </div>
