3802 6396
460 351 568 408 515

458 573 639 625 esset.
686 564 877 620 librum
933 567 1166 622 habebat
1221 570 1273 624 in
1323 572 1565 625 manibus
1607 581 1663 627 et
1711 574 1936 643 legebat,
1988 585 2042 630 tu

457 665 659 723 autem,
700 673 821 712 eum
868 669 922 713 et
954 659 1044 713 tibi
1087 661 1158 714 sit
1199 660 1350 730 copia
1404 661 1705 726 doctorum,
1749 675 1804 719 et
1848 665 2044 721 habeas

457 748 546 816 qui
599 748 689 803 tibi
737 750 932 819 legant,
975 750 1101 804 mihi
1144 752 1514 807 excusationes
1541 753 1748 821 profers
1784 765 1838 810 et
1864 756 2052 812 obten--

401 858 403 860 ·
457 846 572 894 ιιις.
613 839 798 894 Nescis
833 856 895 896 ea
945 857 1063 908 qua:
1113 842 1400 897 dicuntur?
1450 843 1554 898 Ora
1586 859 1716 915 ergo
1746 855 1804 900 ιιι
1842 847 2038 904 diseas.

461 931 572 984 Ιιιιο
618 946 745 985 vero
792 932 906 986 fieri
956 949 1060 987 non
1110 943 1282 1001 potest
1312 943 1366 987 ut
1392 935 1572 989 omnia
1602 935 1833 1005 ignores.
1881 938 2048 994 Multa

453 1022 599 1075 enim;
629 1032 753 1076 sunt
780 1039 844 1078 ex
867 1039 925 1078 se
951 1033 1131 1094 aperta
1157 1035 1211 1080 et
1241 1025 1506 1091 dilucida;
1542 1028 1648 1082 imo
1677 1045 1806 1084 vero
1831 1033 2037 1087 etiamsi

452 1114 632 1168 omnia
697 1114 1006 1186 ignorares,
1051 1117 1130 1172 sic
1176 1135 1386 1189 quoque
1447 1130 1720 1189 oporteret
1783 1129 1835 1177 te
1885 1124 2039 1192 quie-

457 1221 641 1270 scere,
679 1216 742 1261 ut
772 1223 876 1261 non
916 1209 1152 1278 expellas
1195 1225 1289 1266 eos
1338 1212 1426 1281 qui
1463 1213 1745 1268 attendunt
1775 1232 1789 1268 :
1823 1226 1878 1269 ιιι
1915 1231 2036 1270 cum

451 1297 564 1352 Deo
587 1309 865 1368 acceptum
894 1299 1052 1355 fuerit
1083 1309 1227 1354 tuum
1256 1302 1525 1358 silentium
1565 1314 1620 1360 et
1659 1304 1830 1374 pudor
1873 1317 1992 1362 tuus
2016 1350 2032 1375 ,

450 1389 567 1456 ipse
608 1404 670 1443 ea
710 1405 828 1459 qua:
865 1400 990 1445 sunt
1018 1391 1242 1447 obscura
1292 1394 1480 1449 reddat
1519 1396 1770 1452 dilucida.
1819 1399 1890 1454 At
1927 1415 2034 1456 nou

453 1490 605 1549 potes
634 1480 829 1537 silere?
859 1483 951 1538 Exi
975 1498 1129 1553 ergo,
1154 1500 1220 1539 ne
1246 1485 1365 1540 aliis
1393 1501 1604 1557 quoque
1627 1488 1878 1544 damnum
1906 1490 2036 1545 alie-

448 1586 559 1626 ras.
607 1571 814 1626 Etenim
853 1575 903 1627 in
935 1575 1164 1630 ecclesia
1205 1591 1363 1631 unam
1406 1587 1619 1647 oportet
1663 1593 1877 1649 semper
1914 1595 2034 1637 esse

449 1680 656 1731 mecm,
680 1682 743 1722 ac
768 1668 811 1721 si
841 1683 1001 1723 unum
1025 1669 1095 1723 sit
1119 1684 1332 1740 corpus.
1368 1671 1654 1742 Propterea
1681 1683 1734 1728 et
1764 1674 1852 1744 qui
1885 1673 2030 1744 legit,

447 1761 594 1814 solus
635 1760 902 1831 loquitur;
937 1773 989 1816 et
1020 1763 1064 1817 is
1087 1765 1174 1833 qui
1203 1764 1568 1834 episcopatum
1596 1766 1820 1830 obtinet,
1852 1777 2034 1822 manet

445 1853 660 1908 silentio
684 1853 912 1920 sedens;
951 1867 1005 1911 et
1034 1857 1078 1911 is
1107 1858 1194 1926 qui
1223 1857 1418 1928 psallit,
1452 1858 1598 1912 solus
1639 1860 1848 1927 psallit;
1891 1869 1944 1914 et
1984 1859 2030 1913 si

446 1959 635 2001 omnes
664 1949 1038 2017 respondendo
1059 1960 1330 2015 resonent,
1355 1967 1455 2005 vox
1482 1952 1648 2005 fertur
1671 1963 1936 2022 tamquam
1963 1969 2028 2009 ex

446 2053 556 2091 uno
585 2054 707 2105 ore;
737 2048 792 2094 et
819 2042 908 2110 qui
933 2040 996 2094 ad
1022 2042 1273 2112 populum
1302 2042 1460 2096 verba
1493 2041 1636 2100 facit.
1666 2043 1814 2097 solus
1853 2043 2031 2112 loqui-

447 2138 556 2182 tur.
587 2128 812 2196 Quando
837 2141 1014 2185 autem
1045 2131 1197 2186 multi
1223 2131 1291 2186 de
1317 2132 1500 2186 multis
1526 2144 1577 2188 et
1604 2132 1832 2187 diversis
1859 2133 2032 2187 disce-

445 2228 618 2289 ptant,
651 2235 747 2278 utr
776 2221 926 2275 vobis
954 2220 1150 2277 frustra
1182 2223 1479 2278 molestiam
1506 2223 1894 2278 exhibeamus?
1919 2223 2026 2278 Nisi

445 2312 588 2366 enim
615 2322 823 2368 temere
843 2328 938 2368 uos
963 2314 1202 2369 molestia
1230 2314 1445 2372 allicere
1476 2315 1750 2385 putaretis,
1781 2315 1934 2370 nobis
1962 2315 2038 2370 de

447 2402 612 2457 tantis
660 2403 819 2458 rebus
861 2404 1219 2475 loquentibus,
1250 2406 1319 2461 de
1359 2407 1424 2462 iis
1463 2423 1583 2476 qua:
1627 2407 1765 2461 nihil
1803 2405 2034 2462 attinent

446 2510 553 2548 non
603 2491 978 2564 loqueremini.
1027 2497 1316 2568 Propterea
1344 2513 1449 2553 non
1482 2499 1534 2552 iu
1560 2498 1666 2552 vita
1696 2497 1866 2552 solum
1889 2539 1904 2564 ,
1934 2499 2035 2554 sed

444 2595 500 2640 et
529 2587 581 2641 in
609 2587 720 2657 ipsa
751 2603 927 2642 rerum
953 2589 1350 2645 existimatione
1380 2602 1568 2660 magna
1595 2599 1679 2645 est
1707 2591 1980 2661 perversio
2009 2609 2022 2643 :

444 2678 510 2732 ad
540 2695 600 2732 ea
627 2678 824 2749 quippe
850 2695 967 2750 quae
990 2691 1114 2735 sunt
1139 2681 1409 2752 superﬂua
1441 2681 1656 2736 iuhiatis
1679 2723 1696 2750 ,
1721 2682 2029 2736 veritatem-

444 2775 550 2844 que
576 2773 922 2841 dimittentes,
956 2775 1174 2830 umbras
1199 2785 1253 2831 et
1280 2779 1484 2829 somnia
1515 2774 1919 2846 persequimini.

517 2867 817 2921 Diuitiarum
841 2869 1056 2923 vanitas.
1081 2873 1356 2926 —Aunon
1379 2870 1564 2925 umbra
1596 2879 1649 2925 et
1674 2869 1878 2923 somnia
1903 2877 2028 2921 sunt

445 2960 624 3013 omnia
655 2961 958 3029 prarseutia,
992 2971 1046 3016 et
1075 2962 1259 3017 umbra
1281 2961 1548 3018 deteriora
1576 2961 1832 3016 ?'Eteuim
1854 2957 2026 3029 prius-

447 3067 606 3122 quam
637 3064 966 3124 appareant,
1007 3056 1300 3122 recedunt;
1332 3066 1386 3111 et
1421 3057 1730 3127 priusquam
1761 3052 1975 3107 avolent
2006 3092 2022 3118 ,

1164 359 1219 415 5.
1261 359 1538 416 JOANNIS
1575 363 2055 424 CIIRYSOSTOMI
2086 373 2403 441 ARCHI‘EP’.
2436 379 2968 441 CONSTANTINOP.

459 485 579 525 rem
632 472 990 530 circumdatus
1033 477 1373 534 multitudine
1403 521 1424 544 ,.
1468 482 1629 535 etiam
1677 496 1798 537 eum
1867 485 1921 537 in
1960 485 2050 540 via

3609 398 3690 457 316

2150 505 2394 563 magnam
2434 496 2690 554 exhibent
2731 503 3186 570 perturbationem
3206 547 3222 570 .
3255 515 3311 560 et
3343 507 3591 580 majorem
3623 515 3689 570 illa

2149 583 2436 654 voluptate.
2467 585 2535 642 Et
2561 590 2606 643 si
2634 589 2718 646 hic
2748 592 3163 652 innumerabiles
3190 610 3441 671 acceptas
3478 602 3690 663 infuderit

2148 676 2432 745 pecunias,
2454 694 2575 734 cum
2603 697 2708 737 nox
2741 688 3050 753 prasterierit
3072 729 3088 755 ,
3118 689 3242 747 hinc
3269 693 3444 749 nudus
3469 697 3684 765 recedit;

2145 776 2199 822 et
2226 771 2438 826 merito.
2466 772 2594 829 Nam
2623 787 2676 832 et
2702 779 2789 849 qui
2822 780 2876 835 in
2904 784 3107 838 somnis
3136 796 3260 842 sunt
3283 789 3508 856 divites,
3539 809 3642 848 cum
3665 813 3691 852 e

2145 861 2305 916 cubili
2336 869 2687 935 surrexerint,
2713 871 2846 924 nihil
2871 873 3066 930 habent
3081 892 3146 932 ex
3170 877 3235 931 iis
3260 895 3379 950 qua:
3408 883 3691 942 videbantur

2146 950 2342 1010 habere
2370 957 2700 1015 dormientes
2728 981 2750 1017 :
2773 963 2842 1018 ita
2872 965 3034 1021 etiam
3073 971 3216 1024 avari
3249 983 3304 1027 et
3330 975 3421 1043 qui
3454 976 3595 1044 plura
3617 978 3689 1032 ha-

2145 1041 2300 1099 bendi
2347 1046 2592 1104 laborant
2632 1053 2958 1122 cupiditate;
2993 1057 3102 1112 imo
3147 1076 3275 1116 vero
3323 1041 3430 1120 non
3455 1041 3544 1121 iita
3573 1109 3587 1132 ,
3615 1071 3690 1125 sed

2145 1134 2303 1208 longe
2341 1140 2513 1209 pejus.
2547 1143 2678 1198 Nam
2719 1147 2808 1215 qui
2843 1148 2893 1202 in
2928 1153 3133 1206 somnis
3160 1155 3376 1228 quidem
3408 1168 3493 1212 est
3517 1159 3688 1228 dives,

2143 1243 2316 1298 neque
2345 1231 2503 1286 habet
2533 1237 2786 1303 pecunias
2811 1255 2945 1308 quas
2977 1242 3035 1296 in
3066 1244 3270 1301 visione
3296 1263 3368 1302 se-
3385 1251 3599 1318 putabat
3620 1253 3692 1306 ha.

2141 1319 2304 1388 here,
2326 1338 2498 1393 neque
2526 1327 2631 1382 alio
2661 1331 2910 1399 quopiam
2934 1335 3076 1387 malo
3098 1336 3166 1391 ab
3195 1337 3299 1393 hac
3332 1341 3536 1398 visione
3563 1360 3692 1402 accc-

2139 1423 2252 1484 pto,
2273 1418 2441 1488 surgit
2464 1435 2485 1472 :'
2506 1419 2606 1476 iste
2630 1433 2833 1490 autem,
2855 1428 3092 1495 pecuniis
3115 1431 3330 1500 quidem
3353 1445 3439 1490 est
3458 1436 3689 1506 privatus,

2140 1509 2370 1574 peccatis
2396 1519 2574 1565 autem
2613 1528 2730 1583 qua:
2759 1530 2824 1569 ex
2857 1519 3092 1585 pecuniis
3117 1531 3232 1576 orta
3259 1533 3385 1579 sunt
3419 1527 3646 1595 repletus
3669 1569 3686 1595 ,

2140 1595 2406 1663 discedit;
2428 1609 2619 1656 etcum
2649 1620 2769 1673 quze
2797 1621 2861 1661 ex
2895 1607 3093 1664 divitiis
3118 1610 3273 1679 ﬁunt,
3299 1616 3505 1672 visione
3532 1634 3692 1690 appre

2139 1686 2384 1744 henderit
2411 1731 2425 1754 ,
2453 1692 2588 1746 mala
2618 1694 2740 1750 inde
2763 1707 2880 1752 orla
2909 1716 3014 1755 non
3047 1701 3188 1757 videt
3220 1706 3353 1759 ultra
3387 1708 3440 1762 iu
3467 1686 3657 1766 visione
3676 1752 3690 1778 ,

2139 1781 2233 1834 sed
2265 1781 2316 1836 in
2349 1783 2462 1852 ipsa
2508 1802 2699 1841 rerum
2719 1791 2951 1846 veritate
2980 1810 2994 1845 :
3026 1804 3078 1847 et
3101 1794 3197 1850 fait
3225 1799 3442 1868 quidem
3470 1803 3690 1873 Voluptas

2140 1870 2191 1924 in
2218 1875 2419 1928 somnis
2444 1891 2457 1940 ;
2491 1876 2631 1946 quod
2653 1888 2832 1934 autem
2858 1897 2922 1936 ex
2953 1883 3221 1954 voluptate
3243 1893 3483 1946 nascitur
3510 1870 3692 1963 suppli-

2137 1961 2278 2016 cium
2311 2005 2324 2027 ,
2353 1980 2458 2018 non
2501 1967 2682 2037 utique
2704 1970 2900 2025 accidit
2929 1973 2979 2028 in
3002 1977 3204 2031 somnis
3226 2020 3240 2042 ,
3274 1980 3369 2034 sed
3403 1982 3466 2035 in
3487 1961 3595 2052 ipsa
3612 1961 3692 2039 ex-

2138 2054 2396 2121 perientia
2423 2072 2436 2120 ;
2468 2057 2576 2111 imo
2605 2074 2734 2114 vero
2755 2062 2914 2116 etiam
2943 2073 3068 2119 ante
3110 2067 3238 2122 illud
3279 2073 3597 2140 supplicium
3622 2075 3692 2131 hic

2135 2161 2346 2216 quoque
2373 2159 2640 2205 extremas
2665 2153 2760 2207 dat
2776 2169 2987 2222 poenas,
3020 2168 3077 2213 ut
3103 2161 3191 2230 qui
3225 2162 3276 2215 in
3300 2164 3600 2235 colligendo
3625 2177 3691 2222 at-

2138 2247 2338 2293 teratur
2385 2239 2861 2301 innumerabilibus
2900 2249 3064 2303 animi
3099 2252 3536 2321 mgritudinibus,
3561 2259 3692 2312 solli-

2134 2330 2477 2397 citudinibus,
2509 2336 2957 2405 accusationibus,
2989 2341 3289 2411 calumniis,
3319 2348 3628 2404 tumultibus
3646 2359 3690 2404 et

2135 2423 2644 2490 perturbationibus.
2679 2427 2746 2484 Ut
2775 2445 2904 2501 ergo
2931 2441 2982 2487 et
3011 2449 3042 2488 a
3069 2437 3292 2491 somniis
3323 2438 3633 2506 liberemur,
3650 2451 3696 2496 et

2133 2528 2162 2565 a
2195 2516 2350 2570 malis
2393 2533 2513 2587 qua:
2559 2534 2665 2574 non
2702 2532 2826 2577 sunt
2859 2524 2911 2578 in
2958 2527 3177 2582 somniis
3201 2571 3216 2596 ,
3249 2545 3348 2600 pro
3394 2534 3616 2588 avaritia
3652 2546 3696 2588 et

2134 2605 2284 2674 plura
2312 2607 2537 2664 habendi
2563 2611 2850 2681 cupiditate
2879 2616 3272 2689 eleemosynam
3304 2624 3572 2694 eligamus,
3616 2642 3697 2696 pro

2134 2699 2317 2764 rapina
2349 2698 2749 2771 benignitatem.
2797 2705 2887 2762 Sic
2939 2709 3081 2763 enim
3117 2715 3401 2780 przesentia
3445 2727 3498 2770 et
3532 2718 3693 2771 futura

2133 2786 2272 2841 bona
2297 2804 2646 2860 assequemur
2672 2787 2689 2862 ,
2717 2798 2884 2867 gratia
2915 2809 2970 2854 et
3006 2802 3331 2871 benignitate
3367 2807 3577 2864 Domini
3605 2826 3690 2865 ηο-

2133 2879 2230 2932 stri
2252 2879 2380 2934 Jesu
2409 2882 2611 2939 Christi
2638 2927 2653 2954 ,
2683 2888 2898 2956 quicum
2925 2890 3068 2946 Patri
3099 2910 3310 2966 unaque
3339 2898 3560 2968 Spiritui
3586 2917 3694 2957 san-

2131 2983 2220 3027 cto
2249 2973 2440 3042 gloria,
2470 2975 2754 3046 imperium
2778 3022 2792 3045 ,
2823 2981 2995 3038 honor
3017 3025 3032 3045 .
3065 3000 3206 3042 nunc
3229 2996 3284 3043 et
3308 3004 3542 3062 semper,
3567 3003 3618 3049 et
3645 2994 3696 3049 in

2131 3065 2325 3118 szrcnla
2347 3068 2685 3124 saeculorum.
2721 3073 2912 3128 Amen.

448 3166 3677 3198 Μ

1633 3254 1976 3316 ΗΟΜιΙΛΑ
2025 3248 2349 3310 XXXVII.

443 3409 572 3463 Car.
619 3407 706 3462 M.
740 3423 791 3458 v.
818 3407 906 3462 54.
945 3405 1181 3461 Mulieres
1221 3414 1396 3457 vestrae
1429 3404 1484 3454 in
1530 3401 1752 3455 ecclesiis
1797 3408 2014 3454 taceant.

515 3497 636 3552 Non
663 3498 794 3551 enim
822 3497 1126 3567 permittitur
1147 3497 1217 3549 eis
1241 3495 1398 3565 loqui,
1419 3493 1508 3548 secl
1535 3492 1765 3546 subditas
1789 3507 1913 3554 esse,
1944 3493 2016 3544 si-

513 3599 597 3642 cut
623 3598 671 3642 et
701 3589 782 3642 lex
809 3589 953 3643 dicit.

515 3683 574 3736 l.
597 3681 733 3735 Cum
762 3697 908 3747 eum,
937 3679 1036 3750 qui»
1056 3695 1119 3734 ex
1152 3678 1346 3748 linguis
1376 3677 1650 3733 oriebatur
1681 3719 1696 3744 ,
1733 3677 2016 3732 tumultum

440 3779 788 3843 amputasset,
816 3779 871 3825 et
895 3787 1014 3825 eum
1043 3771 1133 3840 qui
1157 3786 1218 3824 ex
1243 3770 1556 3841 propltetiis,
1587 3780 1641 3825 et
1667 3771 1835 3841 legem
1869 3770 2020 3824 tulis-

439 3873 559 3927 set,
593 3878 658 3917 ne
687 3873 829 3917 esset
858 3863 1137 3929 conlusio,
1173 3873 1231 3918 ut
1257 3862 1347 3933 qui
1390 3862 1582 3934 linguis
1615 3863 1968 3934 loquebantur
1996 3904 2014 3930 ,

439 3955 542 4011 lioc
563 3949 798 4010 vicissim
823 3955 1060 4010 facerent
1088 3996 1104 4023 ,
1137 3965 1192 4010 et
1222 3964 1284 4009 ut
1309 3954 1400 4025 qui
1431 3955 1823 4025 prophetabant
1848 3996 1864 4022 ,
1893 3969 2013 4010 cum

438 4047 578 4102 alter
605 4046 912 4116 incepisset,
947 4056 1186 4102 tacerent
1215 4065 1229 4101 :
1261 4047 1501 4116 procedit
1523 4047 1735 4102 demum
1765 4047 1924 4100 etiam
1947 4047 2013 4101 ad

439 4140 893 4211 perturbationem
917 4156 1035 4210 qua:
1059 4141 1232 4195 oritur
1252 4156 1318 4195 ex
1348 4139 1661 4194 mulieribus
1690 4180 1705 4203 ,
1734 4147 2015 4208 amputans

436 4249 620 4288 earum
652 4233 1007 4303 importunam
1037 4233 1287 4304 loquendi
1319 4232 1616 4288 libertatem
1641 4232 1828 4302 :idque
1858 4233 2014 4289 valde

434 4335 751 4397 opportune.
783 4325 914 4381 Nam
942 4325 986 4380 si
1019 4327 1121 4393 iis,
1148 4327 1246 4395 qui
1267 4325 1470 4382 habent”
1493 4326 1815 4382 charismata
1846 4369 1861 4394 ,
1906 4343 2010 4382 non

435 4419 760 4488 permittitur
794 4426 997 4474 temere
1025 4419 1214 4490 loqui,
1247 4435 1421 4490 neque
1450 4420 1664 4490 quando
1700 4421 1902 4485 velint,
1930 4421 2011 4476 id-

432 4525 536 4580 que
565 4525 687 4565 eum
719 4519 1034 4565 moveantur
1057 4527 1084 4562 a
1108 4509 1310 4580 Spiritu
1338 4554 1352 4575 ,
1381 4512 1551 4566 multo
1587 4512 1758 4583 magis
1788 4512 1892 4566 illis
1928 4513 2009 4566 in-

430 4603 768 4658 considerate
814 4611 870 4658 et
909 4618 1042 4658 vane
1084 4604 1425 4673 nugautibus.
1481 4603 1768 4674 Propterea
1819 4619 2008 4674 magna

427 4709 639 4765 quoque
664 4710 784 4749 cum
815 4695 1133 4750 auctoritate
1161 4697 1471 4766 nugant'rum
1506 4710 1597 4749 ora
1629 4695 1859 4750 obstruit
1889 4712 1911 4762 ;⁴
1953 4706 2007 4750 et

427 4787 545 4856 lege
582 4803 761 4842 secum
800 4796 1074 4856 assumpta
1109 4829 1126 4854 ,
1154 4802 1338 4842 eorum
1375 4787 1453 4841 sic
1479 4801 1571 4841 ora
1609 4788 1844 4842 obturat.
1887 4787 2002 4842 Non

427 4879 600 4933 solum
645 4881 787 4934 enim
833 4880 918 4935 hic
941 4879 1131 4936 suadet
1160 4921 1176 4943 ,
1209 4895 1383 4950 neque
1416 4881 1687 4945 consulit,
1719 4880 1819 4934 sed
1841 4881 2000 4935 etiam

427 4970 772 5027 vehementer
801 4972 1026 5042 imperat
1055 5012 1072 5037 ,
1107 4973 1288 5043 legens
1323 4972 1595 5042 antiquam
1629 4972 1710 5026 his
1747 4972 1813 5027 de
1843 4973 2002 5028 rebus

428 5060 621 5131 legem.
652 5062 783 5117 Nam
811 5079 930 5120 cum
964 5065 1187 5120 dixisset
1220 5082 1234 5120 :
1267 5064 1510 5118 Mulieres
1537 5074 1712 5119 vestrae
1757 5066 1810 5117 in
1848 5067 2004 5119 eccle-

423 5154 510 5208 siis
532 5164 748 5220 taceant,
776 5166 858 5220 et,
888 5155 1009 5211 Non
1038 5158 1340 5228 permittitur
1363 5159 1432 5212 eis
1455 5157 1624 5227 loqui,
1649 5158 1736 5212 sed
1756 5157 2002 5228 subjectus

423 5262 529 5298 esse
556 5286 571 5311 ,
604 5247 878 5317 subiunxit
911 5266 924 5303 :
953 5249 1099 5303 Sicut
1127 5259 1173 5303 et
1207 5250 1286 5304 lea:
1319 5251 1461 5303 dicit.
1505 5250 1572 5304 Et
1619 5241 1707 5304 ubi
1741 5250 1842 5305 hoc
1871 5250 2000 5305 dicit

422 5336 508 5390 lex
540 5339 563 5389 ’ἐ
592 5337 671 5390 Ad
695 5339 856 5391 virum
878 5348 1017 5392 tuum
1045 5343 1301 5396 conversio
1324 5353 1430 5409 tua,
1463 5353 1511 5397 et
1533 5343 1639 5413 ipse
1663 5343 1752 5396 tibi
1773 5343 1996 5397 domina-

423 5433 556 5485 bitur
608 5433 626 5504 (
655 5431 780 5488 Gen.
809 5433 862 5486 5.
897 5434 959 5488 l6
995 5435 1034 5504 ).
1068 5434 1312 5489 Vidistiu‘
1357 5436 1502 5490 Pauli
1555 5438 1869 5505 sapientiam
1896 5479 1910 5503 ,
1943 5447 2000 5493 et

421 5535 674 5596 quantum
697 5525 979 5580 adduxerit
1011 5527 1399 5594 testimonium,
1417 5529 1563 5599 quod"
1586 5545 1691 5584 non
1713 5530 1884 5584 solum
1903 5544 1995 5584 eas

415 5621 800 5691 jubeattaeere
824 5661 840 5687 ,
880 5620 974 5677 sed
1014 5620 1174 5676 etiam
1199 5629 1376 5676 tacere
1400 5636 1519 5676 cum
1558 5631 1746 5691 metu,
1793 5633 1994 5679 etcum

423 5721 572 5766 tanto
613 5721 779 5779 metu,
808 5727 928 5768 cum
981 5721 1182 5785 quanto
1226 5712 1475 5768 ancillam
1521 5723 1732 5784 Oportet
1784 5715 1995 5771 silere?

419 5801 705 5877 I’rOpterea
728 5820 848 5862 cum
869 5807 982 5878 ipse
1000 5804 1242 5877 dixisset,
1272 5803 1387 5859 Non
1413 5806 1714 5875 permittitur
1736 5805 1805 5860 cis
1835 5807 1988 5876 qum‘,

2121 3411 2228 3450 non
2257 3395 2548 3466 subiunxit,
2571 3397 2677 3454 Sed
2697 3407 2892 3468 tacere,
2912 3403 3006 3458 sed
3037 3420 3133 3473 pro
3159 3414 3336 3463 tacere
3362 3411 3540 3480 posuit
3561 3411 3691 3482 quod

2121 3499 2204 3542 est
2229 3489 2455 3557 amplius
2484 3531 2499 3555 ,
2536 3505 2729 3560 nempe
2756 3493 2964 3561 subjici.
2991 3493 3047 3550 Si
3081 3497 3181 3553 hoc
3211 3510 3387 3556 autem
3421 3503 3561 3572 apud
3589 3520 3694 3557 ma-

2124 3582 2256 3636 ritos
2285 3622 2302 3644 .
2342 3582 2514 3637 multo
2543 3583 2713 3653 magis
2751 3585 2890 3654 apud
2922 3587 3170 3643 doctores
3213 3600 3266 3645 et
3312 3602 3492 3661 patres
3518 3636 3533 3658 ,
3565 3603 3620 3650 et
3643 3595 3692 3647 in

2124 3674 2390 3728 communi
2435 3681 2575 3728 coetu
2604 3675 2868 3731 ecclesiaz.
2913 3679 2984 3732 At
3023 3679 3067 3734 si
3111 3695 3216 3735 non
3255 3683 3542 3753 loquantur
3567 3727 3584 3752 ,
3613 3687 3689 3739 in-

2121 3767 2276 3835 quies
2300 3806 2315 3830 ,
2350 3782 2450 3822 nec
2481 3768 2850 3840 interrogent,
2877 3787 3108 3842 quanam
3135 3775 3201 3829 de
3226 3791 3387 3831 causa
3417 3777 3644 3834 aderunt
3669 3779 3692 3830 ?

2123 3856 2190 3912 Ut
2215 3857 2666 3928 audiautquidem
2695 3877 2814 3930 qua:
2833 3874 3080 3932 oportet,
3109 3880 3170 3919 ea
3198 3876 3374 3922 autem
3403 3868 3470 3924 de
3495 3872 3694 3941 quibus

2120 3948 2386 4016 dubitant,
2411 3966 2442 4005 a
2470 3951 2674 4006 maritis
2703 3952 2848 4008 domi
2873 3955 3106 4010 discant.
3138 3956 3206 4011 Et
3231 3957 3351 4013 ideo
3377 3960 3649 4030 subjunin
3674 3977 3688 4013 :

2119 4040 2208 4096 55.
2235 4041 2296 4096 Si
2325 4042 2448 4111 quid
2467 4054 2636 4097 autem
2667 4045 2839 4099 volunt
2879 4048 3070 4101 discere
3093 4089 3108 4114 ,
3141 4049 3277 4102 domi
3303 4051 3436 4106 viros
3463 4069 3586 4108 suos
3612 4056 3690 4106 iu-

2119 4141 2386 4204 terrogent.
2409 4132 2523 4188 Non
2549 4135 2744 4202 solum,
2774 4137 2961 4207 inquit,
2991 4153 3095 4192 non
3127 4139 3231 4194 illis
3255 4139 3396 4210 loqui
3427 4145 3692 4212 permitti-

2119 4235 2224 4290 tur,
2255 4226 2349 4281 sed
2378 4241 2476 4282 nec
2502 4227 2701 4298 aliquid
2729 4228 3058 4300 interrogare
3081 4231 3131 4285 in
3149 4232 3394 4286 ecclesia.
3426 4234 3483 4288 Si
3510 4245 3694 4290 autem

2117 4334 2222 4373 non
2249 4329 2461 4388 oportet
2486 4321 2836 4392 interrogare,
2871 4322 3042 4378 multo
3065 4328 3235 4395 magis
3258 4325 3505 4382 absolute
3540 4327 3691 4382 nefas

2116 4419 2196 4465 est
2217 4410 2381 4481 loqui.
2412 4411 2479 4466 Et
2504 4427 2600 4467 cur
2623 4427 2715 4466 eas
2739 4413 2805 4468 ad
2830 4423 3027 4468 tantam
3051 4415 3252 4484 redegit
3274 4417 3694 4486 subiectionem?

2117 4503 2402 4574 Propterea
2432 4505 2572 4576 quod
2596 4506 2791 4560 mulier
2815 4521 2903 4562 res
2927 4517 3010 4562 est
3036 4507 3290 4562 imbecilla
3315 4520 3370 4564 et
3395 4511 3614 4566 mobilis
3639 4523 3692 4566 et

2116 4596 2267 4652 levis.
2316 4596 2440 4652 ldeo
2480 4597 2560 4653 eis
2597 4599 2816 4654 maritos
2841 4599 3081 4669 prtefecit
3117 4601 3402 4666 doctores,
3431 4612 3694 4673 utrosque

2108 4686 2319 4757 juvans.
2348 4689 2481 4743 Nam
2507 4698 2563 4744 et
2589 4689 2707 4744 illas
2732 4689 2962 4746 reddidit
2991 4691 3276 4756 modestas,
3297 4703 3351 4749 et
3380 4692 3481 4749 hos
3501 4695 3688 4749 reddi-

2110 4782 2402 4852 ditgnavos
2426 4791 2480 4837 et
2507 4783 2782 4848 sollicitos,
2807 4783 2968 4854 utqui
2994 4799 3078 4850 ea,
3102 4799 3220 4854 qua:
3258 4784 3568 4851 audierant,
3599 4802 3688 4841 es-

2109 4885 2231 4929 sent
2299 4875 2640 4930 exactissime
2708 4874 2850 4945 apud
2923 4891 3013 4930 cas
3091 4874 3406 4946 deposituri.
3482 4878 3689 4934 Deinde

2109 4967 2359 5034 quoniam
2391 4967 2440 5021 id
2466 4976 2781 5022 ornamento
2795 4967 2894 5021 sibi
2919 4967 3031 5022 fore
3051 4965 3470 5038 ducebantun
3493 4970 3688 5041 loque-

2107 5069 2296 5116 rentur
2317 5061 2544 5129 publice,
2573 5075 2874 5116 sermonem
2893 5060 2983 5116 ille
3001 5059 3216 5116 deducit
3243 5060 3296 5114 in
3326 5063 3686 5124 contrarium,

2105 5151 2292 5206 dicens
2323 5170 2336 5206 :
2367 5151 2538 5224 Turpe
2565 5163 2637 5207 est
2661 5153 2795 5207 enim
2818 5152 3017 5206 mulieri
3036 5153 3174 5222 loqui
3198 5154 3248 5205 in
3283 5154 3512 5206 ecclesia.
3544 5153 3687 5208 Nam

2105 5245 2339 5314 primum
2359 5247 2570 5315 quidem
2602 5246 2704 5300 hoe
2727 5245 3063 5300 confirmavit
3088 5260 3117 5298 a
3148 5246 3264 5315 lege
3295 5245 3391 5299 Dei
3420 5261 3437 5311 ;
3477 5245 3685 5301 deinde

2103 5357 2137 5396 al
2154 5339 2419 5395 communi
2445 5341 2649 5394 ratione
2669 5348 2724 5394 et
2742 5337 3125 5394 consuetudine
3142 5338 3308 5392 :sieut
3327 5340 3486 5392 etiam
3507 5353 3688 5407 quan-

2101 5434 2172 5488 do
2201 5435 2278 5490 eis
2305 5435 2372 5490 de
2400 5449 2558 5489 coma
2579 5433 2810 5512 dicebat,
2831 5436 3011 5488 Annon
3039 5433 3131 5487 hoc
3153 5448 3246 5487 vos
3263 5433 3378 5502 ipsa
3405 5434 3552 5487 docet
3583 5451 3686 5487 na-

2103 5537 2220 5580 tura
2239 5527 2313 5598 (ι.
2345 5526 2462 5580 Cor.
2496 5527 2582 5581 tl.
2616 5511 2734 5596 tt)?
2765 5527 2830 5580 Ει
2851 5527 3045 5596 ubique
3070 5526 3186 5595 ejus
3213 5528 3372 5582 talem
3397 5525 3686 5581 inveneris

2101 5619 2337 5684 modum,
2367 5635 2471 5673 non
2502 5635 2568 5674 ex
2599 5619 2794 5674 divinis
2821 5619 3111 5690 Scripturis
3133 5659 3149 5686 ,
3182 5619 3277 5673 sed
3307 5636 3373 5674 ex
3397 5621 3507 5690 ipsa
3539 5634 3685 5672 ceu-

2098 5711 2378 5766 suetudine
2407 5711 2608 5780 pudore
2627 5710 2965 5766 efficientem.
2985 5711 3247 5767 Praeterea
3267 5711 3334 5766 ab
3352 5711 3416 5765 iis
3435 5725 3686 5780 quoque,

2099 5819 2216 5873 quze
2245 5802 2482 5860 omnium
2505 5802 2755 5873 opinione
2782 5802 3022 5861 feruntur
3051 5843 3068 5873 ,
3095 5813 3152 5860 et
3176 5818 3294 5876 qua:
3323 5802 3520 5873 ubique
3549 5810 3685 5858 sunt
