3802 6354
151 475 228 530 11611
253 475 438 528 ἅπαντα
487 474 698 546 ἀγνοῇς,
749 475 841 528 καὶ
867 475 1035 540 οῦτως
1067 478 1357 546 ἡσυχάζειν
1389 478 1516 543 ἔδει,
1553 480 1639 533 ἵνα

153 559 327 628 96106;
349 558 696 627 προσέχοντας
720 557 1042 630 ἐκκρούσῃς,
1067 561 1152 612 ἵνα
1176 578 1268 613 σου
1292 562 1389 632 τὴν
1411 562 1638 632 ἡσυχίαν

151 641 316 710 καὶτήν
346 639 468 694 αίδὼ
505 640 902 710 ἀποδεξάμενος
937 644 966 694 6
1011 642 1161 707 Θεὸς,
1204 645 1297 697 καὶ
1338 643 1408 696 τὰ
1455 646 1636 714 ἀσαφῆ

151 727 304 794 ποιήσῃ
321 723 459 790 δῆλα.
498 723 632 775 Ἀλλ’
658 725 718 777 06
743 724 967 778 δύνασαι
999 727 1190 797 σιγᾷνς
1245 728 1451 780 Οὐκοῦν
1479 727 1633 794 ἔξιθι,

151 805 213 859 ἵνα
236 805 297 875 μὴ
343 806 428 859 καὶ
477 807 682 877 ἑτέροις
723 808 853 879 γένῃ
893 808 1086 879 βλάϐη.
1139 811 1246 861 Καὶ
1273 811 1382 880 γὰρ
1421 811 1549 879 μίαν
1579 812 1636 864 ὲν

147 889 358 959 ἐκκλησίᾳ
383 889 460 941 δεῖ
495 889 674 960 φωνήν
714 885 851 943 εἶναι
895 892 1001 953 ἀεὶ,
1038 891 1284 964 καθάπερ
1327 893 1443 956 ἐνὸς
1485 894 1638 956 ὄντος

149 971 364 1042 σώματος.
385 970 475 1023 Διὰ
501 971 654 1024 τοῦτο
685 973 778 1024 καὶ
803 975 830 1026 6
851 973 1236 1048 ἀναγινώσκων
1269 975 1427 1045 μόνος
1470 975 1638 1044 φθέγ-

146 1071 292 1119 γεται’
320 1055 406 1106 καὶ
432 1052 589 1116 αὐτὸς
629 1055 658 1106 6
701 1054 800 1125 τὴν
849 1055 1152 1125 ἐπισκοπὴν
1200 1056 1338 1126 ἔχων
1383 1058 1636 1128 ἀνέχεται

147 1140 239 1206 σιγῇ
263 1136 591 1206 καθήμενος⁶”
623 1139 716 1190 καὶ
761 1141 788 1192 6
818 1138 1030 1207 ψάλλων
1079 1140 1268 1208 ψάλλει
1311 1141 1495 1211 μόνος·
1532 1144 1635 1196 κᾶν

144 1222 296 1282 πάντες
318 1219 604 1289 ὑπηχῶσιν,
632 1220 707 1282 ώς
746 1221 802 1287 ἐξ
851 1222 968 1284 ἐνὸς
1004 1223 1268 1293 στόματος
1301 1227 1332 1286 ἡ
1363 1225 1512 1296 φωνὴ
1542 1226 1637 1292 φέ-

143 1318 281 1370 ρεταισ
309 1304 390 1355 καὶ
427 1306 453 1356 6
481 1303 683 1372 ὁμιλῶν
711 1304 889 1375 ὁμιλεῖ
918 1305 1095 1374 μόνος.
1139 1308 1302 1359 Ὅταν
1351 1307 1407 1359 δέ
1451 1307 1636 1360 πολλοὶ

143 1385 209 1436 καὶ
250 1385 395 1438 πολλὰ
439 1388 530 1438 καὶ
573 1386 801 1457 διάφορα
846 1387 1219 1454 διαλέγωνται,
1280 1387 1420 1451 τίνος
1451 1388 1636 1442 ἕνεκεν

141 1467 404 1539 ἐνοχλοῦμεν
456 1472 616 1539 ἡμεῖς
653 1471 813 1541 είκῆς
865 1470 998 1524 Ούδέ
1031 1470 1137 1540 γὰρ
1174 1473 1222 1524 εί
1262 1471 1335 1542 μὴ
1388 1472 1512 1541 είκῆ
1547 1475 1634 1524 ἐνο

139 1551 277 1619 οχλείν
299 1553 430 1621 ἡμᾶς
447 1553 686 1622 ἡγεῖσθε,
721 1554 849 1624 περὶ
894 1554 1224 1624 τηλικούτων
1253 1556 1636 1626 φθεγγομένων

140 1633 276 1700 ἡμῶν,
299 1636 415 1704 περὶ
446 1635 553 1689 τῶν
585 1636 738 1689 οὐδὲν
767 1637 832 1689 ἂν
875 1637 1260 1708 προσηκόντων
1290 1640 1447 1708 ὑμεῖς
1475 1639 1636 1692 διελέο

141 1716 278 1780 τεσθε.
314 1719 400 1772 Διά
443 1719 613 1773 ταῦτα
644 1722 743 1773 ούκ
772 1720 827 1772 ἐν
869 1718 947 1789 τῷ
981 1720 1080 1789 βίῳ
1129 1722 1287 1789 μόνον
1324 1721 1471 1790 ὑμῖν.
1499 1722 1636 1776 ἀλλά

141 1799 210 1850 καὶ
232 1800 280 1851 ἐν
299 1801 420 1871 αὐτῇ
450 1801 556 1855 τῶν
589 1803 922 1873 πραγμάτων
949 1804 1015 1872 τῇ
1041 1801 1206 1873 ψήφῳ
1248 1803 1416 1874 πολλὴ
1451 1806 1483 1874 ἡ
1515 1805 1633 1856 δια-

143 1884 330 1953 στροφή·
379 1884 470 1938 καὶ
513 1891 644 1958 περὶ
696 1888 763 1939 τὰ
811 1887 1040 1957 περιττὰ
1073 1889 1362 1958 κεχήνατε,
1414 1889 1507 1941 καὶ
1539 1888 1637 1958 τὴν

141 1965 340 2035 ἀλήθειαν
363 1969 606 2039 ἀφέντες,
669 1969 767 2034 τὰς
804 1971 960 2034 σκιάς
990 1970 1084 2024 καὶ
1124 1973 1191 2024 τά
1236 1971 1485 2041 ὀνείρατα
1511 1969 1637 2023 διώ-

141 2065 233 2102 κετε
240 2092 250 2104 .

192 2205 247 2256 Ἤ
272 2205 325 2256 06
352 2205 470 2259 σκιά
500 2205 599 2257 καὶ
626 2205 877 2275 ὀνείρατα
909 2203 976 2257 τά
1004 2205 1248 2274 παρόντα
1275 2205 1512 2269 ἅπαντα,
1551 2207 1639 2260 καὶ

142 2287 262 2348 σκιᾶς
281 2287 457 2356 χείρω;
493 2289 604 2341 Καὶ
637 2287 745 2358 γάρ
785 2289 913 2358 πρὶν
942 2288 974 2357 ἡ
1023 2287 1276 2357 φανῆναι,
1311 2288 1635 2356 ἀφίπταται,

141 2367 208 2420 καὶ
228 2371 338 2440 πρὶν
362 2371 690 2440 ἀποπτῆναι,
718 2371 884 2424 πολὺν
915 2371 1144 2442 παρέχει
1175 2373 1266 2424 τὸν
1295 2372 1522 2442 θόρυϐον
1545 2377 1638 2426 καὶ

142 2449 313 2503 πλείονα
341 2453 428 2523 τῆς
456 2454 668 2524 ἡδονῆς.
722 2453 839 2507 K611
867 2455 1042 2524 μυρία
1067 2471 1150 2518 τις
1179 2453 1416 2509 ἐνταῦθα
1458 2456 1640 2510 λαϐὼν

141 2533 358 2606 κατορύξῃ
373 2537 644 2606 χρήματα,
671 2537 770 2606 τῆς
797 2536 990 2600 νυκτός
1022 2529 1414 2609 παρελθούσης,
1437 2541 1638 2606 γυμνὸς

140 2614 310 2668 ἄπεισιν
335 2618 597 2678 ἐντεῦθεν,
621 2619 712 2672 καὶ
733 2618 875 2689 μάλα
899 2620 1137 2682 εἰκότως·
1172 2622 1290 2674 ἐπεὶ
1321 2621 1414 2674 καὶ
1438 2623 1486 2674 οἱ
1505 2621 1638 2690 ὄναρ

142 2692 453 2762 πλουτοῦντες,
483 2697 816 2762 ἀναστάντες
844 2697 949 2751 61:6
981 2699 1079 2769 τῆς
1107 2699 1288 2768 εὐνῆς,
1321 2699 1472 2753 ούδέν
1492 2701 1640 2771 ἔχου-

1057 361 1122 416 ΙΝ
1163 360 1376 419 EPIST.
1411 361 1432 418 1
1471 359 1560 416 AD
1594 360 1755 418 COH.
1795 361 2027 420 HOMIL.
2062 366 2327 423 XXXVII.

3199 354 3342 432 σιτί’

1743 495 1827 532 σιν
1851 473 1926 533 ὧν
1951 480 2093 550 ἔχειν
2119 483 2333 538 ἐδόκουν
2358 481 2728 544 καθεύδοντες·
2763 480 2905 535 οὕτω
2937 482 3028 534 καὶ
3049 483 3096 535 οί
3121 482 3304 533 πλεον-

1739 560 2044 625 εκτοῦντες·
2085 565 2284 633 μᾶλλον
2314 567 2368 618 δέ
2419 565 2518 635 οὐχ
2545 563 2738 626 οὕτως,
2789 562 2926 616 ἀλλὰ
2973 563 3066 617 καὶ
3119 562 3304 632 πολλῷ

1739 643 1936 711 χεῖρον.
1974 644 2031 698 '0
2072 646 2169 716 μέν
2195 646 2304 718 γάρ
2327 647 2459 720 ὖναρ
2489 645 2754 709 πλουτῶν,
2790 643 2915 698 οὔτε
2940 644 3009 697 τά
3040 645 3302 716 χρήματα

1738 722 1888 795 [545]
1921 724 2053 795 ἔχει,
2094 728 2238 799 άπερ
2291 729 2621 798 ἐφαντάζετο
2658 729 2825 798 ἐχειν,
2886 727 3010 780 οῦτε
3065 728 3190 780 ἄλλο
3236 744 3292 778 τι

1737 809 1944 861 κακὸνι
1974 811 2080 862 61:6
2108 813 2205 880 τῆς
2225 814 2528 881 φαντασίας
2555 812 2760 881 ταύτης
2791 810 2970 864 λαϐὼν
2992 811 3298 864 ἀνίσταταιο

1735 886 1884 952 οὗτος
1915 891 1971 944 δέ
2000 893 2108 944 τῶν
2135 896 2232 964 μὲν
2263 897 2560 967 χρημάτων
2581 895 2892 965 ἐστέρηται,
2913 893 3023 946 τῶν
3046 893 3103 945 δέ
3133 894 3303 962 ἁμαρ-

1733 975 1991 1042 τημάτων
2022 975 2129 1028 τῶν
2157 979 2221 1030 ἐκ
2264 978 2370 1031 τῶν
2397 980 2696 1048 χρημάτων
2726 976 3058 1046 ἐμπλησθεὶς
3091 975 3297 1036 ἄπεισι,

1736 1057 1830 1108 καὶ
1876 1055 1932 1106 ἐν
1975 1056 2053 1127 τῷ
2101 1059 2312 1130 πλούτῳ
2346 1061 2703 1128 φαντασθεὶς,
2729 1060 2797 1112 τά
2827 1062 2893 1112 ἐκ
2931 1059 3024 1111 τοῦ
3067 1059 3300 1111 πλούτου

1737 1137 1880 1190 κακά
1907 1137 2005 1209 οὐχ
2027 1141 2129 1211 ὁρᾷ
2153 1143 2209 1194 ἐν
2243 1144 2512 1212 φαντασίᾳ
2534 1144 2744 1208 λοιπὸν,
2795 1143 2909 1195 ἀλλ’
2939 1144 2996 1195 ἐν
3025 1141 3163 1210 αὐτῇ
3191 1141 3300 1193 τῶν

1737 1222 2072 1290 πραγμάτων
2105 1226 2170 1293 τῇ
2205 1224 2464 1296 ἀληθείᾳ’
2515 1226 2610 1278 καὶ
2659 1227 2692 1296 ἡ
2739 1225 2836 1295 μὲν
2870 1224 3029 1295 ἡδονὴ
3077 1225 3301 1292 γέγονεν

1735 1302 1792 1352 ἐν
1821 1302 2069 1372 ὀνείροις,
2106 1305 2138 1374 ἡ
2176 1304 2232 1357 δέ
2255 1307 2317 1358 ἐκ
2346 1307 2444 1376 τῆς
2475 1307 2665 1378 ἡδονῆς
2695 1307 2916 1369 κόλασις
2949 1307 3130 1359 οὐκέτι
3159 1305 3298 1373 ὄναρ

1738 1383 2041 1454 συμϐαίνει,
2076 1387 2191 1439 ἀλλ’
2226 1389 2284 1440 ἐν
2316 1390 2453 1459 αὐτῇ
2500 1392 2565 1460 τῇ
2606 1389 2790 1460 πείρᾳ,
2847 1389 3045 1458 μᾶλλον
3095 1388 3154 1441 δέ
3205 1387 3298 1441 καὶ

1738 1465 1842 1535 1:96
1869 1467 1968 1534 τῆς
2005 1468 2278 1533 κολάσεως
2304 1470 2512 1539 ἐκείνης
2543 1472 2637 1524 καὶ
2678 1469 2908 1524 ἐνταῦθα
2945 1471 3038 1541 τὴν
3065 1469 3300 1541 ἐσχάτην

1735 1548 1872 1602 τίνει
1915 1549 2088 1621 δίκην,
2121 1554 2178 1604 ἐν
2212 1552 2358 1623 αὐτῷ
2385 1552 2462 1623 τῷ
2495 1553 2773 1620 συλλέγειν
2812 1554 3011 1624 μυρίας
3039 1570 3300 1624 προστρι-

1737 1631 1959 1702 ϐόμενος
1990 1634 2243 1704 ἀθυμίας,
2284 1637 2584 1705 φροντίδας,
2627 1635 2983 1704 κατηγορίας,
3025 1635 3296 1695 διαϐολὰς,

1738 1711 2019 1782 θορύϐους,
2047 1719 2310 1788 ταραχάς.
2337 1718 2432 1771 ’Ὶν’
2453 1715 2544 1771 οῦν
2567 1719 2658 1771 καὶ
2683 1718 2788 1770 τῶν
2813 1717 3102 1787 ὀνειράτων
3133 1715 3300 1769 ἀπαλ-

1734 1795 1990 1866 λαγῶμεν
2037 1801 2129 1853 καὶ
2174 1801 2283 1854 τῶν
2314 1801 2498 1854 κακῶν
2526 1801 2634 1854 τῶν
2675 1800 2774 1854 οὐκ
2804 1802 2860 1852 ἐν
2893 1801 3144 1869 ὀνείροις,
3179 1799 3299 1852 ἀντὶ

1738 1877 2044 1942 πλεονεξίας
2105 1882 2475 1952 ἐλεημοσύνην
2541 1882 2812 1952 ἑλώμεθα,
2867 1883 2989 1934 ἀντὶ
3042 1882 3298 1953 ἁρπαγῆς

1739 1961 2166 2031 φιλανθρωπίαν.
2222 1964 2376 2019 Οὕτω
2414 1967 2521 2035 γάρ
2561 1967 2652 2019 καὶ
2710 1963 2818 2016 τῶν
2871 1963 3150 2034 παρόντων
3203 1965 3298 2016 καὶ

1737 2043 1845 2113 τῶν
1878 2045 2178 2112 μελλόντων
2231 2047 2626 2118 ἐπιτευξόμεθα
2681 2047 2920 2114 ἀγαθῶν,
2967 2047 3146 2117 χάριτι
3205 2048 3298 2100 καὶ

1739 2125 2115 2198 φιλανθρωπίᾳ
2130 2127 2224 2180 τοῦ
2259 2131 2465 2201 Κυρίου
2496 2129 2652 2201 ἡμῶν
2688 2129 2860 2199 Ἰησοῦ
2891 2128 3150 2200 Χριστοῦ,
3179 2127 3300 2196 μεθ’

1734 2201 1795 2261 οῦ
1818 2207 1896 2279 τῷ
1938 2210 2110 2280 Πατρὶ
2138 2210 2253 2280 ἄμα
2283 2212 2360 2282 τῷ
2393 2214 2533 2283 ἁγίῳ
2577 2211 2854 2281 Πνεύματι
2886 2210 3032 2276 δόξα,
3075 2211 3298 2280 κράτος,

1734 2290 1887 2359 τιμὴ,
1917 2291 2010 2344 νῦν
2037 2292 2130 2346 καὶ
2153 2293 2261 2355 ἀεὶ,
2298 2296 2392 2348 καὶ
2412 2297 2489 2359 είς
2519 2295 2644 2358 τοὺς
2686 2294 2888 2357 αἰῶνας
2921 2293 3027 2347 τῶν
3071 2294 3297 2349 αἰώνων.

1746 2372 1938 2444 ⁹Αμήν.

1808 2714 1834 2743 ⁸
1861 2713 2010 2777 Marg.
2037 2714 2208 2776 Savil.,
2227 2717 2391 2768 καλόν.

1545 3135 1782 3191 ΟΜῙΛῙᾹ
1837 3138 1958 3192 ΛΖ’.
2060 3140 2065 3145 ’

145 3289 195 3341 Al
231 3292 478 3362 γυναῖκες
515 3293 692 3363 ὑμῶν
731 3294 801 3347 ἐν
855 3295 982 3360 ταῖς
1004 3296 1354 3363 ἐκκλησίαις
1386 3295 1639 3364 σιγάτω-

194 3389 308 3428 σαν.
365 3379 442 3431 Οὐ
493 3379 612 3447 τὰρ
671 3377 1086 3447 ἐπιτέτραπται
1139 3379 1348 3444 αὐταῖς
1409 3379 1644 3443 λαλεῖν,

194 3457 306 3513 ἀλλ’
339 3461 810 3527 ὑποτάσσεσθαι,
863 3460 1060 3529 καθὼς
1105 3463 1202 3516 καί
1253 3465 1286 3516 ὁ
1330 3463 1514 3530 νόμος
1545 3462 1646 3516 λέ-

196 3557 281 3608 τοι.

195 3628 248 3675 α’.
265 3625 550 3697 Περικόψας
563 3627 661 3682 τὸν
678 3627 900 3699 θόρυϐον
915 3629 1004 3682 τὸν
1021 3628 1128 3682 61:6
1143 3628 1248 3682 τῶν
1262 3628 1536 3696 γλωττῶν,
1555 3629 1650 3681 καὶ

143 3705 211 3758 τόν
234 3708 322 3762 61:6
338 3709 440 3764 τῶν
463 3710 834 3782 προφητειῶν,
866 3711 958 3766 καὶ
989 3711 1376 3782 νομοθετήσας,
1401 3710 1539 3763 ὥστε
1575 3711 1649 3781 μὴ

147 3788 352 3860 σύγχυσιν
378 3794 644 3861 γίνεσθαι,
679 3794 806 3857 τούς
827 3811 887 3847 τε
913 3793 1186 3862 γλώσσαις
1218 3793 1513 3856 λαλοῦντας
1544 3792 1649 3845 ἀνά

149 3871 276 3942 μέρος
297 3876 438 3931 τοῦτο
460 3880 657 3940 ποιεῖν,
684 3877 810 3941 τούς
839 3894 898 3929 τε
935 3875 1372 3947 προφητεύοντας
1406 3873 1649 3945 ἀρξαμέ-

146 3969 214 4005 νου
232 3957 392 4026 ἐτέρου
414 3962 592 4030 σιγᾷν,
617 3959 803 4012 λοιπὸν
827 3960 920 4012 καὶ
945 3960 1036 4012 ἐπὶ
1056 3960 1152 4029 τὴν
1178 3959 1417 4030 ταραχὴν
1434 3958 1532 4028 τὴν
1544 3955 1652 4010 61:6

146 4034 228 4087 τῶν
251 4041 500 4105 γυναικῶν
528 4041 826 4112 γινομένην
856 4040 958 4111 ὁδῷ
1001 4041 1235 4110 πρόεισι,
1282 4041 1380 4111 τὴν
1423 4038 1652 4109 ἄκαιρον

146 4119 283 4174 αὐτῶν
319 4125 591 4179 ἐκκόπτων
637 4125 968 4196 παρρησίαν,
1001 4125 1095 4178 καὶ
1126 4123 1329 4194 σφόδρα
1357 4123 1647 4193 εὑκαίρωςὶ

148 4199 195 4253 El
219 4204 307 4275 γὰρ
329 4210 432 4270 τοῖς
455 4208 522 4261 τὰ
575 4207 889 4278 χαρίσματα
914 4206 1126 4276 ἔχουσιν
1158 4206 1344 4270 ἁπλῶς
1374 4206 1474 4258 οὐκ
1503 4205 1652 4273 ἐφίε-

146 4300 212 4337 ται
233 4287 406 4352 λαλεῖν,
445 4291 555 4344 οὐδ’
602 4293 694 4344 ότε
750 4289 1048 4359 βούλονται,
1081 4289 1175 4342 καὶ
1212 4288 1384 4342 ταῦτα
1413 4288 1517 4341 61:6
1559 4285 1652 4339 τοῦ

148 4367 410 4440 Πνεύματος
431 4382 793 4446 κινουμένοις,
825 4373 1003 4443 πολλῷ
1037 4373 1234 4444 μᾶλλον
1264 4371 1498 4435 ἐκείναις
1527 4369 1654 4440 είκῆ

147 4451 460 4525 φλυαρούσαις
492 4460 589 4513 καὶ
622 4459 820 4529 μάτην.
851 4459 947 4512 Διά
972 4459 1129 4513 τοῦτο
1159 4458 1251 4512 καὶ
1280 4458 1418 4530 μετά
1450 4456 1652 4526 πολλῆς

148 4536 220 4604 τῆς
244 4540 506 4605 αύθεντίας
532 4541 876 4611 ἐπιστομίζει
909 4541 1006 4612 τὴν
1035 4543 1301 4612 φλυαρίαν
1331 4541 1526 4605 αὐτῶν,
1563 4541 1656 4593 καὶ

149 4617 214 4669 τόν
239 4622 380 4694 νόμον
409 4624 526 4696 μεθ’
558 4625 755 4678 ἑαυτοῦ
804 4623 1003 4683 λαϐὼν.
1051 4625 1222 4688 οὓτως
1267 4624 1445 4678 αὐτῶν
1485 4625 1657 4693 ἀπορ-

150 4699 303 4763 ρἀτει
323 4707 387 4759 τά
415 4708 678 4776 στόματα.
697 4708 770 4760 O6
801 4713 907 4780 γάρ
931 4710 1184 4779 παραινεῖ
1216 4705 1372 4777 μόνον
1401 4705 1653 4766 ἐνταῦθα,

145 4785 238 4866 ρῦδέ
267 4791 629 4863 συμϐουλεύει,
659 4792 793 4848 ἀλλά
834 4793 926 4846 καὶ
955 4794 1229 4846 ἐπιτάττει
1256 4791 1520 4863 σφοδρῶς,
1556 4807 1659 4842 πα-

147 4869 262 4926 λαιὸν
281 4878 409 4949 ὑπὲρ
435 4881 642 4933 τούτων
682 4879 1066 4947 ἀναγινώσκων
1095 4878 1274 4947 νόμον.
1305 4875 1486 4928 Εἰπὼν
1528 4874 1658 4944 γάρ,

147 4951 207 5005 ὅτι
226 4960 282 5009 Al
320 4961 594 5027 γυναῖκες
633 4959 799 5030 ὑμῶν
825 4961 894 5014 ἐν
919 4959 1049 5026 ταῖς
1078 4959 1435 5026 ἐκκλησίαις
1489 4955 1660 5025 σιγά-

148 5051 326 5104 τωσαν,
355 5045 464 5105 καὶ,
527 5047 652 5098 οὐκ
705 5045 1119 5112 ἐπιτέτραπται
1176 5043 1382 5108 αὑταῖς
1429 5040 1660 5105 λαλεῖν,

148 5119 256 5173 ἀλλ’
280 5127 727 5190 ὑποτάττεσθαι,
751 5130 1018 5199 ἐπήγαγε,
1043 5127 1248 5191 Καθὼς
1280 5125 1380 5178 καί
1415 5127 1447 5176 ὁ
1479 5123 1663 5192 νόμος

149 5200 295 5270 λέγει.
321 5208 424 5261 Kal
455 5209 561 5263 ποῦ
589 5210 748 5262 τοῦτο
771 5212 799 5263 6
836 5211 998 5279 νόμος
1026 5208 1172 5276 λέγει
1195 5224 1209 5272 ;
1243 5207 1396 5274 Πρὸς
1429 5205 1535 5258 τὸν
1561 5203 1663 5257 ἅν-

150 5281 237 5345 δρα
259 5303 363 5343 σου
388 5292 425 5357 ἢ
467 5291 823 5360 ἀποστροφή
861 5306 1000 5355 σου,
1031 5290 1132 5344 καί
1171 5290 1351 5355 αὐτός
1397 5303 1512 5342 σου
1557 5305 1662 5341 κυ-

148 5367 352 5428 ριεύσει.
388 5368 540 5435 Εἶδες
599 5374 811 5427 Παύλου
861 5373 1072 5444 σοφίαν,
1126 5373 1321 5443 ἡλίκην
1373 5371 1663 5441 παρήγαγε

156 5454 432 5521 μαρτυρίαν,
457 5457 518 5508 06
549 5459 708 5527 σιγᾷν
732 5456 918 5521 αὑταῖς
958 5454 1280 5509 κελεύουσαν
1312 5453 1489 5524 μόνον,
1530 5451 1664 5505 ἀλλά

154 5532 224 5581 nl
254 5535 375 5600 μετά
421 5539 590 5606 φόϐου
640 5541 816 5611 σιγᾷν,
867 5539 961 5592 καὶ
1008 5537 1146 5608 μετά
1182 5537 1344 5605 φόϐου
1386 5533 1662 5596 τοσούτου,

159 5613 250 5676 μεθ’
272 5618 383 5674 ὅσου
405 5624 502 5692 τὴν
524 5622 720 5695 δούλην
753 5623 1043 5695 ἡσυχάζειν
1073 5621 1175 5694 χρὴ
1203 5638 1218 5685 ;
1248 5619 1338 5672 Διὸ
1365 5619 1457 5672 καὶ
1503 5617 1663 5681 αὐτὸς

350 5704 427 5756 ὅτι
459 5707 580 5760 Οὐκ
612 5705 1021 5776 ἐπιτέτραπται
1062 5703 1265 5771 αὑταῖς
1291 5701 1519 5767 λαλεῖν,
1558 5702 1656 5754 οὐκ

1745 3298 2038 3368 ἐπήγαγεν,
2078 3298 2237 3353 Ἀλλὰ
2298 3300 2476 3371 σιγᾷν,
2523 3299 2659 3354 ἀλλά
2687 3301 2746 3352 τὸ
2800 3300 2961 3361 πλέον
2998 3299 3147 3373 1544]
3190 3303 3311 3358 ἀντὶ

1744 3379 1838 3433 τοῦ
1869 3383 2026 3451 σιγᾷν
2055 3381 2286 3444 τέθεικε,
2324 3382 2386 3435 τδ
2413 3382 2831 3437 ὑποτάττεσθαι.
2883 3385 2947 3438 El
2976 3385 3032 3437 δὲ
3079 3385 3172 3438 ἐπὶ
3212 3387 3307 3439 ἀν-

1746 3463 1886 3534 δρῶν
1911 3462 2084 3528 τοῦτο,
2121 3463 2300 3535 πολλῷ
2330 3463 2530 3535 μᾶλλον
2571 3465 2663 3519 ἐπὶ
2700 3464 2809 3520 τῶν
2847 3466 3182 3520 διδασκάλων
3215 3472 3312 3521 καὶ

1663 3561 1666 3563 ‘
1749 3547 1998 3615 πατέρων
2015 3547 2106 3599 καλ¹
2128 3547 2223 3600 τοῦ
2251 3547 2432 3601 κοινοῦ
2455 3547 2555 3617 τῆς
2583 3547 2876 3617 ἐκκλησίας
2902 3547 3180 3615 συλλόγου.
3205 3551 3312 3602 Kal

1748 3629 1796 3680 εί
1826 3628 1961 3699 μηδέ
1991 3628 2336 3696 φθέγξονται,
2390 3631 2546 3699 φησὶ,
2595 3630 2731 3701 μηδέ
2768 3631 3124 3702 ἐρωτήσουσι,
3172 3631 3314 3696 τίνος

1748 3710 1931 3763 ἕνεκεν
1960 3710 2054 3762 καὶ
2076 3710 2435 3782 παρέσονται;
2461 3713 2578 3765 Ἵνα
2612 3711 2851 3766 ἀκούωσι
2894 3713 2992 3781 μὲν
3021 3711 3056 3766 ἀ
3094 3715 3220 3784 χρὴ.
3246 3714 3314 3767 τά

1749 3792 1806 3846 δέ
1835 3793 2282 3864 ἀμφιϐαλλόμενα
2316 3793 2468 3865 παρά
2492 3794 2600 3847 τῶν
2624 3793 2837 3865 ἀνδρῶν
2867 3795 3007 3848 οῐκοι
3045 3795 3312 3866 μανθανὲ-

1749 3891 1950 3928 τωσαν.
1987 3876 2076 3928 Διὸ
2103 3876 2198 3929 καὶ
2239 3876 2540 3946 ἐπήγαγεν·
2574 3880 2647 3930 El
2683 3875 2749 3930 δέ
2777 3893 2831 3929 τι
2874 3876 3085 3945 μαθεῖν
3108 3879 3314 3930 θέλου-

1752 3973 1874 4021 σιν,
1899 3959 1968 4012 ἐν
2014 3959 2155 4023 οἴκῳ
2190 3959 2340 4024 τοὺς.
2361 3958 2548 4026 ἰδίους
2581 3959 2804 4028 ἄνδρας
2832 3958 3312 4025 ἐπερωτάτωσαν.

1753 4041 1828 4094 Ού
1859 4041 1967 4114 γὰρ
1996 4041 2060 4113 δὴ
2115 4043 2271 4114 μόνον
2322 4042 2503 4095 λαλεῖν
2535 4043 2724 4104 αὐταῖς
2751 4042 2850 4094 οὐκ
2872 4042 3101 4111 ἐφίεται,
3130 4042 3314 4112 φησὶν.

1754 4123 1960 4186 ἁπλῶς,
1991 4125 2106 4178 ἀλλ’
2134 4124 2252 4178 ούδέ
2275 4125 2484 4195 ἐρωτᾷν
2518 4141 2571 4176 τι
2604 4125 2662 4177 ἐν
2694 4124 2978 4194 ἐκκλησίᾳ.
3008 4125 3070 4176 El
3097 4124 3154 4175 δὲ
3183 4126 3310 4194 ἐρω·

1752 4207 1854 4277 τᾷν
1882 4207 1944 4260 ού
1988 4207 2115 4279 χρὴ,
2154 4206 2334 4278 πολλῷ
2373 4206 2570 4274 μᾶλλον
2599 4206 2786 4268 ἁπλῶς
2811 4206 2995 4260 λαλεῖν
3036 4205 3097 4258 ού
3133 4205 3314 4276 θέμις.

1755 4291 1863 4343 Kal
1888 4289 1939 4342 τί
1964 4290 2161 4359 δήποτε
2193 4292 2250 4342 ἐν
2276 4289 2516 4360 τοσαύτῃ
2542 4287 2877 4356 κατέστησεν
2907 4287 3078 4351 αὑτάς
3116 4288 3318 4340 ὑποτα-

1755 4374 1859 4445 γῇ;
1884 4373 2005 4425 Ὅτι
2038 4371 2423 4442 ἀσθενέστερόν
2457 4371 2572 4434 πώς
2618 4373 2766 4424 ἐστιν
2797 4374 2830 4441 ἡ
2873 4370 3009 4440 γυνὴ
3047 4370 3141 4423 καὶ
3170 4369 3319 4439 εὑρί-

1757 4472 1946 4508 πιστον
1976 4455 2069 4507 καὶ
2105 4454 2325 4522 κοῦφον.
2360 4453 2459 4505 Διὰ
2484 4453 2546 4522 δὴ
2577 4453 2734 4505 τοῦτο
2765 4454 2890 4515 τοὺς
2913 4452 3107 4522 ἄνδρας
3131 4451 3320 4511 αὐταῖς

1759 4537 2023 4607 ἐπέστησε
2052 4535 2422 4598 διδασκάλους,
2451 4535 2790 4604 ἀμφοτέρους
2818 4531 3322 4603 ιτ›φελῶν.Ἐκείνας

1758 4640 1819 4676 τε
1847 4623 1952 4692 γὰρ
1986 4621 2218 4692 κοσμίας
2244 4618 2634 4682 κατεσκεύασε,
2664 4619 2885 4681 τούτους
2913 4634 2974 4669 τε
3000 4613 3322 4682 ἐναγωνίους

1762 4707 2034 4776 ἐποίησεν,
2068 4705 2162 4758 άτε
2205 4704 2496 4773 μέλλοντας
2528 4702 2662 4774 μετά
2685 4701 2884 4770 πολλῆς
2913 4699 3014 4769 τῆς
3040 4696 3320 4768 ἀκριϐείας

1763 4791 1903 4860 ἅπερ
1917 4787 2162 4859 ἥκουσαν
2189 4791 2308 4850 ταῖς
2338 4786 2549 4855 γυναιξὶ
2581 4782 3141 4856 παρακατατίθεσθαι.
3189 4776 3324 4834 Εἶτα

1762 4872 1948 4942 ἐπειδὴ
2009 4869 2446 4932 καλλωπίζεσθαι
2501 4868 2750 4921 ἐντεῦθεν
2795 4864 3044 4934 ἐνόμιζον
3109 4865 3174 4918 ἐκ
3231 4863 3325 4916 τοῦ

1764 4955 2094 5025 φθέγγεσθαι
2118 4953 2375 5024 δημοσία,
2405 4953 2565 5006 πάλιν
2603 4953 2683 5014 είς
2711 4949 2771 5003 :6
2800 4949 3043 5002 ἐναντίον
3070 4948 3325 5019 περιάγει

1762 5038 1854 5090 τὸν
1893 5036 2069 5105 λόγον,
2122 5036 2315 5103 λέγων·
2370 5035 2636 5103 Αίσχρόν
2668 5031 2779 5101 γάρ
2811 5032 2942 5084 ἐστι
2993 5030 3228 5100 γυναικὶ
3259 5032 3327 5083 ἐν

1760 5119 2058 5187 ἐκκλησίᾳ
2087 5118 2321 5173 λαλεῖν.
2365 5118 2586 5188 Πρῶτον
2617 5115 2718 5186 μὲν
2741 5115 2849 5186 γὰρ
2879 5114 2984 5167 ἀπὸ
3023 5112 3116 5167 τοῦ
3161 5113 3326 5183 νόμου

1761 5202 1920 5256 τοῦτο
1952 5201 2320 5255 κατεσκεύασε
2350 5199 2444 5252 τοῦ
2470 5197 2628 5263 Θεοῦ,
2670 5197 2860 5251 ἔπειτα
2886 5196 2995 5250 61:6
3017 5195 3199 5249 κοινοῦ
3237 5197 3326 5248 λο-

1763 5283 1961 5356 γισμοῦ
2007 5284 2101 5337 καὶ
2154 5288 2252 5353 τῆς
2301 5281 2607 5353 συνηθείας,
2650 5279 2836 5352 ῶσπερ
2869 5282 2982 5342 καὶ,
3011 5281 3171 5350 ἡνίκα
3199 5280 3329 5350 περὶ

1770 5369 1944 5439 κόμης
1989 5367 2178 5428 αὐταῖς
2223 5364 2510 5433 διελέγετο,
2557 5363 2759 5433 ἐλεγεν⁶
2794 5366 2870 5418 Ἣ
2910 5361 3051 5416 οὐδὲ
3089 5361 3240 5429 αὐτὴ
3286 5363 3324 5430 ἡ

1767 5443 1951 5522 φύσις
1983 5449 2134 5519 ὑμᾶς
2159 5448 2464 5512 διδάσκει;
2514 5448 2622 5502 Kal
2653 5445 2928 5517 πανταχοῦ
2967 5446 3202 5499 τοιοῦτον
3235 5444 3324 5496 εῦ-

1772 5551 1883 5605 ροις
1911 5533 1977 5586 ἂν
2011 5531 2176 5585 αὑτοῦ
2202 5531 2292 5584 τὸν
2337 5532 2532 5602 τρόπον
2578 5529 2727 5594 ὅντα,
2756 5529 2856 5582 οὐκ
2895 5529 3003 5582 ἀπὸ
3033 5527 3138 5579 τῶν
3169 5525 3324 5578 θείων

1768 5615 1996 5686 Γραφῶν
2044 5614 2226 5685 μόνον.
2273 5613 2408 5668 ἀλλὰ
2442 5615 2535 5666 καὶ
2567 5611 2674 5666 61:6
2701 5611 2799 5680 τῆς
2826 5611 3008 5680 κοινῆς
3034 5607 3322 5676 συνηθείας

1771 5697 2111 5767 ἐντρέποντα.
2158 5695 2297 5765 [196;
2337 5695 2543 5759 τούτοις
2569 5696 2624 5749 δέ
2658 5695 2752 5750 καὶ
2798 5693 2904 5747 ἀπὸ
2931 5691 3038 5747 τῶν
3073 5693 3206 5745 πᾶσι
3233 5690 3327 5741 δον-
