3802 6368
445 351 558 415 ττι

442 464 691 521 κούντων
721 465 817 521 καὶ
847 468 1126 540 πανταχοῦ
1155 471 1524 525 τυιπωθέντων
1552 471 1827 542 ἐντρέπει,
1860 469 1888 522 δ
1925 468 2022 521 καὶ

441 556 680 612 ἐνταῦθα
703 557 950 612 τέθεικεν
979 558 1152 615 είπών
1172 577 1187 592 ·
1216 565 1291 616 Ἦ
1322 562 1426 632 ἀφ’
1457 560 1622 631 ὑμῶν
1649 564 1685 615 ό
1701 561 1887 630 λόγος
1914 557 2020 611 τοῦ

443 646 592 700 Θεοῦ
645 645 927 715 ἐξῆλθεν,
965 647 1006 717 ἦ
1039 650 1131 714 εἰς
1179 648 1334 719 ὑμᾶς
1379 653 1609 720 μόνους
1637 648 2020 716 etanta-1170’s;

440 736 552 788 Καὶ
563 735 673 805 γὰρ
691 735 788 799 τὰς
811 735 1003 798 λοιπὰ-ς
1030 736 1359 808 Ἑκκλησίας
1384 739 1677 810 παρήγαγε
1709 752 1896 790 τουτον
1923 751 2019 804 τη-

443 823 644 892 ρούσας
675 825 768 878 τὸν
791 825 976 894 νόμον,
1011 827 1106 880 καὶ
1137 826 1246 880 άπδ
1281 828 1385 899 τῆς
1429 826 1780 896 καινοτομίας
1809 826 1899 878 τὸν
1931 825 2018 879 θό-

441 911 604 980 ρυϐον
636 912 1093 983 ὑποτεμνόμενος,
1135 915 1231 968 καὶ
1259 918 1322 986 τῇ
1353 914 1462 968 τῶν
1495 913 1706 969 πολλῶν
1725 914 1900 984 ψήφῳ
1924 913 2018 967 τὸν

437 997 596 1065 λόγον
623 998 792 1051 ποιῶν
821 1000 1248 1071 εὐπαράδεκτον.
1274 1002 1365 1056 Διδ
1404 1004 1496 1056 καὶ
1535 1000 1769 1072 ἀλλαχοῦ
1793 1001 1978 1068 ἔλεγεν
1997 1015 2015 1030 °

352 1123 366 1133 ρ
442 1088 540 1153 Ὃς
574 1085 730 1156 ὑμᾶς
759 1088 1097 1158 ἀναμνήσει
1129 1091 1231 1157 τὰς
1273 1091 1453 1157 ὁδούς
1480 1109 1601 1162 μου
1631 1096 1739 1156 τὰς
1775 1090 1846 1143 ἐν
1877 1092 2013 1157 Χρι-

436 1173 581 1239 στῷ,
623 1176 818 1242 καθὼς
870 1179 1182 1248 πανταχοῦ
1225 1180 1297 1232 ἐν
1334 1179 1560 1244 πάσαις
1592 1178 1721 1245 ταῖς
1760 1179 2012 1245 Ἐκκλησ-

436 1263 600 1327 σίαις
632 1265 918 1321 διδάσκω·
948 1268 1043 1322 καὶ
1091 1268 1270 1330 πάλιν,
1307 1271 1390 1323 Οὺ
1442 1268 1552 1339 γάρ
1595 1268 1765 1322 ἐστιν
1794 1268 2014 1321 dicata»-

436 1355 698 1418 στασίας
729 1357 763 1408 ό
796 1355 960 1421 Θεὸς,
995 1356 1133 1410 ἀλλ’
1162 1356 1426 1424 εἰρήνης,
1453 1356 1640 1422 καθὼς
1681 1355 1779 1409 καί
1809 1353 1879 1408 ἐν
1910 1353 2012 1408 πά-

438 1455 580 1504 σαις
611 1441 742 1506 ταῖς
782 1442 1171 1512 Ἐκκλησίαις
1217 1443 1338 1498 τῶν
1369 1445 1574 1512 ἁγίων⁹
1616 1443 1711 1497 καὶ
1750 1441 2006 1506 ἐνταῦθα,

436 1520 509 1580 Ἦ
546 1528 646 1597 ἄρ’
675 1529 842 1598 ὑμῶν
886 1534 918 1584 ὀ
949 1533 1132 1601 λόγος
1185 1533 1291 1588 τοῦ
1347 1531 1495 1586 Θεοῦ
1540 1530 1821 1600 ἐξῆλθεν,
1852 1531 1889 1598 ἣ
1923 1533 2012 1597 είς

435 1616 593 1685 ὑμᾶς
623 1620 854 1684 μόνους
884 1619 1224 1688 κατήντησε
1243 1636 1268 1683 ;
1309 1621 1620 1685 Τουτέστιν,
1645 1618 1780 1673 Οὔτε
1805 1619 2010 1689 πρῶτοι

435 1703 560 1757 οὔτε
593 1704 740 1772 μόνοι
772 1706 932 1774 ὑμεῖς
972 1708 1174 1774 πιστοὶ,
1221 1707 1395 1778 ἀλλ’ἢ
1437 1708 1728 1779 οἰκουμένη
1756 1708 1938 1761 πᾶσαο
1981 1707 2010 1761 ὃ

436 1792 697 1863 καὶπρὸς
733 1794 1066 1860 Κολοσσαεῖς
1123 1797 1350 1867 γράφων
1407 1796 1582 1864 ἔλεγε,
1632 1795 1839 1860 Καθὼς
1876 1796 2008 1849 ἐστι

434 1882 1010 1950 καρποφορούμενον
1046 1884 1143 1936 καὶ
1172 1882 1590 1951 αὐξανόμενον
1614 1883 1685 1936 ἐν
1723 1882 1898 1936 παντί
1927 1879 2009 1946 τῷ

433 1967 658 2034 κόσμῳ,
691 1970 817 2040 περὶ
866 1971 961 2023 τοῦ
1009 1971 1340 2038 Εὑαγγελίου
1371 1970 1563 2036 λέγων.
1607 1972 1760 2025 Ποιεῖ
1790 1971 1846 2024 δὲ
1875 1970 2008 2024 αὐτὸ

432 2054 528 2107 καὶ
551 2056 754 2126 ἑτέρως
790 2059 869 2121 είς
912 2059 1228 2131 προτροπὴν
1258 2058 1367 2111 τῶν
1407 2059 1734 2121 ἀκουόντων,
1766 2057 1841 2122 ὡς
1879 2058 2010 2111 ὅταν

432 2135 566 2208 λέγῃ
591 2139 658 2190 τά
687 2139 869 2193 αὐτῶν
901 2141 1094 2214 πρῶτα
1135 2138 1295 2202 εἶναι,
1327 2141 1420 2195 καὶ
1460 2143 1625 2196 πᾶσιν
1648 2137 1788 2196 εἶναι
1834 2139 2007 2195 κατά-

431 2217 588 2288 δηλα.
631 2221 1089 2278 Θεσσαλονικεῦσι
1121 2227 1230 2297 γάρ
1279 2224 1609 2278 ἐπιστέλλων
1637 2225 1843 2294 ἔλεγεν⁹
1889 2223 2007 2293 Ἀφ’

430 2301 600 2371 ὑμῶν
649 2305 759 2374 γὰρ
787 2308 1078 2377 ἐξήχηται
1114 2313 1147 2362 ό
1185 2312 1369 2379 λόγος
1399 2311 1507 2364 τοῦ
1557 2310 1728 2372 Θεοῦ,
1781 2311 1882 2364 καί
1937 2310 2008 2362 ἐν

431 2392 613 2449 παντί
646 2395 807 2463 τόπῳ
837 2399 869 2464 ἡ
905 2399 1109 2464 πίστις
1149 2399 1317 2467 ὑμῶν
1353 2401 1390 2468 ἡ
1424 2399 1573 2469 πρὸς
1603 2400 1709 2454 τὸν
1741 2399 1888 2453 Θεὸν
1909 2399 2006 2463 ἐξ·

429 2483 729 2547 τλήλυθε’
786 2487 882 2538 καὶ
921 2487 1214 2558 Ῥωμαίοις
1257 2488 1314 2542 δὲ
1361 2489 1544 2554 πάλιν,
1576 2489 1658 2542 ὅτι
1692 2489 1764 2542 Ἦ
1803 2489 2000 2554 πίστις

428 2570 599 2640 ὑμῶν
656 2574 1121 2643 καταγγέλλεται
1147 2577 1219 2629 ἐν
1271 2577 1394 2643 ὅλῳ
1435 2575 1515 2641 τῷ
1545 2578 1769 2646 κόσμῳ.
1800 2577 2002 2648 Ἀμφό-

426 2677 561 2732 τερα
591 2662 700 2732 γάρ
726 2664 887 2717 ίκανὰ
913 2664 1218 2735 προτρέψαι
1247 2666 1342 2718 καὶ
1356 2665 1640 2736 διεγεῖραι,
1671 2664 1767 2717 καὶ
1791 2665 1851 2717 τδ
1873 2666 2004 2734 παρ’

427 2747 632 2816 ἐτέρων
661 2751 1027 2813 ἐπαινεῖσθαι,
1059 2753 1154 2806 καὶ
1184 2751 1244 2804 τὸ
1283 2751 1502 2823 ἐτέρους
1533 2751 1676 2821 ἔχειν
1714 2753 2003 2815 κοινωνοὺς

425 2833 530 2902 τῆς
553 2834 797 2905 γνώμης.
822 2836 912 2890 Διδ
936 2839 1030 2890 καὶ
1061 2837 1298 2892 ἐνταῦθά
1319 2854 1503 2908 φησιν’
1540 2832 1614 2890 Ἦ
1649 2838 1746 2906 ἀφ’
1777 2836 1944 2906 ὑμῶν
1969 2841 2002 2892 ὁ

426 2921 609 2991 λόγος
638 2923 743 2977 τοῦ
771 2923 918 2978 Θεοῦ
947 2924 1228 2992 ἐξῆλθεν,
1257 2926 1296 2992 ἢ
1336 2927 1424 2991 εἰς
1445 2923 1601 2993 ὑμᾶς
1618 2925 1847 2993 μόνους
1874 2941 2004 2977 κατ·

427 3008 729 3074 ύντησεν;
765 3009 915 3083 [545]
963 3011 1102 3066 Οὐτε
1137 3012 1245 3083 γὰρ
1285 3011 1446 3066 τοῦτο
1479 3012 1547 3066 ἂν
1581 3011 1755 3082 ἔχοιτε
1802 3011 1999 3076 εἰπεῖν,

429 3097 618 3168 φησιν,
652 3100 733 3152 ὅτι
766 3097 954 3170 Ἡμεῖς
981 3100 1090 3152 τῶν
1128 3099 1305 3153 ἄλλων
1342 3098 1651 3153 διδάσκαλοι
1679 3097 1999 3168 ἐγενόμεθα,

427 3185 526 3238 καὶ
556 3188 656 3240 οὐκ
702 3186 768 3240 ἂν
811 3188 1006 3258 εἴημεν
1032 3187 1229 3242 δίκαιοι
1261 3189 1391 3259 παρ’
1425 3187 1628 3258 ἐτέρων
1668 3184 1960 3256 μανθάνειν
1985 3203 1998 3216 ·

427 3273 668 3336 οὐτε,ὃτι
695 3275 959 3328 Ἐνταῦθα
983 3275 1112 3344 ἔστη
1135 3275 1204 3328 τά
1223 3275 1323 3343 τῆς
1346 3274 1580 3337 πίστεως
1613 3275 1794 3344 μόνον,
1823 3274 1918 3327 καὶ
1940 3273 2001 3327 οὐ

427 3363 534 3434 χρὴ
566 3364 632 3416 τὰ
661 3366 790 3434 παρ’
830 3364 1032 3435 ἐτέρων
1080 3362 1504 3434 παραδείγματα
1533 3362 1803 3432 δέχεσθαι.
1839 3361 2003 3432 Ὁρᾷς

429 3449 519 3502 διὰ
545 3451 722 3503 πόσων
743 3450 996 3520 ἐνέτρεψε
1017 3468 1030 3512 ;
1054 3451 1144 3504 τὸν
1171 3451 1331 3520 νόμον
1361 3451 1672 3521 παρήγαγε,
1695 3449 1755 3502 τὸ
1780 3447 2002 3520 αἰσχρὸν

427 3537 523 3590 τοῦ
569 3540 896 3609 πράγματος
940 3540 1129 3607 ἔδειξε,
1167 3541 1267 3605 τὰς
1307 3539 1500 3603 λοιπάς
1540 3537 1869 3608 Ἐκκλησίας
1921 3539 2004 3603 εἰς

431 3625 598 3694 μέσον
625 3625 888 3681 τέθεικεν.

499 3827 565 3899 β’.
609 3824 742 3882 Εἶτα
769 3830 831 3882 τὺ
873 3831 1092 3885 πάντων
1138 3831 1480 3904 ἰσχυρότερον
1530 3831 1756 3904 ὕστερον
1798 3833 2000 3905 τίθησι,

425 3914 621 3986 λέγων,
649 3918 730 3970 ὅτι
758 3918 816 3970 '0
837 3918 970 3982 Θεὸς
999 3918 1172 3972 ταῦτα
1203 3919 1297 3973 καὶ
1321 3918 1413 3973 νῦν
1445 3921 1721 3975 ἐπιτάττει
1749 3921 1815 3975 δι’
1841 3921 1998 3992 ἐμοῦ.

427 4006 496 4058 El
540 4004 650 4075 γάρ
679 4022 770 4071 τις
806 4005 976 4060 δοκεῖ
1002 4008 1314 4076 προφήτης
1340 4003 1494 4062 εἶναι
1515 4009 1553 4078 ἢ
1577 4009 2001 4078 πνευματικὸς,

424 4091 768 4160 γινωσκέτω
798 4093 981 4146 ταῦτα
1011 4093 1050 4147 ἃ
1071 4094 1271 4164 γράφω
1294 4095 1454 4166 ὑμῖν,
1479 4095 1568 4150 ὅτι
1591 4098 1813 4165 Κυρίου
1840 4096 2001 4151 είσὶν

423 4182 488 4233 αἱ
516 4179 777 4236 ὲντολαί.
813 4183 878 4234 ΕΙ
915 4180 986 4234 δέ
1016 4199 1104 4249 τις
1135 4182 1356 4252 ἀγνοεῖ,
1391 4183 1694 4252 ἀγνοείτω.
1722 4185 1832 4240 Καὶ
1853 4185 2000 4250 τίνος

425 4267 612 4322 ἱνεκεν
662 4266 822 4321 τοῦτο
888 4268 1174 4339 ἐπήγαγε;
1229 4271 1456 4334 Δεικνὺς
1495 4271 1581 4324 ὃτι
1625 4272 1687 4325 οὐ
1729 4270 2005 4342 βιάζεται,

423 4356 544 4410 οὐδέ
573 4357 891 4426 φιλονεικεῖ,
925 4359 1063 4429 ὅπερ
1087 4360 1311 4430 σημεῖόν
1333 4362 1447 4415 ἐστι
1476 4361 1585 4415 τῶν
1607 4362 1666 4415 οὐ
1689 4361 1756 4416 τὰ
1788 4362 1998 4417 ἑαυτῶν

427 4445 769 4517 βουλομένων
817 4448 993 4516 ίστᾲν,
1026 4446 1162 4501 ἀλλὰ
1206 4447 1266 4501 τὸ
1310 4449 1518 4521 ἑτέροις
1561 4452 1838 4522 συμφέρον
1869 4467 2003 4505 σκο-

422 4535 692 4588 πούντων.
726 4535 816 4588 Διὸ
845 4533 942 4588 καὶ
965 4534 1203 4606 ἀλλαχοῦ
1251 4552 1417 4605 φησιν
1441 4552 1453 4565 ι
1505 4537 1574 4591 El
1609 4537 1677 4591 δέ
1710 4556 1798 4604 τις
1823 4538 1999 4608 φιλό-

421 4625 623 4691 νεικός
683 4624 878 4687 ἐστιν,
942 4623 1113 4693 ἡμεῖς
1168 4625 1454 4692 τοιαύτην
1501 4626 1839 4695 συνήθειαν
1886 4628 2006 4682 οὐκ

422 4712 662 4780 ἔχομεν.
698 4711 838 4764 Ἀλλ’
885 4711 946 4765 οὐ
997 4711 1281 4781 πανταχοῦ
1313 4711 1472 4765 τοῦτο
1515 4715 1680 4777 ποιεῖ,
1727 4713 1842 4768 ἀλλ’
1872 4715 2009 4770 ἔνθα

425 4802 491 4855 ἂν
518 4802 591 4873 μὴ
623 4803 824 4873 σφόδρα
863 4802 1075 4873 μεγάλα
1124 4803 1194 4856 τὰ
1222 4803 1644 4874 ἁμαρτανόμενα
1675 4799 1732 4878 ᾖ,
1757 4807 1850 4858 καὶ
1879 4807 2002 4862 τότε

424 4891 701 4959 ἐντρέπων
726 4891 947 4960 μᾶλλονο
974 4890 1098 4944 ἐπεῖ
1126 4891 1258 4944 ὅταν
1285 4889 1415 4960 περὶ
1437 4890 1641 4960 ἐτέρων
1660 4891 2002 4962 διαλέγηται,

423 4977 486 5030 οὐ
535 4977 685 5045 λέγει
735 4977 936 5044 οὕτως,
966 4977 1104 5032 ἀλλά
1151 4977 1306 5042 πῶςς
1347 4975 1443 5044 Μὴ
1493 4975 1827 5032 πλανᾶσθε·
1863 4981 2001 5035 οὔτε

425 5065 656 5132 πόρνοι,
683 5066 826 5120 οὒτε
854 5067 1114 5135 μαλακοί
1145 5065 1481 5131 ,βασιλείαν
1522 5066 1670 5120 Θεοῦ
1708 5071 2001 5135 κληρονο-

420 5151 716 5223 μήσουσι·
741 5154 834 5206 καὶ
872 5154 1055 5217 πάλιν,
1093 5153 1217 5209 Ἴδε
1237 5154 1353 5223 ἐγὼ
1384 5154 1625 5218 Παῦλος
1648 5153 1804 5224 λέγω
1830 5156 2000 5224 ὑμῖν,

425 5239 516 5292 ὅτι
555 5238 670 5292 ἐὰν
688 5242 1140 5310 περιτέμνησθε,
1181 5243 1438 5308 Χριστὸς
1462 5242 1620 5312 ὑμᾶς
1636 5243 1825 5297 ὀὐδὲν
1849 5245 2005 5314 ὠφε-

424 5327 628 5394 λήσει.
662 5326 926 5380 Ἐνταῦθα
971 5328 1050 5393 δέ,
1100 5329 1287 5399 ἐπειδὴ
1333 5330 1462 5399 περὶ
1499 5330 1659 5402 σιγῆς
1695 5326 1764 5402 ἦν
1795 5333 1940 5404 αὐτῷ
1969 5336 1999 5388 ὁ

425 5413 603 5480 λόγος,
638 5415 698 5468 οὐ
745 5414 951 5484 σφόδρα
1007 5414 1239 5478 εὐτόνως
1285 5415 1607 5480 ἐπιτίθεται,
1643 5417 1792 5489 αὐτῷ
1823 5419 1998 5490 τούτῳ

430 5502 631 5573 μᾶλλον
662 5501 859 5563 αὐτοὺς
904 5500 1306 5572 ἐπισπώμενος.
1353 5498 1488 5556 Εἶτα.
1532 5505 1668 5576 ὅπερ
1700 5507 1786 5559 ἀεὶ
1821 5511 2006 5562 ποιεῖν

425 5589 637 5655 είωθεν,
659 5590 751 5644 ἐπὶ
777 5588 873 5660 τὴν
896 5588 1169 5660 προτέραν
1190 5588 1466 5665 ὑπόθεσιν,
1489 5591 1610 5645 ὅθεν
1626 5594 1796 5649 ταῦτα
1819 5599 2004 5653 εἰπεῖν

424 5678 608 5751 ἐξέϐη,
665 5678 861 5746 ἐπάγει
915 5676 1008 5731 τὸν
1050 5675 1205 5745 λόγον
1264 5675 1454 5745 λέγων·
1489 5679 1692 5746 Ὥστε,
1739 5683 1997 5755 ἀδελφοί

422 5784 563 5837 μου,
622 5765 869 5836 ζηλοῦτε
901 5765 979 5839 ¹τὸ
1044 5766 1461 5835 προφητεύειν,
1521 5771 1619 5821 καὶ
1667 5770 1736 5826 τὸ
1779 5774 1994 5829 λαλεῖν

1161 356 1219 413 ε.
1258 356 1546 414 ῘΟΑΝΜΞ
1582 350 2075 413 οιιιιῑεοετοιη
2111 353 2438 417 Α-ΒΟΗΙΕΡ.
2473 356 3021 416 εοΝετΑΝΊ-ιινορ.

3585 356 3685 415 διε

2127 470 2434 540 γλώσσαις
2451 474 2538 543 μὴ
2568 475 2848 529 κωλύετε.
2893 474 3006 529 Καὶ
3031 471 3140 546 γάρ
3165 471 3300 537 -ἔθος-
3324 470 3480 540 αὐτῷ
3514 469 3679 530 τοῦτο.

2128 557 2203 629 μὴ
2242 559 2305 612 τὸ
2336 561 2698 632 προκείμενον
2732 561 3068 631 ἐργάζεσθαι
3109 560 3291 632 μόνον,
3334 560 3474 614 ἀλλά
3518 560 3608 612 καὶ
3629 560 3682 625 ἐξ

2125 648 2337 702 ἐκείνου
2367 652 2428 704 τὸ
2457 649 2646 704 δοκοῦν
2695 651 2842 723 αὐτῷ
2877 651 3137 720 συγγενὲς
3181 651 3535 722 ὁπωσδήποτε
3555 645 3681 704 εἶναι

2123 735 2390 800 διορθοῦν,
2422 739 2518 792 καὶ
2544 739 2708 792 πάλιν
2730 740 2823 792 ἐπὶ
2849 739 2911 792 τὸ
2933 740 3198 810 πρότερον
3232 736 3540 800 ἐπανιέναι,
3554 737 3680 791 ὥστε

2126 823 2201 894 μὴ
2229 824 2407 879 δοκεῖν
2455 826 2552 897 τῆς
2593 825 2904 890 ὑποθέσεως
2951 827 3260 880 ἐκπίπτειν.
3312 827 3422 879 Καὶ
3468 825 3574 896 γάρ
3602 827 3680 878 ὅτε

2122 911 2252 980 περὶ
2285 912 2382 983 τῆς
2435 914 2494 966 ἐν
2528 915 2649 977 ταῖς
2683 912 2987 984 τραπέζαις
3037 912 3308 980 διελέγετο
3349 913 3678 983 συμφωνίας,

2120 997 2214 1051 ἐπὶ
2265 997 2365 1070 τὴν
2401 1000 2688 1054 κοινωνίαν
2727 999 2826 1072 τὴν
2876 1002 2934 1052 ἐν
2983 1002 3097 1062 τοῖς
3148 1001 3470 1070 μυστηρίοις
3501 999 3681 1062 ἐκὸἀς,

2119 1088 2376 1141 κάκεῖθεν
2411 1089 2698 1160 ἐντρέψας,
2739 1091 2819 1153 είς
2847 1089 2916 1143 τὰ
2953 1089 3194 1159 πρότερα
3228 1088 3478 1142 ἐπάνεισι
3507 1087 3680 1150 πάλιν,

2117 1174 2324 1244 λέγων·
2353 1175 2531 1230 Ὥστε
2563 1178 2998 1246 συνερχόμενοι
3030 1178 3116 1242 είς
3140 1177 3206 1230 τὸ
3239 1175 3474 1246 φαγεῖν,
3506 1175 3683 1244 ἀλλή-

2116 1266 2268 1330 λους
2296 1263 2640 1334 ἐκδέχεσθε.
2701 1264 2812 1317 Καὶ
2863 1264 3098 1318 ἐνταῦθα
3141 1265 3321 1317 τοίνυν
3353 1263 3486 1334 περὶ
3511 1264 3603 1332 τῆς
3626 1262 3684 1315 ἐν

2115 1355 2230 1416 τοῖς
2257 1353 2588 1475 χαρίσμασιν
2616 1352 2868 1418 εὐταξίας
2889 1351 3207 1422 διαλεχθεὶς,
3229 1353 3326 1405 καὶ
3351 1351 3446 1404 τοῦ
3480 1350 3553 1422 μὴ
3579 1351 3684 1404 δεῖν

2121 1424 2258 1475 μήτε
2295 1425 2329 1475 ἀ
2366 1422 2479 1475 ύειν
2509 1427 2566 1475 ἐν
2595 1426 2710 1475 τοῖς
2759 1423 3028 1475 ἐλάττοσι.
3083 1423 3219 1475 μήτε
3268 1422 3546 1475 φυσᾶσθαι
3593 1422 3682 1473 ἐπὶ

2119 1422 2264 1494 μήτε
2295 1422 2479 1476 ἀλύειν
2509 1427 2566 1476 ἐν
2595 1426 2710 1488 τοῖς
2759 1423 3028 1485 ἐλάττοσι,
3082 1423 3219 1493 μήτε
3268 1422 3546 1491 φυσᾶσθαι
3593 1422 3682 1473 ἐπὶ

2113 1512 2228 1574 τοῖς
2259 1510 2520 1580 μείζοσιν,
2549 1506 2670 1565 εἶτα
2695 1511 2788 1565 ἐπὶ
2813 1510 2913 1582 τὴν
2942 1509 3160 1578 γυναιξὶ
3198 1509 3517 1580 πρέπουσαν
3539 1507 3680 1575 ἐξελ-

2115 1596 2223 1650 θὼν
2251 1597 2550 1667 εὐκοσμίαν
2593 1596 2864 1660 ἐντεῦθεν,
2906 1599 3000 1650 καὶ
3049 1596 3464 1660 κατασκευάσας
3494 1595 3675 1666 αὐτὴν,

2115 1683 2208 1736 ἐπὶ
2252 1685 2314 1737 τὸ
2347 1683 2709 1756 προκείμενον
2745 1685 3014 1748 ἐπάνεισι,
3045 1683 3221 1753 λέγων
3263 1685 3447 1738 πάλιν·
3481 1684 3677 1754 Ὦοζτε,

2112 1771 2369 1840 ἀδελφοί
2417 1790 2553 1839 μου,
2595 1771 2841 1840 ζηλοῦτε
2883 1773 2951 1826 τὸ
2995 1773 3416 1842 προφητεύειν,
3468 1773 3568 1826 καί
3617 1772 3677 1825 τὸ

2111 1859 2325 1912 λαλεῖν
2372 1858 2682 1930 γλώσσαις
2714 1860 2800 1930 μὴ
2854 1861 3136 1914 κωλύετε.
3167 1857 3320 1924 Εἶδες
3365 1859 3486 1924 πῶς
3522 1860 3676 1931 μέχρι

2109 1946 2296 2012 τέλους
2327 1946 2425 2018 τὴν
2457 1947 2720 2019 διαφορὰν
2748 1947 3008 2016 ἐφύλαξε,
3038 1948 3134 2002 καὶ
3157 1947 3274 2011 πῶς
3301 1946 3469 2013 ἔδειξε
3497 1947 3559 2000 τὸ
3586 1948 3679 2018 μὲν

2113 2034 2318 2106 σφόδρα
2349 2037 2646 2103 ἀναγκαῖον
2683 2035 2763 2102 ὂν,
2790 2035 2852 2089 τὸ
2881 2035 2940 2088 δὲ
2967 2037 3066 2106 οὐχ
3094 2034 3264 2098 οὕτως
3294 2033 3387 2087 Διδ
3415 2033 3505 2087 ἐπ’
3543 2033 3677 2086 ἐκεί-

2109 2139 2202 2176 νου
2223 2123 2320 2194 μέν
2339 2140 2492 2194 φησι,
2520 2123 2810 2190 Ζηλοῦτε,
2835 2124 2929 2177 ἐπὶ
2953 2123 3146 2177 τούτου
3167 2124 3244 2186 δὲ,
3271 2122 3367 2191 Μὴ
3400 2123 3674 2177 κωλύετε.

2109 2207 2244 2265 Εἶτα
2267 2211 2342 2276 ὡς
2371 2212 2431 2264 ἐν
2461 2210 2743 2283 κεφαλαίῳ
2770 2211 2841 2266 τὰ
2871 2213 3048 2268 πάντα
3070 2211 3455 2282 διορθούμενος
3485 2211 3676 2278 ἐπάγει

2109 2300 2304 2369 λέγων·
2336 2297 2541 2354 Πάντα
2592 2299 2664 2353 δὲ
2711 2300 3110 2370 εὐσχημόνως
3160 2299 3258 2354 καί
3302 2301 3459 2356 κατὰ
3509 2298 3676 2365 τάξιν

2107 2385 2362 2458 γινέσθω
2385 2403 2401 2418 ·
2465 2385 2627 2441 πάλιν
2673 2388 2927 2458 πλήττων
2971 2387 3098 2450 τοὺς
3145 2386 3269 2457 εἰκῆ
3327 2387 3674 2458 βουλομένους

2106 2481 2462 2550 ἀσχημονεῖν,
2494 2481 2588 2534 καὶ
2637 2481 2836 2551 μανίας
2889 2480 3050 2545 δόξαν
3085 2480 3404 2552 λαμϐάνειν,
3458 2481 3555 2534 καὶ
3583 2479 3675 2550 τὴν

2047 2571 2051 2578 ’
2106 2571 2320 2625 οἰκείαν
2351 2571 2430 2643 μὴ
2462 2570 2838 2642 φυλάττοντας
2866 2569 3043 2636 τάξιν.

2179 2764 2344 2818 οὐδὲν
2361 2762 2628 2836 [546]γάρ
2651 2763 2824 2828 οὕτως
2839 2763 3132 2835 οἰκοδομεῖ,
3149 2762 3224 2827 ὡς
3241 2762 3484 2831 εὐταξία,
3503 2763 3578 2828 ὡς
3601 2763 3677 2816 εί-

2108 2854 2346 2924 ρήνη,ὠς
2365 2855 2577 2925 ἀγάπη,
2593 2853 2784 2926 ὥσπερ
2799 2850 2892 2909 οῦν
2913 2856 3008 2908 καὶ
3024 2855 3093 2909 τά
3104 2857 3321 2910 ἐναντία
3335 2856 3673 2910 διαλύει.οὐκ

2105 2938 2164 2989 ἐν
2189 2940 2302 3001 τοῖς
2319 2940 2712 3009 πνευματικοῖς
2737 2938 2793 2992 δὲ
2813 2939 2996 3010 μόνον,
3022 2939 3159 2994 ἀλλά
3173 2939 3268 2993 καὶ
3286 2941 3345 2994 ἐν
3365 2942 3480 3003 τοῖς
3501 2938 3672 3002 ἄλλοις

2107 3024 2279 3079 ἅπασι
2322 3026 2484 3080 τοῦτο
2513 3027 2613 3081 ίδοι
2639 3044 2722 3091 τις
2746 3026 2832 3081 ἄν.
2862 3029 2961 3080 Ἂν
2998 3044 3059 3081 τε
3088 3028 3198 3100 γάρ
3226 3029 3286 3080 ἐν
3319 3028 3485 3100 χορῷ,
3527 3028 3590 3082 av
3613 3043 3671 3079 τε

2107 3115 2165 3168 ἐν
2195 3114 2387 3185 πλοίῳ,
2410 3115 2476 3170 ἄν
2507 3132 2566 3168 τε
2597 3116 2656 3170 ἐν
2680 3115 2910 3188 ἅρματι,
2946 3115 3012 3170 ἄν
3039 3133 3097 3170 τε
3128 3117 3185 3170 ἐν
3213 3117 3558 3188 στρατοπέδῳ
3578 3116 3672 3187 τὴν

2105 3203 2258 3270 τάξιν
2287 3204 2543 3276 συγχέῃς,
2567 3205 2661 3258 καὶ
2687 3205 2757 3258 τά
2783 3203 3006 3277 μείζονα
3029 3205 3130 3274 τῆς
3153 3205 3362 3268 οίκείας
3388 3203 3573 3275 χώρας
3595 3206 3671 3256 ἐκ·

2105 3289 2306 3358 ὗαλὼν,
2338 3290 2408 3344 τὰ
2431 3291 2688 3345 ἐλάττονα
2708 3293 3009 3364 εἰσαγάγῃς
3036 3294 3115 3356 είς
3137 3293 3234 3365 τὴν
3259 3292 3483 3346 ἐκείνων
3500 3293 3668 3356 τάξιν,

2109 3380 2286 3434 πάντα
2339 3379 2675 3451 διέφθειρας,
2713 3382 2809 3435 καὶ
2839 3381 2982 3434 οὑτω
3008 3380 3076 3434 τὰ
3103 3381 3217 3435 ἂνω
3255 3382 3407 3435 κάτω
3444 3381 3667 3451 γίνεται.

2106 3467 2199 3539 Μὴ
2222 3467 2402 3522 τοίνυν
2433 3468 2568 3539 μηδὲ
2597 3471 2757 3540 ἡμεῖς
2781 3469 2880 3541 τὴν
2906 3469 3059 3536 τάξιν
3084 3469 3506 3540 διαφθείρωμεν,
3543 3469 3668 3541 μηδέ

2106 3555 2205 3624 τὴν
2231 3555 2472 3626 κεφαλὴν
2511 3557 2662 3610 κάτω
2710 3556 2975 3628 ποιῶμεν,
3016 3556 3266 3622 καὶτοὺς
3316 3557 3484 3621 πόδας
3541 3559 3665 3613 ἄνω.

2107 3643 2278 3696 Τοῦτο
2305 3643 2362 3696 δέ
2391 3644 2622 3713 γίνεται,
2651 3645 2781 3699 ὅταν
2808 3645 2900 3698 τὸν
2931 3644 3031 3716 μὲν
3063 3643 3220 3716 ὀρθὸν
3243 3645 3501 3715 λογισμὸν
3529 3646 3669 3700 κάτω

2108 3733 2373 3805 ῥίψωμεν,
2411 3733 2511 3797 τάς
2541 3733 2598 3786 δὲ
2629 3732 2943 3804 ἐπιθυμίας,
2991 3732 3085 3786 τὸν
3117 3733 3305 3803 θυμὸν,
3337 3733 3431 3786 καὶ
3458 3733 3559 3805 τὴν
3583 3735 3666 3804 όρ-

2105 3821 2230 3891 γὴν,
2275 3822 2370 3874 καὶ
2410 3822 2510 3891 τὴν
2543 3821 2735 3892 ἡδονὴν
2766 3822 3150 3892 ἐπιστήσωμεν
3184 3820 3262 3891 τῷ
3294 3820 3518 3891 λογικῷ’
3556 3822 3669 3876 ὅθεν

2106 3910 2273 3973 πολὺς
2308 3911 2339 3963 ὁ
2376 3909 2603 3974 κλύδων,
2634 3911 2728 3964 καὶ
2755 3910 2925 3982 πολλὴ
2953 3912 2987 3980 ἡ
3020 3910 3250 3981 ταραχὴ,
3280 3908 3375 3962 καὶ
3403 3910 3668 3981 ἀφόρητος

2104 3998 2138 4068 ἡ
2179 3996 2336 4067 ζάλη,
2361 3997 2584 4051 πάντων
2607 3997 2781 4068 σκότῳ
2808 3998 3208 4069 κατεχομένων.
3239 3997 3369 4062 Καὶ,
3391 3997 3440 4050 εί
3473 3994 3679 4067 βούλει,-

2102 4085 2200 4155 τὴν
2248 4083 2635 4156 ἀσχημοσύνην
2673 4085 2768 4156 τὴν
2807 4085 3057 4137 ἐντεῦθεν
3108 4085 3398 4156 γινομένην
3462 4087 3669 4154 πρῶτον

2104 4171 2470 4243 ἐξετάσωμεν,
2522 4173 2618 4226 καὶ
2644 4175 2764 4226 τότε
2817 4173 2916 4242 τὴν
2969 4170 3188 4242 ζημίαν.
3243 4171 3368 4233 Πῶς
3395 4166 3489 4225 οῦν
3524 4174 3668 4224 ἔσται

2101 4261 2263 4315 τοῦτο
2284 4261 2452 4330 σαφὲς
2487 4261 2621 4331 ἡμῖν
2648 4262 2742 4314 καὶ
2767 4261 2974 4331 σφόδρα
2999 4259 3308 4331 γνώριμον;
3331 4261 3666 4332 Παραγάγω-

2107 4369 2206 4423 μεν
2240 4353 2320 4414 εἰς
2365 4351 2530 4422 μέσον
2560 4350 2848 4421 ἄνθρωπον
2885 4350 3028 4404 οῦτω
3056 4350 3420 4421 διακείμενον,
3467 4352 3665 4423 πόρνης

2103 4431 2335 4512 ἐρῶντα,
2357 4441 2450 4495 καὶ
2476 4441 2580 4509 ὑπὸ
2611 4439 2905 4511 ἐπιθυμίας
2933 4440 3134 4495 ἀτόπου
3154 4438 3546 4512 κρατούμενον,
3581 4440 3664 4493 καὶ

2103 4529 2229 4583 τότε
2258 4527 2501 4599 ὀψόμεθα
2541 4528 2632 4581 τὸν
2667 4527 2880 4597 γέλωτα
2907 4527 3115 4581 τοῦτον.
3141 4527 3206 4580 Τί
3235 4527 3345 4600 γάρ
3372 4528 3440 4581 ἂν
3467 4529 3664 4596 γένοιτο

2105 4616 2457 4691 αίσχρότερον
2483 4613 2579 4669 τοῦ
2614 4614 3006 4686 θυραυλοῦντος
3040 4614 3145 4687 πρὸ
3167 4614 3276 4669 τῶν
3304 4615 3577 4687 πορνικῶν
3595 4615 3663 4668 εί-

2104 4706 2391 4777 κημάτων,
2423 4704 2519 4758 καὶ
2552 4703 2920 4776 ραπιζομένου
2960 4703 3110 4775 παρὰ
3154 4703 3357 4775 πόρνης
3394 4704 3659 4772 γυναικὸς.

2105 4796 2200 4850 καὶ
2245 4793 2526 4856 κλαίοντος
2557 4795 2650 4847 καὶ
2683 4791 3026 4863 ὀδυρομένου,
3058 4791 3152 4845 καὶ
3184 4792 3282 4863 τὴν
3311 4792 3507 4845 ἐαυτοῦ
3544 4808 3662 4845 τιατ⁴

2104 4883 2456 4954 αισχύνοντος
2474 4880 2661 4948 δόξαν;
2681 4881 2743 4934 Εί
2761 4881 2819 4935 δέ
2839 4879 3017 4949 βούλει
3042 4879 3136 4933 καὶ
3164 4879 3261 4952 τὴν
3291 4877 3496 4951 ζημίαν
3522 4880 3659 4939 ίδείν,

2104 4973 2274 5026 ἐννόει
2305 4988 2396 5042 μοι
2444 4971 2556 5024 τῶν
2600 4969 2897 5040 χρημάτων
2934 4967 3034 5038 τὴν
3070 4967 3340 5038 δαπάνην,
3379 4970 3506 5031 τοὺς
3546 4966 3659 5036 περὶ

2105 5062 2211 5116 τῶν
2251 5061 2497 5131 ἐσχάτων
2542 5057 2841 5120 κινδύνους,
2880 5057 2970 5110 τὸν
2999 5055 3137 5126 πρὸς
3171 5056 3299 5119 τοὺς
3337 5054 3662 5127 ἀντεραστάς

2105 5150 2363 5219 πόλεμον,
2423 5146 2494 5201 τά
2541 5145 2854 5216 τραύματα,
2902 5143 3002 5206 τὰς
3053 5143 3266 5212 πληγάς
3331 5143 3432 5206 τὰς
3467 5145 3531 5194 ἐκ
3563 5139 3660 5192 τῶν

2103 5237 2360 5292 τοιούτων
2398 5233 2775 5306 παρατάξεων.
2829 5230 3070 5284 Τοιοῦτοι
3125 5233 3220 5284 καὶ
3269 5232 3319 5283 οί
3373 5230 3658 5302 χρημάτων

2103 5325 2370 5397 ἐπιθυμίᾳ
2415 5323 2798 5394 κατεχόμενοι·
2853 5319 3052 5391 μᾶλλον
3085 5319 3142 5372 δέ
3173 5317 3395 5389 μείζονα
3424 5321 3658 5386 ἀσχημο-

2102 5417 2303 5472 νοῦσιν.
2357 5409 2517 5470 Οὗτοι
2558 5413 2656 5483 μὲν
2686 5411 2795 5483 γάρ
2842 5409 2970 5480 περὶ
3017 5409 3077 5461 ἐν
3124 5409 3262 5460 εἰσιν
3309 5401 3659 5476 ἠσχολημένοι

2104 5506 2263 5575 σῶμα
2287 5522 2303 5536 ·
2352 5506 2399 5557 οἱ
2428 5502 2484 5555 δὲ
2516 5501 2841 5571 φιλάργυροι
2872 5497 2971 5558 τὰς
3000 5495 3218 5548 πάντων
3255 5493 3444 5556 οὐσίας
3471 5490 3656 5561 ὁμοίως

2102 5593 2583 5666 περιεργάζονται,
2613 5591 2709 5644 καὶ
2737 5589 2983 5660 πενήτων
3013 5585 3108 5639 καὶ
3153 5582 3539 5643 πλουτούντων,
3569 5575 3657 5630 καὶ

2101 5664 2209 5742 τῶν
2243 5664 2344 5738 οὐκ
2394 5681 2568 5736 ὄντων
2614 5676 2954 5749 πραγμάτων
2983 5673 3202 5750 ἐρῶσιν,
3230 5672 3258 5725 ὃ
3296 5669 3526 5742 μάλιστα
3563 5664 3655 5730 τῆς

2100 5774 2194 5828 τοῦ
2227 5771 2432 5836 πάθους
2458 5767 2687 5831 ἀτοπίας
2720 5765 2942 5840 σημεῖόν
2970 5763 3136 5819 ἐστιν.
3161 5760 3236 5816 οὐ
3266 5759 3372 5832 γὰρ
3398 5757 3652 5826 λέγουσιν,
