3802 6354
158 336 254 394 517

161 451 204 501 in
234 460 357 511 usu,
389 440 650 513 pudorem
677 439 868 497 incutit
894 455 911 494 :
939 439 1080 510 quod
1108 439 1194 496 hic
1213 454 1427 511 quoque
1447 437 1665 494 adhibet
1687 477 1704 503 ,

158 540 355 593 diccns:
383 535 470 591 36.
506 535 584 589 An
631 552 663 587 a
695 534 831 588 vobis
880 533 1076 587 verbum
1105 530 1202 586 Dei
1230 534 1467 602 processit
1497 570 1513 589 .
1543 540 1631 585 aut
1656 532 1709 585 in

158 645 230 683 ros
252 628 375 681 solos
402 625 673 697 pervenit?
703 624 913 678 Etenim
940 632 1165 679 exteras
1204 620 1424 677 adduxit
1447 620 1708 676 Ecclesiae

158 723 279 772 hanc
312 718 475 788 legem
500 726 781 771 servantes
804 756 819 781 ,
848 722 903 770 et
932 730 960 767 a
991 715 1225 769 novitate
1246 716 1526 768 tumultum
1554 728 1706 768 rese-

155 826 286 879 catis.
308 820 358 864 et
382 810 669 863 multorum
708 808 912 861 calculo
940 817 1143 876 gratam
1190 816 1245 861 et
1285 816 1556 875 acceptam
1586 805 1710 860 red-

154 904 274 957 dens
308 903 624 956 orationem.
663 900 1024 968 Quamobrem
1052 898 1176 953 alibi
1209 913 1418 968 quoque
1452 897 1704 953 dicebat:

156 995 244 1060 Qui
270 993 397 1048 vobis
417 993 470 1046 in
503 992 795 1045 memoriam
816 993 1063 1045 revocavit
1090 991 1195 1044 vias
1224 1006 1358 1044 meas
1384 990 1436 1042 in
1461 989 1663 1044 Christo
1688 1030 1704 1055 ,

154 1089 267 1139 sicut
292 1085 470 1153 ubique
495 1086 549 1138 in
577 1084 806 1140 omnibus
832 1082 1073 1138 Ecclesiis
1093 1083 1247 1137 doceo
1269 1083 1343 1152 (l.
1362 1080 1480 1137 Cor.
1507 1083 1562 1138 4.
1593 1083 1705 1150 l7);

155 1188 201 1229 et
228 1191 401 1231 rursus
426 1216 443 1242 ,
476 1174 598 1229 Non
624 1184 698 1230 est
726 1176 859 1229 enim
885 1173 1027 1229 Deus
1052 1174 1398 1236 dissensionis,
1428 1174 1516 1227 sed
1546 1174 1706 1243 pacis,

152 1269 268 1322 sicut
286 1268 395 1321 etin
418 1267 652 1321 omnibus
673 1263 913 1320 Ecclesiis
929 1275 1217 1321 sanctorum
1236 1263 1398 1337 (Ibid.
1415 1266 1503 1320 14.
1518 1266 1635 1335 35);
1653 1274 1711 1319 et

153 1357 228 1412 hic
254 1374 266 1410 :
295 1358 369 1411 An
399 1375 432 1410 a
460 1358 599 1411 vobis
632 1357 831 1410 verbum
853 1355 954 1411 Dei
983 1358 1257 1427 processit,
1286 1366 1377 1410 aut
1402 1356 1470 1410 ad
1494 1372 1580 1409 vos
1618 1373 1707 1411 so-

152 1452 219 1503 los
252 1450 520 1519 pervenit?
548 1450 661 1504 [loc
699 1457 782 1505 est
806 1491 821 1516 ,
851 1464 1025 1520 neque
1053 1464 1147 1504 vos
1177 1449 1374 1518 primi,
1402 1463 1576 1517 neque
1603 1448 1704 1503 soli

152 1543 317 1598 fideles
339 1584 352 1605 ,
382 1542 478 1597 sed
510 1552 651 1597 totus
676 1541 823 1597 orbis
854 1550 1030 1598 terrm.
1057 1541 1209 1610 Quod
1231 1540 1392 1597 etiam
1422 1540 1491 1596 ad
1516 1540 1706 1596 Colos-

152 1648 316 1689 senses
356 1633 636 1699 scribens,
690 1632 936 1699 dicebat,
966 1632 1112 1687 Sicut
1139 1633 1410 1702 fructi/ient
1446 1642 1492 1686 et
1534 1632 1709 1687 crescit

152 1728 197 1779 in
224 1736 319 1780 toto
349 1726 542 1779 mundo
584 1724 887 1796 (Colossni.
916 1722 1006 1797 6),
1042 1724 1269 1794 loquens
1311 1724 1379 1779 de
1406 1724 1700 1795 evangelio.

154 1818 199 1873 ld
221 1831 390 1873 autem
426 1817 554 1872 facit
581 1818 741 1873 etiam
773 1816 1008 1873 aliterad
1034 1814 1467 1872 exhortationem
1502 1817 1707 1871 audito-

152 1926 251 1964 rum
272 1952 286 1975 ,
338 1921 395 1964 ut
439 1908 651 1975 quando
680 1908 808 1962 dicit
831 1948 845 1970 ,
877 1921 1065 1961 eorum
1101 1922 1222 1962 esse
1260 1908 1427 1978 prima
1449 1946 1465 1973 ,
1507 1917 1558 1962 et
1591 1922 1708 1963 ma-

152 2004 321 2058 nifesta
361 2003 630 2055 oinnibus.
655 2000 785 2055 Nam
831 1999 896 2054 ad
942 1999 1443 2055 Thessalonicenses
1471 1999 1708 2055 scribens

151 2096 340 2150 dicebat
365 2112 379 2147 :
414 2095 458 2147 A
494 2092 630 2148 vobis
655 2094 787 2147 enim
813 2093 1035 2146 resanuit
1059 2107 1223 2145 sermo
1253 2090 1368 2157 Dei,
1400 2100 1447 2144 et
1478 2092 1531 2146 in
1571 2092 1708 2146 omni

152 2188 246 2240 loco
267 2186 393 2255 fides
414 2196 579 2239 vestra
604 2184 672 2237 ad
702 2181 866 2236 Deum
894 2183 1015 2236 exiit
1048 2180 1094 2253 (1
1132 2180 1313 2235 Thess.
1358 2182 1408 2236 l.
1441 2180 1535 2251 8);
1562 2191 1616 2236 et
1640 2181 1706 2236 ad

152 2278 404 2332 Romanos
449 2290 636 2331 rursus
681 2274 924 2329 scribens
952 2290 965 2325 :
997 2272 1156 2327 Fides
1184 2282 1346 2327 vestra
1376 2273 1708 2326 annuntiatur

150 2374 192 2425 in
220 2382 312 2424 toto
350 2371 542 2422 mundo
563 2366 739 2438 (Rom.
785 2368 838 2421 1.
867 2366 945 2437 8).
973 2366 1146 2421 Ambo
1188 2366 1331 2420 enim
1359 2363 1629 2418 sufliciunt
1653 2373 1709 2419 et

151 2464 206 2516 ad
234 2458 621 2516 exhortandum
646 2466 701 2512 et
728 2455 1069 2512 excitandum
1088 2497 1103 2521 ,
1138 2454 1337 2509 laudari
1365 2456 1433 2509 ab
1471 2454 1592 2508 aliis
1611 2495 1626 2520 ,
1652 2462 1709 2509 et

148 2554 265 2608 alios
305 2552 505 2607 habere
549 2549 725 2605 socios
771 2548 1071 2603 sententiae.
1102 2546 1167 2602 Et
1214 2545 1334 2601 ideo
1377 2545 1463 2599 hic
1495 2560 1708 2615 quoque
1760 2544 1771 2557 ‘

148 2644 262 2698 dicit
289 2659 302 2695 :
335 2644 415 2696 An
441 2658 473 2694 a
502 2640 640 2694 vobis
664 2654 826 2693 sermo
854 2637 948 2693 Dei
968 2637 1227 2707 processit,
1249 2645 1338 2691 aut
1358 2637 1428 2689 ad
1454 2651 1540 2691 vos
1571 2636 1706 2691 solos

150 2738 348 2805 pervenit
368 2736 394 2789 ?
421 2733 608 2804 Neque
633 2733 796 2798 enim,
828 2732 1018 2801 inquit,
1049 2732 1152 2786 hoc
1178 2730 1454 2801 potueritis
1479 2729 1663 2785 dicere
1688 2748 1703 2787 :

148 2831 241 2886 Nos
264 2830 463 2885 fuimus
488 2829 741 2884 doctores
779 2826 1044 2889 aliorum,
1072 2834 1126 2879 et
1155 2838 1262 2879 non
1290 2839 1500 2894 aequum
1528 2834 1612 2878 est
1650 2830 1708 2878 ut

148 2925 205 2985 ab
226 2924 339 2977 aliis
365 2922 677 2985 discamus;
706 2934 911 2989 neque,
935 2916 1094 2972 Fides
1119 2915 1207 2972 hic
1231 2916 1406 2971 solum
1435 2917 1621 2982 stetit,
1651 2923 1706 2970 et

150 3031 239 3069 non
279 3022 495 3085 oportet
536 3012 607 3067 ab
646 3012 767 3066 aliis
808 3010 1050 3081 exempla
1096 3024 1331 3065 sumere.
1381 3007 1567 3063 Viden’
1611 3023 1706 3076 per

147 3122 286 3176 quam
314 3106 481 3161 multa
519 3106 599 3160 eis
628 3103 886 3174 pudorem
933 3101 1197 3161 incussit?
1248 3101 1418 3170 legem
1444 3098 1701 3167 adduxit,

147 3198 212 3252 rei
238 3196 471 3253 ostendit
499 3193 880 3267 turpitudinem
905 3234 922 3260 ,
953 3202 1176 3249 cmteras
1208 3191 1478 3248 Ecclesias
1507 3191 1561 3245 in
1588 3207 1704 3246 me-

146 3288 223 3344 dio
245 3292 442 3359 posuit.

204 3382 253 3435 2.
294 3381 536 3446 Deinde,
579 3378 721 3451 quod
749 3387 845 3439 est,
873 3378 1111 3433 omnium
1155 3376 1503 3433 fortissimum
1528 3416 1543 3443 ,
1576 3376 1705 3433 ulti-

147 3490 269 3529 mum
295 3474 450 3544 ponit
474 3472 660 3529 dicens
688 3488 705 3527 :
735 3471 877 3526 Deus
914 3469 1028 3525 haec
1055 3468 1215 3524 etiam
1261 3483 1402 3525 nunc
1426 3469 1581 3539 jubet
1604 3484 1699 3540 per

145 3582 234 3620 me.
265 3567 350 3621 57.
384 3565 454 3621 Si
482 3564 593 3635 quis
626 3563 768 3618 enim
808 3561 1006 3616 videtur
1029 3561 1278 3632 propheta
1307 3576 1412 3615 esse
1437 3569 1524 3614 aut
1548 3560 1703 3630 spiri-

145 3646 277 3711 tudlis
296 3698 313 3725 ,
343 3664 622 3725 cognoscat
641 3670 755 3723 qua:
788 3653 953 3707 scribo
991 3653 1129 3708 vobis
1151 3693 1167 3720 ,
1198 3653 1317 3723 quia
1354 3651 1563 3708 Domini
1588 3662 1704 3708 sunt

146 3753 385 3807 mandata.
418 3752 515 3808 '58.
547 3751 609 3806 Si
650 3752 759 3821 quis
783 3760 952 3804 autem
983 3751 1214 3819 ignorat,
1246 3750 1457 3821 ignoret.
1500 3750 1567 3805 Et
1606 3765 1704 3806 cur

145 3844 231 3900 hoc
253 3844 573 3917 subjunxit?
602 3841 989 3899 Ostendensse
1015 3858 1189 3913 neque
1216 3843 1325 3897 vim
1351 3842 1574 3910 ali‘erre,
1602 3858 1703 3900 nec

143 3941 492 3995 contendere:
521 3937 665 4008 quod
693 3928 910 4008 quidem
934 3945 1019 3992 est
1036 3937 1245 4007 signum
1269 3952 1377 3994 non
1402 3952 1589 3999 eorum
1610 3939 1703 4009 qui

144 4044 223 4083 sna
264 4033 455 4085 volunt
492 4029 823 4084 constituere
846 4068 862 4094 ,
893 4027 992 4084 sed
1020 4042 1207 4085 eorum
1248 4029 1347 4100 qui
1377 4038 1621 4099 spectant
1644 4031 1700 4087 id

142 4120 262 4189 quod
297 4131 383 4176 est
422 4120 547 4175 aliis
575 4118 723 4175 utile.
766 4118 1126 4187 Quamobrem
1154 4119 1287 4175 dicit
1314 4120 1479 4176 etiam
1523 4121 1651 4177 alibi
1682 4141 1696 4177 :

143 4210 194 4266 Si
213 4215 315 4283 quis
338 4222 517 4268 autem
555 4220 628 4265 est
664 4212 1036 4275 contentiosus,
1067 4227 1159 4266 nos
1186 4211 1335 4267 talem
1375 4213 1700 4267 consuetudi-

142 4320 235 4358 nem
260 4320 363 4357 non
387 4304 637 4358 habemus
686 4304 764 4373 (l.
806 4302 924 4358 Cor.
970 4304 1058 4359 11.
1110 4303 1224 4376 16).
1258 4305 1329 4360 At
1370 4320 1477 4361 non
1507 4305 1702 4376 ubique

144 4391 230 4449 hoc
254 4396 373 4449 facit
393 4436 411 4459 ,
448 4394 543 4450 sed
574 4394 663 4449 ubi
688 4410 792 4449 non
821 4394 891 4448 ita
922 4408 1113 4463 magna
1138 4394 1489 4450 admittuntur
1515 4410 1699 4465 pecca-

143 4492 182 4537 ta
200 4526 215 4551 ,
240 4496 292 4541 et
333 4494 474 4541 tunc
513 4486 689 4557 potius
718 4483 920 4556 pudore
946 4484 1203 4541 aflieiens.
1234 4484 1366 4540 Nam
1395 4485 1608 4555 quando
1631 4485 1701 4542 de

142 4574 242 4631 aliis
265 4576 541 4648 loquitur,
571 4591 677 4630 non
703 4576 781 4632 sic
805 4575 964 4643 dicit,
992 4575 1087 4632 sed
1115 4576 1418 4647 quomodo?
1445 4575 1530 4631 Ne
1565 4593 1698 4631 erre-

143 4670 196 4722 tis
219 4685 239 4725 :
282 4685 449 4740 neque
497 4669 829 4741 fornicatores
851 4709 868 4735 ,
913 4684 1071 4738 neque
1120 4667 1297 4723 molles
1347 4685 1558 4741 regnum
1600 4668 1700 4725 Dei

139 4763 450 4825 possidebunt
474 4762 494 4835 (
516 4760 658 4817 Ibid.
688 4762 741 4817 6.
770 4760 877 4832 9);
909 4769 964 4818 et
998 4776 1186 4817 rursus
1213 4778 1227 4816 :
1256 4760 1391 4816 Ecce
1441 4778 1531 4833 ego
1559 4761 1700 4816 Pau-

141 4853 207 4907 lus
226 4856 335 4909 dico
362 4856 507 4909 vobis
531 4895 547 4921 ,
576 4852 712 4923 quod
739 4854 785 4907 si
808 4854 1240 4908 circumcidamini
1264 4893 1281 4919 ,
1306 4852 1536 4908 Christus
1559 4855 1696 4909 vobis

142 4944 254 4999 nihil
278 4948 511 5015 proderit
539 4944 680 5016 (Gal.
708 4944 762 5000 5.
793 4943 871 5014 2).
902 4945 998 5000 llic
1036 4955 1213 5001 autem
1241 4946 1494 5016 quoniam
1522 4946 1589 5002 de
1618 4947 1695 5001 si-

140 5037 286 5094 lentio
308 5040 573 5111 agebatur
595 5079 613 5107 ,
643 5052 749 5093 non
775 5038 1062 5094 admodum
1092 5038 1435 5094 vehementer
1462 5039 1694 5094 insecta-

141 5142 230 5197 tur,
258 5134 357 5187 hoc
383 5134 503 5202 ipso
524 5146 619 5188 eos
642 5132 811 5201 magis
834 5131 1128 5187 attrahens.
1160 5131 1362 5187 Deinde
1386 5131 1526 5203 quod
1553 5146 1695 5187 sem-

142 5238 223 5292 per
260 5226 395 5280 solet
440 5223 651 5290 facere,
697 5223 764 5279 ad
797 5224 945 5294 prius
988 5233 1360 5294 argumentum
1385 5265 1399 5288 .
1446 5224 1587 5279 unde
1627 5224 1695 5280 ad

138 5315 237 5371 lucc
278 5316 506 5373 dicenda
553 5317 825 5387 digressus
868 5325 992 5381 est,
1039 5316 1322 5371 revertitur
1347 5315 1530 5371 dicens
1558 5334 1571 5370 :
1600 5316 1690 5370 59.

139 5403 331 5478 Itaque,
366 5412 553 5480 fratres
578 5408 711 5474 mei,
738 5408 1046 5462 wmulamini
1090 5406 1404 5477 prophetiam
1425 5446 1442 5473 ,
1470 5418 1517 5461 et
1557 5407 1693 5475 loqui

139 5499 303 5569 linguis
349 5501 509 5555 nolite
537 5500 818 5572 prohibere.
855 5499 953 5555 Est
992 5500 1133 5554 enim
1167 5514 1282 5555 mos
1324 5500 1441 5570 ejus
1470 5515 1575 5555 non
1604 5515 1693 5555 so—

140 5590 232 5645 lunt
274 5610 434 5666 agere
482 5595 534 5648 id
560 5635 577 5660 ,
609 5592 755 5665 quod
785 5604 867 5649 est
910 5594 1240 5664 prepositum
1264 5634 1279 5658 ,
1313 5593 1406 5648 sed
1438 5594 1595 5648 etiam
1624 5609 1690 5649 ex

140 5685 216 5739 illo
244 5686 292 5740 id
324 5686 468 5757 quod
497 5685 1005 5758 quomodocumque
1033 5685 1080 5740 ei
1111 5685 1321 5739 videtur
1348 5684 1688 5754 eonjunctum

139 5782 392 5850 corrigere
415 5820 432 5847 ,
459 5787 514 5835 et
557 5792 747 5835 rursus
767 5776 946 5835 redire
994 5776 1058 5833 ad
1102 5778 1471 5848 propositum,
1504 5791 1571 5831 ne
1611 5776 1686 5831 vi-

1056 326 1123 385 IN
1161 326 1376 385 EPIST.
1420 326 1438 382 Ι
1503 325 1593 382 AD
1630 324 1789 381 COR.
1833 324 2060 383 HOMIL.
2102 327 2366 386 XXXVII.

3285 337 3393 396 518

1819 436 2007 493 deatur
2028 440 2277 497 excidere
2319 441 2389 496 ah
2414 454 2747 513 argumento.
2802 445 3011 503 Etenim
3059 452 3274 520 quando
3312 455 3391 509 lo—

1815 531 2079 600 quebatur
2116 532 2183 588 de
2207 536 2492 590 concordia
2522 536 2572 590 in
2601 538 2833 604 mensis;
2858 555 2979 594 eum
3004 540 3275 611 digressus
3299 563 3390 603 es-

1812 631 1894 675 set
1916 622 1980 675 ad
2005 625 2438 681 communionem
2466 627 2517 681 in
2545 630 2834 699 mysteriis,
2858 641 3021 688 eteos
3043 634 3165 689 inde
3183 645 3391 707 pudore

1810 712 2091 780 adeeisset,
2113 716 2179 771 ad
2208 718 2383 786 priora
2416 735 2598 774 rursus
2618 724 2923 790 revertitur,
2950 725 3169 782 dicens:
3196 730 3390 797 Quam.

1811 804 1979 859 obrem
2042 816 2387 864 convenientes
2447 811 2515 864 ad
2576 813 2974 881 comedendum,
3031 833 3116 873 vos
3179 820 3389 878 invicem

1811 908 2094 966 exspectate
2118 900 2193 971 (l.
2226 900 2343 956 Cor.
2379 903 2466 957 Η.
2494 903 2607 973 33).
2637 904 2711 959 Ita
2746 906 2832 960 hic
2854 924 3067 978 quoqtte
3086 952 3102 976 ,
3127 929 3246 967 cum
3278 915 3388 969 dis-

1811 990 2064 1045 seruisset
2109 992 2179 1047 de
2220 993 2409 1049 ordine
2450 995 2787 1053 observando
2831 1000 2883 1055 in
2915 1001 3100 1070 donis,
3144 1013 3199 1060 et
3243 1008 3386 1077 quod

1812 1095 1983 1149 neque
2030 1097 2262 1138 mterore
2292 1083 2433 1140 affici
2465 1097 2713 1157 Oporteat
2760 1090 2813 1143 in
2847 1093 3140 1150 minoribus
3163 1137 3179 1163 ,
3213 1114 3387 1168 neque

1812 1178 2016 1227 tumere
2044 1184 2261 1245 propter
2288 1177 2509 1247 majora,
2539 1189 2594 1235 et
2622 1181 2813 1237 deinde
2841 1184 3113 1255 digressus
3145 1202 3288 1246 esset
3316 1192 3385 1247 ad

1810 1264 2124 1319 modestiam
2155 1268 2471 1324 mulieribus
2497 1273 2905 1330 convenieutem
2926 1318 2943 1343 ,
2975 1288 3029 1333 et
3052 1294 3169 1334 eam
3198 1283 3387 1337 confir-

1810 1366 2030 1422 masset,
2062 1358 2200 1413 redit
2224 1360 2290 1413 ad
2317 1362 2644 1432 propositum
2667 1405 2681 1430 ,
2713 1381 2900 1422 rursus
2925 1369 3108 1426 dicens
3132 1388 3145 1424 :
3179 1371 3384 1443 Itaque,

1809 1450 1993 1517 fratres
2021 1449 2152 1513 mei,
2198 1452 2511 1505 wmulamini
2553 1456 2901 1525 prophetiam,
2932 1469 2978 1513 et
3018 1462 3158 1533 loqui
3200 1464 3386 1536 linguis

1809 1540 1966 1595 nolite
1994 1543 2275 1611 prohibere.
2325 1545 2566 1602 Vidistin’
2594 1551 2866 1619 quomodo
2912 1552 2976 1606 ad
3022 1554 3181 1611 linem
3217 1574 3387 1628 usque

1808 1634 2101 1687 servaverit
2125 1633 2498 1704 differentiam,
2525 1649 2579 1693 et
2613 1642 2886 1709 quomodo
2919 1644 3145 1701 alterum
3169 1651 3385 1719 quidem

1809 1724 2055 1779 ostendat
2098 1727 2250 1783 valde
2301 1732 2702 1800 necessarium,
2750 1736 2978 1793 alterum
3036 1752 3213 1797 autem
3278 1760 3383 1800 non

1811 1817 1979 1873 item“!
2004 1819 2357 1887 Quamobrem
2387 1822 2456 1879 de
2481 1824 2571 1879 illo
2590 1827 2803 1897 quidem
2830 1830 2980 1897 dicit,
3002 1831 3345 1891 rEmulamini
3366 1852 3389 1902 ,°

1809 1910 1877 1965 de
1897 1911 1997 1966 hoc
2022 1921 2222 1980 autem,
2254 1913 2431 1969 Nolite
2470 1918 2751 1985 prohibere.
2787 1922 2988 1979 Deinde
3033 1935 3301 2000 tamquam
3332 1931 3385 1986 in

1808 2018 2020 2057 summo
2045 2007 2220 2060 omnia
2252 2009 2525 2078 corrigens
2545 2052 2562 2077 ,
2590 2012 2863 2084 subjungit
2899 2016 3084 2074 dicens
3110 2037 3124 2075 :
3152 2021 3240 2076 ιθ.
3270 2020 3392 2076 0m-

1810 2093 1895 2146 nia
1922 2104 2088 2149 autem
2115 2097 2321 2153 honeste
2357 2110 2403 2154 et
2431 2102 2704 2157 secundum
2750 2106 2980 2161 ordinent
3008 2110 3172 2178 ﬁant;
3202 2129 3387 2169 rursus

1810 2182 1929 2239 illos
1956 2194 2177 2257 tangens
2206 2189 2296 2259 qui
2322 2190 2505 2247 volunt
2533 2203 2730 2250 temere
2750 2210 2810 2249 se
2834 2197 3089 2255 indecore
3105 2217 3313 2271 gerere,
3335 2216 3390 2260 et

1814 2273 2037 2330 insania:
2083 2277 2184 2333 sibi
2232 2288 2413 2336 notam
2445 2282 2655 2338 inurere
2679 2326 2695 2352 ,
2734 2300 2832 2342 nec
2861 2301 3240 2359 congruentem
3289 2297 3391 2352 sibi

1810 2374 2026 2419 servant
2064 2368 2329 2423 ordinem.

1882 2455 2021 2511 Ordo
2045 2470 2207 2513 rectus
2236 2478 2430 2532 semper
2470 2465 2764 2520 servandus.
2802 2468 3043 2527 Avaritiw
3073 2476 3293 2532 morbus.
3317 2509 3385 2523 —-

1809 2546 1950 2602 Nihil
1979 2550 2120 2605 enim
2143 2568 2295 2622 teque
2319 2554 2545 2611 sedilicat
2576 2566 2632 2612 ut
2657 2558 2790 2614 ordo
2821 2571 3029 2630 rectus,
3060 2575 3118 2620 ut
3160 2584 3261 2637 pax
3283 2611 3298 2635 ,
3330 2583 3389 2629 ut

1809 2640 2003 2695 caritas
2025 2683 2040 2708 ,
2073 2643 2211 2698 sicut
2238 2646 2398 2700 etiam
2429 2649 2695 2703 contraria
2723 2650 3045 2708 dissolvunt.
3069 2656 3183 2712 Non
3214 2661 3387 2717 solum

1808 2742 1985 2787 autem
2018 2734 2069 2788 in
2094 2737 2477 2805 spiritualibus,
2511 2740 2604 2796 sed
2625 2742 2784 2797 etiam
2811 2743 2863 2798 in
2885 2745 3003 2800 aliis
3023 2751 3268 2806 omnibus
3289 2752 3391 2810 hoc

1807 2824 2022 2881 videris.
2052 2826 2184 2882 Nam
2211 2829 2323 2884 sive
2350 2830 2403 2884 in
2441 2832 2642 2898 choro,
2665 2834 2777 2889 sive
2816 2835 2868 2889 in
2913 2839 3152 2907 navigio,
3197 2843 3310 2908 sive
3334 2847 3387 2900 in

1807 2929 1987 2982 curru,
2018 2916 2133 2973 sive
2166 2921 2216 2973 in
2248 2922 2439 2976 castris
2469 2923 2712 2979 ordinem
2740 2926 3056 2994 confundas.
3087 2942 3142 2986 et
3168 2935 3388 3004 majori-

1808 3003 1907 3060 bus
1929 3020 2027 3061 suo
2053 3008 2171 3064 loco
2197 3010 2383 3079 ejectis
2426 3011 2479 3066 in
2511 3012 2723 3070 illorum
2759 3017 3003 3075 ordinem
3052 3003 3264 3079 minora,
3302 3028 3383 3082 in-

1806 3095 2046 3165 duxeris,
2089 3102 2266 3155 omnia
2294 3107 2596 3175 corrumpis
2617 3147 2632 3171 ,
2677 3116 2733 3163 et
2767 3109 2845 3164 sic
2872 3113 3051 3167 omnia
3095 3129 3187 3170 sus
3214 3117 3389 3189 deque

1808 3198 2104 3248 vertuntur.
2150 3192 2334 3264 Neque
2379 3210 2479 3251 nos
2503 3212 2632 3268 ergo
2658 3200 2900 3255 ordinem
2947 3219 3385 3281 corrumpamus,

1807 3295 1980 3352 neque
2007 3293 2169 3355 caput
2203 3286 2338 3342 infra
2384 3298 2720 3356 statuamus,
2771 3308 2945 3363 neque
2989 3298 3155 3365 pedes
3204 3316 3386 3371 supra.

1808 3373 1920 3430 Hoc
1948 3391 2110 3446 porro
2143 3378 2232 3445 lit,
2277 3381 2492 3449 quando
2515 3391 2714 3438 rectam
2757 3385 2971 3455 quidem
3016 3392 3276 3448 rationem
3309 3396 3390 3449 in-

1809 3467 1959 3524 ferne
2012 3469 2404 3540 dejecerimus,
2453 3477 2921 3546 'concupiscentias
2967 3491 3181 3550 autem,
3231 3487 3382 3557 iram,

1808 3560 2308 3618 exeandescentiam
2358 3573 2413 3621 et
2465 3566 2789 3636 voluptatem
2842 3569 3032 3626 rationi
3088 3577 3386 3643 prutfecvrio

1809 3666 1927 3706 mus
1957 3670 1969 3706 :
2001 3656 2143 3710 unde
2174 3671 2397 3726 magnus
2416 3654 2634 3713 ‘exsistit
2656 3658 2868 3727 ﬂuctus,
2894 3666 3079 3733 ingens
3105 3669 3385 3735 perturba-

1807 3740 1882 3796 tio
1902 3782 1917 3808 ,
1950 3752 2005 3798 et
2034 3745 2361 3801 intoleranda
2395 3757 2717 3818 tempestas,
2757 3766 2879 3806 cum
2909 3756 3087 3810 omnia
3118 3770 3385 3829 occupent

1807 3834 2059 3890 tenebrm.
2090 3835 2159 3890 Et
2186 3836 2229 3891 si
2256 3837 2355 3902 vis,
2377 3840 2606 3908 primum
2625 3842 2959 3897 excutiamus
2975 3860 3094 3899 eam
3118 3864 3236 3917 qua:
3260 3851 3383 3910 hinc

1805 3926 1984 3982 evenit
2012 3927 2391 3998 turpitudinem
2409 3970 2425 3995 ,
2458 3940 2749 4001 posteaque
2774 3932 3026 3991 damnum
3056 3936 3183 3995 hinc
3205 3957 3385 3999 emcr‘

1804 4032 1956 4087 gens.
1979 4018 2258 4084 Quomodo
2287 4036 2415 4091 ergo
2451 4020 2552 4075 hoc
2587 4024 2741 4078 nobis
2772 4035 2954 4080 notum
2978 4029 3080 4082 erit
3115 4039 3173 4084 et
3211 4036 3388 4087 ιιιθιιῖ-

1804 4110 2040 4165 festum?
2078 4111 2421 4167 Adducamus
2468 4114 2521 4167 in
2564 4114 2801 4169 medium
2841 4114 3111 4174 hominem
3140 4122 3217 4177 sic
3255 4124 3387 4180 alie-

1803 4208 1968 4270 etum,
1994 4213 2210 4273 captum
2236 4219 2419 4260 amore
2440 4206 2754 4271 meretricis,
2779 4216 2833 4262 et
2849 4210 2935 4278 qui
2959 4210 3075 4280 ejus
3100 4212 3386 4273 inhonesto

1803 4301 2049 4357 teneatur
2077 4294 2376 4363 desiderio;
2424 4306 2478 4352 et
2505 4308 2629 4362 tunc
2658 4298 2956 4355 videbimus
2984 4318 3144 4372 quam
3186 4305 3285 4362 hoc
3313 4311 3384 4365 sit

1802 4385 2103 4441 ridiculum.
2126 4385 2262 4454 Quid
2290 4387 2432 4442 enim
2456 4390 2625 4458 possit
2643 4404 2764 4445 esse
2789 4391 2880 4445 illo
2905 4394 3129 4463 turpius,
3159 4398 3248 4466 qui
3276 4408 3383 4455 stat

1800 4477 1871 4533 ad
1898 4478 2039 4533 fores
2067 4477 2259 4533 domus
2297 4480 2633 4547 meretriciae,
2659 4491 2712 4535 ct
2754 4482 2995 4550 pulsatur
3015 4498 3044 4539 a
3072 4488 3378 4553 meretrice,

1801 4568 1999 4640 ﬂetque
2024 4576 2080 4624 et
2104 4569 2287 4639 ejulat,
2331 4572 2632 4642 probroque
2658 4571 2823 4629 allicit
2851 4589 3001 4629 suam
3029 4578 3382 4635 existimatio-

1802 4663 1970 4717 nem?
2004 4662 2058 4718 Si
2089 4664 2171 4718 vis
2208 4671 2385 4731 autem
2425 4666 2585 4719 etiam
2616 4664 2796 4721 videre
2831 4667 3115 4735 damnum,
3160 4672 3381 4728 veniant

1803 4754 1894 4809 tibi
1924 4755 1973 4808 in
2002 4764 2236 4810 mentem
2269 4765 2515 4827 sumptus
2549 4757 2818 4826 pecuniae,
2859 4756 2927 4812 de
2955 4762 3212 4815 extremis
3240 4765 3379 4832 peri-

1799 4845 1939 4913 cula,
1969 4846 2167 4901 bellum
2197 4847 2337 4918 quod
2376 4850 2579 4919 geritur
2601 4848 2858 4904 adversus
2879 4850 3074 4905 rivales
3099 4860 3154 4906 et
3180 4854 3379 4910 adver-

1798 4940 1969 4994 sarios
1992 4949 2292 5005 amatores,
2322 4941 2539 4995 vulnera
2569 4950 2624 4995 et
2649 4941 2815 5011 plaga:
2840 4957 2959 5011 qua:
2988 4942 3298 5014 inﬂiguntur
3325 4947 3380 5004 in

1800 5031 2101 5102 liujusmodi
2122 5033 2258 5086 acie.
2283 5031 2441 5087 Tales
2465 5041 2590 5087 sunt
2608 5042 2664 5087 et
2702 5033 2772 5099 ii,
2800 5047 2933 5102 quos
2963 5039 3203 5105 pecunia:
3234 5048 3377 5096 tenet

1798 5125 2098 5195 cupiditas;
2126 5129 2233 5179 imo
2258 5140 2387 5180 vero
2418 5127 2621 5194 turpius
2645 5133 2699 5179 et
2727 5127 2895 5195 magis
2927 5127 3178 5185 indecore
3200 5145 3259 5187 se
3283 5149 3377 5203 ge-

1796 5226 1941 5272 runt.
1970 5215 2101 5271 Nam
2132 5216 2209 5271 illi
2247 5216 2459 5286 quidem
2499 5217 2551 5270 in
2582 5231 2689 5271 uno
2715 5232 2940 5287 corpore
2965 5231 3089 5275 sunt
3130 5225 3376 5294 occupati

1797 5318 1852 5365 et
1880 5310 1933 5364 in
1953 5323 2019 5365 eo
2040 5324 2193 5363 suum
2221 5316 2423 5378 ponunt
2448 5307 2680 5363 studium
2706 5317 2761 5364 et
2784 5324 3001 5380 operam
3031 5330 3043 5364 :
3068 5314 3213 5368 avari
3245 5330 3375 5371 vero

1795 5402 1862 5458 de
1891 5402 2128 5457 omnium
2151 5400 2488 5456 facultatibus
2521 5411 2646 5456 sunt
2668 5401 2914 5457 similiter
2941 5404 3154 5459 solliciti
3185 5414 3240 5461 et
3269 5423 3366 5462 cu-

1797 5495 1947 5560 riosi,
1975 5503 2029 5549 et
2058 5508 2348 5563 pauperum
2369 5502 2424 5548 et
2448 5493 2691 5559 divitum,
2714 5504 2769 5549 et
2792 5494 2879 5548 illa
2905 5505 3086 5550 amant
3113 5512 3232 5566 qua:
3258 5514 3366 5555 non

1795 5598 1919 5643 sunt
1950 5605 1964 5642 :
1989 5587 2129 5658 quod
2160 5596 2242 5641 est
2265 5586 2494 5641 maxime
2514 5601 2723 5656 Signum
2756 5586 3015 5656 improba:
3041 5587 3364 5656 cupiditatis.

1793 5682 1909 5739 Non
1935 5681 2117 5737 dicunt
2144 5681 2308 5748 enim,
2341 5679 2539 5737 Vellem
2575 5680 2772 5735 habere
2809 5678 2970 5749 hujus
2993 5689 3085 5733 aut
3112 5679 3252 5736 illius
3279 5681 3365 5736 fa-

1797 5775 2041 5843 cultates,
2070 5782 2160 5830 aut
2181 5773 2279 5829 has
2305 5772 2386 5829 vel
2418 5772 2534 5829 illas
2562 5771 2736 5829 solum
2761 5787 2776 5838 ;
2819 5769 2917 5827 sed
2952 5780 3005 5826 et
3034 5778 3243 5828 montes
3268 5786 3364 5830 vo—
