3802 6214
482 308 588 367 διο
1171 305 1229 362 S.
1267 300 1542 360 JOANNIS
1575 299 2041 356 CBRYSOSTOMI
2079 297 2394 354 AliClllEP.
2426 279 2954 356 CONSTANTlNOP.
3583 309 3651 364 δέῃ

486 425 600 478 luat
625 435 745 476 esse
768 435 979 488 aurum,
1004 428 1060 475 et
1083 417 1269 473 domos
1294 425 1350 472 et
1387 429 1737 485 quzrcumqne
1782 411 2050 474 videmur,
2161 410 2240 464 bis
2263 411 2401 465 dicta
2429 423 2582 478 sunt,
2615 411 2838 482 perinde
2876 422 3038 481 atque
3067 411 3113 466 si
3138 411 3255 482 quis
3291 427 3351 468 ea
3375 412 3544 470 dixerit
3565 423 3652 471 ad.»

484 524 540 568 i-t
563 513 629 566 ad
650 515 874 566 alterum
906 525 964 566 se
1005 508 1330 564 transferunt
1375 505 1660 566 mundum;
1692 515 1745 558 et
1775 504 1887 557 lucc
1930 517 2053 571 per-
2167 501 2492 558 lcscentihus
2513 503 2990 572 intemperantibus
3014 514 3068 558 et
3092 503 3384 574 impudicis,
3409 508 3556 576 quiea
3575 527 3651 580 qui.

488 617 646 676 petuo
677 606 964 675 patiuntur,
1013 617 1183 672 neque
1223 615 1442 669 usquam
1490 599 1646 651 ﬁnem
1677 596 1875 650 faciunt
1916 593 2058 647 desi-
2161 591 2410 648 dicuntur
2439 594 2504 648 de
2529 610 2696 664 regno
2741 604 2796 649 et
2831 595 3074 664 gehenna
3105 610 3210 648 non
3251 594 3468 650 libenter
3492 598 3652 657 lerant:

485 695 878 762 derandi.Qnis
909 693 1084 748 verbis
1112 693 1306 762 poterit
1330 690 1597 758 explicare
1623 687 1830 741 illarum
1863 684 2057 738 ﬂuctus
2160 686 2373 755 quando
2402 696 2579 741 autem
2612 686 2725 742 inec
2757 687 2808 741 in
2841 687 3072 741 medium
3101 687 3488 754 atlduxerimus,
3519 696 3652 749 nedin

485 789 887 861 cogitationum,
932 791 1328 854 tempestatem,
1377 778 1700 848 caliginem?
1749 775 1835 830 ubi
1879 783 2054 828 autem
2159 775 2370 845 quidem
2403 785 2576 846 potest
2603 787 2800 847 quanta
2830 777 2899 830 sit
2929 777 3322 832 moderatorum
3353 789 3406 833 et
3431 789 3655 852 temperan-

489 890 612 936 sunt
643 891 718 935 tot
761 879 950 932 ﬂuctus
991 886 1045 929 et
1078 884 1220 928 tanta
1253 882 1571 941 tempestas,
1615 885 1856 940 quamam
1901 867 2057 921 fuerit
2163 871 2292 923 tium
2325 869 2568 939 voluptas
2594 885 2608 933 ;
2639 869 2851 938 quando
2877 869 2996 939 quis
3025 884 3205 924 secum
3234 880 3439 938 reputat
3461 887 3653 940 coronas,

487 969 776 1041 voluptas?
806 969 978 1033 Nulla,
1008 967 1100 1021 sed
1134 964 1392 1019 tumultus
1417 973 1469 1015 et
1499 962 1652 1015 dolor
1676 971 1730 1016 et
1757 959 2057 1027 caliginosa:
2164 961 2376 1030 prannia
2397 1002 2413 1026 ,
2469 961 2908 1016 consuetudinem
2959 978 3078 1015 cum
3134 962 3336 1031 angelis
3359 1004 3373 1026 ,
3405 963 3452 1016 in
3481 966 3654 1021 universe

488 1065 701 1121 nebula:
727 1077 827 1134 pro
854 1062 1005 1132 aquis
1047 1059 1277 1114 ferentes
1309 1057 1528 1110 multam
1577 1055 1739 1108 animi
1786 1052 2058 1122 tegritudi-
2163 1056 2294 1108 orbe
2324 1063 2479 1109 terra:
2509 1056 2949 1119 celebrationem,
2979 1056 3225 1109 ﬁduciam
3253 1065 3311 1111 et
3335 1056 3526 1110 dicendi
3549 1058 3656 1112 liber-

486 1172 609 1214 nem
642 1173 656 1210 :
705 1153 846 1224 qttod
891 1153 1051 1208 etiam
1093 1149 1230 1205 solet
1275 1147 1518 1203 accidere
1571 1146 1634 1200 iis
1685 1146 1771 1211 qui
1827 1147 2057 1200 alienam
2165 1154 2346 1210 tatem,
2378 1161 2500 1215 spes
2530 1147 2648 1202 illas
2680 1147 2844 1200 bonas
2866 1158 2920 1200 et
2951 1147 3302 1201 immortales.
3339 1151 3570 1202 Atcoitus
3597 1151 3655 1204 le-

485 1257 668 1305 amant
713 1243 1176 1315 pulchritudinem.
1224 1240 1510 1311 Propterea
1559 1240 1649 1309 qui
1708 1238 1849 1291 nullo
1900 1240 2058 1291 modo
2165 1238 2253 1292 bet
2291 1239 2647 1308 voluptatem;
2701 1239 2802 1294 hoc
2855 1240 2997 1293 enim
3045 1249 3302 1308 perpetuo
3350 1253 3568 1306 versant;
3600 1246 3657 1311 φῇ

489 1350 700 1404 amant,
751 1339 805 1393 in
852 1335 1040 1403 majori
1078 1343 1200 1390 sunt
1245 1334 1517 1402 voluptate
1543 1346 1700 1401 quam
1752 1330 2057 1397 huiusmodi
2164 1347 2292 1384 vero
2320 1341 2626 1402 temperans
2655 1344 2757 1396 est,
2791 1347 2896 1386 non
2922 1342 3091 1400 potest
3120 1331 3335 1386 assidue
3362 1348 3562 1401 pugnare
3579 1352 3655 1388 cm

491 1444 779 1486 amatores.
810 1428 914 1483 Sed
941 1426 1006 1481 ad
1039 1425 1137 1480 hoc
1179 1424 1390 1494 quidem
1440 1438 1597 1477 nemo
1632 1422 2056 1477 contradixerit:
2165 1425 2443 1496 tyrannide
2493 1433 2717 1479 naturae.
2769 1426 2839 1478 At
2887 1426 3210 1479 contrarium
3257 1426 3510 1479 inveneris
3544 1444 3555 1478 :
3588 1427 3658 1495 ip-a

491 1538 593 1593 ego
617 1531 794 1577 autem
823 1535 944 1574 eum
974 1517 1132 1572 etiam
1155 1515 1243 1585 qui
1270 1526 1410 1568 amat
1436 1514 1670 1584 quidem,
1700 1512 1943 1582 reprimit
1967 1529 2062 1565 au-
2163 1516 2306 1569 enim
2332 1517 2411 1569 vis
2432 1525 2484 1569 et
2520 1514 2850 1584 perturbatio
2870 1524 2952 1568 est
2982 1515 3148 1584 magis
3165 1515 3306 1584 apud
3333 1531 3447 1569 eum
3469 1516 3656 1585 quisa".

492 1625 599 1670 tem
625 1613 918 1677 libidinem,
949 1610 1134 1680 majori
1162 1608 1386 1663 dixerim
1411 1605 1548 1660 allici
1582 1606 1872 1674 voluptate,
1902 1619 2058 1673 quam
2166 1615 2324 1660 tatur.
2370 1607 2530 1661 Multa
2562 1608 2703 1662 enim
2731 1617 2814 1662 est
2843 1608 2894 1661 in
2926 1623 3150 1676 corpore
3177 1610 3426 1678 agitatio;
3453 1620 3500 1663 et
3533 1615 3657 1678 quovis

488 1721 610 1761 eum
630 1704 719 1776 qui
740 1701 951 1757 assidue
975 1699 1166 1756 fruitur
1198 1698 1503 1754 meretrice.
1534 1696 1666 1750 Nam
1707 1695 1917 1750 etiamsi
1945 1696 2060 1764 ejus
2168 1696 2442 1750 ﬂuctuanti
2475 1698 2605 1751 mari
2639 1696 2726 1752 hic
2750 1697 2967 1766 gravius
2993 1697 3246 1761 aflicitur,
3273 1698 3422 1768 cujus
3450 1714 3656 1769 numquam

489 1797 874 1856 demonstratio
907 1797 978 1853 sit
1005 1794 1298 1858 difﬁcilior,
1349 1806 1568 1846 necesse
1617 1802 1789 1844 tamen
1834 1799 1909 1844 est
1961 1790 2061 1844 hoc
2165 1787 2373 1842 sistitur
2401 1787 2663 1856 cupiditas
2687 1831 2703 1856 ,
2743 1789 2837 1844 sed
2865 1789 2932 1844 ab
2977 1805 3039 1844 ea
3070 1805 3285 1860 semper
3315 1792 3567 1860 impetitur,
3593 1810 3657 1847 non

488 1889 743 1946 audacter
771 1885 1100 1958 probandum
1129 1883 1426 1953 suscipere.
1470 1881 1564 1936 Est
1591 1882 1732 1934 enim
1770 1880 2058 1944 difﬁcilior,
2164 1895 2319 1936 secus
2346 1894 2503 1951 atque
2551 1883 2640 1952 qui
2669 1883 3032 1951 corripiuntur
3059 1898 3089 1936 a
3120 1883 3400 1949 daemone,
3441 1893 3488 1938 et
3511 1887 3657 1939 assidue

489 1998 593 2037 non
616 1998 680 2036 ex
709 1981 783 2034 rei
807 1987 1014 2045 natura,
1039 1976 1133 2032 sed
1160 1993 1222 2030 ex
1246 1991 1332 2040 eo,
1357 1974 1500 2045 quod
1530 1973 1798 2027 auditores
1826 1972 1923 2026 hac
1949 1973 2062 2040 phi-
2165 1970 2539 2040 discerpuntur
2581 1987 2610 2025 a
2657 1972 2807 2025 malis
2851 1973 3144 2039 spiritibus.
3194 1973 3506 2042 Temperans
3541 1987 3656 2027 autc-tn
3720 2033 3721 2052 χ

489 2073 729 2144 losophia
761 2087 862 2126 non
887 2071 997 2126 sint
1020 2069 1187 2139 digni.
2167 2075 2273 2114 non
2294 2075 2446 2116 secus
2482 2076 2546 2116 ac
2593 2061 2746 2116 fortis
2784 2062 2980 2117 athleta
3007 2105 3021 2126 ,
3077 2079 3192 2116 eam
3247 2064 3455 2118 assidue
3496 2067 3655 2131 feriens,

561 2167 614 2221 3.
641 2164 776 2233 Quid
798 2173 882 2218 est
907 2163 1072 2228 enim,
1098 2161 1184 2215 dic
1208 2174 1412 2230 quaeso,
1442 2155 1639 2212 amanti
1662 2155 1973 2224 jucundius,
1995 2155 2064 2210 ab
2167 2152 2420 2219 optimam
2448 2161 2503 2206 et
2530 2152 2826 2206 innumeris
2873 2153 3179 2222 hujusmodi
3209 2155 3415 2208 deliciis
3451 2157 3656 2222 jucundio-

459 2248 464 2254 ’
489 2255 660 2311 amica
677 2252 894 2323 despici,
920 2267 988 2306 an
1015 2252 1262 2305 honorari
1283 2258 1338 2304 et
1367 2249 1510 2303 illam
1536 2246 1854 2316 despicere?
1882 2245 2063 2300 Palam
2167 2257 2280 2296 rem
2310 2243 2537 2312 percipit
2571 2245 2897 2314 Voluptatem
2923 2286 2938 2310 ,
2992 2246 3090 2298 hac
3118 2247 3342 2308 victoria
3365 2287 3379 2310 ,
3430 2247 3542 2299 lion:
3573 2262 3655 2298 Cun-

491 2357 578 2404 est
606 2347 707 2402 hoc
734 2359 852 2401 esse
897 2342 1202 2414 jucundius.
1232 2341 1402 2408 Quem
1444 2354 1572 2410 ergo
1596 2381 1612 2406 ,
1662 2354 1862 2408 qumso,
1898 2337 2065 2406 magis
2169 2333 2391 2387 scientia
2414 2374 2429 2398 ,
2457 2342 2512 2387 et
2557 2335 2830 2404 praeclaris
2859 2337 3076 2405 tropaeis
3125 2346 3381 2407 perpetuo
3405 2350 3596 2391 ornatus.
3624 2339 3655 2392 Si

493 2437 771 2493 honorabit
799 2437 1048 2489 meretrix
1070 2473 1087 2500 ,
1113 2447 1308 2489 eumne
1335 2431 1427 2501 qui
1457 2432 1556 2502 ipsi
1588 2430 1776 2494 servit,
1811 2437 1865 2483 et
1895 2427 2066 2482 factus
2101 2492 2128 2520 θ
2170 2435 2350 2479 autem
2383 2434 2504 2496 post
2539 2440 2886 2496 congressum
2934 2427 3024 2482 ille
3079 2443 3264 2496 parum
3325 2429 3557 2497 quiescit,
3595 2429 3654 2482 hoc

492 2540 578 2587 est
603 2531 718 2598 ejus
745 2526 1085 2596 mancipium,
1111 2538 1180 2578 an
1209 2538 1329 2579 eum
1357 2522 1445 2592 qui
1475 2522 1589 2591 ejus
1620 2520 1888 2589 superavit
1909 2519 2064 2585 retia,
2107 2516 2122 2520 ⁷
2172 2516 2300 2569 nihil
2329 2517 2487 2571 fuerit
2513 2535 2526 2569 :
2568 2533 2778 2572 rursum
2808 2519 2950 2573 enim
2982 2519 3183 2573 invadit
3212 2528 3490 2589 tempesuts
3511 2531 3551 2574 et
3581 2536 3655 2572 nr-

491 2631 542 2678 et
571 2619 783 2676 structis
812 2618 880 2671 ab
904 2633 963 2669 ca
989 2615 1207 2670 calamis
1233 2614 1378 2669 volat
1397 2611 1596 2667 altius?
1624 2611 1718 2666 Est
1744 2609 1912 2664 cuivis
1943 2625 2066 2678 per-
2170 2621 2286 2660 sum
2313 2606 2525 2662 ﬂuctus.
2554 2606 2654 2675 Qui
2687 2617 2863 2663 autem
2891 2609 3322 2679 philosophatur,
3355 2626 3419 2664 ne
3447 2611 3567 2663 initio
3588 2613 3657 2678 qni-

493 2715 731 2784 spicnum
759 2709 898 2780 quod
927 2709 1086 2763 hunc.
1113 2707 1168 2761 In
1199 2722 1484 2776 quemnam
1511 2715 1687 2758 autem
1723 2717 1878 2756 suum
1900 2702 2068 2771 magis
2171 2698 2290 2753 dctn
2321 2700 2580 2770 permittit
2608 2710 2664 2755 ut
2695 2701 2814 2758 hzec
2841 2717 2900 2757 se
2927 2703 3140 2757 invadat
3168 2703 3481 2773 perturbatio
3500 2745 3512 2766 ,
3547 2718 3659 2768 negor

495 2801 733 2859 conferet
757 2799 1011 2860 studium,
1049 2798 1101 2852 in
1130 2812 1322 2852 eumne
1351 2797 1438 2865 qui
1469 2793 1700 2856 cecidit,
1733 2808 1800 2846 an
1847 2793 1898 2845 in
1944 2805 2066 2845 eum
2173 2805 2230 2847 ut
2261 2809 2406 2850 mare
2431 2806 2694 2866 assurgat,
2720 2811 2819 2852 nec
2836 2806 2894 2851 ut
2916 2799 3029 2852 haec
3049 2800 3159 2854 fera
3182 2800 3509 2855 vocifcretur.
3534 2799 3576 2853 Si
3595 2802 3656 2850 vim

496 2896 588 2965 qui
619 2891 897 2949 nondum?
941 2892 994 2946 ln
1027 2905 1146 2944 eum
1194 2888 1350 2958 plane
1388 2885 1479 2956 qui
1510 2884 1766 2939 nondum.
1794 2883 1925 2952 Quis
1968 2882 2072 2937 erit
2171 2894 2347 2938 autem
2393 2887 2622 2954 patiatur
2665 2888 2718 2941 in
2765 2889 3048 2944 retinendo
3077 2890 3280 2962 impetu
3334 2900 3502 2956 tanto;
3533 2901 3576 2944 at
3606 2892 3656 2944 ille

497 2993 674 3039 autem
701 2979 1128 3044 desiderabilior,
1177 2979 1291 3032 isne
1319 2976 1408 3047 qui
1456 2985 1539 3030 est
1563 2974 1874 3040 confectus,
1906 2988 1973 3027 an
2025 2973 2071 3028 is
2178 2975 2337 3030 etiam
2372 2975 2724 3045 libidinosus,
2771 2980 3075 3047 frequenter
3121 2983 3397 3051 pulsatus,
3443 2983 3654 3038 confossa.

497 3074 585 3144 qui
631 3071 864 3127 nondum
892 3079 975 3125 est
1002 3069 1230 3138 captus?
1251 3065 1300 3121 ls
1325 3067 1412 3136 qui
1461 3065 1695 3120 nondum
1738 3073 1822 3119 est
1862 3073 2068 3132 captus.
2174 3075 2500 3136 uestrumque
2527 3083 2630 3123 non
2661 3068 2838 3124 ferens
2861 3112 2876 3135 ,
2911 3071 3050 3125 haud
3077 3088 3251 3138 secus,
3282 3089 3432 3144 quam
3457 3075 3493 3128 si
3530 3089 3655 3140 equum

496 3166 552 3220 Si
602 3173 777 3219 autem
833 3178 940 3216 non
998 3160 1255 3223 creditis,
1308 3175 1338 3211 a
1396 3158 1557 3211 rebus
1614 3156 1807 3210 vestris
1852 3154 2070 3210 afferam
2175 3157 2486 3213 indomitum
2515 3158 2666 3215 freno
2694 3163 2974 3228 retineret,
3006 3177 3173 3219 artem
3203 3183 3414 3221 omnem
3439 3166 3655 3220 adhibens:

498 3254 1033 3312 demonstrationem.
1072 3251 1368 3317 Quamnam
1410 3247 1552 3301 enim
1600 3246 1875 3300 mulierem
1903 3246 2073 3315 magis
2177 3252 2220 3305 si
2249 3260 2424 3306 autem
2453 3256 2696 3319 cesserit,
2723 3265 2779 3308 et
2803 3255 3039 3311 laborem
3069 3257 3284 3328 fugerit,
3313 3260 3478 3315 abillo
3499 3274 3657 3328 preceps

501 3350 693 3405 amarit
729 3346 992 3418 quispiam
1017 3385 1031 3408 ,
1080 3356 1269 3398 eamne
1312 3356 1430 3410 quze
1475 3339 1633 3394 facile
1682 3339 1980 3393 succumbit
2020 3347 2075 3392 et
2176 3357 2513 3414 quocumque
2542 3345 2761 3400 feratur.
2795 3347 2919 3402 llzec
2949 3349 2992 3403 si
3017 3349 3157 3404 dicta
3184 3359 3313 3406 sunt
3336 3351 3538 3421 apertius
3558 3364 3656 3418 quam

504 3445 605 3515 ipsi
649 3458 708 3498 se
733 3440 915 3507 dedit,
963 3454 1029 3492 an
1073 3452 1192 3491 eam
1221 3451 1341 3504 qua;
1378 3441 1540 3503 negat
1589 3441 1643 3488 et
1681 3432 1948 3502 negotium
1994 3429 2074 3484 fa-
2179 3448 2274 3504 par
2301 3433 2390 3499 sit,
2437 3450 2596 3490 nemo
2621 3451 2707 3491 nte
2737 3436 3135 3507 reprehendat;
3185 3440 3317 3495 ηοιο
3360 3441 3484 3496 enim
3519 3439 3654 3494 dicenti

505 3534 703 3589 cessit?
743 3531 888 3586 lianc
921 3527 1107 3600 procul
1147 3526 1310 3581 dubio
1343 3541 1357 3579 :
1403 3524 1527 3579 hinc
1571 3522 1715 3578 enim
1761 3522 2072 3578 accenditur
2177 3526 2434 3594 gravitate
2454 3540 2648 3581 ornare
2676 3527 2972 3584 orationem
2997 3573 3016 3596 ,
3048 3529 3140 3586 sed
3171 3546 3364 3601 graves
3399 3543 3448 3588 et
3482 3531 3656 3585 honestas

508 3626 680 3696 majus
722 3622 1066 3678 desiderium.
1117 3619 1256 3686 Ergo
1299 3615 1437 3671 idem
1486 3629 1697 3684 quoque
1720 3615 1826 3668 erit
1852 3615 1903 3667 in
1955 3627 2075 3666 mu-
2181 3617 2354 3673 facere
2378 3618 2668 3674 auditores.

510 3719 674 3780 Iiere;
715 3725 771 3771 et
808 3729 929 3768 eum
968 3710 1134 3780 magis
1175 3709 1262 3765 illa
1304 3707 1587 3760 honorabit
1627 3713 1683 3760 et
1731 3704 2079 3758 udmirabitur
2264 3713 2318 3768 ι.
2357 3711 2647 3782 Propterea
2691 3714 2964 3784 praphetze
3007 3729 3221 3785 quoque
3268 3717 3396 3771 nulli
3443 3713 3655 3784 hujustmﬁ
3720 3707 3721 3724 ‘

512 3806 604 3877 qui
651 3819 708 3860 se
744 3802 987 3871 despicit.
1032 3799 1087 3855 Si
1143 3812 1230 3854 res
1269 3806 1450 3852 autem
1488 3795 1558 3849 ita
1593 3810 1652 3850 se
1691 3794 1914 3859 habeat,
1948 3794 2013 3848 illi

2181 3802 2346 3858 verbo
2374 3812 2614 3872 parcunt,
2643 3804 2884 3859 volentes
2905 3803 3210 3860 Iudaeorum
3238 3805 3526 3860 exscindere
3542 3802 3655 3858 libidi-

515 3911 728 3968 quoque
756 3895 926 3966 palam
949 3892 1052 3948 erit
1092 3891 1144 3946 in
1175 3888 1362 3959 majori
1391 3901 1511 3943 esse
1539 3887 1810 3956 voluptate
1841 3900 1961 3941 eum
1991 3885 2080 3955 qui
2184 3907 2306 3949 nem
2333 3902 2390 3949 et
2413 3893 2873 3962 intemperantiam
2891 3935 2907 3960 ,
2931 3893 3024 3950 sed
3045 3909 3139 3950 eos
3171 3905 3389 3966 tangunt
3410 3897 3542 3951 etiam
3559 3907 3657 3960 ape-

513 3987 681 4058 magis
707 3985 1000 4039 honoratur
1025 3991 1080 4036 et
1106 3979 1360 4050 diligitur.
1404 3977 1536 4032 Nam
1579 3986 1633 4032 et
1659 3976 1766 4032 dux
1809 3976 2080 4032 exercitus
2185 3986 2322 4052 tius,
2351 3999 2512 4053 quam
2543 3998 2642 4040 nos
2681 3986 2905 4040 nuncin
2955 3986 3021 4040 iis
3066 4003 3186 4056 qua:
3227 3988 3467 4043 diximus.
3499 3985 3657 4042 ladies

513 4076 700 4132 urbem
721 4073 933 4145 quidem
961 4070 1126 4128 semel
1151 4077 1356 4140 captam
1386 4067 1638 4132 dimittit;
1685 4066 1734 4122 ei
1758 4073 1933 4122 autem
1962 4081 2082 4137 quas
2185 4076 2329 4130 enim
2355 4075 2541 4130 volens
2569 4075 2767 4145 ejicere
2807 4076 3175 4146 putredinem,
3220 4093 3330 4133 non
3357 4093 3418 4134 eo
3441 4085 3597 4147 Spectat
3625 4083 3657 4123 ut

513 4169 716 4224 resistit
743 4176 797 4221 et
824 4162 1103 4220 contendit
1126 4161 1273 4216 onmi
1301 4159 1478 4216 studio
1502 4159 1702 4215 assidet
1733 4175 1748 4212 :
1784 4167 1840 4212 et
1861 4168 2085 4214 venator
2185 4166 2410 4221 mundas
2455 4177 2736 4224 conservet
2779 4183 2987 4236 manus,
3019 4168 3114 4224 sed
3154 4179 3214 4225 ut
3255 4187 3448 4242 aegrum
3480 4171 3615 4225 liberet
3639 4181 3657 4217 ι
3720 4155 3721 4172 ¹

513 4259 680 4315 feram
704 4256 948 4315 venando
983 4265 1191 4325 captam
1220 4253 1381 4309 habet
1409 4254 1461 4307 in
1509 4252 1742 4308 tenebris
1785 4251 2014 4308 inclusan

2187 4259 2498 4330 putredine;
2527 4270 2581 4315 et
2611 4261 2655 4314 is
2679 4261 2768 4331 qui
2798 4259 3050 4316 humilem
3077 4263 3185 4316 vult
3210 4265 3466 4320 excelsum
3490 4258 3653 4319 reddent.

511 4347 956 4422 quemadmodum
984 4345 1240 4400 ιηθτθιτῖκ
1259 4352 1587 4407 amatorem;
1614 4357 1731 4398 eam
1761 4353 1938 4399 amem
1967 4359 2085 4414 (ιυω
2189 4351 2305 4422 ipse
2333 4352 2480 4421 prius
2511 4353 2568 4405 lit
2597 4351 2845 4418 humilis;
2876 4361 2930 4406 et
2955 4354 3042 4423 qui
3083 4354 3320 4409 studium
3357 4355 3486 4426 ponit
3508 4367 3551 4406 ut
3570 4350 3657 4403 occi-

515 4442 664 4513 fugit.
691 4439 1047 4511 Persequitur.
1080 4438 1149 4494 At
1174 4437 1284 4502 ille,
1309 4437 1536 4506 inquies,
1567 4438 1756 4492 fruitur
1780 4436 2082 4505 desiderio;
2188 4441 2280 4497 dat
2306 4443 2688 4506 insidiatorem,
2713 4457 2771 4498 se
2793 4459 3004 4513 quoque
3027 4459 3147 4499 cum
3171 4446 3265 4501 illo
3291 4454 3522 4509 cruentat,
3543 4452 3580 4496 et
3598 4443 3656 4492 hoc

517 4534 607 4589 hic
632 4541 808 4588 autem
837 4546 944 4586 non
989 4529 1199 4584 fruitur.
1231 4531 1312 4582 An
1344 4529 1537 4599 probro
1563 4543 1627 4585 ac
1670 4528 1935 4585 dedecore
1979 4546 2086 4585 non
2193 4534 2365 4604 ipsum
2408 4533 2589 4588 reddit
2625 4533 2927 4590 clariorem.
2971 4535 3102 4590 Nam
3147 4539 3192 4592 si
3239 4552 3269 4591 a
3321 4538 3450 4593 bello
3469 4546 3656 4591 reversum

514 4624 680 4688 afﬁci,
712 4636 887 4692 neque
917 4620 1038 4688 ejus
1063 4620 1354 4690 tyranuicis
1381 4619 1585 4674 servire
1605 4621 1864 4691 imperiis,
1892 4635 1992 4676 nec
2019 4621 2087 4676 ab
2193 4625 2414 4679 militem
2447 4624 2638 4679 viderit
2665 4625 2924 4694 quispiam
2955 4629 3126 4693 sanie,
3164 4631 3412 4698 sanguine
3435 4638 3482 4683 et
3511 4625 3656 4681 cerebro

516 4731 580 4771 ea
607 4713 728 4768 duci
777 4721 832 4766 et
864 4707 1155 4778 circumagi
1197 4719 1462 4778 tamquam
1508 4712 1826 4780 mancipium
1851 4751 1866 4777 ,
1899 4711 2090 4781 pugnis
2193 4729 2496 4785 respersum
2521 4724 2577 4770 et
2605 4717 2883 4785 pollutum,
2919 4733 3022 4772 non
3052 4720 3172 4775 ideo
3201 4721 3325 4774 odio
3346 4719 3526 4774 habebit
3549 4727 3656 4778 nepte

520 4814 834 4865 contusum,
867 4809 1182 4868 consputum
1209 4837 1222 4860 .
1258 4798 1311 4852 in
1339 4800 1510 4867 capite
1540 4801 1819 4868 pulsatum,
1851 4819 2085 4871 parvam,
2193 4807 2542 4873 aversabitur,
2575 4807 2669 4862 sed
2709 4811 2877 4880 magis
2919 4811 3077 4865 etiam
3127 4812 3473 4868 admiramur.
3517 4809 3570 4863 ιι,
3600 4821 3656 4856 ρης

522 4896 609 4950 dic
629 4907 810 4964 quaeso
830 4933 845 4956 ,
879 4891 1150 4947 existimas
1183 4903 1304 4944 esse
1330 4891 1690 4960 voluptatem?
1717 4892 1773 4947 Si
1800 4895 1917 4962 quis
1945 4896 2088 4948 enim
2194 4912 2404 4968 quoque
2427 4897 2681 4953 faciamus
2696 4915 2816 4954 cum
2839 4898 3122 4955 viderimus
3141 4906 3449 4973 quempiam,
3468 4909 3654 4971 postquam

526 4988 643 5042 haec
667 4994 912 5041 accurate
936 4984 1266 5048 excusserit,
1297 4992 1353 5038 et
1385 4982 1635 5054 colligere
1663 4987 1890 5054 potuerit
1914 4988 2091 5042 omnia
2197 4990 2442 5045 mactarit
2483 4989 2848 5062 cupiditatem,
2894 5002 3172 5048 cruentum
3218 5004 3560 5054 revertentem,
3582 5002 3654 5042 eum

521 5093 707 5135 eorum
742 5075 955 5146 probra,
989 5073 1341 5129 contumelias
1364 5115 1378 5138 ,
1408 5074 1830 5141 criminationes,
1881 5077 2094 5148 irasque
2200 5083 2370 5153 magis
2407 5081 2751 5150 admiremur,
2793 5085 3058 5155 simulque
3098 5087 3226 5142 socii
3251 5102 3314 5143 ac
3343 5088 3570 5158 participes
3587 5081 3655 5146 ejus

527 5181 814 5244 perpetuas
842 5184 908 5224 ex
936 5169 1113 5223 animo
1133 5167 1214 5223 vel
1242 5183 1310 5222 ex
1335 5167 1543 5222 deliciis
1567 5179 1732 5234 ortas,
1765 5168 2088 5236 inimicitias,
2201 5185 2390 5243 pugna:
2413 5180 2469 5227 et
2497 5174 2750 5239 victoria,
2778 5183 2833 5229 et
2859 5174 2926 5229 iis
2951 5176 3039 5246 qui
3060 5186 3242 5231 amant
3259 5177 3476 5233 dicamus
3498 5194 3508 5228 :
3530 5175 3654 5227 θειω-
3720 5187 3721 5246 j

526 5241 582 5320 et
609 5241 709 5316 alia
731 5261 906 5316 omnia
937 5259 1067 5313 solis
1097 5258 1414 5328 patientibus
1434 5268 1576 5323 nota,
1610 5259 1846 5315 inveniet
1869 5261 2099 5332 quodvis
2200 5241 2310 5320 dite
2335 5264 2489 5320 nobis
2513 5265 2839 5336 voluptatem
2869 5241 3026 5338 quain
3055 5271 3331 5339 accepistis
3351 5287 3411 5324 ex
3437 5267 3611 5322 libidine.
3720 5241 3721 5258 “

527 5354 728 5411 bellum
758 5351 936 5422 plures
961 5348 1158 5404 habere
1184 5348 1438 5417 inducias,
1460 5365 1617 5421 quam
1640 5349 1828 5406 horum
1850 5353 2096 5408 miseram
2283 5355 2644 5426 Temperantia:
2683 5360 2933 5429 uoluptas.
2957 5390 3027 5399 —
3047 5359 3179 5415 Nam
3215 5363 3303 5432 qui
3339 5370 3416 5416 est
3448 5362 3653 5426 temperas
3720 5363 3721 5384 ι

526 5449 712 5504 vitam.
772 5445 1071 5512 Quamnam
1109 5456 1237 5513 ergo
1273 5441 1408 5496 dicis
1428 5483 1444 5507 ,
1497 5457 1698 5513 quaso,
1730 5445 2098 5514 voluptatem?
2203 5465 2266 5505 ac
2295 5451 2537 5522 pudicus,
2566 5451 2890 5522 voluptatem
2920 5452 3078 5508 habet
3093 5469 3159 5510 ex
3187 5454 3429 5513 victoria;
3467 5461 3510 5505 tu
3542 5455 3653 5500 autem

527 5556 720 5600 eamne
743 5555 864 5611 qua:
891 5537 1098 5608 capitur
1131 5551 1198 5591 ex
1225 5535 1366 5590 coitu
1388 5577 1404 5600 ,
1431 5551 1550 5602 qua:
1572 5547 1655 5591 est
1698 5535 1876 5594 brevis
1902 5548 1958 5594 et
1986 5553 2101 5593 mo-
2206 5544 2401 5597 nullam
2425 5543 2590 5599 babes
2614 5545 2852 5600 omnino.
2875 5545 2966 5600 Sin
2993 5556 3168 5602 autem
3190 5563 3284 5603 vos
3302 5545 3466 5602 dicatis
3483 5547 3652 5605 ωωίῐιιι
3720 5549 3721 5612 i

531 5631 848 5691 mentanca?
873 5630 980 5687 Sed
1005 5643 1122 5684 eam
1151 5629 1327 5683 statim
1359 5627 1556 5684 bellum
1585 5627 1782 5699 excipit
1817 5638 1872 5684 et
1910 5630 2100 5686 ﬂuctus
2208 5644 2292 5689 est
2321 5649 2383 5689 ex
2416 5650 2744 5706 congressu;
2775 5636 2868 5691 sed
2899 5636 2988 5691 illa
3017 5645 3101 5693 est
3125 5638 3434 5694 manifestior
3455 5644 3498 5688 et
3517 5631 3652 5685 diutur-

536 5735 592 5782 et
613 5725 787 5783 rabies
809 5730 865 5780 et
891 5720 1030 5778 idem
1060 5734 1245 5776 rursus
1275 5715 1442 5775 furor.
1471 5717 1535 5774 Et
1571 5717 1685 5774 [nec
1707 5718 1918 5790 quidem
1948 5736 1978 5777 a
2000 5737 2101 5779 no-
2212 5726 2346 5781 nior.
2382 5725 2511 5782 Nam
2555 5737 2607 5782 tu
2637 5742 2700 5783 ex
2731 5741 2797 5783 eo
2823 5741 2928 5800 quo
2957 5727 3147 5786 frueris
3177 5729 3332 5788 babes
3354 5723 3514 5797 aliquid
3536 5720 3653 5800 bram
