3802 6214
157 280 235 338 519
1028 274 1097 333 IN
1134 275 1352 334 EPIST.
1396 277 1416 330 l
1453 278 1545 333 AD
1575 276 1733 334 COR.
1773 278 2007 336 HOMIL.
2051 278 2311 336 XXXVII.

152 400 215 452 ᾶτι
239 391 325 457 Τὴν
345 386 427 441 τοῦ
471 386 641 452 δεῖνος
675 387 975 460 ἐϐουλόμην
998 389 1186 445 οὐσίαν
1214 391 1378 463 ἐχειν,
1406 392 1502 446 καὶ
1541 393 1641 463 τὴν

152 477 223 533 τοῦ
261 474 399 534 δεῖνος
453 472 634 541 μόνον,
683 471 819 525 ἀλλά
864 472 958 526 καὶ
999 474 1070 527 τὰ
1116 474 1218 546 δρη
1252 474 1476 547 χρυσίον
1505 472 1648 529 εἶναι

151 560 387 634 βούλονται,
434 556 526 609 καὶ
553 555 651 616 τάς
680 556 876 621 οἰκίας,
922 559 1016 610 καὶ
1046 558 1116 611 τά
1157 558 1409 630 ὁρώμενα
1447 559 1647 621 πάντα,

148 645 221 698 καὶ
244 643 309 709 ἐφ’
335 639 506 710 ἕτερον
560 640 913 710 προϐαίνουσι
949 644 1151 713 κόσμον
1175 658 1187 673 ⁸
1232 644 1326 696 καὶ
1368 643 1527 696 τοῦτο
1561 644 1650 695 ἐπ’

146 728 322 794 ἄπειρον
348 723 623 791 πάσχουσι,
672 723 768 776 καὶ
801 724 1036 795 οὐδαμοῦ
1068 725 1168 795 τῆς
1224 725 1517 795 ἐπιθυμίας
1553 725 1651 797 λή-

145 825 285 875 γουσι.
317 806 398 869 Τίς
432 806 496 859 ἂν
550 809 922 877 παραστήσειε
966 806 1122 876 λόγος
1150 807 1239 861 τὸν
1268 808 1511 878 χειμῶνα
1540 808 1651 862 τῶν

145 888 369 960 λογισμῶν
399 888 642 953 ἐκείνων,
670 888 739 942 τὰ
768 889 1010 959 κύματα,
1046 890 1136 943 τὸν
1170 890 1369 959 ζόφον;
1418 892 1549 945 ὅπου
1592 891 1651 944 δὲ

142 976 324 1044 κύματα
354 973 438 1025 καὶ
462 971 667 1042 χειμὼν
692 972 951 1039 τοιοῦτος,
978 973 1106 1026 ποία
1133 975 1329 1042 γένοιτ’
1363 975 1428 1028 ἂν
1464 975 1649 1045 ἡδονῆς

141 1060 231 1113 Οὐκ
260 1056 382 1109 ἐστιν
420 1055 666 1125 οὐδεμία,
702 1055 839 1109 ἀλλά
872 1056 1099 1128 θόρυϐος
1127 1058 1221 1110 καὶ
1247 1056 1407 1127 ὁδύνη
1438 1058 1531 1111 καὶ
1562 1073 1651 1109 νε-

138 1142 270 1211 φέλαι
314 1139 557 1208 ζοφώδεις
602 1140 724 1193 ἀντὶ
760 1140 966 1193 ὑδάτων
1018 1140 1219 1213 πολλὴν
1264 1143 1525 1213 φέρουσαι
1558 1142 1655 1211 τὴν

137 1223 360 1295 ἀθυμίαν
401 1222 428 1275 0
454 1223 519 1294 δὴ
557 1223 650 1277 καὶ
677 1226 774 1278 ἐπὶ
801 1224 909 1278 τῶν
935 1224 1187 1294 ἐρώντων
1219 1226 1499 1297 ἀλλοτρίου
1528 1225 1657 1278 κάλ⁸

134 1311 237 1370 λους
264 1306 560 1376 συμϐαίνειν
605 1306 782 1362 είωθε.
838 1309 935 1361 Διά
972 1324 1053 1360 τοι
1087 1307 1243 1362 τοῦτο
1272 1310 1321 1361 οἱ
1363 1309 1483 1382 μηδ’
1520 1308 1657 1371 ὅλως

132 1390 351 1462 ἐρῶντες,
381 1389 489 1443 τῶν
510 1389 758 1460 ἐρώντων
784 1393 839 1443 ἐν
869 1390 1071 1445 πλείονί
1103 1394 1241 1446 είσιν
1281 1393 1466 1463 ἡδονῇ.
1497 1392 1657 1445 Ἀλλά

132 1474 248 1545 πρὸς
290 1472 432 1525 τοῦτο
483 1474 580 1542 μέν
622 1473 797 1537 οὐδεὶς
842 1475 1123 1528 ἀντείποι·
1188 1474 1297 1543 ἐγὼ
1328 1475 1383 1528 δέ
1429 1476 1524 1528 καὶ
1565 1474 1657 1528 τὸν

128 1557 313 1628 ἐρῶντα
346 1556 457 1624 μὲν,
488 1558 786 1628 κατέχοντα
811 1557 867 1610 δέ
896 1559 994 1630 τὴν
1024 1558 1342 1629 ἐπιθυμίαν.
1370 1558 1567 1629 μᾶλλον
1592 1558 1657 1611 ἂν

127 1643 271 1711 φαίην
304 1646 502 1713 τρυφᾷν
561 1643 656 1695 τοῦ
689 1644 931 1713 συνεχῶς
977 1644 1076 1714 τῆς
1116 1644 1321 1714 πόρνης
1350 1643 1659 1698 ἀπολαύον-

122 1744 216 1789 τος.
245 1725 302 1777 Εἰ
334 1724 432 1796 γάρ
459 1725 609 1797 [547]
641 1728 735 1780 καὶ
758 1727 1135 1798 δυσκολωτέρα
1167 1729 1199 1798 ἡ
1226 1728 1515 1793 ἀπόδειξις,
1543 1728 1657 1781 ἀλλ’

120 1811 251 1877 ὅμως
276 1810 364 1860 καὶ
392 1808 560 1871 οὑτως
584 1811 879 1877 ἀναγκαῖον
910 1809 1320 1881 κατατολμῆσαι
1345 1811 1439 1864 τοῦ
1477 1811 1657 1881 λόγου.

119 1891 215 1944 Καὶ
238 1890 339 1961 γάρ
378 1891 753 1961 δυσκολωτέρα
782 1892 1010 1960 γίνεται,
1066 1894 1126 1946 οὑ
1178 1894 1331 1965 παρᾲ
1359 1894 1456 1960 τὴν
1498 1895 1660 1963 φύσιν

116 1974 197 2027 τοῦ
226 1974 560 2045 πράγματος,
589 1974 726 2027 ἀλλά
754 1975 908 2046 παρά
935 1975 996 2029 τό
1032 1976 1107 2048 μὴ
1139 1970 1280 2031 εἶναι
1305 1978 1406 2048 τῆς
1441 1978 1660 2048 φιλοσοο

115 2060 231 2128 φίας
259 2056 453 2121 ταύτης
478 2058 751 2127 ἀκροατάς
778 2057 986 2122 ἀξίους.

171 2218 237 2288 γ’.
257 2218 319 2271 Τί
342 2219 444 2289 γάρ
462 2219 628 2288 ἥδιον,
644 2220 764 2272 εἰπέ
784 2232 894 2289 μοι,
908 2219 984 2290 τῷ
1004 2218 1220 2290 ἐρῶντι,
1237 2219 1298 2273 τὸ
1314 2221 1662 2290 καταφρονεῖο

102 2306 219 2357 σθαι
245 2302 351 2357 ὑπὸ
369 2303 465 2373 τῆς
486 2303 790 2374 ἐρωμένης,
813 2303 847 2372 ἡ
875 2302 936 2356 τὸ
952 2303 1214 2373 τιμᾶσθαι
1240 2305 1333 2357 καὶ¹
1357 2305 1657 2375 ὑπερορᾷν;

102 2388 329 2457 Εὔδηλον
352 2388 622 2443 ὄτιτοῦτο.
649 2386 782 2440 Τίνα
809 2383 923 2451 οὖν,
957 2388 1075 2441 είπέ
1112 2405 1223 2457 μοι,
1254 2390 1476 2461 τιμήσει
1501 2389 1663 2442 πλέον

99 2476 125 2540 ἡ
155 2472 351 2542 πόρνη,
386 2470 475 2523 τὸν
507 2470 828 2523 δουλεύοντα
858 2471 995 2541 αὑτῇ
1041 2472 1134 2523 καὶ
1175 2471 1525 2541 αἰχμάλωτον
1568 2473 1660 2524 ὑπ’

97 2556 259 2623 αὑτῆς
305 2554 407 2624 ήδη
449 2554 762 2623 γενόμενον,
794 2553 828 2624 ἢ
867 2554 959 2607 τὸν
992 2552 1263 2625 ἀνώτερον
1308 2555 1414 2608 τῶν
1447 2554 1662 2625 ἐκείνης

97 2639 345 2702 δικτύων,
374 2638 469 2690 καλ⁵
509 2637 841 2708 ὑψηλότερον
868 2628 978 2691 τῶν
1013 2639 1275 2708 καλάμων
1306 2640 1475 2710 αὑτῆς
1504 2641 1663 2692 πετό-

98 2739 286 2793 μενον;
333 2720 502 2775 Παντί
533 2738 634 2774 που
677 2722 854 2792 δῆλον,
904 2722 986 2775 ὁτι
1014 2723 1224 2776 τοῦτον.
1277 2723 1415 2795 Περὶ
1456 2722 1578 2776 τίνα
1606 2723 1663 2777 δὲ

97 2807 386 2860 σπουδάσει
438 2805 617 2868 πλέον,
664 2806 755 2859 τὸν
788 2806 1139 2869 πεπτωκότα,
1185 2807 1219 2878 ἢ
1272 2808 1362 2861 τὸν
1411 2808 1659 2872 οὑδέπω;

97 2892 182 2943 Γὸν
217 2890 440 2943 οὐδέπω
488 2890 724 2947 πάντως.
768 2890 865 2954 Τίς
915 2891 971 2944 δὲ
1017 2890 1171 2945 ἔσται
1201 2891 1594 2963 ποθεινότερος,
1634 2894 1664 2945 ὁ

97 2973 581 3044 ιατειργασμένος,
644 2974 677 3043 ἢ
734 2977 761 3028 ὁ
816 2975 1042 3044 μηδέπω
1093 2973 1297 3039 ἀλούς;
1328 2976 1387 3028 Ὀ
1441 2975 1665 3045 μηδέπω

97 3059 215 3122 ’έως
242 3057 435 3120 ἁλούς.
468 3058 532 3111 Εἰ
557 3057 613 3110 δέ
640 3059 943 3119 ἀπιστεῖτε,
966 3058 1075 3112 ἀπὸ
1095 3057 1205 3110 τῶν
1227 3058 1507 3130 ὑμετέρων
1529 3077 1667 3130 παρ-

104 3139 179 3205 ξω
214 3141 324 3212 τὴν
356 3140 653 3204 ἀπόδειξιν.
676 3142 833 3203 Τίνος
856 3140 964 3211 γὰρ
984 3142 1048 3194 ἄν
1078 3158 1161 3204 τις
1186 3141 1384 3211 μᾶλλον
1408 3141 1669 3212 ἐρασθείη

97 3224 373 3289 ὐναικὸς,
402 3224 502 3294 τῆς
531 3223 769 3286 εὐκόλως
795 3224 1367 3295 ὑποκατακλινομένης
1396 3224 1545 3296 αὑτῷ
1572 3226 1667 3279 καὶ

98 3306 465 3378 κδιδομένης,
502 3308 537 3377 ἢ
568 3307 671 3377 τῆς
699 3308 1043 3378 ἀρνουμένης
1075 3310 1169 3361 καὶ
1191 3309 1497 3379 πράγματα
1518 3309 1667 3382 αὑτῷ

97 3392 474 3463 κιρεχούσης;
516 3389 753 3461 Εὔδηλον
780 3391 862 3442 ὅτι
889 3389 1092 3460 ταύτης
1111 3406 1123 3419 ⁸
1152 3392 1244 3444 καὶ
1272 3390 1379 3462 γὰρ
1404 3391 1667 3462 μειζόνως

98 3476 338 3529 ντεῦθεν
380 3477 409 3528 ό
441 3473 602 3537 πόθος
652 3474 975 3528 ἀνάπτεται.
1022 3474 1233 3527 Οὐκοῦν
1281 3476 1377 3528 καὶ
1430 3475 1523 3528 ἐπὶ
1568 3476 1667 3546 τῆς

98 3560 345 3623 υναικὸς
378 3559 441 3612 τὸ
473 3556 604 3611 αὑτὸ
632 3557 694 3630 δὴ
740 3556 901 3610 τοῦτο
944 3557 1115 3610 ἔσται·
1152 3557 1247 3610 καὶ
1276 3557 1464 3611 τοῦτον
1505 3561 1669 3630 τιμή-

97 3661 219 3697 ουσι
256 3643 373 3697 καὶ
399 3641 766 3712 θαυμάζονται
791 3641 957 3694 πλέον
982 3641 1073 3693 τὸν
1096 3640 1448 3713 ὑπερορῶντα
1467 3641 1666 3697 αὑτῶν.

101 3730 118 3779 ί
163 3727 230 3781 δὲ
288 3725 470 3779 τοῦτο
495 3724 716 3795 ἀληθὲς,
762 3725 984 3778 κάκεῖνο
1013 3725 1235 3795 ὁμοίως,
1263 3724 1327 3778 τὸ
1371 3727 1431 3779 ἐν
1464 3725 1670 3797 μείζονι

97 3808 204 3863 ἶναι.
229 3810 424 3880 ἡδονῇ
452 3810 540 3861 τὸν
573 3809 775 3879 μᾶλλον
802 3809 1116 3879 τιμώμενον
1147 3810 1243 3863 καὶ
1282 3809 1669 3879 ἀγαπώμενον.

98 3896 230 3948 Επεὶ
260 3894 389 3947 καὶ
414 3893 719 3963 στρατηγὸς
739 3892 892 3947 πόλιν
919 3892 1016 3963 τὴν
1042 3896 1140 3963 μὲν
1159 3892 1412 3958 καθάπαξ
1436 3893 1670 3948 ἀλοῦσαν

97 3981 295 4050 ρίησι,
319 3979 405 4047 τῇ
433 3977 489 4030 δέ
512 3974 775 4047 ἐστηκυίᾳ
799 3976 893 4029 καὶ
918 3975 1295 4048 φιλονεικούσῃ
1318 3977 1672 4048 προσεδρεύει

97 4066 193 4117 ιτά
223 4062 500 4131 σπουδῆς
520 4061 754 4130 ἀπάσηςο
794 4058 889 4114 καὶ
911 4059 1180 4131 θηρευτὴς
1199 4061 1260 4112 τὸ
1286 4060 1383 4132 μὲν
1412 4060 1673 4131 θηρευθέν

97 4149 187 4203 ιον
230 4150 307 4201 ἐν
350 4146 539 4216 σκότῳ
571 4145 932 4207 κατακλείσας
963 4144 1098 4215 ἔχει,
1131 4144 1384 4215 καθάπερ
1429 4148 1465 4216 ἡ
1499 4147 1673 4218 πόρνη

98 4251 125 4284 v
150 4228 475 4303 ἐραστὴν,
506 4229 564 4281 τὸ
587 4229 643 4281 δὲ
670 4229 869 4297 φεῦγον
892 4227 1098 4282 διώκει.
1134 4229 1272 4281 Ἀλλ’
1294 4229 1553 4284 ἀπολαύει
1574 4232 1673 4303 τῆς

104 4315 397 4385 ιθυμίας
424 4314 648 4376 ἐκεῖνος,
678 4315 865 4384 φησιν,
891 4308 1043 4375 οὗτος
1072 4313 1129 4365 δὲ
1159 4314 1258 4367 οὑκ
1288 4315 1572 4370 ἀπολαύει.
1600 4318 1674 4370 T0

118 4403 219 4472 μὴ
265 4398 780 4468 καταισχύνεσθαι,
810 4398 943 4469 μηδέ
966 4397 1238 4451 δουλεύειν
1270 4401 1392 4462 ταῖς
1420 4417 1673 4469 τυραννι-

98 4491 155 4548 ῖς
200 4484 431 4554 αὐτῆς
457 4484 767 4549 ἐπιταγαῖς,
805 4482 939 4553 μηδὲ
972 4482 1047 4544 ὡς
1079 4481 1413 4552 ἀνδράποδον
1442 4484 1673 4552 άγεσθαι

98 4571 114 4595 ’
157 4569 393 4636 αὐτῆς
439 4566 531 4619 καὶ
556 4567 914 4636 περιάγεσθαι
943 4564 1329 4636 ῥαπιζόμενον,
1363 4567 1675 4638 ἐμπτυόμε-

98 4676 133 4716 ν,
176 4654 309 4705 ἐπὶ
385 4650 635 4720 κεφαλῆς
668 4648 998 4721 ὠθούμενον.
1047 4652 1252 4721 μικράν
1288 4651 1480 4723 ἡδονὴν
1534 4648 1674 4706 εἶναι

97 4740 314 4802 ιίζεις
343 4753 371 4801 ;
399 4735 520 4786 εἰπέ
550 4751 659 4804 μοι.
688 4736 750 4787 Εἰ
779 4734 889 4806 γάρ
916 4752 1001 4798 τις
1026 4736 1199 4788 ταῦτα
1225 4734 1468 4806 ἀκριϐῶς
1499 4736 1677 4802 ἐξετά-

98 4841 160 4882 ε,
200 4821 341 4875 καὶ
371 4818 635 4888 δυνηθείη
670 4817 768 4881 τάς
791 4817 977 4888 ὕϐρεις
1010 4818 1190 4871 αὐτῶν
1230 4822 1582 4888 συναγαγεῖν,
1609 4820 1676 4873 τά

97 4907 203 4975 ελή
218 4919 445 4974 ματα,
478 4901 577 4965 τὰς
612 4904 852 4972 συνεχεῖς
883 4902 1070 4973 όργάς,
1100 4902 1198 4965 τὰς
1215 4902 1322 4956 ἀπὸ
1353 4903 1552 4973 ψυχῆς,
1576 4903 1675 4968 τὰς

97 4996 113 5042 >
163 4987 301 5041 τοῦ
372 4983 719 5055 θρύπτεσθαι
767 4985 1083 5054 γινομένας,
1126 4986 1227 5048 τὰς
1256 4986 1577 5055 ἀπεχθείας,
1609 4986 1678 5040 τὰ

98 5094 145 5127 α
194 5072 471 5128 πάντα.
503 5068 649 5140 ἆπερ
676 5070 725 5121 οἱ
756 5070 1057 5138 πάσχοντες
1097 5069 1246 5122 ῖσασι
1282 5069 1464 5140 μόνον,
1496 5070 1676 5124 πάντα

103 5179 138 5212 ε
145 5174 299 5230 μον
358 5155 602 5225 εὑρήσει
647 5152 866 5217 πλείους
893 5154 1084 5223 ἔχοντα
1117 5154 1215 5217 τὰς
1245 5156 1537 5225 ἀνακωχὰς
1574 5155 1677 5225 τῆς

98 5245 221 5306 ίας
280 5237 540 5293 τούτων
569 5237 732 5307 ζωῆς.
762 5237 929 5291 Ποίαν
964 5233 1059 5289 οὖν
1081 5237 1261 5305 λέγεις
1291 5239 1523 5310 ἡδονὴν;
1554 5238 1677 5291 εἰπέ

105 5345 124 5358 ο
177 5326 334 5395 τὴν
393 5320 511 5373 ἀπὸ
542 5321 640 5389 τῆς
672 5320 891 5391 μίξεως,
922 5321 1020 5390 τὴν
1050 5320 1387 5392 πρόσκαιρον
1413 5322 1510 5375 καὶ
1540 5322 1676 5393 βρα-

97 5430 153 5463 ιν
184 5427 206 5475 ;
256 5403 465 5460 Ἀλλ’
498 5403 696 5466 εὑθέως
729 5402 932 5473 ταύτην
962 5403 1197 5473 πόλεμος
1226 5405 1677 5475 ἐπικαταλαμϐά-

98 5493 239 5546 xciv.
299 5486 569 5554 κύματα
611 5488 703 5541 καὶ
732 5485 897 5539 λύττα
925 5487 1021 5539 καὶ
1057 5487 1223 5556 μανία
1268 5488 1429 5541 πάλιν
1455 5489 1488 5559 ἡ
1514 5490 1674 5561 αὐτῆ.

126 5575 413 5631 ταῦτα.
454 5572 546 5641 μὲν
574 5574 706 5643 ἡμῖν
738 5570 974 5641 εἴρηται,
1016 5570 1092 5635 ώς
1119 5572 1183 5626 ἄν
1216 5589 1299 5636 τις
1332 5572 1469 5636 νέοις
1498 5573 1678 5626 διαλε-

97 5678 269 5724 avo;
347 5654 702 5717 ἀκολάστοις
750 5656 912 5716 εἴποι,
953 5653 1013 5706 ού
1072 5653 1279 5724 σφόδρα
1328 5655 1677 5725 ἀνεχομένοις

152 5738 361 5813 περὶ
448 5736 717 5807 βασιλείας
772 5739 862 5793 καὶ
900 5737 1123 5809 γεέννης
1175 5736 1403 5791 ἀκοῦσαι
1458 5736 1665 5806 λόγωνο

3202 281 3312 338 3‘20

1747 392 1875 448 ὅταν
1897 394 1954 447 δὲ
1982 393 2079 447 καὶ
2114 392 2289 447 ταῦτα
2316 392 2396 456 είς
2424 389 2587 462 μέσον
2612 391 2933 463 ἀγάγωμεν,
2970 392 3090 448 οὑδέ
3108 392 3318 450 ἔνεστιν

1748 479 1921 531 είπεῖν
1976 478 2076 548 ὅση
2114 477 2224 531 τῶν
2268 475 2691 548 σωφρονούντων
2739 475 2771 545 ἡ
2801 475 2983 545 ἡδονὴ,
3018 478 3145 530 ὅταν
3181 479 3318 531 ἀνα-

1747 560 1956 633 πλάττῃ
2014 562 2143 632 παρ’
2182 558 2359 629 ἐαυτῷ
2405 560 2531 622 τοὺς
2580 557 2898 626 στεφάνους,
2942 558 3008 610 τὰ
3067 558 3315 629 βραδεῖα,

1747 644 1846 714 τὴν
1887 643 2025 715 μετὰ
2054 643 2161 697 τῶν
2196 643 2442 712 ἀγγέλων
2475 641 2711 712 ὁμιλίαν,
2737 640 2834 711 τὴν
2871 641 2966 692 ἐπὶ
2994 639 3095 710 τῆς
3134 644 3317 693 οἰκου-

1754 728 1920 799 μένης
1970 727 2293 798 ἀνάρρησιν,
2329 726 2428 797 τὴν
2484 723 2634 797 [548]
2668 721 2999 798 παρρησίενο
3040 723 3140 800 τὰς
3181 740 3319 793 κρη-

1754 809 1884 873 στάς
1920 810 2014 863 καὶ
2044 808 2346 871 ἀθανάτους
2388 806 2607 870 ἐλπίδας
2646 807 2879 869 ἐκείνας.
2910 805 3047 858 Ἀλλ’
3089 808 3122 875 ἡ
3176 805 3320 875 μῖξις

1755 893 2001 964 ἐχειτινά
2030 894 2247 964 ἡδονήν·
2273 892 2429 945 τοῦτο
2444 890 2554 961 γὰρ
2579 889 2816 961 συνεχῶς
2841 890 3317 961 περιστρέφουσιν·

1752 978 1781 1029 ὁ
1816 977 1873 1029 δὲ
1914 976 2204 1048 σωφρονῶν
2248 976 2307 1028 οὑ
2352 974 2575 1027 δύναται
2624 973 2887 1044 διηνεκῶς
2922 974 3224 1044 μαχόμενος
3252 976 3321 1044 τῇ

1752 1063 1851 1133 τῆς
1881 1061 2093 1131 φύσεως
2122 1060 2415 1131 τυραννίδι.
2447 1058 2768 1112 Τοὺναντίον
2800 1058 2898 1128 μὲν
2927 1054 3018 1110 οῦν
3053 1057 3199 1128 εὖροι
3237 1074 3322 1121 τις

1754 1147 1838 1201 ἄν’
1872 1149 1904 1216 ἡ
1946 1146 2055 1216 γὰρ
2088 1145 2178 1215 βία
2208 1144 2345 1215 αὕτη
2372 1144 2467 1197 καὶ
2484 1142 2698 1213 ταραχὴ
2728 1143 2879 1214 παρά
2898 1141 2974 1212 τῷ
3007 1141 3325 1212 πορνεύοντι

1759 1232 1959 1305 μᾶλλόν
1991 1233 2129 1284 ἐστι.
2183 1230 2292 1282 Καὶ
2328 1229 2435 1298 γὰρ
2477 1227 2663 1289 κλόνός
2686 1229 2744 1279 ἐν
2774 1225 2851 1296 τῷ
2882 1224 3095 1295 σώματι
3134 1226 3321 1289 πολὺς,

1755 1317 1850 1369 καὶ
1907 1315 2088 1382 πάσης
2144 1312 2414 1381 θαλάττης
2466 1310 2887 1380 κυματουμένης
2946 1306 3325 1379 χαλεπώτερον

1754 1393 1911 1463 οὗτος
1935 1399 2224 1460 διάκειται,
2265 1394 2519 1448 οὐδέποτε
2550 1393 2686 1464 πρὸς
2716 1394 2814 1465 τὴν
2839 1392 3135 1462 ἐπιθυμίαν
3175 1391 3326 1444 ἱστά-

1761 1499 1937 1556 μενος,
1995 1481 2114 1535 ἀλλ’
2147 1482 2233 1534 ἀεὶ
2281 1479 2606 1550 βαλλόμενος
2660 1476 2752 1531 ὑπ’
2803 1477 2995 1547 αὐτῆς,
3042 1475 3247 1556 γῶσπερ
3273 1476 3326 1529 οἱ

1756 1560 2137 1632 δαιμονῶντες,
2172 1560 2267 1613 καὶ
2296 1558 2535 1629 συνεχῶς
2567 1557 2671 1611 ὑπὸ
2705 1556 2812 1610 τῶν
2840 1555 3093 1625 πονηρῶν
3123 1560 3326 1627 καταρσ

1761 1647 2089 1720 ρηγνύμενοι
2118 1643 2467 1713 πνευμάτων.
2501 1641 2561 1693 Ὀ
2590 1641 2645 1694 δὲ
2678 1640 2908 1710 σώφρων
2931 1638 3183 1709 καθάπερ
3209 1640 3329 1710 ἀρι-

1762 1731 1918 1792 στεὺς
1943 1730 2186 1796 γενναῖος
2227 1723 2467 1794 συνεχῶς
2495 1723 2668 1792 αὑτὴν
2706 1723 2933 1793 βάλλων,
2962 1722 3060 1792 τὴν
3099 1723 3329 1790 ἀρίστην

1761 1814 1853 1868 καὶ
1903 1812 2110 1882 μυρίων
2148 1808 2404 1863 τοιούτων
2455 1806 2588 1877 ἡδίω
2646 1804 2954 1876 καρποῦται
2998 1805 3211 1877 ἡδονὴν,
3260 1808 3331 1876 τῇ

1760 1896 1885 1967 νίκῃ
1910 1894 2082 1965 ταύτῃ
2108 1895 2202 1946 καὶ
2228 1892 2306 1962 τῷ
2342 1889 2565 1960 χρηστῷ
2598 1888 2859 1941 συνειδότι
2892 1888 2985 1941 καὶ
3030 1890 3143 1951 τοῖς
3185 1887 3328 1956 λαμ-

1762 1983 1921 2051 προῖς
1967 1977 2247 2050 τροπαίοις
2292 1971 2768 2041 καλλωπιζόμενος
2825 1971 3106 2042 διηνεκῶς.
3152 1973 3215 2025 Et
3273 1971 3332 2024 δὲ

1764 2065 1903 2135 μετά
1934 2065 2033 2133 τὴν
2067 2062 2283 2133 ὁμιλίαν
2314 2055 2657 2113 ἀναπαύεται
2688 2055 2882 2126 μικρὸν
2921 2057 3144 2117 ἐκεῖνος,
3177 2055 3332 2109 οὐδὲν

1758 2147 1917 2202 τοῦτο
1948 2147 2015 2202 ἂν
2043 2148 2156 2218 εἴη·
2206 2144 2366 2198 πάλιν
2392 2142 2500 2213 γὰρ
2526 2142 2553 2194 ὁ
2581 2138 2788 2211 χειμὼν
2821 2139 3022 2204 ἔπεισι,
3050 2140 3143 2192 καὶ
3169 2138 3331 2191 πάλιν

1760 2232 2002 2302 κύματα.
2048 2231 2104 2282 '0
2136 2229 2192 2283 δέ
2224 2226 2525 2297 φιλοσοφῶν
2552 2225 2673 2279 οὑδέ
2702 2224 2876 2294 ἀρχὴν
2902 2224 3093 2294 ἀφίησι
3131 2222 3337 2293 ταύτην

1760 2315 1943 2368 λαϐεῖν
1965 2314 2063 2383 τὴν
2092 2310 2358 2383 ταραχὴν,
2395 2309 2515 2363 οὑδὲ
2564 2308 2915 2378 διαναστῆναι
2960 2307 3021 2361 τὸ
3072 2308 3330 2375 πέλαγος,

1760 2398 1879 2451 οὑδέ
1914 2396 2105 2467 βοῆσαι
2156 2396 2218 2447 τὸ
2267 2392 2480 2463 θηρίον.
2521 2391 2584 2444 El
2622 2390 2679 2444 δέ
2726 2408 2847 2443 τινα
2902 2389 3022 2461 βίαν
3073 2390 3332 2460 ὑπομένοι

1761 2482 2003 2551 κατέχων
2033 2480 2131 2550 τὴν
2158 2477 2418 2547 τοιαύτην
2455 2475 2654 2547 ὁρμὴν,
2683 2474 2818 2528 ἀλλά
2845 2476 2939 2528 καὶ
2966 2476 3174 2537 ἐκεῖνος
3204 2491 3333 2527 συν-

1762 2565 1901 2637 εχῶς
1945 2563 2270 2633 βαλλόμενος
2318 2561 2414 2614 καὶ
2462 2558 2823 2628 κεντούμενος
2867 2558 2962 2612 καὶ
2996 2556 3086 2609 τὸν
3119 2553 3334 2626 οἶστρον

1761 2651 1820 2702 οὑ
1857 2647 2058 2719 φέρων·
2096 2647 2189 2699 καὶ
2238 2645 2539 2715 παρόμοιον
2585 2642 2819 2710 γίνεται,
2848 2639 3038 2712 ὥσπερ
3069 2641 3134 2694 ἂν
3168 2640 3334 2694 ἵππον

1763 2734 1953 2803 άγριον
1993 2731 2317 2801 μαινόμενον
2357 2728 2454 2780 καὶ
2500 2725 2870 2779 ἀντιτείνοντα
2902 2723 3191 2795 ἀνέχοι.τῷ
3236 2742 3334 2796 χα-

1762 2815 1915 2885 λινῷ,
1940 2815 2033 2869 καὶ
2063 2812 2286 2881 κατέχοι
2316 2810 2454 2880 μετὰ
2488 2810 2682 2879 τέχνης
2712 2808 2950 2877 ἀπάσης·
2985 2809 3012 2861 ό
3038 2808 3094 2860 δὲ
3127 2808 3331 2871 ἐνδοὺς,

1765 2901 1904 2954 ὥστε
1933 2900 2023 2953 τὸν
2066 2900 2226 2951 πόνον
2249 2895 2442 2949 τοῦτον
2470 2895 2686 2963 φυγεῖν,
2714 2892 3008 2963 συρόμενος
3038 2893 3128 2945 ὑπ’
3167 2892 3331 2945 αὑτοῦ

1764 2982 2036 3053 πανταχοῦ
2081 2981 2318 3052 φέροιτο.
2373 2978 2558 3031 Ταῦτα
2612 2979 2659 3029 εί
2714 2977 2809 3029 καὶ
2862 2976 3201 3047 σαφέστερον
3237 2976 3334 3029 τοῦ

1763 3068 1972 3130 δέοντος
2013 3067 2248 3137 εἴρηται,
2309 3063 2495 3133 μηδεὶς
2532 3059 2871 3129 ἐγκαλείτω·
2927 3059 2988 3112 ού
3020 3059 3127 3130 γὰρ
3158 3058 3337 3127 λόγων

1767 3152 2055 3222 σεμνότητι
2100 3146 2535 3211 καλλωπίζεσθαι
2593 3144 2878 3217 βούλομαι,
2921 3144 3059 3199 ἀλλά
3108 3145 3337 3213 ποιῆσαι

1767 3235 1995 3306 σεμνοὺς
2024 3234 2147 3297 τοὺς
2179 3231 2491 3293 ἀκούοντας.

1834 3375 1898 3428 δ’.
1924 3372 2023 3426 Διά
2050 3370 2209 3425 τοῦτο
2230 3371 2324 3423 καὶ
2343 3370 2392 3422 οί
2415 3369 2690 3440 προφῆται
2719 3367 2933 3431 οὐδενὸς
2953 3367 3341 3419 τῶντοιούτων

1767 3459 2034 3528 φείδονται
2091 3455 2382 3525 ῥημάτων,
2437 3454 2535 3521 τὴν
2593 3451 2887 3506 ἀκολασίαν
2919 3450 3028 3503 τῶν
3072 3448 3339 3502 Ἰουδαίων

1766 3542 1997 3612 ἐκκόψαι
2054 3538 2388 3609 βουλόμενοι,
2441 3535 2578 3590 ἀλλά
2626 3536 2721 3589 καὶ
2770 3534 3107 3606 γυμνότερον
3159 3532 3342 3585 αὐτῶν

1767 3626 2175 3689 καθικνοῦνται,
2205 3624 2241 3697 ἢ
2275 3624 2436 3694 ἡμεῖς
2482 3621 2578 3675 νῦν
2629 3620 2714 3690 ἐφ’
2745 3617 2827 3683 οἷς
2871 3621 3194 3690 εἰρήκαμεν.
3232 3618 3340 3672 Καὶ

1766 3714 1875 3785 γὰρ
1906 3711 2086 3782 ἰατρὸς
2111 3709 2379 3780 σηπεδόνα
2402 3706 2653 3760 ἐκϐαλεῖν
2682 3704 3023 3775 βουλόμενος,
3062 3704 3121 3757 οὑ
3151 3704 3343 3755 σκοπεῖ

1768 3798 1887 3861 πῶς
1916 3794 2187 3866 ,καθαρὰς
2232 3793 2579 3863 διατηρήσειε
2628 3790 2726 3854 τὰς
2776 3791 2985 3860 χεῖρας,
3033 3786 3146 3841 ἀλλ’
3192 3786 3343 3849 ὅπως

1770 3882 1978 3935 ἐκεῖνον
2011 3876 2343 3942 ἀπαλλάξειε
2370 3876 2470 3944 τῆς
2505 3873 2821 3946 σηπεδόνος
2851 3870 2947 3923 καὶ
2971 3872 2999 3924 ὁ
3025 3870 3115 3923 τὸν
3146 3885 3342 3922 ταπειη

1769 3966 1858 4020 νον
1889 3963 2091 4035 ὑψηλὸν
2120 3964 2342 4032 ποιῆσαι
2374 3959 2566 4020 θέλων,
2610 3956 2773 4020 αὐτὸς
2826 3954 3177 4008 ταπεινοῦται
3206 3953 3341 4023 πρό·-

1770 4065 1944 4119 τερος·
1979 4048 2075 4101 καὶ
2102 4049 2130 4100 ό
2157 4046 2356 4116 σφάξαι
2391 4044 2482 4097 τὸν
2532 4039 2949 4094 ἐπιϐουλεύοντα
3005 4037 3339 4102 σπουδάζων,

1772 4134 1865 4186 καὶ
1894 4132 2083 4186 ἐαυτὸν
2108 4130 2367 4201 αἱμάσσει
2404 4128 2520 4197 μετ’
2552 4124 2783 4189 ἐκείνου,
2828 4123 2924 4177 καὶ
2974 4121 3131 4175 τοῦτο
3180 4120 3345 4175 αὑτὸν

1773 4219 1917 4270 ποιεῖ
1944 4214 2344 4285 λαμπρότερον.
2390 4210 2542 4263 Ἐπεὶ
2592 4209 2686 4261 καὶ
2740 4206 3076 4277 στρατιώτην
3118 4203 3345 4257 ἐπανελ-

1775 4300 1938 4353 θόντα
1964 4297 2072 4351 ἀπὸ
2108 4296 2202 4349 τοῦ
2248 4295 2483 4363 πολέμου
2522 4294 2587 4346 ἂν
2613 4292 2696 4363 ἴδῃ
2728 4309 2812 4353 τις
2839 4289 2996 4359 ἰχῶρι
3025 4288 3119 4341 καὶ
3153 4289 3345 4357 αἵματι

1775 4385 1870 4439 ml
1891 4381 2176 4452 ἐγκεφάλῳ
2205 4378 2637 4451 μεμολυσμένον,
2682 4377 2743 4429 οὐ
2796 4376 3036 4446 μισήσει,
3068 4373 3187 4426 οὑδὲ
3213 4375 3347 4426 ἀπο-

1776 4467 2147 4539 στραφήσεται
2165 4464 2254 4518 διὰ
2275 4461 2453 4526 τοῦτο,
2480 4459 2617 4513 ἀλλὰ
2641 4460 2735 4513 καὶ
2758 4458 3098 4539 θαυμάσεται
3125 4453 3342 4526 μᾶλλον.

1774 4528 2028 4623 Οὕτω,
2061 4552 2156 4605 καὶ
2182 4551 2345 4621 ἡμεῖς
2369 4546 2638 4617 ποιῶμεν,
2673 4546 2800 4598 ὅταν
2831 4528 3030 4615 ίδωμέν
3063 4558 3182 4595 τινα
3212 4541 3349 4609 μετά

1774 4638 1834 4691 τὸ
1861 4634 2206 4704 κατασφάξαι
2238 4633 2339 4704 τὴν
2369 4630 2664 4701 ἐπιθυμίαν
2684 4628 3004 4700 ᾑμαγμένον
3031 4625 3346 4688 ἐπανιόντα,

1778 4719 1976 4791 μᾶλλον
2032 4716 2194 4770 αὑτὸν
2253 4714 2640 4785 θαυμάζωμεν,
2701 4712 2797 4765 καὶ
2853 4710 3199 4779 κοινωνῶμεν
3249 4707 3349 4776 τῆς

1778 4805 1959 4875 μάχης
1991 4804 2083 4855 καὶ
2122 4801 2219 4871 τῆς
2271 4800 2425 4870 νίκης
2462 4795 2630 4867 αὐτῷ,
2665 4797 2756 4849 καὶ
2788 4795 2923 4865 πρὸς
2951 4795 3077 4856 τοὺς
3109 4791 3349 4875 ἐρῶντας

1776 4874 2022 4956 λέγωμεν
2055 4928 2069 4952 ,
2136 4884 2356 4948 Δείξατε
2393 4884 2527 4953 ἡμῖν
2590 4878 2689 4949 τὴν
2760 4878 2827 4932 ἐκ
2888 4877 2989 4947 τῆς
3057 4874 3349 4946 ἐπιθυμίας

1776 4972 1989 5044 ἡδονήν.

1857 5150 1914 5201 '0
1988 5148 2087 5217 μέν
2145 5146 2254 5219 γάρ
2290 5143 2521 5217 σώφρων
2560 5145 2659 5217 τὴν
2709 5144 2818 5198 ἀπὸ
2865 5143 2977 5213 τῆς
3016 5142 3171 5213 νίκης
3214 5139 3349 5210 ἔχει,

1778 5231 1842 5284 σὺ
1875 5230 1933 5283 δὲ
1963 5230 2281 5300 οὐδαμόθεν.
2317 5231 2379 5282 Et
2427 5229 2484 5281 δὲ
2538 5229 2695 5299 ὑμεῖς
2730 5226 2829 5298 τὴν
2875 5228 2940 5280 ἐκ
2982 5226 3082 5295 τῆς
3134 5222 3351 5295 ὁμιλίας

1777 5313 2007 5382 λέγοιτε,
2065 5313 2181 5367 ἀλλ’
2229 5313 2409 5383 ἐκείνη
2468 5311 2776 5381 σαφεστέρα
2826 5310 2920 5364 καὶ
2967 5306 3348 5380 διαρκεστέρα.

1780 5399 1850 5452 Σὺ
1880 5398 1987 5469 γὰρ
2024 5398 2167 5468 ἔχεις
2197 5397 2304 5450 ἀπὸ
2356 5400 2456 5467 τῆς
2503 5395 2855 5458 ἀπολαύσεως
2891 5393 3064 5464 βραχὺ
3092 5391 3183 5443 καὶ
3216 5387 3352 5460 μηδὲ

1781 5483 2129 5552 φαινόμενον,
2159 5485 2364 5546 ἐκεῖνος
2399 5482 2455 5536 δέ
2483 5480 2696 5534 ἀπὸτοῦ
2730 5478 3048 5541 συνειδότος,
3072 5473 3222 5547 [⁸549]
3255 5474 3351 5524 καὶ

1782 5568 2000 5637 μείζονα
2018 5568 2110 5621 καὶ
2128 5568 2355 5638 διηνεκῆ
2368 5568 2461 5620 καὶ
2474 5565 2811 5636 γλυκυτέραν
2830 5563 2943 5633 ἐχει
2962 5562 3062 5632 τὴν
3083 5555 3352 5627 εὐφροσύ-

1778 5669 1895 5721 νην.
1926 5652 2058 5704 Ούδὲ
2091 5653 2199 5722 γὰρ
2221 5651 2394 5715 οὕτως
2421 5650 2607 5721 ὁμιλία
2634 5650 2910 5718 γυναικὸς,
2942 5647 3016 5709 ὡς
3064 5638 3349 5722 φιλοσοφία

1784 5736 2050 5807 ἀτάραχον
2084 5737 2302 5793 δύναται
2335 5736 2566 5807 τηρῆσαι
2594 5732 2770 5805 ψυχὴν
2792 5733 2884 5787 καὶ
2920 5727 3215 5799 πτερῶσαι.
3246 5715 3348 5777 Οἶδ-
