3802 6402
419 322 512 377 Ml

413 455 506 501 τος
536 434 637 507 μὲν
676 429 791 500 οῦν,
836 432 1027 504 ὥσπερ
1079 432 1238 503 ἑφην,
1292 433 1480 503 σαφῶς
1526 430 1670 486 οῦτω
1716 431 1987 487 δείκνυσιν

411 522 544 590 ἡμῖν
565 519 664 589 τὴν
698 517 912 588 ἡδονήνο
947 517 1039 569 ἐπὶ
1071 515 1128 569 δὲ
1162 516 1254 568 σοῦ
1295 516 1394 586 τὴν
1429 515 1528 585 μὲν
1554 513 1663 569 ἀπὸ
1689 514 1787 584 τῆς
1816 514 1987 585 ῆττης

410 602 647 674 ἀθυμίαν
671 601 804 672 ὁρῶ,
854 598 953 669 τὴν
993 598 1049 651 δὲ
1099 599 1292 671 ἡδονὴν
1327 598 1650 668 βουλόμενος
1698 596 1848 661 ίδεῖν,
1886 597 1985 668 οὐχ

408 685 668 756 εὑρίσκω.
700 687 858 739 Ποῖον
886 682 995 753 γάρ
1029 680 1207 750 βούλει
1234 681 1428 752 καιρὸν
1459 680 1655 751 ἡδονῆς
1686 674 1857 733 εἶναι’
1891 679 1983 733 τὸν

407 770 514 841 πρὸ
538 770 636 839 τῆς
665 767 896 839 μίξεως;
943 765 1081 817 Ἀλλ’
1108 765 1207 818 οὐκ
1232 765 1369 817 ἐστι’
1401 764 1599 834 μανίας
1621 763 1727 834 γάρ
1749 766 1865 817 ἐστι
1888 764 1983 817 καὶ

406 853 734 923 παραφορᾶς
789 850 881 903 καὶ
935 849 1266 911 ἐκστάσεως.
1324 847 1397 899 Τὸ
1446 847 1555 917 γὰρ
1577 848 1703 909 τοὺς
1756 845 1976 909 ὀδόντας

403 935 609 1004 τρίζειν
639 934 731 986 καὶ
762 932 1100 997 ἐξίστασθαι,
1127 931 1224 1000 οὐχ
1257 929 1471 1000 ἡδονῆς*
1502 930 1551 981 εί
1570 928 1629 981 δὲ
1662 927 1855 998 ἡδονῆς
1884 924 1973 1000 ἦν,

401 1019 503 1070 οὐκ
529 1017 596 1069 ἂν
634 1015 805 1070 ταῦτά
836 1032 894 1068 σε
927 1016 1242 1085 εἰργάσατο,
1289 1013 1323 1067 ἀ
1348 1015 1396 1065 οί
1447 1012 1741 1080 ἀλγοῦντες
1771 1013 1976 1081 ὑπομέ-

402 1116 573 1155 νουσι.
605 1100 715 1154 Καὶ
746 1099 855 1170 γάρ
879 1099 926 1151 οί
952 1096 1312 1159 πυκτεύοντες
1342 1097 1438 1149 καὶ
1464 1095 1826 1166 πληττόμενοι
1852 1094 1978 1157 τούς

400 1183 614 1247 ὀδόντας
644 1181 908 1253 τρίζουσι,
934 1182 1029 1234 καὶ
1058 1182 1114 1235 αἱ
1148 1180 1433 1233 ὠδίνουσαι
1462 1179 1720 1247 γυναῖκες
1742 1175 1979 1230 διασπώ-

401 1282 560 1334 μεναι
590 1267 702 1328 τοῖς
733 1264 936 1330 πόνοις,
961 1263 1022 1317 τὸ
1045 1264 1179 1317 αὐτὸ
1203 1262 1363 1317 τοῦτο
1397 1262 1663 1315 ποιοῦσιν.
1694 1261 1856 1313 Ὥστε
1880 1261 1978 1332 οὐχ

396 1347 558 1419 ἡδονὴ
588 1347 764 1411 τοῦτο,
803 1348 917 1401 ἀλλ’
952 1347 1206 1410 ἔκστασις
1252 1345 1452 1417 μᾶλλον
1494 1348 1588 1399 καὶ
1620 1344 1845 1415 θόρυϐος
1884 1347 1977 1399 καὶ

394 1433 632 1501 ταραχή.
675 1432 814 1484 Ἀλλ’
839 1435 867 1485 6
898 1432 1038 1501 μετὰ
1083 1432 1257 1485 ταῦτα
1288 1430 1514 1504 καιρός;
1562 1430 1702 1483 Ἀλλ’
1734 1429 1854 1481 οὐδέ
1884 1423 1973 1482 οὗ-

394 1528 505 1574 τος
538 1515 659 1567 οὐδὲ
688 1516 795 1586 γάρ
844 1516 942 1586 τὴν
990 1515 1254 1568 τεκοῦσαν
1310 1518 1370 1567 ἐν
1424 1514 1587 1585 ἡδονῇ
1622 1514 1873 1583 εἴποιμεν
1901 1512 1968 1565 ἂν

391 1592 553 1664 εἶναι,
584 1599 699 1653 ἀλλ’
730 1601 788 1651 ἑν
820 1598 1105 1671 ἀπαλλαγῇ
1152 1598 1349 1653 πόνων·
1398 1598 1460 1650 οὐ
1493 1598 1706 1660 πάντως
1727 1596 1783 1649 δέ
1806 1594 1965 1649 τοῦτο

1164 318 1222 373 S.
1257 315 1537 375 JOANNIS
1566 314 2059 375 CHRYSOSTOMI
2094 317 2415 377 ARCHIEP.
2455 317 2996 385 CONSTANTINOP.

3549 323 3651 381 522

2088 434 2268 506 ἡδονὴ,
2303 435 2421 489 ἀλλ’
2444 436 2694 492 ἀσθένεια
2721 438 2921 510 μᾶλλον
2950 438 3046 495 καὶ
3066 438 3320 505 ἔκλυσιςυ
3346 442 3487 498 πολύ
3511 442 3567 497 66
3594 445 3650 498 :6

2089 520 2254 590 μέσον
2278 522 2552 595 ἑκατέρων
2580 528 2787 579 τούτων
2838 526 2975 581 ἐστί.
3007 528 3166 592 Ποῖος
3210 524 3303 583 οὖν
3330 530 3431 601 τῆς
3460 531 3651 602 ήδονης

2086 604 2275 675 καιρός
2299 647 2314 669 ,
2340 607 2459 660 εἰπέ
2509 626 2619 678 μοι.
2663 610 2777 663 Οὐκ
2807 609 2953 663 ἐστιν
2978 611 3170 675 οὐδείς·
3208 615 3257 666 εί
3278 612 3336 665 δὲ
3368 612 3462 665 καὶ
3487 614 3650 678 ἑστιν,

2082 688 2225 741 οῦτω
2288 689 2492 762 βραχύς
2541 692 2708 756 ἐστιν,
2738 692 2816 756 ὡς
2848 694 2984 764 μηδὲ
3013 696 3319 764 φαίνεσθαι.
3348 696 3535 767 Μυρία
3563 693 3651 750 σῦν

2084 771 2558 842 φιλονεικήσαντες
2587 775 2839 846 φωρᾶσαι
2883 777 3048 830 αὐτὸν
3072 779 3166 831 καὶ
3196 781 3510 848 κατασχεῖν,
3556 779 3652 833 οὐκ

2078 855 2445 927 ἠδυνήθημεν.
2483 857 2621 911 Ἀλλ’
2643 859 2739 929 οὐχ
2769 860 2797 911 6
2822 859 2916 913 τοῦ
2942 860 3216 932 σώφρονος
3234 861 3496 925 τοιοῦτκ,
3520 862 3653 917 ἀλλά

2080 939 2308 1004 πλατὺς,
2340 940 2433 992 καὶ
2467 942 2601 993 πᾶσι
2629 941 2949 1013 κατάδηλος·
2985 943 3185 1014 μᾶλλον
3225 945 3283 998 δὲ
3311 946 3457 1008 ἄπας
3483 956 3510 999 c
3540 945 3651 1013 βίος

2079 1024 2137 1076 ἐν
2170 1024 2351 1095 ἡδονῇ,
2400 1024 2492 1078 τοῦ
2526 1025 2825 1089 συνειδότος
2857 1027 3007 1093 αὐτῷ
3053 1030 3509 1099 στεφανουμένου,
3544 1030 3651 1084 τῶν

2082 1107 2340 1176 κυμάτων
2367 1108 2802 1179 ἑστορεσμένων,
2852 1109 3068 1173 οὐδενὸς
3107 1111 3402 1183 οὐδαμόθεν
3442 1115 3653 1181 ἐγγινο-

2082 1190 2244 1259 μένου
2283 1189 2531 1261 θορύϐου.
2579 1193 2731 1245 Ἐπεὶ
2757 1189 2849 1245 οῦν
2872 1187 3025 1257 οὗτος
3061 1194 3262 1263 μᾶλλον
3308 1197 3365 1249 ὲν
3411 1190 3595 1267 ἦδονῇ,
3621 1200 3649 1252 6

2078 1272 2136 1327 δέ
2161 1274 2438 1343 φιλήδονος
2460 1277 2516 1328 ἐν
2545 1275 2752 1347 ἀθυμίᾳ
2785 1278 2877 1330 καὶ
2898 1276 3166 1347 θορύϐοις,
3197 1277 3489 1349 φεύγωμεν
3516 1281 3646 1334 ἀκο‹

2076 1356 2288 1421 λασίαν,
2313 1358 2663 1429 ἀντεχώμεθα
2698 1360 3072 1430 σωφροσύνης,
3132 1361 3218 1414 ἵνα
3243 1362 3337 1416 καὶ
3370 1362 3481 1415 τῶν
3516 1362 3646 1434 μελ-

2073 1438 2271 1494 λόντων
2291 1442 2638 1513 ἐπιτύχωμεν
2660 1442 2900 1511 ἀγαθῶν,
2923 1443 3103 1514 χάριτι
3129 1445 3223 1498 καὶ
3246 1445 3646 1519 φιλανθρωπίᾳ,

2071 1524 2165 1577 καὶ
2190 1523 2259 1577 τὰ
2284 1522 2430 1594 ἑξῆς.

1781 2050 2028 2111 ΟΜῙΛΙΑ
2060 2050 2171 2105 Aﬂ'

381 2240 650 2313 Γνωρίζω
699 2239 768 2294 δὲ
821 2238 982 2308 ὑμῖν,
1040 2236 1310 2307 ἀδελφοί,
1373 2235 1437 2289 τὸ
1477 2234 1865 2304 Εὐατγέλιον,
1924 2227 1959 2313 δ

450 2307 931 2397 εὺὴττελισάμὴν
976 2321 1137 2392 ὑμῖν,
1173 2321 1204 2374 δ
1244 2320 1342 2375 καὶ
1388 2316 1779 2387 παρελάϐετε,
1813 2315 1883 2368 ἐν
1909 2307 1960 2380 ᾦ

449 2412 549 2467 καὶ
584 2408 896 2477 ἑστήκατε,
931 2406 1003 2459 δι’
1040 2402 1111 2463 οὗ
1162 2404 1259 2458 καὶ
1316 2403 1595 2464 σώζεσθε,
1646 2403 1763 2454 τινι
1796 2400 1958 2468 λόγῳ

446 2491 933 2562 εὐηγγελισάμην
957 2489 1114 2559 ὑμῖν.

453 2584 526 2633 α’.
570 2575 906 2647 Ἀπαρτίσας
932 2574 1024 2626 τὸν
1064 2572 1193 2643 περὶ
1221 2571 1329 2625 τῶν
1360 2566 1744 2640 πνευματικῶν
1775 2565 1955 2634 λόγον,

382 2661 474 2716 ἐπὶ
504 2661 565 2714 τὸ
594 2660 811 2713 πάντων
844 2658 1269 2727 ἀναγκαιότατον
1304 2654 1645 2727 μεθίσταται,
1687 2652 1785 2721 τὴν
1828 2649 1957 2721 περὶ

382 2745 483 2814 τῆς
510 2742 855 2805 ἀναστάσεως
881 2740 1163 2794 ὑπόθεσινο
1202 2742 1292 2793 καὶ
1320 2739 1428 2811 γὰρ
1457 2739 1514 2790 ἐν
1542 2736 1715 2804 τούτῳ
1750 2734 1955 2805 σφόδρα

381 2828 625 2881 ἐνόσουν.
659 2827 766 2881 Καὶ
792 2825 1044 2895 καθάπερ
1067 2826 1159 2877 ἐπὶ
1183 2824 1289 2877 τῶν
1313 2822 1600 2893 σωμάτων,
1626 2821 1753 2874 ὅταν
1775 2819 1954 2872 αὐτῶν

381 2910 591 2981 ἅψηται
619 2910 730 2962 τῶν
778 2908 1012 2979 στερεῶν
1041 2910 1069 2961 6
1097 2907 1349 2979 πυρετὸς,
1401 2905 1543 2975 λέγω
1587 2905 1695 2959 τῶν
1745 2905 1954 2975 νεύρων

372 2998 468 3048 καὶ
497 2993 606 3048 τῶν
634 2991 844 3062 φλεϐῶν
874 2991 970 3044 καὶ
1002 2990 1108 3044 τῶν
1143 2989 1373 3061 πρώτων
1409 2988 1708 3058 στοιχείων,
1735 2989 1953 3040 ἀνίατον

372 3078 583 3149 γίνεται
607 3078 667 3130 τὸ
698 3076 889 3138 κακὸν,
922 3075 987 3129 ἂν
1019 3075 1094 3146 μὴ
1128 3073 1338 3143 πολλῆς
1372 3071 1654 3143 ἀπολαύσῃ
1698 3072 1797 3142 τῆς
1827 3074 1951 3123 ἑπι-

379 3163 621 3232 μελείας·
644 3160 787 3214 οὕτω
809 3160 873 3228 δὴ
897 3159 991 3212 καὶ
1011 3159 1133 3211 τότε
1159 3156 1410 3225 γενέσθαι
1436 3156 1794 3210 ἐκινδύνευεν.
1828 3155 1950 3208 Ἐπὶ

369 3246 482 3318 γὰρ
508 3245 646 3300 αὐτά
677 3248 775 3316 τῆς
808 3241 1083 3305 εὐσεϐείας
1115 3240 1184 3293 τά
1216 3243 1454 3309 στοιχεῖα
1498 3240 1559 3293 :6
1606 3240 1776 3293 κακὸν
1824 3239 1951 3291 ἐϐά-

369 3330 506 3392 διζε.
558 3329 651 3381 Διὸ
700 3326 795 3381 καὶ
828 3324 997 3395 πολλῇ
1046 3327 1112 3394 τῇ
1170 3324 1371 3393 σπουδῇ
1421 3323 1686 3393 κέχρηται
1731 3321 1879 3393 [550]
1920 3324 1949 3375 6

371 3413 601 3476 Παῦλος.
635 3411 767 3465 Οὐδέ
788 3413 897 3481 γὰρ
930 3410 1060 3478 περὶ
1094 3408 1211 3479 βίου
1244 3407 1431 3461 λοιπὸν
1457 3409 1484 3459 6
1505 3407 1659 3473 λόγος
1684 3401 1750 3477 ἦν
1775 3406 1945 3475 αὐτῷ,

368 3496 480 3549 οὐδ’
502 3496 583 3548 ὅτι
611 3497 638 3549 6
669 3494 768 3563 μὲν
798 3493 1111 3565 ἐπόρνευεν,
1136 3492 1165 3543 6
1197 3490 1254 3543 δὲ
1297 3489 1664 3551 ἐπλεονέκτει,
1711 3490 1739 3541 ό
1776 3488 1832 3540 δὲ
1865 3489 1946 3542 ὅτι

370 3575 796 3647 κεκαλυμμένην
843 3571 956 3645 εἶχε
1010 3573 1109 3645 τὴν
1164 3572 1428 3643 κεφαλὴν,
1480 3571 1615 3625 ἀλλά
1657 3573 1785 3644 περὶ
1816 3571 1948 3624 αὐτὸ

369 3661 481 3715 τῶν
515 3659 735 3729 ἀγαθῶν
763 3660 825 3712 τὸ
848 3657 1166 3728 κεφάλαιον
1202 3656 1330 3727 περὶ
1370 3653 1479 3725 γὰρ
1508 3654 1605 3726 τὴν
1649 3655 1945 3709 ἀνάστασιν

369 3743 540 3815 αὐτὴν
567 3741 903 3805 ἐστασίαζον.
948 3740 1169 3810 Ἐπειδὴ
1196 3738 1305 3810 γάρ
1336 3740 1369 3809 ή
1405 3740 1556 3791 πᾶσα
1589 3737 1744 3807 ἡμῶν
1791 3737 1944 3800 ἐλπὶς

368 3827 532 3895 αῦτη.
558 3826 693 3896 πρὸς
723 3824 880 3878 τοῦτο
913 3823 1157 3893 σφοδρῶς
1209 3823 1391 3875 ἵστατο
1440 3822 1468 3873 6
1525 3820 1789 3884 διάϐολος,
1850 3820 1944 3872 καὶ

370 3910 501 3964 ποτέ
531 3909 627 3979 μέν
653 3908 843 3980 ἀνῄρει
874 3907 1128 3973 καθάπαξ
1159 3905 1347 3977 αὐτὴν,
1385 3904 1511 3957 ποτὲ
1540 3904 1595 3958 δὲ
1625 3904 1809 3972 ἔλεγεν
1840 3902 1942 3975 ἤδη

366 3994 671 4061 γεγονέναι·
710 3992 738 4043 ὃ
785 3990 880 4044 καὶ
909 3990 1157 4061 Τιμοθέῳ
1213 3991 1440 4061 γράφων
1490 3991 1518 4042 6
1569 3989 1779 4053 Παῦλος
1806 3988 1943 4056 γάγ-

366 4092 597 4146 γραιναν
643 4074 825 4128 ἐκάλει
854 4073 914 4126 τὸ
940 4073 1175 4144 πονηρὸν
1223 4071 1378 4126 τοῦτο
1423 4072 1617 4142 δόγμα,
1669 4072 1761 4124 καὶ
1814 4073 1943 4135 τούς

367 4160 684 4228 εἰσάγοντας
710 4158 840 4211 αὐτὸ
868 4156 1046 4221 ἔστιξε
1071 4158 1261 4225 λέγων⁸
1288 4152 1402 4211 Ὧν
1428 4155 1601 4210 ἐστιν
1632 4157 1940 4226 Ὑμέναιος

368 4244 468 4299 καὶ
499 4244 772 4311 Φιλητύς,
804 4244 1021 4308 οἵτινες
1044 4243 1177 4310 περὶ
1214 4240 1327 4310 τὴν
1358 4240 1648 4307 ἀλήθειαν
1680 4241 1940 4311 ἠστόχη-

367 4343 505 4392 σαν,
540 4326 820 4397 λέγοντες
874 4325 989 4395 τὴν
1043 4326 1385 4382 ἀνάστασιν
1437 4325 1555 4396 ἤδη
1610 4324 1937 4396 γεγονέναι,

366 4412 465 4468 καί
499 4410 901 4479 ἀνατρέπουσι
936 4410 1045 4475 τήν
1075 4427 1254 4464 τινων
1283 4410 1513 4467 πίστιν.
1550 4411 1688 4464 Ποτὲ
1722 4409 1819 4481 μὲν
1845 4404 1939 4463 οῦν

365 4494 521 4549 τοῦτο
570 4493 774 4560 ἔλεγον,
828 4494 959 4546 ποτέ
986 4493 1043 4545 δέ
1073 4494 1155 4547 ὃτι
1185 4493 1247 4546 τὸ
1278 4492 1437 4564 σῶμα
1481 4495 1580 4548 οὐκ
1629 4492 1934 4557 ἀνίσταται,

363 4577 502 4632 ἀλλά
550 4577 649 4647 τῆς
676 4575 877 4648 ψυχῆςδ
909 4578 937 4629 6
990 4576 1273 4645 καθαρμός
1327 4578 1476 4631 ἐστιν
1527 4579 1561 4649 ἠ
1614 4578 1931 4639 ἀνάστασις.

375 4659 549 4713 Γαῦτα
579 4659 635 4713 δὲ
678 4660 863 4714 ἔπειθε
918 4658 1097 4729 λέγειν
1124 4660 1153 4712 6
1203 4660 1440 4731 πονηρὸς
1471 4660 1678 4731 δαίμων
1706 4660 1932 4725 ἐκεῖνος,

363 4744 424 4797 οὐ
453 4742 551 4813 τὴν
585 4743 882 4798 ἀνάστασιν
906 4741 1208 4814 ἀνατρέψαι
1235 4743 1551 4813 βουλόμενος
1578 4743 1759 4812 μόνον,
1797 4743 1934 4798 ἀλλά

302 4896 305 4897 ν
365 4830 458 4880 καὶ
488 4826 558 4880 τά
588 4828 726 4898 ὑπὲρ
758 4826 914 4898 ἡμῶν
965 4826 1234 4897 γενόμενα
1292 4826 1507 4880 ἅπαντα
1542 4825 1710 4891 δεῖξαι
1765 4826 1933 4899 μῦθον

362 4909 512 4963 ὄντα.
546 4910 607 4961 El
636 4909 742 4981 γάρ
774 4910 1105 4980 ἐπείσθησαν
1136 4909 1213 4979 μὴ
1243 4904 1380 4963 εἶναι
1408 4911 1673 4981 σωμάτων
1695 4911 1932 4967 ἀνάστα-

367 5008 471 5052 cm.
500 4992 635 5061 μετά
664 4994 855 5063 μικρὸν
890 4994 1087 5057 αὐτοὺς
1118 4992 1301 5048 ἔπειθε
1356 4994 1489 5065 μηδὲ
1536 4996 1772 5065 Χριστὸν
1803 4998 1933 5068 ἐγη-

365 5075 576 5147 γέρθαυ
599 5076 704 5129 ἀπὸ
733 5078 788 5131 δέ
817 5079 1006 5132 τούτου
1040 5081 1259 5132 κάκεῖνο
1288 5080 1507 5151 εἰσῆγεν
1533 5079 1637 5150 ὁδῷ
1673 5079 1928 5150 βαδίζων,

362 5158 423 5212 τὸ
445 5158 518 5230 μὴ
541 5161 968 5229 παραγεγονέναι
993 5162 1124 5232 μηδὲ
1147 5163 1500 5233 πεποιηκέναι
1524 5162 1667 5233 ἅπερ
1688 5164 1927 5234 ἐποίησε.

362 5241 597 5312 Τοιαύτη
625 5245 729 5315 γὰρ
752 5246 786 5315 ή
817 5244 912 5297 τοῦ
939 5245 1183 5299 διαϐόλου
1206 5248 1529 5318 κακουργία.
1554 5249 1645 5301 Διὸ
1674 5250 1766 5301 καὶ
1797 5250 1928 5318 μεθ-

361 5326 535 5379 οδείαν
567 5326 734 5398 αὐτὴν
764 5327 918 5380 καλεῖ
944 5330 972 5380 6
1008 5328 1238 5391 Παῦλος,
1269 5331 1351 5383 ὅτι
1415 5332 1513 5384 οὐκ
1557 5329 1616 5395 ἐξ
1662 5331 1877 5395 εὐθείας
1901 5332 1931 5385 δ

362 5407 611 5479 βούλεται
644 5411 1047 5464 κατασκευάσαι
1074 5411 1365 5476 δείκνυσιν,
1392 5413 1531 5467 ὥστε
1569 5415 1643 5485 μὴ
1671 5415 1924 5482 γενέσθαι

361 5493 703 5565 κατάφωρος,
758 5494 872 5547 ἀλλ’
927 5493 1112 5564 ἓτερον
1172 5496 1348 5567 ἐαυτῷ
1402 5497 1702 5567 περιτιθεὶς
1759 5515 1925 5569 προσ-

357 5579 574 5642 ωπεῖον,
629 5578 789 5649 ἑτερα
835 5578 1125 5642 τεκταίνει,
1153 5579 1247 5631 καὶ
1276 5578 1522 5651 καθάπερ
1548 5580 1799 5651 πολέμιος
1830 5582 1925 5634 καὶ

360 5660 664 5734 κακοῦργος
710 5662 863 5717 πόλει
891 5660 1211 5733 προσϐαλὼν
1266 5664 1360 5716 καὶ
1406 5664 1633 5733 τείχεσι,
1679 5664 1923 5719 κάτωθεν

360 5745 649 5821 ὐπορύττει
676 5746 969 5815 λανθάνων,
999 5744 1139 5801 ὥστε
1189 5745 1359 5820 ταύτῃ
1413 5746 1663 5815 γενέσθαι
1715 5747 1919 5818 δυσφύ-

2060 2228 2276 2297 λακτος,
2326 2233 2421 2285 καὶ
2471 2234 2816 2304 κατορθῶσαι
2864 2236 3010 2307 ἅπερ
3058 2236 3379 2292 ἐσπούδακε.
3435 2241 3637 2317 Διόπερ

2059 2314 2146 2365 ἀεὶ
2192 2314 2292 2377 τάς
2338 2315 2591 2380 τοιαύτας
2625 2317 2789 2371 αὐτοῦ
2840 2320 3021 2387 πάγας
3064 2318 3351 2390 εὑρίσκων,
3382 2314 3640 2391 καὶτοὺς

2058 2398 2330 2468 πονηροὺς
2373 2398 2598 2462 τούτους
2638 2400 2821 2470 θηρῶν
2845 2401 3035 2471 λόχους
3061 2404 3088 2455 6
3118 2402 3433 2471 θαυμαστὸς
3478 2401 3637 2474 οὗτος

2056 2481 2152 2533 καὶ
2185 2480 2357 2549 μέγας
2382 2482 2540 2551 ἀνὴρ,
2568 2482 2773 2552 ἔλεγεν·
2806 2487 2886 2537 Οὺ
2911 2485 3019 2554 γὰρ
3041 2487 3223 2539 αὐτοῦ
3257 2488 3329 2539 τὰ
3358 2489 3638 2558 νοήματα

2053 2566 2407 2634 ἀγνοοῦμεν.
2436 2568 2545 2620 Καὶ
2563 2568 2672 2638 γὰρ
2701 2568 2931 2622 ἐνταῦθα
2954 2569 3240 2640 ὁλόκληρον
3262 2573 3635 2631 άνακαλύπτει

2054 2648 2145 2700 τὸν
2172 2647 2323 2702 δόλον
2351 2648 2540 2715 αὐτοῦ,
2565 2651 2657 2703 καὶ
2682 2652 2860 2705 πάντα
2885 2652 3121 2706 δείκνυσι
3145 2653 3211 2707 τά
3236 2659 3632 2728 μηχανήματα,

2054 2732 2147 2785 καὶ
2179 2732 2279 2785 ὅσα
2331 2732 2580 2803 βούλεται
2614 2736 3017 2792 κατασκευάσαι
3061 2738 3382 2808 προτίθησιν
3418 2743 3499 2805 είς
3526 2744 3633 2812 μέ-

2055 2832 2165 2879 σον,
2192 2816 2333 2886 μετά
2365 2816 2565 2889 πολλῆς
2590 2818 2874 2889 ἀκριϐείας
2901 2820 3101 2872 ἅπασιν
3143 2821 3332 2875 ἐπιών.
3377 2824 3476 2877 Διά
3525 2828 3633 2897 γὰρ

2051 2898 2207 2952 τοῦτο
2255 2900 2349 2952 καὶ
2396 2900 2625 2971 ὕστερον
2652 2901 2864 2955 τέθεικε
2905 2903 3056 2956 τουτὶ
3102 2902 3163 2955 :6
3193 2905 3488 2973 κεφάλαιον
3520 2910 3634 2961 τῶν

2049 2982 2243 3048 ἄλλων,
2288 2983 2475 3054 ἐπειδὴ
2508 2986 2601 3037 καὶ
2630 2985 2838 3055 σφόδρα
2865 2986 3292 3053 ἀναγκαιότατον
3316 2984 3403 3059 ἦν,
3438 2991 3533 3044 καὶ
3564 2994 3635 3045 τὰ

2050 3069 2298 3139 ἡμέτερα
2343 3068 2564 3139 συνέχον
2597 3068 2831 3123 ἅπαντα.
2867 3070 2975 3122 Καὶ
3008 3071 3198 3123 σκόπει
3230 3072 3462 3126 σύνεσιν·
3494 3086 3637 3144 προ.

2048 3167 2205 3221 τερον
2246 3151 2357 3222 γάρ
2382 3152 2504 3215 τούς
2532 3152 2767 3216 οἰκείους
2804 3152 3258 3225 ἀσφαλισάμενος,
3304 3156 3425 3211 τότε
3467 3159 3635 3224 ἐπεξ-

2048 3235 2265 3306 έρχεται
2298 3236 2391 3289 καὶ
2415 3236 2725 3306 περαιτέρω
2761 3236 2838 3307 τῷ
2870 3238 3033 3308 λόγῳ,
3060 3239 3153 3292 καὶ⁵
3176 3242 3303 3304 τούς
3334 3241 3537 3308 ἐξωθεν
3566 3247 3634 3300 ἐκ

2048 3320 2362 3390 περιουσίας
2413 3320 2773 3389 ἐπιστομίζει.
2817 3321 3201 3391 Ἀσφαλίζεται
3249 3324 3307 3378 δὲ
3355 3328 3482 3391 τούς
3544 3332 3633 3383 ol-

2046 3403 2249 3467 κείους,
2276 3404 2377 3457 οὐκ
2415 3404 2522 3457 ἀπὸ
2555 3403 2852 3474 λογισμῶν,
2891 3404 3005 3458 ἀλλ’
3029 3406 3137 3459 ἀπὸ
3178 3407 3284 3461 τῶν
3328 3410 3430 3480 ἤδη
3463 3426 3635 3481 γεγε-

2049 3487 2319 3558 νημένων,
2345 3488 2441 3540 καὶ
2470 3487 2611 3560 άπερ
2648 3488 2805 3541 αὐτοὶ
2832 3489 3183 3554 κατεδέξαντο
3229 3493 3322 3546 καὶ
3371 3496 3635 3551 ἐπίστευ-

2051 3588 2150 3623 σαν
2197 3570 2547 3641 γεγενῆσθαιο
2601 3571 2631 3624 6
2688 3571 2923 3643 μάλιστα
2972 3568 3040 3644 ἦν
3098 3575 3473 3645 ἐντρεπτικδν,
3531 3584 3635 3635 καὶ

2049 3652 2230 3706 ἱκανὸν
2262 3654 2459 3718 αὐτοὺς
2488 3657 2803 3726 κατασχεῖν.
2839 3653 2903 3709 Εἰ
2936 3657 3043 3727 γάρ
3091 3657 3466 3730 ἠϐουλήθησαν
3496 3664 3636 3717 ἀπι-

2047 3736 2243 3807 στῆσαι
2275 3739 2414 3808 μετά
2441 3736 2635 3798 ταῦτα.
2670 3740 2850 3792 οὐκέτι
2876 3737 3061 3792 λοιπὸν
3108 3740 3185 3811 τῷ
3233 3741 3451 3814 Παύλῳ,
3505 3748 3631 3801 ἀλλ’

2043 3822 2257 3885 ἑαυτοῖς
2284 3822 2508 3892 ἔμελλον
2529 3824 2798 3877 ἀπιστεῖν·
2824 3824 2959 3895 ὅπερ
2984 3827 3286 3896 κατηγορία
3306 3822 3373 3896 ἦν
3392 3828 3632 3884 ἐκείνων

2041 3906 2151 3959 τῶν
2184 3906 2333 3971 ἅπαξ
2384 3907 2833 3977 καταδεξαμένων
2862 3908 2956 3962 καὶ
2989 3909 3387 3980 μεταθεμένων.
3423 3914 3528 3966 Διά
3558 3915 3627 3986 δὴ

2040 3989 2201 4042 τοῦτο
2242 3992 2338 4042 καὶ
2384 3990 2632 4043 ἐντεῦθεν
2666 3990 2915 4061 ἄρχεται,
2958 3990 3172 4055 δεικνὺς
3198 3993 3277 4045 δτι
3306 3995 3405 4047 οὐκ
3437 3995 3626 4050 ἀλλων

2039 4072 2211 4126 δεῖται
2238 4072 2534 4145 μαρτύρων
2564 4075 2645 4137 είς
2664 4075 2723 4127 :6
2738 4074 2930 4139 δεῖξαι,
2956 4075 3037 4127 ὅτι
3065 4074 3263 4147 τάληθῆ
3288 4076 3463 4146 λέγει.
3492 4080 3624 4133 ἀλλ’

2040 4155 2222 4209 αὐτῶν
2254 4156 2479 4210 ἐκείνων
2507 4158 2615 4210 τῶν
2630 4159 3018 4226 ἠπατημένων.
3039 4156 3313 4231 [351]Ἷνα
3333 4160 3391 4213 δὲ
3413 4162 3442 4215 ὃ
3469 4162 3625 4234 λέγω

2042 4239 2376 4311 σαφέστερον
2407 4241 2654 4311 γένηται,
2696 4239 2875 4293 αὐτῶν
2900 4240 3085 4295 λοιπὸν
3116 4242 3407 4309 ἀναγκαῖον
3444 4246 3625 4300 ἀκοῦ-

2040 4340 2131 4378 σαι
2161 4324 2269 4377 τῶν
2304 4325 2583 4394 ῥημάτων.
2618 4326 2751 4378 Τίνα
2790 4323 2883 4378 οῦν
2934 4325 3106 4379 ταῦτά
3153 4327 3306 4392 ἐστι;
3337 4330 3625 4397 Γνωρίζω

2036 4407 2199 4477 ὑμῖν,
2235 4407 2508 4477 ἀδελφοὶ,
2544 4409 2699 4477 φησὶ,
2720 4407 2786 4461 τὸ
2824 4409 3211 4478 Εὑαγγέλιον,
3237 4410 3268 4464 ὃ
3299 4414 3624 4481 εὐηγγελι-

2036 4490 2244 4561 σάμην
2270 4491 2430 4561 ὑμῖν.
2468 4488 2619 4556 Είδες
2672 4493 2787 4563 μεθ’
2811 4494 2944 4561 δσης
2992 4494 3292 4557 ἐπιεικείας
3336 4496 3614 4567 ἀρχεταις

2035 4569 2174 4639 εἶδες
2204 4573 2323 4638 πῶς
2353 4573 2461 4628 ἀπὺ
2510 4573 2610 4644 τῆς
2642 4574 2817 4645 ἀρχῆς
2841 4574 3059 4640 ἔδειξεν,
3092 4577 3175 4629 ὅτι
3220 4577 3368 4630 οὐδὲν
3420 4582 3620 4635 καινὸν

2035 4659 2263 4727 είσάγει,
2314 4656 2435 4710 οὐδὲ
2486 4655 2665 4724 ξένον;
2713 4658 2770 4709 ὐ
2799 4657 2907 4726 γάρ
2938 4658 3217 4729 γνωρίζων
3246 4658 3305 4712 :6
3332 4658 3431 4732 ήδη
3466 4680 3618 4730 γνω-

2038 4744 2186 4808 σθὲν,
2235 4736 2353 4795 εἶτα
2384 4742 2464 4805 είς
2493 4741 2662 4812 λήθην
2695 4740 2968 4812 ἐμπεσὼν,
3000 4741 3253 4813 γνωρίζει
3309 4742 3470 4798 πάλιν
3530 4750 3616 4812 εἰς

2040 4828 2261 4899 μνήμην
2294 4825 2463 4893 ἄγων.
2495 4824 2745 4889 Καλέσας
2774 4825 2832 4878 δὲ
2864 4822 3145 4895 ἀδελφοὺς,
3184 4826 3243 4878 οὐ
3274 4827 3477 4897 μικράν
3512 4831 3615 4885 καὶ

2034 4911 2285 4964 ἐντεῦθεν
2316 4908 2755 4980 προκατεϐἀλετο
2782 4909 2890 4961 τῶν
2925 4908 3228 4979 λεγομένων
3252 4908 3349 4979 τὴν
3384 4911 3611 4965 ἀπόδει-

2035 4996 2138 5060 ξιν.
2180 4994 2423 5064 Ἀδελφοί.
2452 4995 2562 5065 γάρ
2592 4993 2890 5063 οὐδαμόθεν
2914 4992 3230 5063 ἐγενόμεθα,
3271 4992 3386 5047 ἀλλ’
3416 4996 3449 5066 ἢ
3495 4999 3610 5051 ἀπὸ

2029 5079 2133 5149 τῆς
2160 5077 2301 5133 κατά
2328 5080 2507 5151 σάρκα
2534 5077 2630 5131 τοῦ
2660 5078 2895 5150 Χριστοῦ
2924 5078 3255 5147 οἰκονομίας.
3285 5077 3374 5130 Διὸ
3400 5078 3465 5149 δὴ
3510 5082 3611 5135 καὶ

2034 5163 2209 5225 οὕτως
2235 5162 2431 5224 αὐτοὺς
2457 5161 2736 5226 ἐκάλεσεν,
2767 5161 2903 5232 ὁμοῦ
2940 5160 3037 5232 μὲν
3072 5161 3472 5231 καταπραΰνων
3506 5166 3611 5218 καὶ

2030 5244 2374 5318 θεραπεύων,
2400 5245 2536 5315 ὁμοῦ
2560 5245 2617 5299 δὲ
2640 5245 2749 5299 τῶν
2779 5245 2987 5315 μυρίων
3031 5243 3251 5311 ἀγαθῶν
3290 5247 3611 5319 ἀναμιμνή..

2030 5347 2198 5383 σκων.
2231 5330 2341 5383 Καὶ
2360 5330 2421 5382 τὸ
2450 5329 2577 5400 ἑξῆς
2597 5330 2758 5383 πάλιν
2774 5328 2868 5382 τοῦ
2890 5327 3054 5383 αὐτοῦ
3077 5333 3606 5388 κατασκευαστικόν.

2030 5415 2189 5468 Ποῖον
2205 5412 2267 5485 δὴ
2298 5413 2483 5475 τοῦτο;
2514 5414 2586 5466 T6
2608 5412 2952 5481 Εὐαγγέλιον.
2981 5412 3098 5464 Τῶν
3123 5415 3229 5481 γάρ
3252 5410 3609 5480 Εὐαγγελίων

2026 5502 2086 5552 τὸ
2112 5500 2405 5569 κεφάλαιον
2446 5497 2695 5551 ἐντεῦθεν
2726 5497 2836 5567 ἔχει
2878 5495 2976 5567 τὴν
3009 5496 3203 5567 ἀρχὴν,
3236 5496 3344 5550 ἀπὸ
3374 5497 3470 5551 τοῦ
3510 5499 3607 5555 τὸν

2028 5582 2163 5634 Θεὸν
2221 5581 2471 5649 γενέσθαι
2531 5580 2835 5650 ἄνθρωπον,
2894 5580 2987 5633 καὶ
3049 5578 3451 5649 σταυρωθῆναι,
3509 5583 3607 5637 καὶ

2029 5663 2347 5732 ἀναστῆναι.
2399 5663 2567 5717 Τοῦτο
2621 5664 2714 5717 καὶ
2761 5665 2789 5716 6
2837 5661 3077 5734 Γαϐριὴλ
3115 5662 3498 5733 εὐηγγελίζετο
3531 5668 3601 5737 τῇ

2030 5746 2311 5821 Παρθένῳ,
2362 5747 2521 5802 τοῦτο
2576 5749 2669 5802 καὶ⁵
2722 5750 2772 5802 οἱ
2828 5748 3099 5820 προφῆται
3153 5750 3219 5818 τῇ
3276 5747 3599 5823 οίκουμένῃ,
