  <div class='ocr_page' id='page_1' title='image "/cluster/home/n/w/nwhite01/storage/ocr_20150623/61/hvd.32044019190461/328.png"; bbox 0 0 3802 6358; ppageno 0'>
   <div class='ocr_carea' id='block_1_1' title="bbox 172 315 265 372">
    <p class='ocr_par' dir='ltr' id='par_1_1' title="bbox 172 315 265 372">
     <span class='ocr_line' id='line_1_1' title="bbox 172 315 265 372; baseline 0.022 -2"><span class='ocrx_word' id='word_1_1' title='bbox 172 315 265 372; x_wconf 69' lang='lat'><strong>32!</strong></span> 
     </span>
    </p>
   </div>
   <div class='ocr_carea' id='block_1_2' title="bbox 172 432 1747 504">
    <p class='ocr_par' dir='ltr' id='par_1_2' title="bbox 172 432 1747 504">
     <span class='ocr_line' id='line_1_2' title="bbox 172 432 1747 504; baseline 0 -14"><span class='ocrx_word' id='word_1_2' title='bbox 172 444 221 490; x_wconf 82' lang='lat' dir='ltr'><strong>et</strong></span> <span class='ocrx_word' id='word_1_3' title='bbox 262 433 407 504; x_wconf 88' lang='lat' dir='ltr'><strong>quod</strong></span> <span class='ocrx_word' id='word_1_4' title='bbox 447 446 517 488; x_wconf 90' lang='lat' dir='ltr'><strong>ne</strong></span> <span class='ocrx_word' id='word_1_5' title='bbox 561 432 699 487; x_wconf 88' lang='lat' dir='ltr'><strong>ultra</strong></span> <span class='ocrx_word' id='word_1_6' title='bbox 749 442 1002 503; x_wconf 80' lang='lat' dir='ltr'><strong>appareat</strong></span> <span class='ocrx_word' id='word_1_7' title='bbox 1044 432 1291 502; x_wconf 85' lang='lat' dir='ltr'><strong>quidem;</strong></span> <span class='ocrx_word' id='word_1_8' title='bbox 1323 433 1413 490; x_wconf 90' lang='lat' dir='ltr'><strong>ille</strong></span> <span class='ocrx_word' id='word_1_9' title='bbox 1452 443 1628 490; x_wconf 88' lang='lat' dir='ltr'><strong>autem</strong></span> <span class='ocrx_word' id='word_1_10' title='bbox 1680 451 1747 492; x_wconf 73' lang='lat' dir='ltr'><strong>ex</strong></span> 
     </span>
    </p>
   </div>
   <div class='ocr_carea' id='block_1_3' title="bbox 171 525 1745 607">
    <p class='ocr_par' dir='ltr' id='par_1_3' title="bbox 171 525 1745 607">
     <span class='ocr_line' id='line_1_3' title="bbox 171 525 1745 607; baseline 0.001 -25"><span class='ocrx_word' id='word_1_11' title='bbox 171 529 499 583; x_wconf 73' lang='lat' dir='ltr'><strong>conscientia</strong></span> <span class='ocrx_word' id='word_1_12' title='bbox 553 526 808 593; x_wconf 84' lang='lat' dir='ltr'><strong>majorem</strong></span> <span class='ocrx_word' id='word_1_13' title='bbox 860 525 1020 579; x_wconf 87' lang='lat' dir='ltr'><strong>habet</strong></span> <span class='ocrx_word' id='word_1_14' title='bbox 1051 535 1123 607; x_wconf 42' lang='lat' dir='ltr'><strong>.et</strong></span> <span class='ocrx_word' id='word_1_15' title='bbox 1173 535 1479 596; x_wconf 86' lang='lat' dir='ltr'><strong>perpetuam</strong></span> <span class='ocrx_word' id='word_1_16' title='bbox 1533 529 1745 584; x_wconf 85' lang='lat' dir='ltr'><strong>suavio-</strong></span> 
     </span>
    </p>
   </div>
   <div class='ocr_carea' id='block_1_4' title="bbox 169 615 1745 688">
    <p class='ocr_par' dir='ltr' id='par_1_4' title="bbox 169 615 1745 688">
     <span class='ocr_line' id='line_1_4' title="bbox 169 615 1745 688; baseline -0.001 -13"><span class='ocrx_word' id='word_1_17' title='bbox 169 634 390 688; x_wconf 77' lang='lat' dir='ltr'><strong>remque</strong></span> <span class='ocrx_word' id='word_1_18' title='bbox 423 616 682 672; x_wconf 71' lang='lat' dir='ltr'><strong>laetitiam.</strong></span> <span class='ocrx_word' id='word_1_19' title='bbox 722 615 906 686; x_wconf 80' lang='lat' dir='ltr'><strong>Neque</strong></span> <span class='ocrx_word' id='word_1_20' title='bbox 951 617 1092 670; x_wconf 89' lang='lat' dir='ltr'><strong>enim</strong></span> <span class='ocrx_word' id='word_1_21' title='bbox 1134 618 1465 672; x_wconf 87' lang='lat' dir='ltr'><strong>consuetudo</strong></span> <span class='ocrx_word' id='word_1_22' title='bbox 1508 619 1745 674; x_wconf 79' lang='lat' dir='ltr'><strong>mulieris</strong></span> 
     </span>
    </p>
   </div>
   <div class='ocr_carea' id='block_1_5' title="bbox 169 707 1744 781">
    <p class='ocr_par' dir='ltr' id='par_1_5' title="bbox 169 707 1744 781">
     <span class='ocr_line' id='line_1_5' title="bbox 169 707 1744 781; baseline -0.001 -16"><span class='ocrx_word' id='word_1_23' title='bbox 169 721 342 781; x_wconf 80' lang='lat' dir='ltr'><strong>potest</strong></span> <span class='ocrx_word' id='word_1_24' title='bbox 370 720 478 765; x_wconf 88' lang='lat' dir='ltr'><strong>tam</strong></span> <span class='ocrx_word' id='word_1_25' title='bbox 506 709 938 779; x_wconf 86' lang='lat' dir='ltr'><strong>imperturbatam</strong></span> <span class='ocrx_word' id='word_1_26' title='bbox 970 707 1196 764; x_wconf 77' lang='lat' dir='ltr'><strong>reddere</strong></span> <span class='ocrx_word' id='word_1_27' title='bbox 1233 709 1464 764; x_wconf 89' lang='lat' dir='ltr'><strong>animam</strong></span> <span class='ocrx_word' id='word_1_28' title='bbox 1486 751 1504 775; x_wconf 88' lang='lat'><strong>,</strong></span> <span class='ocrx_word' id='word_1_29' title='bbox 1543 718 1598 764; x_wconf 91' lang='lat' dir='ltr'><strong>et</strong></span> <span class='ocrx_word' id='word_1_30' title='bbox 1624 726 1744 764; x_wconf 90' lang='lat' dir='ltr'><strong>eam</strong></span> 
     </span>
    </p>
   </div>
   <div class='ocr_carea' id='block_1_6' title="bbox 123 773 1742 870">
    <p class='ocr_par' dir='ltr' id='par_1_6' title="bbox 123 773 1742 870">
     <span class='ocr_line' id='line_1_6' title="bbox 123 773 1742 870; baseline -0.002 -13"><span class='ocrx_word' id='word_1_31' title='bbox 123 773 145 791; x_wconf 55' lang='lat'><em>.</em></span> <span class='ocrx_word' id='word_1_32' title='bbox 167 773 217 857; x_wconf 83' lang='lat' dir='ltr'><strong>in</strong></span> <span class='ocrx_word' id='word_1_33' title='bbox 244 802 414 855; x_wconf 84' lang='lat' dir='ltr'><strong>altum</strong></span> <span class='ocrx_word' id='word_1_34' title='bbox 440 773 692 863; x_wconf 79' lang='lat' dir='ltr'><strong>evehere,</strong></span> <span class='ocrx_word' id='word_1_35' title='bbox 720 815 876 869; x_wconf 88' lang='lat' dir='ltr'><strong>quam</strong></span> <span class='ocrx_word' id='word_1_36' title='bbox 907 797 1262 868; x_wconf 84' lang='lat' dir='ltr'><strong>philosophia.</strong></span> <span class='ocrx_word' id='word_1_37' title='bbox 1290 798 1354 854; x_wconf 84' lang='lat' dir='ltr'><strong>Et</strong></span> <span class='ocrx_word' id='word_1_38' title='bbox 1382 773 1600 868; x_wconf 88' lang='lat' dir='ltr'><strong>pudicus</strong></span> <span class='ocrx_word' id='word_1_39' title='bbox 1626 802 1742 870; x_wconf 86' lang='lat' dir='ltr'><strong>qui-</strong></span> 
     </span>
    </p>
   </div>
   <div class='ocr_carea' id='block_1_7' title="bbox 164 890 1738 963">
    <p class='ocr_par' dir='ltr' id='par_1_7' title="bbox 164 890 1738 963">
     <span class='ocr_line' id='line_1_7' title="bbox 164 890 1738 963; baseline 0.001 -16"><span class='ocrx_word' id='word_1_40' title='bbox 164 894 309 960; x_wconf 85' lang='lat' dir='ltr'><strong>dem,</strong></span> <span class='ocrx_word' id='word_1_41' title='bbox 339 893 481 948; x_wconf 86' lang='lat' dir='ltr'><strong>sicut</strong></span> <span class='ocrx_word' id='word_1_42' title='bbox 506 892 652 957; x_wconf 89' lang='lat' dir='ltr'><strong>dixi,</strong></span> <span class='ocrx_word' id='word_1_43' title='bbox 682 899 869 963; x_wconf 88' lang='lat' dir='ltr'><strong>aperte</strong></span> <span class='ocrx_word' id='word_1_44' title='bbox 912 890 1066 945; x_wconf 91' lang='lat' dir='ltr'><strong>nobis</strong></span> <span class='ocrx_word' id='word_1_45' title='bbox 1104 892 1427 960; x_wconf 90' lang='lat' dir='ltr'><strong>voluptatem</strong></span> <span class='ocrx_word' id='word_1_46' title='bbox 1457 893 1691 947; x_wconf 79' lang='lat' dir='ltr'><strong>ostendit</strong></span> <span class='ocrx_word' id='word_1_47' title='bbox 1718 910 1738 948; x_wconf 72' lang='grc' dir='ltr'><strong>τ</strong></span> 
     </span>
    </p>
   </div>
   <div class='ocr_carea' id='block_1_8' title="bbox 164 981 1743 1051">
    <p class='ocr_par' dir='ltr' id='par_1_8' title="bbox 164 981 1743 1051">
     <span class='ocr_line' id='line_1_8' title="bbox 164 981 1743 1051; baseline -0.001 -11"><span class='ocrx_word' id='word_1_48' title='bbox 164 987 213 1040; x_wconf 88' lang='lat' dir='ltr'><strong>in</strong></span> <span class='ocrx_word' id='word_1_49' title='bbox 248 996 301 1040; x_wconf 87' lang='lat' dir='ltr'><strong>te</strong></span> <span class='ocrx_word' id='word_1_50' title='bbox 341 994 521 1039; x_wconf 88' lang='lat' dir='ltr'><strong>autem</strong></span> <span class='ocrx_word' id='word_1_51' title='bbox 553 999 619 1037; x_wconf 91' lang='lat' dir='ltr'><strong>ex</strong></span> <span class='ocrx_word' id='word_1_52' title='bbox 664 997 732 1037; x_wconf 88' lang='lat' dir='ltr'><strong>eo</strong></span> <span class='ocrx_word' id='word_1_53' title='bbox 758 981 1006 1051; x_wconf 81' lang='lat' dir='ltr'><strong>quidem,</strong></span> <span class='ocrx_word' id='word_1_54' title='bbox 1050 981 1192 1051; x_wconf 84' lang='lat' dir='ltr'><strong>quod</strong></span> <span class='ocrx_word' id='word_1_55' title='bbox 1223 982 1298 1036; x_wconf 85' lang='lat' dir='ltr'><strong>sis</strong></span> <span class='ocrx_word' id='word_1_56' title='bbox 1337 983 1542 1049; x_wconf 91' lang='lat' dir='ltr'><strong>victus,</strong></span> <span class='ocrx_word' id='word_1_57' title='bbox 1589 984 1743 1039; x_wconf 88' lang='lat' dir='ltr'><strong>video</strong></span> 
     </span>
    </p>
   </div>
   <div class='ocr_carea' id='block_1_9' title="bbox 161 1072 1737 1146">
    <p class='ocr_par' dir='ltr' id='par_1_9' title="bbox 161 1072 1737 1146">
     <span class='ocr_line' id='line_1_9' title="bbox 161 1072 1737 1146; baseline -0.001 -17"><span class='ocrx_word' id='word_1_58' title='bbox 161 1075 322 1130; x_wconf 88' lang='lat' dir='ltr'><strong>animi</strong></span> <span class='ocrx_word' id='word_1_59' title='bbox 351 1074 745 1146; x_wconf 63' lang='lat' dir='ltr'><strong>aegritudinem,</strong></span> <span class='ocrx_word' id='word_1_60' title='bbox 766 1072 1090 1143; x_wconf 90' lang='lat' dir='ltr'><strong>voluptatem</strong></span> <span class='ocrx_word' id='word_1_61' title='bbox 1117 1083 1296 1128; x_wconf 88' lang='lat' dir='ltr'><strong>autem</strong></span> <span class='ocrx_word' id='word_1_62' title='bbox 1331 1075 1514 1129; x_wconf 87' lang='lat' dir='ltr'><strong>volens</strong></span> <span class='ocrx_word' id='word_1_63' title='bbox 1539 1073 1737 1138; x_wconf 86' lang='lat' dir='ltr'><strong>videre,</strong></span> 
     </span>
    </p>
   </div>
   <div class='ocr_carea' id='block_1_10' title="bbox 162 1163 1743 1236">
    <p class='ocr_par' dir='ltr' id='par_1_10' title="bbox 162 1163 1743 1236">
     <span class='ocr_line' id='line_1_10' title="bbox 162 1163 1743 1236; baseline 0 -15"><span class='ocrx_word' id='word_1_64' title='bbox 162 1184 269 1222; x_wconf 80' lang='lat' dir='ltr'><strong>non</strong></span> <span class='ocrx_word' id='word_1_65' title='bbox 300 1166 536 1221; x_wconf 81' lang='lat' dir='ltr'><strong>invenio.</strong></span> <span class='ocrx_word' id='word_1_66' title='bbox 559 1164 837 1233; x_wconf 79' lang='lat' dir='ltr'><strong>Quodnam</strong></span> <span class='ocrx_word' id='word_1_67' title='bbox 864 1164 1006 1219; x_wconf 92' lang='lat' dir='ltr'><strong>enim</strong></span> <span class='ocrx_word' id='word_1_68' title='bbox 1028 1163 1108 1218; x_wconf 91' lang='lat' dir='ltr'><strong>vis</strong></span> <span class='ocrx_word' id='word_1_69' title='bbox 1132 1178 1253 1219; x_wconf 87' lang='lat' dir='ltr'><strong>esse</strong></span> <span class='ocrx_word' id='word_1_70' title='bbox 1274 1174 1480 1236; x_wconf 84' lang='lat' dir='ltr'><strong>tempus</strong></span> <span class='ocrx_word' id='word_1_71' title='bbox 1498 1165 1743 1235; x_wconf 67' lang='lat' dir='ltr'><strong>voluptao</strong></span> 
     </span>
    </p>
   </div>
   <div class='ocr_carea' id='block_1_11' title="bbox 162 1255 1745 1328">
    <p class='ocr_par' dir='ltr' id='par_1_11' title="bbox 162 1255 1745 1328">
     <span class='ocr_line' id='line_1_11' title="bbox 162 1255 1745 1328; baseline -0.002 -13"><span class='ocrx_word' id='word_1_72' title='bbox 162 1262 274 1315; x_wconf 79' lang='lat' dir='ltr'><strong>tis?</strong></span> <span class='ocrx_word' id='word_1_73' title='bbox 301 1259 429 1315; x_wconf 87' lang='lat' dir='ltr'><strong>idne</strong></span> <span class='ocrx_word' id='word_1_74' title='bbox 466 1257 606 1328; x_wconf 88' lang='lat' dir='ltr'><strong>quod</strong></span> <span class='ocrx_word' id='word_1_75' title='bbox 636 1266 719 1312; x_wconf 92' lang='lat' dir='ltr'><strong>est</strong></span> <span class='ocrx_word' id='word_1_76' title='bbox 747 1264 871 1312; x_wconf 86' lang='lat' dir='ltr'><strong>ante</strong></span> <span class='ocrx_word' id='word_1_77' title='bbox 898 1255 1139 1311; x_wconf 86' lang='lat' dir='ltr'><strong>coitum?</strong></span> <span class='ocrx_word' id='word_1_78' title='bbox 1184 1255 1290 1312; x_wconf 90' lang='lat' dir='ltr'><strong>Sed</strong></span> <span class='ocrx_word' id='word_1_79' title='bbox 1341 1270 1451 1310; x_wconf 92' lang='lat' dir='ltr'><strong>non</strong></span> <span class='ocrx_word' id='word_1_80' title='bbox 1496 1265 1614 1318; x_wconf 87' lang='lat' dir='ltr'><strong>est;</strong></span> <span class='ocrx_word' id='word_1_81' title='bbox 1661 1264 1745 1312; x_wconf 88' lang='lat' dir='ltr'><strong>est</strong></span> 
     </span>
    </p>
   </div>
   <div class='ocr_carea' id='block_1_12' title="bbox 158 1346 1742 1407">
    <p class='ocr_par' dir='ltr' id='par_1_12' title="bbox 158 1346 1742 1407">
     <span class='ocr_line' id='line_1_12' title="bbox 158 1346 1742 1407; baseline -0.003 0"><span class='ocrx_word' id='word_1_82' title='bbox 158 1352 303 1407; x_wconf 88' lang='lat' dir='ltr'><strong>enim</strong></span> <span class='ocrx_word' id='word_1_83' title='bbox 346 1349 546 1404; x_wconf 78' lang='lat' dir='ltr'><strong>furoris</strong></span> <span class='ocrx_word' id='word_1_84' title='bbox 587 1358 641 1404; x_wconf 90' lang='lat' dir='ltr'><strong>et</strong></span> <span class='ocrx_word' id='word_1_85' title='bbox 671 1347 892 1403; x_wconf 64' lang='lat' dir='ltr'><strong>insaniae</strong></span> <span class='ocrx_word' id='word_1_86' title='bbox 917 1355 972 1401; x_wconf 91' lang='lat' dir='ltr'><strong>et</strong></span> <span class='ocrx_word' id='word_1_87' title='bbox 1008 1346 1203 1402; x_wconf 87' lang='lat' dir='ltr'><strong>mentis</strong></span> <span class='ocrx_word' id='word_1_88' title='bbox 1229 1356 1439 1402; x_wconf 66' lang='lat' dir='ltr'><strong>emotae.</strong></span> <span class='ocrx_word' id='word_1_89' title='bbox 1488 1346 1742 1403; x_wconf 81' lang='lat' dir='ltr'><strong>Dentibus</strong></span> 
     </span>
    </p>
   </div>
   <div class='ocr_carea' id='block_1_13' title="bbox 157 1437 1742 1505">
    <p class='ocr_par' dir='ltr' id='par_1_13' title="bbox 157 1437 1742 1505">
     <span class='ocr_line' id='line_1_13' title="bbox 157 1437 1742 1505; baseline -0.004 -8"><span class='ocrx_word' id='word_1_90' title='bbox 157 1443 298 1497; x_wconf 91' lang='lat' dir='ltr'><strong>enim</strong></span> <span class='ocrx_word' id='word_1_91' title='bbox 328 1440 596 1505; x_wconf 85' lang='lat' dir='ltr'><strong>stridere,</strong></span> <span class='ocrx_word' id='word_1_92' title='bbox 627 1449 682 1495; x_wconf 88' lang='lat' dir='ltr'><strong>et</strong></span> <span class='ocrx_word' id='word_1_93' title='bbox 707 1454 738 1493; x_wconf 90' lang='lat' dir='ltr'><strong>e</strong></span> <span class='ocrx_word' id='word_1_94' title='bbox 762 1447 900 1493; x_wconf 90' lang='lat' dir='ltr'><strong>statu</strong></span> <span class='ocrx_word' id='word_1_95' title='bbox 932 1437 1126 1495; x_wconf 77' lang='lat' dir='ltr'><strong>mentis</strong></span> <span class='ocrx_word' id='word_1_96' title='bbox 1162 1437 1423 1501; x_wconf 84' lang='lat' dir='ltr'><strong>dimoveri</strong></span> <span class='ocrx_word' id='word_1_97' title='bbox 1444 1477 1463 1502; x_wconf 88' lang='lat'><strong>,</strong></span> <span class='ocrx_word' id='word_1_98' title='bbox 1507 1452 1611 1493; x_wconf 89' lang='lat' dir='ltr'><strong>non</strong></span> <span class='ocrx_word' id='word_1_99' title='bbox 1659 1445 1742 1492; x_wconf 89' lang='lat' dir='ltr'><strong>est</strong></span> 
     </span>
    </p>
   </div>
   <div class='ocr_carea' id='block_1_14' title="bbox 157 1529 1737 1603">
    <p class='ocr_par' dir='ltr' id='par_1_14' title="bbox 157 1529 1737 1603">
     <span class='ocr_line' id='line_1_14' title="bbox 157 1529 1737 1603; baseline -0.003 -15"><span class='ocrx_word' id='word_1_100' title='bbox 157 1534 447 1603; x_wconf 74' lang='lat' dir='ltr'><strong>voluptatis</strong></span> <span class='ocrx_word' id='word_1_101' title='bbox 478 1550 493 1587; x_wconf 87' lang='lat'><strong>:</strong></span> <span class='ocrx_word' id='word_1_102' title='bbox 526 1534 608 1587; x_wconf 89' lang='lat' dir='ltr'><strong>sin</strong></span> <span class='ocrx_word' id='word_1_103' title='bbox 637 1542 780 1586; x_wconf 85' lang='lat' dir='ltr'><strong>esset</strong></span> <span class='ocrx_word' id='word_1_104' title='bbox 806 1542 984 1587; x_wconf 90' lang='lat' dir='ltr'><strong>autem</strong></span> <span class='ocrx_word' id='word_1_105' title='bbox 1025 1530 1310 1599; x_wconf 80' lang='lat' dir='ltr'><strong>voluptatis</strong></span> <span class='ocrx_word' id='word_1_106' title='bbox 1330 1571 1345 1594; x_wconf 97' lang='lat'><strong>,</strong></span> <span class='ocrx_word' id='word_1_107' title='bbox 1376 1545 1482 1585; x_wconf 88' lang='lat' dir='ltr'><strong>non</strong></span> <span class='ocrx_word' id='word_1_108' title='bbox 1528 1544 1591 1585; x_wconf 93' lang='lat' dir='ltr'><strong>ea</strong></span> <span class='ocrx_word' id='word_1_109' title='bbox 1643 1529 1737 1584; x_wconf 86' lang='lat' dir='ltr'><strong>tibi</strong></span> 
     </span>
    </p>
   </div>
   <div class='ocr_carea' id='block_1_15' title="bbox 158 1621 1740 1695">
    <p class='ocr_par' dir='ltr' id='par_1_15' title="bbox 158 1621 1740 1695">
     <span class='ocr_line' id='line_1_15' title="bbox 158 1621 1740 1695; baseline -0.004 -15"><span class='ocrx_word' id='word_1_110' title='bbox 158 1625 460 1691; x_wconf 73' lang='lat' dir='ltr'><strong>indixisset,</strong></span> <span class='ocrx_word' id='word_1_111' title='bbox 491 1638 611 1695; x_wconf 71' lang='lat' dir='ltr'><strong>quae</strong></span> <span class='ocrx_word' id='word_1_112' title='bbox 634 1622 901 1679; x_wconf 80' lang='lat' dir='ltr'><strong>sustinent</strong></span> <span class='ocrx_word' id='word_1_113' title='bbox 930 1622 965 1676; x_wconf 88' lang='lat' dir='ltr'><strong>ii</strong></span> <span class='ocrx_word' id='word_1_114' title='bbox 984 1622 1075 1692; x_wconf 85' lang='lat' dir='ltr'><strong>qui</strong></span> <span class='ocrx_word' id='word_1_115' title='bbox 1095 1621 1379 1676; x_wconf 87' lang='lat' dir='ltr'><strong>admodum</strong></span> <span class='ocrx_word' id='word_1_116' title='bbox 1402 1621 1601 1677; x_wconf 90' lang='lat' dir='ltr'><strong>dolent.</strong></span> <span class='ocrx_word' id='word_1_117' title='bbox 1634 1621 1740 1675; x_wconf 82' lang='lat' dir='ltr'><strong>Pu-</strong></span> 
     </span>
    </p>
   </div>
   <div class='ocr_carea' id='block_1_16' title="bbox 154 1712 1737 1784">
    <p class='ocr_par' dir='ltr' id='par_1_16' title="bbox 154 1712 1737 1784">
     <span class='ocr_line' id='line_1_16' title="bbox 154 1712 1737 1784; baseline -0.003 -14"><span class='ocrx_word' id='word_1_118' title='bbox 154 1716 287 1781; x_wconf 68' lang='lat' dir='ltr'><strong>gilcs</strong></span> <span class='ocrx_word' id='word_1_119' title='bbox 313 1716 484 1779; x_wconf 90' lang='lat' dir='ltr'><strong>enim,</strong></span> <span class='ocrx_word' id='word_1_120' title='bbox 536 1724 642 1768; x_wconf 88' lang='lat' dir='ltr'><strong>tam</strong></span> <span class='ocrx_word' id='word_1_121' title='bbox 671 1714 759 1784; x_wconf 89' lang='lat' dir='ltr'><strong>qui</strong></span> <span class='ocrx_word' id='word_1_122' title='bbox 792 1712 1093 1783; x_wconf 88' lang='lat' dir='ltr'><strong>percutiunt</strong></span> <span class='ocrx_word' id='word_1_123' title='bbox 1122 1728 1280 1782; x_wconf 88' lang='lat' dir='ltr'><strong>quam</strong></span> <span class='ocrx_word' id='word_1_124' title='bbox 1306 1713 1395 1783; x_wconf 87' lang='lat' dir='ltr'><strong>qui</strong></span> <span class='ocrx_word' id='word_1_125' title='bbox 1428 1712 1737 1783; x_wconf 81' lang='lat' dir='ltr'><strong>percutiun-</strong></span> 
     </span>
    </p>
   </div>
   <div class='ocr_carea' id='block_1_17' title="bbox 155 1804 1738 1874">
    <p class='ocr_par' dir='ltr' id='par_1_17' title="bbox 155 1804 1738 1874">
     <span class='ocr_line' id='line_1_17' title="bbox 155 1804 1738 1874; baseline -0.001 -13"><span class='ocrx_word' id='word_1_126' title='bbox 155 1820 255 1871; x_wconf 90' lang='lat' dir='ltr'><strong>tur,</strong></span> <span class='ocrx_word' id='word_1_127' title='bbox 290 1806 521 1862; x_wconf 85' lang='lat' dir='ltr'><strong>strident</strong></span> <span class='ocrx_word' id='word_1_128' title='bbox 547 1805 794 1861; x_wconf 86' lang='lat' dir='ltr'><strong>dentibus</strong></span> <span class='ocrx_word' id='word_1_129' title='bbox 825 1824 838 1858; x_wconf 89' lang='lat'><strong>:</strong></span> <span class='ocrx_word' id='word_1_130' title='bbox 872 1814 925 1859; x_wconf 91' lang='lat' dir='ltr'><strong>et</strong></span> <span class='ocrx_word' id='word_1_131' title='bbox 952 1804 1304 1874; x_wconf 86' lang='lat' dir='ltr'><strong>parturientes</strong></span> <span class='ocrx_word' id='word_1_132' title='bbox 1329 1805 1597 1869; x_wconf 89' lang='lat' dir='ltr'><strong>mulieres,</strong></span> <span class='ocrx_word' id='word_1_133' title='bbox 1619 1819 1738 1873; x_wconf 70' lang='lat' dir='ltr'><strong>quas</strong></span> 
     </span>
    </p>
   </div>
   <div class='ocr_carea' id='block_1_18' title="bbox 154 1895 1736 1969">
    <p class='ocr_par' dir='ltr' id='par_1_18' title="bbox 154 1895 1736 1969">
     <span class='ocr_line' id='line_1_18' title="bbox 154 1895 1736 1969; baseline -0.001 -15"><span class='ocrx_word' id='word_1_134' title='bbox 154 1900 531 1957; x_wconf 81' lang='lat' dir='ltr'><strong>distrahuntur</strong></span> <span class='ocrx_word' id='word_1_135' title='bbox 549 1898 846 1964; x_wconf 88' lang='lat' dir='ltr'><strong>doloribus,</strong></span> <span class='ocrx_word' id='word_1_136' title='bbox 879 1897 1110 1969; x_wconf 89' lang='lat' dir='ltr'><strong>idipsum</strong></span> <span class='ocrx_word' id='word_1_137' title='bbox 1143 1897 1356 1952; x_wconf 83' lang='lat' dir='ltr'><strong>faciunt.</strong></span> <span class='ocrx_word' id='word_1_138' title='bbox 1382 1895 1736 1965; x_wconf 87' lang='lat' dir='ltr'><strong>Quamobrem</strong></span> 
     </span>
    </p>
   </div>
   <div class='ocr_carea' id='block_1_19' title="bbox 152 1988 1735 2059">
    <p class='ocr_par' dir='ltr' id='par_1_19' title="bbox 152 1988 1735 2059">
     <span class='ocr_line' id='line_1_19' title="bbox 152 1988 1735 2059; baseline -0.003 -13"><span class='ocrx_word' id='word_1_139' title='bbox 152 2007 254 2046; x_wconf 88' lang='lat' dir='ltr'><strong>non</strong></span> <span class='ocrx_word' id='word_1_140' title='bbox 286 2002 374 2049; x_wconf 88' lang='lat' dir='ltr'><strong>est</strong></span> <span class='ocrx_word' id='word_1_141' title='bbox 403 1990 459 2047; x_wconf 90' lang='lat' dir='ltr'><strong>id</strong></span> <span class='ocrx_word' id='word_1_142' title='bbox 489 1988 769 2059; x_wconf 88' lang='lat' dir='ltr'><strong>voluptas,</strong></span> <span class='ocrx_word' id='word_1_143' title='bbox 802 1988 895 2045; x_wconf 88' lang='lat' dir='ltr'><strong>sed</strong></span> <span class='ocrx_word' id='word_1_144' title='bbox 928 1989 1105 2059; x_wconf 82' lang='lat' dir='ltr'><strong>potius</strong></span> <span class='ocrx_word' id='word_1_145' title='bbox 1136 1988 1331 2044; x_wconf 89' lang='lat' dir='ltr'><strong>mentis</strong></span> <span class='ocrx_word' id='word_1_146' title='bbox 1359 2002 1611 2044; x_wconf 81' lang='lat' dir='ltr'><strong>excessus</strong></span> <span class='ocrx_word' id='word_1_147' title='bbox 1649 1996 1735 2041; x_wconf 89' lang='lat' dir='ltr'><strong>tu-</strong></span> 
     </span>
    </p>
   </div>
   <div class='ocr_carea' id='block_1_20' title="bbox 152 2078 1737 2151">
    <p class='ocr_par' dir='ltr' id='par_1_20' title="bbox 152 2078 1737 2151">
     <span class='ocr_line' id='line_1_20' title="bbox 152 2078 1737 2151; baseline -0.001 -14"><span class='ocrx_word' id='word_1_148' title='bbox 152 2082 463 2151; x_wconf 82' lang='lat' dir='ltr'><strong>multusque</strong></span> <span class='ocrx_word' id='word_1_149' title='bbox 505 2090 561 2137; x_wconf 91' lang='lat' dir='ltr'><strong>et</strong></span> <span class='ocrx_word' id='word_1_150' title='bbox 584 2081 936 2150; x_wconf 86' lang='lat' dir='ltr'><strong>perturbatio.</strong></span> <span class='ocrx_word' id='word_1_151' title='bbox 968 2082 1053 2136; x_wconf 86' lang='lat' dir='ltr'><strong>An</strong></span> <span class='ocrx_word' id='word_1_152' title='bbox 1090 2090 1303 2150; x_wconf 83' lang='lat' dir='ltr'><strong>tempus</strong></span> <span class='ocrx_word' id='word_1_153' title='bbox 1324 2078 1466 2149; x_wconf 89' lang='lat' dir='ltr'><strong>quod</strong></span> <span class='ocrx_word' id='word_1_154' title='bbox 1497 2088 1616 2147; x_wconf 86' lang='lat' dir='ltr'><strong>post</strong></span> <span class='ocrx_word' id='word_1_155' title='bbox 1651 2092 1737 2135; x_wconf 82' lang='lat' dir='ltr'><strong>se-</strong></span> 
     </span>
    </p>
   </div>
   <div class='ocr_carea' id='block_1_21' title="bbox 1056 313 2384 380">
    <p class='ocr_par' dir='ltr' id='par_1_21' title="bbox 1056 313 2384 380">
     <span class='ocr_line' id='line_1_21' title="bbox 1056 313 2384 380; baseline 0.005 -10"><span class='ocrx_word' id='word_1_156' title='bbox 1056 313 1124 371; x_wconf 74' lang='lat' dir='ltr'><strong>IN</strong></span> <span class='ocrx_word' id='word_1_157' title='bbox 1158 314 1375 373; x_wconf 82' lang='lat' dir='ltr'><strong>EPIST.</strong></span> <span class='ocrx_word' id='word_1_158' title='bbox 1415 317 1437 374; x_wconf 89' lang='grc' dir='ltr'><strong><em>ι</em></strong></span> <span class='ocrx_word' id='word_1_159' title='bbox 1498 317 1591 374; x_wconf 80' lang='lat' dir='ltr'><strong>AD</strong></span> <span class='ocrx_word' id='word_1_160' title='bbox 1626 316 1782 376; x_wconf 80' lang='lat' dir='ltr'><strong>COR.</strong></span> <span class='ocrx_word' id='word_1_161' title='bbox 1833 317 2064 377; x_wconf 76' lang='lat' dir='ltr'><strong>HOMIL.</strong></span> <span class='ocrx_word' id='word_1_162' title='bbox 2106 320 2384 380; x_wconf 74' lang='lat' dir='ltr'><strong>XXXVIII.</strong></span> 
     </span>
    </p>
   </div>
   <div class='ocr_carea' id='block_1_22' title="bbox 3319 334 3426 391">
    <p class='ocr_par' dir='ltr' id='par_1_22' title="bbox 3319 334 3426 391">
     <span class='ocr_line' id='line_1_22' title="bbox 3319 334 3426 391; baseline 0.009 -1"><span class='ocrx_word' id='word_1_163' title='bbox 3319 334 3426 391; x_wconf 62' lang='grc' dir='ltr'><strong>«θῖἳῖ</strong></span> 
     </span>
    </p>
   </div>
   <div class='ocr_carea' id='block_1_23' title="bbox 1852 437 3423 526">
    <p class='ocr_par' dir='ltr' id='par_1_23' title="bbox 1852 437 3423 526">
     <span class='ocr_line' id='line_1_23' title="bbox 1852 437 3423 526; baseline 0.012 -36"><span class='ocrx_word' id='word_1_164' title='bbox 1852 437 2067 508; x_wconf 86' lang='lat' dir='ltr'><strong>quitur?</strong></span> <span class='ocrx_word' id='word_1_165' title='bbox 2090 438 2192 494; x_wconf 85' lang='lat' dir='ltr'><strong>Sed</strong></span> <span class='ocrx_word' id='word_1_166' title='bbox 2222 456 2391 509; x_wconf 86' lang='lat' dir='ltr'><strong>neque</strong></span> <span class='ocrx_word' id='word_1_167' title='bbox 2419 440 2522 496; x_wconf 87' lang='lat' dir='ltr'><strong>hoc</strong></span> <span class='ocrx_word' id='word_1_168' title='bbox 2540 440 2764 500; x_wconf 84' lang='lat' dir='ltr'><strong>dixeris.</strong></span> <span class='ocrx_word' id='word_1_169' title='bbox 2793 445 2973 516; x_wconf 82' lang='lat' dir='ltr'><strong>Neque</strong></span> <span class='ocrx_word' id='word_1_170' title='bbox 3001 450 3142 508; x_wconf 88' lang='lat' dir='ltr'><strong>enim</strong></span> <span class='ocrx_word' id='word_1_171' title='bbox 3163 467 3283 508; x_wconf 88' lang='lat' dir='ltr'><strong>eam</strong></span> <span class='ocrx_word' id='word_1_172' title='bbox 3302 469 3423 526; x_wconf 68' lang='lat' dir='ltr'><strong>quas</strong></span> 
     </span>
    </p>
   </div>
   <div class='ocr_carea' id='block_1_24' title="bbox 1853 528 3420 605">
    <p class='ocr_par' dir='ltr' id='par_1_24' title="bbox 1853 528 3420 605">
     <span class='ocr_line' id='line_1_24' title="bbox 1853 528 3420 605; baseline 0.014 -25"><span class='ocrx_word' id='word_1_173' title='bbox 1853 529 2055 599; x_wconf 86' lang='lat' dir='ltr'><strong>peperit</strong></span> <span class='ocrx_word' id='word_1_174' title='bbox 2072 528 2362 585; x_wconf 81' lang='lat' dir='ltr'><strong>dixerimus</strong></span> <span class='ocrx_word' id='word_1_175' title='bbox 2390 546 2509 587; x_wconf 92' lang='lat' dir='ltr'><strong>esse</strong></span> <span class='ocrx_word' id='word_1_176' title='bbox 2535 534 2586 588; x_wconf 92' lang='lat' dir='ltr'><strong>in</strong></span> <span class='ocrx_word' id='word_1_177' title='bbox 2612 535 2899 605; x_wconf 82' lang='lat' dir='ltr'><strong>voluptate,</strong></span> <span class='ocrx_word' id='word_1_178' title='bbox 2922 540 3015 594; x_wconf 88' lang='lat' dir='ltr'><strong>sed</strong></span> <span class='ocrx_word' id='word_1_179' title='bbox 3047 539 3098 595; x_wconf 86' lang='lat' dir='ltr'><strong>in</strong></span> <span class='ocrx_word' id='word_1_180' title='bbox 3126 543 3368 600; x_wconf 87' lang='lat' dir='ltr'><strong>libertate</strong></span> <span class='ocrx_word' id='word_1_181' title='bbox 3389 563 3420 602; x_wconf 83' lang='lat' dir='ltr'><strong>a</strong></span> 
     </span>
    </p>
   </div>
   <div class='ocr_carea' id='block_1_25' title="bbox 1849 618 3418 703">
    <p class='ocr_par' dir='ltr' id='par_1_25' title="bbox 1849 618 3418 703">
     <span class='ocr_line' id='line_1_25' title="bbox 1849 618 3418 703; baseline 0.013 -31"><span class='ocrx_word' id='word_1_182' title='bbox 1849 618 2120 674; x_wconf 86' lang='lat' dir='ltr'><strong>doloribus</strong></span> <span class='ocrx_word' id='word_1_183' title='bbox 2151 639 2164 675; x_wconf 89' lang='lat'><strong>:</strong></span> <span class='ocrx_word' id='word_1_184' title='bbox 2198 636 2301 675; x_wconf 89' lang='lat' dir='ltr'><strong>non</strong></span> <span class='ocrx_word' id='word_1_185' title='bbox 2342 631 2424 678; x_wconf 91' lang='lat' dir='ltr'><strong>est</strong></span> <span class='ocrx_word' id='word_1_186' title='bbox 2461 635 2637 679; x_wconf 88' lang='lat' dir='ltr'><strong>autem</strong></span> <span class='ocrx_word' id='word_1_187' title='bbox 2686 628 2840 696; x_wconf 79' lang='lat' dir='ltr'><strong>plane</strong></span> <span class='ocrx_word' id='word_1_188' title='bbox 2869 629 2968 686; x_wconf 88' lang='lat' dir='ltr'><strong>hoc</strong></span> <span class='ocrx_word' id='word_1_189' title='bbox 2997 633 3239 703; x_wconf 83' lang='lat' dir='ltr'><strong>voluptas</strong></span> <span class='ocrx_word' id='word_1_190' title='bbox 3262 678 3276 701; x_wconf 95' lang='lat'><strong>,</strong></span> <span class='ocrx_word' id='word_1_191' title='bbox 3325 639 3418 693; x_wconf 60' lang='lat' dir='ltr'><strong>sed</strong></span> 
     </span>
    </p>
   </div>
   <div class='ocr_carea' id='block_1_26' title="bbox 1851 711 3424 785">
    <p class='ocr_par' dir='ltr' id='par_1_26' title="bbox 1851 711 3424 785">
     <span class='ocr_line' id='line_1_26' title="bbox 1851 711 3424 785; baseline 0.012 -21"><span class='ocrx_word' id='word_1_192' title='bbox 1851 712 2026 779; x_wconf 88' lang='lat' dir='ltr'><strong>potius</strong></span> <span class='ocrx_word' id='word_1_193' title='bbox 2060 711 2392 769; x_wconf 78' lang='lat' dir='ltr'><strong>imbecillitas</strong></span> <span class='ocrx_word' id='word_1_194' title='bbox 2420 727 2469 770; x_wconf 88' lang='lat' dir='ltr'><strong>et</strong></span> <span class='ocrx_word' id='word_1_195' title='bbox 2510 716 2823 785; x_wconf 85' lang='lat' dir='ltr'><strong>dissolutio;</strong></span> <span class='ocrx_word' id='word_1_196' title='bbox 2864 725 3086 781; x_wconf 89' lang='lat' dir='ltr'><strong>multtuu</strong></span> <span class='ocrx_word' id='word_1_197' title='bbox 3125 738 3300 783; x_wconf 88' lang='lat' dir='ltr'><strong>autem</strong></span> <span class='ocrx_word' id='word_1_198' title='bbox 3341 747 3424 783; x_wconf 78' lang='grc' dir='ltr'><strong>ιιι-</strong></span> 
     </span>
    </p>
   </div>
   <div class='ocr_carea' id='block_1_27' title="bbox 1850 803 3418 891">
    <p class='ocr_par' dir='ltr' id='par_1_27' title="bbox 1850 803 3418 891">
     <span class='ocr_line' id='line_1_27' title="bbox 1850 803 3418 891; baseline 0.013 -36"><span class='ocrx_word' id='word_1_199' title='bbox 1850 810 2014 856; x_wconf 88' lang='lat' dir='ltr'><strong>terest</strong></span> <span class='ocrx_word' id='word_1_200' title='bbox 2057 803 2197 858; x_wconf 86' lang='lat' dir='ltr'><strong>inter</strong></span> <span class='ocrx_word' id='word_1_201' title='bbox 2235 814 2534 877; x_wconf 88' lang='lat' dir='ltr'><strong>utrumque.</strong></span> <span class='ocrx_word' id='word_1_202' title='bbox 2585 810 2859 877; x_wconf 83' lang='lat' dir='ltr'><strong>Quodnam</strong></span> <span class='ocrx_word' id='word_1_203' title='bbox 2908 826 2990 870; x_wconf 92' lang='lat' dir='ltr'><strong>est</strong></span> <span class='ocrx_word' id='word_1_204' title='bbox 3035 832 3162 887; x_wconf 86' lang='lat' dir='ltr'><strong>ergo</strong></span> <span class='ocrx_word' id='word_1_205' title='bbox 3208 828 3418 891; x_wconf 84' lang='lat' dir='ltr'><strong>tempus</strong></span> 
     </span>
    </p>
   </div>
   <div class='ocr_carea' id='block_1_28' title="bbox 1847 895 3423 977">
    <p class='ocr_par' dir='ltr' id='par_1_28' title="bbox 1847 895 3423 977">
     <span class='ocr_line' id='line_1_28' title="bbox 1847 895 3423 977; baseline 0.014 -30"><span class='ocrx_word' id='word_1_206' title='bbox 1847 895 2152 963; x_wconf 84' lang='lat' dir='ltr'><strong>voluptatis,</strong></span> <span class='ocrx_word' id='word_1_207' title='bbox 2179 896 2264 951; x_wconf 90' lang='lat' dir='ltr'><strong>dic</strong></span> <span class='ocrx_word' id='word_1_208' title='bbox 2288 902 2508 968; x_wconf 65' lang='lat' dir='ltr'><strong>quaaso?</strong></span> <span class='ocrx_word' id='word_1_209' title='bbox 2537 902 2746 957; x_wconf 86' lang='lat' dir='ltr'><strong>Nullum</strong></span> <span class='ocrx_word' id='word_1_210' title='bbox 2779 916 2861 959; x_wconf 87' lang='lat' dir='ltr'><strong>est</strong></span> <span class='ocrx_word' id='word_1_211' title='bbox 2888 925 2901 961; x_wconf 93' lang='lat'><strong>:</strong></span> <span class='ocrx_word' id='word_1_212' title='bbox 2930 908 2973 962; x_wconf 89' lang='lat' dir='ltr'><strong>si</strong></span> <span class='ocrx_word' id='word_1_213' title='bbox 3001 919 3086 964; x_wconf 90' lang='lat' dir='ltr'><strong>est</strong></span> <span class='ocrx_word' id='word_1_214' title='bbox 3111 920 3311 977; x_wconf 89' lang='lat' dir='ltr'><strong>tamen,</strong></span> <span class='ocrx_word' id='word_1_215' title='bbox 3339 926 3423 970; x_wconf 70' lang='lat' dir='ltr'><strong>est</strong></span> 
     </span>
    </p>
   </div>
   <div class='ocr_carea' id='block_1_29' title="bbox 1846 984 3421 1064">
    <p class='ocr_par' dir='ltr' id='par_1_29' title="bbox 1846 984 3421 1064">
     <span class='ocr_line' id='line_1_29' title="bbox 1846 984 3421 1064; baseline 0.015 -27"><span class='ocrx_word' id='word_1_216' title='bbox 1846 984 1980 1040; x_wconf 89' lang='lat' dir='ltr'><strong>adeo</strong></span> <span class='ocrx_word' id='word_1_217' title='bbox 2020 985 2209 1051; x_wconf 89' lang='lat' dir='ltr'><strong>breve,</strong></span> <span class='ocrx_word' id='word_1_218' title='bbox 2258 998 2314 1042; x_wconf 93' lang='lat' dir='ltr'><strong>ut</strong></span> <span class='ocrx_word' id='word_1_219' title='bbox 2358 1005 2424 1043; x_wconf 91' lang='lat' dir='ltr'><strong>ne</strong></span> <span class='ocrx_word' id='word_1_220' title='bbox 2469 1005 2724 1061; x_wconf 83' lang='lat' dir='ltr'><strong>appareat</strong></span> <span class='ocrx_word' id='word_1_221' title='bbox 2762 996 2999 1064; x_wconf 85' lang='lat' dir='ltr'><strong>quidem.</strong></span> <span class='ocrx_word' id='word_1_222' title='bbox 3055 1000 3186 1055; x_wconf 89' lang='lat' dir='ltr'><strong>Cum</strong></span> <span class='ocrx_word' id='word_1_223' title='bbox 3230 1005 3421 1061; x_wconf 84' lang='lat' dir='ltr'><strong>millies</strong></span> 
     </span>
    </p>
   </div>
   <div class='ocr_carea' id='block_1_30' title="bbox 1846 1075 3418 1152">
    <p class='ocr_par' dir='ltr' id='par_1_30' title="bbox 1846 1075 3418 1152">
     <span class='ocr_line' id='line_1_30' title="bbox 1846 1075 3418 1152; baseline 0.013 -25"><span class='ocrx_word' id='word_1_224' title='bbox 1846 1075 2277 1132; x_wconf 82' lang='lat' dir='ltr'><strong>contenderimus</strong></span> <span class='ocrx_word' id='word_1_225' title='bbox 2306 1090 2362 1133; x_wconf 92' lang='lat' dir='ltr'><strong>ut</strong></span> <span class='ocrx_word' id='word_1_226' title='bbox 2392 1080 2517 1135; x_wconf 92' lang='lat' dir='ltr'><strong>illud</strong></span> <span class='ocrx_word' id='word_1_227' title='bbox 2564 1082 3093 1152; x_wconf 86' lang='lat' dir='ltr'><strong>deprehenderemus</strong></span> <span class='ocrx_word' id='word_1_228' title='bbox 3119 1102 3174 1148; x_wconf 87' lang='lat' dir='ltr'><strong>et</strong></span> <span class='ocrx_word' id='word_1_229' title='bbox 3216 1097 3418 1151; x_wconf 60' lang='lat' dir='ltr'><strong>retine-</strong></span> 
     </span>
    </p>
   </div>
   <div class='ocr_carea' id='block_1_31' title="bbox 1848 1171 3418 1246">
    <p class='ocr_par' dir='ltr' id='par_1_31' title="bbox 1848 1171 3418 1246">
     <span class='ocr_line' id='line_1_31' title="bbox 1848 1171 3418 1246; baseline 0.015 -26"><span class='ocrx_word' id='word_1_230' title='bbox 1848 1179 2027 1220; x_wconf 88' lang='lat' dir='ltr'><strong>remus</strong></span> <span class='ocrx_word' id='word_1_231' title='bbox 2045 1208 2061 1233; x_wconf 92' lang='lat'><strong>,</strong></span> <span class='ocrx_word' id='word_1_232' title='bbox 2089 1183 2197 1223; x_wconf 89' lang='lat' dir='ltr'><strong>non</strong></span> <span class='ocrx_word' id='word_1_233' title='bbox 2225 1171 2511 1238; x_wconf 82' lang='lat' dir='ltr'><strong>pomimus.</strong></span> <span class='ocrx_word' id='word_1_234' title='bbox 2556 1174 2660 1229; x_wconf 84' lang='lat' dir='ltr'><strong>Sed</strong></span> <span class='ocrx_word' id='word_1_235' title='bbox 2689 1182 3037 1246; x_wconf 86' lang='lat' dir='ltr'><strong>temperantis</strong></span> <span class='ocrx_word' id='word_1_236' title='bbox 3062 1192 3117 1237; x_wconf 91' lang='lat' dir='ltr'><strong>et</strong></span> <span class='ocrx_word' id='word_1_237' title='bbox 3155 1186 3418 1244; x_wconf 87' lang='lat' dir='ltr'><strong>moderati</strong></span> 
     </span>
    </p>
   </div>
   <div class='ocr_carea' id='block_1_32' title="bbox 1848 1261 3421 1338">
    <p class='ocr_par' dir='ltr' id='par_1_32' title="bbox 1848 1261 3421 1338">
     <span class='ocr_line' id='line_1_32' title="bbox 1848 1261 3421 1338; baseline 0.016 -29"><span class='ocrx_word' id='word_1_238' title='bbox 1848 1263 2057 1326; x_wconf 86' lang='lat' dir='ltr'><strong>tempus</strong></span> <span class='ocrx_word' id='word_1_239' title='bbox 2083 1273 2186 1314; x_wconf 91' lang='lat' dir='ltr'><strong>non</strong></span> <span class='ocrx_word' id='word_1_240' title='bbox 2212 1271 2293 1315; x_wconf 91' lang='lat' dir='ltr'><strong>est</strong></span> <span class='ocrx_word' id='word_1_241' title='bbox 2322 1261 2603 1331; x_wconf 87' lang='lat' dir='ltr'><strong>ejusmodi,</strong></span> <span class='ocrx_word' id='word_1_242' title='bbox 2635 1266 2728 1321; x_wconf 90' lang='lat' dir='ltr'><strong>sed</strong></span> <span class='ocrx_word' id='word_1_243' title='bbox 2749 1270 3039 1338; x_wconf 83' lang='lat' dir='ltr'><strong>spatiosum</strong></span> <span class='ocrx_word' id='word_1_244' title='bbox 3061 1283 3145 1329; x_wconf 89' lang='lat' dir='ltr'><strong>est</strong></span> <span class='ocrx_word' id='word_1_245' title='bbox 3170 1287 3224 1331; x_wconf 88' lang='lat' dir='ltr'><strong>et</strong></span> <span class='ocrx_word' id='word_1_246' title='bbox 3249 1281 3421 1333; x_wconf 85' lang='lat' dir='ltr'><strong>omni-</strong></span> 
     </span>
    </p>
   </div>
   <div class='ocr_carea' id='block_1_33' title="bbox 1847 1343 3417 1437">
    <p class='ocr_par' dir='ltr' id='par_1_33' title="bbox 1847 1343 3417 1437">
     <span class='ocr_line' id='line_1_33' title="bbox 1847 1343 3417 1437; baseline 0.015 -39"><span class='ocrx_word' id='word_1_247' title='bbox 1847 1343 1946 1399; x_wconf 89' lang='lat' dir='ltr'><strong>bus</strong></span> <span class='ocrx_word' id='word_1_248' title='bbox 1964 1345 2218 1413; x_wconf 88' lang='lat' dir='ltr'><strong>evidens;</strong></span> <span class='ocrx_word' id='word_1_249' title='bbox 2248 1351 2328 1404; x_wconf 84' lang='lat' dir='ltr'><strong>vel</strong></span> <span class='ocrx_word' id='word_1_250' title='bbox 2352 1352 2527 1420; x_wconf 88' lang='lat' dir='ltr'><strong>potius</strong></span> <span class='ocrx_word' id='word_1_251' title='bbox 2550 1361 2657 1410; x_wconf 87' lang='lat' dir='ltr'><strong>tota</strong></span> <span class='ocrx_word' id='word_1_252' title='bbox 2683 1357 2801 1424; x_wconf 86' lang='lat' dir='ltr'><strong>ejus</strong></span> <span class='ocrx_word' id='word_1_253' title='bbox 2823 1360 2925 1414; x_wconf 88' lang='lat' dir='ltr'><strong>vita</strong></span> <span class='ocrx_word' id='word_1_254' title='bbox 2949 1371 3033 1417; x_wconf 91' lang='lat' dir='ltr'><strong>est</strong></span> <span class='ocrx_word' id='word_1_255' title='bbox 3055 1365 3110 1421; x_wconf 89' lang='lat' dir='ltr'><strong>in</strong></span> <span class='ocrx_word' id='word_1_256' title='bbox 3129 1366 3417 1437; x_wconf 69' lang='lat' dir='ltr'><strong>voluptate,</strong></span> 
     </span>
    </p>
   </div>
   <div class='ocr_carea' id='block_1_34' title="bbox 1845 1438 3421 1516">
    <p class='ocr_par' dir='ltr' id='par_1_34' title="bbox 1845 1438 3421 1516">
     <span class='ocr_line' id='line_1_34' title="bbox 1845 1438 3421 1516; baseline 0.015 -26"><span class='ocrx_word' id='word_1_257' title='bbox 1845 1451 1963 1492; x_wconf 92' lang='lat' dir='ltr'><strong>cum</strong></span> <span class='ocrx_word' id='word_1_258' title='bbox 2016 1438 2131 1508; x_wconf 86' lang='lat' dir='ltr'><strong>ejus</strong></span> <span class='ocrx_word' id='word_1_259' title='bbox 2181 1444 2506 1499; x_wconf 85' lang='lat' dir='ltr'><strong>conscientia</strong></span> <span class='ocrx_word' id='word_1_260' title='bbox 2556 1457 2862 1516; x_wconf 87' lang='lat' dir='ltr'><strong>coronetur,</strong></span> <span class='ocrx_word' id='word_1_261' title='bbox 2920 1467 3041 1507; x_wconf 91' lang='lat' dir='ltr'><strong>cum</strong></span> <span class='ocrx_word' id='word_1_262' title='bbox 3099 1456 3265 1511; x_wconf 88' lang='lat' dir='ltr'><strong>sedati</strong></span> <span class='ocrx_word' id='word_1_263' title='bbox 3313 1462 3421 1514; x_wconf 86' lang='lat' dir='ltr'><strong>sint</strong></span> 
     </span>
    </p>
   </div>
   <div class='ocr_carea' id='block_1_35' title="bbox 1844 1527 3417 1608">
    <p class='ocr_par' dir='ltr' id='par_1_35' title="bbox 1844 1527 3417 1608">
     <span class='ocr_line' id='line_1_35' title="bbox 1844 1527 3417 1608; baseline 0.015 -25"><span class='ocrx_word' id='word_1_264' title='bbox 1844 1527 2056 1596; x_wconf 80' lang='lat' dir='ltr'><strong>ﬂuctus,</strong></span> <span class='ocrx_word' id='word_1_265' title='bbox 2086 1533 2229 1586; x_wconf 89' lang='lat' dir='ltr'><strong>nullo</strong></span> <span class='ocrx_word' id='word_1_266' title='bbox 2256 1550 2319 1589; x_wconf 81' lang='lat' dir='ltr'><strong>ex</strong></span> <span class='ocrx_word' id='word_1_267' title='bbox 2350 1538 2538 1606; x_wconf 86' lang='lat' dir='ltr'><strong>quavis</strong></span> <span class='ocrx_word' id='word_1_268' title='bbox 2569 1549 2717 1608; x_wconf 80' lang='lat' dir='ltr'><strong>parte</strong></span> <span class='ocrx_word' id='word_1_269' title='bbox 2759 1543 2966 1599; x_wconf 87' lang='lat' dir='ltr'><strong>oriente</strong></span> <span class='ocrx_word' id='word_1_270' title='bbox 3012 1550 3255 1604; x_wconf 89' lang='lat' dir='ltr'><strong>tumultu.</strong></span> <span class='ocrx_word' id='word_1_271' title='bbox 3286 1551 3417 1606; x_wconf 87' lang='lat' dir='ltr'><strong>Cum</strong></span> 
     </span>
    </p>
   </div>
   <div class='ocr_carea' id='block_1_36' title="bbox 1844 1621 3413 1699">
    <p class='ocr_par' dir='ltr' id='par_1_36' title="bbox 1844 1621 3413 1699">
     <span class='ocr_line' id='line_1_36' title="bbox 1844 1621 3413 1699; baseline 0.015 -24"><span class='ocrx_word' id='word_1_272' title='bbox 1844 1635 1971 1690; x_wconf 84' lang='lat' dir='ltr'><strong>ergo</strong></span> <span class='ocrx_word' id='word_1_273' title='bbox 1999 1621 2082 1677; x_wconf 89' lang='lat' dir='ltr'><strong>hic</strong></span> <span class='ocrx_word' id='word_1_274' title='bbox 2108 1624 2276 1694; x_wconf 91' lang='lat' dir='ltr'><strong>magis</strong></span> <span class='ocrx_word' id='word_1_275' title='bbox 2298 1625 2367 1679; x_wconf 91' lang='lat' dir='ltr'><strong>sit</strong></span> <span class='ocrx_word' id='word_1_276' title='bbox 2398 1628 2449 1682; x_wconf 90' lang='lat' dir='ltr'><strong>in</strong></span> <span class='ocrx_word' id='word_1_277' title='bbox 2482 1630 2746 1699; x_wconf 87' lang='lat' dir='ltr'><strong>voluptate</strong></span> <span class='ocrx_word' id='word_1_278' title='bbox 2764 1672 2779 1697; x_wconf 95' lang='lat'><strong>,</strong></span> <span class='ocrx_word' id='word_1_279' title='bbox 2812 1634 3126 1693; x_wconf 90' lang='lat' dir='ltr'><strong>libidinosus</strong></span> <span class='ocrx_word' id='word_1_280' title='bbox 3154 1650 3331 1697; x_wconf 88' lang='lat' dir='ltr'><strong>autem</strong></span> <span class='ocrx_word' id='word_1_281' title='bbox 3363 1648 3413 1699; x_wconf 89' lang='lat' dir='ltr'><strong>in</strong></span> 
     </span>
    </p>
   </div>
   <div class='ocr_carea' id='block_1_37' title="bbox 1840 1713 3416 1797">
    <p class='ocr_par' dir='ltr' id='par_1_37' title="bbox 1840 1713 3416 1797">
     <span class='ocr_line' id='line_1_37' title="bbox 1840 1713 3416 1797; baseline 0.015 -31"><span class='ocrx_word' id='word_1_282' title='bbox 1840 1713 2004 1769; x_wconf 87' lang='lat' dir='ltr'><strong>animi</strong></span> <span class='ocrx_word' id='word_1_283' title='bbox 2028 1716 2340 1785; x_wconf 67' lang='lat' dir='ltr'><strong>aegritudine</strong></span> <span class='ocrx_word' id='word_1_284' title='bbox 2368 1728 2422 1774; x_wconf 89' lang='lat' dir='ltr'><strong>et</strong></span> <span class='ocrx_word' id='word_1_285' title='bbox 2447 1722 2790 1789; x_wconf 88' lang='lat' dir='ltr'><strong>tumultibus,</strong></span> <span class='ocrx_word' id='word_1_286' title='bbox 2834 1723 3099 1797; x_wconf 80' lang='lat' dir='ltr'><strong>fugiamus</strong></span> <span class='ocrx_word' id='word_1_287' title='bbox 3142 1732 3416 1790; x_wconf 89' lang='lat' dir='ltr'><strong>libidinem</strong></span> 
     </span>
    </p>
   </div>
   <div class='ocr_carea' id='block_1_38' title="bbox 1841 1805 3419 1889">
    <p class='ocr_par' dir='ltr' id='par_1_38' title="bbox 1841 1805 3419 1889">
     <span class='ocr_line' id='line_1_38' title="bbox 1841 1805 3419 1889; baseline 0.013 -29"><span class='ocrx_word' id='word_1_288' title='bbox 1841 1812 1897 1860; x_wconf 86' lang='lat' dir='ltr'><strong>et</strong></span> <span class='ocrx_word' id='word_1_289' title='bbox 1942 1805 2439 1876; x_wconf 85' lang='lat' dir='ltr'><strong>intemperantiam,</strong></span> <span class='ocrx_word' id='word_1_290' title='bbox 2489 1813 2874 1881; x_wconf 86' lang='lat' dir='ltr'><strong>amplectamur</strong></span> <span class='ocrx_word' id='word_1_291' title='bbox 2918 1824 3321 1889; x_wconf 85' lang='lat' dir='ltr'><strong>temperantiam</strong></span> <span class='ocrx_word' id='word_1_292' title='bbox 3364 1839 3419 1880; x_wconf 87' lang='lat' dir='ltr'><strong>et</strong></span> 
     </span>
    </p>
   </div>
   <div class='ocr_carea' id='block_1_39' title="bbox 1841 1896 3414 1985">
    <p class='ocr_par' dir='ltr' id='par_1_39' title="bbox 1841 1896 3414 1985">
     <span class='ocr_line' id='line_1_39' title="bbox 1841 1896 3414 1985; baseline 0.013 -36"><span class='ocrx_word' id='word_1_293' title='bbox 1841 1896 2160 1963; x_wconf 80' lang='lat' dir='ltr'><strong>castitatem,</strong></span> <span class='ocrx_word' id='word_1_294' title='bbox 2196 1907 2254 1952; x_wconf 91' lang='lat' dir='ltr'><strong>ut</strong></span> <span class='ocrx_word' id='word_1_295' title='bbox 2277 1898 2414 1955; x_wconf 89' lang='lat' dir='ltr'><strong>bona</strong></span> <span class='ocrx_word' id='word_1_296' title='bbox 2440 1901 2599 1957; x_wconf 91' lang='lat' dir='ltr'><strong>etiam</strong></span> <span class='ocrx_word' id='word_1_297' title='bbox 2629 1903 2808 1961; x_wconf 89' lang='lat' dir='ltr'><strong>l‘utura</strong></span> <span class='ocrx_word' id='word_1_298' title='bbox 2834 1920 3250 1980; x_wconf 89' lang='lat' dir='ltr'><strong>consequamur,</strong></span> <span class='ocrx_word' id='word_1_299' title='bbox 3287 1928 3414 1985; x_wconf 88' lang='lat' dir='ltr'><strong>gra-</strong></span> 
     </span>
    </p>
   </div>
   <div class='ocr_carea' id='block_1_40' title="bbox 1840 1988 2502 2060">
    <p class='ocr_par' dir='ltr' id='par_1_40' title="bbox 1840 1988 2502 2060">
     <span class='ocr_line' id='line_1_40' title="bbox 1840 1988 2502 2060; baseline 0.009 -17"><span class='ocrx_word' id='word_1_300' title='bbox 1840 1988 1915 2043; x_wconf 87' lang='lat' dir='ltr'><strong>tia</strong></span> <span class='ocrx_word' id='word_1_301' title='bbox 1939 1998 1993 2045; x_wconf 92' lang='lat' dir='ltr'><strong>et</strong></span> <span class='ocrx_word' id='word_1_302' title='bbox 2020 1988 2368 2060; x_wconf 79' lang='lat' dir='ltr'><strong>benignitate,</strong></span> <span class='ocrx_word' id='word_1_303' title='bbox 2396 1998 2502 2049; x_wconf 88' lang='lat' dir='ltr'><strong>etc.</strong></span> 
     </span>
    </p>
   </div>
   <div class='ocr_carea' id='block_1_41' title="bbox 150 2213 3415 2243">
    <p class='ocr_par' dir='ltr' id='par_1_41' title="bbox 150 2213 3415 2243">
     <span class='ocr_line' id='line_1_41' title="bbox 150 2213 3415 2243; baseline 0 -9"><span class='ocrx_word' id='word_1_304' title='bbox 150 2213 3415 2243; x_wconf 52' lang='lat' dir='ltr'><em>W</em></span> 
     </span>
    </p>
   </div>
   <div class='ocr_carea' id='block_1_42' title="bbox 1389 2286 2136 2351">
    <p class='ocr_par' dir='ltr' id='par_1_42' title="bbox 1389 2286 2136 2351">
     <span class='ocr_line' id='line_1_42' title="bbox 1389 2286 2136 2351; baseline -0.003 0"><span class='ocrx_word' id='word_1_305' title='bbox 1389 2288 1732 2351; x_wconf 77' lang='lat' dir='ltr'><strong>HOMILIA</strong></span> <span class='ocrx_word' id='word_1_306' title='bbox 1770 2286 2136 2350; x_wconf 81' lang='lat' dir='ltr'><strong>XXXVIII.</strong></span> 
     </span>
    </p>
   </div>
   <div class='ocr_carea' id='block_1_43' title="bbox 148 2433 1733 2505">
    <p class='ocr_par' dir='ltr' id='par_1_43' title="bbox 148 2433 1733 2505">
     <span class='ocr_line' id='line_1_43' title="bbox 148 2433 1733 2505; baseline -0.008 -8"><span class='ocrx_word' id='word_1_307' title='bbox 148 2441 272 2498; x_wconf 70' lang='lat' dir='ltr'><strong>Car.</strong></span> <span class='ocrx_word' id='word_1_308' title='bbox 305 2440 393 2497; x_wconf 70' lang='grc'><strong>15.</strong></span> <span class='ocrx_word' id='word_1_309' title='bbox 438 2440 566 2494; x_wconf 70' lang='lat' dir='ltr'><strong>v.1.</strong></span> <span class='ocrx_word' id='word_1_310' title='bbox 595 2437 790 2493; x_wconf 80' lang='lat' dir='ltr'><strong>Notum</strong></span> <span class='ocrx_word' id='word_1_311' title='bbox 815 2445 987 2491; x_wconf 80' lang='lat' dir='ltr'><strong>autem</strong></span> <span class='ocrx_word' id='word_1_312' title='bbox 1007 2435 1143 2491; x_wconf 76' lang='lat' dir='ltr'><strong>vobis</strong></span> <span class='ocrx_word' id='word_1_313' title='bbox 1167 2433 1324 2504; x_wconf 73' lang='lat' dir='ltr'><strong>facio,</strong></span> <span class='ocrx_word' id='word_1_314' title='bbox 1347 2437 1532 2505; x_wconf 82' lang='lat' dir='ltr'><strong>fratres</strong></span> <span class='ocrx_word' id='word_1_315' title='bbox 1545 2474 1569 2497; x_wconf 61' lang='lat'><strong>,,</strong></span> <span class='ocrx_word' id='word_1_316' title='bbox 1588 2447 1733 2487; x_wconf 80' lang='lat' dir='ltr'><strong>evan-</strong></span> 
     </span>
    </p>
   </div>
   <div class='ocr_carea' id='block_1_44' title="bbox 212 2527 1733 2607">
    <p class='ocr_par' dir='ltr' id='par_1_44' title="bbox 212 2527 1733 2607">
     <span class='ocr_line' id='line_1_44' title="bbox 212 2527 1733 2607; baseline -0.004 -18"><span class='ocrx_word' id='word_1_317' title='bbox 212 2536 408 2607; x_wconf 75' lang='lat' dir='ltr'><strong>gelium</strong></span> <span class='ocrx_word' id='word_1_318' title='bbox 450 2532 590 2604; x_wconf 80' lang='lat' dir='ltr'><strong>quod</strong></span> <span class='ocrx_word' id='word_1_319' title='bbox 628 2531 902 2602; x_wconf 68' lang='lat' dir='ltr'><strong>praditavi</strong></span> <span class='ocrx_word' id='word_1_320' title='bbox 943 2528 1250 2601; x_wconf 74' lang='lat' dir='ltr'><strong>vobis.qu</strong></span> <span class='ocrx_word' id='word_1_321' title='bbox 1274 2537 1320 2582; x_wconf 85' lang='lat' dir='ltr'><strong>et</strong></span> <span class='ocrx_word' id='word_1_322' title='bbox 1345 2527 1607 2598; x_wconf 77' lang='lat' dir='ltr'><strong>accepistis</strong></span> <span class='ocrx_word' id='word_1_323' title='bbox 1632 2567 1649 2591; x_wconf 93' lang='lat'><strong>,</strong></span> <span class='ocrx_word' id='word_1_324' title='bbox 1678 2527 1733 2583; x_wconf 88' lang='lat' dir='ltr'><strong>in</strong></span> 
     </span>
    </p>
   </div>
   <div class='ocr_carea' id='block_1_45' title="bbox 206 2620 1734 2695">
    <p class='ocr_par' dir='ltr' id='par_1_45' title="bbox 206 2620 1734 2695">
     <span class='ocr_line' id='line_1_45' title="bbox 206 2620 1734 2695; baseline -0.003 -14"><span class='ocrx_word' id='word_1_325' title='bbox 206 2642 314 2695; x_wconf 75' lang='lat' dir='ltr'><strong>quo</strong></span> <span class='ocrx_word' id='word_1_326' title='bbox 340 2636 388 2681; x_wconf 84' lang='lat' dir='ltr'><strong>et</strong></span> <span class='ocrx_word' id='word_1_327' title='bbox 413 2626 560 2681; x_wconf 79' lang='lat' dir='ltr'><strong>statis</strong></span> <span class='ocrx_word' id='word_1_328' title='bbox 584 2667 599 2690; x_wconf 89' lang='lat'><strong>,</strong></span> <span class='ocrx_word' id='word_1_329' title='bbox 629 2624 686 2678; x_wconf 78' lang='lat'><strong>2.</strong></span> <span class='ocrx_word' id='word_1_330' title='bbox 716 2642 807 2695; x_wconf 83' lang='lat' dir='ltr'><strong>per</strong></span> <span class='ocrx_word' id='word_1_331' title='bbox 833 2623 969 2695; x_wconf 84' lang='lat' dir='ltr'><strong>quod</strong></span> <span class='ocrx_word' id='word_1_332' title='bbox 1004 2632 1051 2677; x_wconf 83' lang='lat' dir='ltr'><strong>et</strong></span> <span class='ocrx_word' id='word_1_333' title='bbox 1074 2621 1342 2679; x_wconf 84' lang='lat' dir='ltr'><strong>salvamini</strong></span> <span class='ocrx_word' id='word_1_334' title='bbox 1355 2661 1372 2687; x_wconf 92' lang='lat'><strong>,</strong></span> <span class='ocrx_word' id='word_1_335' title='bbox 1410 2636 1513 2691; x_wconf 74' lang='lat' dir='ltr'><strong>qua</strong></span> <span class='ocrx_word' id='word_1_336' title='bbox 1538 2620 1734 2677; x_wconf 71' lang='lat' dir='ltr'><strong>ratione</strong></span> 
     </span>
    </p>
   </div>
   <div class='ocr_carea' id='block_1_46' title="bbox 208 2720 778 2790">
    <p class='ocr_par' dir='ltr' id='par_1_46' title="bbox 208 2720 778 2790">
     <span class='ocr_line' id='line_1_46' title="bbox 208 2720 778 2790; baseline -0.005 -15"><span class='ocrx_word' id='word_1_337' title='bbox 208 2721 598 2790; x_wconf 71' lang='lat' dir='ltr'><strong>pradicava</strong></span> <span class='ocrx_word' id='word_1_338' title='bbox 622 2720 778 2773; x_wconf 80' lang='lat' dir='ltr'><strong>vobis.</strong></span> 
     </span>
    </p>
   </div>
   <div class='ocr_carea' id='block_1_47' title="bbox 207 2805 1714 2878">
    <p class='ocr_par' dir='ltr' id='par_1_47' title="bbox 207 2805 1714 2878">
     <span class='ocr_line' id='line_1_47' title="bbox 207 2805 1714 2878; baseline -0.007 -11"><span class='ocrx_word' id='word_1_339' title='bbox 207 2814 259 2867; x_wconf 78' lang='grc'><strong>1.</strong></span> <span class='ocrx_word' id='word_1_340' title='bbox 307 2812 442 2867; x_wconf 88' lang='lat' dir='ltr'><strong>Cum</strong></span> <span class='ocrx_word' id='word_1_341' title='bbox 482 2810 550 2866; x_wconf 91' lang='lat' dir='ltr'><strong>de</strong></span> <span class='ocrx_word' id='word_1_342' title='bbox 599 2807 964 2878; x_wconf 85' lang='lat' dir='ltr'><strong>spiritualibus</strong></span> <span class='ocrx_word' id='word_1_343' title='bbox 1018 2806 1337 2862; x_wconf 88' lang='lat' dir='ltr'><strong>absolvisset</strong></span> <span class='ocrx_word' id='word_1_344' title='bbox 1388 2805 1714 2867; x_wconf 89' lang='lat' dir='ltr'><strong>orationem,</strong></span> 
     </span>
    </p>
   </div>
   <div class='ocr_carea' id='block_1_48' title="bbox 143 2896 1724 2973">
    <p class='ocr_par' dir='ltr' id='par_1_48' title="bbox 143 2896 1724 2973">
     <span class='ocr_line' id='line_1_48' title="bbox 143 2896 1724 2973; baseline -0.006 -15"><span class='ocrx_word' id='word_1_345' title='bbox 143 2905 331 2960; x_wconf 86' lang='lat' dir='ltr'><strong>transit</strong></span> <span class='ocrx_word' id='word_1_346' title='bbox 354 2902 424 2957; x_wconf 91' lang='lat' dir='ltr'><strong>ad</strong></span> <span class='ocrx_word' id='word_1_347' title='bbox 451 2902 503 2957; x_wconf 89' lang='lat' dir='ltr'><strong>id</strong></span> <span class='ocrx_word' id='word_1_348' title='bbox 528 2901 670 2973; x_wconf 93' lang='lat' dir='ltr'><strong>quod</strong></span> <span class='ocrx_word' id='word_1_349' title='bbox 696 2909 781 2956; x_wconf 92' lang='lat' dir='ltr'><strong>est</strong></span> <span class='ocrx_word' id='word_1_350' title='bbox 809 2900 1045 2955; x_wconf 90' lang='lat' dir='ltr'><strong>omnium</strong></span> <span class='ocrx_word' id='word_1_351' title='bbox 1083 2898 1313 2953; x_wconf 87' lang='lat' dir='ltr'><strong>maxime</strong></span> <span class='ocrx_word' id='word_1_352' title='bbox 1342 2896 1724 2961; x_wconf 89' lang='lat' dir='ltr'><strong>necessarium,</strong></span> 
     </span>
    </p>
   </div>
   <div class='ocr_carea' id='block_1_49' title="bbox 140 2989 1729 3067">
    <p class='ocr_par' dir='ltr' id='par_1_49' title="bbox 140 2989 1729 3067">
     <span class='ocr_line' id='line_1_49' title="bbox 140 2989 1729 3067; baseline -0.005 -15"><span class='ocrx_word' id='word_1_353' title='bbox 140 3010 333 3067; x_wconf 84' lang='lat' dir='ltr'><strong>nempe</strong></span> <span class='ocrx_word' id='word_1_354' title='bbox 358 2994 431 3049; x_wconf 90' lang='lat' dir='ltr'><strong>ad</strong></span> <span class='ocrx_word' id='word_1_355' title='bbox 475 3003 845 3064; x_wconf 82' lang='lat' dir='ltr'><strong>argumentum</strong></span> <span class='ocrx_word' id='word_1_356' title='bbox 886 2990 1295 3047; x_wconf 88' lang='lat' dir='ltr'><strong>resurrectionis</strong></span> <span class='ocrx_word' id='word_1_357' title='bbox 1339 3007 1354 3047; x_wconf 74' lang='grc' dir='ltr'><strong>ε</strong></span> <span class='ocrx_word' id='word_1_358' title='bbox 1399 2989 1454 3044; x_wconf 90' lang='lat' dir='ltr'><strong>in</strong></span> <span class='ocrx_word' id='word_1_359' title='bbox 1474 3003 1541 3044; x_wconf 91' lang='lat' dir='ltr'><strong>eo</strong></span> <span class='ocrx_word' id='word_1_360' title='bbox 1582 2989 1729 3044; x_wconf 87' lang='lat' dir='ltr'><strong>enim</strong></span> 
     </span>
    </p>
   </div>
   <div class='ocr_carea' id='block_1_50' title="bbox 139 3079 1727 3157">
    <p class='ocr_par' dir='ltr' id='par_1_50' title="bbox 139 3079 1727 3157">
     <span class='ocr_line' id='line_1_50' title="bbox 139 3079 1727 3157; baseline -0.004 -15"><span class='ocrx_word' id='word_1_361' title='bbox 139 3089 291 3145; x_wconf 86' lang='lat' dir='ltr'><strong>valde</strong></span> <span class='ocrx_word' id='word_1_362' title='bbox 340 3086 694 3157; x_wconf 63' lang='lat' dir='ltr'><strong>aegrotahant.</strong></span> <span class='ocrx_word' id='word_1_363' title='bbox 726 3084 793 3138; x_wconf 85' lang='lat' dir='ltr'><strong>Et</strong></span> <span class='ocrx_word' id='word_1_364' title='bbox 840 3084 978 3139; x_wconf 91' lang='lat' dir='ltr'><strong>sicut</strong></span> <span class='ocrx_word' id='word_1_365' title='bbox 1025 3082 1077 3137; x_wconf 91' lang='lat' dir='ltr'><strong>in</strong></span> <span class='ocrx_word' id='word_1_366' title='bbox 1131 3081 1482 3151; x_wconf 88' lang='lat' dir='ltr'><strong>corporibus,</strong></span> <span class='ocrx_word' id='word_1_367' title='bbox 1513 3079 1727 3151; x_wconf 88' lang='lat' dir='ltr'><strong>quando</strong></span> 
     </span>
    </p>
   </div>
   <div class='ocr_carea' id='block_1_51' title="bbox 140 3172 1725 3245">
    <p class='ocr_par' dir='ltr' id='par_1_51' title="bbox 140 3172 1725 3245">
     <span class='ocr_line' id='line_1_51' title="bbox 140 3172 1725 3245; baseline -0.003 -13"><span class='ocrx_word' id='word_1_368' title='bbox 140 3179 342 3233; x_wconf 85' lang='lat' dir='ltr'><strong>solidas</strong></span> <span class='ocrx_word' id='word_1_369' title='bbox 372 3192 561 3232; x_wconf 90' lang='lat' dir='ltr'><strong>eorum</strong></span> <span class='ocrx_word' id='word_1_370' title='bbox 590 3183 769 3245; x_wconf 89' lang='lat' dir='ltr'><strong>partes</strong></span> <span class='ocrx_word' id='word_1_371' title='bbox 796 3172 959 3229; x_wconf 88' lang='lat' dir='ltr'><strong>lebris</strong></span> <span class='ocrx_word' id='word_1_372' title='bbox 982 3173 1234 3243; x_wconf 79' lang='lat' dir='ltr'><strong>attigerit,</strong></span> <span class='ocrx_word' id='word_1_373' title='bbox 1252 3187 1465 3239; x_wconf 90' lang='lat' dir='ltr'><strong>nervos,</strong></span> <span class='ocrx_word' id='word_1_374' title='bbox 1486 3172 1725 3241; x_wconf 87' lang='lat' dir='ltr'><strong>inquam,</strong></span> 
     </span>
    </p>
   </div>
   <div class='ocr_carea' id='block_1_52' title="bbox 140 3261 1721 3336">
    <p class='ocr_par' dir='ltr' id='par_1_52' title="bbox 140 3261 1721 3336">
     <span class='ocr_line' id='line_1_52' title="bbox 140 3261 1721 3336; baseline -0.006 -10"><span class='ocrx_word' id='word_1_375' title='bbox 140 3278 191 3326; x_wconf 78' lang='lat' dir='ltr'><strong>et</strong></span> <span class='ocrx_word' id='word_1_376' title='bbox 212 3282 384 3325; x_wconf 86' lang='lat' dir='ltr'><strong>venas</strong></span> <span class='ocrx_word' id='word_1_377' title='bbox 409 3276 464 3321; x_wconf 90' lang='lat' dir='ltr'><strong>et</strong></span> <span class='ocrx_word' id='word_1_378' title='bbox 488 3265 656 3336; x_wconf 90' lang='lat' dir='ltr'><strong>prima</strong></span> <span class='ocrx_word' id='word_1_379' title='bbox 684 3265 969 3330; x_wconf 90' lang='lat' dir='ltr'><strong>elementa,</strong></span> <span class='ocrx_word' id='word_1_380' title='bbox 994 3263 1192 3318; x_wconf 90' lang='lat' dir='ltr'><strong>malum</strong></span> <span class='ocrx_word' id='word_1_381' title='bbox 1218 3262 1285 3317; x_wconf 92' lang='lat' dir='ltr'><strong>sit</strong></span> <span class='ocrx_word' id='word_1_382' title='bbox 1308 3261 1721 3329; x_wconf 88' lang='lat' dir='ltr'><strong>immedicabile,</strong></span> 
     </span>
    </p>
   </div>
   <div class='ocr_carea' id='block_1_53' title="bbox 138 3358 1724 3436">
    <p class='ocr_par' dir='ltr' id='par_1_53' title="bbox 138 3358 1724 3436">
     <span class='ocr_line' id='line_1_53' title="bbox 138 3358 1724 3436; baseline -0.006 -16"><span class='ocrx_word' id='word_1_383' title='bbox 138 3364 233 3420; x_wconf 86' lang='lat' dir='ltr'><strong>nisi</strong></span> <span class='ocrx_word' id='word_1_384' title='bbox 257 3364 384 3436; x_wconf 85' lang='lat' dir='ltr'><strong>ejus</strong></span> <span class='ocrx_word' id='word_1_385' title='bbox 430 3378 621 3433; x_wconf 84' lang='lat' dir='ltr'><strong>magna</strong></span> <span class='ocrx_word' id='word_1_386' title='bbox 660 3369 876 3431; x_wconf 80' lang='lat' dir='ltr'><strong>geratur</strong></span> <span class='ocrx_word' id='word_1_387' title='bbox 917 3374 1089 3415; x_wconf 87' lang='lat' dir='ltr'><strong>cura:</strong></span> <span class='ocrx_word' id='word_1_388' title='bbox 1120 3358 1198 3413; x_wconf 90' lang='lat' dir='ltr'><strong>sic</strong></span> <span class='ocrx_word' id='word_1_389' title='bbox 1240 3365 1365 3412; x_wconf 91' lang='lat' dir='ltr'><strong>tunc</strong></span> <span class='ocrx_word' id='word_1_390' title='bbox 1400 3371 1614 3427; x_wconf 90' lang='lat' dir='ltr'><strong>quoque</strong></span> <span class='ocrx_word' id='word_1_391' title='bbox 1656 3370 1724 3411; x_wconf 91' lang='lat' dir='ltr'><strong>ue</strong></span> 
     </span>
    </p>
   </div>
   <div class='ocr_carea' id='block_1_54' title="bbox 138 3449 1723 3529">
    <p class='ocr_par' dir='ltr' id='par_1_54' title="bbox 138 3449 1723 3529">
     <span class='ocr_line' id='line_1_54' title="bbox 138 3449 1723 3529; baseline -0.005 -16"><span class='ocrx_word' id='word_1_392' title='bbox 138 3459 304 3526; x_wconf 80' lang='lat' dir='ltr'><strong>ﬁeret,</strong></span> <span class='ocrx_word' id='word_1_393' title='bbox 329 3466 455 3513; x_wconf 86' lang='lat' dir='ltr'><strong>erat</strong></span> <span class='ocrx_word' id='word_1_394' title='bbox 474 3455 794 3529; x_wconf 89' lang='lat' dir='ltr'><strong>periculum.</strong></span> <span class='ocrx_word' id='word_1_395' title='bbox 817 3453 897 3507; x_wconf 87' lang='lat' dir='ltr'><strong>Ad</strong></span> <span class='ocrx_word' id='word_1_396' title='bbox 924 3452 1036 3522; x_wconf 88' lang='lat' dir='ltr'><strong>ipsa</strong></span> <span class='ocrx_word' id='word_1_397' title='bbox 1056 3451 1200 3507; x_wconf 89' lang='lat' dir='ltr'><strong>enim</strong></span> <span class='ocrx_word' id='word_1_398' title='bbox 1223 3450 1436 3521; x_wconf 86' lang='lat' dir='ltr'><strong>pietatis</strong></span> <span class='ocrx_word' id='word_1_399' title='bbox 1460 3449 1723 3505; x_wconf 88' lang='lat' dir='ltr'><strong>elementa</strong></span> 
     </span>
    </p>
   </div>
   <div class='ocr_carea' id='block_1_55' title="bbox 136 3542 1711 3616">
    <p class='ocr_par' dir='ltr' id='par_1_55' title="bbox 136 3542 1711 3616">
     <span class='ocr_line' id='line_1_55' title="bbox 136 3542 1711 3616; baseline -0.006 -9"><span class='ocrx_word' id='word_1_400' title='bbox 136 3551 391 3607; x_wconf 71' lang='lat' dir='ltr'><strong>tendebat</strong></span> <span class='ocrx_word' id='word_1_401' title='bbox 413 3548 632 3604; x_wconf 89' lang='lat' dir='ltr'><strong>malum.</strong></span> <span class='ocrx_word' id='word_1_402' title='bbox 665 3547 1023 3616; x_wconf 87' lang='lat' dir='ltr'><strong>Quamobrem</strong></span> <span class='ocrx_word' id='word_1_403' title='bbox 1053 3560 1246 3615; x_wconf 80' lang='lat' dir='ltr'><strong>magno</strong></span> <span class='ocrx_word' id='word_1_404' title='bbox 1268 3542 1446 3599; x_wconf 91' lang='lat' dir='ltr'><strong>studio</strong></span> <span class='ocrx_word' id='word_1_405' title='bbox 1472 3558 1600 3599; x_wconf 91' lang='lat' dir='ltr'><strong>usus</strong></span> <span class='ocrx_word' id='word_1_406' title='bbox 1626 3551 1711 3598; x_wconf 89' lang='lat' dir='ltr'><strong>est</strong></span> 
     </span>
    </p>
   </div>
   <div class='ocr_carea' id='block_1_56' title="bbox 136 3632 1721 3709">
    <p class='ocr_par' dir='ltr' id='par_1_56' title="bbox 136 3632 1721 3709">
     <span class='ocr_line' id='line_1_56' title="bbox 136 3632 1721 3709; baseline -0.006 -10"><span class='ocrx_word' id='word_1_407' title='bbox 136 3642 349 3699; x_wconf 84' lang='lat' dir='ltr'><strong>Paulus.</strong></span> <span class='ocrx_word' id='word_1_408' title='bbox 398 3641 517 3696; x_wconf 81' lang='lat' dir='ltr'><strong>Non</strong></span> <span class='ocrx_word' id='word_1_409' title='bbox 559 3639 704 3696; x_wconf 89' lang='lat' dir='ltr'><strong>enim</strong></span> <span class='ocrx_word' id='word_1_410' title='bbox 736 3638 963 3709; x_wconf 91' lang='lat' dir='ltr'><strong>amplius</strong></span> <span class='ocrx_word' id='word_1_411' title='bbox 988 3636 1057 3692; x_wconf 91' lang='lat' dir='ltr'><strong>ab</strong></span> <span class='ocrx_word' id='word_1_412' title='bbox 1088 3650 1156 3692; x_wconf 91' lang='lat' dir='ltr'><strong>eo</strong></span> <span class='ocrx_word' id='word_1_413' title='bbox 1197 3635 1455 3707; x_wconf 90' lang='lat' dir='ltr'><strong>agebatur</strong></span> <span class='ocrx_word' id='word_1_414' title='bbox 1494 3633 1563 3690; x_wconf 92' lang='lat' dir='ltr'><strong>de</strong></span> <span class='ocrx_word' id='word_1_415' title='bbox 1591 3632 1721 3701; x_wconf 89' lang='lat' dir='ltr'><strong>vita,</strong></span> 
     </span>
    </p>
   </div>
   <div class='ocr_carea' id='block_1_57' title="bbox 136 3726 1723 3806">
    <p class='ocr_par' dir='ltr' id='par_1_57' title="bbox 136 3726 1723 3806">
     <span class='ocr_line' id='line_1_57' title="bbox 136 3726 1723 3806; baseline -0.006 -17"><span class='ocrx_word' id='word_1_416' title='bbox 136 3751 305 3806; x_wconf 85' lang='lat' dir='ltr'><strong>neque</strong></span> <span class='ocrx_word' id='word_1_417' title='bbox 338 3731 489 3804; x_wconf 88' lang='lat' dir='ltr'><strong>quod</strong></span> <span class='ocrx_word' id='word_1_418' title='bbox 535 3731 628 3786; x_wconf 91' lang='lat' dir='ltr'><strong>ille</strong></span> <span class='ocrx_word' id='word_1_419' title='bbox 651 3729 865 3800; x_wconf 89' lang='lat' dir='ltr'><strong>quidem</strong></span> <span class='ocrx_word' id='word_1_420' title='bbox 909 3735 1271 3793; x_wconf 91' lang='lat' dir='ltr'><strong>scortaretur,</strong></span> <span class='ocrx_word' id='word_1_421' title='bbox 1306 3726 1394 3782; x_wconf 89' lang='lat' dir='ltr'><strong>hic</strong></span> <span class='ocrx_word' id='word_1_422' title='bbox 1426 3739 1554 3781; x_wconf 92' lang='lat' dir='ltr'><strong>vero</strong></span> <span class='ocrx_word' id='word_1_423' title='bbox 1579 3732 1723 3780; x_wconf 88' lang='lat' dir='ltr'><strong>esset</strong></span> 
     </span>
    </p>
   </div>
   <div class='ocr_carea' id='block_1_58' title="bbox 133 3814 1720 3891">
    <p class='ocr_par' dir='ltr' id='par_1_58' title="bbox 133 3814 1720 3891">
     <span class='ocr_line' id='line_1_58' title="bbox 133 3814 1720 3891; baseline -0.007 -11"><span class='ocrx_word' id='word_1_424' title='bbox 133 3841 321 3881; x_wconf 84' lang='lat' dir='ltr'><strong>avarus</strong></span> <span class='ocrx_word' id='word_1_425' title='bbox 347 3867 365 3891; x_wconf 94' lang='lat'><strong>,</strong></span> <span class='ocrx_word' id='word_1_426' title='bbox 397 3824 537 3878; x_wconf 89' lang='lat' dir='ltr'><strong>alius</strong></span> <span class='ocrx_word' id='word_1_427' title='bbox 568 3836 696 3876; x_wconf 88' lang='lat' dir='ltr'><strong>vero</strong></span> <span class='ocrx_word' id='word_1_428' title='bbox 736 3829 898 3890; x_wconf 88' lang='lat' dir='ltr'><strong>caput</strong></span> <span class='ocrx_word' id='word_1_429' title='bbox 940 3818 1164 3874; x_wconf 84' lang='lat' dir='ltr'><strong>haberet</strong></span> <span class='ocrx_word' id='word_1_430' title='bbox 1207 3827 1496 3887; x_wconf 91' lang='lat' dir='ltr'><strong>opertum;</strong></span> <span class='ocrx_word' id='word_1_431' title='bbox 1540 3814 1634 3871; x_wconf 91' lang='lat' dir='ltr'><strong>sed</strong></span> <span class='ocrx_word' id='word_1_432' title='bbox 1665 3815 1720 3869; x_wconf 93' lang='lat' dir='ltr'><strong>in</strong></span> 
     </span>
    </p>
   </div>
   <div class='ocr_carea' id='block_1_59' title="bbox 134 3907 1716 3990">
    <p class='ocr_par' dir='ltr' id='par_1_59' title="bbox 134 3907 1716 3990">
     <span class='ocr_line' id='line_1_59' title="bbox 134 3907 1716 3990; baseline -0.006 -17"><span class='ocrx_word' id='word_1_433' title='bbox 134 3919 243 3990; x_wconf 89' lang='lat' dir='ltr'><strong>ipso</strong></span> <span class='ocrx_word' id='word_1_434' title='bbox 277 3920 554 3974; x_wconf 90' lang='lat' dir='ltr'><strong>bonorum</strong></span> <span class='ocrx_word' id='word_1_435' title='bbox 581 3913 755 3985; x_wconf 86' lang='lat' dir='ltr'><strong>capite</strong></span> <span class='ocrx_word' id='word_1_436' title='bbox 789 3912 1103 3969; x_wconf 87' lang='lat' dir='ltr'><strong>versabatur</strong></span> <span class='ocrx_word' id='word_1_437' title='bbox 1127 3910 1302 3966; x_wconf 89' lang='lat' dir='ltr'><strong>oratio</strong></span> <span class='ocrx_word' id='word_1_438' title='bbox 1332 3926 1347 3964; x_wconf 90' lang='lat'><strong>:</strong></span> <span class='ocrx_word' id='word_1_439' title='bbox 1374 3924 1498 3965; x_wconf 92' lang='lat' dir='ltr'><strong>nam</strong></span> <span class='ocrx_word' id='word_1_440' title='bbox 1528 3907 1595 3964; x_wconf 93' lang='lat' dir='ltr'><strong>de</strong></span> <span class='ocrx_word' id='word_1_441' title='bbox 1624 3922 1716 3963; x_wconf 89' lang='lat' dir='ltr'><strong>re-</strong></span> 
     </span>
    </p>
   </div>
   <div class='ocr_carea' id='block_1_60' title="bbox 132 3998 1718 4078">
    <p class='ocr_par' dir='ltr' id='par_1_60' title="bbox 132 3998 1718 4078">
     <span class='ocr_line' id='line_1_60' title="bbox 132 3998 1718 4078; baseline -0.009 -10"><span class='ocrx_word' id='word_1_442' title='bbox 132 4012 473 4067; x_wconf 80' lang='lat' dir='ltr'><strong>surrectione</strong></span> <span class='ocrx_word' id='word_1_443' title='bbox 503 4008 617 4078; x_wconf 89' lang='lat' dir='ltr'><strong>ipsa</strong></span> <span class='ocrx_word' id='word_1_444' title='bbox 658 4007 798 4061; x_wconf 88' lang='lat' dir='ltr'><strong>inter</strong></span> <span class='ocrx_word' id='word_1_445' title='bbox 834 4018 894 4059; x_wconf 90' lang='lat' dir='ltr'><strong>se</strong></span> <span class='ocrx_word' id='word_1_446' title='bbox 936 4001 1386 4074; x_wconf 80' lang='lat' dir='ltr'><strong>digladiabautur.</strong></span> <span class='ocrx_word' id='word_1_447' title='bbox 1416 4000 1547 4070; x_wconf 88' lang='lat' dir='ltr'><strong>Quia</strong></span> <span class='ocrx_word' id='word_1_448' title='bbox 1573 3998 1718 4055; x_wconf 90' lang='lat' dir='ltr'><strong>enim</strong></span> 
     </span>
    </p>
   </div>
   <div class='ocr_carea' id='block_1_61' title="bbox 133 4094 1715 4171">
    <p class='ocr_par' dir='ltr' id='par_1_61' title="bbox 133 4094 1715 4171">
     <span class='ocr_line' id='line_1_61' title="bbox 133 4094 1715 4171; baseline -0.009 -8"><span class='ocrx_word' id='word_1_449' title='bbox 133 4104 345 4162; x_wconf 56' lang='lat' dir='ltr'><strong>harvest</strong></span> <span class='ocrx_word' id='word_1_450' title='bbox 391 4111 507 4157; x_wconf 84' lang='lat' dir='ltr'><strong>tota</strong></span> <span class='ocrx_word' id='word_1_451' title='bbox 534 4114 658 4171; x_wconf 90' lang='lat' dir='ltr'><strong>spes</strong></span> <span class='ocrx_word' id='word_1_452' title='bbox 688 4107 869 4155; x_wconf 85' lang='lat' dir='ltr'><strong>nostra</strong></span> <span class='ocrx_word' id='word_1_453' title='bbox 889 4140 906 4165; x_wconf 81' lang='lat'><strong>.</strong></span> <span class='ocrx_word' id='word_1_454' title='bbox 931 4096 983 4154; x_wconf 91' lang='lat' dir='ltr'><strong>ei</strong></span> <span class='ocrx_word' id='word_1_455' title='bbox 1009 4095 1168 4151; x_wconf 88' lang='lat' dir='ltr'><strong>valde</strong></span> <span class='ocrx_word' id='word_1_456' title='bbox 1198 4095 1395 4151; x_wconf 79' lang='lat' dir='ltr'><strong>reStitit</strong></span> <span class='ocrx_word' id='word_1_457' title='bbox 1430 4094 1715 4159; x_wconf 86' lang='lat' dir='ltr'><strong>diabolus;</strong></span> 
     </span>
    </p>
   </div>
   <div class='ocr_carea' id='block_1_62' title="bbox 130 4185 1716 4268">
    <p class='ocr_par' dir='ltr' id='par_1_62' title="bbox 130 4185 1716 4268">
     <span class='ocr_line' id='line_1_62' title="bbox 130 4185 1716 4268; baseline -0.007 -16"><span class='ocrx_word' id='word_1_458' title='bbox 130 4208 181 4253; x_wconf 83' lang='lat' dir='ltr'><strong>et</strong></span> <span class='ocrx_word' id='word_1_459' title='bbox 205 4192 507 4268; x_wconf 83' lang='lat' dir='ltr'><strong>aliquando</strong></span> <span class='ocrx_word' id='word_1_460' title='bbox 526 4191 740 4262; x_wconf 86' lang='lat' dir='ltr'><strong>quidem</strong></span> <span class='ocrx_word' id='word_1_461' title='bbox 766 4204 883 4247; x_wconf 89' lang='lat' dir='ltr'><strong>eam</strong></span> <span class='ocrx_word' id='word_1_462' title='bbox 917 4187 1139 4243; x_wconf 88' lang='lat' dir='ltr'><strong>tollebat</strong></span> <span class='ocrx_word' id='word_1_463' title='bbox 1162 4186 1394 4256; x_wconf 88' lang='lat' dir='ltr'><strong>penitus,</strong></span> <span class='ocrx_word' id='word_1_464' title='bbox 1425 4185 1716 4255; x_wconf 89' lang='lat' dir='ltr'><strong>aliquando</strong></span> 
     </span>
    </p>
   </div>
   <div class='ocr_carea' id='block_1_63' title="bbox 133 4275 1717 4352">
    <p class='ocr_par' dir='ltr' id='par_1_63' title="bbox 133 4275 1717 4352">
     <span class='ocr_line' id='line_1_63' title="bbox 133 4275 1717 4352; baseline -0.007 -9"><span class='ocrx_word' id='word_1_465' title='bbox 133 4298 302 4343; x_wconf 79' lang='lat' dir='ltr'><strong>autem</strong></span> <span class='ocrx_word' id='word_1_466' title='bbox 346 4284 572 4342; x_wconf 89' lang='lat' dir='ltr'><strong>dicebat</strong></span> <span class='ocrx_word' id='word_1_467' title='bbox 614 4298 731 4338; x_wconf 83' lang='lat' dir='ltr'><strong>eam</strong></span> <span class='ocrx_word' id='word_1_468' title='bbox 769 4282 879 4352; x_wconf 86' lang='lat' dir='ltr'><strong>jam</strong></span> <span class='ocrx_word' id='word_1_469' title='bbox 925 4280 1107 4335; x_wconf 77' lang='lat' dir='ltr'><strong>fuisse.</strong></span> <span class='ocrx_word' id='word_1_470' title='bbox 1143 4278 1292 4346; x_wconf 91' lang='lat' dir='ltr'><strong>Quod</strong></span> <span class='ocrx_word' id='word_1_471' title='bbox 1324 4277 1484 4334; x_wconf 89' lang='lat' dir='ltr'><strong>etiam</strong></span> <span class='ocrx_word' id='word_1_472' title='bbox 1521 4275 1717 4332; x_wconf 88' lang='lat' dir='ltr'><strong>Paulus</strong></span> 
     </span>
    </p>
   </div>
   <div class='ocr_carea' id='block_1_64' title="bbox 131 4371 1715 4442">
    <p class='ocr_par' dir='ltr' id='par_1_64' title="bbox 131 4371 1715 4442">
     <span class='ocr_line' id='line_1_64' title="bbox 131 4371 1715 4442; baseline -0.006 -5"><span class='ocrx_word' id='word_1_473' title='bbox 131 4383 369 4437; x_wconf 83' lang='lat' dir='ltr'><strong>scribens</strong></span> <span class='ocrx_word' id='word_1_474' title='bbox 400 4379 470 4433; x_wconf 80' lang='lat' dir='ltr'><strong>ad</strong></span> <span class='ocrx_word' id='word_1_475' title='bbox 498 4375 840 4433; x_wconf 84' lang='lat' dir='ltr'><strong>Timotheum</strong></span> <span class='ocrx_word' id='word_1_476' title='bbox 858 4416 875 4442; x_wconf 93' lang='lat'><strong>,</strong></span> <span class='ocrx_word' id='word_1_477' title='bbox 902 4374 1009 4430; x_wconf 89' lang='lat' dir='ltr'><strong>hoc</strong></span> <span class='ocrx_word' id='word_1_478' title='bbox 1053 4373 1251 4429; x_wconf 89' lang='lat' dir='ltr'><strong>malum</strong></span> <span class='ocrx_word' id='word_1_479' title='bbox 1281 4372 1471 4442; x_wconf 88' lang='lat' dir='ltr'><strong>dogma</strong></span> <span class='ocrx_word' id='word_1_480' title='bbox 1499 4371 1715 4427; x_wconf 87' lang='lat' dir='ltr'><strong>vocavit</strong></span> 
     </span>
    </p>
   </div>
   <div class='ocr_carea' id='block_1_65' title="bbox 130 4464 1710 4544">
    <p class='ocr_par' dir='ltr' id='par_1_65' title="bbox 130 4464 1710 4544">
     <span class='ocr_line' id='line_1_65' title="bbox 130 4464 1710 4544; baseline -0.006 -18"><span class='ocrx_word' id='word_1_481' title='bbox 130 4486 473 4544; x_wconf 67' lang='lat' dir='ltr'><strong>gangraenam</strong></span> <span class='ocrx_word' id='word_1_482' title='bbox 495 4512 510 4536; x_wconf 95' lang='lat'><strong>,</strong></span> <span class='ocrx_word' id='word_1_483' title='bbox 538 4479 595 4527; x_wconf 88' lang='lat' dir='ltr'><strong>et</strong></span> <span class='ocrx_word' id='word_1_484' title='bbox 622 4485 717 4526; x_wconf 90' lang='lat' dir='ltr'><strong>eos</strong></span> <span class='ocrx_word' id='word_1_485' title='bbox 741 4468 829 4539; x_wconf 91' lang='lat' dir='ltr'><strong>qui</strong></span> <span class='ocrx_word' id='word_1_486' title='bbox 878 4468 1055 4538; x_wconf 89' lang='lat' dir='ltr'><strong>ipsum</strong></span> <span class='ocrx_word' id='word_1_487' title='bbox 1100 4464 1425 4521; x_wconf 87' lang='lat' dir='ltr'><strong>inducebant</strong></span> <span class='ocrx_word' id='word_1_488' title='bbox 1473 4464 1710 4528; x_wconf 89' lang='lat' dir='ltr'><strong>notavit,</strong></span> 
     </span>
    </p>
   </div>
   <div class='ocr_carea' id='block_1_66' title="bbox 130 4556 1716 4632">
    <p class='ocr_par' dir='ltr' id='par_1_66' title="bbox 130 4556 1716 4632">
     <span class='ocr_line' id='line_1_66' title="bbox 130 4556 1716 4632; baseline -0.005 -13"><span class='ocrx_word' id='word_1_489' title='bbox 130 4564 305 4621; x_wconf 88' lang='lat' dir='ltr'><strong>dicens</strong></span> <span class='ocrx_word' id='word_1_490' title='bbox 330 4584 346 4619; x_wconf 93' lang='lat'>:</span> <span class='ocrx_word' id='word_1_491' title='bbox 381 4561 471 4617; x_wconf 82' lang='lat' dir='ltr'><strong>Ea:</strong></span> <span class='ocrx_word' id='word_1_492' title='bbox 495 4562 672 4632; x_wconf 71' lang='lat' dir='ltr'><strong>quibus</strong></span> <span class='ocrx_word' id='word_1_493' title='bbox 694 4570 767 4616; x_wconf 81' lang='lat' dir='ltr'><strong>est</strong></span> <span class='ocrx_word' id='word_1_494' title='bbox 798 4560 1105 4631; x_wconf 72' lang='lat' dir='ltr'><strong>Hymenwus</strong></span> <span class='ocrx_word' id='word_1_495' title='bbox 1125 4566 1171 4612; x_wconf 88' lang='lat' dir='ltr'><strong>et</strong></span> <span class='ocrx_word' id='word_1_496' title='bbox 1201 4556 1456 4623; x_wconf 78' lang='lat' dir='ltr'><strong>Philetas,</strong></span> <span class='ocrx_word' id='word_1_497' title='bbox 1478 4558 1565 4627; x_wconf 79' lang='lat' dir='ltr'><strong>qui</strong></span> <span class='ocrx_word' id='word_1_498' title='bbox 1578 4557 1716 4612; x_wconf 87' lang='lat' dir='ltr'><strong>circa</strong></span> 
     </span>
    </p>
   </div>
   <div class='ocr_carea' id='block_1_67' title="bbox 130 4651 1715 4721">
    <p class='ocr_par' dir='ltr' id='par_1_67' title="bbox 130 4651 1715 4721">
     <span class='ocr_line' id='line_1_67' title="bbox 130 4651 1715 4721; baseline -0.005 -12"><span class='ocrx_word' id='word_1_499' title='bbox 130 4657 389 4711; x_wconf 80' lang='lat' dir='ltr'><strong>reritatem</strong></span> <span class='ocrx_word' id='word_1_500' title='bbox 417 4653 737 4718; x_wconf 68' lang='lat' dir='ltr'><strong>alim-arant,</strong></span> <span class='ocrx_word' id='word_1_501' title='bbox 769 4652 988 4706; x_wconf 80' lang='lat' dir='ltr'><strong>dicentes</strong></span> <span class='ocrx_word' id='word_1_502' title='bbox 1001 4651 1118 4720; x_wconf 85' lang='lat' dir='ltr'><strong>jam</strong></span> <span class='ocrx_word' id='word_1_503' title='bbox 1145 4651 1335 4721; x_wconf 67' lang='lat' dir='ltr'><strong>facta»:</strong></span> <span class='ocrx_word' id='word_1_504' title='bbox 1361 4664 1472 4702; x_wconf 84' lang='lat' dir='ltr'><strong>esse</strong></span> <span class='ocrx_word' id='word_1_505' title='bbox 1489 4664 1715 4702; x_wconf 82' lang='lat' dir='ltr'><strong>resurre-</strong></span> 
     </span>
    </p>
   </div>
   <div class='ocr_carea' id='block_1_68' title="bbox 128 4736 1707 4813">
    <p class='ocr_par' dir='ltr' id='par_1_68' title="bbox 128 4736 1707 4813">
     <span class='ocr_line' id='line_1_68' title="bbox 128 4736 1707 4813; baseline -0.003 -15"><span class='ocrx_word' id='word_1_506' title='bbox 128 4748 339 4801; x_wconf 74' lang='lat' dir='ltr'><strong>ctionem</strong></span> <span class='ocrx_word' id='word_1_507' title='bbox 361 4787 380 4811; x_wconf 91' lang='lat'><strong>,</strong></span> <span class='ocrx_word' id='word_1_508' title='bbox 420 4754 468 4798; x_wconf 78' lang='lat' dir='ltr'><strong>et</strong></span> <span class='ocrx_word' id='word_1_509' title='bbox 493 4751 718 4799; x_wconf 73' lang='lat' dir='ltr'><strong>evertunt</strong></span> <span class='ocrx_word' id='word_1_510' title='bbox 752 4742 1040 4813; x_wconf 82' lang='lat' dir='ltr'><strong>aliquorum</strong></span> <span class='ocrx_word' id='word_1_511' title='bbox 1079 4739 1231 4807; x_wconf 76' lang='lat' dir='ltr'><strong>ﬁdem</strong></span> <span class='ocrx_word' id='word_1_512' title='bbox 1260 4737 1352 4809; x_wconf 75' lang='grc'><strong>(2.</strong></span> <span class='ocrx_word' id='word_1_513' title='bbox 1378 4736 1509 4791; x_wconf 82' lang='lat' dir='ltr'><strong>Tim.</strong></span> <span class='ocrx_word' id='word_1_514' title='bbox 1534 4737 1589 4799; x_wconf 71' lang='grc'><strong>2,</strong></span> <span class='ocrx_word' id='word_1_515' title='bbox 1620 4739 1707 4794; x_wconf 80' lang='grc'><strong>17.</strong></span> 
     </span>
    </p>
   </div>
   <div class='ocr_carea' id='block_1_69' title="bbox 132 4827 1713 4908">
    <p class='ocr_par' dir='ltr' id='par_1_69' title="bbox 132 4827 1713 4908">
     <span class='ocr_line' id='line_1_69' title="bbox 132 4827 1713 4908; baseline -0.005 -18"><span class='ocrx_word' id='word_1_516' title='bbox 132 4838 236 4908; x_wconf 83' lang='grc'><strong>18).</strong></span> <span class='ocrx_word' id='word_1_517' title='bbox 260 4840 446 4906; x_wconf 83' lang='lat' dir='ltr'><strong>Atque</strong></span> <span class='ocrx_word' id='word_1_518' title='bbox 463 4833 751 4905; x_wconf 79' lang='lat' dir='ltr'><strong>aliquando</strong></span> <span class='ocrx_word' id='word_1_519' title='bbox 772 4831 987 4904; x_wconf 90' lang='lat' dir='ltr'><strong>quidem</strong></span> <span class='ocrx_word' id='word_1_520' title='bbox 1016 4830 1115 4885; x_wconf 88' lang='lat' dir='ltr'><strong>hoc</strong></span> <span class='ocrx_word' id='word_1_521' title='bbox 1138 4829 1407 4895; x_wconf 86' lang='lat' dir='ltr'><strong>dicebant,</strong></span> <span class='ocrx_word' id='word_1_522' title='bbox 1429 4827 1713 4899; x_wconf 91' lang='lat' dir='ltr'><strong>aliquando</strong></span> 
     </span>
    </p>
   </div>
   <div class='ocr_carea' id='block_1_70' title="bbox 128 4919 1714 4999">
    <p class='ocr_par' dir='ltr' id='par_1_70' title="bbox 128 4919 1714 4999">
     <span class='ocr_line' id='line_1_70' title="bbox 128 4919 1714 4999; baseline -0.004 -19"><span class='ocrx_word' id='word_1_523' title='bbox 128 4939 300 4985; x_wconf 86' lang='lat' dir='ltr'><strong>autem</strong></span> <span class='ocrx_word' id='word_1_524' title='bbox 353 4926 505 4999; x_wconf 85' lang='lat' dir='ltr'><strong>quod</strong></span> <span class='ocrx_word' id='word_1_525' title='bbox 550 4938 744 4993; x_wconf 86' lang='lat' dir='ltr'><strong>corpus</strong></span> <span class='ocrx_word' id='word_1_526' title='bbox 782 4937 887 4977; x_wconf 90' lang='lat' dir='ltr'><strong>non</strong></span> <span class='ocrx_word' id='word_1_527' title='bbox 934 4928 1197 4992; x_wconf 87' lang='lat' dir='ltr'><strong>resurgat,</strong></span> <span class='ocrx_word' id='word_1_528' title='bbox 1247 4919 1339 4975; x_wconf 89' lang='lat' dir='ltr'><strong>sed</strong></span> <span class='ocrx_word' id='word_1_529' title='bbox 1386 4919 1714 4975; x_wconf 88' lang='lat' dir='ltr'><strong>resurrectio</strong></span> 
     </span>
    </p>
   </div>
   <div class='ocr_carea' id='block_1_71' title="bbox 128 5009 1715 5087">
    <p class='ocr_par' dir='ltr' id='par_1_71' title="bbox 128 5009 1715 5087">
     <span class='ocr_line' id='line_1_71' title="bbox 128 5009 1715 5087; baseline -0.006 -14"><span class='ocrx_word' id='word_1_530' title='bbox 128 5020 193 5073; x_wconf 85' lang='lat' dir='ltr'><strong>sit</strong></span> <span class='ocrx_word' id='word_1_531' title='bbox 217 5020 426 5075; x_wconf 68' lang='lat' dir='ltr'><strong>animae</strong></span> <span class='ocrx_word' id='word_1_532' title='bbox 458 5018 720 5087; x_wconf 80' lang='lat' dir='ltr'><strong>purgatio.</strong></span> <span class='ocrx_word' id='word_1_533' title='bbox 767 5014 893 5069; x_wconf 76' lang='lat' dir='ltr'><strong>llzec</strong></span> <span class='ocrx_word' id='word_1_534' title='bbox 919 5021 1097 5071; x_wconf 86' lang='lat' dir='ltr'><strong>autem</strong></span> <span class='ocrx_word' id='word_1_535' title='bbox 1143 5011 1323 5067; x_wconf 90' lang='lat' dir='ltr'><strong>dicere</strong></span> <span class='ocrx_word' id='word_1_536' title='bbox 1360 5009 1715 5081; x_wconf 79' lang='lat' dir='ltr'><strong>persuadebat</strong></span> 
     </span>
    </p>
   </div>
   <div class='ocr_carea' id='block_1_72' title="bbox 127 5102 1707 5168">
    <p class='ocr_par' dir='ltr' id='par_1_72' title="bbox 127 5102 1707 5168">
     <span class='ocr_line' id='line_1_72' title="bbox 127 5102 1707 5168; baseline -0.006 -1"><span class='ocrx_word' id='word_1_537' title='bbox 127 5111 427 5167; x_wconf 83' lang='lat' dir='ltr'><strong>sceleratus</strong></span> <span class='ocrx_word' id='word_1_538' title='bbox 474 5107 566 5162; x_wconf 90' lang='lat' dir='ltr'><strong>ille</strong></span> <span class='ocrx_word' id='word_1_539' title='bbox 594 5106 804 5161; x_wconf 77' lang='lat' dir='ltr'><strong>dmmon</strong></span> <span class='ocrx_word' id='word_1_540' title='bbox 827 5147 843 5168; x_wconf 95' lang='lat'><strong>,</strong></span> <span class='ocrx_word' id='word_1_541' title='bbox 874 5120 981 5159; x_wconf 87' lang='lat' dir='ltr'><strong>non</strong></span> <span class='ocrx_word' id='word_1_542' title='bbox 1026 5104 1198 5160; x_wconf 89' lang='lat' dir='ltr'><strong>solum</strong></span> <span class='ocrx_word' id='word_1_543' title='bbox 1240 5112 1487 5159; x_wconf 89' lang='lat' dir='ltr'><strong>evertere</strong></span> <span class='ocrx_word' id='word_1_544' title='bbox 1512 5102 1707 5158; x_wconf 90' lang='lat' dir='ltr'><strong>volens</strong></span> 
     </span>
    </p>
   </div>
   <div class='ocr_carea' id='block_1_73' title="bbox 129 5195 1706 5269">
    <p class='ocr_par' dir='ltr' id='par_1_73' title="bbox 129 5195 1706 5269">
     <span class='ocr_line' id='line_1_73' title="bbox 129 5195 1706 5269; baseline -0.004 -11"><span class='ocrx_word' id='word_1_545' title='bbox 129 5203 608 5264; x_wconf 84' lang='lat' dir='ltr'><strong>resurrectionem,</strong></span> <span class='ocrx_word' id='word_1_546' title='bbox 636 5199 731 5256; x_wconf 89' lang='lat' dir='ltr'><strong>sed</strong></span> <span class='ocrx_word' id='word_1_547' title='bbox 776 5199 936 5254; x_wconf 88' lang='lat' dir='ltr'><strong>etiam</strong></span> <span class='ocrx_word' id='word_1_548' title='bbox 963 5212 1083 5269; x_wconf 72' lang='lat' dir='ltr'><strong>quae</strong></span> <span class='ocrx_word' id='word_1_549' title='bbox 1108 5211 1206 5267; x_wconf 91' lang='lat' dir='ltr'><strong>pro</strong></span> <span class='ocrx_word' id='word_1_550' title='bbox 1237 5195 1388 5252; x_wconf 87' lang='lat' dir='ltr'><strong>nobis</strong></span> <span class='ocrx_word' id='word_1_551' title='bbox 1418 5196 1554 5252; x_wconf 79' lang='lat' dir='ltr'><strong>facta</strong></span> <span class='ocrx_word' id='word_1_552' title='bbox 1582 5207 1706 5252; x_wconf 91' lang='lat' dir='ltr'><strong>sunt</strong></span> 
     </span>
    </p>
   </div>
   <div class='ocr_carea' id='block_1_74' title="bbox 127 5287 1711 5364">
    <p class='ocr_par' dir='ltr' id='par_1_74' title="bbox 127 5287 1711 5364">
     <span class='ocr_line' id='line_1_74' title="bbox 127 5287 1711 5364; baseline -0.004 -13"><span class='ocrx_word' id='word_1_553' title='bbox 127 5299 327 5364; x_wconf 62' lang='lat' dir='ltr'><strong>omnia,</strong></span> <span class='ocrx_word' id='word_1_554' title='bbox 372 5291 664 5349; x_wconf 85' lang='lat' dir='ltr'><strong>ostendere</strong></span> <span class='ocrx_word' id='word_1_555' title='bbox 709 5306 829 5346; x_wconf 88' lang='lat' dir='ltr'><strong>esse</strong></span> <span class='ocrx_word' id='word_1_556' title='bbox 871 5288 1122 5345; x_wconf 81' lang='lat' dir='ltr'><strong>fabulam.</strong></span> <span class='ocrx_word' id='word_1_557' title='bbox 1167 5287 1299 5343; x_wconf 87' lang='lat' dir='ltr'><strong>Nam</strong></span> <span class='ocrx_word' id='word_1_558' title='bbox 1329 5287 1376 5342; x_wconf 90' lang='lat' dir='ltr'><strong>si</strong></span> <span class='ocrx_word' id='word_1_559' title='bbox 1416 5289 1495 5344; x_wconf 90' lang='lat' dir='ltr'><strong>eis</strong></span> <span class='ocrx_word' id='word_1_560' title='bbox 1523 5288 1711 5345; x_wconf 77' lang='lat' dir='ltr'><strong>fuisset</strong></span> 
     </span>
    </p>
   </div>
   <div class='ocr_carea' id='block_1_75' title="bbox 128 5381 1706 5457">
    <p class='ocr_par' dir='ltr' id='par_1_75' title="bbox 128 5381 1706 5457">
     <span class='ocr_line' id='line_1_75' title="bbox 128 5381 1706 5457; baseline -0.006 -14"><span class='ocrx_word' id='word_1_561' title='bbox 128 5398 446 5457; x_wconf 75' lang='lat' dir='ltr'><strong>persuasum</strong></span> <span class='ocrx_word' id='word_1_562' title='bbox 474 5400 581 5440; x_wconf 90' lang='lat' dir='ltr'><strong>non</strong></span> <span class='ocrx_word' id='word_1_563' title='bbox 613 5398 733 5439; x_wconf 86' lang='lat' dir='ltr'><strong>esse</strong></span> <span class='ocrx_word' id='word_1_564' title='bbox 762 5396 1049 5453; x_wconf 88' lang='lat' dir='ltr'><strong>corporum</strong></span> <span class='ocrx_word' id='word_1_565' title='bbox 1072 5381 1543 5447; x_wconf 88' lang='lat' dir='ltr'><strong>resurrectionem,</strong></span> <span class='ocrx_word' id='word_1_566' title='bbox 1574 5397 1706 5451; x_wconf 83' lang='lat' dir='ltr'><strong>pau-</strong></span> 
     </span>
    </p>
   </div>
   <div class='ocr_carea' id='block_1_76' title="bbox 129 5470 1704 5546">
    <p class='ocr_par' dir='ltr' id='par_1_76' title="bbox 129 5470 1704 5546">
     <span class='ocr_line' id='line_1_76' title="bbox 129 5470 1704 5546; baseline -0.004 -14"><span class='ocrx_word' id='word_1_567' title='bbox 129 5477 273 5533; x_wconf 81' lang='lat' dir='ltr'><strong>latim</strong></span> <span class='ocrx_word' id='word_1_568' title='bbox 318 5478 405 5534; x_wconf 86' lang='lat' dir='ltr'><strong>eis</strong></span> <span class='ocrx_word' id='word_1_569' title='bbox 452 5474 807 5546; x_wconf 85' lang='lat' dir='ltr'><strong>persuasisset</strong></span> <span class='ocrx_word' id='word_1_570' title='bbox 853 5487 920 5527; x_wconf 92' lang='lat' dir='ltr'><strong>ne</strong></span> <span class='ocrx_word' id='word_1_571' title='bbox 964 5470 1235 5526; x_wconf 87' lang='lat' dir='ltr'><strong>Christum</strong></span> <span class='ocrx_word' id='word_1_572' title='bbox 1274 5470 1491 5541; x_wconf 90' lang='lat' dir='ltr'><strong>quidem</strong></span> <span class='ocrx_word' id='word_1_573' title='bbox 1520 5486 1704 5526; x_wconf 89' lang='lat' dir='ltr'><strong>resur-</strong></span> 
     </span>
    </p>
   </div>
   <div class='ocr_carea' id='block_1_77' title="bbox 130 5561 1706 5635">
    <p class='ocr_par' dir='ltr' id='par_1_77' title="bbox 130 5561 1706 5635">
     <span class='ocr_line' id='line_1_77' title="bbox 130 5561 1706 5635; baseline -0.004 -12"><span class='ocrx_word' id='word_1_574' title='bbox 130 5571 371 5635; x_wconf 84' lang='lat' dir='ltr'><strong>rexisse;</strong></span> <span class='ocrx_word' id='word_1_575' title='bbox 419 5569 489 5623; x_wconf 92' lang='lat' dir='ltr'><strong>ab</strong></span> <span class='ocrx_word' id='word_1_576' title='bbox 520 5567 623 5622; x_wconf 87' lang='lat' dir='ltr'><strong>hoc</strong></span> <span class='ocrx_word' id='word_1_577' title='bbox 652 5575 830 5621; x_wconf 88' lang='lat' dir='ltr'><strong>autem</strong></span> <span class='ocrx_word' id='word_1_578' title='bbox 876 5562 1006 5618; x_wconf 88' lang='lat' dir='ltr'><strong>illud</strong></span> <span class='ocrx_word' id='word_1_579' title='bbox 1058 5576 1268 5633; x_wconf 90' lang='lat' dir='ltr'><strong>quoque</strong></span> <span class='ocrx_word' id='word_1_580' title='bbox 1296 5561 1483 5617; x_wconf 89' lang='lat' dir='ltr'><strong>ordine</strong></span> <span class='ocrx_word' id='word_1_581' title='bbox 1513 5576 1706 5633; x_wconf 83' lang='lat' dir='ltr'><strong>proce-</strong></span> 
     </span>
    </p>
   </div>
   <div class='ocr_carea' id='block_1_78' title="bbox 130 5653 1711 5724">
    <p class='ocr_par' dir='ltr' id='par_1_78' title="bbox 130 5653 1711 5724">
     <span class='ocr_line' id='line_1_78' title="bbox 130 5653 1711 5724; baseline -0.004 -6"><span class='ocrx_word' id='word_1_582' title='bbox 130 5660 260 5717; x_wconf 81' lang='lat' dir='ltr'><strong>dens</strong></span> <span class='ocrx_word' id='word_1_583' title='bbox 286 5660 590 5717; x_wconf 84' lang='lat' dir='ltr'><strong>induxisset</strong></span> <span class='ocrx_word' id='word_1_584' title='bbox 618 5672 739 5714; x_wconf 88' lang='lat' dir='ltr'><strong>eum</strong></span> <span class='ocrx_word' id='word_1_585' title='bbox 764 5672 873 5712; x_wconf 92' lang='lat' dir='ltr'><strong>non</strong></span> <span class='ocrx_word' id='word_1_586' title='bbox 898 5653 1200 5719; x_wconf 89' lang='lat' dir='ltr'><strong>advenisse,</strong></span> <span class='ocrx_word' id='word_1_587' title='bbox 1230 5668 1403 5724; x_wconf 88' lang='lat' dir='ltr'><strong>neque</strong></span> <span class='ocrx_word' id='word_1_588' title='bbox 1431 5669 1492 5710; x_wconf 90' lang='lat' dir='ltr'><strong>ea</strong></span> <span class='ocrx_word' id='word_1_589' title='bbox 1519 5655 1711 5711; x_wconf 74' lang='lat' dir='ltr'><strong>fecisse</strong></span> 
     </span>
    </p>
   </div>
   <div class='ocr_carea' id='block_1_79' title="bbox 132 5746 1708 5823">
    <p class='ocr_par' dir='ltr' id='par_1_79' title="bbox 132 5746 1708 5823">
     <span class='ocr_line' id='line_1_79' title="bbox 132 5746 1708 5823; baseline -0.004 -12"><span class='ocrx_word' id='word_1_590' title='bbox 132 5767 247 5823; x_wconf 70' lang='lat' dir='ltr'><strong>qua</strong></span> <span class='ocrx_word' id='word_1_591' title='bbox 274 5754 425 5811; x_wconf 81' lang='lat' dir='ltr'><strong>fecit.</strong></span> <span class='ocrx_word' id='word_1_592' title='bbox 474 5752 618 5809; x_wconf 85' lang='lat' dir='ltr'><strong>Talis</strong></span> <span class='ocrx_word' id='word_1_593' title='bbox 645 5759 727 5808; x_wconf 87' lang='lat' dir='ltr'><strong>est</strong></span> <span class='ocrx_word' id='word_1_594' title='bbox 753 5750 894 5819; x_wconf 78' lang='lat' dir='ltr'><strong>enim</strong></span> <span class='ocrx_word' id='word_1_595' title='bbox 935 5746 1133 5805; x_wconf 88' lang='lat' dir='ltr'><strong>diaboli</strong></span> <span class='ocrx_word' id='word_1_596' title='bbox 1164 5746 1465 5817; x_wconf 83' lang='lat' dir='ltr'><strong>malignitas</strong></span> <span class='ocrx_word' id='word_1_597' title='bbox 1508 5756 1563 5805; x_wconf 91' lang='lat' dir='ltr'><strong>et</strong></span> <span class='ocrx_word' id='word_1_598' title='bbox 1592 5762 1708 5804; x_wconf 87' lang='lat' dir='ltr'><strong>ver-</strong></span> 
     </span>
    </p>
   </div>
   <div class='ocr_carea' id='block_1_80' title="bbox 1834 2428 3409 2515">
    <p class='ocr_par' dir='ltr' id='par_1_80' title="bbox 1834 2428 3409 2515">
     <span class='ocr_line' id='line_1_80' title="bbox 1834 2428 3409 2515; baseline 0.011 -32"><span class='ocrx_word' id='word_1_599' title='bbox 1834 2428 1993 2483; x_wconf 86' lang='lat' dir='ltr'><strong>sutia.</strong></span> <span class='ocrx_word' id='word_1_600' title='bbox 2024 2428 2382 2498; x_wconf 90' lang='lat' dir='ltr'><strong>Quamobrem</strong></span> <span class='ocrx_word' id='word_1_601' title='bbox 2410 2432 2605 2490; x_wconf 89' lang='lat' dir='ltr'><strong>Paulus</strong></span> <span class='ocrx_word' id='word_1_602' title='bbox 2623 2450 2740 2491; x_wconf 90' lang='lat' dir='ltr'><strong>eam</strong></span> <span class='ocrx_word' id='word_1_603' title='bbox 2769 2448 2921 2494; x_wconf 88' lang='lat' dir='ltr'><strong>vocat</strong></span> <span class='ocrx_word' id='word_1_604' title='bbox 2939 2440 3162 2498; x_wconf 88' lang='lat' dir='ltr'><strong>insidias</strong></span> <span class='ocrx_word' id='word_1_605' title='bbox 3192 2442 3409 2515; x_wconf 74' lang='grc' dir='ltr'><strong>(ΕρΙιρε.</strong></span> 
     </span>
    </p>
   </div>
   <div class='ocr_carea' id='block_1_81' title="bbox 1836 2518 3411 2609">
    <p class='ocr_par' dir='ltr' id='par_1_81' title="bbox 1836 2518 3411 2609">
     <span class='ocr_line' id='line_1_81' title="bbox 1836 2518 3411 2609; baseline 0.011 -35"><span class='ocrx_word' id='word_1_606' title='bbox 1836 2518 1891 2574; x_wconf 89' lang='lat'><strong>6.</strong></span> <span class='ocrx_word' id='word_1_607' title='bbox 1923 2520 2016 2590; x_wconf 80' lang='grc'><strong>11)</strong></span> <span class='ocrx_word' id='word_1_608' title='bbox 2037 2562 2054 2589; x_wconf 86' lang='grc'><strong><em>,</em></strong></span> <span class='ocrx_word' id='word_1_609' title='bbox 2082 2523 2335 2591; x_wconf 90' lang='lat' dir='ltr'><strong>quoniam</strong></span> <span class='ocrx_word' id='word_1_610' title='bbox 2359 2537 2465 2580; x_wconf 93' lang='lat' dir='ltr'><strong>non</strong></span> <span class='ocrx_word' id='word_1_611' title='bbox 2487 2525 2690 2583; x_wconf 89' lang='lat' dir='ltr'><strong>directe</strong></span> <span class='ocrx_word' id='word_1_612' title='bbox 2711 2531 2944 2587; x_wconf 89' lang='lat' dir='ltr'><strong>ostendit</strong></span> <span class='ocrx_word' id='word_1_613' title='bbox 2974 2537 3115 2605; x_wconf 90' lang='lat' dir='ltr'><strong>quod</strong></span> <span class='ocrx_word' id='word_1_614' title='bbox 3145 2538 3257 2591; x_wconf 88' lang='lat' dir='ltr'><strong>vult</strong></span> <span class='ocrx_word' id='word_1_615' title='bbox 3286 2555 3411 2609; x_wconf 87' lang='lat' dir='ltr'><strong>prn-</strong></span> 
     </span>
    </p>
   </div>
   <div class='ocr_carea' id='block_1_82' title="bbox 1833 2612 3410 2701">
    <p class='ocr_par' dir='ltr' id='par_1_82' title="bbox 1833 2612 3410 2701">
     <span class='ocr_line' id='line_1_82' title="bbox 1833 2612 3410 2701; baseline 0.013 -36"><span class='ocrx_word' id='word_1_616' title='bbox 1833 2612 1982 2676; x_wconf 91' lang='lat' dir='ltr'><strong>bare,</strong></span> <span class='ocrx_word' id='word_1_617' title='bbox 2013 2628 2081 2668; x_wconf 89' lang='lat' dir='ltr'><strong>ne</strong></span> <span class='ocrx_word' id='word_1_618' title='bbox 2108 2613 2575 2685; x_wconf 89' lang='lat' dir='ltr'><strong>deprehendatur;</strong></span> <span class='ocrx_word' id='word_1_619' title='bbox 2604 2619 2700 2675; x_wconf 91' lang='lat' dir='ltr'><strong>sed</strong></span> <span class='ocrx_word' id='word_1_620' title='bbox 2730 2622 2833 2677; x_wconf 90' lang='lat' dir='ltr'><strong>alia</strong></span> <span class='ocrx_word' id='word_1_621' title='bbox 2878 2624 2978 2680; x_wconf 90' lang='lat' dir='ltr'><strong>sibi</strong></span> <span class='ocrx_word' id='word_1_622' title='bbox 3008 2622 3253 2697; x_wconf 77' lang='lat' dir='ltr'><strong>imposita</strong></span> <span class='ocrx_word' id='word_1_623' title='bbox 3284 2646 3410 2701; x_wconf 86' lang='lat' dir='ltr'><strong>per-</strong></span> 
     </span>
    </p>
   </div>
   <div class='ocr_carea' id='block_1_83' title="bbox 1831 2705 3407 2786">
    <p class='ocr_par' dir='ltr' id='par_1_83' title="bbox 1831 2705 3407 2786">
     <span class='ocr_line' id='line_1_83' title="bbox 1831 2705 3407 2786; baseline 0.011 -26"><span class='ocrx_word' id='word_1_624' title='bbox 1831 2719 1984 2769; x_wconf 89' lang='lat' dir='ltr'><strong>sona,</strong></span> <span class='ocrx_word' id='word_1_625' title='bbox 2028 2705 2131 2760; x_wconf 90' lang='lat' dir='ltr'><strong>alia</strong></span> <span class='ocrx_word' id='word_1_626' title='bbox 2176 2706 2487 2777; x_wconf 80' lang='lat' dir='ltr'><strong>fabricatur,</strong></span> <span class='ocrx_word' id='word_1_627' title='bbox 2535 2722 2589 2767; x_wconf 92' lang='lat' dir='ltr'><strong>et</strong></span> <span class='ocrx_word' id='word_1_628' title='bbox 2638 2718 2908 2786; x_wconf 89' lang='lat' dir='ltr'><strong>tamquam</strong></span> <span class='ocrx_word' id='word_1_629' title='bbox 2964 2718 3187 2777; x_wconf 77' lang='lat' dir='ltr'><strong>infestus</strong></span> <span class='ocrx_word' id='word_1_630' title='bbox 3236 2722 3407 2779; x_wconf 78' lang='lat' dir='ltr'><strong>hostis</strong></span> 
     </span>
    </p>
   </div>
   <div class='ocr_carea' id='block_1_84' title="bbox 1830 2797 3407 2881">
    <p class='ocr_par' dir='ltr' id='par_1_84' title="bbox 1830 2797 3407 2881">
     <span class='ocr_line' id='line_1_84' title="bbox 1830 2797 3407 2881; baseline 0.011 -31"><span class='ocrx_word' id='word_1_631' title='bbox 1830 2808 1883 2850; x_wconf 91' lang='lat' dir='ltr'><strong>et</strong></span> <span class='ocrx_word' id='word_1_632' title='bbox 1907 2797 2229 2867; x_wconf 87' lang='lat' dir='ltr'><strong>versipellis,</strong></span> <span class='ocrx_word' id='word_1_633' title='bbox 2257 2814 2375 2854; x_wconf 91' lang='lat' dir='ltr'><strong>cum</strong></span> <span class='ocrx_word' id='word_1_634' title='bbox 2403 2802 2457 2856; x_wconf 91' lang='lat' dir='ltr'><strong>in</strong></span> <span class='ocrx_word' id='word_1_635' title='bbox 2480 2803 2663 2859; x_wconf 87' lang='lat' dir='ltr'><strong>urbem</strong></span> <span class='ocrx_word' id='word_1_636' title='bbox 2694 2814 2751 2860; x_wconf 90' lang='lat' dir='ltr'><strong>et</strong></span> <span class='ocrx_word' id='word_1_637' title='bbox 2775 2823 2955 2863; x_wconf 90' lang='lat' dir='ltr'><strong>muros</strong></span> <span class='ocrx_word' id='word_1_638' title='bbox 2986 2811 3220 2881; x_wconf 92' lang='lat' dir='ltr'><strong>irruerit,</strong></span> <span class='ocrx_word' id='word_1_639' title='bbox 3246 2814 3407 2870; x_wconf 86' lang='lat' dir='ltr'><strong>etiam</strong></span> 
     </span>
    </p>
   </div>
   <div class='ocr_carea' id='block_1_85' title="bbox 1830 2888 3406 2976">
    <p class='ocr_par' dir='ltr' id='par_1_85' title="bbox 1830 2888 3406 2976">
     <span class='ocr_line' id='line_1_85' title="bbox 1830 2888 3406 2976; baseline 0.013 -33"><span class='ocrx_word' id='word_1_640' title='bbox 1830 2888 2037 2947; x_wconf 78' lang='lat' dir='ltr'><strong>inferne</strong></span> <span class='ocrx_word' id='word_1_641' title='bbox 2065 2892 2487 2963; x_wconf 84' lang='lat' dir='ltr'><strong>agitcuniculus,</strong></span> <span class='ocrx_word' id='word_1_642' title='bbox 2507 2905 2564 2951; x_wconf 88' lang='lat' dir='ltr'><strong>ut</strong></span> <span class='ocrx_word' id='word_1_643' title='bbox 2589 2912 2649 2952; x_wconf 91' lang='lat' dir='ltr'><strong>ea</strong></span> <span class='ocrx_word' id='word_1_644' title='bbox 2681 2901 2887 2957; x_wconf 74' lang='lat' dir='ltr'><strong>ratione</strong></span> <span class='ocrx_word' id='word_1_645' title='bbox 2909 2917 3013 2957; x_wconf 90' lang='lat' dir='ltr'><strong>nou</strong></span> <span class='ocrx_word' id='word_1_646' title='bbox 3046 2903 3203 2961; x_wconf 83' lang='lat' dir='ltr'><strong>facile</strong></span> <span class='ocrx_word' id='word_1_647' title='bbox 3230 2911 3406 2976; x_wconf 91' lang='lat' dir='ltr'><strong>possit</strong></span> 
     </span>
    </p>
   </div>
   <div class='ocr_carea' id='block_1_86' title="bbox 1828 2983 3401 3063">
    <p class='ocr_par' dir='ltr' id='par_1_86' title="bbox 1828 2983 3401 3063">
     <span class='ocr_line' id='line_1_86' title="bbox 1828 2983 3401 3063; baseline 0.01 -26"><span class='ocrx_word' id='word_1_648' title='bbox 1828 2983 2026 3048; x_wconf 88' lang='lat' dir='ltr'><strong>caveri,</strong></span> <span class='ocrx_word' id='word_1_649' title='bbox 2080 2992 2134 3039; x_wconf 89' lang='lat' dir='ltr'><strong>et</strong></span> <span class='ocrx_word' id='word_1_650' title='bbox 2176 2994 2319 3040; x_wconf 89' lang='lat' dir='ltr'><strong>recte</strong></span> <span class='ocrx_word' id='word_1_651' title='bbox 2363 2988 2409 3041; x_wconf 92' lang='lat' dir='ltr'><strong>ei</strong></span> <span class='ocrx_word' id='word_1_652' title='bbox 2457 2989 2711 3045; x_wconf 88' lang='lat' dir='ltr'><strong>succedat</strong></span> <span class='ocrx_word' id='word_1_653' title='bbox 2757 2992 2806 3045; x_wconf 93' lang='lat' dir='ltr'><strong>id</strong></span> <span class='ocrx_word' id='word_1_654' title='bbox 2853 2995 2995 3063; x_wconf 91' lang='lat' dir='ltr'><strong>quod</strong></span> <span class='ocrx_word' id='word_1_655' title='bbox 3035 3005 3120 3049; x_wconf 93' lang='lat' dir='ltr'><strong>est</strong></span> <span class='ocrx_word' id='word_1_656' title='bbox 3163 2998 3401 3053; x_wconf 80' lang='lat' dir='ltr'><strong>molitus.</strong></span> 
     </span>
    </p>
   </div>
   <div class='ocr_carea' id='block_1_87' title="bbox 1828 3072 3405 3157">
    <p class='ocr_par' dir='ltr' id='par_1_87' title="bbox 1828 3072 3405 3157">
     <span class='ocr_line' id='line_1_87' title="bbox 1828 3072 3405 3157; baseline 0.011 -31"><span class='ocrx_word' id='word_1_657' title='bbox 1828 3072 2184 3142; x_wconf 89' lang='lat' dir='ltr'><strong>Quamobrem</strong></span> <span class='ocrx_word' id='word_1_658' title='bbox 2228 3076 2359 3132; x_wconf 88' lang='lat' dir='ltr'><strong>tales</strong></span> <span class='ocrx_word' id='word_1_659' title='bbox 2407 3078 2522 3148; x_wconf 88' lang='lat' dir='ltr'><strong>ejus</strong></span> <span class='ocrx_word' id='word_1_660' title='bbox 2567 3080 2789 3152; x_wconf 91' lang='lat' dir='ltr'><strong>laqueos</strong></span> <span class='ocrx_word' id='word_1_661' title='bbox 2832 3099 3047 3155; x_wconf 86' lang='lat' dir='ltr'><strong>semper</strong></span> <span class='ocrx_word' id='word_1_662' title='bbox 3094 3089 3405 3157; x_wconf 87' lang='lat' dir='ltr'><strong>inveniens,</strong></span> 
     </span>
    </p>
   </div>
   <div class='ocr_carea' id='block_1_88' title="bbox 1827 3166 3403 3239">
    <p class='ocr_par' dir='ltr' id='par_1_88' title="bbox 1827 3166 3403 3239">
     <span class='ocr_line' id='line_1_88' title="bbox 1827 3166 3403 3239; baseline 0.013 -20"><span class='ocrx_word' id='word_1_663' title='bbox 1827 3174 1879 3219; x_wconf 88' lang='lat' dir='ltr'><strong>et</strong></span> <span class='ocrx_word' id='word_1_664' title='bbox 1908 3166 2197 3222; x_wconf 84' lang='lat' dir='ltr'><strong>sceleratas</strong></span> <span class='ocrx_word' id='word_1_665' title='bbox 2247 3166 2341 3221; x_wconf 87' lang='lat' dir='ltr'><strong>has</strong></span> <span class='ocrx_word' id='word_1_666' title='bbox 2374 3170 2596 3226; x_wconf 85' lang='lat' dir='ltr'><strong>insidias</strong></span> <span class='ocrx_word' id='word_1_667' title='bbox 2624 3188 2827 3229; x_wconf 87' lang='lat' dir='ltr'><strong>venans</strong></span> <span class='ocrx_word' id='word_1_668' title='bbox 2858 3175 2944 3231; x_wconf 89' lang='lat' dir='ltr'><strong>hic</strong></span> <span class='ocrx_word' id='word_1_669' title='bbox 2970 3179 3051 3233; x_wconf 88' lang='lat' dir='ltr'><strong>vir</strong></span> <span class='ocrx_word' id='word_1_670' title='bbox 3073 3180 3403 3239; x_wconf 85' lang='lat' dir='ltr'><strong>admirabilis</strong></span> 
     </span>
    </p>
   </div>
   <div class='ocr_carea' id='block_1_89' title="bbox 1827 3260 3428 3346">
    <p class='ocr_par' dir='ltr' id='par_1_89' title="bbox 1827 3260 3428 3346">
     <span class='ocr_line' id='line_1_89' title="bbox 1827 3260 3428 3346; baseline 0.011 -35"><span class='ocrx_word' id='word_1_671' title='bbox 1827 3263 1884 3311; x_wconf 83' lang='lat' dir='ltr'><strong>et</strong></span> <span class='ocrx_word' id='word_1_672' title='bbox 1911 3272 2036 3312; x_wconf 87' lang='lat' dir='ltr'><strong>vere</strong></span> <span class='ocrx_word' id='word_1_673' title='bbox 2064 3274 2306 3329; x_wconf 85' lang='lat' dir='ltr'><strong>magnus,</strong></span> <span class='ocrx_word' id='word_1_674' title='bbox 2341 3260 2554 3317; x_wconf 84' lang='lat' dir='ltr'><strong>dicebat</strong></span> <span class='ocrx_word' id='word_1_675' title='bbox 2588 3282 2601 3318; x_wconf 93' lang='lat'>:</span> <span class='ocrx_word' id='word_1_676' title='bbox 2638 3264 2757 3319; x_wconf 80' lang='lat' dir='ltr'><strong>Non</strong></span> <span class='ocrx_word' id='word_1_677' title='bbox 2786 3268 2919 3322; x_wconf 86' lang='lat' dir='ltr'><strong>enim</strong></span> <span class='ocrx_word' id='word_1_678' title='bbox 2940 3269 3231 3340; x_wconf 81' lang='lat' dir='ltr'><strong>ignoramus</strong></span> <span class='ocrx_word' id='word_1_679' title='bbox 3255 3278 3367 3346; x_wconf 82' lang='lat' dir='ltr'><strong>cogi</strong></span> <span class='ocrx_word' id='word_1_680' title='bbox 3378 3306 3396 3315; x_wconf 83' lang='lat'><strong>-</strong></span> <span class='ocrx_word' id='word_1_681' title='bbox 3422 3330 3428 3337; x_wconf 87' lang='lat'><em>_</em></span> 
     </span>
    </p>
   </div>
   <div class='ocr_carea' id='block_1_90' title="bbox 1825 3349 3405 3432">
    <p class='ocr_par' dir='ltr' id='par_1_90' title="bbox 1825 3349 3405 3432">
     <span class='ocr_line' id='line_1_90' title="bbox 1825 3349 3405 3432; baseline 0.013 -31"><span class='ocrx_word' id='word_1_682' title='bbox 1825 3349 2036 3404; x_wconf 82' lang='lat' dir='ltr'><strong>taliones</strong></span> <span class='ocrx_word' id='word_1_683' title='bbox 2062 3352 2169 3420; x_wconf 87' lang='lat' dir='ltr'><strong>ejus</strong></span> <span class='ocrx_word' id='word_1_684' title='bbox 2193 3350 2268 3423; x_wconf 70' lang='grc' dir='ltr'><strong>(Ξ.</strong></span> <span class='ocrx_word' id='word_1_685' title='bbox 2302 3351 2420 3407; x_wconf 82' lang='lat' dir='ltr'><strong>Cor.</strong></span> <span class='ocrx_word' id='word_1_686' title='bbox 2449 3352 2503 3407; x_wconf 74' lang='lat'><strong>2.</strong></span> <span class='ocrx_word' id='word_1_687' title='bbox 2536 3356 2645 3425; x_wconf 82' lang='lat' dir='ltr'><strong>H).</strong></span> <span class='ocrx_word' id='word_1_688' title='bbox 2676 3357 2887 3413; x_wconf 89' lang='lat' dir='ltr'><strong>Etenim</strong></span> <span class='ocrx_word' id='word_1_689' title='bbox 2923 3360 3009 3416; x_wconf 89' lang='lat' dir='ltr'><strong>hic</strong></span> <span class='ocrx_word' id='word_1_690' title='bbox 3031 3372 3196 3417; x_wconf 92' lang='lat' dir='ltr'><strong>totum</strong></span> <span class='ocrx_word' id='word_1_691' title='bbox 3222 3368 3405 3432; x_wconf 63' lang='lat' dir='ltr'><strong>aperit,</strong></span> 
     </span>
    </p>
   </div>
   <div class='ocr_carea' id='block_1_91' title="bbox 1824 3438 3400 3525">
    <p class='ocr_par' dir='ltr' id='par_1_91' title="bbox 1824 3438 3400 3525">
     <span class='ocr_line' id='line_1_91' title="bbox 1824 3438 3400 3525; baseline 0.013 -31"><span class='ocrx_word' id='word_1_692' title='bbox 1824 3438 1941 3511; x_wconf 85' lang='lat' dir='ltr'><strong>ejus</strong></span> <span class='ocrx_word' id='word_1_693' title='bbox 1978 3440 2183 3511; x_wconf 90' lang='lat' dir='ltr'><strong>dolum,</strong></span> <span class='ocrx_word' id='word_1_694' title='bbox 2230 3453 2286 3498; x_wconf 92' lang='lat' dir='ltr'><strong>et</strong></span> <span class='ocrx_word' id='word_1_695' title='bbox 2323 3458 2514 3502; x_wconf 82' lang='lat' dir='ltr'><strong>omnes</strong></span> <span class='ocrx_word' id='word_1_696' title='bbox 2558 3449 2791 3504; x_wconf 89' lang='lat' dir='ltr'><strong>ostendit</strong></span> <span class='ocrx_word' id='word_1_697' title='bbox 2854 3453 3276 3512; x_wconf 88' lang='lat' dir='ltr'><strong>machinationes</strong></span> <span class='ocrx_word' id='word_1_698' title='bbox 3300 3500 3316 3525; x_wconf 94' lang='lat'><strong>,</strong></span> <span class='ocrx_word' id='word_1_699' title='bbox 3345 3470 3400 3515; x_wconf 91' lang='lat' dir='ltr'><strong>et</strong></span> 
     </span>
    </p>
   </div>
   <div class='ocr_carea' id='block_1_92' title="bbox 1823 3537 3402 3618">
    <p class='ocr_par' dir='ltr' id='par_1_92' title="bbox 1823 3537 3402 3618">
     <span class='ocr_line' id='line_1_92' title="bbox 1823 3537 3402 3618; baseline 0.011 -28"><span class='ocrx_word' id='word_1_700' title='bbox 1823 3549 2171 3607; x_wconf 67' lang='lat' dir='ltr'><strong>quaecumque</strong></span> <span class='ocrx_word' id='word_1_701' title='bbox 2212 3537 2327 3593; x_wconf 83' lang='lat' dir='ltr'><strong>vult</strong></span> <span class='ocrx_word' id='word_1_702' title='bbox 2354 3554 2613 3609; x_wconf 87' lang='lat' dir='ltr'><strong>apparare</strong></span> <span class='ocrx_word' id='word_1_703' title='bbox 2644 3543 2887 3612; x_wconf 86' lang='lat' dir='ltr'><strong>producit</strong></span> <span class='ocrx_word' id='word_1_704' title='bbox 2916 3545 2968 3600; x_wconf 92' lang='lat' dir='ltr'><strong>in</strong></span> <span class='ocrx_word' id='word_1_705' title='bbox 3014 3548 3279 3618; x_wconf 89' lang='lat' dir='ltr'><strong>medium,</strong></span> <span class='ocrx_word' id='word_1_706' title='bbox 3311 3568 3402 3608; x_wconf 85' lang='lat' dir='ltr'><strong>ac-</strong></span> 
     </span>
    </p>
   </div>
   <div class='ocr_carea' id='block_1_93' title="bbox 1823 3629 3399 3708">
    <p class='ocr_par' dir='ltr' id='par_1_93' title="bbox 1823 3629 3399 3708">
     <span class='ocr_line' id='line_1_93' title="bbox 1823 3629 3399 3708; baseline 0.013 -27"><span class='ocrx_word' id='word_1_707' title='bbox 1823 3629 2158 3685; x_wconf 86' lang='lat' dir='ltr'><strong>curatissime</strong></span> <span class='ocrx_word' id='word_1_708' title='bbox 2187 3631 2362 3686; x_wconf 92' lang='lat' dir='ltr'><strong>omnia</strong></span> <span class='ocrx_word' id='word_1_709' title='bbox 2393 3647 2744 3703; x_wconf 87' lang='lat' dir='ltr'><strong>persequens.</strong></span> <span class='ocrx_word' id='word_1_710' title='bbox 2790 3636 3076 3708; x_wconf 87' lang='lat' dir='ltr'><strong>Pr0pterea</strong></span> <span class='ocrx_word' id='word_1_711' title='bbox 3107 3643 3247 3697; x_wconf 91' lang='lat' dir='ltr'><strong>enim</strong></span> <span class='ocrx_word' id='word_1_712' title='bbox 3293 3644 3399 3701; x_wconf 83' lang='lat' dir='ltr'><strong>huc</strong></span> 
     </span>
    </p>
   </div>
   <div class='ocr_carea' id='block_1_94' title="bbox 1823 3723 3398 3797">
    <p class='ocr_par' dir='ltr' id='par_1_94' title="bbox 1823 3723 3398 3797">
     <span class='ocr_line' id='line_1_94' title="bbox 1823 3723 3398 3797; baseline 0.011 -21"><span class='ocrx_word' id='word_1_713' title='bbox 1823 3730 1984 3792; x_wconf 89' lang='lat' dir='ltr'><strong>caput</strong></span> <span class='ocrx_word' id='word_1_714' title='bbox 2009 3723 2157 3792; x_wconf 91' lang='lat' dir='ltr'><strong>ponit</strong></span> <span class='ocrx_word' id='word_1_715' title='bbox 2186 3733 2306 3794; x_wconf 90' lang='lat' dir='ltr'><strong>post</strong></span> <span class='ocrx_word' id='word_1_716' title='bbox 2334 3725 2435 3779; x_wconf 90' lang='lat' dir='ltr'><strong>alia</strong></span> <span class='ocrx_word' id='word_1_717' title='bbox 2464 3766 2480 3789; x_wconf 93' lang='lat'><strong>,</strong></span> <span class='ocrx_word' id='word_1_718' title='bbox 2510 3729 2760 3797; x_wconf 89' lang='lat' dir='ltr'><strong>quoniam</strong></span> <span class='ocrx_word' id='word_1_719' title='bbox 2791 3739 2910 3784; x_wconf 90' lang='lat' dir='ltr'><strong>erat</strong></span> <span class='ocrx_word' id='word_1_720' title='bbox 2952 3734 3182 3790; x_wconf 86' lang='lat' dir='ltr'><strong>maxime</strong></span> <span class='ocrx_word' id='word_1_721' title='bbox 3213 3751 3398 3793; x_wconf 81' lang='lat' dir='ltr'><strong>neces-</strong></span> 
     </span>
    </p>
   </div>
   <div class='ocr_carea' id='block_1_95' title="bbox 1822 3814 3399 3886">
    <p class='ocr_par' dir='ltr' id='par_1_95' title="bbox 1822 3814 3399 3886">
     <span class='ocr_line' id='line_1_95' title="bbox 1822 3814 3399 3886; baseline 0.011 -19"><span class='ocrx_word' id='word_1_722' title='bbox 1822 3814 2042 3879; x_wconf 86' lang='lat' dir='ltr'><strong>sarium,</strong></span> <span class='ocrx_word' id='word_1_723' title='bbox 2074 3825 2130 3869; x_wconf 90' lang='lat' dir='ltr'><strong>et</strong></span> <span class='ocrx_word' id='word_1_724' title='bbox 2156 3815 2296 3886; x_wconf 85' lang='lat' dir='ltr'><strong>quod</strong></span> <span class='ocrx_word' id='word_1_725' title='bbox 2327 3816 2503 3871; x_wconf 91' lang='lat' dir='ltr'><strong>omnia</strong></span> <span class='ocrx_word' id='word_1_726' title='bbox 2528 3829 2711 3873; x_wconf 90' lang='lat' dir='ltr'><strong>nostra</strong></span> <span class='ocrx_word' id='word_1_727' title='bbox 2738 3820 3026 3877; x_wconf 86' lang='lat' dir='ltr'><strong>contineat.</strong></span> <span class='ocrx_word' id='word_1_728' title='bbox 3058 3823 3191 3880; x_wconf 89' lang='lat' dir='ltr'><strong>Vide</strong></span> <span class='ocrx_word' id='word_1_729' title='bbox 3217 3839 3399 3884; x_wconf 87' lang='lat' dir='ltr'><strong>autem</strong></span> 
     </span>
    </p>
   </div>
   <div class='ocr_carea' id='block_1_96' title="bbox 1822 3905 3397 3982">
    <p class='ocr_par' dir='ltr' id='par_1_96' title="bbox 1822 3905 3397 3982">
     <span class='ocr_line' id='line_1_96' title="bbox 1822 3905 3397 3982; baseline 0.01 -23"><span class='ocrx_word' id='word_1_730' title='bbox 1822 3905 1936 3976; x_wconf 88' lang='lat' dir='ltr'><strong>ejus</strong></span> <span class='ocrx_word' id='word_1_731' title='bbox 1977 3906 2332 3976; x_wconf 89' lang='lat' dir='ltr'><strong>prudentiam.</strong></span> <span class='ocrx_word' id='word_1_732' title='bbox 2362 3906 2495 3963; x_wconf 84' lang='lat' dir='ltr'><strong>Nam</strong></span> <span class='ocrx_word' id='word_1_733' title='bbox 2525 3923 2646 3965; x_wconf 92' lang='lat' dir='ltr'><strong>cum</strong></span> <span class='ocrx_word' id='word_1_734' title='bbox 2675 3925 2801 3966; x_wconf 89' lang='lat' dir='ltr'><strong>suos</strong></span> <span class='ocrx_word' id='word_1_735' title='bbox 2841 3914 2988 3982; x_wconf 86' lang='lat' dir='ltr'><strong>prius</strong></span> <span class='ocrx_word' id='word_1_736' title='bbox 3018 3918 3298 3974; x_wconf 87' lang='lat' dir='ltr'><strong>muniisset</strong></span> <span class='ocrx_word' id='word_1_737' title='bbox 3343 3931 3397 3975; x_wconf 87' lang='lat' dir='ltr'><strong>et</strong></span> 
     </span>
    </p>
   </div>
   <div class='ocr_carea' id='block_1_97' title="bbox 1822 3996 3399 4074">
    <p class='ocr_par' dir='ltr' id='par_1_97' title="bbox 1822 3996 3399 4074">
     <span class='ocr_line' id='line_1_97' title="bbox 1822 3996 3399 4074; baseline 0.008 -23"><span class='ocrx_word' id='word_1_738' title='bbox 1822 3996 1876 4051; x_wconf 91' lang='lat' dir='ltr'><strong>in</strong></span> <span class='ocrx_word' id='word_1_739' title='bbox 1905 4005 2017 4052; x_wconf 92' lang='lat' dir='ltr'><strong>tuto</strong></span> <span class='ocrx_word' id='word_1_740' title='bbox 2054 3999 2372 4055; x_wconf 88' lang='lat' dir='ltr'><strong>collocasset</strong></span> <span class='ocrx_word' id='word_1_741' title='bbox 2396 4042 2412 4067; x_wconf 96' lang='lat'><strong>,</strong></span> <span class='ocrx_word' id='word_1_742' title='bbox 2446 4009 2572 4056; x_wconf 92' lang='lat' dir='ltr'><strong>tunc</strong></span> <span class='ocrx_word' id='word_1_743' title='bbox 2602 4002 2828 4058; x_wconf 92' lang='lat' dir='ltr'><strong>ulterius</strong></span> <span class='ocrx_word' id='word_1_744' title='bbox 2856 4006 3149 4074; x_wconf 88' lang='lat' dir='ltr'><strong>procedens</strong></span> <span class='ocrx_word' id='word_1_745' title='bbox 3173 4050 3188 4074; x_wconf 94' lang='lat'><strong>,</strong></span> <span class='ocrx_word' id='word_1_746' title='bbox 3220 4020 3399 4066; x_wconf 74' lang='lat' dir='ltr'><strong>exter-</strong></span> 
     </span>
    </p>
   </div>
   <div class='ocr_carea' id='block_1_98' title="bbox 1821 4092 3394 4165">
    <p class='ocr_par' dir='ltr' id='par_1_98' title="bbox 1821 4092 3394 4165">
     <span class='ocr_line' id='line_1_98' title="bbox 1821 4092 3394 4165; baseline 0.008 -21"><span class='ocrx_word' id='word_1_747' title='bbox 1821 4104 1921 4145; x_wconf 85' lang='lat' dir='ltr'><strong>nos</strong></span> <span class='ocrx_word' id='word_1_748' title='bbox 1945 4106 2157 4163; x_wconf 90' lang='lat' dir='ltr'><strong>quoque</strong></span> <span class='ocrx_word' id='word_1_749' title='bbox 2186 4092 2388 4149; x_wconf 89' lang='lat' dir='ltr'><strong>invadit</strong></span> <span class='ocrx_word' id='word_1_750' title='bbox 2409 4135 2425 4161; x_wconf 92' lang='lat'><strong>,</strong></span> <span class='ocrx_word' id='word_1_751' title='bbox 2459 4104 2514 4149; x_wconf 88' lang='lat' dir='ltr'><strong>et</strong></span> <span class='ocrx_word' id='word_1_752' title='bbox 2540 4094 2672 4165; x_wconf 90' lang='lat' dir='ltr'><strong>ipsis</strong></span> <span class='ocrx_word' id='word_1_753' title='bbox 2703 4096 3031 4156; x_wconf 88' lang='lat' dir='ltr'><strong>validissime</strong></span> <span class='ocrx_word' id='word_1_754' title='bbox 3058 4114 3120 4155; x_wconf 92' lang='lat' dir='ltr'><strong>os</strong></span> <span class='ocrx_word' id='word_1_755' title='bbox 3146 4102 3394 4158; x_wconf 88' lang='lat' dir='ltr'><strong>obstruit.</strong></span> 
     </span>
    </p>
   </div>
   <div class='ocr_carea' id='block_1_99' title="bbox 1821 4181 3395 4255">
    <p class='ocr_par' dir='ltr' id='par_1_99' title="bbox 1821 4181 3395 4255">
     <span class='ocr_line' id='line_1_99' title="bbox 1821 4181 3395 4255; baseline 0.004 -18"><span class='ocrx_word' id='word_1_756' title='bbox 1821 4181 1959 4238; x_wconf 91' lang='lat' dir='ltr'><strong>Suos</strong></span> <span class='ocrx_word' id='word_1_757' title='bbox 1981 4193 2161 4240; x_wconf 91' lang='lat' dir='ltr'><strong>autem</strong></span> <span class='ocrx_word' id='word_1_758' title='bbox 2192 4186 2365 4240; x_wconf 90' lang='lat' dir='ltr'><strong>munit</strong></span> <span class='ocrx_word' id='word_1_759' title='bbox 2393 4195 2446 4241; x_wconf 93' lang='lat' dir='ltr'><strong>et</strong></span> <span class='ocrx_word' id='word_1_760' title='bbox 2476 4187 2529 4240; x_wconf 92' lang='lat' dir='ltr'><strong>in</strong></span> <span class='ocrx_word' id='word_1_761' title='bbox 2558 4196 2671 4242; x_wconf 91' lang='lat' dir='ltr'><strong>tuto</strong></span> <span class='ocrx_word' id='word_1_762' title='bbox 2693 4189 2956 4255; x_wconf 90' lang='lat' dir='ltr'><strong>collocat,</strong></span> <span class='ocrx_word' id='word_1_763' title='bbox 2987 4207 3091 4247; x_wconf 90' lang='lat' dir='ltr'><strong>nou</strong></span> <span class='ocrx_word' id='word_1_764' title='bbox 3121 4208 3185 4248; x_wconf 83' lang='lat' dir='ltr'><strong>ex</strong></span> <span class='ocrx_word' id='word_1_765' title='bbox 3225 4197 3395 4250; x_wconf 68' lang='lat' dir='ltr'><strong>ratio-</strong></span> 
     </span>
    </p>
   </div>
   <div class='ocr_carea' id='block_1_100' title="bbox 1819 4274 3394 4356">
    <p class='ocr_par' dir='ltr' id='par_1_100' title="bbox 1819 4274 3394 4356">
     <span class='ocr_line' id='line_1_100' title="bbox 1819 4274 3394 4356; baseline 0.007 -27"><span class='ocrx_word' id='word_1_766' title='bbox 1819 4274 1994 4338; x_wconf 87' lang='lat' dir='ltr'><strong>nibus,</strong></span> <span class='ocrx_word' id='word_1_767' title='bbox 2022 4275 2114 4331; x_wconf 86' lang='lat' dir='ltr'><strong>sed</strong></span> <span class='ocrx_word' id='word_1_768' title='bbox 2146 4292 2208 4330; x_wconf 83' lang='lat' dir='ltr'><strong>ex</strong></span> <span class='ocrx_word' id='word_1_769' title='bbox 2239 4277 2303 4331; x_wconf 88' lang='lat' dir='ltr'><strong>iis</strong></span> <span class='ocrx_word' id='word_1_770' title='bbox 2326 4292 2445 4347; x_wconf 73' lang='lat' dir='ltr'><strong>qua:</strong></span> <span class='ocrx_word' id='word_1_771' title='bbox 2465 4277 2575 4348; x_wconf 87' lang='lat' dir='ltr'><strong>jam</strong></span> <span class='ocrx_word' id='word_1_772' title='bbox 2606 4279 2742 4334; x_wconf 75' lang='lat' dir='ltr'><strong>facta</strong></span> <span class='ocrx_word' id='word_1_773' title='bbox 2772 4290 2928 4347; x_wconf 86' lang='lat' dir='ltr'><strong>sunt,</strong></span> <span class='ocrx_word' id='word_1_774' title='bbox 2957 4292 3011 4338; x_wconf 91' lang='lat' dir='ltr'><strong>et</strong></span> <span class='ocrx_word' id='word_1_775' title='bbox 3033 4299 3150 4353; x_wconf 74' lang='lat' dir='ltr'><strong>qua:</strong></span> <span class='ocrx_word' id='word_1_776' title='bbox 3178 4284 3274 4356; x_wconf 87' lang='lat' dir='ltr'><strong>ipsi</strong></span> <span class='ocrx_word' id='word_1_777' title='bbox 3301 4289 3394 4340; x_wconf 84' lang='lat' dir='ltr'><strong>ad-</strong></span> 
     </span>
    </p>
   </div>
   <div class='ocr_carea' id='block_1_101' title="bbox 1821 4366 3397 4444">
    <p class='ocr_par' dir='ltr' id='par_1_101' title="bbox 1821 4366 3397 4444">
     <span class='ocr_line' id='line_1_101' title="bbox 1821 4366 3397 4444; baseline 0.01 -26"><span class='ocrx_word' id='word_1_778' title='bbox 1821 4366 2103 4431; x_wconf 89' lang='lat' dir='ltr'><strong>miserunt,</strong></span> <span class='ocrx_word' id='word_1_779' title='bbox 2136 4375 2190 4421; x_wconf 92' lang='lat' dir='ltr'><strong>et</strong></span> <span class='ocrx_word' id='word_1_780' title='bbox 2234 4366 2370 4422; x_wconf 83' lang='lat' dir='ltr'><strong>laeta</strong></span> <span class='ocrx_word' id='word_1_781' title='bbox 2410 4368 2753 4424; x_wconf 90' lang='lat' dir='ltr'><strong>crediderunt</strong></span> <span class='ocrx_word' id='word_1_782' title='bbox 2785 4388 2798 4425; x_wconf 89' lang='lat'><strong>:</strong></span> <span class='ocrx_word' id='word_1_783' title='bbox 2828 4372 2969 4441; x_wconf 93' lang='lat' dir='ltr'><strong>quod</strong></span> <span class='ocrx_word' id='word_1_784' title='bbox 2995 4374 3208 4444; x_wconf 89' lang='lat' dir='ltr'><strong>quidem</strong></span> <span class='ocrx_word' id='word_1_785' title='bbox 3240 4378 3397 4433; x_wconf 83' lang='lat' dir='ltr'><strong>valde</strong></span> 
     </span>
    </p>
   </div>
   <div class='ocr_carea' id='block_1_102' title="bbox 1819 4457 3394 4531">
    <p class='ocr_par' dir='ltr' id='par_1_102' title="bbox 1819 4457 3394 4531">
     <span class='ocr_line' id='line_1_102' title="bbox 1819 4457 3394 4531; baseline 0.006 -19"><span class='ocrx_word' id='word_1_786' title='bbox 1819 4467 1936 4512; x_wconf 88' lang='lat' dir='ltr'><strong>erat</strong></span> <span class='ocrx_word' id='word_1_787' title='bbox 1973 4469 2152 4529; x_wconf 90' lang='lat' dir='ltr'><strong>aptum</strong></span> <span class='ocrx_word' id='word_1_788' title='bbox 2185 4457 2249 4512; x_wconf 90' lang='lat' dir='ltr'><strong>ad</strong></span> <span class='ocrx_word' id='word_1_789' title='bbox 2281 4458 2540 4528; x_wconf 86' lang='lat' dir='ltr'><strong>pudorem</strong></span> <span class='ocrx_word' id='word_1_790' title='bbox 2583 4460 2943 4518; x_wconf 90' lang='lat' dir='ltr'><strong>incutiendum</strong></span> <span class='ocrx_word' id='word_1_791' title='bbox 2971 4507 2987 4531; x_wconf 92' lang='lat'><strong>,</strong></span> <span class='ocrx_word' id='word_1_792' title='bbox 3015 4475 3068 4519; x_wconf 89' lang='lat' dir='ltr'><strong>et</strong></span> <span class='ocrx_word' id='word_1_793' title='bbox 3094 4464 3394 4523; x_wconf 81' lang='lat' dir='ltr'><strong>sufﬁciebat</strong></span> 
     </span>
    </p>
   </div>
   <div class='ocr_carea' id='block_1_103' title="bbox 1817 4547 3391 4622">
    <p class='ocr_par' dir='ltr' id='par_1_103' title="bbox 1817 4547 3391 4622">
     <span class='ocr_line' id='line_1_103' title="bbox 1817 4547 3391 4622; baseline 0.007 -20"><span class='ocrx_word' id='word_1_794' title='bbox 1817 4547 1885 4604; x_wconf 89' lang='lat' dir='ltr'><strong>ad</strong></span> <span class='ocrx_word' id='word_1_795' title='bbox 1910 4564 2004 4605; x_wconf 89' lang='lat' dir='ltr'><strong>eos</strong></span> <span class='ocrx_word' id='word_1_796' title='bbox 2043 4549 2417 4608; x_wconf 87' lang='lat' dir='ltr'><strong>continendos.</strong></span> <span class='ocrx_word' id='word_1_797' title='bbox 2462 4549 2593 4606; x_wconf 87' lang='lat' dir='ltr'><strong>Nam</strong></span> <span class='ocrx_word' id='word_1_798' title='bbox 2632 4551 2677 4605; x_wconf 92' lang='lat' dir='ltr'><strong>si</strong></span> <span class='ocrx_word' id='word_1_799' title='bbox 2728 4563 2909 4622; x_wconf 90' lang='lat' dir='ltr'><strong>postea</strong></span> <span class='ocrx_word' id='word_1_800' title='bbox 2941 4554 3236 4611; x_wconf 90' lang='lat' dir='ltr'><strong>noluissent</strong></span> <span class='ocrx_word' id='word_1_801' title='bbox 3270 4572 3391 4613; x_wconf 86' lang='lat' dir='ltr'><strong>crc-</strong></span> 
     </span>
    </p>
   </div>
   <div class='ocr_carea' id='block_1_104' title="bbox 1820 4639 3392 4718">
    <p class='ocr_par' dir='ltr' id='par_1_104' title="bbox 1820 4639 3392 4718">
     <span class='ocr_line' id='line_1_104' title="bbox 1820 4639 3392 4718; baseline 0.007 -24"><span class='ocrx_word' id='word_1_802' title='bbox 1820 4639 1970 4704; x_wconf 90' lang='lat' dir='ltr'><strong>dere,</strong></span> <span class='ocrx_word' id='word_1_803' title='bbox 2004 4655 2108 4695; x_wconf 89' lang='lat' dir='ltr'><strong>non</strong></span> <span class='ocrx_word' id='word_1_804' title='bbox 2137 4640 2318 4711; x_wconf 91' lang='lat' dir='ltr'><strong>utique</strong></span> <span class='ocrx_word' id='word_1_805' title='bbox 2356 4641 2465 4712; x_wconf 91' lang='lat' dir='ltr'><strong>jam</strong></span> <span class='ocrx_word' id='word_1_806' title='bbox 2493 4642 2657 4697; x_wconf 87' lang='lat' dir='ltr'><strong>Paulo</strong></span> <span class='ocrx_word' id='word_1_807' title='bbox 2679 4683 2696 4709; x_wconf 95' lang='lat'><strong>,</strong></span> <span class='ocrx_word' id='word_1_808' title='bbox 2730 4645 2824 4699; x_wconf 89' lang='lat' dir='ltr'><strong>sed</strong></span> <span class='ocrx_word' id='word_1_809' title='bbox 2850 4645 2950 4701; x_wconf 91' lang='lat' dir='ltr'><strong>sibi</strong></span> <span class='ocrx_word' id='word_1_810' title='bbox 2982 4646 3081 4718; x_wconf 90' lang='lat' dir='ltr'><strong>ipsi</strong></span> <span class='ocrx_word' id='word_1_811' title='bbox 3108 4663 3213 4703; x_wconf 89' lang='lat' dir='ltr'><strong>non</strong></span> <span class='ocrx_word' id='word_1_812' title='bbox 3237 4659 3392 4705; x_wconf 87' lang='lat' dir='ltr'><strong>erant</strong></span> 
     </span>
    </p>
   </div>
   <div class='ocr_carea' id='block_1_105' title="bbox 1816 4731 3392 4811">
    <p class='ocr_par' dir='ltr' id='par_1_105' title="bbox 1816 4731 3392 4811">
     <span class='ocr_line' id='line_1_105' title="bbox 1816 4731 3392 4811; baseline 0.006 -23"><span class='ocrx_word' id='word_1_813' title='bbox 1816 4731 2071 4789; x_wconf 88' lang='lat' dir='ltr'><strong>credituri</strong></span> <span class='ocrx_word' id='word_1_814' title='bbox 2102 4733 2282 4804; x_wconf 92' lang='lat' dir='ltr'><strong>:quod</strong></span> <span class='ocrx_word' id='word_1_815' title='bbox 2324 4735 2537 4804; x_wconf 90' lang='lat' dir='ltr'><strong>quidem</strong></span> <span class='ocrx_word' id='word_1_816' title='bbox 2568 4737 2771 4792; x_wconf 92' lang='lat' dir='ltr'><strong>crimen</strong></span> <span class='ocrx_word' id='word_1_817' title='bbox 2815 4738 3001 4794; x_wconf 82' lang='lat' dir='ltr'><strong>luisset</strong></span> <span class='ocrx_word' id='word_1_818' title='bbox 3047 4739 3259 4796; x_wconf 89' lang='lat' dir='ltr'><strong>illorum</strong></span> <span class='ocrx_word' id='word_1_819' title='bbox 3295 4745 3392 4811; x_wconf 89' lang='lat' dir='ltr'><strong>qui</strong></span> 
     </span>
    </p>
   </div>
   <div class='ocr_carea' id='block_1_106' title="bbox 1817 4826 3392 4908">
    <p class='ocr_par' dir='ltr' id='par_1_106' title="bbox 1817 4826 3392 4908">
     <span class='ocr_line' id='line_1_106' title="bbox 1817 4826 3392 4908; baseline 0.007 -27"><span class='ocrx_word' id='word_1_820' title='bbox 1817 4828 1979 4882; x_wconf 90' lang='lat' dir='ltr'><strong>semel</strong></span> <span class='ocrx_word' id='word_1_821' title='bbox 1996 4826 2344 4896; x_wconf 90' lang='lat' dir='ltr'><strong>admiserant,</strong></span> <span class='ocrx_word' id='word_1_822' title='bbox 2367 4839 2419 4884; x_wconf 90' lang='lat' dir='ltr'><strong>et</strong></span> <span class='ocrx_word' id='word_1_823' title='bbox 2434 4829 2544 4900; x_wconf 89' lang='lat' dir='ltr'><strong>jam</strong></span> <span class='ocrx_word' id='word_1_824' title='bbox 2568 4833 2902 4887; x_wconf 88' lang='lat' dir='ltr'><strong>transmutati</strong></span> <span class='ocrx_word' id='word_1_825' title='bbox 2921 4844 3123 4890; x_wconf 86' lang='lat' dir='ltr'><strong>essent.</strong></span> <span class='ocrx_word' id='word_1_826' title='bbox 3146 4835 3392 4908; x_wconf 83' lang='lat' dir='ltr'><strong>Propter-</strong></span> 
     </span>
    </p>
   </div>
   <div class='ocr_carea' id='block_1_107' title="bbox 1818 4919 3393 4996">
    <p class='ocr_par' dir='ltr' id='par_1_107' title="bbox 1818 4919 3393 4996">
     <span class='ocr_line' id='line_1_107' title="bbox 1818 4919 3393 4996; baseline 0.006 -21"><span class='ocrx_word' id='word_1_827' title='bbox 1818 4934 1883 4975; x_wconf 92' lang='lat' dir='ltr'><strong>ea</strong></span> <span class='ocrx_word' id='word_1_828' title='bbox 1918 4919 2044 4975; x_wconf 85' lang='lat' dir='ltr'><strong>hinc</strong></span> <span class='ocrx_word' id='word_1_829' title='bbox 2072 4922 2256 4992; x_wconf 89' lang='lat' dir='ltr'><strong>incipit</strong></span> <span class='ocrx_word' id='word_1_830' title='bbox 2281 4964 2297 4989; x_wconf 94' lang='lat'><strong>,</strong></span> <span class='ocrx_word' id='word_1_831' title='bbox 2324 4924 2614 4979; x_wconf 90' lang='lat' dir='ltr'><strong>ostendens</strong></span> <span class='ocrx_word' id='word_1_832' title='bbox 2635 4939 2697 4980; x_wconf 90' lang='lat' dir='ltr'><strong>se</strong></span> <span class='ocrx_word' id='word_1_833' title='bbox 2722 4940 2826 4980; x_wconf 91' lang='lat' dir='ltr'><strong>non</strong></span> <span class='ocrx_word' id='word_1_834' title='bbox 2855 4940 2991 4996; x_wconf 89' lang='lat' dir='ltr'><strong>opus</strong></span> <span class='ocrx_word' id='word_1_835' title='bbox 3037 4926 3236 4984; x_wconf 87' lang='lat' dir='ltr'><strong>habere</strong></span> <span class='ocrx_word' id='word_1_836' title='bbox 3271 4931 3393 4986; x_wconf 83' lang='lat' dir='ltr'><strong>aliis</strong></span> 
     </span>
    </p>
   </div>
   <div class='ocr_carea' id='block_1_108' title="bbox 1821 5011 3392 5091">
    <p class='ocr_par' dir='ltr' id='par_1_108' title="bbox 1821 5011 3392 5091">
     <span class='ocr_line' id='line_1_108' title="bbox 1821 5011 3392 5091; baseline 0.008 -27"><span class='ocrx_word' id='word_1_837' title='bbox 1821 5011 2042 5066; x_wconf 86' lang='lat' dir='ltr'><strong>testibus</strong></span> <span class='ocrx_word' id='word_1_838' title='bbox 2060 5053 2079 5079; x_wconf 91' lang='lat'><strong>,</strong></span> <span class='ocrx_word' id='word_1_839' title='bbox 2113 5013 2180 5067; x_wconf 88' lang='lat' dir='ltr'><strong>ad</strong></span> <span class='ocrx_word' id='word_1_840' title='bbox 2206 5013 2535 5082; x_wconf 87' lang='lat' dir='ltr'><strong>probandum</strong></span> <span class='ocrx_word' id='word_1_841' title='bbox 2564 5029 2625 5070; x_wconf 90' lang='lat' dir='ltr'><strong>se</strong></span> <span class='ocrx_word' id='word_1_842' title='bbox 2651 5030 2773 5070; x_wconf 85' lang='lat' dir='ltr'><strong>vera</strong></span> <span class='ocrx_word' id='word_1_843' title='bbox 2804 5015 2985 5072; x_wconf 87' lang='lat' dir='ltr'><strong>dicere</strong></span> <span class='ocrx_word' id='word_1_844' title='bbox 3009 5057 3026 5084; x_wconf 89' lang='lat'><strong>,</strong></span> <span class='ocrx_word' id='word_1_845' title='bbox 3051 5017 3144 5074; x_wconf 91' lang='lat' dir='ltr'><strong>sed</strong></span> <span class='ocrx_word' id='word_1_846' title='bbox 3173 5019 3237 5074; x_wconf 91' lang='lat' dir='ltr'><strong>iis</strong></span> <span class='ocrx_word' id='word_1_847' title='bbox 3263 5020 3392 5091; x_wconf 86' lang='lat' dir='ltr'><strong>ipsis</strong></span> 
     </span>
    </p>
   </div>
   <div class='ocr_carea' id='block_1_109' title="bbox 1820 5102 3389 5182">
    <p class='ocr_par' dir='ltr' id='par_1_109' title="bbox 1820 5102 3389 5182">
     <span class='ocr_line' id='line_1_109' title="bbox 1820 5102 3389 5182; baseline 0.006 -25"><span class='ocrx_word' id='word_1_848' title='bbox 1820 5102 1909 5173; x_wconf 91' lang='lat' dir='ltr'><strong>qui</strong></span> <span class='ocrx_word' id='word_1_849' title='bbox 1938 5114 2061 5158; x_wconf 90' lang='lat' dir='ltr'><strong>sunt</strong></span> <span class='ocrx_word' id='word_1_850' title='bbox 2089 5104 2320 5174; x_wconf 90' lang='lat' dir='ltr'><strong>decepti.</strong></span> <span class='ocrx_word' id='word_1_851' title='bbox 2352 5104 2423 5161; x_wconf 93' lang='lat' dir='ltr'><strong>Ut</strong></span> <span class='ocrx_word' id='word_1_852' title='bbox 2448 5114 2627 5161; x_wconf 91' lang='lat' dir='ltr'><strong>autem</strong></span> <span class='ocrx_word' id='word_1_853' title='bbox 2672 5106 2815 5177; x_wconf 89' lang='lat' dir='ltr'><strong>quod</strong></span> <span class='ocrx_word' id='word_1_854' title='bbox 2844 5107 2966 5164; x_wconf 89' lang='lat' dir='ltr'><strong>dico</strong></span> <span class='ocrx_word' id='word_1_855' title='bbox 3006 5110 3076 5165; x_wconf 92' lang='lat' dir='ltr'><strong>sit</strong></span> <span class='ocrx_word' id='word_1_856' title='bbox 3121 5113 3389 5182; x_wconf 88' lang='lat' dir='ltr'><strong>apertius,</strong></span> 
     </span>
    </p>
   </div>
   <div class='ocr_carea' id='block_1_110' title="bbox 1822 5195 3389 5270">
    <p class='ocr_par' dir='ltr' id='par_1_110' title="bbox 1822 5195 3389 5270">
     <span class='ocr_line' id='line_1_110' title="bbox 1822 5195 3389 5270; baseline 0.004 -19"><span class='ocrx_word' id='word_1_857' title='bbox 1822 5195 1890 5251; x_wconf 84' lang='lat' dir='ltr'><strong>de</strong></span> <span class='ocrx_word' id='word_1_858' title='bbox 1918 5204 2115 5250; x_wconf 69' lang='lat' dir='ltr'><strong>cmtero</strong></span> <span class='ocrx_word' id='word_1_859' title='bbox 2156 5210 2377 5251; x_wconf 85' lang='lat' dir='ltr'><strong>necesse</strong></span> <span class='ocrx_word' id='word_1_860' title='bbox 2408 5206 2488 5251; x_wconf 91' lang='lat' dir='ltr'><strong>est</strong></span> <span class='ocrx_word' id='word_1_861' title='bbox 2534 5196 2647 5266; x_wconf 91' lang='lat' dir='ltr'><strong>ipsa</strong></span> <span class='ocrx_word' id='word_1_862' title='bbox 2678 5198 2863 5254; x_wconf 89' lang='lat' dir='ltr'><strong>audire</strong></span> <span class='ocrx_word' id='word_1_863' title='bbox 2911 5200 3093 5255; x_wconf 89' lang='lat' dir='ltr'><strong>verba.</strong></span> <span class='ocrx_word' id='word_1_864' title='bbox 3135 5201 3389 5270; x_wconf 83' lang='lat' dir='ltr'><strong>Quaenam</strong></span> 
     </span>
    </p>
   </div>
   <div class='ocr_carea' id='block_1_111' title="bbox 1813 5286 3386 5365">
    <p class='ocr_par' dir='ltr' id='par_1_111' title="bbox 1813 5286 3386 5365">
     <span class='ocr_line' id='line_1_111' title="bbox 1813 5286 3386 5365; baseline 0.002 -22"><span class='ocrx_word' id='word_1_865' title='bbox 1813 5302 1941 5358; x_wconf 89' lang='lat' dir='ltr'><strong>ergo</strong></span> <span class='ocrx_word' id='word_1_866' title='bbox 1964 5301 2026 5342; x_wconf 88' lang='lat' dir='ltr'><strong>ea</strong></span> <span class='ocrx_word' id='word_1_867' title='bbox 2058 5288 2219 5341; x_wconf 82' lang='lat' dir='ltr'><strong>sunt?</strong></span> <span class='ocrx_word' id='word_1_868' title='bbox 2249 5286 2443 5342; x_wconf 86' lang='lat' dir='ltr'><strong>Notum</strong></span> <span class='ocrx_word' id='word_1_869' title='bbox 2472 5289 2607 5343; x_wconf 84' lang='lat' dir='ltr'><strong>vobis</strong></span> <span class='ocrx_word' id='word_1_870' title='bbox 2636 5290 2772 5359; x_wconf 83' lang='lat' dir='ltr'><strong>facio</strong></span> <span class='ocrx_word' id='word_1_871' title='bbox 2791 5331 2806 5357; x_wconf 94' lang='lat'><strong>,</strong></span> <span class='ocrx_word' id='word_1_872' title='bbox 2834 5295 3038 5362; x_wconf 76' lang='lat' dir='ltr'><strong>fratres,</strong></span> <span class='ocrx_word' id='word_1_873' title='bbox 3071 5296 3386 5365; x_wconf 83' lang='lat' dir='ltr'><strong>evangelium</strong></span> 
     </span>
    </p>
   </div>
   <div class='ocr_carea' id='block_1_112' title="bbox 1809 5379 3390 5458">
    <p class='ocr_par' dir='ltr' id='par_1_112' title="bbox 1809 5379 3390 5458">
     <span class='ocr_line' id='line_1_112' title="bbox 1809 5379 3390 5458; baseline 0.008 -26"><span class='ocrx_word' id='word_1_874' title='bbox 1809 5379 1946 5450; x_wconf 86' lang='lat' dir='ltr'><strong>quod</strong></span> <span class='ocrx_word' id='word_1_875' title='bbox 1976 5379 2247 5449; x_wconf 66' lang='lat' dir='ltr'><strong>pradicavi</strong></span> <span class='ocrx_word' id='word_1_876' title='bbox 2292 5380 2448 5434; x_wconf 88' lang='lat' dir='ltr'><strong>vobis.</strong></span> <span class='ocrx_word' id='word_1_877' title='bbox 2480 5380 2729 5437; x_wconf 76' lang='lat' dir='ltr'><strong>Vidistiu&#39;</strong></span> <span class='ocrx_word' id='word_1_878' title='bbox 2767 5398 2887 5439; x_wconf 90' lang='lat' dir='ltr'><strong>cum</strong></span> <span class='ocrx_word' id='word_1_879' title='bbox 2933 5394 3131 5455; x_wconf 89' lang='lat' dir='ltr'><strong>quanta</strong></span> <span class='ocrx_word' id='word_1_880' title='bbox 3172 5386 3390 5458; x_wconf 85' lang='lat' dir='ltr'><strong>incipiat</strong></span> 
     </span>
    </p>
   </div>
   <div class='ocr_carea' id='block_1_113' title="bbox 1812 5470 3388 5545">
    <p class='ocr_par' dir='ltr' id='par_1_113' title="bbox 1812 5470 3388 5545">
     <span class='ocr_line' id='line_1_113' title="bbox 1812 5470 3388 5545; baseline 0.006 -21"><span class='ocrx_word' id='word_1_881' title='bbox 1812 5470 2067 5525; x_wconf 76' lang='lat' dir='ltr'><strong>lenitate?</strong></span> <span class='ocrx_word' id='word_1_882' title='bbox 2115 5470 2346 5525; x_wconf 83' lang='lat' dir='ltr'><strong>vidistin’</strong></span> <span class='ocrx_word' id='word_1_883' title='bbox 2391 5472 2658 5542; x_wconf 92' lang='lat' dir='ltr'><strong>quomodo</strong></span> <span class='ocrx_word' id='word_1_884' title='bbox 2703 5474 2950 5529; x_wconf 90' lang='lat' dir='ltr'><strong>ostendat</strong></span> <span class='ocrx_word' id='word_1_885' title='bbox 2993 5475 3062 5531; x_wconf 93' lang='lat' dir='ltr'><strong>ab</strong></span> <span class='ocrx_word' id='word_1_886' title='bbox 3109 5476 3280 5545; x_wconf 91' lang='lat' dir='ltr'><strong>initio,</strong></span> <span class='ocrx_word' id='word_1_887' title='bbox 3329 5496 3388 5534; x_wconf 86' lang='lat' dir='ltr'><strong>se</strong></span> 
     </span>
    </p>
   </div>
   <div class='ocr_carea' id='block_1_114' title="bbox 1821 5564 3387 5639">
    <p class='ocr_par' dir='ltr' id='par_1_114' title="bbox 1821 5564 3387 5639">
     <span class='ocr_line' id='line_1_114' title="bbox 1821 5564 3387 5639; baseline 0.004 -20"><span class='ocrx_word' id='word_1_888' title='bbox 1821 5564 1952 5619; x_wconf 90' lang='lat' dir='ltr'><strong>nihil</strong></span> <span class='ocrx_word' id='word_1_889' title='bbox 1985 5577 2178 5619; x_wconf 88' lang='lat' dir='ltr'><strong>novqu</strong></span> <span class='ocrx_word' id='word_1_890' title='bbox 2216 5578 2315 5620; x_wconf 91' lang='lat' dir='ltr'><strong>uec</strong></span> <span class='ocrx_word' id='word_1_891' title='bbox 2354 5567 2694 5637; x_wconf 84' lang='lat' dir='ltr'><strong>peregrinum</strong></span> <span class='ocrx_word' id='word_1_892' title='bbox 2726 5567 3103 5624; x_wconf 87' lang='lat' dir='ltr'><strong>introducere?</strong></span> <span class='ocrx_word' id='word_1_893' title='bbox 3140 5570 3270 5624; x_wconf 87' lang='lat' dir='ltr'><strong>Nam</strong></span> <span class='ocrx_word' id='word_1_894' title='bbox 3297 5573 3387 5639; x_wconf 84' lang='lat' dir='ltr'><strong>qui</strong></span> 
     </span>
    </p>
   </div>
   <div class='ocr_carea' id='block_1_115' title="bbox 1811 5653 3387 5732">
    <p class='ocr_par' dir='ltr' id='par_1_115' title="bbox 1811 5653 3387 5732">
     <span class='ocr_line' id='line_1_115' title="bbox 1811 5653 3387 5732; baseline 0.004 -22"><span class='ocrx_word' id='word_1_895' title='bbox 1811 5666 1996 5710; x_wconf 89' lang='lat' dir='ltr'><strong>notum</strong></span> <span class='ocrx_word' id='word_1_896' title='bbox 2046 5653 2171 5711; x_wconf 77' lang='lat' dir='ltr'><strong>iacit</strong></span> <span class='ocrx_word' id='word_1_897' title='bbox 2215 5654 2268 5711; x_wconf 92' lang='lat' dir='ltr'><strong>id</strong></span> <span class='ocrx_word' id='word_1_898' title='bbox 2315 5656 2456 5727; x_wconf 91' lang='lat' dir='ltr'><strong>quod</strong></span> <span class='ocrx_word' id='word_1_899' title='bbox 2498 5657 2608 5727; x_wconf 90' lang='lat' dir='ltr'><strong>jam</strong></span> <span class='ocrx_word' id='word_1_900' title='bbox 2639 5669 2824 5715; x_wconf 91' lang='lat' dir='ltr'><strong>notum</strong></span> <span class='ocrx_word' id='word_1_901' title='bbox 2868 5659 3042 5716; x_wconf 85' lang='lat' dir='ltr'><strong>luerat</strong></span> <span class='ocrx_word' id='word_1_902' title='bbox 3084 5670 3139 5716; x_wconf 93' lang='lat' dir='ltr'><strong>et</strong></span> <span class='ocrx_word' id='word_1_903' title='bbox 3165 5662 3302 5732; x_wconf 88' lang='lat' dir='ltr'><strong>quod</strong></span> <span class='ocrx_word' id='word_1_904' title='bbox 3334 5668 3387 5717; x_wconf 84' lang='lat' dir='ltr'><strong>in</strong></span> 
     </span>
    </p>
   </div>
   <div class='ocr_carea' id='block_1_116' title="bbox 1810 5747 3382 5819">
    <p class='ocr_par' dir='ltr' id='par_1_116' title="bbox 1810 5747 3382 5819">
     <span class='ocr_line' id='line_1_116' title="bbox 1810 5747 3382 5819; baseline 0.004 -15"><span class='ocrx_word' id='word_1_905' title='bbox 1810 5747 2134 5804; x_wconf 79' lang='lat' dir='ltr'><strong>oblivionem</strong></span> <span class='ocrx_word' id='word_1_906' title='bbox 2164 5757 2400 5819; x_wconf 86' lang='lat' dir='ltr'><strong>venerat,</strong></span> <span class='ocrx_word' id='word_1_907' title='bbox 2431 5765 2618 5808; x_wconf 85' lang='lat' dir='ltr'><strong>rursus</strong></span> <span class='ocrx_word' id='word_1_908' title='bbox 2647 5751 2697 5807; x_wconf 91' lang='lat' dir='ltr'><strong>id</strong></span> <span class='ocrx_word' id='word_1_909' title='bbox 2728 5751 2783 5808; x_wconf 85' lang='lat' dir='ltr'><strong>in</strong></span> <span class='ocrx_word' id='word_1_910' title='bbox 2807 5753 3122 5810; x_wconf 85' lang='lat' dir='ltr'><strong>memoriam</strong></span> <span class='ocrx_word' id='word_1_911' title='bbox 3155 5751 3382 5811; x_wconf 78' lang='lat' dir='ltr'><strong>reducit.</strong></span> 
     </span>
    </p>
   </div>
  </div>
