3802 6214
413 293 518 352 ἒὲδ

410 411 545 465 Cum
571 413 748 462 autem
777 400 986 459 vocavit
1009 400 1222 461 fratres,
1252 398 1374 451 hinc
1401 408 1610 465 quoque
1629 407 1732 446 non
1759 405 1974 460 parvam

411 498 671 572 prmmisit
695 490 1206 552 demonstrationem
1229 501 1414 542 eorum
1441 500 1557 555 qua:
1579 482 1843 537 dicuntur.
1868 479 1982 534 Non

411 590 626 646 aliunde
655 588 797 643 enim
831 582 950 639 facti
983 597 1168 636 sumus
1215 580 1443 640 fratres,
1496 591 1653 646 quam
1685 589 1751 628 ex
1787 571 1984 626 Christi

412 681 706 738 secundum
735 693 950 734 carnem
995 671 1415 743 dispensatione.
1469 668 1754 736 Propterea
1787 680 1879 718 eos
1909 663 1987 716 sic

413 780 624 830 vocavit
647 817 661 838 ,
691 773 848 828 simul
896 768 1108 839 quidem
1139 779 1232 820 eos
1270 764 1475 818 leniens
1503 776 1567 815 ac
1618 758 1863 827 mitigans
1885 797 1900 821 ,
1932 763 1987 810 et

416 870 554 924 bona
585 853 988 920 innumerabilia
1039 859 1167 929 ipsis
1193 857 1244 910 in
1278 852 1587 909 memoriam
1617 864 1892 905 revocans.
1921 847 1989 900 Et

413 960 553 1030 quod
578 959 829 1024 deinceps
861 953 1123 1021 sequitur.
1152 931 1253 1002 hoc
1281 948 1452 1017 ipsum
1494 943 1794 998 conﬁrmat.
1826 938 1988 1006 Quid-

415 1069 536 1108 nam
578 1051 678 1104 hoc
714 1048 840 1104 est?
870 1045 1235 1114 Evangelium.
1285 1038 1554 1106 Evangelii
1586 1036 1729 1090 enim
1777 1047 1985 1088 summa

417 1152 542 1200 tunc
567 1141 764 1211 accipit
806 1141 1016 1194 initium
1042 1178 1056 1200 ,
1099 1134 1240 1206 quod
1268 1134 1407 1187 Deus
1436 1129 1606 1184 factus
1632 1129 1702 1182 sit
1728 1127 1907 1190 homo,
1934 1133 1988 1179 et

415 1237 561 1290 cruci
593 1235 786 1287 afﬁxus
817 1230 1012 1292 fuerit,
1043 1237 1098 1282 et
1127 1223 1502 1280 resurrexerit.
1539 1221 1650 1274 Hoc
1677 1227 1733 1273 et
1771 1215 1984 1272 Gabriel

415 1325 752 1382 annuntiavit
777 1322 1011 1392 Virgini;
1039 1322 1137 1374 hoc
1165 1327 1218 1372 et
1247 1314 1519 1386 prophetae
1552 1313 1645 1366 toti
1669 1311 1785 1366 orbi
1819 1318 1990 1364 terra-

416 1436 578 1487 rum;
612 1419 712 1475 hnc
742 1417 902 1471 etiam
932 1426 1118 1468 omnes
1157 1409 1404 1480 apostoli.
1450 1404 1600 1472 Quod
1629 1412 1676 1456 et
1720 1399 1990 1469 prwdicavi

415 1516 572 1576 vobis,
603 1511 738 1580 quod
763 1520 808 1564 et
834 1507 1114 1575 accepistis,
1145 1504 1195 1556 in
1239 1517 1337 1571 quo
1366 1509 1414 1553 et
1442 1499 1614 1563 statis,
1643 1495 1698 1549 2.
1745 1510 1832 1565 per
1858 1491 1990 1562 quod

416 1620 462 1662 et
492 1604 779 1664 salvantini,
807 1617 907 1673 qua
933 1598 1130 1652 ratione
1159 1592 1542 1664 pradicaverim
1585 1589 1745 1652 vobis,
1774 1587 1818 1640 si
1857 1595 1992 1639 tene-

417 1703 501 1762 tis.
533 1699 630 1752 nisi
658 1697 850 1765 frustra
877 1690 1179 1746 credidistis.
1218 1684 1458 1740 Vidistiu’
1489 1679 1757 1751 quomodo
1781 1692 1874 1731 eos
1899 1692 1993 1729 vo-

414 1801 502 1846 cat
545 1797 709 1845 testes
750 1801 937 1842 eorum
966 1798 1088 1854 qua:
1130 1779 1272 1835 dicta
1303 1787 1424 1832 sunt
1443 1776 1465 1828 ?
1509 1774 1624 1829 Non
1661 1773 1830 1828 dicit:
1862 1769 1992 1837 Qua:

415 1883 713 1945 audivistis,
758 1879 876 1941 sed,
911 1877 1039 1944 Qum
1070 1871 1351 1944 accepistis,
1384 1869 1454 1924 ab
1483 1869 1561 1923 eis
1597 1866 1814 1935 exigens
1852 1870 1991 1916 tam-

415 1992 572 2047 quam
618 1971 833 2043 aliquod
861 1969 1164 2037 depositum
1189 2005 1206 2030 ,
1239 1973 1294 2018 et
1339 1959 1641 2031 signiﬁcans
1667 1998 1684 2024 ,
1713 1954 1854 2025 quod
1885 1967 1990 2047 non

360 2137 363 2140 _
416 2045 588 2127 solum
617 2080 886 2127 sermone,
916 2062 1008 2117 sed
1034 2072 1088 2115 et
1119 2057 1272 2114 factis
1299 2063 1355 2110 et
1382 2053 1548 2124 signis
1570 2059 1624 2105 et
1649 2047 1915 2103 miraculis
1940 2045 1992 2100 id

418 2162 742 2233 acceperint,
772 2166 828 2214 et
851 2168 906 2211 ut
936 2171 998 2211 ea
1030 2163 1145 2208 tuto
1179 2155 1414 2205 teneant.

487 2258 542 2310 2.
580 2252 778 2308 Deinde
805 2257 1083 2320 pnstquam
1111 2242 1244 2297 dixit
1290 2247 1472 2294 vetera
1501 2277 1515 2298 .
1549 2244 1758 2303 tempus
1785 2244 1996 2302 quoque

422 2363 661 2420 prmsens
686 2341 975 2399 declaravit
1000 2337 1184 2392 dicens
1215 2353 1228 2388 :
1257 2331 1438 2402 Inquo
1467 2337 1514 2380 et
1537 2326 1716 2389 statis;
1737 2338 1831 2378 eos
1858 2335 1992 2391 pra:-

425 2417 717 2509 reettpans,
753 2443 810 2488 ut
837 2447 904 2487 ne
933 2427 1138 2486 etiamsi
1169 2425 1398 2480 maxime
1420 2421 1639 2481 vellent,
1663 2417 1869 2488 possint
1897 2428 1994 2468 ne-

421 2503 578 2605 gare:
605 2529 669 2583 Et
717 2527 838 2581 ideo
881 2522 1140 2590 incipiens
1187 2533 1291 2571 non
1319 2513 1473 2573 dixit,
1519 2511 1624 2564 Vos
1649 2508 1850 2573 doceo,
1880 2503 1995 2571 sed,

424 2597 620 2679 Notum
645 2619 781 2672 vobis
810 2612 940 2688 facio
968 2655 982 2678 ,
1006 2612 1058 2665 id
1085 2606 1224 2679 quod
1249 2607 1359 2674 jam
1389 2604 1584 2658 factum
1621 2608 1724 2655 est.
1765 2597 1834 2652 Et
1863 2609 1997 2666 quo-

423 2715 585 2772 modo
613 2727 706 2767 eos
737 2710 824 2780 qui
852 2704 1175 2761 vacillabaut
1203 2701 1332 2755 dicit
1360 2696 1544 2752 stare?
1575 2693 1787 2749 Utiliter
1806 2705 1916 2760 ι)τώ
1939 2705 1999 2744 se

423 2807 531 2865 fert
556 2802 942 2876 ignorationem
971 2815 986 2850 :
1020 2796 1158 2868 quod
1207 2791 1419 2863 quidem
1458 2788 1584 2842 facit
1610 2787 1772 2840 etiam
1799 2783 1865 2837 ad
1896 2782 2000 2837 Ga-

424 2901 580 2961 latas,
609 2895 702 2951 sed
724 2909 827 2949 non
851 2891 1114 2948 similiter.
1146 2885 1276 2940 Nam
1303 2881 1552 2953 quoniam
1582 2879 1692 2933 illic
1718 2893 1822 2930 non
1846 2885 1998 2944 pote-

427 3002 510 3047 rat
539 2986 884 3060 ignorantiam
902 2997 1009 3053 pra!
1034 2995 1091 3033 se
1117 2979 1254 3032 ferre
1272 3017 1287 3040 ,
1315 2974 1415 3027 alia
1440 2971 1645 3024 ratione
1670 2977 1858 3022 trama!
1883 2982 2002 3019 ora-

425 3056 645 3146 tionem,
663 3079 847 3133 dicens
866 3093 880 3130 :
899 3072 1111 3142 Con/ida
1128 3079 1294 3123 autem
1314 3068 1367 3119 iu
1388 3064 1522 3118 vobis
1542 3063 1596 3115 in
1613 3061 1852 3124 Domino,
1869 3056 2002 3125 quod

427 3174 554 3230 nihil
600 3171 741 3225 aliud
787 3168 1007 3222 sentietis
1038 3165 1058 3234 (
1087 3160 1203 3217 Gal.
1232 3160 1285 3216 5.
1329 3156 1469 3227 10).
1500 3153 1614 3209 Non
1651 3151 1822 3207 dixit:
1849 3149 2001 3216 Quod

408 3269 558 3326 nihil
606 3263 746 3320 aliud
791 3259 1077 3320 sensistis;
1124 3254 1376 3325 quoniam
1425 3262 1610 3304 eorum
1651 3245 1905 3300 delictum
1950 3243 2002 3296 in

427 3359 674 3419 confesso
717 3363 833 3410 erat
876 3361 930 3407 et
971 3348 1212 3408 evidens.
1259 3343 1354 3399 sed
1397 3339 1624 3411 spondet
1665 3339 1732 3392 de
1779 3336 2000 3390 futuro:

428 3464 749 3522 quamquam
789 3445 892 3500 hoc
917 3454 1129 3512 quoque
1172 3445 1288 3492 erat
1329 3434 1634 3495 incertum;
1661 3429 1756 3484 sed
1807 3438 1864 3482 ut
1891 3426 2007 3481 illos

432 3519 600 3616 magis
642 3540 956 3598 attraheret.
987 3535 1085 3591 llic
1127 3542 1303 3586 autem
1356 3529 1513 3583 etiam
1545 3539 1658 3594 pra:
1702 3537 1760 3578 se
1805 3519 1906 3575 fert
1949 3533 2008 3573 se

435 3615 684 3708 ignorare
713 3635 896 3688 dicens
931 3648 944 3684 :
970 3627 1034 3681 In
1062 3640 1160 3694 quo
1189 3633 1233 3677 et
1262 3621 1427 3676 statis.
1462 3615 1664 3672 Deinde
1692 3615 1896 3668 lucrum
1923 3626 2008 3665 se-

433 3706 633 3804 quitur,
670 3727 769 3781 Per
797 3724 933 3794 quod
962 3730 1008 3775 et
1028 3716 1294 3774 salvamini
1318 3731 1334 3768 :
1359 3729 1456 3783 qua
1478 3711 1671 3764 ratione
1696 3706 2006 3779 praedicam

435 3800 533 3880 rint
559 3823 716 3878 vobis.
763 3813 1120 3886 Quamobrem
1154 3809 1271 3862 inec
1299 3804 1538 3858 doctrina
1565 3800 1719 3855 vobis
1763 3811 1902 3852 nunc
1927 3803 2009 3849 est

435 3911 814 3972 declarationis
840 3917 892 3964 et
923 3899 1400 3973 interpretationis.
1432 3895 1544 3950 Non
1574 3893 1716 3948 enim
1745 3905 1900 3961 opus,
1929 3889 2011 3942 iu-

436 4011 570 4082 quit,
601 4004 808 4062 habetis
840 4009 897 4054 ut
926 3999 1028 4052 hoc
1056 3996 1245 4064 dogma
1287 3988 1527 4046 discatis.
1554 3984 1646 4041 sed
1675 3993 1732 4038 ut
1757 3981 2010 4039 recorde-

440 4073 568 4156 mini
619 4108 674 4152 et
710 4088 1070 4162 corrigamini.
1116 4086 1242 4140 Ηιιεθ
1275 4091 1452 4135 autem
1489 4077 1637 4143 dicit,
1683 4091 1788 4130 non
1829 4073 2012 4128 sitiens

437 4198 583 4264 ipsos
614 4205 735 4247 esse
762 4184 1116 4256 impudentes.
1140 4176 1275 4245 Quid
1301 4174 1400 4228 sibi
1423 4172 1535 4226 vult
1560 4180 1759 4232 autem,
1794 4168 1908 4234 Qua
1936 4183 2013 4218 ra-

437 4257 573 4342 tione
620 4276 1000 4354 prazdiaaverim
1053 4269 1227 4325 vobis?
1265 4268 1381 4332 Quo
1428 4261 1608 4325 modo.
1655 4260 1856 4330 inquit,
1905 4257 2013 4311 dixi

439 4379 554 4436 fieri
581 4353 1053 4432 resurrectionem.
1086 4360 1218 4416 Nam
1249 4356 1392 4429 quod
1420 4355 1490 4410 sit
1515 4353 1727 4424 quidem
1773 4363 2014 4405 resurre-

437 4475 567 4537 ctio,
594 4485 699 4524 non
730 4461 957 4520 dixerim
987 4472 1082 4511 vos
1107 4454 1351 4509 dubitare
1382 4447 1663 4518 :‘quaeritis
1693 4452 1873 4497 autem
1902 4435 2020 4494 for;

441 4531 582 4622 tasse
607 4555 843 4630 apertius
869 4551 1009 4607 scire
1035 4546 1177 4618 quod
1220 4544 1417 4621 dictum
1445 4548 1548 4594 est.
1593 4537 1706 4592 Hoc
1742 4535 1903 4589 etiam
1937 4531 2016 4586 fa-

439 4660 578 4715 ciam
609 4623 855 4720 :Iaperte
892 4643 1034 4699 enim
1082 4639 1194 4694 scio
1221 4650 1318 4690 vos
1347 4633 1538 4703 dogma
1578 4640 1782 4684 tenere.
1815 4623 2017 4681 Deinde

443 4733 1027 4820 quoniamenuntians
1077 4727 1308 4789 dicebat,
1360 4722 1424 4777 In
1463 4737 1561 4793 quo
1616 4719 1794 4782 statis;
1839 4732 1906 4771 ne
1953 4731 2017 4770 ea
2055 4770 2069 4777 __

441 4809 646 4893 ratione
687 4846 780 4886 eos
824 4823 1071 4880 redderet
1109 4815 1446 4874 socordiores
1487 4821 1542 4868 et
1570 4809 2011 4881 negligentiores,

445 4931 566 4985 illos
596 4939 782 4980 rursus
805 4925 970 4973 terret
1004 4913 1212 4974 dicens,
1245 4909 1305 4963 Si
1334 4905 1529 4965 tenetis,
1560 4903 1658 4956 nisi
1698 4905 1886 4973 {rus'ra
1910 4916 2019 4954 cre-

449 5020 680 5083 didistis;
706 5012 996 5069 ostendens
1018 5007 1159 5078 quod
1191 5007 1245 5059 in
1273 5002 1442 5070 capite
1470 4998 1587 5052 fidei
1619 5003 1833 5064 accepta
1860 4993 2020 5047 fuerit

454 5115 606 5183 plaga
633 5148 649 5170 ,
681 5119 851 5174 neque
882 5109 1067 5170 agatur
1107 5096 1174 5151 de
1206 5090 1528 5164 quibuslibet
1575 5086 1787 5183 obviis,
1834 5084 1927 5183 sed
1953 5083 2020 5183 de

447 5172 572 5259 t'otav
598 5172 778 5266 atque
806 5195 1004 5260 integra
1032 5187 1157 5241 ﬁde.
1209 5185 1275 5238 Et
1320 5197 1457 5236 nunc
1498 5177 1711 5248 quidem
1757 5174 1859 5229 hoc
1894 5172 2023 5228 dicit

449 5295 722 5371 pressius;
775 5285 1070 5358 procedens
1110 5291 1286 5333 autem
1315 5287 1512 5332 etcum
1544 5273 1759 5327 incaluit
1789 5312 1804 5336 ,
1835 5280 2022 5339 aperto

451 5363 706 5455 deinceps
733 5379 907 5450 capite
933 5373 1254 5430 vociferatur
1279 5379 1332 5424 et
1361 5365 1484 5421 dicit
1519 5382 1532 5417 :
1570 5365 1629 5419 Si
1661 5363 1890 5417 Christus
1921 5377 2022 5414 non

450 5481 746 5540 resurrexit,
789 5472 956 5527 inanis
997 5477 1070 5523 est
1095 5466 1266 5533 utique
1304 5461 1595 5533 prwdicatio
1625 5467 1828 5521 nostra,
1857 5457 2024 5510 inanis

449 5590 522 5634 cst
550 5576 699 5629 etiam
721 5568 846 5639 fides
877 5572 1040 5619 vestra
1064 5602 1079 5626 ,
1112 5557 1286 5612 adhuc
1308 5554 1436 5609 estis
1468 5553 1519 5606 in
1543 5549 1774 5621 peccatis
1805 5549 2020 5603 vestris.

451 5669 556 5725 Sed
586 5682 690 5721 non
719 5664 797 5717 sic
823 5660 879 5714 in
924 5651 1195 5728 prooemiis
1222 5665 1235 5702 :
1265 5648 1342 5703 sic
1370 5645 1510 5701 enim
1556 5641 1871 5712 expediebat
1894 5655 2019 5694 seno

450 5763 551 5817 sim
590 5767 646 5815 et
687 5751 940 5829 paulatim
973 5743 1237 5821 progredi.
1282 5741 1337 5798 5.
1379 5735 1591 5794 Tradidi
1632 5736 1763 5790 enim
1804 5733 1939 5788 vobis
1968 5732 2020 5784 in

1105 281 1160 340 s.
1197 277 1472 338 JOANNIS
1506 257 1972 334 cimvsosrom
2010 273 2324 332 ARCIIIEP.
2363 272 2892 333 cossrsnrmor.

3573 277 3669 332 ειι

2091 389 2268 463 primis
2294 391 2426 459 quod
2469 402 2514 445 et
2543 393 2733 460 accepi.
2767 391 2876 447 Nec
2907 392 2992 446 hic
3013 392 3145 447 dixit
3176 410 3190 447 :
3215 391 3385 447 Vobis
3417 391 3556 454 dixi,
3584 410 3667 445 ue-

2088 499 2211 554 que,
2262 484 2366 539 Vos
2413 486 2587 551 docui,
2639 485 2734 540 sed
2782 485 3024 540 eamdem
3069 500 3258 541 rursus
3307 498 3443 539 usus
3485 494 3569 538 est
3595 483 3668 536 di-

2089 576 2267 630 ctione
2299 591 2314 630 :
2345 574 2559 630 Tradidi
2588 577 2724 630 vobis
2744 576 2878 646 quod
2908 585 2955 629 et
2984 578 3178 647 accepi.
3211 576 3400 647 Neque
3445 574 3538 629 hic
3558 574 3672 629 didt

2090 680 2150 721 se
2175 666 2418 721 edoctum
2459 666 2623 722 fuisse
2647 708 2662 735 ,
2695 666 2787 722 sed
2816 708 2831 732 ,
2861 667 3046 735 Accepi
3063 683 3083 730 ;
3121 666 3236 722 haec
3259 666 3373 720 duo
3420 664 3698 735 probans"

2090 757 2231 827 quod
2279 768 2332 812 et
2377 757 2507 812 nihil
2555 773 2621 813 ex
2664 774 2723 813 se
2767 757 2959 812 afferre
2994 766 3262 828 Oporteat,
3309 767 3367 812 et
3410 755 3568 826 quod
3595 772 3676 824 per

2091 865 2311 919 operum
2358 851 2868 904 demonstrationem
2909 849 3035 905 facti
3076 851 3185 904 sint
3226 849 3548 911 certiores,
3577 863 3674 900 non

2091 940 2249 995 nudis
2304 941 2482 996 verbis
2513 959 2526 995 :
2559 951 2614 994 et
2644 941 2897 1011 paulatim
2929 941 3030 995 fide
3067 941 3284 1012 dignam
3331 939 3549 994 faciens
3572 953 3677 992 on-

2092 1033 2312 1093 tiooem.
2336 1033 2642 1087 universum
2673 1033 2880 1087 reducit
2907 1034 2971 1086 ad
3003 1031 3270 1086 Christum
3301 1072 3317 1088 .
3349 1041 3407 1085 et
3442 1032 3680 1082 ostendit

2089 1138 2155 1178 ex
2188 1123 2272 1178 his
2300 1124 2631 1178 documentis
2674 1125 2875 1178 nullum
2900 1139 3020 1179 esse
3049 1126 3370 1178 humanum.
3431 1122 3583 1188 Quid
3611 1132 3684 1176 est

2091 1227 2290 1282 autem,
2319 1216 2533 1270 Tradidi
2559 1217 2691 1272 enim
2718 1219 2854 1272 vobis
2878 1219 2933 1271 in
2964 1217 3180 1286 primis?
3203 1216 3314 1270 Hoc
3346 1226 3462 1276 est.
3494 1215 3567 1268 ab
3598 1216 3685 1267 ini-

2092 1308 2189 1371 tio,
2233 1322 2340 1362 non
2371 1323 2533 1362 nunc.
2583 1308 2708 1363 llmc
2750 1317 2928 1362 autem
2955 1308 3125 1375 dicit,
3161 1317 3379 1378 tempus
3408 1306 3687 1361 adducens

2092 1400 2146 1455 in
2177 1400 2541 1455 testimonium
2567 1442 2583 1466 ,
2613 1411 2667 1454 et
2687 1401 2828 1470 quod
2858 1401 3090 1455 maxime
3135 1410 3281 1454 esset
3331 1399 3684 1468 pudendam.

2095 1507 2216 1546 cum
2244 1500 2447 1546 tantum
2481 1501 2690 1562 tempus
2739 1491 3124 1556 credidissent,
3158 1491 3278 1545 illos
3309 1490 3688 1545 transmutari.

2091 1585 2202 1642 Nec
2226 1585 2328 1640 hoc
2355 1585 2551 1650 solum,
2585 1585 2679 1640 sed
2709 1584 2869 1640 etiam
2896 1585 3086 1655 dogma
3116 1600 3235 1640 esse
3265 1585 3684 1644 necessarium;

2093 1687 2148 1732 et
2195 1675 2314 1732 ideo
2352 1676 2404 1731 in
2449 1677 2634 1748 primis
2679 1676 2775 1731 fuit
2816 1675 3087 1739 traditum,
3141 1686 3194 1730 et
3222 1676 3409 1730 statim
3452 1690 3488 1728 a
3544 1675 3685 1742 priu-

2091 1767 2252 1836 cipio.
2284 1767 2349 1821 Et
2389 1766 2516 1837 quid
2543 1809 2558 1830 .
2590 1767 2677 1822 die
2702 1767 2925 1822 obsecro
2946 1809 2962 1832 ,
2992 1765 3254 1820 tradidisti
3274 1767 3300 1818 τ
3330 1768 3401 1820 At
3441 1781 3560 1818 non
3594 1766 3685 1819 hoc

2094 1859 2271 1912 statim
2297 1857 2447 1925 dicit,
2468 1858 2562 1914 sed
2588 1858 2840 1928 primum,
2863 1873 2923 1914 se
2949 1861 3240 1928 accepisse.
3269 1857 3339 1912 Et
3366 1857 3509 1928 quid
3536 1871 3685 1911 acce-

2093 1951 2256 2022 pisti?
2285 1949 2433 2016 Quod
2459 1949 2689 2006 Christus
2722 1961 2954 2004 mortuus
2979 1958 3050 2003 est
3075 1965 3168 2019 pro
3207 1951 3429 2020 peccatis
3478 1949 3678 2002 nostis.

2094 2041 2210 2097 Non
2237 2042 2418 2096 statim
2459 2041 2594 2096 dixit
2617 2083 2633 2107 ,
2667 2041 3008 2096 Resurrectio
3035 2050 3119 2095 est
3145 2055 3437 2109 corporum
3471 2053 3684 2094 nostro-

2095 2150 2239 2200 rum,
2267 2135 2361 2190 sed
2391 2135 2494 2189 hoc
2518 2135 2692 2204 ipsum
2741 2134 2954 2204 quidem
2985 2133 3194 2203 probat.
3223 2148 3411 2187 verum
3437 2149 3508 2186 re
3539 2136 3684 2202 lnge

2101 2225 2375 2294 petita,tet
2398 2238 2496 2293 per
2519 2225 2645 2288 alia,
2682 2223 2888 2287 dicens,
2922 2223 3151 2277 Christus
3175 2233 3247 2278 est
3280 2235 3524 2276 mortuas
3544 2239 3566 2287 ;
3584 2240 3684 2276 ιυ-

2096 2333 2282 2388 gnum,
2311 2317 2521 2371 ﬁrmum
2551 2332 2614 2370 ac
2642 2317 2831 2372 stabile
2860 2316 3260 2371 fitndamentum
3291 2319 3444 2387 prius
3483 2319 3685 2386 iaciens

2097 2409 2216 2479 ejus
2257 2408 2399 2479 quod
2443 2417 2527 2464 est
2568 2408 2850 2464 dicendum
2896 2408 2963 2464 de
3009 2409 3424 2464 resurrectione.
3495 2407 3677 2478 Neque

2098 2503 2241 2559 enim
2268 2499 2605 2557 solummodo
2625 2499 2761 2555 dixit
2785 2519 2797 2554 :
2820 2498 3064 2555 Christus
3092 2509 3176 2554 est
3195 2507 3468 2562 mortuus,
3497 2501 3683 2553 etiam-

2099 2595 2146 2651 si
2173 2596 2277 2650 hoc
2303 2595 2431 2650 satis
2461 2603 2605 2649 esset
2628 2593 2694 2648 ad
2740 2593 3144 2664 signiﬁcandam
3186 2592 3682 2654 resurreCtionem,

2101 2687 2196 2744 sed
2222 2703 2344 2742 cum
2371 2685 2673 2755 adjectione
2697 2727 2712 2752 ,
2740 2686 2973 2740 Christus
2988 2696 3061 2741 est
3087 2695 3313 2740 mortuus
3343 2701 3440 2756 pro
3463 2697 3684 2754 peccetis

2101 2780 2307 2834 nostris.

2115 2894 2119 2898 ί
2175 2873 2365 2926 Contra
2395 2870 2726 2927 Manicha‘os.
2753 2899 2823 2912 -—-
2851 2871 3090 2926 Primum
3127 2879 3306 2925 autem
3352 2884 3547 2939 opera:
3572 2884 3684 2940 pre-

2101 2967 2234 3022 tium
2264 2977 2346 3021 est
2397 2963 2582 3020 audire
2621 2963 2748 3033 quid
2776 2963 2862 3018 hic
2887 2964 3068 3018 dicant
3091 2963 3182 3032 qui
3212 2961 3469 3017 laborant
3499 2963 3684 3016 btresi

2103 3059 2512 3114 Manichaeorum
2538 3098 2554 3124 ,
2592 3065 2649 3112 et
2675 3055 2918 3110 veritatis
2941 3055 3139 3109 inimici
3165 3094 3180 3120 ,
3211 3063 3268 3109 et
3295 3053 3391 3123 qui
3432 3067 3570 3108 cum
3593 3070 3682 3108 sua

2105 3161 2341 3224 pugnant
2377 3151 2568 3206 salute.
2597 3149 2735 3218 Quid
2761 3162 2890 3218 ergo
2915 3149 3100 3203 dicunt
3130 3147 3262 3204 isti?
3287 3146 3527 3201 Mortem
3553 3188 3573 3212 ,
3603 3147 3679 3200 in-

2105 3246 2294 3316 quiuut
2317 3286 2332 3312 ,
2359 3243 2446 3298 hic
2472 3242 2601 3298 nihil
2632 3241 2777 3297 aliud
2815 3241 2943 3296 dicit
2967 3241 3160 3296 Paulus
3184 3281 3199 3305 ,
3227 3255 3394 3311 quam
3422 3239 3601 3294 fuisse
3641 3240 3685 3291 in

2109 3337 2362 3408 peccatis,
2392 3344 2448 3391 et
2473 3333 2920 3390 resurrectionem
2944 3347 3063 3388 esse
3093 3333 3474 3388 liberationem
3509 3347 3541 3385 a
3570 3347 3676 3402 per.

2107 3429 2262 3482 catis.
2291 3426 2536 3480 Vidistin’
2562 3425 2830 3495 quomodo
2860 3438 3048 3479 errore
3084 3422 3214 3477 nihil
3241 3423 3312 3477 sit
3342 3423 3686 3483 imbecillius,

2107 3530 2163 3575 et
2195 3518 2464 3590 quomodo
2493 3518 2604 3573 suis
2633 3517 2874 3587 capiatur
2897 3517 3106 3586 pennis,
3135 3531 3312 3590 neque
3336 3526 3573 3570 externa
3607 3532 3692 3585 pa-

2109 3629 2210 3685 gna
2251 3629 2384 3682 opus
2430 3612 2520 3678 sit,
2572 3611 2664 3665 sed
2717 3626 2747 3664 a
2794 3612 2972 3681 seipse
3017 3609 3361 3680 conﬁgatur?
3400 3609 3691 3664 Considera

2109 3721 2238 3776 ergo
2273 3702 2541 3775 quomodo
2585 3703 2685 3772 ipsi
2729 3703 2938 3772 seipsos
2975 3703 3312 3758 conﬁxerunt
3359 3717 3462 3770 per
3488 3716 3558 3756 ea
3584 3715 3691 3770 qu:

2111 3799 2384 3852 dixerunt.
2408 3795 2464 3849 Si
2497 3796 2597 3849 hoc
2619 3795 2764 3849 enim
2791 3804 2873 3849 est
2895 3809 3060 3862 mors,
3086 3793 3327 3848 Christus
3353 3803 3546 3848 autem
3575 3807 3691 3846 cor-

2112 3904 2211 3959 pus
2237 3903 2342 3942 non
2367 3887 2592 3956 accepit,
2625 3895 2680 3940 ut
2718 3900 2815 3940 vos
2853 3887 3011 3939 vultis
3037 3925 3054 3952 ,
3084 3895 3325 3940 mortuus
3354 3894 3444 3938 est
3470 3893 3688 3937 autem:

2115 3983 2167 4036 iu
2205 3988 2422 4050 peccato
2467 3978 2610 4044 fuit,
2653 3976 2944 4033 secundum
2989 3991 3106 4032 vos.
3137 3975 3269 4030 Nam
3326 3976 3692 4046 ego-quidem

2115 4073 2234 4128 dico
2279 4069 2420 4141 quod
2467 4084 2662 4139 corpus
2701 4068 3007 4138 acceperit,
3039 4077 3095 4123 et
3133 4075 3366 4120 mortem
3413 4065 3541 4118 dico
3583 4079 3693 4118 esse

2115 4163 2292 4218 carnis
2324 4180 2337 4216 :
2364 4172 2417 4215 tu
2445 4171 2622 4214 autem
2652 4159 2754 4214 hoc
2783 4173 2983 4230 negans
3002 4198 3018 4223 ,
3047 4156 3178 4211 illud
3211 4155 3528 4210 necessario
3554 4154 3694 4206 dicis

2117 4263 2351 4325 oportet.
2381 4252 2437 4308 Si
2479 4261 2658 4307 autem
2699 4251 2795 4304 fuit
2841 4250 2894 4304 in
2936 4259 3155 4319 peccato
3180 4290 3196 4312 ,
3227 4248 3503 4315 quomodo
3533 4247 3687 4300 dicit.

2121 4347 2251 4412 Quis
2285 4361 2348 4400 ex
2388 4343 2522 4400 vobis
2548 4354 2721 4414 arguet
2745 4358 2825 4396 me
2849 4341 2912 4395 de
2953 4351 3152 4412 peccato
3175 4338 3355 4410 (Joan.
3382 4339 3439 4395 8.
3473 4341 3567 4409 46)
3587 4339 3690 4396 ἳτι,

2133 4440 2277 4496 Venit
2308 4440 2540 4510 princeps
2571 4439 2723 4507 hujus
2749 4435 2924 4489 mundi
2949 4475 2966 4500 ,
2996 4443 3040 4488 et
3066 4435 3117 4487 in
3144 4449 3222 4486 me
3245 4449 3347 4487 non
3380 4433 3534 4486 habet
3559 4431 3695 4498 quid-

2121 4550 2273 4605 quam
2323 4530 2450 4605 (Id.
2491 4531 2578 4585 Η.
2627 4529 2774 4596 30);
2822 4536 2878 4582 et
2906 4542 3089 4581 rursus
3117 4568 3132 4591 ,
3179 4524 3268 4580 Sic
3298 4541 3394 4577 nos
3425 4526 3568 4578 decet
3609 4524 3694 4574 isn-

2123 4625 2261 4696 plere
2287 4638 2487 4679 omnem
2503 4622 2757 4691 justitiam
2786 4618 2804 4690 (
2828 4617 3016 4672 Matth.
3045 4621 3100 4672 ὃ.
3134 4617 3202 4672 15
3221 4618 3266 4687 ).
3296 4613 3586 4684 Quomodo
3611 4630 3695 4666 as-

2125 4728 2229 4772 tem
2257 4723 2342 4770 est
2370 4713 2587 4768 omnino
2636 4721 2877 4766 mortuus
2919 4724 3017 4780 pro
3059 4708 3479 4778 peccatoribus,
3517 4708 3567 4760 si
3592 4706 3694 4775 ipse

2123 4807 2220 4863 fuit
2245 4808 2297 4861 in
2324 4803 2596 4877 peccatis?
2619 4802 2748 4857 Nam
2779 4816 2923 4867 eum,
2951 4801 3039 4871 qui
3066 4799 3292 4854 moritur
3316 4813 3419 4869 pro
3448 4808 3688 4868 peccato.

2124 4898 2272 4953 ribus
2290 4938 2304 4961 ,
2332 4903 2543 4966 oportet
2567 4893 2696 4948 nulli
2729 4900 2947 4962 peccato
2971 4905 3092 4946 esse
3117 4889 3414 4944 obnoxium
3448 4909 3463 4946 :
3492 4891 3538 4944 si
3560 4889 3689 4944 eain

2127 4991 2239 5061 ipse
2263 4989 2424 5046 etiam
2449 4994 2651 5057 peccat,
2673 4983 2941 5056 quomodo
2966 4982 3223 5039 morietur
3253 4996 3351 5050 pro
3375 4982 3498 5037 aliis
3519 4994 3691 5050 peca-

2129 5081 2370 5138 toribus?
2397 5079 2453 5134 Si
2482 5087 2660 5133 autem
2687 5088 2770 5131 est
2795 5086 3037 5130 mortuus
3063 5088 3160 5144 pro
3187 5077 3423 5143 peccatis
3454 5073 3690 5129 aliorum.

2126 5186 2370 5234 mortuus
2400 5181 2482 5229 est
2519 5187 2639 5227 cum
2685 5169 2813 5225 nulli
2857 5178 2999 5224 esset
3042 5176 3263 5238 peccato
3301 5165 3568 5220 obnoxius
3595 5181 3612 5214 :
3653 5162 3690 5214 si

2127 5281 2304 5323 autem
2333 5273 2412 5319 est
2444 5272 2684 5318 mortuus
2709 5276 2828 5316 cum
2870 5268 3012 5315 esset
3039 5258 3156 5312 sine
3194 5263 3415 5326 peccato
3440 5296 3457 5318 ,
3490 5270 3594 5308 non
3619 5261 3691 5305 est

2129 5367 2372 5413 mortuus
2419 5362 2589 5408 morte
2636 5349 2903 5422 peccati,(
2927 5348 3192 5420 quomodo
3232 5347 3376 5402 enim
3400 5387 3417 5410 ,
3453 5346 3506 5400 in
3542 5359 3688 5414 quem

2129 5451 2329 5508 nullum
2373 5447 2595 5504 cadebat
2625 5453 2895 5516 peccatum
2910 5441 2956 5516 1')
3005 5439 3100 5496 sed
3139 5449 3310 5495 morte
3337 5438 3603 5507 corporis.
3632 5433 3688 5488 Et

2130 5545 2251 5600 ideo
2277 5541 2476 5596 Paulus
2500 5555 2606 5594 non
2627 5537 2761 5592 dixit
2785 5536 2954 5591 solum
2986 5551 3000 5590 :
3035 5532 3126 5588 Est
3151 5543 3395 5593 mortuus,
3426 5529 3524 5584 sed
3551 5527 3691 5580 addi-

2130 5635 2231 5700 dit,
2269 5633 2373 5686 Pro
2405 5631 2618 5702 peccatis
2643 5629 2862 5692 nostris;
2891 5637 2944 5681 et
2970 5641 3089 5680 cum
3117 5625 3199 5679 vel
3226 5623 3418 5678 invitos
3436 5619 3687 5687 coqisset

2130 5728 2283 5784 fateri
2315 5725 2539 5782 mortem
2588 5721 2916 5794 corporalem
2946 5737 2958 5784 ;
2995 5732 3090 5787 per
3117 5715 3217 5772 hoc
3237 5712 3525 5771 ostendens
3549 5711 3688 5766 illum
