3802 6214
146 239 228 295 523

140 357 261 411 τοῦτο
297 352 368 407 καὶ
398 351 436 404 οί
454 345 717 403 ἀπόστολοι
742 344 997 407 ἁπαντες.
1036 344 1104 394 '0
1141 339 1238 393 καὶ
1273 337 1577 405 εὐηγγελι-

136 449 309 518 σάμην,
330 444 354 498 ὃ
374 442 450 497 καί
468 437 839 508 παρελάϐετε,
866 436 936 489 ἐν
960 432 1006 499 ᾧ
1032 433 1130 486 καὶ
1152 429 1466 498 ἑστήκατε,
1505 424 1578 478 δι’

133 536 193 595 οὗ
227 536 305 595 καί
333 533 553 598 σώζεσθε,
578 532 696 585 τίνι
722 530 882 598 λόγῳ
909 521 1394 595 εὐηγγελισάμην
1417 519 1579 587 ὑμῖν,

120 636 173 686 ιεὶ
200 630 428 699 κατέχετε·
456 627 611 692 ἐκτὸς
638 626 689 677 εί
716 621 803 692 μὴ
832 619 963 687 εἰκῆ
989 615 1402 670 ἐπιστεύσατε.
1430 606 1585 673 Εἶδες

127 725 223 786 πῶς
244 722 394 783 αὐτοὺς
413 719 538 772 καλεί
568 715 846 786 μάρτυρας
874 709 981 762 τῶν
1010 705 1348 776 εἰρημένων;
1380 702 1492 755 Kal
1522 699 1584 751 οὐ

123 816 260 882 λέγει,
292 814 342 865 Ὃ
376 809 625 879 ήκούσατε,
678 805 815 868 ἀλλ’,
857 804 925 855 Ὃ
970 799 1352 867 παρελάϐετε,
1397 793 1586 862 ὥσπερ

121 907 223 959 τινὰ
241 900 634 978 παρακαταθήκην
662 898 857 960 αὐτοὺς
889 892 1154 955 ἀπαιτῶν,
1186 890 1279 943 καὶ
1302 885 1476 958 δηλῶν
1505 885 1587 937 ὅτι

119 998 170 1049 οὐ
196 973 314 1066 λόγω
335 994 478 1064 μόνον,
508 990 641 1044 ἀλλά
669 990 764 1041 καὶ
794 988 859 1039 δι’
890 986 1066 1056 ἔργων
1102 983 1195 1036 καὶ
1225 978 1464 1051 σημείων
1494 973 1589 1029 καὶ

119 1089 354 1157 θαυμάτων
376 1086 483 1138 αὐτὸ
505 1082 802 1151 παρέλαϐον
864 1079 957 1132 καὶ
1008 1077 1094 1130 ἵνα
1140 1074 1409 1143 κατέχωσι
1454 1066 1588 1139 μετὰ

119 1179 375 1249 ἀσφαλείας.

176 1336 231 1407 β’.
258 1333 366 1390 Εἶτα
388 1333 542 1404 ἐπειδὴ
567 1332 635 1385 τὰ
667 1330 869 1385 παλαιά
894 1329 1070 1395 ἔλεγε,
1106 1328 1200 1380 καὶ
1232 1325 1323 1378 τὸν
1351 1312 1593 1394 παρόντα

119 1433 331 1501 ὲπέστησε
356 1428 514 1500 χρόνον
540 1424 729 1487 εἰπὼν,
745 1425 847 1477 Ἐν
871 1416 917 1488 ᾧ
943 1420 1034 1475 καὶ
1054 1420 1369 1485 ἑστήκατε,
1395 1432 1594 1487 προκαο

119 1524 408 1596 ταλαμϐἀνων
435 1521 633 1585 αὐτοὺς,
663 1519 739 1581 ῶς
771 1516 924 1587 μηδὲ,
949 1517 997 1568 εί
1024 1514 1227 1584 σφόδρα
1258 1510 1590 1582 βουληθεῖεν,

119 1613 391 1687 ιρνήσασθαι
420 1611 714 1681 δυνηθῆναι.
749 1607 839 1660 Διὸ
876 1606 970 1659 καὶ
992 1605 1292 1677 ἀρχόμενος
1317 1602 1417 1655 ούκ
1449 1596 1593 1666 εἷπε,

119 1708 311 1762 ιιδάσκω
334 1706 473 1776 ὑμᾶς,
502 1702 655 1769 ἀλλά,
702 1698 969 1769 Γνωρίζω
1005 1697 1168 1767 ὑμῖν,
1206 1696 1267 1750 τὸ
1299 1695 1398 1766 ήδη
1437 1694 1597 1765 δῆλον

119 1800 365 1869 ἐνόμενον,
389 1796 483 1849 Kal
504 1794 616 1857 πῶς
638 1794 764 1856 τοὺς
782 1790 1171 1862 σαλευομένους
1193 1789 1410 1843 ἑστάναι
1428 1786 1559 1857 φησί
1580 1802 1596 1852 ;

119 1890 429 1961 [ροσποιεῖται
472 1886 688 1955 ἄγνοιαν
732 1883 1118 1955 συμφερόντως
1141 1898 1156 1914 ο
1191 1882 1325 1951 ὅπερ
1372 1878 1467 1932 xal
1505 1878 1600 1931 ἐπὶ

119 1980 316 2035 ἀλατῶν
345 1981 486 2043 ποιεί,
508 1976 619 2030 ἀλλ’
647 1976 745 2046 οὐχ
770 1976 989 2045 ὁμοίως.
1033 1972 1251 2043 Ἐπειδὴ
1278 1976 1386 2042 γὰρ
1410 1971 1509 2025 οὐκ
1531 1966 1601 2041 ἦν

120 2090 284 2142 γνοιαν
319 2073 426 2125 ἐκεῖ
458 2068 947 2141 προσποιήσασθαι,
976 2065 1178 2137 ἑτέρως
1211 2064 1485 2137 μεθοδεύει
1512 2064 1602 2118 τὸν

119 2166 225 2234 5γον
269 2164 441 2231 λέγων’
478 2162 736 2216 Πέποιθα
763 2160 831 2212 δὲ
858 2162 945 2226 εις
976 2157 1133 2228 ὑμᾶς
1166 2158 1236 2213 ἐν
1266 2158 1481 2224 Κυρίῳ,
1511 2157 1603 2210 ὅτι

119 2254 245 2309 ύὸὲν
269 2254 407 2307 ἄλλο
429 2252 775 2321 φρονήσετε.
804 2251 917 2303 Οὐκ
947 2244 1122 2314 εἶπεν,
1154 2250 1275 2303 Ὅτι
1297 2250 1448 2303 οὐδὲν
1475 2249 1605 2303 ἀλλο

119 2348 258 2417 ρρονή
268 2362 403 2408 σατε,
425 2344 605 2416 ἐπειδὴ
627 2341 1043 2413 ὡμολογημένον
1065 2337 1133 2413 ἦν
1154 2341 1331 2394 αὐτῶν
1349 2342 1410 2393 τὸ
1431 2342 1607 2412 παρά-

119 2456 258 2509 τωμα
279 2438 365 2490 καὶ
393 2434 704 2505 κατάδηλον,
727 2433 861 2487 ἀλλά
883 2432 942 2486 τὸ
971 2432 1161 2503 μέλλον
1187 2432 1470 2501 ἐγγυᾶται·
1494 2433 1609 2486 καί·

120 2549 142 2583 ιι
177 2530 265 2582 καὶ
295 2528 440 2581 τοῦτο
470 2526 683 2598 ἄδηλονο
722 2524 833 2578 ἀλλ’
862 2524 947 2576 ἵνα
1002 2524 1192 2586 αὐτοὺς
1242 2524 1607 2595 ὲφελκύσηται

119 2621 335 2684 ειζόνως.
366 2617 623 2671 Ἐνταῦθα
654 2618 833 2686 μέντοι
873 2616 966 2669 καὶ
994 2618 1367 2686 προσποιεῖται
1399 2617 1609 2684 ἀγνοεῖν

120 2733 245 2782 γων,
275 2715 375 2766 Ἔν
400 2711 444 2777 ᾧ
468 2712 563 2764 καὶ
590 2709 905 2775 ἑστήκατε.
946 2704 1078 2761 Εἶτα
1105 2708 1164 2760 τὸ
1184 2708 1394 2778 κέρδος,
1424 2710 1504 2762 Δι’
1536 2704 1608 2764 οὗ

119 2807 151 2859 εὶ
202 2802 473 2867 σώζεσθε,
533 2802 649 2855 τίνι
707 2803 866 2869 λόγῳ
917 2799 1402 2869 εὐηγγελισάμην
1447 2800 1607 2870 ὑμῖν.

124 2914 213 2949 στε
244 2895 535 2963 σαφηνείας
564 2893 710 2945 ἐστὶν
748 2894 780 2964 ἡ
807 2892 1123 2945 διδασκαλία
1150 2890 1287 2963 αῦτη
1330 2894 1363 2961 ἡ
1396 2890 1489 2944 νῦν
1519 2892 1614 2945 καὶ

119 2988 361 3059 μηνείας.
377 2988 449 3040 Οὐ
467 2985 573 3057 γὰρ
588 2984 720 3038 αὐτὸ
736 2984 911 3037 δεῖσθε
927 2984 989 3036 τὸ
1005 2984 1200 3053 δόγμα,
1224 2984 1375 3055 φησὶ,
1399 2983 1611 3054 μαθεῖν,

119 3082 158 3132 λ’
184 3077 609 3150 ’ὑπομνησθῆναι
650 3075 745 3128 καὶ
788 3072 1165 3145 διορθωθῆναι.
1212 3073 1398 3125 Ταῦτα
1433 3073 1489 3125 δὲ
1527 3073 1616 3126 λέ-

119 3194 150 3239 ι,
177 3173 278 3225 οὐκ
306 3172 491 3241 ἀφιεὶς
515 3170 706 3233 αὐτοὺς
734 3170 1156 3240 ἀναισχυντῆσαι
1179 3168 1452 3233 καθάπαξ.
1478 3168 1542 3219 Τί
1562 3166 1617 3220 δέ

119 3284 178 3327 τι,
208 3266 330 3319 Τίνι
358 3264 521 3332 λόγῳ
548 3262 1035 3332 εὐηγγελισάμην
1054 3259 1234 3330 ὐμῖν;
1266 3259 1410 3330 Ποίῳ
1431 3258 1619 3329 τρόπῳ

119 3375 209 3421 τον,
249 3357 408 3425 φησὶ,
438 3353 540 3424 τὴν
578 3354 871 3407 ἀνάστασιν
908 3351 1187 3420 γίνεσθαι;
1226 3350 1346 3402 ’Ότι
1383 3350 1479 3419 μὲν
1512 3349 1619 3423 γὰρ

119 3449 190 3521 ;2]
214 3450 368 3501 ἔστιν
400 3447 722 3509 ἀνάστασις,
750 3446 850 3498 οὐκ
879 3445 943 3498 ἂν
976 3444 1142 3513 φαίην
1169 3444 1311 3514 ὑμᾶς
1346 3440 1620 3512 ἀμφιϐάλ-

119 3560 165 3595 ν·
202 3541 427 3609 ζητεῖτε
463 3540 523 3592 δὲ
559 3538 689 3600 ἴσως
720 3537 910 3607 μαθεῖν
946 3536 1273 3606 σαφέστερον
1301 3534 1362 3587 τὸ
1395 3535 1621 3605 εἰρημέρ

120 3674 132 3686 .
178 3632 363 3684 Τοῦτο
393 3631 462 3700 δὴ
501 3630 595 3682 καὶ
624 3629 854 3697 ποιήσω·
891 3628 986 3681 κα)⁵
1016 3627 1126 3696 γὰρ
1161 3622 1277 3679 οἶδα
1306 3626 1512 3695 σαφῶς,
1542 3627 1623 3679 ὅτι

119 3726 302 3795 Ξόγμα
340 3724 634 3793 κατέχετε.
659 3717 794 3774 Εἶτα
826 3719 1011 3791 ἐπειδὴ
1045 3720 1476 3789 ἀποφαινόμενος
1507 3719 1622 3772 ἕλε-

120 3858 135 3881 ,
183 3819 294 3870 Ἐν
323 3808 378 3881 ᾧ
411 3815 522 3868 καὶ
558 3813 873 3879 ἑστήκατε,
909 3810 994 3863 ’ίνα
1024 3809 1097 3880 μὴ
1118 3808 1294 3882 ταύτῃ
1320 3811 1624 3881 ῥᾳθυμοτέ-

119 3927 146 3969 ς
174 3908 424 3977 ποιήσῃ,
460 3904 621 3975 φοϐεῖ
641 3903 801 3957 πάλιν
838 3901 1032 3965 αὐτοὺς
1054 3901 1225 3969 λέγων
1243 3915 1259 3932 ⁸
1290 3904 1360 3955 El
1388 3901 1627 3968 κατέχε-

120 4000 316 4063 ἐκτὸς
349 4000 407 4051 εί
438 3998 531 4067 μὴ
556 3994 684 4063 εικῆ
712 3995 1125 4048 ἐπιστεύσατε·
1157 3993 1367 4056 δεικνὺς
1397 3994 1477 4045 ὅτι
1502 3993 1628 4063 περὶ

119 4091 439 4159 ιεφάλαιον
477 4090 513 4159 ὴ
550 4087 753 4159 πληγὴ,
782 4087 877 4140 καὶ
908 4086 1007 4157 οὐχ
1047 4085 1184 4155 ὑπὲρ
1213 4085 1322 4138 τῶν
1359 4087 1629 4156 τυχόντων

120 4184 257 4251 τὼν,
291 4183 425 4236 ἀλλ’
473 4180 618 4250 ὑπὲρ
646 4178 934 4249 ὁλοκλήρου
967 4178 1064 4247 τῆς
1096 4178 1346 4240 πίστεως.
1391 4180 1498 4231 Kal
1537 4179 1632 4234 νῦν

132 4273 617 4344 ὑπεσταλμένως
640 4271 772 4324 αὑτό
796 4287 948 4341 φησι,
983 4268 1186 4340 προῖὼν
1215 4268 1271 4321 δὲ
1295 4272 1387 4322 xal
1415 4270 1631 4343 διαθερ-

119 4371 391 4438 .όμενο;,
426 4368 620 4436 γυμνῇ
654 4363 836 4416 λοιπὸν
869 4366 934 4434 τῇ
970 4363 1177 4432 κεφαλῇ
1342 4365 1435 4415 καὶ
1462 4365 1627 4433 λέγει’

120 4464 179 4515 :‘é
215 4461 519 4528 Χριστὸς
560 4460 671 4511 οὐκ
700 4455 1026 4525 ἐγήγερται,
1061 4457 1239 4508 κενὸν
1269 4456 1381 4524 ἄρα
1421 4457 1485 4509 τὸ
1524 4457 1599 4527 κή
1621 4487 1636 4500 -

120 4571 201 4607 ἰα
234 4550 467 4621 ἡμῶν,
498 4548 648 4615 κεγὴ
677 4547 744 4599 δέ
767 4547 863 4599 καὶ
890 4548 926 4614 ἠ
957 4547 1158 4611 πίστις
1180 4545 1363 4615 ὑμῶν,
1392 4548 1478 4601 ἔτι
1497 4550 1636 4603 ἐστὲ

119 4646 257 4711 ἀἷς
294 4642 653 4713 ἁμαρτίαις
690 4638 873 4708 ὑμῶν.
921 4637 1061 4690 Ἀλλ’
1097 4639 1152 4690 ὲν
1192 4640 1492 4707 προοιμίοις
1539 4642 1636 4712 οὐχ

119 4755 197 4801 ,ς
229 4736 412 4789 οὕτω
444 4733 569 4802 γὰρ
591 4734 856 4802 χρήσιμον
876 4726 943 4801 ἦν
966 4729 1148 4799 ηρέμα
1168 4731 1259 4783 καὶ
1283 4732 1422 4783 κατά
1446 4734 1637 4804 μικρὸν

119 4832 293 4882 έναι..
342 4823 702 4893 Παρέδωκα
730 4820 836 4892 γὰρ
875 4819 1017 4889 ὑμῖν
1064 4820 1134 4872 ἐν
1163 4821 1434 4888 πρώτοις,
1471 4822 1501 4875 ὃ
1545 4824 1641 4877 καὶ

119 4922 419 4975 ἔλαϐον.
459 4916 548 4969 Ού
582 4914 729 4981 λέγει
756 4913 877 4965 οὐδὲ
904 4912 1157 4975 ἐνταῦθα,
1182 4913 1261 4965 ὅτι
1296 4908 1458 4966 Εἶπον
1491 4916 1639 4984 ὑμῖν,

120 5060 123 5071 ,
190 5009 512 5072 Ἐδίδοιξα.
544 5007 707 5075 ὑμᾶς,
746 5004 878 5057 ἀλλά
918 5005 984 5073 τῇ
1028 5004 1163 5074 αὐτῇ
1199 5003 1459 5076 κέχρηται
1503 5006 1643 5074 λέξει

119 5122 185 5168 ν,
220 5098 617 5168 Παρέδωκα
660 5094 822 5163 ὑμῖν,
852 5094 1043 5161 λέγων,
1080 5092 1110 5146 ὅ
1150 5094 1250 5146 καὶ
1286 5095 1642 5163 παρέλαϐον.

152 5190 469 5247 ἐνταῦθα
505 5189 610 5260 ἐμὲ
639 5186 947 5257 διδαχθῆναί
982 5201 1165 5255 φησιν,
1197 5185 1352 5251 ἀλλά,
1380 5190 1647 5255 Παρέλα-

156 5286 286 5339 δύο
333 5281 559 5337 ταῦτα
584 5276 1026 5341 κατασκευάζων,
1057 5277 1137 5328 ὃτι
1172 5294 1230 5329 τε
1265 5277 1411 5329 οὐδὲν
1441 5277 1649 5332 οἴκοθεν

119 5377 356 5444 τάγειν
392 5373 527 5434 δεῖ,
564 5370 658 5423 καὶ
690 5370 772 5422 ὅτι
796 5368 932 5438 μετά
959 5366 1281 5430 ἀποδείξεως
1310 5366 1409 5437 τῆς
1435 5368 1522 5420 διά
1544 5370 1650 5422 τῶν

963 225 1030 282 IN
1060 224 1273 281 EPIST.
1309 223 1332 278 ι
1371 221 1462 277 AD
1494 219 1652 276 COR.
1691 218 1927 276 HOMIL.
1969 220 2255 279 XXXVIII.

3147 224 3253 282 524

1685 336 1919 406 Χριστὸν
1946 338 2157 407 ἀνάγει.
2192 338 2285 392 καὶ
2320 338 2591 393 δείκνυσιν
2622 339 2776 394 οὐδὲν
2807 339 3012 395 τούτων
3045 341 3254 414 ἀνθρώ-

1686 446 1840 481 πινον
1877 430 1936 482 ὃν
1964 430 2073 483 τῶν
2109 431 2415 502 δογμάτων.
2446 433 2509 485 Τί
2538 433 2593 486 δέ
2630 433 2767 495 ἐστι,
2790 433 3111 502 Παρέδωκα
3142 435 3256 504 γὰρ

1685 517 1829 587 ὑμῖν
1858 519 1927 572 ἐν
1958 519 2233 588 πρώτοις,
2267 522 2463 591 φησίν;
2505 524 2592 589 Ἐξ
2618 525 2812 595 ἀρχῆς,
2840 525 2901 577 ού
2935 524 3051 579 νῦν.
3070 525 3256 579 Ταῦτα

1686 609 1743 663 δὲ
1768 610 1913 679 λέγει
1947 611 2038 665 τὸν
2065 614 2253 683 χρόνον
2282 616 2544 685 παράγων
2569 615 2838 685 μάρτυρα,
2865 615 2957 668 καὶ
2986 616 3067 668 ὅτι
3097 617 3259 685 ἐσχάρ-

1688 719 1789 773 της
1820 700 1889 774 ἢν
1933 705 2195 775 αἰσχύνης
2256 705 2511 759 τοσοῦτον
2559 707 2747 777 χρόνον
2796 708 3114 769 πεισθέντας
3162 708 3259 761 νῦν

1696 796 2094 866 μετατίθεσθαιο
2160 798 2251 851 καὶ
2307 799 2368 850 ού
2428 799 2586 851 τοῦτο
2647 800 2828 869 μόνον,
2868 799 3004 854 ἀλλά
3040 800 3120 852 ὃτι
3165 799 3258 852 καὶ

1692 890 1986 959 ἀναγκαῖον
2034 890 2093 943 τὸ
2121 890 2327 962 δόγμα·
2366 891 2445 943 διὸ
2486 893 2578 945 καὶ⁸
2609 894 2667 945 ὲν
2696 892 2930 963 πρώτοις
2963 892 3255 963 παρεδόθη,

1694 982 1789 1035 καὶ
1816 983 1881 1036 ὲκ
1909 983 2209 1052 προοιμίων
2243 983 2460 1046 εὐθέως.
2494 985 2601 1037 Kal
2650 986 2703 1037 τί
2746 985 3106 1057 παρέδωκας;
3139 985 3261 1038 εἰπέ

1698 1091 1810 1146 μοι.
1868 1074 2005 1127 Ἀλλ’
2044 1075 2104 1127 οὑ
2136 1074 2283 1143 λέγει
2312 1074 2469 1128 τοῦτο
2498 1075 2718 1140 εὐθέως.
2750 1077 2885 1130 ἀλλὰ
2921 1077 3154 1148 πρῶτον,
3181 1078 3262 1131 ὃτι

1696 1167 2025 1238 παρέλαϐον.
2057 1167 2168 1220 Kal
2210 1168 2263 1221 τί
2293 1168 2632 1238 παρέλαϐεςς
2672 1172 2799 1223 Ὅτι
2849 1172 3103 1238 Χριστός
3150 1172 3264 1225 ἀπ-

1694 1256 1911 1313 έθανεν
1941 1258 2092 1326 ὑπὲρ
2124 1257 2241 1312 τῶν
2273 1260 2571 1329 ἁμαρτιῶν
2608 1261 2792 1332 ἡμῶν.
2840 1263 2952 1316 Οὐκ
2995 1260 3145 1315 εἶπεν
3179 1265 3266 1316 εὑ-

1698 1348 1857 1417 θέως,
1884 1351 1967 1403 ὅτι
2001 1351 2323 1415 Ἀνάστασίς
2355 1355 2470 1405 ἐστι
2499 1354 2604 1407 τῶν
2638 1354 2905 1425 σωμάτων
2939 1356 3117 1425 ἡμῶν,
3150 1354 3263 1407 ἀλλ’

1698 1442 1832 1495 αὐτὸ
1864 1443 1963 1512 μὲν
2005 1440 2099 1497 οὖν
2136 1443 2293 1497 τοῦτο
2322 1446 2737 1512 κατασκευάζει,
2773 1447 3052 1518 πόρρωθεν
3077 1448 3144 1500 δὲ
3173 1448 3267 1501 καὶ

1699 1533 1767 1587 δι’
1787 1534 2010 1605 ἐτέρων,
2041 1534 2236 1604 λέγων,
2267 1537 2348 1590 ὅτι
2374 1537 2627 1605 Χριστὸς
2658 1537 2939 1601 ἀπέθανε,
2965 1540 3057 1593 xal
3094 1539 3267 1609 μεγά-

1699 1626 1798 1698 λην
1819 1628 1939 1681 τινὰ
1971 1630 2209 1699 κρηπῖδα
2239 1631 2334 1683 καὶ
2362 1630 2611 1701 θεμέλιον
2635 1632 2856 1703 ἀρραγῆ
2884 1633 3269 1704 προκαταϐαλ-
3372 1700 3385 1709 ν

1700 1719 1925 1790 λόμενος
1969 1719 2063 1773 τοῦ
2105 1723 2234 1793 περὶ
2265 1723 2362 1794 τῆς
2388 1724 2735 1788 ἀναστάσεως
2769 1725 2950 1794 λόγου.
2987 1727 3120 1780 Οὐδὲ
3161 1727 3270 1799 γὰρ

1701 1812 1887 1876 ἁπλῶς
1933 1810 2106 1879 εἶπεν,
2154 1816 2236 1868 ὅτι
2279 1816 2547 1870 ἀπέθανεν
2589 1819 2618 1871 δ
2664 1819 2920 1889 Χριστὸς,
2953 1819 3128 1874 καίτοι
3175 1822 3272 1875 καὶ

1701 1907 1859 1960 τοῦτο
1907 1907 2110 1978 ἀρκοῦν
2155 1908 2392 1979 δηλῶσαι
2447 1910 2547 1973 τὴν
2592 1911 2909 1977 ἀνάστασιν,
2952 1912 3086 1967 ἀλλά
3134 1913 3273 1983 μετά

1703 1998 2044 2069 προσθήκης,
2064 1998 2145 2051 ὅτι
2168 1999 2421 2068 Χριστὸς
2450 1999 2752 2054 ἀπέθανεν
2774 2002 2925 2070 ὑπὲρ
2953 2000 3068 2056 τῶν
3092 2002 3273 2073 ἁμαρ-

1704 2089 1847 2144 τιῶν
1882 2090 2072 2160 ἡμῶν.

1777 2248 2000 2319 Πρῶτον
2034 2248 2090 2302 δὲ
2135 2248 2283 2313 ἀξιον
2313 2248 2545 2303 ἀκοῦσαι
2589 2249 2643 2303 τί
2666 2249 2918 2318 λέγουσιν
2951 2249 3181 2304 ἐνταῦθα
3224 2253 3274 2305 οι

1706 2339 1776 2393 τά
1815 2341 2128 2410 Μανιχαίων
2170 2340 2471 2409 νοσοῦντες,
2507 2342 2602 2395 καὶ
2633 2343 2729 2413 τῆς
2778 2342 3033 2413 ἀληθείας
3070 2343 3275 2415 ἐχθροὶ,

1710 2431 1803 2502 καὶ
1828 2434 1892 2501 τῇ
1919 2431 2094 2502 οἰκείᾳ
2118 2431 2477 2502 πολεμοῦντες
2505 2435 2765 2505 σωτηρίᾳ.
2798 2435 2861 2487 Τί
2890 2432 2983 2489 οῦν
3020 2429 3164 2488 οὗτοι
3198 2435 3280 2489 λέ-

1710 2538 1905 2589 γουσι;
1941 2521 2179 2575 Θάνατον
2214 2522 2466 2586 ἐνταῦθα,
2509 2524 2695 2592 φησὶν,
2725 2524 2877 2578 οὐδὲν
2914 2525 3041 2578 ἄλλο
3073 2526 3220 2593 λέγει
3251 2527 3280 2579 ὁ

1712 2611 1943 2687 Παῦλος,
1977 2614 2010 2683 ἢ
2033 2614 2092 2666 τὸ
2112 2616 2169 2667 ἐν
2202 2615 2445 2686 ἁμαρτίᾳ
2479 2615 2752 2683 γενέσθαι,
2780 2618 2873 2670 καὶ
2900 2617 3192 2670 ἀνάστασιν
3219 2618 3281 2672 τὸ

1712 2706 1821 2757 τῶν
1844 2705 2125 2775 ἁμαρτιῶν
2151 2706 2551 2778 ἀπαλλαγῆναι.
2580 2704 2731 2771 Εἶδες
2758 2709 2872 2772 πῶς
2902 2710 3051 2764 οὐδὲν
3075 2712 3282 2781 πλάνης

1715 2796 2132 2864 ἁσθενὲστερον;
2158 2796 2267 2848 Kal
2297 2797 2410 2859 πῶς
2446 2799 2557 2858 τοῖς
2593 2797 2811 2861 οἰκείοις
2844 2798 3121 2852 ἁλίσκεται
3148 2815 3283 2852 πτε-

1723 2891 1853 2959 ροῖς,
1891 2890 1984 2942 καὶ
2027 2890 2085 2942 ού
2129 2889 2295 2942 δεῖται
2336 2891 2436 2959 τῆς
2479 2891 2674 2955 ἔξωθεν
2727 2892 2926 2961 μάχης,
2963 2892 3077 2946 ἀλλ’
3116 2894 3282 2966 ἑαυτῇ

1718 2978 2127 3047 περιπείρεταις
2159 2979 2356 3031 Σκόπει
2405 2980 2535 3047 γοῦν
2579 2982 2669 3034 καὶ
2708 2979 2853 3037 οῦτοι
2906 2982 3022 3049 πῶς
3061 2984 3285 3049 ἑαυτοὺς

1719 3069 2009 3141 διέπειρον,
2045 3071 2110 3124 δι’
2136 3066 2210 3125 ὧν
2240 3072 2541 3144 εἰρήκασιν.
2598 3076 2661 3127 Εἰ
2692 3074 2800 3146 γὰρ
2841 3076 2997 3130 τοῦτο
3034 3076 3284 3142 θάνατος,

1722 3164 1883 3234 σῶμα
1906 3164 1961 3217 δὲ
1983 3165 2081 3217 οὐκ
2111 3165 2268 3219 ἔλαϐε
2297 3165 2418 3219 καθ’
2443 3168 2584 3235 ὑμᾶς
2608 3169 2635 3220 ό
2663 3150 2916 3235 Χριστὸς,
2945 3168 3180 3221 ἀπέθανε
3208 3169 3286 3236 δὲ,

1721 3257 1780 3309 ἑν
1819 3258 2064 3329 ἁμαρτίᾳ
2100 3258 2249 3329 [555]
2280 3259 2496 3327 ἐγένετο
2535 3259 2655 3311 καθ’
2697 3261 2859 3331 ὑμᾶς.
2897 3262 3038 3329 Ἐγὼ
3063 3262 3290 3335 μὲνγὰρ

1721 3348 1863 3416 λέγω
1889 3351 1967 3402 ὅτι
1997 3350 2154 3420 σῶμα
2183 3350 2432 3415 ἀνέλαϐε,
2463 3353 2554 3405 καὶ
2587 3352 2677 3405 τὸν
2707 3352 2930 3407 θάνατον
2962 3353 3059 3422 τῆς
3090 3354 3289 3424 σαρκὸς

1723 3436 1862 3494 εἷναί
1897 3457 2048 3510 φησιο
2082 3442 2145 3493 σὺ
2178 3440 2234 3493 δὲ
2264 3442 2421 3494 τοῦτο
2453 3442 2804 3513 ἀρνούμενος,
2840 3444 3016 3496 ἐκεῖνο
3050 3444 3292 3512 ἀναγκα-

1729 3532 1903 3605 σθήσῃ
1935 3533 2135 3600 λέγειν.
2170 3535 2231 3586 Εἰ
2266 3533 2321 3585 δὲ
2348 3535 2405 3587 ὲν
2441 3535 2686 3605 ἁμαρτίᾳ
2715 3536 2953 3602 ἐγένετο,
2986 3536 3102 3599 πῶς
3135 3553 3290 3606 φησι,

1733 3627 1829 3691 Τίς
1853 3625 1921 3690 ἐξ
1945 3625 2110 3694 ὑμῶν
2140 3624 2374 3694 ἐλέγχει
2399 3643 2474 3693 με
2502 3627 2632 3694 περὶ
2671 3628 2991 3695 ἀμαρτιάς;
3015 3628 3128 3691 καὶ,
3168 3631 3297 3695 Ἔρ-

1730 3737 1893 3789 χεται
1934 3723 1965 3773 ό
1998 3720 2103 3772 τοῦ
2145 3720 2374 3787 κόσμου
2418 3720 2631 3772 τούτου
2674 3719 2891 3789 ἄρχων,
2935 3720 3033 3775 καὶ
3060 3723 3129 3774 ἐν
3164 3722 3295 3792 ἐμοι

1732 3814 1843 3865 οὐκ
1892 3812 2016 3878 ἔχει
2068 3810 2266 3863 οὐδέν’
2317 3810 2405 3861 καὶ
2439 3809 2618 3874 πάλιν,
2662 3810 2823 3863 Οὕτω
2863 3810 3094 3878 πρέπον
3126 3812 3298 3866 ἐστὶν

1733 3905 1878 3974 ἡμῖν
1910 3902 2221 3972 πληρῶσαι
2254 3901 2459 3956 πᾶσαν
2487 3901 2899 3969 δικαιοσύνην.
2922 3903 3043 3967 Πῶς
3076 3903 3130 3956 δὲ
3160 3904 3296 3969 ὅλως

1736 3996 1877 4067 ὑπὲρ
1897 3994 2234 4066 ἁμαρτωλῶν
2260 3994 2547 4058 ἀπέθανεν,
2579 3994 2632 4045 εἴ
2655 4010 2715 4060 γε
2745 3994 2907 4057 αὐτὸς
2928 3996 2984 4047 ὲν
3003 3996 3298 4065 ἁμαρτίαις

1735 4084 1833 4159 ἧν;
1864 4088 1968 4141 Τὸν
1999 4086 2107 4156 γὰρ
2145 4087 2283 4155 ὑπὲρ
2313 4085 2651 4156 ἁμαρτωλῶν
2681 4085 3109 4155 ἀποθνήσκοντα,
3136 4087 3299 4141 αὑτὸν

1736 4180 2115 4250 ἀναμάρτητον
2141 4179 2220 4231 δεῖ
2241 4173 2396 4230 εἶναι·
2427 4178 2545 4229 ἐπεὶ
2578 4178 2624 4229 εί
2670 4178 2763 4231 καὶ
2782 4177 2942 4239 αὐτὸς
2976 4179 3297 4249 ἁμαρτάνει,

1738 4274 1855 4336 πῶς
1885 4272 2023 4342 ὑπὲρ
2038 4264 2217 4324 ἀλλων
2235 4269 2571 4340 ἁμαρτωλῶν
2592 4269 2937 4323 ἀποθανεῖται
2958 4288 2971 4335 ;
2998 4272 3057 4322 El
3082 4271 3137 4323 δὲ
3162 4272 3300 4344 ὑπὲρ

1740 4364 2021 4435 ἁμαρτιῶν
2051 4361 2222 4415 ἄλλων
2252 4360 2536 4423 ἀπέθανεν,
2572 4361 2949 4433 ἀναμάρτητος
2989 4362 3064 4415 ὢν
3098 4362 3302 4415 ἀπέθα-

1741 4474 1861 4513 νεν’
1909 4459 1956 4511 εί
1989 4455 2044 4508 δὲ
2088 4454 2468 4525 ἀναμάρτητος
2505 4452 2578 4506 ῶν
2637 4454 2924 4516 ἀπέθανεν,
2985 4457 3043 4507 ού
3083 4455 3173 4508 τὸν
3206 4456 3303 4527 τῆς

1742 4548 2016 4619 ἁμαρτίας
2055 4545 2283 4599 θάνατον
2314 4545 2468 4615 (πῶς
2520 4544 2648 4615 γὰρ,
2675 4545 2702 4597 ὃ
2737 4562 2798 4613 γε
2826 4545 3302 4619 ἀναμάρτητος),

1741 4640 1876 4693 ἀλλά
1906 4638 1996 4691 τὸν
2027 4636 2119 4690 τοῦ
2147 4636 2413 4705 σώματος.
2444 4636 2534 4688 Διὸ
2575 4636 2666 4688 καὶ
2702 4637 2729 4688 ὁ
2759 4635 2965 4700 Παῦλος
2994 4640 3090 4708 οὐχ
3121 4641 3306 4705 ἁπλῶς

1746 4729 1916 4787 εἶπεν
1965 4727 2297 4791 Ἀπέθανεν,
2360 4726 2495 4780 ἀλλά
2553 4727 2912 4798 προσέθηκεν,
2973 4728 3150 4798 ’Υπὲρ
3189 4732 3304 4787 τῶν

1746 4821 2042 4893 ἁμαρτιῶν
2067 4820 2251 4890 ἡμῶν*
2282 4821 2374 4873 καὶ
2409 4818 2637 4882 ἄκοντας
2675 4820 2913 4884 ἐκείνους
2940 4822 3189 4892 ἐμϐαλὼν
3225 4827 3307 4889 εἰς

1746 4918 1808 4972 τὸ
1848 4915 2178 4988 ὁμολογῆσαι
2213 4913 2302 4966 τὸν
2334 4911 2640 4982 σωματικὸν
2683 4913 2927 4979 θάνατον,
2966 4914 3061 4967 καὶ
3096 4915 3308 4980 δεικνὺς

1748 5009 1835 5062 διὰ
1862 5008 2069 5068 τούτου,
2093 5007 2173 5058 ὅτι
2196 5005 2289 5056 καὶ
2321 5003 2423 5074 πρὸ
2449 5002 2542 5056 τοῦ
2567 5002 2795 5057 θανάτου
2818 5005 3195 5077 ἀναμάρτητος
3216 5002 3304 5078 ἦν.

1751 5097 1854 5150 Τὸν
1895 5095 2005 5166 γὰρ
2052 5092 2190 5163 ὑπὲρ
2233 5092 2510 5161 ἁμαρτιῶν
2544 5092 2835 5163 ἀλλοτρίων
2878 5095 3306 5165 ἀποθνήσκοντα,

1753 5189 1913 5245 αὐτὸν
1935 5186 2312 5257 ἀναμάρτητον
2345 5181 2481 5237 εἶναι
2511 5185 2821 5241 ἀκόλουθον.
2854 5188 2961 5241 Καὶ
2991 5188 3110 5241 οὐδὲ
3137 5189 3310 5260 τούτῳ

1754 5281 2015 5353 ἠρκέσθη,
2046 5278 2159 5333 ἀλλ’
2181 5279 2443 5347 ἐπήγαγε,
2474 5280 2635 5332 Κατὰ
2664 5282 2771 5346 τὰς
2802 5280 3065 5349 Γραφὰς
3099 5283 3190 5334 καὶ
3225 5284 3310 5335 εν-

1753 5373 1942 5429 τεῦθεν
1976 5370 2285 5437 ἀξιόπιστον
2317 5369 2473 5423 πάλιν
2496 5370 2662 5425 ποιῶν
2695 5371 2786 5424 τὸν
2816 5372 2990 5440 λόγον,
3016 5373 3109 5425 xal
3139 5371 3313 5443 δηλῶν

120 5488 161 5523 ν
215 5461 847 5538 ἐπληροφορήθησαν,
880 5460 939 5513 ού
967 5459 1143 5528 λόγοις
1169 5459 1359 5529 ψιλοῖς·
1395 5462 1488 5513 καὶ
1514 5462 1653 5515 κατὰ
1750 5452 1908 5519 ποῖον
1933 5463 2159 5519 θάνατον
2192 5461 2363 5530 ἔλεγε.
2390 5463 2498 5515 Kal
2525 5463 2633 5533 γάρ
2659 5465 2715 5517 al
2737 5464 2949 5534 Γραφαὶ
2969 5464 3058 5517 τὸν
3086 5463 3176 5516 τοῦ
3209 5464 3314 5515 σώ-

119 5581 189 5616 >ν
235 5558 631 5627 ἀξιόπιστον
662 5556 753 5611 τὸν
790 5554 947 5624 λόγον
993 5553 1180 5619 ποιῶν,
1209 5552 1269 5605 τὸ
1307 5554 1413 5606 πᾶν
1452 5556 1530 5618 εἰς
1562 5554 1653 5609 τὸν
1762 5576 1927 5630 ματος
1983 5555 2369 5628 ἀναγορεύουσι
2422 5556 2713 5628 πανταχοῦ·
2766 5557 3028 5626 Ὠρυέαν
3066 5555 3174 5623 γάρ
3196 5572 3315 5625 μου
