3802 6214
127 253 206 308 325
1010 238 1077 297 IN
1114 220 1331 295 EPIST.
1372 235 1392 290 ι
1456 230 1550 288 AD
1585 223 1745 289 ma.
1788 224 2023 286 ιιοιιιι..
2066 228 2358 286 xxxvut.

124 369 246 423 etiam
280 366 380 415 ante
417 365 642 414 mortem
683 356 813 413 nulli
844 366 1064 428 peccato
1100 354 1265 410 fuisse
1301 351 1614 410 obnoxium.

124 462 251 530 (eum
266 454 400 518 enim,
427 452 516 523 qui
541 466 636 522 pro
667 453 897 521 peccatis
919 450 1141 503 moritur
1169 447 1360 502 alienis
1382 487 1398 510 ,
1424 457 1617 500 conse-

118 560 251 621 quens
288 552 355 598 est
393 557 511 598 esse
564 542 826 613 ejusmodi
873 551 933 596 ut
975 557 1080 595 non
1113 536 1367 611 peccet),
1412 552 1481 593 ne
1517 536 1619 591 hoc

116 639 286 711 quidem
330 644 638 702 contentus,
693 632 985 703 subjunxit,
1034 632 1327 688 Secundum
1377 629 1618 699 Scriptu-

117 745 217 795 ras;
253 727 355 783 hinc
391 742 571 782 rursus
628 725 733 781 ﬁde
786 725 1000 795 dignam
1051 723 1254 778 faciens
1299 726 1617 786 orationem,

110 832 152 879 et
187 820 445 891 significans
488 833 771 889 quamnam
802 827 1025 871 mortem
1069 815 1289 870 diceret.
1330 814 1621 883 Scriptura:

109 915 220 970 enim
257 911 426 980 ubique
466 909 759 979 loquuntur
796 907 864 963 de
899 916 1075 962 morte
1113 905 1356 977 corporis
1402 925 1415 963 :
1448 904 1619 959 Fode-

106 1016 199 1061 runt
223 1004 345 1059 enim
363 1042 377 1070 ,
401 1001 607 1072 inquit,
638 1018 819 1055 manus
843 1017 980 1055 meas
1007 1009 1055 1055 et
1088 999 1240 1071 pedes
1281 1015 1418 1053 meos
1446 998 1613 1068 (Psal-

105 1099 189 1161 21,
226 1092 349 1166 17),
376 1102 455 1159 et,
496 1091 747 1148 Videbunt
773 1094 825 1147 in
851 1107 997 1164 quem
1035 1092 1402 1161 transﬁxerunt
1440 1090 1618 1160 (Joan.

105 1190 167 1245 l9.
195 1188 253 1243 57
268 1185 305 1254 ).

152 1281 197 1334 5.
225 1276 367 1331 Multa
388 1275 487 1331 alia
513 1318 529 1344 ,
572 1292 640 1331 ne
675 1277 851 1330 omnia
883 1274 1124 1330 dicamus
1157 1274 1427 1345 sigillatim
1449 1315 1464 1337 ,
1496 1273 1625 1328 licet

108 1388 133 1426 ιι
160 1371 227 1424 eis
249 1368 413 1422 videre
437 1409 452 1433 ,
480 1367 583 1421 alia
624 1366 840 1438 quidem
869 1382 965 1434 per
991 1366 1149 1420 verba
1175 1405 1191 1430 ,
1234 1364 1336 1419 alia
1370 1380 1496 1418 vero
1527 1378 1625 1433 per

106 1464 258 1534 iguras
279 1501 292 1526 ,
327 1475 437 1530 qua:
465 1458 765 1529 signiﬁcant
800 1458 979 1513 carnis
1008 1456 1211 1512 caedem
1237 1497 1251 1521 ,
1282 1467 1335 1509 et
1358 1454 1499 1526 quod
1528 1470 1626 1524 pro

105 1554 259 1610 nostris
283 1552 501 1623 peccatis
522 1552 591 1606 sit
612 1550 842 1606 occisus.
875 1548 978 1604 Pro
1002 1549 1220 1619 peccatis
1241 1548 1405 1610 enim,
1431 1547 1621 1617 inquit,

105 1647 238 1718 iopuli
273 1646 363 1698 mei
398 1645 528 1699 venit
572 1648 641 1697 ad
687 1652 933 1708 mortem;
978 1651 1065 1708 et,
1112 1641 1362 1695 Dominus
1414 1638 1626 1692 tradidit

105 1755 223 1792 usum
249 1736 451 1807 peccatis
476 1735 700 1797 nostris;
727 1743 809 1799 et,
847 1732 1154 1786 Vulneratus
1183 1740 1255 1786 est
1278 1741 1483 1801 propter
1505 1745 1626 1798 pec-

105 1842 176 1884 ata
218 1838 382 1883 nostra
421 1826 572 1898 (Isai.
621 1828 709 1893 5.3.
758 1826 811 1881 8.
845 1826 899 1881 6.
946 1824 1025 1896 5).
1063 1824 1118 1880 Si
1159 1833 1340 1878 autem
1390 1831 1625 1877 veterem

107 1939 167 1977 οη
205 1923 304 1976 fers
330 1919 652 1991 Scripturam
674 1961 688 1986 ,
718 1919 843 1974 audi
876 1917 1137 1974 Joannem
1183 1918 1502 1972 clamantem
1530 1956 1543 1976 ,
1572 1920 1631 1969 et‘

106 2024 275 2083 traque
297 2011 664 2067 ostendentem
691 2051 706 2077 ,
738 2025 930 2080 nempe
967 2020 1022 2065 et
1062 2009 1263 2064 caadem
1289 2007 1531 2078 corporis
1572 2015 1629 2062 et

106 2120 286 2160 ausam.
317 2103 445 2159 Ecce
469 2105 631 2168 enim,
669 2105 857 2175 inquit,
887 2105 1059 2176 Agnus
1084 2104 1204 2168 Dei,
1235 2104 1322 2174 qui
1349 2103 1482 2156 tollit
1511 2118 1629 2173 pec-

105 2209 218 2251 uum
260 2198 432 2251 mundi
472 2196 653 2268 (Joan.
697 2198 749 2252 1.
791 2195 921 2269 29);
971 2210 1025 2252 et
1071 2198 1293 2253 Paulum
1336 2196 1633 2261 dicentem,

105 2292 189 2342 'um
216 2330 230 2353 ,
263 2289 350 2359 qui
375 2305 475 2344 non
513 2299 719 2343 noverat
748 2301 1008 2360 peccatum
1030 2329 1047 2355 ,
1079 2306 1172 2360 pro
1199 2290 1342 2343 nobis
1368 2292 1489 2360 fecit
1514 2305 1629 2359 pec-

105 2389 215 2433 ztunt
233 2422 247 2446 ,
274 2388 331 2433 ut
360 2396 449 2435 nos
475 2380 708 2450 ﬁerentus
736 2378 832 2434 Dei
868 2381 1070 2452 iustitia
1096 2381 1150 2434 in
1183 2381 1294 2450 ipso
1316 2380 1393 2446 (2.
1422 2379 1540 2435 Cor.
1569 2381 1624 2435 5.

105 2476 140 2545 l)
173 2493 186 2529 :
213 2485 263 2528 et
297 2488 505 2541 rursus,
538 2473 763 2527 Christus
784 2490 874 2527 nos
897 2473 1104 2527 redemit
1132 2490 1164 2526 a
1188 2473 1456 2527 maledicto
1481 2474 1625 2543 legis,

106 2575 211 2619 ctus
239 2582 335 2636 pro
364 2565 506 2620 nobis
529 2565 850 2619 maledictum
874 2563 1069 2633 (Galat.
1101 2566 1154 2620 3.
1181 2565 1269 2634 15)
1292 2582 1306 2629 ;
1337 2576 1390 2619 et
1418 2579 1624 2630 rursus,

106 2657 361 2723 cspolians
395 2656 712 2726 principatus
747 2664 796 2707 et
834 2665 1104 2724 potestates
1147 2656 1364 2709 traducit
1404 2654 1626 2725 (Coloss.

124 2750 234 2818 15),
261 2755 389 2802 acto
429 2747 500 2802 de
540 2747 620 2802 eis
646 2746 957 2816 triumpho;
990 2757 1043 2801 et
1067 2746 1171 2801 alia
1197 2747 1629 2812 innumerabilia,

106 2859 157 2895 tae
182 2842 494 2912 signiﬁcant
522 2857 585 2896 ea
612 2857 731 2912 quze
758 2841 892 2896 facta
919 2850 1045 2897 sunt
1084 2842 1136 2895 in
1173 2840 1319 2896 czede
1360 2843 1625 2911 corporis,

110 2943 340 3003 propter
368 2941 550 2986 nostra
578 2941 814 3001 peceata.
855 2931 969 3001 Ipse
991 2932 1133 2987 enim
1164 2933 1327 2995 dicit,
1362 2930 1466 2986 Pro
1491 2932 1629 2986 vobis

106 3025 302 3091 icti/ica
340 3023 591 3093 meipsum
618 3021 796 3094 (Joan.
828 3023 915 3077 17.
943 3022 1067 3092 19);
1092 3033 1166 3087 et,
1202 3022 1448 3093 Princeps
1478 3023 1630 3093 hujus

112 3116 203 3169 udi
226 3131 372 3169 nunc
415 3113 777 3168 condemnatus
813 3123 884 3167 est
924 3112 1146 3185 (1ά.16.
1173 3113 1284 3186 11),
1321 3112 1628 3185 signiﬁcans

113 3207 288 3263 fuisse
317 3207 586 3274 occisum,
616 3222 736 3262 cum
764 3207 969 3261 nullum
998 3208 1219 3262 haberet
1241 3215 1540 3278 peccatum.
1569 3208 1624 3263 ι.

119 3301 271 3371 quod
317 3302 554 3361 sepultus
592 3309 685 3354 est.
728 3299 842 3355 Hoc
862 3314 1074 3369 quoque
1102 3298 1279 3370 priora
1304 3301 1624 3355 conﬁrmat:

106 3410 139 3447 ιι
171 3392 330 3464 quod
366 3393 660 3462 sepelitur,
689 3391 910 3446 omnino
948 3400 1033 3447 est
1069 3406 1282 3462 corpus.
1315 3392 1383 3447 Et
1406 3393 1493 3449 hic
1519 3408 1625 3449 non

105 3486 251 3555 plius
283 3484 527 3549 addidit,
555 3482 859 3540 Secundum
890 3482 1193 3553 Scripturas
1225 3502 1239 3538 :
1269 3499 1389 3539 nam
1419 3495 1629 3555 poterat

105 3577 259 3637 dem.
293 3575 403 3631 sed
433 3591 537 3629 non
559 3574 722 3629 addit.
750 3574 1149 3641 Quamobrem?
1182 3573 1273 3629 Vel
1301 3575 1422 3645 quia
1449 3577 1629 3646 sepul-

106 3685 149 3722 νη
187 3668 475 3723 omnibus
503 3665 843 3722 manifestum
869 3676 923 3721 et
950 3676 1074 3720 tunc
1100 3666 1201 3721 fuit
1239 3675 1293 3722 et
1331 3682 1473 3722 nunc
1498 3678 1577 3723 est
1608 3686 1623 3723 :

107 3760 248 3831 quia
297 3760 362 3815 in
414 3759 685 3814 communi
715 3758 943 3828 positum
985 3766 1069 3812 est
1114 3756 1279 3824 illud,
1334 3758 1626 3814 Secundum

105 3855 358 3922 ipturas.
389 3850 497 3907 Cur
513 3866 642 3921 ergo
660 3850 825 3913 addit,
855 3848 1149 3904 Secundum
1175 3850 1491 3917 Scripturas,
1518 3851 1623 3916 hic,

110 3946 230 4000 uad
256 3944 557 3999 resurrexit
586 3942 732 3996 tertia
757 3941 839 3995 die
872 3942 1150 3995 secundum
1191 3941 1487 4013 Scripturas
1510 3983 1525 4009 ,
1571 3953 1628 3997 et

147 4044 250 4091 est
307 4041 612 4091 contentus
656 4034 750 4088 illo
793 4032 1001 4103 priori,
1039 4033 1181 4103 quod
1217 4034 1418 4089 dietum
1448 4043 1533 4090 est
1572 4038 1624 4089 in

106 4128 286 4183 muni
313 4128 345 4180 ἲ
378 4126 520 4193 Quia
565 4126 666 4180 hoc
698 4140 912 4195 quoque
941 4124 1122 4178 multis
1147 4134 1264 4179 erat
1286 4126 1546 4180 incertum
1573 4136 1628 4181 et

106 4237 307 4278 orum
330 4237 350 4286 ;
376 4219 504 4275 ideo
529 4218 616 4273 hic
640 4234 855 4290 quoque
878 4217 1181 4286 Scripturas
1196 4211 1436 4289 adjungit
1456 4218 1626 4288 iuSpi-‘

105 4333 148 4383 ς,
186 4328 257 4373 et
293 4315 423 4369 hac
459 4313 683 4383 sapienti
714 4323 770 4367 et
798 4311 973 4366 divina
1005 4319 1251 4380 suscepta
1280 4312 1623 4382 cogitatione.

106 4410 293 4465 nodo
331 4422 481 4477 ergo
507 4422 613 4461 non
640 4406 800 4460 etiam
831 4406 884 4459 in
914 4412 1087 4459 morte
1110 4403 1250 4460 idem
1282 4404 1444 4458 facit?
1482 4404 1626 4470 Quo-

106 4540 108 4555 .
146 4503 290 4558 illic
323 4514 561 4571 quoque
602 4514 735 4553 crux
777 4496 992 4566 quidem
1027 4494 1130 4551 fuit
1170 4496 1418 4551 omnibus
1458 4496 1627 4550 mani-

106 4640 124 4660 ,
169 4605 241 4650 et
274 4591 563 4648 omnibus
587 4590 892 4646 videntibus
916 4588 1063 4643 cruci
1084 4587 1181 4643 fuit
1201 4588 1393 4644 afﬁxus
1419 4606 1432 4655 ;
1463 4604 1622 4644 causa

106 4705 145 4741 ιι
185 4702 332 4741 ηοη
392 4683 545 4737 item.
578 4680 708 4735 Nam
748 4679 890 4750 quod
931 4687 1170 4733 mortuus
1200 4678 1413 4750 quidem
1445 4680 1619 4745 fuerit,

108 4788 279 4832 runt
354 4788 592 4837 omnes;
644 4770 785 4842 quod
821 4782 997 4825 autem
1048 4784 1146 4838 pro
1182 4771 1416 4839 peccatis
1462 4771 1624 4826 totius

160 4872 305 4923 hoc
378 4865 458 4917 sit
509 4876 719 4932 passus,
774 4875 879 4915 non
924 4860 1109 4915 itidem
1161 4861 1403 4915 sciebant
1445 4862 1619 4915 nudti.

106 4976 295 5016 κει-εει
337 4954 579 5010 adducit
623 4951 990 5009 testimonium
1044 4967 1108 5006 ex
1156 4951 1467 5020 Scripturis.
1513 4953 1620 5008 Sed

115 5053 377 5108 uidem
452 5046 582 5100 satis
620 5054 704 5100 est
729 5043 1150 5099 demonstratum
1181 5057 1276 5111 per
1298 5058 1361 5097 ea
1388 5083 1403 5106 ,
1432 5061 1551 5114 quae
1592 5060 1623 5099 a

154 5144 369 5198 d’i‘c’la
428 5146 551 5192 sunt
591 5153 605 5190 :
660 5136 748 5189 ubi
775 5145 953 5189 autem
997 5134 1137 5204 quod
1167 5135 1238 5188 sit
1279 5135 1523 5205 sepultus
1569 5145 1625 5193 et

131 5235 373 5292 tertio
429 5229 518 5284 die
542 5236 686 5283 esset
730 5237 1131 5285 resurrecturus
1152 5266 1169 5291 ,
1195 5225 1445 5281 dixerunt
1479 5228 1623 5283 Scri-

120 5330 155 5382 ?
191 5328 349 5381 Per
387 5320 549 5376 Jonte
569 5320 816 5390 ﬁguram,
847 5333 1002 5387 quam
1030 5317 1144 5387 ipse
1169 5333 1381 5387 quoque
1407 5318 1622 5375 adducit

105 5444 111 5475 ι
162 5440 182 5476 :
230 5417 451 5474 Sicut
494 5415 588 5484 fuit
609 5411 773 5468 Jonas
796 5413 849 5466 in
875 5421 1041 5465 ventre
1075 5413 1168 5465 ceti
1198 5422 1296 5466 tres
1316 5411 1424 5465 dies
1451 5422 1501 5467 et
1521 5424 1621 5469 tres

129 5532 157 5569 :
197 5515 309 5567 ita
348 5507 473 5562 erit
493 5510 648 5563 etiam
668 5506 829 5561 Filius
851 5505 1067 5559 hominis
1092 5505 1147 5558 in
1171 5505 1324 5559 corde
1347 5514 1496 5560 terra:
1519 5516 1619 5562 tres

105 5619 128 5661 t
204 5616 369 5659 Ire:
435 5609 601 5653 noctes
649 5598 858 5669 (Matth.
890 5597 975 5650 12.
1003 5595 1116 5669 40).
1145 5597 1249 5653 Per
1294 5597 1483 5654 rubum
1526 5600 1617 5669 qui

106 5718 137 5755 rt
174 5698 491 5755 deserto
518 5691 709 5762 (Exod.
734 5691 805 5762 3)
832 5708 846 5745 :
876 5689 1323 5761 quemadmodum
1352 5690 1617 5749 enimille

381 5786 670 5847 ΡΑτιιοι..
710 5791 824 5848 (in.
878 5795 1033 5853 L.\l.

3208 236 3314 292 526

1728 344 1952 401 ardebat
1977 353 2033 402 et
2057 361 2163 401 non
2191 340 2633 412 eamburebatur,
2665 347 2736 402 ita
2757 348 2919 404 etiam
2946 365 3142 424 corpus
3170 353 3321 412 illius

1726 445 1994 492 mortuum
2040 438 2253 508 quidem
2311 437 2426 503 fuit,
2478 453 2584 493 non
2615 439 2892 495 detentum
2938 454 3116 501 autem
3142 446 3245 502 fuit
3286 466 3315 504 ιι

1724 538 1899 584 morte
1921 538 2201 599 perpetuo.
2238 529 2408 584 Draco
2437 531 2560 584 item
2589 532 2677 601 qui
2725 533 2821 586 fuit
2848 542 3088 604 tempore
3115 536 3316 597 Danie-

1726 621 1791 675 lis
1818 621 1837 690 (
1860 621 1992 676 Dan.
2018 621 2104 693 14)
2135 622 2235 677 hoc
2264 623 2423 678 tacite
2450 623 2733 693 signiﬁcat.
2768 625 2900 680 Nam
2928 629 3068 685 sicut
3098 631 3189 688 ille
3220 649 3314 689 ac-

1726 722 1883 783 cepto
1911 714 2240 768 nutrimento
2259 754 2274 776 ,
2302 713 2441 782 quod
2489 714 2632 769 dedit
2679 718 2938 785 pr0pheta
2960 760 2975 785 ,
3020 733 3209 791 ruptus
3232 736 3319 779 est

1726 806 1975 860 medius:
2006 806 2077 859 ila
2102 806 2265 860 etiam
2317 807 2581 869 infernus,
2625 808 2884 863 devorato
2929 811 3021 865 illo
3063 827 3311 884 corpore.

1728 896 1828 952 fuit
1855 898 2134 957 discissus.
2163 915 2284 953 cum
2318 900 2483 968 ipsius
2505 915 2703 971 corpus
2727 915 2968 959 ventrem
3000 906 3120 975 ejus
3146 909 3320 965 disse-

1727 990 1946 1055 cuisset,
1973 998 2028 1044 et
2057 990 2402 1045 surrexisset.
2431 992 2485 1047 Si
2508 1000 2687 1046 autem
2711 992 2827 1047 haec
2850 997 3008 1050 etiam
3033 1003 3113 1053 vis
3134 1000 3315 1057 verbis
3358 1039 3366 1045 -

1728 1079 1914 1135 audire
1940 1122 1955 1147 ,
1988 1097 2107 1149 quae
2135 1081 2310 1136 vidisti
2340 1097 2436 1151 per
2464 1082 2662 1153 ﬁguras
2686 1125 2702 1150 ,
2749 1087 2871 1139 audi
2906 1086 3092 1143 Isaiam
3132 1090 3319 1146 dicen-

1729 1181 1836 1226 tem
1870 1191 1883 1227 :
1914 1171 2131 1225 Tollitur
2151 1182 2332 1226 eterra
2358 1174 2459 1226 vita
2478 1176 2591 1244 ejus
2615 1190 2633 1228 :
2658 1183 2712 1229 et
2736 1216 2750 1241 ,
2790 1174 3045 1232 Dominus
3068 1182 3173 1234 vult
3200 1198 3315 1237 eum

1729 1262 1977 1316 mundare
2015 1280 2046 1316 a
2085 1264 2235 1334 plaga
2255 1305 2272 1327 ,
2299 1274 2355 1318 ut
2382 1266 2614 1319 ostendat
2649 1267 2729 1320 illi
2757 1268 3107 1341 lumen.(lsai.
3133 1274 3223 1328 55.
3255 1276 3317 1330 8.

1731 1354 1859 1423 10);
1897 1367 1951 1408 et
1994 1356 2159 1411 David
2201 1367 2327 1414 ante
2376 1358 2523 1413 illum
2544 1399 2559 1423 ,
2590 1357 2712 1413 Non
2742 1361 3057 1432 derelinques
3091 1367 3316 1420 animam

1730 1463 1891 1499 meum
1916 1448 1970 1500 in
1998 1449 2219 1516 inferno,
2248 1465 2408 1519 neque
2429 1450 2573 1506 dabis
2591 1466 2820 1507 sanctum
2839 1464 2981 1508 tuum
3010 1457 3179 1513 videre
3203 1478 3318 1514 cor-

1729 1538 2014 1607 ruptionem
2037 1536 2211 1610 (Psal.
2228 1540 2317 1595 15.
2343 1540 2458 1610 10).
2480 1541 2770 1612 Propterea
2802 1554 2855 1600 te
2881 1562 3094 1617 quoque
3121 1550 3319 1605 Paulus

1732 1629 2044 1682 transmittit
2085 1628 2154 1684 ad
2197 1629 2545 1700 Scripturas,
2589 1645 2646 1687 ut
2674 1635 2813 1690 scias
2841 1635 2955 1691 inec
2997 1655 3104 1693 non
3154 1641 3318 1696 fuisse

1730 1720 1865 1774 facta
1891 1730 2095 1777 temere
2122 1731 2179 1777 et
2205 1722 2303 1778 abs
2332 1740 2411 1779 re.
2446 1725 2726 1792 Quomodo
2747 1730 2912 1796 enim,
2936 1745 3056 1785 cum
3087 1742 3162 1787 tot
3193 1752 3318 1803 pro-

1732 1815 1906 1882 pheta:
1960 1828 2022 1867 ea
2081 1814 2228 1883 prius
2278 1815 2590 1872 describant
2642 1830 2698 1873 et
2747 1823 3109 1890 proclament,
3170 1828 3317 1896 quod

1730 1906 1999 1978 Scriptura
2024 1922 2282 1979 nusquam
2307 1909 2450 1963 dicat
2479 1921 2704 1965 mortem
2732 1916 2953 1982 peccati,
2986 1922 3313 1974 mentionem

1732 1998 1934 2053 faciens
1961 2001 2148 2054 mortis
2178 2000 2409 2069 Domini,
2432 2001 2526 2057 sed
2550 2005 2886 2073 corporalem
2910 2017 2963 2061 et
2984 2010 3315 2079 sepulturam

1732 2100 1786 2146 et
1814 2092 1971 2146 talem
2004 2094 2449 2149 resurrectionem
2472 2094 2495 2147 ?
2520 2095 2574 2150 5.
2608 2095 2672 2150 Et
2698 2099 2836 2167 quod
2859 2100 2996 2154 visus
3017 2113 3090 2156 est
3106 2101 3315 2174 Cen/ue.

1732 2183 1864 2237 Eum
1896 2184 2074 2238 Statim
2099 2185 2268 2254 ponit,
2301 2187 2391 2257 qui
2431 2196 2514 2243 est
2543 2191 2780 2243 omnium
2814 2190 2917 2246 ﬁde
2947 2193 3314 2264 dignissimus.

1736 2275 1800 2329 Et
1828 2286 1940 2346 post
1966 2277 2060 2330 hoc
2086 2278 2352 2333 duodecim
2388 2295 2409 2333 :
2446 2280 2502 2336 6.
2526 2281 2708 2337 deinde
2740 2284 2878 2338 visus
2907 2296 2979 2339 est
3014 2287 3130 2356 plus
3163 2306 3318 2357 quam

1730 2371 2014 2440 quingentis
2039 2371 2281 2440 fratribus
2302 2373 2476 2433 simul.
2496 2391 2560 2429 ea:
2577 2377 2759 2445 quibus
2776 2379 2923 2431 multi
2939 2393 3140 2435 manent
3161 2400 3318 2454 usque

1730 2462 1898 2514 adhuc
1922 2504 1936 2527 ,
1964 2462 2172 2532 quidam
2197 2475 2367 2518 autem
2407 2466 2721 2521 dormierunt
2750 2485 2768 2523 :
2800 2470 2851 2523 7.
2877 2471 3057 2527 deinde
3088 2476 3219 2529 visus
3244 2486 3319 2531 est

1729 2553 1943 2621 Iacobo,
1973 2555 2156 2610 deinde
2178 2560 2425 2627 apostolis
2459 2560 2693 2616 onmibus
2718 2578 2737 2616 :
2762 2563 2816 2618 8.
2858 2566 3122 2621 novissime
3147 2579 3318 2624 autem

1730 2648 1954 2701 omnium
1980 2657 2236 2719 tamquam
2261 2650 2487 2705 abortivo
2513 2654 2650 2707 visus
2675 2663 2748 2708 est
2769 2670 2819 2709 et
2851 2657 2997 2710 mihi.
3026 2658 3317 2731 Postquam

1730 2739 1872 2794 enim
1897 2739 2042 2792 illam
2072 2755 2138 2794 ex
2177 2740 2469 2811 Scripturis
2509 2744 2746 2800 ostendit
2778 2746 3316 2821 demonstrationem,

1730 2846 1849 2885 eam
1880 2833 2044 2887 etiam
2072 2833 2221 2889 addit
2248 2851 2369 2906 quae
2401 2852 2497 2905 per
2521 2853 2609 2893 res
2636 2839 2713 2900 lit,
2740 2848 2909 2896 testes
2928 2842 3205 2901 adducens
3229 2862 3319 2902 re-

1730 2923 2081 2978 surrectionis
2101 2935 2223 2994 post
2245 2927 2533 2997 prophetas
2552 2932 2828 2999 apostolos
2843 2943 2898 2988 et
2912 2935 3047 2991 alios
3070 2938 3316 2996 homines

1731 3014 1935 3070 ﬁdeles.
1960 3014 2018 3070 Si
2059 3028 2239 3073 autem
2276 3019 2419 3074 illam
2462 3025 2914 3082 resurrectionem
2951 3027 3173 3086 dixisset
3197 3047 3320 3088 esse

1729 3120 1761 3160 a
1781 3116 2003 3177 peccato
2018 3107 2412 3177 liberationem,
2432 3126 2885 3183 supervacaneum
2904 3118 3095 3176 fuisset
3112 3123 3315 3189 dicere,

1730 3196 1894 3254 Visus
1918 3209 2002 3254 est
2030 3198 2154 3256 huic
2194 3210 2247 3256 ct
2286 3203 2384 3257 illi.
2419 3204 2532 3261 Hoc
2557 3208 2702 3262 enim
2729 3216 2814 3264 est
2832 3210 2951 3280 ejus
2977 3214 3066 3281 qui
3099 3213 3223 3270 facit
3251 3217 3318 3271 tl-

1731 3289 1855 3345 dem
1885 3295 2298 3349 resurrectionis
2323 3298 2586 3367 corporis,
2620 3314 2724 3355 non
2753 3301 2871 3371 ejus
2894 3304 2983 3374 qui
3012 3305 3321 3363 subindicat

1730 3382 2104 3440 liberationem
2132 3400 2161 3440 a
2194 3389 2446 3455 peccatis.

1801 3476 1856 3531 4.
1897 3475 2185 3548 Propterea
2237 3493 2411 3550 neque
2462 3482 2626 3538 semel
2669 3483 2803 3539 dixit
2837 3485 2989 3553 illud,
3034 3487 3179 3544 Visus
3210 3502 3308 3557 est,

1731 3582 2053 3639 quamquam
2076 3570 2129 3626 id
2147 3570 2691 3629 suﬂ‘ecissetdictione
2721 3575 2773 3629 in
2803 3580 3071 3633 communi
3095 3582 3265 3650 posita
3302 3602 3316 3638 :

1731 3674 1874 3714 nunc
1898 3668 2076 3715 autem
2104 3671 2158 3715 et
2188 3662 2267 3717 bis
2288 3672 2343 3719 et
2371 3672 2453 3720 ter
2478 3681 2596 3721 eam
2627 3668 2802 3738 ponit,
2834 3679 2889 3724 et
2913 3671 2963 3725 in
2996 3688 3320 3745 unoquoque

1732 3749 1843 3805 fere
1866 3766 2053 3806 eorum
2091 3754 2180 3823 qui
2209 3755 2475 3811 viderunt.
2515 3756 2664 3813 Visus
2705 3771 2775 3814 est
2804 3764 2966 3821 enim.
2999 3766 3186 3832 inquit,
3220 3768 3317 3822 Ce-

1733 3842 1881 3910 phce;
1904 3843 2039 3897 visus
2059 3855 2130 3897 est
2158 3845 2424 3915 plusquam
2452 3851 2736 3921 quingentis
2759 3855 3038 3923 fratribus;
3083 3859 3217 3913 visus
3245 3870 3320 3915 est

1730 3942 1779 3987 et
1804 3934 1946 3988 mihi.
2003 3937 2163 4006 Atqui
2218 3938 2564 4010 Evangelium
2609 3942 2737 3996 dicit
2776 3949 3124 4015 contrarium,
3173 3954 3315 4023 quod

1730 4028 1877 4082 visus
1905 4028 1974 4083 sit
1994 4028 2222 4099 primum
2252 4030 2451 4087 Mariae.
2477 4032 2583 4089 Sed
2615 4036 2753 4091 inter
2771 4038 2913 4092 viros
2941 4039 3063 4095 huic
3087 4044 3315 4112 primum

1729 4129 1812 4175 est
1837 4121 1980 4175 visus
2000 4122 2089 4190 qui
2117 4122 2348 4178 maxime
2372 4138 2496 4178 eum
2522 4126 2773 4195 cupiebat
2802 4128 3013 4185 videre.
3043 4132 3314 4199 Quosnam

1730 4220 1906 4265 autem
1930 4212 2016 4265 hic
2032 4210 2161 4265 dicit
2181 4211 2461 4269 duodecim
2483 4216 2795 4285 apostolos?
2822 4234 2945 4274 nam
2970 4232 3091 4291 post
3110 4240 3317 4280 assum-

1730 4303 1966 4373 ptiouem
1991 4304 2041 4357 in
2064 4318 2250 4359 eorum
2276 4321 2556 4362 numerum
2578 4311 2775 4365 relatus
2796 4310 2893 4366 fuit
2918 4313 3186 4385 Matthias,
3208 4335 3314 4375 non

1730 4397 1910 4451 statim
1962 4406 2080 4465 post
2110 4400 2582 4456 resurrectionem.
2615 4401 2722 4458 Sed
2752 4413 2834 4458 est
2862 4407 3154 4465 verisimile
3191 4427 3314 4468 eum

1732 4487 1895 4543 fuisse
1923 4489 2093 4542 visum
2116 4489 2276 4543 etiam
2309 4501 2431 4560 post
2454 4501 2896 4563 assumptionem.
2933 4497 3029 4555 Hic
3055 4500 3171 4571 ipse
3200 4505 3319 4574 quis

1730 4583 1850 4638 dem
1878 4587 2025 4637 certe
2052 4583 2328 4654 apostolus
2366 4593 2486 4657 post
2524 4589 2944 4657 assumptionem
2991 4602 3047 4646 et
3094 4604 3317 4653 vocatus

1730 4674 1851 4740 fuit,
1883 4684 1938 4730 et
1982 4676 2151 4744 ipsum
2183 4675 2334 4730 vidit.
2377 4677 2663 4747 Propterea
2694 4694 2869 4749 neque
2894 4684 3044 4751 ponit
3070 4693 3311 4756 tempus,

1730 4767 1823 4822 sed
1853 4767 2099 4823 absolute
2121 4778 2173 4822 et
2200 4768 2474 4825 indeﬁnite
2502 4780 2747 4825 recenset
2766 4771 2999 4828 visiones
3031 4794 3045 4829 :
3078 4792 3198 4832 nam
3221 4794 3309 4836 ve-

1731 4861 1954 4916 risimile
1983 4871 2062 4915 cst
2090 4862 2283 4916 multas
2311 4862 2495 4918 fuisse.
2526 4861 2650 4917 ideo
2677 4860 2912 4921 luanncs
2927 4882 3139 4938 quoque
3156 4871 3310 4940 dixit,

1731 4954 1912 5009 Tertio
1936 4955 2046 5024 jam
2072 4956 2430 5009 manifestavit
2458 4957 2712 5025 seipsum.
2737 4956 2938 5013 Deinde
2967 4961 3099 5016 visus
3127 4975 3200 5017 est
3220 4970 3316 5019 su;

1730 5064 1825 5119 pra
1844 5047 2127 5117 quingentis
2152 5047 2396 5118 fratribus
2424 5046 2615 5119 (Joan.
2643 5048 2736 5104 21.
2794 5051 2817 5105 1
2940 5052 3115 5122 Aliqui
3148 5056 3275 5112 illud
3310 5098 3325 5122 ,

1732 5138 2117 5211 Supra,dicunt
2136 5153 2257 5193 esse
2278 5153 2436 5208 supra
2458 5154 2489 5193 e
2516 5139 2681 5196 curiis.
2707 5139 2824 5196 Non
2845 5143 2988 5199 enim
3009 5159 3167 5214 supra
3200 5158 3282 5201 ter
3300 5177 3319 5186 -

1729 5247 1847 5289 ram
1880 5232 2149 5302 gradiens,
2177 5230 2270 5286 sed
2302 5246 2534 5302 superne
2555 5242 2610 5286 et
2650 5247 2809 5305 supra
2838 5245 2998 5304 caput
3045 5238 3124 5292 eis
3165 5240 3313 5296 visus

1729 5335 1830 5379 est.
1866 5323 1983 5378 Non
2022 5323 2194 5377 solum
2234 5324 2375 5376 enim
2407 5323 2620 5378 volebat
2662 5323 2838 5379 facere
2868 5325 3026 5382 ﬁdem
3062 5343 3311 5386 resnrre-

1728 5418 1911 5482 ctioni,
1936 5415 2032 5471 sed
2057 5416 2218 5471 etiam
2248 5417 2622 5486 assumptioni.
2666 5417 2889 5485 Quidam
2915 5430 3095 5475 autem
3143 5422 3305 5491 illud,

1728 5510 1902 5582 Supra
1925 5508 2226 5580 quingentis,
2254 5508 2437 5563 dicunt
2456 5508 2733 5580 plusquam
2752 5511 3077 5581 quingentis.
3099 5512 3182 5567 Ea:
3203 5516 3311 5583 qui.

1727 5605 1819 5660 bus
1838 5600 1985 5657 multi
2009 5610 2210 5656 manent
2235 5617 2391 5672 usque
2412 5601 2600 5656 adhuc.
2623 5600 2754 5656 Nam
2774 5602 2897 5668 etsi,
2920 5602 3112 5673 inquit,
3144 5617 3310 5661 narro

1729 5712 1818 5754 res
1869 5695 2135 5766 antiquas,
2176 5693 2350 5750 habeo
2400 5703 2579 5751 tamen
2624 5702 2791 5751 testes
2816 5692 2994 5750 adhuc
3040 5704 3303 5752 viventes.

2918 5792 2989 5852 21
