3802 6214
421 222 523 274 3-)?
1142 220 1197 274 S.
1239 213 1518 273 J‘OANNIS
1550 207 2025 272 CIlBYSOS’l‘OMI
2064 209 2379 269 ARCBIEP.
2420 201 2959 266 CONSTANTINOP.

306 392 314 401 .
405 342 628 408 Quadam
653 348 820 393 autem
848 334 1186 391 dormierunt.
1225 331 1344 389 Non
1388 330 1544 394 dixit,
1591 327 1787 384 Mortui
1826 332 1987 388 sunt;

404 432 522 495 sed,
540 430 891 493 Dormierunt,
937 426 1038 482 hac
1072 438 1286 495 quoque
1309 421 1544 478 dictione
1574 432 1762 476 rursus
1788 416 1987 473 conﬁr-

408 540 558 577 litum
589 520 1063 577 resurrectionem.
1110 516 1303 570 Deinde
1340 517 1476 570 visus
1502 523 1576 568 est
1602 510 1818 565 Iacobo.
1865 508 1991 563 Mihi

406 620 619 674 videtur
648 618 845 680 dicere,
876 614 1022 669 fratri
1052 628 1150 667 suo
1170 630 1183 666 :
1204 613 1317 680 ipse
1336 610 1479 665 enim
1495 608 1690 663 dicitur
1704 608 1752 662 ei
1775 619 1990 659 manum

407 710 727 780 imposuisse
752 723 814 763 ac
834 707 1004 775 ipsum
1029 702 1328 765 ordinasse,
1350 710 1406 756 et
1431 700 1657 769 primum
1683 697 1991 768 episcopum

407 807 599 860 fecisse
625 801 995 872 lernsolymis.
1030 796 1229 853 Deinde
1263 796 1507 867 apostolis
1548 793 1799 848 omnibus.
1829 792 1997 846 Erant

408 899 549 952 enim
579 896 740 952 etiam
788 893 881 948 alii
908 891 1161 962 apostoli,
1207 899 1267 944 ut
1318 887 1676 957 septuaginta.
1710 882 1997 938 Novissime

407 1001 575 1045 autem
590 989 818 1043 omnium
836 996 1094 1057 tamquam
1109 983 1266 1038 alicui
1284 982 1508 1036 abortivo
1529 980 1664 1034 visus
1684 988 1756 1033 est
1776 988 1823 1031 et
1848 976 1993 1031 mihi.

407 1082 520 1137 Hoc
550 1080 770 1147 verbum
802 1076 1120 1133 modestiam
1151 1073 1307 1129 valde
1335 1070 1491 1141 sapit.
1527 1069 1642 1155 Non
1693 1068 1835 1123 enim
1863 1082 1996 1138 quo-

408 1175 549 1228 niam
580 1180 698 1228 crat
726 1170 1000 1235 minimus,
1035 1176 1316 1238 propterea
1344 1172 1465 1234 post
1483 1162 1618 1216 alios
1643 1162 1695 1216 ei
1717 1160 1863 1215 visus
1890 1168 1996 1215 est.

407 1265 539 1319 Nam
570 1263 781 1320 etiamsi
825 1277 889 1319 se
912 1261 1123 1317 vocavit
1160 1257 1428 1321 ultimum,
1456 1253 1616 1324 longe
1646 1252 1713 1307 iis
1754 1250 1845 1321 qui
1871 1258 1998 1305 ante

408 1358 583 1427 ipsum
610 1358 843 1419 fuerunt,
865 1352 951 1408 vel
974 1352 1146 1422 potius
1168 1347 1417 1405 omnibus
1434 1346 1581 1400 visus
1596 1353 1678 1399 est
1700 1342 1956 1398 illustrior
1978 1357 1994 1396 :

409 1465 511 1505 nec
537 1446 813 1519 quingenti
840 1444 1035 1500 fratres
1060 1440 1264 1498 Jacobo
1297 1440 1515 1494 fuerunt
1555 1436 1827 1501 meliores,
1857 1446 1997 1504 quo-

409 1543 553 1597 uiam
582 1548 709 1595 ante
736 1537 885 1593 illum
911 1536 991 1591 eis
1018 1534 1165 1589 visus
1183 1540 1287 1588 est.
1329 1531 1394 1585 Et
1412 1544 1509 1584 cur
1534 1541 1640 1581 non
1664 1524 1823 1581 simul
1850 1524 1999 1579 visus

407 1645 493 1690 rst
517 1629 899 1690 omnibusflJt
926 1628 1049 1683 ﬁdei
1075 1625 1281 1682 semina
1308 1623 1457 1694 prius
1492 1620 1715 1691 jaceret.
1746 1617 1879 1672 Nam
1907 1616 1997 1686 qui

409 1728 554 1798 prior
582 1725 733 1790 vidit,
765 1732 821 1779 et
844 1730 1032 1777 exacte
1059 1718 1235 1775 factus
1256 1726 1342 1773 est
1381 1714 1600 1777 certior,
1646 1711 1765 1765 aliis
1790 1724 2001 1763 annuu-

405 1818 609 1873 tiabat:
636 1814 833 1871 deinde
873 1826 1054 1868 sermo
1098 1808 1437 1881 pmveniens
1465 1802 1827 1860 constituebat
1874 1813 1998 1854 eum

406 1909 494 1979 qui
524 1908 800 1974 audiebat,
826 1906 879 1961 in
908 1918 1097 1974 magna
1126 1901 1288 1971 hujus
1311 1896 1555 1953 miraculi
1576 1893 1996 1965 exspectatione,

405 2012 459 2057 et
484 2003 625 2056 viam
655 1998 934 2055 muniebat
961 1995 1028 2051 ad
1054 1994 1215 2050 ﬁdem
1241 2001 1368 2049 ante
1396 1990 1679 2045 visionem.
1708 1987 2000 2057 Propterea

404 2106 583 2162 neque
606 2089 763 2146 simul
780 2088 928 2143 visus
948 2097 1031 2143 est
1054 2084 1326 2149 omnibus,
1349 2096 1522 2152 neque
1544 2080 1596 2134 iu
1617 2078 1768 2134 initio
1793 2076 1997 2142 multis,

407 2186 505 2241 sed
535 2185 624 2240 uui
648 2184 747 2239 soli
770 2184 1021 2253 primum,
1038 2180 1195 2251 eique
1214 2177 1451 2234 omnium
1468 2173 1755 2247 coryphmo
1782 2180 1838 2227 et
1864 2169 1999 2225 ﬁde-

408 2277 639 2332 lissimo.
672 2273 1007 2330 Fidelissima
1038 2271 1184 2327 enim
1234 2268 1468 2325 maxime
1494 2267 1669 2321 anima
1696 2277 1834 2335 opus
1862 2270 1998 2326 erat,

405 2384 529 2438 qua:
556 2368 722 2437 prima
752 2367 891 2421 hanc
911 2366 1176 2434 acciperet
1201 2362 1484 2418 visionem.
1512 2358 1645 2414 Nam
1666 2357 1757 2429 qui
1778 2354 2001 2425 aspicie-

408 2464 538 2520 baut
569 2473 847 2533 postquam
874 2461 964 2515 alii
992 2459 1256 2515 vidissent
1300 2464 1353 2511 ct
1396 2455 1467 2509 ah
1505 2454 1635 2524 ipsis
1662 2450 1998 2511 audiissent,

411 2553 682 2610 habebant
706 2554 918 2609 illorum
951 2549 1334 2611 testimonium,
1359 2562 1465 2601 non
1500 2558 1689 2616 parum
1716 2541 2002 2598 conferens

410 2646 479 2701 ad
507 2646 664 2701 ﬁdem
695 2644 1013 2709 faciundam,
1038 2651 1094 2698 et
1139 2653 1451 2711 praeparans
1474 2654 1661 2694 eorum
1714 2643 1950 2692 mentem
1982 2650 1997 2685 :

412 2738 501 2810 qui
526 2747 703 2794 autem
725 2738 930 2807 primus
954 2735 1146 2805 dignus
1167 2743 1250 2789 est
1280 2732 1492 2787 habitus
1518 2732 1607 2801 qui
1629 2746 1749 2784 eum
1772 2728 1997 2795 videret,

414 2846 625 2901 magna,
659 2829 797 2885 sicut
826 2838 983 2882 antea
1028 2826 1158 2894 dixi,
1206 2824 1311 2879 lide
1340 2838 1475 2894 opus
1504 2821 1773 2887 habebat,
1805 2835 1873 2875 ne
1900 2819 1999 2873 ad-

414 2924 667 2992 mirabili,
692 2934 748 2979 et
774 2922 916 2992 quod
946 2936 1162 2977 omnem
1185 2930 1403 2990 superat
1423 2920 1751 2990 Opinionem,
1778 2927 2001 2972 contur-

414 3019 633 3074 haretur
657 3013 984 3089 spectaculo.
1012 3013 1301 3085 Propterea
1334 3011 1562 3081 primum
1580 3018 1796 3081 apparet
1815 3008 1997 3063 Petro.

410 3108 542 3165 Nam
572 3109 661 3179 qui
694 3107 900 3178 primus
927 3104 1201 3161 Christum
1245 3110 1330 3159 est
1373 3102 1671 3167 confessus,
1693 3099 1815 3170 jure
1838 3100 1999 3155 etiam

410 3202 604 3272 dignus
626 3210 707 3256 est
726 3198 939 3254 habitus
965 3197 1056 3268 qui
1080 3196 1284 3267 primus
1302 3193 1509 3250 videret
1532 3192 1997 3249 resurrectionem.

412 3292 528 3348 Non
560 3299 779 3363 propter
811 3289 913 3344 hoc
936 3299 1115 3343 autem
1146 3292 1368 3357 apparet
1401 3283 1501 3339 soli
1520 3283 1681 3340 Petro
1704 3321 1720 3348 ,
1750 3282 1845 3337 sed
1865 3297 2000 3351 quo-

410 3382 558 3437 uiam
584 3392 639 3437 et
665 3382 835 3453 ipsum
867 3387 1175 3450 negaverat,
1205 3393 1268 3432 ex
1296 3374 1621 3431 abundantia
1651 3389 1773 3429 cum
1801 3387 1999 3428 conso-

416 3478 531 3532 laus
556 3484 612 3532 et
635 3474 923 3530 ostendens
943 3487 1049 3527 non
1080 3486 1202 3527 esse
1226 3470 1498 3540 repulsum
1517 3509 1532 3535 ,
1560 3476 1684 3522 ante
1708 3467 1846 3522 alios
1874 3481 1997 3520 eum

417 3569 520 3625 hac
538 3568 788 3639 dignatus
809 3576 893 3622 est
916 3566 1145 3628 visione,
1177 3572 1229 3618 et
1258 3561 1432 3632 primo
1450 3574 1581 3616 oves
1610 3559 1844 3614 tradidit.
1876 3558 2003 3613 Pro-

418 3671 598 3733 pterea
624 3662 785 3717 etiam
834 3659 1024 3731 primis
1052 3658 1199 3713 visus
1226 3665 1310 3711 est
1352 3654 1685 3710 mulieribus.
1740 3653 2001 3722 Quoniam

419 3753 643 3808 minoris
672 3751 993 3808 conditionis
1022 3759 1135 3805 erat
1166 3749 1252 3804 hic
1276 3761 1457 3811 sexus,
1491 3758 1771 3818 propterea
1811 3746 2005 3801 mulier

416 3855 473 3903 et
495 3846 546 3899 in
567 3844 684 3913 ejus
714 3852 833 3898 ortu
862 3851 916 3897 et
945 3847 999 3896 ln
1042 3840 1438 3897 resurrectione
1474 3838 1644 3908 prima
1673 3841 1833 3892 sentit
1884 3853 2005 3907 gra-

420 3938 570 3995 tiam.
600 3934 727 3992 Post
755 3934 970 3990 Petrum
997 3942 1175 3987 autem
1207 3941 1259 3987 et
1282 3930 1512 4000 sparsim
1538 3930 1823 4001 unicuique
1841 3944 2005 3999 appa-

419 4037 540 4091 ret;
595 4037 650 4083 et
691 4025 978 4096 aliquando
1025 4022 1240 4093 quidem
1294 4021 1669 4092 paucioribus,
1717 4021 2005 4091 aliquando

400 4129 597 4175 'autem
626 4116 887 4188 pluribus,
932 4115 1081 4186 ipsos
1120 4113 1260 4168 inter
1287 4126 1348 4167 se
1394 4121 1558 4167 testes
1597 4121 1652 4167 et
1676 4112 1922 4167 doctores
1949 4112 2003 4166 iu

418 4211 522 4266 hoc
547 4208 768 4275 faciens,
820 4214 876 4262 et
924 4204 1198 4277 apostolos
1227 4203 1458 4260 reddens
1500 4203 1606 4260 ﬁde
1630 4204 1820 4275 dignos
1851 4206 1902 4258 in
1940 4206 2008 4257 iis

415 4317 537 4375 qua:
561 4301 828 4357 dicebant.
853 4296 1141 4353 Novissime
1167 4306 1334 4351 autem
1364 4296 1589 4351 omnium
1616 4306 1872 4369 tamquam
1897 4300 2007 4351 cui-

414 4395 537 4452 dam
555 4394 779 4450 abortivo
799 4392 935 4448 visus
959 4400 1033 4447 est
1073 4390 1217 4445 mihi.
1238 4390 1376 4459 Quid
1401 4390 1501 4446 sibi
1529 4390 1717 4445 volunt
1759 4390 1844 4444 hic
1890 4390 2005 4445 hzcc

414 4488 581 4545 verba
604 4483 942 4552 humilitatis,
965 4490 1057 4537 aut
1085 4496 1370 4553 quamuam
1398 4480 1599 4538 habent
1627 4482 2005 4537 occasionem?

412 4579 549 4638 Nam
573 4579 617 4634 si
648 4578 760 4633 vult
784 4591 844 4633 se
867 4590 990 4632 esse
1009 4573 1112 4631 ﬁde
1135 4573 1353 4645 dignum
1375 4582 1430 4629 et
1457 4574 1693 4645 seipsum
1721 4572 1920 4629 referre
1951 4575 2003 4627 in

418 4688 698 4731 numerum
718 4670 931 4726 testium
948 4668 1378 4732 resurrectionis,
1400 4661 1725 4723 contrarium
1751 4667 1874 4723 facit
1888 4668 2004 4736 ejus

417 4763 562 4835 quod
575 4763 786 4820 volebat
805 4780 820 4818 :
837 4760 1269 4834 oporteretenim
1281 4773 1340 4813 se
1357 4758 1635 4824 extollere,
1650 4766 1707 4815 et
1720 4760 2006 4814 ostendere

418 4872 542 4914 esse
569 4871 840 4925 magnum,
867 4851 1011 4925 quod
1035 4864 1183 4922 saepe
1212 4850 1339 4905 facit
1357 4864 1479 4906 cum
1512 4859 1723 4919 tempus
1751 4850 1999 4918 postulat.

421 4951 709 5018 Propterea
738 4948 881 5002 enim
940 4945 1027 5001 hic
1062 4958 1274 5015 quoque
1311 4940 1554 4997 modeste
1591 4941 1839 5008 loquitur,
1871 4960 2001 5010 quo.

418 5043 562 5098 niam
582 5039 682 5095 hoc
700 5052 816 5095 erat
832 5036 1102 5103 facturus;
1124 5036 1217 5092 sed
1240 5050 1344 5090 non
1364 5034 1567 5101 statim,
1592 5047 1774 5089 verum
1798 5051 1917 5089 cum
1939 5050 2003 5090 ea

418 5149 521 5203 qua
547 5147 641 5201 par
664 5140 748 5186 est
773 5130 1076 5202 prudentia.
1104 5128 1237 5184 Nam
1262 5144 1384 5183 cum
1416 5128 1565 5199 prius
1593 5126 1833 5184 modeste
1858 5138 2005 5185 esset

418 5227 692 5295 loquutus,
720 5231 775 5277 et
798 5223 851 5276 in
880 5237 939 5277 se
970 5221 1166 5276 multas
1196 5221 1555 5291 congessisset
1578 5221 2000 5289 criminationes,

416 5330 545 5372 tunc
572 5331 658 5370 res
684 5330 809 5368 suas
844 5314 1148 5381 ampliﬁcat.
1192 5314 1406 5381 Quare?
1452 5313 1520 5371 Ut
1572 5329 1694 5369 cum
1751 5330 2000 5387 magnum

416 5408 692 5483 quidpiam
720 5416 775 5462 et
803 5406 1035 5461 sublime
1063 5404 1129 5459 de
1159 5421 1215 5458 sc.-
1248 5406 1494 5473 quuutus
1538 5405 1716 5467 fuerit,
1747 5418 1807 5462 ut
1846 5408 1997 5473 illud,

415 5504 543 5559 Plus
571 5519 723 5573 quam
743 5515 918 5556 omnes
936 5498 1180 5561 laboraui,
1211 5514 1272 5553 ca
1303 5501 1509 5553 ratione
1530 5510 1676 5570 grata
1698 5511 1751 5556 et
1781 5512 1997 5573 accepta

414 5598 482 5654 sit
506 5596 702 5659 oratio,
732 5593 875 5663 quod
902 5608 969 5649 ex
996 5591 1227 5662 quadam
1257 5590 1458 5646 dictum
1486 5592 1557 5646 sit
1592 5594 1995 5664 consequentia,

380 5709 519 5747 .nou
552 5706 614 5746 cx
654 5684 990 5756 praecedoxzte
1037 5682 1301 5739 instituto.
1337 5682 1628 5752 Propterea
1678 5688 1837 5742 etiam
1865 5691 1998 5744 scri-

3590 212 3684 269 :28

2095 321 2228 378 hens
2268 323 2335 378 ad
2369 321 2731 389 Timotheum,
2777 339 2898 379 cum
2946 332 3092 382 esset
3117 340 3308 396 magna
3338 326 3412 383 de
3440 342 3508 382 se
3527 326 3686 384 dila-

2092 428 2205 478 rus,
2256 414 2403 484 prius
2434 416 2581 483 ponit
2622 430 2749 470 suas
2786 415 3192 473 criminationes
3221 420 3315 489 (ι.
3345 417 3499 473 Tim.
3527 419 3583 473 1.
3608 420 3684 473 l2.

2091 521 2225 576 seqq.
2244 506 2288 577 ).
2320 505 2455 560 Nam
2481 508 2569 575 qui
2597 507 2664 562 de
2690 507 2810 561 aliis
2839 508 3053 577 quidem
3098 524 3355 579 magnum
3385 510 3527 580 quid
3553 510 3689 573 dicit.

2094 596 2356 666 intrepide
2384 597 2619 668 loquitur
2641 606 2696 652 et
2720 612 2908 654 secure
2932 616 2946 653 :
2965 601 3053 671 qui
3075 610 3256 655 autem
3277 616 3526 657 necesse
3548 602 3695 657 habet

2094 690 2328 759 seipsum
2352 690 2591 755 laudare,
2625 691 2857 748 maxime
2880 707 3009 748 vero
3039 708 3161 748 cum
3189 695 3445 765 seipsum
3498 694 3696 764 profui

2096 790 2307 848 testem,
2341 781 2544 851 pudore
2562 783 2793 839 afﬁcitur
2821 792 2878 840 et
2902 784 3193 841 erubescit.
3213 784 3346 841 Ideo
3369 785 3473 842 hic
3496 802 3699 857 quoque

2094 872 2283 930 beatus
2332 875 2566 946 seipsum
2629 878 2774 945 prius
2820 878 3073 934 miserum
3103 880 3449 949 pronuntiat,
3483 889 3547 935 et
3591 890 3700 936 tunc

2096 964 2224 1020 illud
2254 981 2504 1037 magnum
2542 967 2795 1040 loquitur.
2824 970 2936 1025 Hoc
2982 979 3161 1027 autem
3193 970 3347 1039 facit,
3380 980 3447 1028 et
3476 972 3700 1043 prapri:

2096 1056 2267 1111 laudis
2285 1060 2581 1114 molestiam
2601 1076 2875 1129 resccaus,
2893 1072 3075 1133 etquae
3100 1072 3285 1134 postea
3309 1072 3453 1120 sunt
3483 1064 3702 1120 dicenda

2097 1149 2223 1205 hinc
2244 1150 2349 1205 ﬁde
2373 1151 2528 1222 digna
2551 1152 2812 1208 efﬁciens.
2856 1154 2988 1209 Nam
3034 1156 3125 1225 qui
3172 1172 3294 1226 qua:
3342 1166 3487 1210 sunt
3521 1158 3707 1225 probro

2096 1242 2268 1297 danda
2298 1259 2418 1298 cum
2454 1246 2673 1301 veritate
2700 1247 2906 1314 retulit,
2937 1257 2992 1301 et
3022 1248 3152 1303 nihil
3179 1264 3377 1305 eorum
3397 1251 3634 1313 celavit,
3659 1262 3706 1305 ut

2096 1335 2239 1405 quod
2272 1335 2561 1391 Ecclesiam
2592 1338 2663 1392 sit
2708 1347 3080 1409 persequutus,
3125 1340 3265 1411 quod
3300 1343 3476 1397 ﬁdem
3510 1343 3705 1398 labefs-

2096 1438 2246 1485 ctare
2270 1440 2515 1497 conatus,
2545 1431 2669 1487 hinc
2697 1434 2857 1488 etiam
2886 1434 3054 1489 efﬁcit
3083 1443 3143 1489 ut
3164 1451 3286 1506 qua:
3313 1447 3453 1491 sunt
3478 1438 3701 1492 honesta

2098 1522 2206 1578 sint
2232 1522 2453 1581 minime
2471 1536 2745 1596 suspecta.

2169 1618 2223 1673 5.
2246 1616 2537 1675 Considera
2566 1628 2744 1676 autem
2772 1636 2930 1691 quam
2974 1620 3193 1691 insignis
3239 1624 3310 1679 sit
3338 1624 3471 1694 ejus
3498 1624 3703 1680 humili-

2101 1709 2241 1764 litas.
2269 1708 2403 1765 Nam
2432 1726 2557 1766 cum
2609 1712 2853 1779 dixisset,
2905 1713 3197 1770 Novissime
3246 1726 3427 1772 utens
3479 1724 3701 1773 omnis:

2099 1803 2233 1856 uisus
2259 1813 2332 1858 est
2372 1813 2418 1857 et
2448 1804 2593 1870 mihi,
2629 1819 2695 1860 eo
2740 1822 2847 1860 non
2879 1805 2981 1861 fuit
3005 1815 3293 1863 contentus
3321 1824 3338 1861 :
3369 1807 3545 1864 Multi
3569 1813 3699 1866 eai-

2100 1894 2376 1961 novissimi,
2409 1895 2602 1965 inquit,
2625 1898 2795 1967 primi,
2840 1907 2895 1952 et
2945 1900 3097 1969 primi
3141 1901 3408 1956 novissimi
3471 1902 3695 1971 (llas.

2101 1986 2190 2043 l9.
2236 1986 2357 2060 50).
2399 1987 2687 2059 Propterea
2746 1990 2985 2057 addidit,
3024 1991 3304 2063 Tamquam
3350 1997 3572 2049 εκίάωιι
3612 2000 3697 2050 ό.

2101 2081 2279 2135 ortivo.
2328 2081 2510 2152 Neque
2564 2081 2651 2137 hic
2707 2084 2875 2151 stetit,
2917 2083 3012 2139 sed
3068 2100 3225 2141 suum
3279 2088 3454 2142 etiam
3501 2090 3699 2144 addidit

2098 2173 2357 2243 judicium
2415 2192 2427 2225 :
2488 2173 2541 2227 9.
2603 2173 2713 2245 Ego
2765 2176 2898 2229 enim
2949 2192 3061 2231 sum
3125 2178 3366 2232 minimus
3433 2184 3699 2249 apud».

2103 2282 2257 2319 rum:
2284 2270 2368 2337 qui
2407 2284 2509 2321 non
2548 2284 2659 2321 sum
2698 2268 2883 2337 dignus
2924 2269 3095 2322 uocari
3138 2269 3426 2339 apostolus,
3461 2274 3698 2340 quoniam

2103 2370 2430 2431 persequutus
2467 2377 2580 2414 sum
2623 2358 2910 2415 Ecclesium
2952 2361 3070 2417 Dei.
3111 2362 3227 2417 Non
3269 2362 3444 2429 dixit,
3487 2366 3697 2420 Duode-

2102 2453 2207 2507 cim
2258 2453 2454 2518 solum,
2509 2453 2605 2508 sed
2631 2455 2790 2509 etiam
2830 2456 3056 2509 aliorum
3101 2456 3368 2509 omnium.
3424 2456 3565 2511 Hac
3609 2477 3696 2512 as-

2104 2556 2210 2602 tem
2252 2547 2431 2601 omnia
2472 2547 2713 2615 diccbat,
2742 2547 2902 2603 simul
2940 2557 2996 2603 et
3036 2558 3191 2603 utens
3222 2549 3523 2616 modestia,
3553 2561 3609 2605 et
3631 2554 3699 2606 sic

2102 2651 2162 2697 ut
2189 2640 2298 2696 dixi
2320 2640 2567 2709 aﬁ‘ectus,
2597 2650 2652 2695 et
2678 2642 2821 2712 quod
2844 2640 3130 2696 dicendum
3168 2649 3284 2697 erat
3324 2644 3487 2713 prius
3519 2644 3699 2713 dispo-

2102 2748 2260 2801 nens,
2298 2744 2353 2790 et
2401 2743 2462 2789 ut
2502 2734 2774 2789 lubentius
2805 2736 3142 2804 exciperetur
3178 2734 3445 2789 efﬁciens.
3499 2736 3633 2791 Nam
3659 2739 3698 2791 si

2102 2836 2519 2897 praetergressus
2546 2826 2793 2889 dixisset,
2828 2828 3043 2883 Debetis
3073 2828 3201 2882 mihi
3252 2828 3513 2892 credere,
3566 2830 3698 2897 quod

2104 2920 2350 2975 Christus
2403 2920 2791 2984 resurrexerit;
2852 2919 2958 2975 vidi
3016 2919 3160 2975 enim
3219 2920 3422 2989 ipsum,
3478 2932 3541 2975 et
3590 2937 3698 2975 sum

2103 3012 2345 3067 omnium
2375 3011 2479 3065 ﬁde
2502 3010 2869 3081 dignissimus,
2898 3020 2955 3064 ut
2979 3010 3067 3081 qui
3106 3011 3229 3081 plus
3254 3010 3628 3067 laboraverim
3656 3016 3698 3066 id

2103 3102 2247 3173 quod
2275 3103 2554 3159 dicebatur
2580 3103 2741 3157 etiam
2781 3102 3093 3157 offendisset
3120 3117 3214 3157 eos
3243 3103 3334 3173 qui
3366 3104 3695 3158 audiebam:

2108 3210 2251 3251 nunc
2278 3202 2459 3250 autem
2490 3195 2542 3249 in
2574 3193 2734 3249 rebus
2779 3194 3071 3248 humilibus
3108 3204 3165 3249 et
3210 3194 3443 3263 abjectis
3476 3198 3697 3264 prirnu-

2102 3296 2367 3352 versatus,
2394 3295 2449 3341 et
2474 3286 2528 3341 in
2545 3285 2611 3341 iis
2627 3301 2746 3356 quae
2766 3286 3137 3341 criminatione
3157 3285 3313 3357 digna
3340 3300 3508 3341 erant
3528 3305 3547 3353 ;
3569 3290 3699 3357 ejus-

2105 3379 2252 3435 modi
2306 3378 2633 3435 narrationis
2680 3380 2975 3449 amputavit
3021 3378 3406 3449 asperitatem,
3465 3390 3529 3434 et
3573 3382 3697 3434 vim

2104 3473 2297 3528 muniit
2346 3472 2412 3528 ad
2466 3470 2759 3528 faciendam
2809 3471 3115 3526 testimonio
3161 3471 3343 3527 ﬁdem.
3399 3472 3691 3543 Propterea

2106 3582 2281 3637 neque
2304 3565 2498 3629 solum,
2529 3574 2586 3619 ut
2614 3564 2721 3620 dixi
2746 3606 2763 3628 ,
2782 3580 2839 3620 se
2858 3564 3308 3636 pronuntiatesse
3338 3566 3621 3631 ultimum,
3650 3576 3697 3620 et

2107 3657 2381 3727 indignum
2410 3655 2499 3726 qui
2525 3656 2826 3725 appelletur
2841 3655 3136 3725 apostolus,
3159 3654 3257 3709 sed
3275 3654 3441 3711 aﬁ‘ert
3458 3672 3694 3717 causam.

2105 3750 2324 3815 dicens,
2374 3749 2627 3819 Quoniam
2668 3758 2994 3819 persequutus
3033 3765 3145 3803 sum
3188 3746 3507 3802 Ecclesium.
3548 3751 3695 3818 Atqui

2106 3842 2284 3896 omnia
2310 3840 2399 3896 illa
2430 3838 2644 3895 fuerant
2673 3842 2916 3905 remissa,
2938 3839 3033 3895 sed
3057 3849 3232 3895 tamen
3263 3842 3382 3911 ipse
3408 3857 3693 3911 numquam

2107 3942 2191 3988 est
2216 3948 2403 3989 eorum
2433 3932 2653 3998 oblitus,
2685 3933 2873 3987 volens
2899 3930 3183 3987 ostendere
3210 3936 3405 4003 gratia:
3433 3937 3694 4005 magnus.

2105 4026 2306 4081 dinem.
2340 4024 2403 4080 Et
2435 4024 2550 4080 ideo
2584 4024 2875 4094 subjungit,
2899 4025 3086 4080 dicens
3114 4042 3127 4079 :
3163 4025 3252 4080 l0.
3297 4024 3488 4080 Gratia
3540 4040 3695 4081 ωσι

2107 4117 2203 4170 Dei
2227 4133 2337 4170 sum
2372 4115 2507 4185 quod
2542 4132 2675 4170 sum.
2711 4115 2955 4170 Vidistin'
3006 4131 3217 4171 rursum
3245 4118 3408 4171 aliam
3434 4134 3693 4173 summa

2107 4206 2494 4263 humilitatem?
2523 4206 2653 4260 Nam
2684 4205 2880 4261 delicta
2928 4206 3145 4275 quidem
3189 4206 3292 4261 sibi
3319 4211 3612 4275 attrilmit,
3637 4226 3691 4263 ex

2105 4312 2252 4356 recte
2271 4311 2449 4355 autem
2477 4299 2629 4354 factis
2654 4300 2753 4353 sibi
2781 4299 2933 4362 nihil,
2965 4300 3057 4355 sed
3083 4310 3251 4355 totum
3282 4302 3399 4357 Deo
3416 4303 3690 4360 adscribit.

2108 4393 2310 4449 Deinde
2333 4408 2399 4447 ne
2430 4393 2515 4446 hic
2541 4392 2837 4447 auditorem
2866 4392 3055 4448 reddat
3099 4396 3373 4464 supinum,
3425 4399 3582 4457 dicit.
3634 4398 3693 4452 Et

2106 4486 2271 4555 gratia
2286 4485 2395 4553 ejus
2420 4484 2473 4537 in
2493 4500 2572 4537 me
2592 4499 2747 4537 vacua
2762 4500 2864 4538 non
2882 4485 2996 4555 fuit.
3023 4484 3092 4540 Et
3108 4486 3211 4540 hoc
3230 4502 3425 4542 rursus
3442 4489 3689 4544 demisse.

2107 4575 2223 4631 Non
2252 4575 2386 4630 dixit
2416 4576 2556 4630 enim
2578 4614 2595 4638 ,
2641 4574 2861 4630 Ostendi
2890 4576 3124 4632 studium
3154 4594 3217 4633 ac
3246 4578 3591 4650 diligentiam
3616 4583 3689 4635 di.

2106 4683 2263 4738 gnam
2289 4667 2479 4737 gratia,
2511 4666 2605 4722 sed
2635 4667 2724 4723 illa
2758 4666 2931 4723 Vacua
2948 4685 3048 4723 non
3068 4672 3185 4740 fuit.
3217 4670 3326 4726 Sed
3350 4671 3691 4727 abundantius

2108 4762 2210 4815 illis
2239 4762 2469 4815 omnibus
2517 4760 2761 4815 laboravi.

2181 4853 2336 4909 Pauli
2364 4855 2642 4909 humilitas.
2664 4854 2863 4909 —Non
2890 4854 3042 4921 dixit,
3065 4854 3194 4909 Sum
3226 4855 3549 4923 honoratus,
3582 4858 3683 4919 sed.

2109 4949 2358 5002 Laboravi
2386 4964 2405 5000 :
2430 4958 2625 5003 etcum
2653 4958 2835 5018 posset
2853 4948 3029 5002 dicere
3053 4957 3108 5002 ct
3137 4949 3373 5017 pericula
3396 4961 3455 5003 et
3474 4962 3683 5011 mor-tes,

2107 5040 2323 5097 nomine
2372 5040 2571 5095 laboris
2618 5054 2802 5094 rursus
2848 5048 3104 5095 extenuat
3150 5041 3292 5110 quod
3331 5041 3540 5097 dictum
3592 5054 3679 5097 est.

2109 5133 2310 5189 Deinde
2338 5146 2525 5187 rursus
2567 5132 2725 5187 solita
2754 5140 2911 5187 utens
2941 5133 3263 5200 humilitate,
3322 5133 3430 5190 hoc
3479 5150 3681 5206 quoque

2105 5225 2213 5279 cito
2259 5223 2640 5293 przetercurrit,
2696 5232 2752 5279 et
2800 5232 2971 5278 totum
3013 5223 3124 5278 Deo
3148 5223 3428 5285 adscribit.
3463 5225 3675 5280 dicens:

2110 5316 2234 5371 Non
2249 5333 2341 5390 ego
2365 5328 2554 5383 autem,
2583 5316 2673 5371 sed
2691 5317 2857 5388 gratia
2876 5316 2975 5371 Dei
2993 5333 3206 5371 mecum.
3230 5316 3368 5385 Quid
3392 5317 3495 5372 hac
3512 5318 3675 5369 anilla

2109 5410 2267 5467 fuerit
2292 5407 2699 5466 admirabilius?
2747 5408 2877 5463 Nam
2904 5425 3024 5463 cum
3050 5425 3145 5479 per
3167 5417 3272 5463 tam
3302 5411 3474 5463 multa
3502 5424 3565 5464 se
3588 5407 3674 5463 dc-

2109 5504 2412 5575 prcssissct,
2441 5512 2497 5558 et
2540 5518 2701 5557 unum
2734 5500 2986 5573 quiddam
3034 5502 3196 5556 altum
3224 5502 3399 5555 solum
3431 5512 3577 5557 esset
3600 5500 3675 5554 lo-

2108 5610 2323 5669 quutus,
2353 5613 2421 5655 ue
2450 5597 2552 5654 hoc
2576 5595 2795 5667 quidem
2821 5610 2973 5649 suum
2996 5610 3116 5649 esse
3140 5594 3289 5657 dicit,
3308 5606 3362 5651 et
3383 5610 3456 5650 ex
3481 5596 3549 5649 iis
3565 5606 3675 5664 qu

2107 5697 2499 5762 prmcesserunt
2533 5696 2584 5737 et
2611 5700 2732 5756 φιαε
2763 5690 2950 5753 postea
2969 5688 3097 5736 sunt
3111 5688 3359 5752 sequuta,
3382 5687 3551 5742 altum
3578 5684 3673 5740 hoc
