3802 6214
111 345 190 397 3‘27
946 345 1012 401 IN
1058 345 1279 404 EPIST.
1328 349 1344 403 Ι
1407 348 1496 403 AD
1552 342 1716 403 C08.
1750 344 1984 405 HOMIL.
2027 350 2294 405 XXXVIII

111 491 213 538 των,
238 472 441 540 ὡσπερεί
466 490 543 539 τῳ
578 474 899 545 ἐκτρώματι
944 478 1109 548 ὤφθη
1151 479 1349 549 κάμοί.
1401 479 1571 532 T0510

111 556 475 627 ιετριοφροσύνης
526 558 727 628 μᾶλλόν
783 558 898 613 ἐστι
946 561 1009 613 τὸ
1050 561 1223 632 ῥῆμα.
1277 563 1411 616 Οὐδὲ
1465 563 1573 632 γὰρ

111 640 247 710 ιπειδή
283 640 516 709 ἐλάχιστος
561 634 651 710 ἦν,
691 642 781 694 διὰ
830 643 991 696 τοῦτο
1042 647 1183 714 μετά
1214 647 1343 710 τοὺς
1381 646 1574 709 ἄλλους

111 722 215 793 ιύτῴ
242 722 381 794 ὤφθη·
406 722 512 776 ἐπεὶ
546 723 647 777 κᾶν
677 724 904 795 ἔσχατον
936 728 1187 794 ἐκάλεσε,
1225 729 1439 781 πολλῶν
1464 730 1572 782 τῶν

111 806 179 875 πρὸ
202 806 352 870 αὐτοῦ,
392 806 569 877 μᾶλλον
603 807 659 860 δέ
707 810 927 863 πάντων
960 811 1341 883 λαμπρότερος
1374 811 1530 882 ὤφθη
1553 830 1568 845 ⁸

111 891 166 941 ῑαὶ
208 890 245 941 οί
289 890 587 943 πεντακόσιοι
624 891 680 943 δὲ
728 892 948 961 ἀδελφοὶ
993 896 1055 947 ού
1091 896 1267 966 δήπου
1305 894 1569 951 Ἰακώϐου

117 972 286 1033 ελτίους
308 969 441 1044 ἦσαν,
466 973 649 1044 ἐπειδὴ
680 975 783 1043 πρὸ
821 977 1031 1029 ἐκείνου
1056 980 1238 1043 αὐτοῖς
1261 980 1438 1052 ῶφθη.
1458 981 1569 1033 Καὶ

112 1058 157 1109 ιὰ
184 1058 225 1109 τί
268 1057 347 1126 ούχ
387 1057 501 1127 όμοῦ
550 1060 716 1111 πᾶσιν
759 1061 999 1129 ἐωρᾶτο;
1031 1063 1149 1117 Ἵνα
1180 1065 1569 1136 πῳκαταὸάλῃ

111 1141 161 1210 ἧς
191 1140 385 1203 πίστεως
411 1141 468 1193 τά
498 1141 806 1213 σπέρματα.
841 1145 898 1196 Ὀ
930 1146 1040 1215 γὰρ
1071 1147 1285 1217 πρῶτος
1326 1148 1449 1201 ἰδὼν
1476 1150 1570 1201 καὶ

112 1224 283 1295 κριὸὦς
319 1224 747 1297 πληροφορηθεὶς,
803 1232 914 1291 τοῖς
955 1229 1137 1293 ἄλλοις
1189 1231 1565 1303 ἀπήγγελλενο

111 1304 176 1359 ἴτα
228 1307 253 1358 0
300 1306 433 1374 λόγος
477 1308 825 1379 προφθάνων,
882 1314 939 1365 ἐν
978 1314 1278 1383 προσδοκίᾳ
1339 1315 1567 1387 καθίστη

111 1392 152 1443 >5
204 1391 403 1461 μεγάλου
440 1392 622 1445 τούτου
661 1394 938 1464 θαύματος
993 1398 1083 1449 τὸν
1134 1398 1423 1459 ἀκούοντα,
1450 1402 1570 1453 ’καὶ

111 1473 376 1545 ροωδοποίει
405 1477 463 1545 τῇ
502 1476 604 1545 τῆς
649 1477 825 1547 ὂψεως
869 1481 1072 1534 πίστει.
1120 1480 1220 1533 Διά
1258 1481 1415 1534 τοῦτο
1446 1482 1569 1535 οὕτε

111 1559 183 1612 ιοῦ
215 1561 358 1613 πᾶσιν
399 1558 566 1630 ὤφθη,
598 1559 723 1614 οὔτε
750 1565 808 1615 ἐν
852 1563 994 1633 ἀρχῇ
1040 1564 1301 1631 πλείοσιν,
1334 1566 1449 1620 ἀλλ’
1489 1568 1570 1620 ἐνὶ

112 1641 193 1714 56]
218 1644 345 1713 μόνῳ
362 1644 579 1713 πρῶτον,
615 1647 707 1699 καὶ
737 1645 911 1717 τούτῳ
932 1647 1010 1717 τῷ
1038 1649 1323 1720 κορυφαίῳ
1354 1650 1583 1705 πάντων’

111 1726 140 1778 ιὶ
186 1727 472 1798 πιστοτάτῳ.
522 1728 634 1782 Καὶ
682 1728 790 1801 γὰρ
846 1732 1178 1803 πιστοτάτης
1216 1733 1419 1803 σφόδρα
1464 1734 1569 1787 ἔδει

111 1811 210 1880 »χῆς
236 1810 324 1880 τῆς
365 1811 572 1881 πρώτης
611 1812 907 1885 δεχομένης
939 1815 1143 1886 ταύτην
1176 1817 1275 1888 τὴν
1308 1818 1449 1884 ὄψιν.
1505 1821 1567 1871 Οί

116 1911 141 1944 ν
188 1894 281 1962 γὰρ
315 1894 438 1964 μετά
490 1892 551 1947 τὸ
580 1897 822 1973 ,ἐτέρους
875 1898 1002 1951 ἰδεῖν
1036 1900 1129 1953 καὶ
1155 1901 1407 1965 ἀκοῦσαι,
1440 1908 1568 1973 παρ’

112 1977 207 2029 τῶν
238 1977 518 2047 βλέποντες,
550 1971 695 2048 εἶχον
731 1979 791 2033 οὐ
823 1982 1072 2051 μικρὰνι
1102 1984 1460 2038 συντελοῦσαν
1491 1971 1570 2050 εἰς

112 2080 129 2112 ν
157 2060 319 2113 πίστιν
348 2061 517 2123 αὐτοῖς
542 2062 641 2133 τὴν
689 2064 915 2118 ἐκείνων
948 2068 1276 2137 μαρτυρίαν,
1317 2071 1410 2122 καὶ
1436 2087 1570 2139 προ-

117 2146 526 2217 ρασκευάζουσαν
576 2148 754 2201 αὐτῶν
782 2149 881 2219 τὴν
920 2150 1181 2205 διάνοιανο
1208 2154 1236 2205 0
1265 2152 1322 2205 δὲ
1353 2154 1569 2224 πρῶτος

111 2230 366 2295 ταξιωθείς
388 2230 569 2284 τοῦτον
599 2232 745 2293 ἰδεῖν,
769 2233 988 2303 πολλῆς,
1012 2234 1147 2305 ὅπερ
1181 2235 1354 2305 ἔφθην
1378 2238 1566 2300 εἰπὼν,

113 2318 191 2366 ἰτο
218 2315 310 2384 τῆς
334 2314 577 2376 πίστεως,
608 2314 747 2367 ὥστε
782 2317 854 2386 μὴ
881 2316 1247 2389 θορυϐηθῆναι
1279 2320 1357 2391 τῷ
1390 2339 1568 2391 παρα-

112 2417 156 2466 ῳ
179 2401 273 2467 τῆς
306 2397 444 2460 θέας.
480 2398 578 2450 Διά
622 2398 779 2451 10510
824 2400 1017 2471 Πέτρῳ
1043 2404 1296 2470 φαίνεται
1330 2405 1563 2473 πρῶτον.

116 2481 220 2549 γάρ
262 2481 464 2550 πρῶτος
493 2478 654 2533 αὐτὸν
683 2482 1023 2553 ὁμολογήσας
1054 2486 1311 2554 Χριστὸν,
1342 2489 1567 2550 εἰκότως

146 2564 241 2634 τὴν
283 2564 568 2618 ἀνάστασιν
617 2562 821 2635 ἠξιώθη
882 2567 1098 2637 πρῶτος
1156 2569 1302 2622 ἰδεῖν.
1358 2570 1434 2623 Ού
1481 2572 1569 2625 διὰ

112 2665 167 2700 το
199 2648 253 2700 δὲ
286 2647 526 2718 φαίνεται
575 2647 776 2718 πρώτῳ
821 2648 989 2721 μόνῳ,
1041 2651 1179 2711 ἀλλ’.
1232 2654 1419 2726 ἐπειδὴ
1474 2657 1568 2708 καὶ

112 2732 374 2800 ησάμενος
417 2726 504 2801 ήν,
559 2731 621 2782 ἐκ
672 2732 987 2801 περιουσίας
1018 2734 1181 2789 αὑτὸν
1230 2738 1568 2807 παρακαλῶν

135 2813 343 2875 δεικνὺς
390 2813 470 2865 ὅτι
523 2812 622 2866 οὐκ
670 2813 1039 2882 ἀπέγνωσται,
1091 2816 1196 2887 πρὸ
1245 2820 1353 2871 τῶν
1393 2820 1569 2874 ἄλλων

121 2895 221 2965 τῆς
249 2895 419 2964 ὅψεως
448 2895 606 2949 αὐτὸν
634 2896 839 2963 ταύτης
868 2897 1196 2969 κατηξίωσε,
1234 2902 1326 2954 καὶ
1365 2902 1569 2975 πρώτῳ

111 2978 335 3047 τρόϐατα
357 2978 671 3050 ἐνεχείρισε.
710 2981 808 3032 Δια
830 2980 987 3033 τοῦτο
1007 2982 1102 3035 καὶ
1127 2984 1373 3051 γυναιξὶν
1394 2985 1566 3056 ἐφάνη

112 3078 259 3123 ιταις.
311 3060 531 3131 Ἐπειδὴ
583 3063 646 3116 τὸ
690 3064 846 3129 γένος
895 3063 1202 3132 ἠλάττωται
1257 3068 1441 3133 10510,
1481 3069 1568 3121 δια

116 3161 146 3197 ο
170 3144 269 3197 καὶ
293 3144 350 3195 ἐν
374 3147 439 3214 τῇ
468 3146 717 3215 γεννήσει
748 3146 844 3198 καὶ
865 3148 923 3199 ἐν
955 3149 1020 3217 τῇ
1050 3148 1347 3203 ἀναστάσει
1378 3151 1566 3222 πρώτη

113 3245 124 3296 ι
156 3227 479 3281 αἰσθάνεται
510 3230 609 3299 τῆς
656 3229 899 3300 χάριτος.
937 3232 1093 3284 Μετὰ
1133 3232 1190 3284 δὲ
1239 3235 1445 3304 Πέτρον
1476 3237 1570 3290 καὶ

113 3314 400 3383 ταρμένως
439 3312 654 3383 ἐκάστῳ
683 3314 953 3381 φαίνεται,
982 3317 1079 3371 καὶ
1122 3318 1254 3371 ποτὲ
1281 3319 1382 3389 μὲν
1413 3321 1569 3373 ἐλάτ-

146 3398 283 3450 ποτέ
314 3398 373 3450 δὲ
412 3397 677 3459 πλείοσιν,
725 3399 971 3470 ἀλλήλων
1030 3402 1228 3466 αὐτοὺς
1281 3404 1567 3474 μάρτυρας

113 3481 464 3545 ἲιδασκάλους
490 3483 549 3534 ἐν
577 3482 751 3552 τούτῳ
802 3483 993 3547 ποιῶν,
1044 3486 1140 3538 καὶ
1171 3486 1298 3549 τοὺς
1330 3487 1565 3540 ἀποστό-

167 3564 527 3630 ἀξιοπίστους
598 3566 1019 3630 κατασκευάζων
1084 3569 1143 3619 ἐν
1202 3564 1282 3633 οἷς
1348 3569 1561 3639 ἔλεγον

113 3664 289 3714 ξατον
344 3646 416 3699 δὲ
480 3647 743 3710 πάντων,
799 3650 1057 3717 ὡσπερεί
1106 3667 1185 3715 τῳ
1218 3652 1564 3721 ἐκτρώματι,

114 3750 130 3798 1
154 3731 365 3801 κάμοί.
397 3730 467 3783 Τί
493 3730 740 3801 βούλεται
762 3730 909 3801 αύτῷ
939 3733 1174 3787 ἐνταῦθα
1194 3734 1293 3805 τῆς
1319 3752 1569 3789 ταπεινο-

113 3815 249 3883 ύνης
283 3814 355 3866 τὰ
391 3815 641 3885 ῥήματα.
674 3815 706 3885 ἢ
754 3818 903 3867 ποῖον
935 3815 1049 3886 ἔχει
1081 3818 1311 3888 καιρόν;
1362 3820 1425 3873 Εἰ
1455 3820 1566 3892 γὰρ

113 3914 290 3949 τιστον
317 3898 521 3949 ἐαυτὸν
553 3897 829 3966 ἀποφῆναι
863 3897 1110 3966 βούλεται
1141 3901 1236 3953 καὶ
1270 3903 1569 3969 ἐγκαταλέ-

113 3983 201 4043 οἶς
235 3980 492 4052 μάρτυσι
518 3982 618 4051 τῆς
644 3982 1014 4044 ἀναστάσεως,
1043 3983 1352 4036 τούναντίον
1384 3986 1415 4056 ἢ
1443 3986 1567 4056 βού-

132 4066 295 4117 ποιεῖ
320 4080 334 4092 ⁸
378 4064 721 4135 ἐπᾶραιγάρ
762 4064 953 4117 ἐαυτὸν
993 4064 1101 4117 ἔδει
1139 4067 1233 4119 καὶ
1265 4067 1434 4131 δείξαι
1470 4071 1565 4139 μέ-

116 4165 245 4212 ντα,
277 4147 310 4200 ὃ
357 4148 638 4217 πολλαχοῦ
680 4150 826 4202 ποιεί
861 4147 1055 4215 καιροῦ
1090 4149 1383 4214 καλοῦντος
1414 4153 1564 4207 αὐτό.

115 4231 258 4284 οὖτο
286 4230 409 4301 γὰρ
444 4232 541 4284 καὶ
570 4231 801 4284 ἐνταῦθα
834 4232 1142 4302 μετριάζει,
1185 4236 1373 4305 ἐπειδὴ
1412 4236 1569 4289 10510

116 4334 134 4368 ι
170 4318 367 4369 ποιεῖν
388 4332 402 4345 ο
429 4316 552 4368 ἀλλ’
579 4316 679 4368 οὐκ
718 4316 943 4378 εὐθέως,
965 4315 1101 4368 ἀλλά
1125 4318 1262 4386 μετά
1288 4318 1386 4388 τῆς
1420 4321 1570 4391 αὑτῴ

116 4398 287 4468 μύσης
312 4400 624 4462 συνέσεως.
664 4400 937 4469 Πρότερον
980 4399 1088 4469 γὰρ
1123 4400 1428 4471 μετριάσας
1476 4406 1569 4456 καὶ

119 4483 303 4551 ορίας
372 4482 581 4537 ἑαυτοῦ
639 4484 996 4552 συμφορήσας
1049 4483 1271 4550 πολλὰς,
1317 4486 1438 4538 τότε
1502 4489 1569 4540 τα

122 4566 315 4618 αυτὸν
344 4566 634 4635 σεμνύνει.
664 4566 727 4618 Τί
764 4566 989 4637 δήποτε;
1035 4566 1147 4632 ”Ιν’,
1176 4569 1303 4621 ὅταν
1330 4570 1389 4622 τὸ
1427 4569 1568 4640 μέγα

116 4648 311 4719 ,ιηλὸν
356 4649 552 4700 ἐκεῖνο
600 4649 725 4719 περὶ
751 4649 948 4702 ἐαυτοῦ
982 4648 1304 4719 φθέγξηται,
1341 4654 1421 4716 τὸ,
1461 4657 1568 4706 Πε-

116 4748 326 4798 tepor
365 4731 626 4783 πάντων
650 4732 969 4795 ἐκοπίασα,
1006 4732 1412 4803 εὐπαράδεκτος
1436 4737 1465 4788 ό
1490 4736 1569 4789 λό-

115 4832 304 4884 νηται
341 4813 560 4885 ταύτῃ,
589 4815 787 4885 καὶτῷ
825 4816 901 4879 ὡς
939 4815 998 4881 ἐξ
1041 4816 1361 4882 ἀκολουθίας
1400 4819 1564 4883 τινὸς,

115 4897 177 4967 ιὴ
216 4897 690 4967 προηγουμένως
737 4898 1006 4969 εἰρῆσθαι.
1039 4901 1139 4955 Διὰ
1162 4901 1318 4954 τοῦτο
1353 4903 1446 4955 καὶ
1475 4901 1567 4955 Τι-

134 4980 441 5049 γράφων,
475 4981 573 5033 καὶ
602 4981 809 5052 μέλλων
831 4982 1012 5050 λέγειν
1039 4985 1251 5053 μεγάλα
1282 4986 1411 5057 περὶ
1442 4988 1568 5037 ἐαυ-

118 5064 402 5135 λρότερον
437 5064 521 5117 τὰ
553 5067 985 5135 κατηγορήματα
1015 5066 1179 5120 αὐτοῦ
1210 5068 1413 5140 τίθησι.
1458 5070 1568 5121 Καὶ

117 5148 235 5200 αὲν
263 5165 346 5199 πε
358 5148 425 5217 ρὶ
460 5148 643 5201 ἄλλων
666 5165 718 5199 τι
744 5148 886 5217 μέγα
910 5148 1104 5217 λέγων,
1136 5150 1307 5215 ἀδεῶς
1331 5151 1568 5220 φθέγγε-

117 5250 134 5283 ι
180 5232 350 5300 μετὰ
382 5232 714 5301 παρρησίας
738 5246 749 5258 ·
780 5232 808 5282 0
831 5231 887 5284 δὲ
915 5232 1105 5284 ἐαυτὸν
1129 5234 1570 5303 ἀναγκαζόμενος

118 5319 190 5379 ’ν,
227 5315 345 5367 καὶ
371 5315 631 5384 μάλιστα
655 5316 783 5367 ὅταν
806 5315 897 5367 καὶ
923 5317 1175 5388 μάρτυρα
1198 5319 1388 5372 ἑαυτὸν
1406 5318 1566 5389 καλῇ,

117 5416 253 5450 εται
285 5399 404 5451 καὶ
436 5398 676 5469 ἐρυθριᾷ
698 5414 711 5427 ’
752 5398 839 5451 διά
867 5399 928 5470 δὴ
957 5399 1113 5454 10510
1135 5404 1225 5455 καὶ
1251 5406 1278 5456 0
1303 5406 1570 5473 μακάριος

117 5484 427 5554 ερότερον
460 5483 659 5535 ἑαυτὸν
702 5484 998 5548 ταλανίζει,
1042 5489 1136 5539 καὶ
1168 5487 1288 5539 τότε
1326 5489 1385 5540 τὸ
1426 5490 1569 5560 μέγα

117 5569 517 5638 φθέγγεται.
552 5570 698 5622 Ποιεῖ
725 5570 781 5622 δὲ
819 5569 997 5635 τοῦτο,
1024 5572 1084 5624 τό
1109 5588 1166 5624 τε
1198 5572 1435 5643 ἐπαχθὲς
1470 5576 1567 5645 τῆς

117 5793 271 5841 ilius
298 5793 612 5856 legendum
634 5797 769 5855 putat
794 5793 977 5855 μικρόν.

3142 355 3249 411 ὅῖὃ

1676 470 2123 538 περιαυτολογίας
2146 472 2175 510 ιι
2206 471 2661 542 ὑποτεμνόμενος,
2692 473 2786 526 καὶ¹
2815 474 2881 525 τά
2912 473 3049 543 μετὰ
3076 474 3247 529 ταῦτα

1674 552 2024 624 ῥηθησόμενα
2055 556 2342 619 ἀξιόπιστα
2370 554 2618 609 ἐντεῦθεν
2647 556 2835 609 ποιῶν.
2880 542 2939 609 Ὀ
2965 557 3076 627 γὰρ
3110 560 3249 628 μετά
3285 542 3292 573 ⁸

1671 633 1928 705 ἀληθείας
1950 637 2019 690 τὰ
2040 638 2377 691 ἐπονείδιστα
2408 638 2541 703 θεὶς,
2579 640 2675 692 καὶ
2703 639 2869 709 μηδὲν
2903 639 3086 692 αὐτῶν
3114 643 3250 694 ἁπο-

1672 719 2041 789 κρυψὰμενος,
2098 715 2210 774 οἷον
2248 722 2331 773 ὅτι
2362 720 2461 791 τὴν
2504 722 2831 793 Ἐκκλησίαν
2877 722 3115 788 ἐδίωξεν,
3166 724 3251 776 ὅτι

1671 802 1770 871 τὴν
1799 804 1983 857 πίστιν
2012 805 2304 876 ἐπόρθησε,
2332 806 2427 859 καὶ
2470 806 2539 859 τά
2571 807 2745 876 σεμνά
2774 805 3029 859 ἐντεῦθεν
3078 806 3251 860 ἀνύπ-

1672 902 1810 938 οπτα
1844 891 2007 943 ποιεῖ.

1740 974 1802 1023 ε’.
1842 972 1953 1025 Καὶ
1982 973 2174 1028 σκόπει
2197 974 2702 1046 ταπεινοφροσύνης
2733 976 3062 1047 ὐπερόολήν.
3095 975 3244 1047 [55η

1674 1053 1858 1106 Εἰπὼν
1891 1056 2022 1127 γὰρ,
2056 1058 2361 1126 Ἕσχατον
2395 1057 2465 1109 δὲ
2498 1057 2742 1111 πάντων
2765 1059 2893 1127 ἐμοὶ
2922 1059 3109 1129 ὤφθη,
3148 1061 3250 1113 οὐκ

1672 1136 1914 1207 ἠρκέσθη
1941 1139 2113 1210 τούτῳ
2133 1157 2147 1171 ’
2170 1140 2394 1194 Πολλοί
2423 1139 2530 1211 γὰρ
2553 1140 2798 1209 ἔσχατοι
2828 1141 3066 1209 πρῶτοι,
3092 1144 3245 1212 φησὶ,

1672 1218 1769 1272 καί
1808 1220 2025 1289 πρῶτοι
2057 1224 2323 1292 ἔσχατοι.
2362 1224 2458 1278 Διά
2491 1224 2649 1277 τοῦτο
2688 1225 3043 1295 προσέθηκεν.
3109 1226 3246 1279 Ὠσ-

1672 1306 1837 1370 περεί
1875 1322 1954 1369 τῳ
1985 1308 2327 1376 ἐκτρώματι.
2361 1310 2469 1362 Kal
2510 1310 2629 1363 ούδέ
2663 1309 2897 1362 ἐνταῦθα
2926 1309 3077 1379 ἔστη,
3114 1310 3248 1363 ἀλλα

1673 1388 1767 1440 καὶ
1801 1390 1900 1457 τὴν
1936 1390 2143 1443 οἰκείαν
2182 1392 2361 1461 κρίσιν
2396 1393 2717 1463 προστίθησι
2754 1394 2843 1445 καὶ
2890 1392 3026 1462 μετά
3070 1394 3249 1455 αἰτίας

1672 1470 1846 1538 λέγων
1872 1485 1885 1497 ’
1927 1473 2067 1541 Ἐγὼ
2107 1473 2219 1543 γάρ
2255 1478 2369 1545 εἶμι
2415 1478 2449 1529 ό
2496 1474 2818 1545 ἐλάχιστος
2848 1473 2963 1528 τῶν
2990 1476 3249 1529 ἀποστό-

1671 1558 1816 1619 λων,
1863 1555 1931 1621 ὃς
1967 1558 2078 1610 οὐκ
2116 1558 2229 1627 είμί
2268 1560 2474 1625 ἱκανὸς
2514 1560 2828 1613 καλεῖσθαι
2875 1558 3245 1625 ἀπόστολος.

1673 1636 1763 1690 ὅτι
1800 1638 2014 1702 ἐδίωξα
2048 1639 2165 1707 τὴν
2220 1643 2594 1709 Ἐκκλησίαν
2635 1642 2741 1695 τοῦ
2794 1642 2964 1696 Θεοῦ.
3012 1643 3121 1695 Ka‘l.
3147 1643 3249 1695 οὐκ

1672 1714 1813 1785 εἷπε,
1848 1721 1968 1775 Τῶν
1992 1722 2196 1776 δώδεκα
2219 1724 2417 1793 μόνων,
2449 1724 2585 1777 άλλά
2612 1726 2704 1779 καὶ
2736 1725 2847 1778 τῶν
2872 1724 3048 1778 ἄλλων
3072 1726 3247 1778 ἁπάν-

1671 1821 1797 1857 των.
1841 1804 2023 1858 Ταῦτα
2056 1805 2113 1859 δὲ
2163 1808 2341 1861 πάντα
2378 1808 2511 1877 ὁμοῦ
2549 1809 2647 1877 μὲν
2689 1809 2996 1879 μετριάζων
3039 1808 3245 1877 ἔλεγεν,

1671 1887 1806 1958 ὁμοῦ
1858 1889 1914 1941 δὲ
1964 1890 2059 1942 καὶ
2100 1890 2242 1944 οὕτω
2278 1891 2638 1961 διακείμενος,
2679 1894 2815 1963 ὅπερ
2857 1893 3015 1965 εφην,
3058 1895 3152 1949 καὶ
3187 1894 3248 1946 τὸ

1675 1971 1863 2040 μέλλον
1897 1972 2231 2044 ῥηθήσεσθαι
2281 1974 2755 2045 προδιοικούμενος
2810 1978 2905 2029 καὶ
2952 1976 3248 2045 εύπαράδε-

1672 2071 1798 2108 κτον
1840 2057 2036 2125 μᾶλλον
2086 2058 2272 2112 ποιῶν.
2323 2058 2385 2110 Εί
2439 2058 2537 2128 μὲν
2591 2060 2701 2130 γὰρ
2732 2056 3020 2130 παρελθὼν
3070 2054 3245 2119 εἶπεν.

1684 2138 1956 2206 Ὀφείλετέ
1985 2158 2071 2205 μοι
2101 2140 2408 2205 πιστεῦσαι,
2438 2143 2518 2194 ὅτι
2560 2143 2759 2212 ἀνέστη
2789 2143 2817 2195 0
2846 2140 3080 2210 Χριστός
3105 2157 3120 2173 ο
3169 2137 3249 2194 εί-

1669 2220 1757 2273 δον
1785 2222 1893 2292 γὰρ
1918 2224 2096 2288 αὐτὸν,
2132 2225 2225 2277 καὶ
2257 2224 2473 2277 πάντων
2505 2224 2944 2296 ἀξιοπιστότερός
2980 2226 3116 2294 εἰμι,
3149 2224 3246 2279 ἆτε

1671 2305 1832 2357 πλέον
1866 2307 2077 2376 καμὼν,
2109 2308 2212 2361 κᾶν
2246 2309 2519 2379 προσέστη
2559 2313 2672 2372 τοῖς
2702 2309 2959 2361 ἀκούουσι
2992 2308 3052 2361 τὸ
3091 2309 3248 2377 λεγό-

1674 2405 1831 2457 μενον
1864 2405 1877 2418 '
1911 2391 2030 2442 νυνὶ
2076 2391 2135 2443 δὲ
2177 2395 2288 2454 τοῖς
2323 2394 2601 2453 ταπεινοῖς
2642 2392 2990 2461 ἐνδιατρίψας
3029 2391 3247 2462 πρῶτον

1669 2473 1764 2526 καὶ
1796 2476 1909 2537 τοῖς
1938 2477 2273 2547 κατηγορίαν
2310 2476 2491 2547 ἔχουσι
2512 2518 2527 2541 ,
2562 2478 2624 2529 τό
2651 2494 2709 2528 τε
2741 2478 2914 2547 τραχὺ
2942 2478 3043 2547 τῆς
3070 2478 3248 2531 τοιαύ-

1668 2573 1765 2625 της
1786 2558 2087 2629 διηγήσεως
2113 2560 2465 2630 ὑπετέμνετο,
2492 2563 2589 2614 καὶ
2615 2564 2681 2631 τῇ
2712 2561 2891 2613 πίστει
2917 2562 3016 2630 τῆς
3044 2578 3245 2632 μαρτυ-

1670 2642 1793 2710 ρίας
1834 2643 2261 2713 προωδοποίησε.
2304 2644 2403 2696 Διά
2439 2643 2503 2715 δή
2536 2643 2695 2698 τοῦτο
2723 2644 2842 2697 οὐδὲ
2873 2644 3079 2708 άπλῶς,
3107 2646 3245 2715 ὅπερ

1669 2725 1839 2797 ἔφην,
1886 2727 2244 2793 ἀποφαίνεται
2286 2726 2512 2797 ἔσχατον
2557 2727 2747 2780 ἑαυτὸν
2792 2723 2952 2793 εἶναι,
3004 2728 3099 2781 καὶ
3143 2728 3245 2798 τῆς

1671 2811 2041 2880 προσηγορίας
2082 2811 2188 2863 τῶν
2232 2809 2542 2862 ἀποστόλων
2572 2810 2808 2875 ἀνάξιον,
2851 2812 2987 2864 ἀλλὰ
3017 2814 3109 2865 καὶ
3145 2813 3245 2882 τήν

1669 2892 1848 2946 αἰτίαν
1868 2892 2047 2961 τίθησι
2078 2892 2269 2960 λέγων·
2300 2892 2426 2945 ’Ὅτι
2453 2893 2668 2955 ἐδίωξα
2702 2894 2816 2959 τὴν
2857 2896 3243 2961 Ἐκκλησίαν.

1669 2976 1779 3027 Καὶ
1812 2974 1918 3045 μὴν
1960 2975 2158 3044 ἀφείθη
2199 2975 2376 3027 πάντα
2409 2977 2608 3037 ἐκεῖνα,
2638 2976 2752 3027 ἀλλ’
2781 2978 2929 3044 ὅμως
2960 2978 3121 3041 αὐτὸς
3151 2980 3245 3031 ού-

1668 3058 1856 3111 δέποτε
1888 3058 2064 3111 αὐτῶν
2093 3058 2439 3128 ἐπιλέλησται
2466 3101 2480 3124 ,
2529 3058 2591 3112 τὸ
2624 3060 2853 3130 μέγεθος
2883 3061 2982 3128 τῆς
3024 3062 3247 3131 χάριτος

1669 3140 1837 3208 δεῖξαι
1869 3142 2217 3210 βουλόμενος·
2249 3143 2331 3196 διὸ
2359 3144 2455 3195 καὶ
2493 3143 2688 3211 ἐπάγει
2718 3144 2912 3211 λέγων’
2948 3144 3149 3213 Χάριτι
3177 3143 3247 3196 δὲ

1672 3226 1819 3280 Θεοῦ
1849 3229 1963 3291 sim
2002 3225 2035 3279 0'
2070 3228 2204 3295 ειμι.
2243 3223 2397 3288 Εἶδες
2436 3226 2596 3279 πάλιν
2646 3227 2836 3298 ἐτέρας
2883 3246 3245 3300 ταπεινοφρο-

1672 3310 1838 3380 σύνης
1871 3310 2215 3379 ὑπερϐολήν;
2263 3309 2342 3361 Τὰ
2388 3309 2485 3379 μὲν
2514 3311 2620 3379 γαρ
2660 3308 3018 3381 ἐλαττώματα
3067 3311 3246 3381 ἐαυτῷ

1668 3391 1947 3460 λογίζεται
1966 3410 1980 3423 ο
2012 3392 2120 3444 τῶν
2140 3393 2195 3444 δὲ
2230 3393 2667 3463 κατορθωμάτων
2700 3393 2873 3460 οὐδὲν,
2903 3394 3038 3447 ἀλλὰ
3066 3395 3247 3449 πάντα

1668 3477 1956 3548 ἀνατίθησι
1988 3477 2065 3547 τῷ
2091 3477 2229 3545 Θεῷ.
2280 3472 2432 3540 Εἶτα,
2465 3478 2551 3529 ἵνα
2596 3477 2671 3548 μὴ
2716 3479 2805 3532 τὸν
2846 3479 3119 3552 ἀκροατὴν
3160 3481 3247 3533 ἐν-

1667 3560 1857 3615 τεῦθεν
1888 3560 2078 3614 ὕπτιον
2119 3562 2339 3631 ποιήσῃ,
2374 3561 2527 3629 φησί·
2556 3563 2663 3613 Καὶ
2711 3563 2748 3629 ἡ
2783 3562 2955 3631 χάρις
2986 3562 3172 3617 αὐτοῦ
3204 3564 3243 3632 ἠ

1667 3646 1755 3710 είς
1779 3644 1884 3713 ἐμὲ
1911 3646 1983 3697 οὐ
2017 3643 2161 3711 κενὴ
2186 3642 2412 3713 γέγονε.
2452 3645 2561 3696 Καὶ
2592 3643 2749 3697 10510
2777 3644 2940 3698 πάλιν
2972 3646 3243 3700 ὑπεσταλ-

1672 3728 1866 3798 μένως.
1903 3728 1976 3779 Οὐ
2004 3728 2115 3798 γὰρ
2147 3724 2318 3787 εἶπεν,
2356 3726 2537 3791 Ἀξίαν
2575 3727 2677 3796 τῆς
2714 3728 2935 3797 χάριτος
2963 3728 3242 3795 ἐπεδειξά-

1670 3827 1779 3879 μην
1813 3810 2068 3880 σπουδὴν,
2121 3811 2235 3863 ἀλλ’
2283 3812 2364 3864 ὅτι
2406 3812 2488 3864 Οὐ
2537 3812 2683 3877 κενὴ
2724 3813 2990 3881 γέγονεν.
3054 3814 3240 3868 Ἀλλὰ

1667 3895 2099 3962 περισσότερον
2138 3895 2337 3949 αὐτῶν
2374 3895 2614 3949 πάντων
2638 3896 2955 3950 ἐκοπίασα.

1739 3978 1852 4030 Ούκ
1874 3972 2049 4037 εἶπεν.
2088 3979 2405 4050 Ἐτιμήθην,
2444 3978 2581 4042 ἀλλ’,
2628 3979 2973 4045 Ὲκοπίασα,
3004 3980 3098 4034 καὶ
3134 3998 3242 4035 κιν·

1666 4060 1855 4124 δύνους
1890 4063 1983 4114 καὶ
2028 4062 2289 4125 θανάτους
2343 4062 2482 4131 ἔχων
2524 4063 2717 4126 εἰπεῖν,
2760 4063 2838 4134 τῷ
2882 4062 3105 4133 ὀνόματι
3145 4064 3241 4119 τοῦ

1669 4147 1838 4199 κόπου
1875 4147 2034 4199 πάλιν
2067 4148 2430 4216 ὑποτέμνεται
2476 4147 2536 4199 τὸ
2573 4147 2877 4218 είρημένον.
2916 4145 3051 4202 Εἶτα
3079 4149 3242 4203 πάλιν

1667 4232 1731 4299 τῇ
1772 4229 1991 4299 συνήθει
2034 4231 2372 4301 κεχρημένος
2404 4228 2871 4300 ταπεινοφροσύνῃ
2896 4272 2910 4294 ,
2944 4232 3039 4283 καὶ
3084 4232 3243 4285 10510

1668 4312 1876 4381 ταχέως
1902 4312 2244 4383 παρέδραμε,
2270 4315 2364 4367 καὶ
2391 4314 2451 4366 τὸ
2480 4315 2589 4366 πᾶν
2621 4313 2852 4382 ἀνέθηκε
2890 4313 2968 4383 τῷ
2992 4315 3111 4385 Θεῴ
3152 4315 3241 4368 λέ-

1669 4412 1813 4463 γων’
1854 4397 1975 4448 Οὐκ
2000 4396 2114 4464 ἐγὼ
2143 4396 2230 4457 δὲ,
2256 4397 2391 4449 ἀλλ’
2432 4397 2469 4465 ἡ
2503 4396 2675 4464 χάρις
2712 4395 2819 4450 τοῦ
2854 4399 3000 4451 Θεοῦ
3040 4399 3077 4465 ἡ
3121 4398 3241 4452 σὺν

1666 4479 1817 4547 ἐμοί.
1845 4478 1909 4530 Τί
1942 4478 2144 4547 ταύτης
2188 4479 2629 4549 θαυμαστότερον
2676 4480 2873 4547 γένοιτ’
2905 4480 2970 4533 ἂν
3011 4482 3106 4550 τῆς
3140 4482 3243 4551 ψυ-

1667 4563 1764 4632 χῆς
1791 4580 1806 4627 ;
1838 4563 1935 4614 Διά
1981 4563 2090 4631 γαρ
2131 4562 2397 4614 τοσούτων
2437 4563 2628 4615 ἐαυτὸν
2664 4561 2927 4624 καθελὼν,
2970 4566 3061 4616 καὶ
3105 4564 3161 4617 ἐν
3187 4582 3241 4618 τι

1670 4646 1829 4715 μόνον
1864 4646 2064 4715 ὑψηλὸν
2099 4645 2490 4715 φθεγξάμενος,
2532 4645 2651 4698 οὐδὲ
2688 4644 2847 4698 10510
2878 4646 3041 4699 αὑτοῦ
3078 4665 3242 4718 φησιν

1668 4727 1829 4793 εἶναι,
1871 4729 2203 4800 πανταχόθεν
2249 4729 2633 4799 περιστέλλων,
2666 4730 2776 4783 ἀπό
2808 4746 2869 4783 τε
2902 4730 3011 4782 τῶν
3037 4730 3243 4802 ἐμπρο-

1668 4812 1818 4875 σθεν,
1854 4813 1960 4866 ἀπό
1990 4830 2048 4865 τε
2074 4813 2182 4865 τῶν
2212 4814 2345 4882 μετά
2374 4813 2544 4865 ταῦτα
2571 4814 2631 4865 τὸ
2660 4812 2861 4882 ὑψηλὸν
2883 4814 3041 4866 τοῦτο
3065 4815 3238 4885 ῥῆμα,

1667 4898 1763 4951 καὶ
1792 4897 1960 4949 ταῦτα
1987 4896 2047 4962 ἐξ
2069 4899 2313 4968 ἀνάγκης
2342 4897 2509 4951 ἐλθὼν
2532 4899 2618 4951 ἐπ’
2643 4897 2792 4951 αὑτό.
2819 4899 3016 4950 Σκόπει
3039 4898 3095 4952 δὲ
3123 4900 3241 4963 πῶς

1666 4979 2105 5048 ἐπιδαψιλεύεται
2162 4984 2272 5043 τοῖς
2313 4981 2414 5047 τῆς
2462 4980 2959 5051 ταπεινοφροσύνης
3010 4983 3236 5052 ῥήμασι.

1668 5064 1777 5115 Καὶ
1823 5064 1951 5134 γὰρ,
1992 5063 2264 5133 Ἔσχιὶτῳ
2309 5080 2411 5131 μοι
2453 5062 2618 5131 ὤφθη
2660 5062 2925 5128 πάντων,
2956 5066 3131 5134 φησί·
3160 5065 3239 5119 διὸ

1665 5145 1787 5198 ούδέ
1819 5146 1936 5216 μεθ’
1962 5146 2156 5199 ἐαυτοῦ
2187 5163 2308 5199 τινα
2343 5146 2500 5199 ἄλλον
2530 5146 2711 5217 τίθησι
2750 5162 2765 5179 ο
2797 5150 2911 5211 καὶ,
2970 5149 3241 5216 Ὠσπερει

1666 5245 1746 5292 τῳ
1771 5228 2116 5299 ἐκτρώματι,
2142 5232 2234 5284 καὶ
2256 5230 2534 5300 ἐλάχιστον
2566 5230 2756 5284 ἐαυτὸν
2788 5232 2897 5284 τῶν
2924 5232 3237 5285 ἀποστόλων

1667 5307 1806 5365 εἷναί
1838 5330 1989 5382 φησι,
2021 5315 2114 5366 καὶ
2146 5314 2267 5366 οὐδὲ
2301 5315 2399 5384 τῆς
2430 5315 2805 5386 προσηγορίας
2831 5315 3033 5386 ταύτης
3064 5314 3233 5380 ἀξιον.

1668 5397 1778 5448 Καὶ
1807 5397 1926 5449 οὐδὲ.
1948 5396 2156 5461 τούτοις
2188 5398 2451 5467 ἠρκέσθη,
2498 5398 2612 5452 ἀλλ’
2645 5401 2732 5453 ἵνα
2771 5400 2846 5470 μὴ
2875 5400 3000 5471 δόξῃ
3028 5400 3237 5471 ῥήμασι

1668 5487 2127 5552 ταπεινοφρονεῖν,
2314 5484 2405 5538 καὶ
2420 5486 2504 5537 αἰτ
2516 5486 2599 5548 Ea;
2613 5486 2792 5555 τίθησι
2810 5487 2901 5538 καὶ
2914 5484 3234 5552 ἀποδείξεις,

1669 5567 1761 5621 105
1803 5568 1899 5639 μὶν
1944 5568 2205 5640 ἑκτρωμα
2244 5567 2381 5625 εἶναι
2410 5570 2471 5623 τδ
2500 5571 2725 5642 ὕστερον
2773 5570 2935 5624 αὐτὸν
2969 5571 3097 5624 ἰδεῖν
3148 5567 3240 5623 τὸν

1731 5790 1757 5830 Ιι
1784 5791 1939 5853 Alius,
1959 5794 2281 5857 ταυτολογίας.
