3802 6326
477 354 588 409 329.

487 465 716 538 Ἰησοῦν,
753 465 848 520 τοῦ
880 466 937 520 δὲ
983 465 1080 519 καὶ
1121 462 1223 532 τῆς
1252 459 1624 533 προσηγορίας
1664 456 1882 523 ἀνάξιον
1913 449 2052 508 εἶναι

475 557 580 611 τῶν
631 556 946 610 ἀποστόλων
986 553 1049 608 τὸ
1085 551 1274 618 διῶξαι
1317 551 1418 622 τὴν
1465 546 1811 619 Ἐκκλησίαν.
1855 545 1914 598 '0
1962 541 2062 614 μὲν

476 650 584 722 γὰρ
617 647 805 712 ἁπλῶς
833 643 1298 718 ταπεινοφρονῶν,
1332 642 1492 696 τοῦτο
1517 641 1578 694 οὐ
1612 641 1759 692 ποιεῖ
1777 653 1792 667 ⁸
1823 637 1852 690 ὁ
1881 635 1939 688 δὲ
1969 633 2065 688 καὶ

477 747 576 811 τάς
636 745 817 808 αίτίας
870 743 1061 808 τιθεὶς,
1120 739 1229 795 ἀπὸ
1286 735 1752 809 συντετριμμένης
1823 731 2066 793 διανοίας

479 845 699 900 ἅπαντα
725 844 1037 913 φθέγγεται.
1071 840 1161 894 Διὸ
1189 840 1286 894 καὶ
1328 835 1565 906 ἀλλαχοῦ
1597 834 1708 888 τῶν
1735 831 1916 887 αὐτῶν
1945 828 2066 883 τού-

479 954 588 992 των
612 936 908 1009 μέμνηται,
931 935 1105 1002 λέγων
1121 951 1135 964 ’
1166 932 1349 1001 Χάριν
1374 930 1443 984 δὲ
1468 929 1588 999 ἐχω
1617 927 1697 994 τῷ
1722 921 2067 991 ἐνδυναμώ-

480 1031 661 1086 σαντί
679 1047 756 1100 με
781 1025 1036 1098 Χριστῷ,
1069 1027 1160 1082 ὅτι
1189 1025 1408 1080 πιστόν
1423 1039 1500 1094 με
1520 1020 1794 1092 ἡγήσατο
1822 1016 2070 1088 θέμενος

481 1125 569 1189 είς
617 1122 952 1183 διακονίαν,
1001 1121 1110 1175 τὸν
1155 1121 1448 1187 πρότερον
1495 1116 1641 1168 ὄντα
1692 1109 2070 1180 βλάσφημον

481 1216 582 1271 καί
624 1215 888 1285 διώκτην
935 1214 1033 1268 καὶ
1084 1212 1398 1281 ὑϐριστήν.
1441 1209 1599 1272 Τίνος
1637 1207 1697 1260 δὲ
1747 1207 1935 1258 ἕνεκεν
1975 1203 2071 1255 καὶ

483 1309 621 1362 αὐτὸ
643 1309 704 1362 rb
734 1308 940 1379 ὑψηλὸν
988 1306 1147 1361 τοῦτο
1173 1303 1491 1376 ἐφθέγξατο.
1521 1301 1602 1366 τὸ,
1636 1299 2072 1379 Περισσότερον

485 1399 685 1455 αὐτῶν
705 1400 998 1454 ἐκοπίασα
1016 1416 1034 1462 ;
1055 1399 1159 1452 Τὸν
1182 1397 1371 1470 καιρὸν
1393 1395 1540 1466 ἑώρα
1564 1377 2068 1461 καταναγκάζονταέ

488 1493 556 1546 El
591 1493 667 1564 μὴ
692 1494 802 1564 γὰρ
839 1493 999 1546 τοῦτο
1034 1486 1209 1555 εἶπεν,
1244 1489 1383 1543 ἀλλά
1416 1488 1575 1553 μόνον
1606 1485 1801 1540 ἑαυτὸν
1847 1482 2073 1553 ἐξηυτέ-

488 1586 632 1648 λισε,
673 1585 792 1648 πῶς
832 1582 1064 1653 ἠδύνατο
1109 1581 1248 1653 μετὰ
1290 1578 1605 1652 παρρησίας
1649 1578 1730 1640 είς
1767 1575 2074 1648 μαρτυρίαν

489 1675 682 1731 ἑαυτὸν
711 1675 921 1741 καλεῖν,
953 1675 1050 1728 καὶ
1085 1673 1226 1744 μετά
1252 1672 1364 1727 τῶν
1391 1671 1568 1725 ἀλλων
1589 1668 1848 1741 ἀριθμεῖν
1873 1667 1968 1720 καὶ
1992 1664 2078 1717 λέ-

490 1785 631 1838 γειν,
659 1768 798 1823 Εῖτε
820 1763 938 1823 οὖν
966 1766 1103 1838 ἐγὼ,
1140 1767 1263 1821 alte
1301 1764 1540 1829 ἐκεῖνοι,
1581 1762 1736 1818 οὕτω
1768 1759 2076 1827 κηρύσσο-

485 1879 637 1935 μεν;
667 1861 772 1915 Τὸν
812 1862 921 1934 γὰρ
960 1861 1219 1933 μάρτυρα
1241 1858 1553 1923 ἀξιόπιστον
1581 1852 1720 1909 εἶναι
1754 1853 1953 1906 δεῖκαὶ
1978 1849 2077 1921 μέ-

490 1974 616 2027 γαν.
666 1957 793 2021 ῐΙῶς
833 1956 890 2010 δὲ
935 1957 1032 2009 καὶ
1081 1953 1472 2024 περισσότερον
1518 1949 1703 2004 αὐτῶν
1762 1946 2077 2005 ἐκοπίασεν,

493 2051 692 2118 ἔδειξεν
719 2049 1002 2121 ἀνωτέρω,
1054 2045 1230 2115 λέγων
1253 2062 1267 2075 ·
1304 2047 1373 2098 Ἦ
1401 2045 1513 2097 οὐκ
1545 2042 1766 2110 ἔχομεν
1789 2037 2083 2102 ἐξουσίαν

493 2149 603 2206 τοῦ
632 2147 848 2220 φαγεῖν
870 2147 968 2200 καὶ
996 2143 1174 2208 πιεῖν,
1200 2144 1280 2210 ὡς
1311 2141 1407 2195 καί
1426 2143 1478 2194 οί
1499 2143 1699 2194 λοιποί
1727 2137 2081 2197 ἀπόστολος

495 2243 591 2299 καὶ
631 2240 818 2305 πάλιν,
868 2239 1192 2309 Ἐτενόμην
1250 2234 1376 2299 τοῖς
1430 2233 1678 2301 ἀνόμοις
1720 2230 1800 2294 ὡς
1837 2229 2081 2296 ἄνομος.

499 2335 608 2389 Καὶ
635 2333 746 2403 γὰρ
781 2333 916 2397 ὅπου
961 2329 1249 2397 ἀκρίϐειαν
1294 2324 1671 2390 ἐπιδείξασθαι
1716 2322 1846 2385 ἔδει,
1878 2320 2084 2383 πάντας

497 2425 893 2496 ὕπερηκόντισε
928 2439 942 2453 ·
981 2423 1076 2476 καὶ
1124 2423 1259 2474 ὅπου
1311 2416 1727 2487 συγκαταϐῆναι
1767 2412 1958 2485 ἐχρῆν,
1984 2411 2084 2482 τὴν

497 2519 669 2590 αὐτὴν
698 2517 860 2572 πάλιν
893 2514 1199 2586 ὑπερϐολὴν
1229 2511 1565 2576 ἐπεδείξατο.
1599 2506 1757 2571 Τινὲς
1785 2507 1840 2558 δέ
1870 2521 2002 2573 φασι
2024 2503 2084 2557 τὸ

499 2615 581 2677 είς
618 2610 747 2681 έθνη
802 2607 1140 2664 ἀπεστάλθαι
1183 2605 1277 2659 καὶ
1320 2604 1382 2656 τὸ
1415 2603 1598 2655 πλεῖον
1631 2601 1732 2670 τῆς
1759 2597 2084 2668 οἰκουμένης

507 2705 673 2777 μέρος
699 2703 1043 2773 ἐπιδραμεῖν.
1076 2698 1239 2752 Ὅθεν
1267 2697 1425 2766 δῆλον
1455 2696 1538 2749 ὅτι
1565 2694 1659 2747 καὶ
1698 2692 1942 2754 πλείονος
1982 2690 2087 2742 ἀπο

503 2792 697 2852 έλαυσε
733 2796 977 2866 χάριτος.
1012 2793 1070 2844 Et
1099 2790 1209 2861 γὰρ
1243 2789 1428 2842 πλεῖον
1466 2787 1750 2845 ἐκοπίασε.
1784 2784 1986 2837 πλείων
2018 2777 2086 2854 ἦν

504 2894 652 2962 καὶὴ
685 2892 849 2962 χάρις
911 2887 1158 2950 πλείονος
1193 2885 1250 2938 δὲ
1293 2882 1569 2938 ἀπέλαυσε
1617 2881 1856 2951 χάριτος,
1902 2877 2089 2947 ἐπειδὴ

506 2986 601 3040 καὶ
647 2984 867 3038 πλείονα
918 2979 1233 3044 ἐπεδείξατο
1279 2976 1541 3047 σπουδήν.
1597 2971 1750 3038 Εἶδες
1798 2973 1935 3036 πῶς,
1997 2971 2094 3025 καὶΙ

507 3081 574 3132 δι’
594 3073 669 3134 ὧν
694 3078 987 3148 φιλονεικεῖ
1002 3076 1094 3128 καὶ
1122 3072 1368 3144 βιάζεται
1396 3070 1710 3134 συσκιάζειν
1732 3067 1802 3120 τά
1820 3067 1945 3121 καθ’
1963 3067 2094 3118 ἐαυ-

508 3174 622 3237 τὸν,
659 3173 879 3226 πάντων
899 3169 1176 3223 δείκνυται
1210 3165 1427 3237 πρῶτος
1463 3162 1575 3228 ῶν;

586 3305 660 3363 ς’.
683 3294 870 3348 Ταῦτα
888 3293 983 3346 καὶ
1011 3293 1167 3362 ἡμεῖς
1196 3288 1505 3352 ἀκούοντες,
1521 3287 1591 3341 τά
1618 3286 1714 3357 μὲν
1736 3283 2096 3353 ἐλαττώματα

513 3389 674 3462 ἡμῶν
710 3382 1173 3454 ἐκπομπεύωμεν,
1204 3380 1274 3434 τά
1302 3379 1360 3433 δὲ
1393 3376 1799 3450 κατορθώματα
1827 3374 2093 3447 σιγῶμεν

516 3483 622 3534 κᾶν
644 3476 835 3548 καιρὸς
857 3471 1273 3542 καταναγκάζῃ,
1295 3467 1740 3548 συνεσταλμένως
1762 3466 1903 3522 αὐτὰ
1930 3466 2100 3532 λέγω-

521 3589 642 3644 μεν,
673 3542 764 3623 καί
786 3568 846 3620 τὸ
880 3568 990 3620 πᾶν
1017 3568 1083 3636 τῇ
1114 3565 1299 3635 χάριτι
1326 3542 1689 3632 λογιζώμεθα·
1719 3559 1747 3613 ὂ
1778 3558 1841 3630 δὴ
1871 3560 1966 3613 καὶ
1999 3559 2100 3613 αὺ-

519 3664 610 3727 τὺς
631 3663 792 3722 ποιεῖ.
817 3659 928 3714 ἀνω
951 3658 1046 3713 καὶ
1070 3658 1220 3712 κάτω
1237 3655 1329 3709 τὸν
1349 3655 1445 3726 μὲν
1470 3651 1686 3724 πρῶτον
1711 3649 1878 3706 αὑτοῦ
1903 3650 2103 3714 στίζων

524 3754 660 3826 βίον,
693 3753 763 3806 τά
805 3751 863 3805 δὲ
898 3749 1037 3822 μετὰ
1071 3747 1242 3802 ταῦτα
1279 3749 1345 3820 τῇ
1379 3747 1561 3818 χάριτι
1599 3742 1970 3814 λογιζόμενος,
2016 3743 2104 3797 Eva

521 3845 620 3899 τοῦ
642 3842 775 3898 Θεοῦ
801 3840 953 3915 δείξῃ
980 3840 1081 3912 τὴν
1117 3836 1526 3909 φιλανθρωπίαν
1556 3832 1843 3898 πάντοθεν,
1877 3833 1959 3886 ὅτι
1994 3851 2106 3888 τοι-

523 3937 678 3993 οὖτον
705 3937 838 3991 ὅντα
869 3935 1066 3999 ἔσωσε,
1113 3932 1208 3986 καὶ
1246 3928 1488 3984 σωθέντα
1519 3926 1682 3982 πάλιν
1720 3923 1962 3979 τοιοῦτον
1990 3927 2106 3997 είρ-

525 4031 756 4099 γάσατοὶ
789 4027 995 4099 Μηδεὶς
1029 4024 1202 4078 τοίνυν
1223 4021 1334 4076 τῶν
1362 4022 1420 4074 ὲν
1446 4018 1616 4090 κακίᾳ
1642 4017 1812 4070 ὄντων
1835 4016 2107 4085 ἀπογινω-

529 4122 724 4184 σκέτω,
751 4120 939 4192 μηδεὶς
965 4117 1074 4174 τῶν
1096 4119 1154 4171 ὲν
1179 4117 1348 4188 ἀρετῇ
1372 4113 1665 4184 θαρρείτω,
1691 4108 1829 4164 ἀλλά
1855 4110 2106 4175 κάκεῖνος

527 4213 667 4268 ἔστω
702 4212 977 4284 περιδεὴς,
1004 4209 1102 4264 καὶ
1130 4203 1288 4271 οὗτος
1315 4204 1616 4277 πρόθυμος.
1636 4201 1772 4256 Οὔτε
1795 4201 1903 4271 γὰρ
1936 4200 2105 4273 ρᾳθυ-

531 4307 648 4378 μῶν
681 4324 762 4369 τις
801 4304 985 4367 ἱκανὸς
1019 4302 1172 4356 ἔσται
1209 4302 1386 4372 μεῖναι
1419 4299 1476 4350 ὲν
1500 4298 1691 4369 ἀρετῇ,
1719 4293 1842 4348 οὕτε
1866 4294 2105 4347 σπουδά-

528 4401 656 4464 ζων,
691 4395 922 4468 ἀσθενὴς
956 4394 1092 4465 πρὸς
1120 4393 1182 4446 τὸ
1211 4392 1495 4461 διαφυγεῖν
1513 4389 1734 4442 κακίαν.
1762 4389 1874 4442 Καὶ
1901 4386 2107 4441 τούτων

527 4489 852 4562 ἀμφοτέρων
904 4487 1207 4556 ὑπόδειγμα
1239 4487 1266 4538 ὁ
1298 4483 1568 4554 μακάριος
1599 4479 1782 4546 Δαυῖδ,
1818 4480 1981 4551 ἡνίκα
2016 4497 2107 4552 μι-

529 4584 661 4654 κρὸν
677 4581 766 4635 ὲνύ
777 4580 955 4648 σταξε,
974 4575 1304 4634 καταπεσὼν
1324 4576 1483 4646 μέγαο
1501 4575 1597 4627 καὶ
1620 4573 1786 4644 ἡνίκα
1802 4571 2099 4644 κατενύγη,

529 4677 689 4733 πάλιν
721 4675 856 4748 πρὸς
887 4674 950 4728 τὸ
977 4671 1245 4745 πρότερον
1281 4669 1414 4740 ὕψος
1460 4664 1810 4737 ἀναδραμὼν.
1853 4665 1964 4718 Καὶ
1997 4665 2106 4735 γὰρ

529 4769 814 4841 ἀμφότερα
845 4766 904 4833 ἐξ
938 4766 1060 4836 ίσης
1091 4762 1259 4827 κακὰ,
1287 4761 1384 4814 καὶ
1405 4759 1467 4812 τὸ
1491 4755 1892 4824 ἀπογινώσκειν
1920 4757 2016 4808 καὶ
2047 4755 2109 4807 τὸ

533 4859 682 4933 [559]
708 4859 990 4932 ῥᾳθυμεῖν·
1023 4855 1085 4909 τὸ
1120 4855 1218 4927 μὲν
1240 4853 1348 4923 γὰρ
1377 4849 1634 4920 καθαιρεῖ
1656 4846 1868 4916 ταχέως
1890 4845 1985 4898 ἀπ’
2009 4845 2109 4898 αὖ·

531 4953 629 5020 τῆς
659 4949 769 5002 τῶν
803 4947 1048 5022 οὐρανῶν
1081 4945 1186 5016 τῆς
1218 4943 1426 5013 ἁψῖδος,
1462 4940 1522 4994 τὸ
1566 4938 1644 5002 δὲ,
1687 4935 1986 5006 ἀναστῆναι
2017 4934 2110 4988 τὸν

534 5043 784 5112 κείμενον
808 5043 906 5095 οὐκ
950 5040 1162 5111 ἀφίησι.
1195 5037 1287 5090 Διὸ
1318 5034 1456 5106 πρὸς
1483 5033 1691 5086 ἐκεῖνον
1735 5029 1833 5102 μὲν
1870 5027 2056 5096 ἔλεγεν
2081 5028 2111 5080 6

535 5134 764 5194 Παῦλος·
809 5134 871 5186 '0
919 5131 1113 5188 δοκῶν
1149 5130 1422 5194 ἑστάναι,
1474 5126 1753 5193 βλεπέτω
1779 5122 1867 5192 μὴ
1911 5121 2106 5190 πέσῃ·

537 5228 673 5297 πρὸς
706 5227 760 5279 δὲ
788 5229 1010 5290 τοῦτον,
1055 5225 1326 5296 Σήμερον
1366 5222 1477 5277 ἐὰν
1515 5217 1625 5287 τῆς
1675 5214 1885 5288 φωνῆς
1922 5212 2111 5268 αὐτοῦ

535 5319 855 5382 ἀκούσητε,
901 5317 989 5384 μὴ
1035 5317 1418 5384 σκληρύνητε
1464 5311 1573 5377 τὰς
1619 5306 1870 5379 καρδίας
1912 5305 2109 5376 ὑμῶν·

537 5412 630 5488 καὶ
664 5409 845 5474 πάλιν,
884 5408 994 5475 Tac
1022 5405 1381 5476 παρειμένας
1419 5403 1644 5474 χεῖρας,
1684 5399 1784 5455 καί
1813 5397 1889 5453 τὰ
1921 5394 2111 5466 παρίῃ

533 5502 837 5570 λελυμένα
863 5503 1085 5572 γόνατα
1115 5497 1511 5566 ἀνορθώσατε.
1548 5496 1655 5548 Kal
1685 5493 1778 5548 τὸν
1811 5507 2113 5562 πεπορνευ-

535 5593 669 5648 κότα
694 5593 751 5647 δὲ
803 5590 1232 5664 μετανοήσαντα,
1255 5585 1342 5640 διά
1364 5584 1523 5638 τοῦτο
1546 5586 1846 5640 ἀνακτᾶται
1879 5581 2110 5653 ταχέως,

539 5686 628 5739 ἵνα
659 5684 733 5756 μὴ
765 5687 829 5756 τῇ
866 5681 1223 5755 περισσοτέρᾳ
1253 5676 1402 5748 λύπῃ
1447 5677 1726 5747 καταποθῇ
1775 5678 1803 5727 ὁ
1850 5673 2108 5736 τοιοῦτος.

539 5777 603 5832 Τί
633 5777 810 5832 τοίνυν
852 5776 944 5831 ἐπὶ
984 5775 1095 5838 τοῖς
1140 5770 1320 5835 ἀλλοις
1359 5767 1606 5839 ἀθυμεῖς,
1642 5759 1687 5822 ὦ
1726 5765 2012 5837 ἀνθρωπες
2046 5766 2108 5819 ΕΞ

1174 345 1233 400 S.
1273 338 1558 400 JOANNIS
1595 328 2080 394 CHRYSOS‘I‘OMI
2117 328 2435 389 ARCHIEP.
2475 324 3022 388 CONSTANTINOP.

3600 325 3680 382 530

2175 468 2280 540 γάρ
2310 468 2404 522 ἐπὶ
2431 467 2842 539 ἁμαρτήμασιν,
2871 462 3004 516 ἔνθα
3028 459 3290 533 χρήσιμον
3313 462 3347 532 ἡ
3371 457 3508 531 λύπη
3536 460 3680 532 μόνον,

2169 563 2203 631 ἡ
2231 559 2467 632 ἀμετρία
2496 559 2696 630 πολλὴν
2728 556 3024 630 ἐργάζεται
3065 553 3288 625 βλάϐην,
3326 553 3496 626 πολλῷ
3525 553 3682 623 μᾶλλον

2165 655 2257 707 ἐπὶ
2286 657 2396 716 τοῖς
2423 653 2622 716 ἀλλοις.
2666 652 2824 715 Τίνος
2860 651 2971 720 γάρ
3011 649 3198 702 ἕνεκεν
3241 646 3451 714 ἀλγεῖς;
3479 647 3552 699 ὃτι
3581 649 3684 717 χρήσ

2169 763 2314 817 ματα
2365 746 2684 811 ἀπώλεσας;
2729 743 2870 796 Ἀλλ’
2919 743 3173 813 ἐννόησον
3217 741 3345 802 τοὺς
3391 739 3503 792 οὐδὲ
3555 739 3682 810 ἄρτου

2167 841 2615 910 κορεννυμένους,
2652 839 2747 892 καὶ
2775 837 3040 908 ταχίστην
3059 836 3202 907 λήψῃ
3230 833 3582 905 παραμυθίαν.
3602 834 3685 887 Καὶ

2167 931 2252 1000 ἐφ’
2278 932 2490 1002 ἑκάστῳ
2525 930 2584 983 δὲ
2610 929 2719 982 τῶν
2748 928 2939 981 δεινῶν
2979 927 3053 998 μὴ
3085 928 3155 980 τά
3195 925 3473 996 συμϐάντα
3501 925 3682 994 θρήνει,

2169 1025 2286 1078 ἀλλ’
2313 1023 2453 1095 ὑπὲρ
2483 1022 2592 1075 τῶν
2637 1021 2711 1092 μὴ
2745 1019 3068 1090 συμϐάντων
3115 1018 3369 1090 χαλεπῶν
3416 1016 3684 1085 εὐχαρίστει.

2173 1119 2369 1187 Ἕσχες
2401 1117 2684 1188 χρήματα,
2712 1117 2806 1169 καὶ
2834 1114 3144 1177 ἀπέϐαλες;
3186 1113 3281 1183 Μὴ
3311 1110 3563 1184 δακρύσῃς
3583 1111 3687 1178 ὑπὲρ

2169 1212 2268 1280 τῆς
2299 1209 2522 1282 ζημίας,
2555 1209 2668 1263 ἀλλ’
2702 1208 3099 1280 εὐχαρίστησον
3140 1206 3282 1276 ὑπὲρ
3320 1202 3412 1259 τοῦ
3442 1205 3625 1276 χρόνον,
3645 1199 3688 1258 οὗ

2171 1308 2342 1361 ταῦτα
2386 1305 2712 1377 έκαρπώσω·
2755 1305 2877 1358 εἰπὲ
2919 1301 3062 1357 κατὰ
3111 1301 3203 1354 τὸν
3243 1299 3386 1364 Ἰὼϐ,
3420 1302 3482 1353 Εί
3512 1299 3572 1352 τὰ
3605 1300 3690 1367 μὲν

2173 1401 2363 1472 ἀγαθὰ
2393 1401 2719 1470 ἐδεξάμεθα
2749 1399 2908 1468 παρὰ
2939 1397 3161 1466 Κυρίου
3184 1435 3200 1459 ,
3234 1395 3310 1449 τὰ
3340 1391 3407 1447 δὲ
3435 1396 3572 1447 κακὰ
3607 1396 3688 1462 οὐχ

2174 1495 2542 1565 ὑποίσομεν;
2571 1493 2724 1548 Μετά
2755 1491 2811 1545 δὲ
2850 1490 3041 1544 τούτου
3071 1489 3296 1542 κάκεῖνο
3331 1485 3551 1554 λογίζου,
3576 1485 3640 1536 ὃτι
3657 1484 3691 1535 εί

2177 1591 2272 1643 καὶ
2300 1589 2406 1660 χρή
2417 1604 2556 1658 ματα
2582 1583 2874 1647 ἀπέϐαλες,
2899 1580 3036 1635 ἀλλά
3054 1580 3117 1634 τὸ
3135 1579 3299 1650 σῶμά
3327 1595 3417 1633 σου
3444 1577 3565 1641 τέως
3581 1577 3692 1644 ὑγιὲς

2178 1681 2344 1754 ἔχεις,
2377 1680 2471 1734 καὶ
2502 1683 2563 1736 οὐ
2594 1679 2810 1751 θρηνεῖς
2847 1676 2985 1749 μετά
3015 1679 3116 1749 τῆς
3150 1676 3344 1738 πενίας
3374 1676 3462 1729 καὶ
3488 1674 3575 1744 τὴν
3601 1671 3692 1724 τοὺ·

2179 1793 2273 1829 του
2301 1777 2574 1846 πήρωσιν.
2622 1771 2785 1826 Ἀλλά
2817 1769 2913 1824 καὶ
2958 1769 3020 1824 τὸ
3069 1767 3233 1840 σῶμά
3285 1785 3380 1822 σου
3418 1766 3578 1836 λώϐην
3605 1763 3694 1817 τινὰ

2181 1870 2504 1940 ὑπέμεινεν;
2544 1866 2685 1920 Ἀλλ’
2715 1865 2814 1936 οὐχ
2845 1857 3004 1927 οὗτος
3035 1863 3147 1916 τῶν
3185 1861 3530 1934 ἀνθρωπίνων
3557 1859 3696 1913 κακῶν

2179 1966 2208 2018 ό
2237 1962 2480 2033 πυθμὴν,
2517 1959 2632 2013 ἀλλ’
2669 1960 2726 2012 ὲν
2771 1955 2848 2027 τῷ
2897 1955 3050 2028 μέσῳ
3089 1955 3187 2010 τοῦ
3231 1956 3388 2009 πίθου
3422 1955 3550 2027 φέρῃ
3576 1951 3694 2013 τέως.

2183 2055 2374 2110 Πολλοὶ
2400 2054 2509 2124 γὰρ
2542 2050 2683 2124 μετά
2711 2048 2903 2113 πενίας
2940 2049 3032 2102 καὶ
3061 2047 3246 2119 λώϐης
3285 2049 3378 2102 καὶ
3414 2047 3602 2116 δαίμονι
3624 2060 3698 2096 πα·

2183 2148 2395 2203 λαίουσι
2425 2146 2526 2200 καὶ
2552 2146 2610 2198 ἐν
2643 2144 2872 2215 ἐρήμοις
2901 2141 3233 2196 πλανῶνται·
3267 2139 3416 2196 ἄλλοι
3446 2138 3587 2193 πάλιν
3613 2132 3700 2188 τού-

2184 2260 2294 2297 των
2317 2242 2481 2312 ἓτερα
2513 2237 2872 2310 χαλεπώτερα
2915 2233 3268 2303 ὑπομένουσι.
3297 2233 3389 2303 Μὴ
3422 2230 3520 2301 γὰρ
3550 2228 3604 2299 δὴ
3633 2227 3698 2294 γέ-

2186 2352 2328 2389 νοιτο
2351 2334 2497 2404 ἡμᾶς
2522 2331 2701 2384 πάντα
2718 2328 2934 2392 παθεῖν,
2957 2328 3057 2380 ὅσα
3075 2325 3302 2379 δυνατὸν
3318 2324 3560 2392 ἐνεγκεῖν.
3578 2317 3700 2374 Ταῦτ’

2187 2423 2280 2482 οὖν
2305 2427 2392 2480 ἀεὶ
2418 2421 2791 2492 λογιζόμενος,
2823 2421 2949 2483 τοὺς
2974 2419 3040 2472 τά
3067 2415 3426 2489 χαλεπώτερα
3453 2413 3702 2484 πάσχοντας

2189 2518 2377 2582 ἐννόει,
2414 2517 2509 2569 καὶ
2540 2515 2729 2585 μηδενὶ
2747 2512 2952 2566 τούτων
2983 2511 3160 2578 ἀλγειο
3186 2509 3306 2562 ἀλλ’
3342 2509 3462 2561 ὅταν
3486 2505 3700 2577 ἁμάρτῃς.

2188 2613 2310 2666 τότε
2337 2611 2495 2683 μόνον
2518 2605 2794 2672 στέναξον,
2825 2605 2947 2658 τότε
2976 2603 3270 2674 δάκρυσονο
3294 2603 3354 2656 οὐ
3384 2600 3585 2661 κωλύω,
3604 2595 3703 2650 ἀλλὰ

2191 2709 2287 2762 καὶ
2319 2704 2615 2778 προτρέπω
2643 2700 2865 2772 μᾶλλονο
2897 2699 2990 2752 καὶ
3015 2697 3136 2750 τότε
3155 2697 3214 2750 δὲ
3245 2695 3383 2768 μετά
3407 2689 3702 2764 συμμετρίας,

2195 2800 2394 2858 ἐννοῶν
2449 2799 2531 2852 ὅτι
2575 2795 2724 2848 ἐστιν
2773 2790 3052 2856 ἐπάνοδος,
3094 2789 3208 2842 ἐστι
3242 2788 3558 2855 καταλλαγή.
3604 2779 3703 2836 Ἀλλ’

2193 2897 2326 2968 ὁρᾷς
2356 2892 2576 2964 ἑτέρους
2619 2886 2963 2960 τρυφῶντας,
3011 2882 3209 2936 σαυτὸν
3254 2881 3312 2935 δὲ
3353 2881 3410 2933 ὲν
3461 2876 3612 2946 πενία,
3638 2873 3704 2927 καὶ

2194 2967 2380 3056 ἕτερον
2422 2985 2480 3037 ὲν
2498 2979 2774 3052 λαμπροῖς
2833 2976 3090 3048 ἱματίοις,
3145 2975 3242 3027 καὶ
3295 2975 3354 3026 ὲν
3406 2967 3703 3040 περιφανείας

2208 3079 2371 3135 Ἀλλά
2399 3078 2472 3149 μὴ
2505 3073 2680 3129 ταῦτα
2706 3071 2866 3140 μόνον
2901 3068 3096 3121 σκόπει
3115 3106 3130 3131 ,
3164 3064 3306 3118 ἀλλά
3330 3063 3423 3117 καὶ
3456 3061 3517 3114 τὰ
3541 3061 3593 3111 ἐκ
3621 3057 3706 3108 τον⁶

2195 3192 2304 3230 των
2331 3169 2572 3242 λυπηρά.
2599 3166 2711 3219 Καὶ
2741 3164 2834 3217 ὲπὶ
2859 3162 2956 3231 τῆς
2979 3159 3166 3221 πενίας
3190 3158 3251 3210 δὲ
3279 3156 3356 3228 μὴ
3377 3155 3469 3226 τὴν
3494 3150 3706 3220 πτωχείαν

2202 3269 2393 3340 μόνον,
2462 3260 2602 3316 ἀλλά
2679 3256 2776 3310 καὶ
2849 3255 2948 3325 τὴν
3012 3249 3266 3306 ὲντεῦθεν
3334 3245 3516 3320 ἡδονὴν
3561 3243 3708 3298 ἀναλο-

2199 3359 2376 3429 γίζσυ.

2284 3533 2342 3584 ’0
2384 3529 2481 3602 μὲν
2518 3527 2626 3597 γὰρ
2655 3522 2881 3585 πλοῦτος
2909 3519 2969 3574 τὺ
3005 3518 3102 3590 μὲν
3131 3517 3470 3588 προσωπεῖον
3507 3511 3600 3582 ἔχει
3625 3522 3710 3577 qm-

2201 3627 2348 3699 δρὸν,
2379 3623 2448 3676 τά
2472 3622 2528 3675 δὲ
2558 3620 2706 3673 ἔνδον
2741 3617 2908 3686 ζόφου
2956 3614 3214 3684 γέμοντα’
3263 3613 3296 3682 ἡ
3342 3608 3397 3662 δὲ
3434 3606 3576 3661 πενία
3603 3603 3711 3656 τοῦν-

2203 3720 2405 3774 αντίον’
2441 3714 2544 3769 κᾶν
2588 3713 2650 3766 τὸ
2695 3711 2924 3764 ἑκάστου
2965 3705 3204 3767 συνειδὸς
3231 3701 3549 3774 ἀναπτύξῃς,
3571 3700 3619 3752 ἐν
3643 3693 3713 3765 μὲν

2203 3813 2270 3882 τῇ
2294 3808 2387 3863 τοῦ
2413 3807 2642 3874 πένητος
2673 3803 2818 3872 ψυχῇ
2854 3797 3052 3869 πολλὴν
3081 3799 3179 3867 τὴν
3205 3796 3388 3850 ἀδειαν
3410 3793 3519 3862 ϐψει
3541 3789 3620 3843 καὶ
3643 3786 3711 3850 τὴν

2205 3900 2538 3973 ὲλευθερίανυ
2572 3899 2628 3949 ὲν
2655 3897 2713 3948 δὲ
2742 3897 2810 3965 τῇ
2846 3893 2940 3946 τοῦ
2979 3889 3337 3951 πλουτοῦντος
3369 3884 3619 3956 θορύϐους,
3647 3896 3714 3930 ττι

2208 3972 2408 4067 ραχάς,
2431 3989 2672 4055 κύματα.
2699 3987 2762 4038 Εἰ
2783 3985 2842 4039 δὲ
2861 3984 3047 4052 ἀλγεῖς
3074 3981 3217 4053 ὁρῶν
3237 3981 3399 4036 αὐτὸν
3427 3972 3711 4067 πλουτοῦντα,

2207 4087 2458 4146 κάκεῖνος
2489 4078 2672 4150 πολλῷ
2696 4075 2789 4130 σοῦ
2825 4075 2990 4128 πλέον
3023 4073 3180 4143 ἀλγεῖ
3204 4074 3296 4127 τὸν
3323 4069 3480 4128 αὑτοῦ
3508 4059 3714 4120 πλουσιὼ-

2205 4195 2365 4250 τερον
2407 4174 2711 4244 θεώμενος·
2747 4169 2843 4223 καὶ
2883 4167 3135 4237 καθάπερ
3177 4165 3243 4218 σὺ
3284 4163 3466 4218 ταῦτον
3490 4159 3712 4212 δέδοικας,

2206 4271 2352 4328 οὕτω
2378 4270 2631 4328 κάκεῖνος
2663 4263 2844 4327 ἀλλον,
2868 4262 2963 4316 καὶ
2993 4260 3145 4314 οὐδέν
3180 4276 3276 4312 σου
3310 4254 3595 4312 πλεονεκτεῖ
3614 4245 3715 4303 κατὰ

2207 4365 2385 4421 τοῦτο.
2426 4361 2567 4415 Ἀλλ’
2603 4359 2841 4431 ἄρχοντα
2882 4353 3024 4424 ὁρῶν
3059 4351 3244 4420 ἀλγεῖς
3266 4390 3283 4413 ,
3322 4351 3402 4403 ὅτι
3440 4344 3623 4411 ἰδιώτης
3650 4339 3711 4431 6:5.

2209 4459 2303 4514 καὶ
2340 4456 2448 4509 τῶν
2479 4430 2817 4525 ἀρχομένων.
2870 4446 3008 4500 Ἀλλ’
3055 4443 3224 4498 ἐννόει
3267 4443 3362 4497 καὶ
3397 4441 3491 4510 τῆς
3525 4430 3714 4500 διαδοχῆς

2207 4549 2306 4621 τὴν
2330 4546 2564 4620 ἡμέραν,
2611 4543 2706 4596 καὶ
2745 4538 2854 4611 πρὸ
2884 4540 2984 4609 τῆς
3027 4533 3243 4607 ἡμέρας
3289 4533 3347 4586 δὲ
3393 4529 3584 4621 ἐκείνης
3622 4525 3713 4621 τοῦς

2210 4614 2494 4715 θόρύϐους,
2516 4635 2641 4698 τοὺς
2657 4630 2954 4696 κινδύνους,
2973 4629 3101 4690 τοὺς
3121 4627 3336 4687 πόνους,
3353 4625 3448 4686 τὰς
3468 4614 3711 4714 κολακείιςς

2211 4700 2362 4808 [δὸο]
2387 4700 2490 4794 τὰς
2525 4725 2863 4798 ἀγρυπνίας,
2895 4720 2996 4786 τάς
3032 4717 3405 4789 ταλαιπωρίας
3435 4713 3608 4767 πάσας.
3634 4700 3712 4757 Καὶ

2207 4801 2378 4880 ταῦτα
2411 4821 2546 4894 πρὸς
2579 4820 2705 4879 τοὺς
2737 4817 2837 4869 οὐκ
2865 4813 3149 4874 ἐθέλοντας
3179 4809 3478 4878 φιλοσοφεῖν
3517 4801 3709 4894 λέγομεν·

2209 4921 2286 4984 ὡς
2301 4919 2396 4972 ὲάν
2419 4885 2577 4968 τοῦτο
2604 4911 2771 4981 εἰδῇς,
2791 4907 2884 4976 ἀφ’
2908 4906 3111 4975 ἑτέρων
3138 4919 3197 4956 σε
3223 4899 3478 4970 μειζόνων
3500 4885 3712 4984 δυνάμεθα

2211 4981 2590 5085 παρακαλέσαι
2611 5022 2625 5036 ο
2679 5001 2814 5064 τέως
2833 4999 2892 5052 δὲ
2937 4996 3046 5052 ἀπὸ
3081 4995 3190 5049 τῶν
3218 4990 3526 5062 παχυτέρων
3550 4981 3708 5043 ἀνάγκη

2212 5077 2349 5183 πρδς
2383 5107 2442 5161 σὲ
2478 5097 2842 5169 διαλέγεσθαι.
2872 5096 3042 5150 Ὅταν
3073 5091 3250 5145 τοίνυν
3280 5090 3395 5162 ῖόῃς
3422 5077 3708 5180 πλουτοῦντα

2211 5166 2304 5258 τόν
2339 5199 2547 5253 ἐκείνου
2579 5188 2974 5259 πλουσιώτερον
3005 5184 3197 5248 ἐννόει,
3249 5181 3344 5234 καὶ
3371 5177 3483 5246 ὕψει
3501 5171 3651 5226 τοῦτον
3670 5166 3710 5210 ἓν

2212 5295 2294 5364 οἷς
2324 5295 2418 5352 καὶ
2451 5289 2536 5343 σύ.
2563 5283 2718 5341 Μετὰ
2743 5283 2801 5336 δὲ
2834 5258 3023 5336 τοῦτον
3055 5279 3150 5331 καὶ
3181 5273 3272 5329 τὸν
3301 5265 3490 5325 σαυτοῦ
3518 5258 3709 5364 πενέστεῐ

2215 5342 2308 5466 po’v
2343 5387 2555 5449 σκόπει,
2600 5381 2695 5437 καὶ
2737 5378 2893 5432 πόσοι
2927 5371 3218 5432 πεινῶντες
3249 5361 3606 5466 ἐκοιμήθησαν.
3628 5342 3710 5453 ,καὶ

2212 5449 2397 5544 οὐσίας
2417 5476 2673 5550 πατρῴας
2700 5469 2992 5532 ἀπέϐαλον,
3023 5466 3116 5520 καὶ
3145 5459 3504 5550 δεσμωτήριον
3531 5449 3707 5550 οίκοὲσιν

2576 5530 2711 5622 ⁸καθ’
2735 5530 2986 5634 ἑκάστην
2998 5530 3360 5631 εὔχονται-τὴν
3388 5545 3592 5620 ἡμέραν.

2213 5670 2321 5738 γὰρ
2353 5664 2590 5736 ἀθυμίαν
2609 5661 2788 5724 πενία,
2811 5656 2934 5710 οὔτε
2957 5653 3153 5724 ἡδονὴν
3173 5649 3341 5703 τίκτει
3373 5637 3593 5738 πλοιλτος,

2225 5713 2319 5738 A'T
2354 5713 2579 5736 -τν-ι--ν-τ-
2776 5713 2787 5724 ι
2979 5713 2990 5724 -
3109 5713 3120 5724 -

2213 5761 2307 5814 καὶ
2359 5756 2514 5810 τοῦτο
2563 5755 2783 5808 κάκεῖνο
2816 5746 3074 5819 λογισμὸς
3125 5745 3254 5814 ὑμῖν
3301 5731 3532 5808 ἐμποιεῖν
3569 5713 3705 5775 εῐωυίο
