3802 6348
153 324 237 380 339
1054 321 1119 379 IN
1160 321 1368 381 EPIST.
1413 323 1434 378 1
1494 326 1585 380 AD
1623 327 1778 384 COR.
1822 326 2051 383 HOMIL.
2094 322 2399 387 XXXVllL

153 436 333 491 verbum
360 435 678 505 deprimens,
706 437 862 508 idque
891 454 1014 495 eum
1039 456 1104 495 ex
1148 442 1468 498 necessitate
1514 442 1579 497 ad
1629 444 1680 498 id

151 527 360 581 venisset.
396 527 520 583 Vide
560 541 739 585 autem
779 546 939 602 quam
971 533 1040 587 sit
1082 532 1263 605 largus
1286 544 1341 590 et
1359 536 1609 606 c0piosus
1632 536 1682 590 in

149 617 293 671 verbis
319 617 643 675 humilitatis.
676 623 882 677 Etenim
909 622 1198 680 Novissima
1218 627 1462 693 omnium,
1492 628 1680 699 inquit,

146 708 246 761 mihi
263 710 381 764 risus
406 721 510 774 est;
531 723 810 784 propterea
833 732 1005 788 neque
1025 734 1203 774 secum
1231 720 1380 790 ponit
1405 722 1602 785 alium;
1629 731 1683 777 et

147 798 388 868 Tamquam
411 804 613 858 cuidam
639 808 885 872 abortivo,
919 811 1302 881 minimumque
1327 828 1386 869 se
1411 828 1530 869 esse
1555 813 1683 870 dicit

142 892 339 945 ominum
365 896 743 964 apostolorum,
773 909 826 953 et
850 915 949 955 nec
972 917 1091 956 esse
1114 903 1331 973 dignatur]
1363 906 1451 976 qui
1483 907 1560 960 sic
1588 921 1682 977 ap-

141 984 346 1052 pelletur.
375 985 552 1057 Neque
585 988 668 1043 his
703 988 801 1043 fuit
846 1000 1148 1057 contentus,
1195 994 1287 1049 sed
1344 1012 1413 1051 ne
1442 996 1681 1052 videatur

140 1074 280 1129 verbis
304 1090 414 1131 esse
438 1076 678 1145 humilis,
709 1079 865 1135 atl'ert
881 1083 1040 1136 etiam
1062 1098 1253 1139 causas
1270 1095 1323 1140 et
1339 1085 1680 1142 demonstra-

138 1166 293 1233 tiones,
321 1168 455 1237 quod
484 1170 557 1224 sit
602 1171 818 1241 quidem
847 1173 1142 1240 abortivus,
1167 1176 1416 1246 quoniam
1444 1178 1559 1248 ipse
1582 1179 1675 1235 Je-

136 1273 227 1311 sum
252 1258 369 1313 vidit
396 1259 697 1329 posterior;
746 1263 890 1333 quod
938 1274 1118 1321 autem
1171 1268 1243 1322 sit
1288 1269 1536 1339 indignus
1584 1270 1677 1341 qui

135 1348 383 1418 appelletur
399 1353 691 1420 apostolus,
719 1355 972 1424 quoniam
994 1369 1347 1428 persequutus
1369 1370 1453 1415 est
1482 1361 1673 1417 Eccle-

133 1442 256 1493 siam.
281 1440 401 1495 Nam
432 1444 520 1512 qui
571 1453 775 1502 temere
802 1458 856 1502 et
885 1449 1280 1507 inconsiderate
1306 1462 1390 1508 est
1435 1453 1670 1522 humilis,

135 1529 212 1585 hoc
232 1548 323 1587 non
353 1532 507 1590 facit:
534 1537 623 1607 qui
645 1546 820 1593 autem
850 1541 1009 1595 etiam
1041 1542 1419 1609 all‘ertcausas,
1446 1549 1672 1605 contrita

134 1633 275 1680 mente
291 1627 456 1682 omnia
481 1628 733 1699 loquitur.
762 1632 1124 1700 Quamobrem
1145 1638 1303 1693 etiam
1332 1640 1457 1694 alibi
1485 1656 1669 1697 eorum

134 1717 346 1779 meminit,
372 1719 553 1775 dicens
582 1738 595 1775 :
626 1720 858 1779 Gratiam
888 1736 1055 1780 autem
1084 1729 1242 1783 habeo
1278 1731 1325 1783 ei
1344 1732 1431 1801 qui
1452 1749 1531 1786 me
1558 1749 1671 1787 cor-

132 1808 333 1861 roboravit
355 1807 577 1875 Christo,
606 1814 748 1881 quod
781 1832 858 1869 me
883 1818 1086 1886 ﬁdelem
1128 1835 1236 1874 esse
1278 1822 1665 1891 existimaverit,

129 1900 235 1967 quod
250 1916 318 1953 me
344 1902 408 1953 ad
428 1903 769 1959 ministerium
801 1911 1046 1977 posuerit,
1074 1914 1162 1983 qui
1187 1915 1330 1985 prius
1368 1934 1505 1972 eram
1533 1919 1668 1974 blas-

130 1988 296 2056 phemus
319 2002 362 2044 et
381 2004 709 2063 persequatur
730 2006 776 2050 et
792 2001 1183 2057 contumeliosus
1210 2005 1294 2077 (1.
1317 2006 1448 2062 Tim.
1468 2011 1520 2065 1.
1552 2010 1663 2083 12).

128 2080 266 2143 Quare
285 2092 449 2137 autem
479 2085 586 2140 hoc
611 2102 824 2159 quoque
852 2090 1023 2147 altum
1062 2096 1283 2151 verbum
1328 2110 1410 2155 est
1439 2102 1665 2173 eloquu-

129 2178 209 2234 tus,
231 2172 567 2231 Abundantius
617 2178 743 2249 ipsis
769 2181 1035 2238 laboravi?
1088 2185 1315 2244 Videbat
1350 2172 1556 2262 tempus
1581 2194 1664 2249 af-

128 2264 233 2316 lerre
276 2268 658 2324 necessitatem.
715 2271 847 2328 Nam
896 2275 941 2331 si
999 2276 1098 2332 hoc
1145 2294 1251 2334 non
1292 2282 1536 2351 dixisset,
1567 2287 1663 2343 sed

125 2354 312 2423 seipsum
326 2359 488 2413 solum
514 2361 903 2431 vilipendisset,
923 2370 1192 2438 quomodo
1214 2375 1475 2442 potuisset
1496 2377 1662 2435 libere

126 2451 167 2496 et
180 2448 474 2505 confidenter
501 2453 745 2523 seipsum
773 2456 942 2513 citare
963 2459 1029 2514 ad
1057 2464 1437 2534 testimonium,
1460 2479 1659 2527 etcum

124 2536 214 2590 aliis
235 2553 535 2600 enumerare
565 2553 621 2600 et
649 2546 844 2615 dicere,
880 2550 1004 2606 Sive
1030 2555 1163 2608 enim
1189 2572 1300 2628 ego,
1339 2560 1442 2614 sive
1466 2562 1565 2629 illi,
1586 2565 1660 2619 sic

125 2628 439 2691 μηδίσαι»ιωῖ
481 2635 701 2692 Testem
729 2640 873 2696 enim
914 2653 1127 2714 oportet
1159 2663 1279 2703 esse
1308 2650 1413 2706 ﬁde
1438 2628 1657 2723 dignum

122 2732 162 2773 et
183 2737 412 2794 magnum.
438 2729 721 2798 Quomodo
745 2745 925 2792 autem
965 2740 1088 2794 aliis
1116 2744 1476 2804 abundantius
1500 2750 1652 2805 labo-

122 2817 290 2880 merit,
310 2824 535 2879 ostendit
572 2829 840 2896 superius,
889 2831 1116 2888 dicens:
1151 2837 1230 2890 Αη
1275 2856 1376 2893 non
1416 2842 1657 2899 habemus

122 2915 360 2970 potestatem
389 2915 686 2971 comedendi
734 2930 781 2973 et
807 2921 1007 2977 bibendi
1034 2926 1163 2979 sicut
1191 2938 1237 2981 et
1266 2930 1358 2984 alii
1398 2935 1656 3003 apostoli?

121 3003 160 3047 et
180 3012 349 3066 rursus,
378 3003 569 3061 Factus
588 3025 699 3062 sum
715 3011 799 3076 iis,
831 3013 920 3081 qui
938 3024 1082 3069 erant
1106 3018 1219 3073 sine
1243 3020 1370 3092 lege,
1400 3032 1656 3096 tamquam

120 3104 239 3144 «sem
258 3096 354 3151 sine
378 3099 483 3170 lege
509 3103 531 3173 (
556 3103 608 3156 1.
641 3101 761 3157 Cor.
792 3104 846 3160 9.
879 3107 933 3161 4.
976 3107 1039 3164 21
1060 3109 1102 3179 ).
1141 3110 1241 3167 Ubi
1270 3115 1410 3170 enim
1437 3128 1651 3187 oporte-

121 3180 187 3236 bat
217 3191 475 3248 ostendere
500 3206 753 3250 exactam
794 3199 1122 3271 diligentiam
1164 3215 1218 3261 et
1248 3208 1649 3281 perfectionem,

118 3286 267 3333 omnes
301 3287 570 3353 superavit
594 3303 607 3340 :
640 3296 695 3342 et
724 3289 812 3344 ubi
833 3295 1184 3351 conveniebat
1211 3312 1269 3353 se
1293 3298 1574 3359 demittere
1599 3314 1653 3362 et

117 3365 206 3420 aliis
228 3377 630 3445 accommodare,
650 3379 703 3435 id
723 3396 935 3456 quoque
966 3387 1291 3444 excellenter
1320 3390 1460 3447 fecit.
1505 3393 1652 3451 NOn-

118 3459 215 3513 nulli
239 3474 398 3521 autem
451 3470 663 3538 dicunt,
718 3473 859 3543 quod
892 3476 1088 3531 missus
1128 3481 1198 3534 sit
1250 3482 1316 3537 ad
1348 3494 1568 3555 gentes,
1596 3499 1650 3544 et

117 3552 349 3610 maximam
375 3559 519 3615 orbis
552 3573 757 3631 partem
804 3569 1120 3633 pervaserit.
1150 3569 1306 3628 Unde
1329 3552 1409 3629 est
1437 3552 1647 3648 perspi-

114 3654 233 3698 cuum
255 3651 383 3718 quod
408 3654 671 3723 majorem
701 3659 925 3727 gratiam
953 3661 1022 3716 sit
1048 3676 1384 3736 assequutus.
1415 3668 1471 3725 Si
1502 3673 1645 3727 enim

119 3737 208 3803 plus
232 3743 489 3813 laboravit,
516 3750 749 3820 amplior
772 3754 933 3809 etiam
956 3766 1070 3811 erat
1093 3760 1261 3829 gratia
1287 3779 1301 3815 :
1331 3764 1643 3832 ampliorem

112 3837 247 3885 autem
261 3838 469 3903 gratiam
492 3850 581 3895 est
598 3855 977 3914 consequutus,
1000 3850 1249 3917 quoniam
1274 3854 1443 3923 majus
1468 3865 1645 3911 osten-

109 3916 167 3972 dit
181 3925 384 3983 studium
415 3940 469 3985 et
497 3931 853 4002 diligentiam.
882 3916 1069 3992 Vidisti
1094 3916 1380 4009 quomodo:
1408 3962 1500 4014 per
1525 3964 1645 4019 qua:

109 4008 201 4066 dum
233 4022 489 4079 contendit
514 4033 575 4080 et
605 4026 794 4082 nititur
836 4044 931 4085 sua
962 4008 1282 4091 adumbrare
1321 4048 1376 4093 et
1428 4050 1639 4112 tegere,

109 4107 353 4165 ostenditur
374 4114 578 4183 primus
619 4118 897 4174 omnium?

158 4194 200 4249 6.
234 4198 343 4257 lltec
387 4221 484 4261 nos
539 4222 751 4275 quoque
803 4211 1119 4277 aiulientes.
1163 4216 1354 4274 delicta
1420 4224 1639 4292 quidem

111 4301 248 4347 nostra
273 4298 609 4356 traducamus
642 4312 695 4357 et
718 4304 767 4356 in
798 4305 1063 4375 publicum
1108 4310 1461 4379 proferamus,
1494 4329 1640 4376 recte

109 4393 240 4440 autem
269 4389 395 4447 facta
424 4395 718 4459 sileamus;
752 4407 806 4451 et
835 4399 879 4453 si
913 4410 1121 4470 tempus
1146 4408 1521 4463 necessitatem
1554 4412 1638 4466 af-

110 4474 235 4544 lerat,
260 4496 314 4535 ea
344 4486 589 4541 modeste
617 4486 888 4556 dicamus,
922 4503 975 4546 et
1003 4502 1169 4548 totum
1200 4500 1382 4565 gratia:
1414 4500 1641 4571 impute-

111 4580 209 4621 mus.
234 4572 371 4639 Quod
400 4581 517 4647 ipse
544 4593 761 4650 quoque
790 4580 915 4637 facit
936 4626 951 4651 ,
984 4600 1183 4658 susque
1209 4588 1381 4661 deque
1413 4595 1636 4663 primam

107 4658 271 4719 quidem
300 4679 443 4720 suam
472 4676 668 4723 notans
705 4671 865 4726 vitam
889 4714 903 4738 ,
935 4691 1057 4744 quas
1086 4685 1263 4735 autem
1293 4658 1473 4750 postea
1514 4697 1640 4743 sunt

108 4760 377 4822 consequuta
398 4788 413 4819 ,η
438 4760 629 4829 gratiae
660 4760 927 4831 imputans
946 4805 961 4831 ,
990 4774 1049 4821 ut
1078 4770 1223 4824 omni
1258 4786 1324 4826 ex
1359 4785 1508 4843 parte
1533 4792 1639 4833 os—

108 4842 245 4897 tendat
284 4846 370 4904 Dei
410 4850 792 4923 benignitatem
834 4865 889 4910 et
926 4857 1301 4930 clementiam,
1344 4842 1485 4934 quod
1514 4883 1635 4924 cum

108 4930 196 4985 talis
210 4948 355 4999 esset,
382 4957 504 4996 eum
537 4946 852 5014 servaverit,
884 4956 939 5003 et
962 4964 1148 5007 rursus
1177 4964 1444 5011 servatum
1477 4960 1633 5017 talem

107 5017 263 5079 fecerit.
286 5028 444 5086 Nemo
466 5049 597 5104 ergo
618 5052 681 5087 ex
707 5037 790 5100 iis,
814 5038 904 5107 qui
934 5050 1056 5097 sunt
1081 5041 1132 5096 in
1156 5044 1290 5099 vitio
1306 5087 1322 5111 ,
1347 5047 1632 5118 deSperet;

107 5124 224 5167 nemo
244 5136 303 5175 ex
328 5123 407 5189 iis,
437 5128 528 5194 qui
560 5138 683 5181 sunt
715 5130 766 5183 in
795 5131 1027 5200 virtute,
1057 5136 1290 5191 confidat
1312 5154 1328 5203 ;
1353 5141 1445 5195 sed
1474 5154 1529 5197 et
1549 5143 1635 5202 hic

106 5201 155 5253 sit
175 5207 392 5279 timidus,
422 5226 476 5271 et
507 5218 599 5271 ille
629 5230 905 5291 promptus
933 5233 984 5277 et
1026 5224 1239 5281 alacris.
1280 5201 1461 5300 Neque
1488 5236 1630 5291 civim

106 5299 169 5358 'llli
196 5312 265 5357 est
290 5308 432 5378 piger
470 5322 527 5366 et
571 5327 754 5368 socors
783 5356 801 5380 ,
831 5316 1065 5373 sufficiet
1105 5320 1171 5374 ad
1216 5299 1534 5381 manendum
1579 5331 1631 5384 in

106 5384 287 5458 Virtute;
318 5413 489 5470 neque
516 5403 607 5472 qui
651 5404 885 5459 studium
928 5407 1147 5464 adhibet
1175 5420 1230 5466 et
1264 5413 1627 5488 diligentiam,

104 5476 179 5530 erit
201 5480 474 5547 imbecillus
514 5493 585 5547 ad
621 5492 930 5566 fugiendum
962 5498 1166 5557 vitium.
1214 5476 1415 5563 Horum
1453 5521 1630 5567 autem

106 5571 329 5634 amborum
356 5586 659 5657 exemplum
689 5600 773 5645 est
799 5590 989 5647 beatus
1016 5592 1201 5663 David,
1236 5608 1293 5653 ut
1323 5602 1434 5670 qui,
1463 5620 1629 5673 quan-

105 5657 158 5711 άο
179 5679 335 5732 parum
356 5675 665 5736 dormitavit
684 5725 699 5749 ,
731 5682 884 5739 valde
912 5684 1186 5755 ceciderit,
1217 5701 1271 5746 et
1294 5657 1507 5762 quando
1534 5697 1630 5752 fuit

104 5763 436 5839 colllpunctus,
480 5773 549 5828 ad
593 5777 823 5845 priorem
879 5794 1123 5837 reversus
1162 5781 1233 5839 sit
1266 5786 1621 5847 altitudinem.

3268 350 3374 408 350

1794 443 1929 501 Suut
1959 449 2101 503 enim
2148 460 2369 523 utraque
2397 469 2460 509 ex
2503 471 2656 528 aequo
2686 462 2855 527 mala,
2899 473 2953 516 et
2995 444 3281 536 desperare
3320 480 3375 526 et

1794 539 1997 609 pigrum
2026 555 2147 598 esse
2186 559 2250 599 ac
2278 546 2632 617 negligentem
2660 568 2675 605 :
2707 568 2830 608 nam
2866 555 2994 611 illud
3021 561 3234 630 quidem
3266 550 3407 662 cito:

1794 631 1965 662 .lnlinh
2007 633 2071 662 -l.
2097 635 2211 662 τηε...
2243 638 2355 662 -_...I:
2386 641 2581 662 r-__-2--
2613 659 2623 662 -
2655 643 2668 662 ι
2702 661 2712 662 ,
2740 661 2746 662 ,
2858 658 2866 662 .
3273 658 3282 662 -
3338 660 3344 662 .

1791 631 1969 700 dejicit
2006 633 2073 689 ab
2096 635 2213 706 ipso
2239 638 2355 692 caeli
2386 641 2587 698 fornice
2610 659 2625 709 ;
2654 643 2756 700 hoc
2782 658 2959 704 autem
2989 667 3092 706 non
3115 631 3406 725 permittit;

1791 725 1962 794 utqui
1996 725 2141 796 jacet
2173 740 2436 801 resurgat.
2482 734 2767 808 Propterea
2800 742 2874 796 illi
2905 746 3122 816 quidem
3160 728 3404 849 dicebat:

1791 814 1979 849 Βοηιηο
2030 819 2133 849 n..:
2159 823 2355 849 ...'.r...-...
2386 835 2516 849 -.-μ
2572 830 2655 849 ,νυ
2722 842 2735 849 -
2933 838 2943 849 .
3032 841 3078 849 .-
3144 843 3172 849 _
3286 847 3296 849 μ
3322 846 3334 849 -

1788 814 2002 883 Paulus,
2030 819 2133 888 Qui
2159 823 2355 879 videtur
2380 835 2537 895 stare,
2568 830 2735 886 videat
2760 851 2821 889 ne
2846 814 2997 894 cadat
3024 841 3101 912 (2.
3133 843 3251 899 Cor.
3276 846 3366 903 10.

1789 906 1878 978 12)
1904 924 1919 967 ;
1949 908 2071 966 huic
2098 922 2274 968 autem
2299 956 2315 980 ,
2370 915 2537 972 Hodie
2566 922 2610 973 si
2639 938 2807 979 vocem
2836 930 2945 999 ejus
2971 906 3236 992 audieritis
3259 980 3275 1002 .
3308 956 3372 995 ne

1786 996 2038 1054 obduretis
2066 1003 2223 1057 corda
2266 1016 2430 1062 vestra
2472 1008 2643 1083 (Psal.
2677 1014 2766 1071 94.
2800 996 2894 1089 8)’;
2927 1033 2981 1076 et
3010 1041 3226 1095 rursus,
3259 996 3368 1085 lle-

1785 1088 1965 1144 missas
1985 1108 2166 1149 manus
2191 1104 2239 1149 et
2261 1097 2510 1156 dissoluta
2531 1121 2695 1175 genua
2720 1088 2894 1182 erigite
2915 1114 3097 1187 (Hebr.
3135 1088 3224 1175 12'
3249 1125 3365 1196 12).

1784 1179 1916 1234 Eum
1944 1197 2157 1254 quoque
2184 1188 2275 1258 qui
2304 1190 2595 1251 fornicatus
2628 1179 2821 1269 fuerat,
2849 1179 2971 1261 cuin
2999 1209 3192 1268 ductus
3219 1179 3367 1274 esset

1784 1274 2114 1344 poenitentia,
2140 1288 2419 1352 propterea
2449 1302 2677 1358 recreat,
2704 1312 2771 1352 ne
2795 1298 2958 1355 nimia
2983 1303 3365 1369 absorberetur

1783 1363 2015 1420 tristitia.
2044 1368 2181 1434 Quid
2211 1387 2339 1444 ergo
2369 1376 2421 1430 in
2458 1379 2580 1437 aliis
2608 1386 2787 1444 animo
2813 1394 3061 1466 angeris,
3092 1414 3127 1455 ο
3160 1401 3321 1461 homo
3346 1409 3360 1463 ι

1780 1447 1986 1510 Nam‘si
2016 1458 2068 1512 in
2099 1466 2348 1532 peccatis,
2384 1470 2471 1524 ubi
2500 1482 2584 1529 est
2614 1478 2756 1534 utilis
2776 1447 2949 1540 soloin
2980 1447 3194 1549 tristitia
3214 1536 3228 1562 ,
3261 1499 3363 1553 im-

1780 1545 2073 1606 moderatio
2098 1569 2348 1627 magnum
2392 1564 2546 1621 ali'ert
2573 1568 2826 1630 damnum
2849 1619 2864 1642 ,
2893 1582 3060 1638 multo
3090 1591 3260 1659 magis
3306 1594 3358 1647 in

1780 1636 1903 1659 ,ηεί
1933 1639 2035 1659 ηυγ
2133 1646 2144 1657 .
2245 1648 2259 1659 .
2302 1651 2315 1659 .
2402 1655 2421 1659 -

1775 1636 1913 1692 aliis.
1931 1639 2040 1696 Cur
2059 1646 2200 1701 enim
2227 1648 2379 1706 doles
2399 1655 2423 1706 ?
2443 1671 2509 1709 an
2532 1661 2673 1729 quod
2706 1669 2985 1732 pecuniam
3014 1636 3314 1743 perdideris
3336 1684 3359 1735 ?

1774 1726 1878 1783 Sed
1905 1734 2202 1809 cogitaeos
2231 1742 2320 1810 qui
2359 1760 2426 1800 ne
2455 1726 2593 1818 pane
2621 1755 2834 1823 quidem
2865 1726 3161 1836 satiantur,
3199 1782 3252 1826 et
3283 1777 3359 1828 ei-

1776 1819 2031 1878 tissimam
2071 1829 2303 1897 accipies
2349 1840 2793 1902 consolationem.
2836 1852 2902 1907 Et
2951 1855 3003 1909 in
3036 1875 3356 1936 unoquoque

1772 1925 1981 1984 eorum,
2012 1934 2131 1989 quae
2157 1935 2280 1979 sunt
2306 1931 2487 1998 gravia
2516 1943 2570 1989 et
2598 1952 2806 2011 aSpera,
2832 1961 2901 2000 ne
2927 1949 3126 2008 deﬂeas
3148 1972 3209 2011 ea
3235 1976 3356 2029 qua:

1773 2007 2046 2029 -_-!.l-.._,,,
2064 2022 2076 2029 .
2229 2017 2242 2029 ι
2403 2025 2433 2029 --

2665 2007 2670 2008 ί
2794 2007 2802 2011 ν
3111 2007 3119 2008 ,
3239 2007 3353 2029 -,_..

1771 2007 2118 2079 acciderunt;
2150 2017 2244 2072 sed
2274 2037 2369 2090 pro
2402 2025 2495 2087 iis.
2520 2045 2637 2098 qua:
2667 2050 2773 2090 non
2801 2040 3111 2101 acciderunt
3139 2064 3353 2121 aspera,

1770 2112 1867 2169 age
1886 2106 2103 2171 gratias.
2139 2108 2374 2169 llabuisti
2419 2123 2669 2187 pecunias
2698 2136 2751 2182 et
2778 2131 3002 2190 amisisti
3026 2138 3048 2191 ?
3076 2138 3154 2196 Ne
3183 2106 3355 2218 lacry-

1770 2193 1930 2218 mA—zn
1958 2211 2048 2218 --Α
2083 2198 2130 2218 λ¹Α
2429 2211 2446 2218 “

1765 2372 2007 2446 Domino,
2034 2398 2123 2437 cur
2146 2388 2282 2443 mala
2311 2409 2411 2448 non
2435 2372 2789 2462 sustinebimus
2826 2372 3347 2489 (lobWSTi

2831 2469 2843 2482 ι
3017 2469 3023 2471 τ
3058 2469 3139 2489 -νι
3171 2469 3182 2475 '
3220 2469 3345 2483 "‘""

1766 2469 1869 2529 hoc
1896 2486 2071 2534 autem
2112 2482 2242 2540 illud
2289 2490 2448 2548 etiam
2478 2498 2758 2557 considera
2790 2520 2805 2559 :
2839 2507 2883 2562 si
2916 2511 3143 2571 amisisti
3183 2534 3345 2588 pecu-

1764 2564 1915 2633 nias,
1951 2577 2006 2623 at
2031 2586 2226 2643 corpus
2267 2578 2478 2637 interim
2522 2586 2689 2647 habes
2726 2609 2915 2652 sanum
2941 2642 2957 2668 ,
2997 2612 3052 2659 et
3093 2564 3201 2662 non
3225 2626 3345 2668 cum

1763 2669 2073 2727 paupertate
2099 2665 2166 2721 de
2197 2668 2314 2737 ejus
2344 2688 2554 2746 quoque
2583 2681 2891 2745 lamentaris
2919 2665 3349 2760 inﬁrmitateadt

1763 2757 1910 2805 tuum
1940 2755 2099 2810 etiam
2133 2774 2329 2831 corpus
2357 2767 2589 2838 aliquam
2616 2789 2833 2844 passum
2864 2795 2941 2838 est
2973 2802 3164 2845 noxam
3189 2796 3211 2846 Υ
3239 2796 3344 2855 Sed

1760 2856 1866 2895 non
1897 2854 1981 2899 est
2017 2847 2103 2904 hic
2132 2850 2324 2910 fundus
2350 2861 2609 2918 rnaloruni
2642 2866 3028 2945 humanorum,
3061 2884 3156 2937 sed
3189 2885 3345 2942 ferris

1762 2932 1972 2991 interim
2012 2938 2066 2993 in
2108 2944 2285 3001 medio
2311 2947 2476 3005 dolio.
2516 2953 2667 3011 Multi
2697 2962 2839 3016 enim
2877 2932 3344 3043 cumvanpertate

1758 3038 1821 3078 ac
1845 3027 2179 3087 mutilatione
2225 3035 2492 3096 luctantur
2522 3054 2575 3098 et
2612 3061 2733 3103 cum
2769 3027 3045 3128 dii-mone;
3078 3027 3344 3125 et'errant

1759 3114 1810 3168 in
1841 3116 2067 3176 desertis
2097 3140 2111 3176 :
2154 3126 2241 3181 alii
2273 3144 2458 3185 rursus
2494 3136 2598 3190 alia
2638 3142 2911 3210 patiuntur
2947 3149 3032 3207 his
3068 3158 3335 3225 graviora.

1758 3206 1911 3263 Absit
1934 3211 2075 3266 enim
2115 3226 2172 3270 ut
2202 3222 2464 3287 patiamur
2492 3246 2843 3306 quaecumque
2890 3244 2997 3311 pati
3029 3262 3326 3317 possumus.

1758 3298 1881 3354 Haec
1907 3316 2037 3373 ergo
2064 3320 2277 3378 semper
2316 3326 2568 3385 reputans
2588 3363 2604 3388 ,
2638 3339 2732 3382 eos
2756 3332 2925 3401 Cogita
2954 3339 3344 3409 quipatiuntur

1752 3392 2019 3461 graviora,
2049 3407 2101 3452 et
2125 3399 2193 3455 de
2217 3404 2364 3460 nullo
2394 3423 2579 3467 eorum
2610 3412 2795 3479 doleas
2815 3392 2948 3487 sed
2970 3392 3191 3499 quando
3212 3453 3339 3506 pee-

1752 3485 1892 3536 caris
1917 3525 1931 3548 ,
1969 3496 2093 3543 tunc
2131 3492 2302 3547 solum
2334 3497 2621 3568 ingemisce
2645 3549 2662 3574 ,
2691 3518 2818 3567 tunc
2858 3485 3154 3591 lacry‘mare
3184 3485 3337 3592 :rnon

1752 3576 2043 3648 prohibeo,
2073 3585 2167 3638 sed
2215 3590 2394 3657 potius
2438 3596 2662 3667 hortor;
2702 3613 2755 3659 et
2802 3615 2928 3666 tunc
2968 3576 3185 3684 quoque
3215 3637 3336 3679 cum

1752 3668 2142 3741 moderatione,
2175 3683 2414 3750 cngitans
2439 3689 2581 3757 quod
2610 3695 2678 3747 sit
2708 3704 2966 3771 reversio,
2998 3710 3067 3762 sit
3096 3721 3341 3773 reconci—

1750 3758 1919 3816 liatio.
1952 3768 2023 3820 At
2062 3768 2217 3825 vides
2244 3774 2380 3831 alios
2409 3793 2530 3837 esse
2572 3782 2626 3838 in
2665 3785 2911 3860 deliciis,
2964 3808 3014 3853 te
3059 3814 3238 3861 autem
3282 3811 3336 3869 in

1751 3866 2065 3925 paupertate
2088 3904 2104 3930 ,
2135 3860 2406 3939 aliumque
2430 3874 2726 3944 splendidis
2752 3883 2995 3946 indutum
3022 3898 3258 3957 vestibus
3283 3860 3340 3960 et

1748 3947 2092 4017 conspicuum
2124 3970 2245 4012 esse
2266 3958 2518 4021 ?'Verum
2551 3984 2620 4025 ne
2647 3970 2764 4029 haec
2797 3978 2971 4035 solum
3001 3989 3334 4061 consideres,

1748 4037 1842 4061 ηρ]
1876 4040 2028 4061 Α-ΞΑ--
2074 4059 2084 4061 ~
2578 4060 2587 4061 ί

3012 4037 3334 4061 --ην--.Νη

1748 4037 1843 4092 sed
1871 4040 2034 4097 etiam
2063 4059 2155 4101 eas
2182 4064 2302 4120 quae
2331 4066 2455 4110 sunt
2483 4073 2547 4113 ex
2576 4060 2660 4119 bis
2691 4068 2983 4128 molestias.
3018 4078 3070 4131 ln
3102 4097 3334 4154 pauper-

1749 4137 1857 4186 tate
1887 4144 2065 4192 autem
2110 4156 2177 4195 ne
2206 4146 2517 4207 consideres
2561 4158 2730 4213 solam
2767 4137 3161 4230 mendicitatem
3187 4137 3330 4246 ,lsed

1747 4222 1906 4278 etiam
1935 4241 2053 4283 eam
2081 4246 2200 4301 quae
2229 4236 2354 4293 inde
2382 4243 2591 4313 capitur
2617 4251 2965 4323 voluptatein.

1820 4313 2146 4389 Paupertatis
2174 4326 2411 4396 felicitas.
2430 4364 2501 4375 —
2520 4337 2650 4394 Nam
2677 4313 2878 4402 divitiae
2907 4313 3120 4422 quidem
3151 4362 3327 4427 lmtam

2923 4407 2940 4422 ι
3006 4407 3120 4413 νῆν-τ’
3151 4407 3325 4427 "Vm"!

1748 4407 1941 4465 habent
1978 4413 2212 4484 larvam,
2245 4421 2454 4479 interna
2493 4442 2670 4488 autem
2709 4440 2865 4507 plena
2896 4457 3021 4503 sunt
3059 4454 3325 4526 caligine;

1746 4512 2030 4571 paupertas
2068 4520 2244 4565 autem
2277 4526 2461 4572 contra
2493 4539 2508 4575 :
2543 4534 2598 4579 et
2624 4527 2669 4581 si
2703 4532 3121 4613 uniuscujusque
3151 4512 3328 4616 dupli;

1744 4594 1884 4648 caris
1907 4600 2288 4659 conscientiam
2309 4648 2325 4673 ,
2367 4608 2420 4663 in
2452 4616 2627 4671 anima
2660 4623 2872 4687 quidem
2915 4594 3160 4705 pauperis
3182 4594 3324 4699 "iule-

1745 4694 1851 4740 tam
1907 4688 2111 4746 videbis
2152 4699 2494 4758 securitatem
2545 4717 2599 4761 et
2646 4688 2946 4775 libertatem
2973 4738 2988 4785 ;
3018 4688 3097 4779 hin
3142 4733 3321 4790 anima

1742 4787 1919 4834 autem
1949 4780 2129 4839 divitis
2161 4792 2416 4849 tumultus
2435 4837 2451 4863 ,
2486 4803 2911 4867 perturbationes
2940 4780 2992 4868 et
3022 4817 3233 4877 ﬂuctus.
3264 4825 3322 4885 Si

1741 4878 1917 4926 autem
1944 4873 2097 4933 dolres
2130 4880 2317 4939 videns
2346 4885 2519 4956 ipsum
2551 4892 2810 4966 divitem,
2844 4902 2932 4961 ille
2959 4873 3324 4986 quoqueplus

1741 4976 1898 5032 quam
1932 4968 2160 5025 tu‘dolet
2181 5013 2195 5037 ,
2223 4976 2490 5045 aspiciens
2516 4999 2638 5041 eum
2671 4991 2759 5059 qui
2793 5003 2877 5048 est
2907 4968 3022 5066 ipso
3044 4968 3240 5066 ditiorr:
3270 4968 3326 5069 e't

1740 5054 1877 5110 sicut
1907 5065 1959 5111 tu
1992 5060 2138 5116 illum
2170 5065 2346 5135 times,
2382 5071 2450 5125 ita
2482 5077 2595 5143 ipse
2625 5054 2837 5152 quoque
2865 5054 3049 5161 alium,
3083 5107 3139 5152 et
3175 5054 3323 5159 in.

1740 5153 1793 5201 te
1819 5149 1947 5205 nihil
1978 5157 2254 5221 praecellit.
2287 5162 2356 5216 At
2379 5163 2530 5222 doles
2555 5149 3159 5258 videns-magistratum,
3188 5211 3323 5266 quo-

1741 5242 1881 5295 niam
1906 5252 1958 5296 tu
1982 5261 2041 5300 es
2067 5250 2324 5320 privatus,
2353 5266 2408 5311 et
2434 5272 2498 5313 ex
2528 5261 2591 5317 iis
2616 5270 2704 5336 qui
2728 5242 2915 5338 parent
2942 5242 3322 5351 imperia-18ml

1741 5333 1834 5388 tibi
1864 5338 2041 5393 veniat
2072 5340 2137 5397 in
2170 5356 2405 5404 mentem
2439 5361 2495 5407 et
2521 5356 2638 5411 dies
2688 5333 3083 5450 successionis;
3125 5380 3224 5437 sed
3267 5396 3327 5442 et

1741 5433 1861 5450 ..-ιιι
1894 5426 2037 5450 ειι--μ
2081 5431 2149 5450 *Α
2242 5446 2252 5450 -
2391 5442 2405 5450 ·

1738 5433 1862 5480 ante
1894 5426 2041 5485 illum
2073 5431 2213 5490 diem
2238 5442 2497 5500 tumultus
2517 5486 2534 5514 ,
2562 5426 2835 5524 pericula:
2863 5426 3097 5535 labores,
3126 5472 3320 5531 adula-

1741 5516 1931 5586 tiones,
1962 5521 2153 5593 vigiliae
2177 5567 2195 5595 ,
2220 5542 2408 5589 omnes
2440 5516 2803 5604 calamitates.
2820 5516 2911 5607 'Et

1737 5612 1876 5679 apud
1897 5627 2012 5681 eos,
2041 5617 2131 5687 qui
2159 5621 2347 5692 nolunt
2368 5627 2755 5704 philosophari.
2785 5641 2919 5699 Nam
2941 5649 2987 5702 si
3016 5650 3118 5707 hoc
3139 5656 3279 5713 scias
3299 5700 3319 5726 ,

1740 5719 1807 5760 ex
1839 5706 1958 5761 aliis
1993 5710 2284 5781 majoribus
2325 5735 2608 5791 possumus
2650 5741 2700 5787 te
2745 5740 3057 5799 consolari:
3098 5706 3312 5808 interim

1741 5813 1959 5858 necesse
1982 5815 2061 5861 est
2088 5822 2150 5864 ex
2174 5813 2526 5874 crassioribus
2547 5833 2721 5881 tecum
2746 5826 3064 5903 disceptare.
3093 5837 3318 5904 Quando
