  <div class='ocr_page' id='page_1' title='image "/cluster/home/n/w/nwhite01/storage/ocr_20150623/61/hvd.32044019190461/337.png"; bbox 0 0 3802 6366; ppageno 0'>
   <div class='ocr_carea' id='block_1_1' title="bbox 490 310 586 368">
    <p class='ocr_par' dir='ltr' id='par_1_1' title="bbox 490 310 586 368">
     <span class='ocr_line' id='line_1_1' title="bbox 490 310 586 368; baseline -0.01 0"><span class='ocrx_word' id='word_1_1' title='bbox 490 310 586 368; x_wconf 74' lang='grc'><strong>531</strong></span> 
     </span>
    </p>
   </div>
   <div class='ocr_carea' id='block_1_2' title="bbox 490 420 2077 496">
    <p class='ocr_par' dir='ltr' id='par_1_2' title="bbox 490 420 2077 496">
     <span class='ocr_line' id='line_1_2' title="bbox 490 420 2077 496; baseline -0.002 -15"><span class='ocrx_word' id='word_1_2' title='bbox 490 440 624 496; x_wconf 79' lang='lat' dir='ltr'><strong>ergo</strong></span> <span class='ocrx_word' id='word_1_3' title='bbox 649 422 850 478; x_wconf 77' lang='lat' dir='ltr'><strong>videris</strong></span> <span class='ocrx_word' id='word_1_4' title='bbox 873 420 1119 487; x_wconf 86' lang='lat' dir='ltr'><strong>divitem,</strong></span> <span class='ocrx_word' id='word_1_5' title='bbox 1148 423 1322 493; x_wconf 76' lang='lat' dir='ltr'><strong>cogita</strong></span> <span class='ocrx_word' id='word_1_6' title='bbox 1352 422 1446 477; x_wconf 92' lang='lat' dir='ltr'><strong>illo</strong></span> <span class='ocrx_word' id='word_1_7' title='bbox 1470 423 1720 479; x_wconf 91' lang='lat' dir='ltr'><strong>ditiorem</strong></span> <span class='ocrx_word' id='word_1_8' title='bbox 1742 466 1757 490; x_wconf 93' lang='lat'><strong>,</strong></span> <span class='ocrx_word' id='word_1_9' title='bbox 1787 434 1842 479; x_wconf 91' lang='lat' dir='ltr'><strong>et</strong></span> <span class='ocrx_word' id='word_1_10' title='bbox 1870 422 2077 480; x_wconf 83' lang='lat' dir='ltr'><strong>videbis</strong></span> 
     </span>
    </p>
   </div>
   <div class='ocr_carea' id='block_1_3' title="bbox 488 512 2074 586">
    <p class='ocr_par' dir='ltr' id='par_1_3' title="bbox 488 512 2074 586">
     <span class='ocr_line' id='line_1_3' title="bbox 488 512 2074 586; baseline -0.002 -13"><span class='ocrx_word' id='word_1_11' title='bbox 488 533 612 573; x_wconf 88' lang='lat' dir='ltr'><strong>eum</strong></span> <span class='ocrx_word' id='word_1_12' title='bbox 640 515 822 570; x_wconf 88' lang='lat' dir='ltr'><strong>itidem</strong></span> <span class='ocrx_word' id='word_1_13' title='bbox 851 524 909 571; x_wconf 91' lang='lat' dir='ltr'><strong>ut</strong></span> <span class='ocrx_word' id='word_1_14' title='bbox 931 524 985 570; x_wconf 88' lang='grc' dir='ltr'><strong>ιιι</strong></span> <span class='ocrx_word' id='word_1_15' title='bbox 1001 529 1061 571; x_wconf 86' lang='lat' dir='ltr'><strong>es</strong></span> <span class='ocrx_word' id='word_1_16' title='bbox 1081 529 1201 570; x_wconf 89' lang='lat' dir='ltr'><strong>esse</strong></span> <span class='ocrx_word' id='word_1_17' title='bbox 1219 512 1491 570; x_wconf 85' lang='lat' dir='ltr'><strong>affectum.</strong></span> <span class='ocrx_word' id='word_1_18' title='bbox 1517 516 1643 570; x_wconf 86' lang='lat' dir='ltr'><strong>Post</strong></span> <span class='ocrx_word' id='word_1_19' title='bbox 1668 516 1842 586; x_wconf 89' lang='lat' dir='ltr'><strong>ipsum</strong></span> <span class='ocrx_word' id='word_1_20' title='bbox 1873 525 2074 584; x_wconf 90' lang='lat' dir='ltr'><strong>autem,</strong></span> 
     </span>
    </p>
   </div>
   <div class='ocr_carea' id='block_1_4' title="bbox 488 606 2077 680">
    <p class='ocr_par' dir='ltr' id='par_1_4' title="bbox 488 606 2077 680">
     <span class='ocr_line' id='line_1_4' title="bbox 488 606 2077 680; baseline -0.001 -16"><span class='ocrx_word' id='word_1_21' title='bbox 488 609 663 680; x_wconf 80' lang='lat' dir='ltr'><strong>cogita</strong></span> <span class='ocrx_word' id='word_1_22' title='bbox 686 610 847 664; x_wconf 88' lang='lat' dir='ltr'><strong>etiam</strong></span> <span class='ocrx_word' id='word_1_23' title='bbox 874 624 997 665; x_wconf 90' lang='lat' dir='ltr'><strong>eum</strong></span> <span class='ocrx_word' id='word_1_24' title='bbox 1024 608 1112 678; x_wconf 90' lang='lat' dir='ltr'><strong>qui</strong></span> <span class='ocrx_word' id='word_1_25' title='bbox 1137 616 1222 664; x_wconf 86' lang='lat' dir='ltr'><strong>est</strong></span> <span class='ocrx_word' id='word_1_26' title='bbox 1251 617 1301 661; x_wconf 92' lang='lat' dir='ltr'><strong>te</strong></span> <span class='ocrx_word' id='word_1_27' title='bbox 1324 606 1608 678; x_wconf 81' lang='lat' dir='ltr'><strong>pauperior</strong></span> <span class='ocrx_word' id='word_1_28' title='bbox 1625 651 1640 675; x_wconf 94' lang='lat'><strong>,</strong></span> <span class='ocrx_word' id='word_1_29' title='bbox 1669 620 1724 663; x_wconf 90' lang='lat' dir='ltr'><strong>et</strong></span> <span class='ocrx_word' id='word_1_30' title='bbox 1744 624 1901 677; x_wconf 90' lang='lat' dir='ltr'><strong>quam</strong></span> <span class='ocrx_word' id='word_1_31' title='bbox 1926 608 2077 663; x_wconf 91' lang='lat' dir='ltr'><strong>multi</strong></span> 
     </span>
    </p>
   </div>
   <div class='ocr_carea' id='block_1_5' title="bbox 484 699 2073 771">
    <p class='ocr_par' dir='ltr' id='par_1_5' title="bbox 484 699 2073 771">
     <span class='ocr_line' id='line_1_5' title="bbox 484 699 2073 771; baseline -0.002 -14"><span class='ocrx_word' id='word_1_32' title='bbox 484 702 823 757; x_wconf 76' lang='lat' dir='ltr'><strong>dormierunt</strong></span> <span class='ocrx_word' id='word_1_33' title='bbox 847 701 1147 756; x_wconf 85' lang='lat' dir='ltr'><strong>esurientes</strong></span> <span class='ocrx_word' id='word_1_34' title='bbox 1175 743 1190 765; x_wconf 90' lang='lat'><strong>,</strong></span> <span class='ocrx_word' id='word_1_35' title='bbox 1220 710 1276 756; x_wconf 92' lang='lat' dir='ltr'><strong>et</strong></span> <span class='ocrx_word' id='word_1_36' title='bbox 1306 712 1557 771; x_wconf 89' lang='lat' dir='ltr'><strong>paternas</strong></span> <span class='ocrx_word' id='word_1_37' title='bbox 1584 702 1878 755; x_wconf 90' lang='lat' dir='ltr'><strong>amiserunt</strong></span> <span class='ocrx_word' id='word_1_38' title='bbox 1904 699 2073 755; x_wconf 88' lang='lat' dir='ltr'><strong>facul-</strong></span> 
     </span>
    </p>
   </div>
   <div class='ocr_carea' id='block_1_6' title="bbox 488 794 2071 864">
    <p class='ocr_par' dir='ltr' id='par_1_6' title="bbox 488 794 2071 864">
     <span class='ocr_line' id='line_1_6' title="bbox 488 794 2071 864; baseline -0.001 -15"><span class='ocrx_word' id='word_1_39' title='bbox 488 805 625 851; x_wconf 82' lang='lat' dir='ltr'><strong>tates</strong></span> <span class='ocrx_word' id='word_1_40' title='bbox 648 836 667 863; x_wconf 97' lang='lat'><strong>,</strong></span> <span class='ocrx_word' id='word_1_41' title='bbox 695 804 750 849; x_wconf 86' lang='lat' dir='ltr'><strong>et</strong></span> <span class='ocrx_word' id='word_1_42' title='bbox 796 794 1034 850; x_wconf 90' lang='lat' dir='ltr'><strong>habitant</strong></span> <span class='ocrx_word' id='word_1_43' title='bbox 1081 795 1135 849; x_wconf 93' lang='lat' dir='ltr'><strong>in</strong></span> <span class='ocrx_word' id='word_1_44' title='bbox 1175 808 1395 849; x_wconf 90' lang='lat' dir='ltr'><strong>carcere</strong></span> <span class='ocrx_word' id='word_1_45' title='bbox 1421 836 1436 862; x_wconf 88' lang='lat'><strong>,</strong></span> <span class='ocrx_word' id='word_1_46' title='bbox 1487 810 1549 849; x_wconf 90' lang='lat' dir='ltr'><strong>ac</strong></span> <span class='ocrx_word' id='word_1_47' title='bbox 1578 794 1816 864; x_wconf 86' lang='lat' dir='ltr'><strong>quotidie</strong></span> <span class='ocrx_word' id='word_1_48' title='bbox 1846 803 2071 849; x_wconf 89' lang='lat' dir='ltr'><strong>mortem</strong></span> 
     </span>
    </p>
   </div>
   <div class='ocr_carea' id='block_1_7' title="bbox 485 886 2072 957">
    <p class='ocr_par' dir='ltr' id='par_1_7' title="bbox 485 886 2072 957">
     <span class='ocr_line' id='line_1_7' title="bbox 485 886 2072 957; baseline -0.002 -16"><span class='ocrx_word' id='word_1_49' title='bbox 485 896 695 957; x_wconf 91' lang='lat' dir='ltr'><strong>optant.</strong></span> <span class='ocrx_word' id='word_1_50' title='bbox 725 886 910 956; x_wconf 83' lang='lat' dir='ltr'><strong>Neque</strong></span> <span class='ocrx_word' id='word_1_51' title='bbox 943 887 1086 941; x_wconf 92' lang='lat' dir='ltr'><strong>enim</strong></span> <span class='ocrx_word' id='word_1_52' title='bbox 1130 886 1296 941; x_wconf 91' lang='lat' dir='ltr'><strong>animi</strong></span> <span class='ocrx_word' id='word_1_53' title='bbox 1335 886 1704 957; x_wconf 76' lang='lat' dir='ltr'><strong>trgritudinem</strong></span> <span class='ocrx_word' id='word_1_54' title='bbox 1747 895 2033 956; x_wconf 79' lang='lat' dir='ltr'><strong>paupertas</strong></span> <span class='ocrx_word' id='word_1_55' title='bbox 2056 926 2072 949; x_wconf 94' lang='lat'><strong>,</strong></span> 
     </span>
    </p>
   </div>
   <div class='ocr_carea' id='block_1_8' title="bbox 487 976 2075 1049">
    <p class='ocr_par' dir='ltr' id='par_1_8' title="bbox 487 976 2075 1049">
     <span class='ocr_line' id='line_1_8' title="bbox 487 976 2075 1049; baseline -0.003 -16"><span class='ocrx_word' id='word_1_56' title='bbox 487 994 661 1049; x_wconf 89' lang='lat' dir='ltr'><strong>neque</strong></span> <span class='ocrx_word' id='word_1_57' title='bbox 690 978 1021 1047; x_wconf 86' lang='lat' dir='ltr'><strong>voluptatem</strong></span> <span class='ocrx_word' id='word_1_58' title='bbox 1050 979 1265 1047; x_wconf 89' lang='lat' dir='ltr'><strong>pariunt</strong></span> <span class='ocrx_word' id='word_1_59' title='bbox 1289 976 1509 1041; x_wconf 67' lang='lat' dir='ltr'><strong>divitiae,</strong></span> <span class='ocrx_word' id='word_1_60' title='bbox 1536 977 1627 1031; x_wconf 88' lang='lat' dir='ltr'><strong>sed</strong></span> <span class='ocrx_word' id='word_1_61' title='bbox 1661 988 1714 1031; x_wconf 93' lang='lat' dir='ltr'><strong>et</strong></span> <span class='ocrx_word' id='word_1_62' title='bbox 1745 978 1844 1031; x_wconf 91' lang='lat' dir='ltr'><strong>hoc</strong></span> <span class='ocrx_word' id='word_1_63' title='bbox 1867 987 1920 1032; x_wconf 92' lang='lat' dir='ltr'><strong>et</strong></span> <span class='ocrx_word' id='word_1_64' title='bbox 1949 976 2075 1029; x_wconf 92' lang='lat' dir='ltr'><strong>illud</strong></span> 
     </span>
    </p>
   </div>
   <div class='ocr_carea' id='block_1_9' title="bbox 486 1068 2076 1139">
    <p class='ocr_par' dir='ltr' id='par_1_9' title="bbox 486 1068 2076 1139">
     <span class='ocr_line' id='line_1_9' title="bbox 486 1068 2076 1139; baseline 0 -16"><span class='ocrx_word' id='word_1_65' title='bbox 486 1070 641 1126; x_wconf 86' lang='lat' dir='ltr'><strong>nobis</strong></span> <span class='ocrx_word' id='word_1_66' title='bbox 670 1072 809 1123; x_wconf 88' lang='lat' dir='ltr'><strong>solet</strong></span> <span class='ocrx_word' id='word_1_67' title='bbox 851 1068 1037 1125; x_wconf 87' lang='lat' dir='ltr'><strong>indere</strong></span> <span class='ocrx_word' id='word_1_68' title='bbox 1061 1070 1337 1139; x_wconf 84' lang='lat' dir='ltr'><strong>cogitatio.</strong></span> <span class='ocrx_word' id='word_1_69' title='bbox 1364 1068 1658 1125; x_wconf 84' lang='lat' dir='ltr'><strong>Considera</strong></span> <span class='ocrx_word' id='word_1_70' title='bbox 1694 1080 1869 1125; x_wconf 88' lang='lat' dir='ltr'><strong>autem</strong></span> <span class='ocrx_word' id='word_1_71' title='bbox 1898 1069 1965 1123; x_wconf 91' lang='lat' dir='ltr'><strong>ab</strong></span> <span class='ocrx_word' id='word_1_72' title='bbox 1996 1068 2076 1123; x_wconf 85' lang='lat' dir='ltr'><strong>in-</strong></span> 
     </span>
    </p>
   </div>
   <div class='ocr_carea' id='block_1_10' title="bbox 488 1162 2074 1233">
    <p class='ocr_par' dir='ltr' id='par_1_10' title="bbox 488 1162 2074 1233">
     <span class='ocr_line' id='line_1_10' title="bbox 488 1162 2074 1233; baseline -0.002 -15"><span class='ocrx_word' id='word_1_73' title='bbox 488 1165 627 1218; x_wconf 89' lang='lat' dir='ltr'><strong>limis</strong></span> <span class='ocrx_word' id='word_1_74' title='bbox 658 1164 956 1233; x_wconf 86' lang='lat' dir='ltr'><strong>incipiens,</strong></span> <span class='ocrx_word' id='word_1_75' title='bbox 988 1164 1076 1232; x_wconf 90' lang='lat' dir='ltr'><strong>qui</strong></span> <span class='ocrx_word' id='word_1_76' title='bbox 1123 1164 1257 1218; x_wconf 85' lang='lat' dir='ltr'><strong>emit</strong></span> <span class='ocrx_word' id='word_1_77' title='bbox 1294 1173 1577 1226; x_wconf 85' lang='lat' dir='ltr'><strong>stercora,</strong></span> <span class='ocrx_word' id='word_1_78' title='bbox 1613 1162 1757 1217; x_wconf 92' lang='lat' dir='ltr'><strong>dolet</strong></span> <span class='ocrx_word' id='word_1_79' title='bbox 1781 1173 1835 1217; x_wconf 92' lang='lat' dir='ltr'><strong>et</strong></span> <span class='ocrx_word' id='word_1_80' title='bbox 1862 1162 2074 1217; x_wconf 84' lang='lat' dir='ltr'><strong>tristitia</strong></span> 
     </span>
    </p>
   </div>
   <div class='ocr_carea' id='block_1_11' title="bbox 486 1253 2074 1325">
    <p class='ocr_par' dir='ltr' id='par_1_11' title="bbox 486 1253 2074 1325">
     <span class='ocr_line' id='line_1_11' title="bbox 486 1253 2074 1325; baseline -0.001 -18"><span class='ocrx_word' id='word_1_81' title='bbox 486 1254 742 1321; x_wconf 87' lang='lat' dir='ltr'><strong>afficitur,</strong></span> <span class='ocrx_word' id='word_1_82' title='bbox 771 1254 916 1325; x_wconf 91' lang='lat' dir='ltr'><strong>quod</strong></span> <span class='ocrx_word' id='word_1_83' title='bbox 946 1268 1053 1311; x_wconf 92' lang='lat' dir='ltr'><strong>non</strong></span> <span class='ocrx_word' id='word_1_84' title='bbox 1081 1254 1150 1307; x_wconf 89' lang='lat' dir='ltr'><strong>sit</strong></span> <span class='ocrx_word' id='word_1_85' title='bbox 1179 1254 1316 1310; x_wconf 90' lang='lat' dir='ltr'><strong>liber</strong></span> <span class='ocrx_word' id='word_1_86' title='bbox 1337 1255 1406 1309; x_wconf 87' lang='lat' dir='ltr'><strong>ab</strong></span> <span class='ocrx_word' id='word_1_87' title='bbox 1447 1253 1549 1313; x_wconf 89' lang='lat' dir='ltr'><strong>hoc</strong></span> <span class='ocrx_word' id='word_1_88' title='bbox 1586 1254 1785 1308; x_wconf 87' lang='lat' dir='ltr'><strong>misero</strong></span> <span class='ocrx_word' id='word_1_89' title='bbox 1804 1294 1819 1319; x_wconf 94' lang='lat'><strong>,</strong></span> <span class='ocrx_word' id='word_1_90' title='bbox 1852 1262 1905 1307; x_wconf 91' lang='lat' dir='ltr'><strong>et</strong></span> <span class='ocrx_word' id='word_1_91' title='bbox 1933 1253 2074 1323; x_wconf 88' lang='lat' dir='ltr'><strong>quod</strong></span> 
     </span>
    </p>
   </div>
   <div class='ocr_carea' id='block_1_12' title="bbox 484 1345 2041 1419">
    <p class='ocr_par' dir='ltr' id='par_1_12' title="bbox 484 1345 2041 1419">
     <span class='ocr_line' id='line_1_12' title="bbox 484 1345 2041 1419; baseline -0.003 -16"><span class='ocrx_word' id='word_1_92' title='bbox 484 1348 806 1419; x_wconf 87' lang='lat' dir='ltr'><strong>probrosum</strong></span> <span class='ocrx_word' id='word_1_93' title='bbox 835 1362 957 1403; x_wconf 90' lang='lat' dir='ltr'><strong>esse</strong></span> <span class='ocrx_word' id='word_1_94' title='bbox 986 1346 1231 1415; x_wconf 86' lang='lat' dir='ltr'><strong>videtur,</strong></span> <span class='ocrx_word' id='word_1_95' title='bbox 1253 1346 1431 1403; x_wconf 85' lang='lat' dir='ltr'><strong>studio</strong></span> <span class='ocrx_word' id='word_1_96' title='bbox 1457 1364 1469 1409; x_wconf 91' lang='lat'><strong>;</strong></span> <span class='ocrx_word' id='word_1_97' title='bbox 1495 1346 1587 1401; x_wconf 88' lang='lat' dir='ltr'><strong>sed</strong></span> <span class='ocrx_word' id='word_1_98' title='bbox 1633 1347 1679 1399; x_wconf 89' lang='lat' dir='ltr'><strong>si</strong></span> <span class='ocrx_word' id='word_1_99' title='bbox 1716 1346 1887 1415; x_wconf 87' lang='lat' dir='ltr'><strong>ipsum</strong></span> <span class='ocrx_word' id='word_1_100' title='bbox 1916 1360 1982 1399; x_wconf 90' lang='lat' dir='ltr'><strong>eo</strong></span> <span class='ocrx_word' id='word_1_101' title='bbox 2008 1345 2041 1398; x_wconf 92' lang='lat' dir='ltr'><strong>li</strong></span> 
     </span>
    </p>
   </div>
   <div class='ocr_carea' id='block_1_13' title="bbox 489 1439 2074 1498">
    <p class='ocr_par' dir='ltr' id='par_1_13' title="bbox 489 1439 2074 1498">
     <span class='ocr_line' id='line_1_13' title="bbox 489 1439 2074 1498; baseline -0.002 -2"><span class='ocrx_word' id='word_1_102' title='bbox 489 1441 763 1498; x_wconf 80' lang='lat' dir='ltr'><strong>beraveris</strong></span> <span class='ocrx_word' id='word_1_103' title='bbox 790 1451 844 1496; x_wconf 92' lang='lat' dir='ltr'><strong>et</strong></span> <span class='ocrx_word' id='word_1_104' title='bbox 868 1440 1110 1495; x_wconf 78' lang='lat' dir='ltr'><strong>effeceris</strong></span> <span class='ocrx_word' id='word_1_105' title='bbox 1139 1450 1198 1495; x_wconf 92' lang='lat' dir='ltr'><strong>ut</strong></span> <span class='ocrx_word' id='word_1_106' title='bbox 1220 1455 1409 1496; x_wconf 86' lang='lat' dir='ltr'><strong>secure</strong></span> <span class='ocrx_word' id='word_1_107' title='bbox 1431 1439 1668 1494; x_wconf 80' lang='lat' dir='ltr'><strong>abundet</strong></span> <span class='ocrx_word' id='word_1_108' title='bbox 1693 1439 1853 1493; x_wconf 89' lang='lat' dir='ltr'><strong>rebus</strong></span> <span class='ocrx_word' id='word_1_109' title='bbox 1885 1453 2074 1495; x_wconf 87' lang='lat' dir='ltr'><strong>neces-</strong></span> 
     </span>
    </p>
   </div>
   <div class='ocr_carea' id='block_1_14' title="bbox 483 1530 2074 1602">
    <p class='ocr_par' dir='ltr' id='par_1_14' title="bbox 483 1530 2074 1602">
     <span class='ocr_line' id='line_1_14' title="bbox 483 1530 2074 1602; baseline -0.003 -13"><span class='ocrx_word' id='word_1_110' title='bbox 483 1536 658 1602; x_wconf 86' lang='lat' dir='ltr'><strong>sariis,</strong></span> <span class='ocrx_word' id='word_1_111' title='bbox 692 1550 876 1589; x_wconf 91' lang='lat' dir='ltr'><strong>rursus</strong></span> <span class='ocrx_word' id='word_1_112' title='bbox 902 1534 1103 1588; x_wconf 78' lang='lat' dir='ltr'><strong>dolebit</strong></span> <span class='ocrx_word' id='word_1_113' title='bbox 1133 1532 1273 1602; x_wconf 83' lang='lat' dir='ltr'><strong>quod</strong></span> <span class='ocrx_word' id='word_1_114' title='bbox 1300 1548 1404 1587; x_wconf 92' lang='lat' dir='ltr'><strong>non</strong></span> <span class='ocrx_word' id='word_1_115' title='bbox 1435 1534 1583 1601; x_wconf 89' lang='lat' dir='ltr'><strong>plura</strong></span> <span class='ocrx_word' id='word_1_116' title='bbox 1620 1530 1889 1601; x_wconf 81' lang='lat' dir='ltr'><strong>possideat</strong></span> <span class='ocrx_word' id='word_1_117' title='bbox 1913 1546 2074 1600; x_wconf 91' lang='lat' dir='ltr'><strong>quam</strong></span> 
     </span>
    </p>
   </div>
   <div class='ocr_carea' id='block_1_15' title="bbox 485 1622 2075 1697">
    <p class='ocr_par' dir='ltr' id='par_1_15' title="bbox 485 1622 2075 1697">
     <span class='ocr_line' id='line_1_15' title="bbox 485 1622 2075 1697; baseline -0.004 -18"><span class='ocrx_word' id='word_1_118' title='bbox 485 1643 625 1697; x_wconf 85' lang='lat' dir='ltr'><strong>opus</strong></span> <span class='ocrx_word' id='word_1_119' title='bbox 660 1628 767 1692; x_wconf 79' lang='lat' dir='ltr'><strong>sit;</strong></span> <span class='ocrx_word' id='word_1_120' title='bbox 801 1637 855 1682; x_wconf 91' lang='lat' dir='ltr'><strong>et</strong></span> <span class='ocrx_word' id='word_1_121' title='bbox 890 1627 935 1681; x_wconf 91' lang='lat' dir='ltr'><strong>si</strong></span> <span class='ocrx_word' id='word_1_122' title='bbox 964 1626 1118 1696; x_wconf 85' lang='lat' dir='ltr'><strong>plura</strong></span> <span class='ocrx_word' id='word_1_123' title='bbox 1146 1624 1361 1680; x_wconf 89' lang='lat' dir='ltr'><strong>dederis</strong></span> <span class='ocrx_word' id='word_1_124' title='bbox 1384 1664 1400 1690; x_wconf 93' lang='lat'><strong>,</strong></span> <span class='ocrx_word' id='word_1_125' title='bbox 1446 1624 1592 1678; x_wconf 84' lang='lat' dir='ltr'><strong>volet</strong></span> <span class='ocrx_word' id='word_1_126' title='bbox 1640 1639 1700 1676; x_wconf 83' lang='lat' dir='ltr'><strong>ea</strong></span> <span class='ocrx_word' id='word_1_127' title='bbox 1744 1638 1865 1678; x_wconf 84' lang='lat' dir='ltr'><strong>esse</strong></span> <span class='ocrx_word' id='word_1_128' title='bbox 1912 1622 2075 1692; x_wconf 88' lang='lat' dir='ltr'><strong>duplo</strong></span> 
     </span>
    </p>
   </div>
   <div class='ocr_carea' id='block_1_16' title="bbox 484 1714 2075 1792">
    <p class='ocr_par' dir='ltr' id='par_1_16' title="bbox 484 1714 2075 1792">
     <span class='ocr_line' id='line_1_16' title="bbox 484 1714 2075 1792; baseline -0.004 -17"><span class='ocrx_word' id='word_1_129' title='bbox 484 1721 725 1792; x_wconf 84' lang='lat' dir='ltr'><strong>majora;</strong></span> <span class='ocrx_word' id='word_1_130' title='bbox 758 1735 820 1775; x_wconf 92' lang='lat' dir='ltr'><strong>ac</strong></span> <span class='ocrx_word' id='word_1_131' title='bbox 863 1728 1148 1789; x_wconf 88' lang='lat' dir='ltr'><strong>propterea</strong></span> <span class='ocrx_word' id='word_1_132' title='bbox 1195 1732 1299 1771; x_wconf 92' lang='lat' dir='ltr'><strong>non</strong></span> <span class='ocrx_word' id='word_1_133' title='bbox 1357 1714 1551 1770; x_wconf 88' lang='lat' dir='ltr'><strong>minori</strong></span> <span class='ocrx_word' id='word_1_134' title='bbox 1597 1714 1864 1769; x_wconf 80' lang='lat' dir='ltr'><strong>afﬁcietur</strong></span> <span class='ocrx_word' id='word_1_135' title='bbox 1889 1714 2075 1769; x_wconf 88' lang='lat' dir='ltr'><strong>dolore</strong></span> 
     </span>
    </p>
   </div>
   <div class='ocr_carea' id='block_1_17' title="bbox 481 1804 2070 1885">
    <p class='ocr_par' dir='ltr' id='par_1_17' title="bbox 481 1804 2070 1885">
     <span class='ocr_line' id='line_1_17' title="bbox 481 1804 2070 1885; baseline -0.006 -17"><span class='ocrx_word' id='word_1_136' title='bbox 481 1829 643 1885; x_wconf 90' lang='lat' dir='ltr'><strong>quam</strong></span> <span class='ocrx_word' id='word_1_137' title='bbox 672 1812 821 1884; x_wconf 88' lang='lat' dir='ltr'><strong>prius</strong></span> <span class='ocrx_word' id='word_1_138' title='bbox 855 1829 868 1866; x_wconf 88' lang='lat'><strong>:</strong></span> <span class='ocrx_word' id='word_1_139' title='bbox 900 1821 955 1866; x_wconf 91' lang='lat' dir='ltr'><strong>et</strong></span> <span class='ocrx_word' id='word_1_140' title='bbox 981 1810 1025 1865; x_wconf 93' lang='lat' dir='ltr'><strong>si</strong></span> <span class='ocrx_word' id='word_1_141' title='bbox 1054 1808 1218 1879; x_wconf 89' lang='lat' dir='ltr'><strong>duplo</strong></span> <span class='ocrx_word' id='word_1_142' title='bbox 1248 1816 1305 1863; x_wconf 89' lang='lat' dir='ltr'><strong>et</strong></span> <span class='ocrx_word' id='word_1_143' title='bbox 1352 1807 1512 1878; x_wconf 92' lang='lat' dir='ltr'><strong>triplo</strong></span> <span class='ocrx_word' id='word_1_144' title='bbox 1544 1807 1694 1877; x_wconf 90' lang='lat' dir='ltr'><strong>plura</strong></span> <span class='ocrx_word' id='word_1_145' title='bbox 1729 1807 1776 1859; x_wconf 86' lang='lat' dir='ltr'><strong>ei</strong></span> <span class='ocrx_word' id='word_1_146' title='bbox 1823 1804 2070 1871; x_wconf 88' lang='lat' dir='ltr'><strong>dederis,</strong></span> 
     </span>
    </p>
   </div>
   <div class='ocr_carea' id='block_1_18' title="bbox 480 1900 2070 1976">
    <p class='ocr_par' dir='ltr' id='par_1_18' title="bbox 480 1900 2070 1976">
     <span class='ocr_line' id='line_1_18' title="bbox 480 1900 2070 1976; baseline -0.004 -14"><span class='ocrx_word' id='word_1_147' title='bbox 480 1923 669 1963; x_wconf 91' lang='lat' dir='ltr'><strong>rursus</strong></span> <span class='ocrx_word' id='word_1_148' title='bbox 687 1906 867 1962; x_wconf 87' lang='lat' dir='ltr'><strong>animo</strong></span> <span class='ocrx_word' id='word_1_149' title='bbox 891 1915 1138 1976; x_wconf 87' lang='lat' dir='ltr'><strong>augetur,</strong></span> <span class='ocrx_word' id='word_1_150' title='bbox 1162 1900 1304 1973; x_wconf 90' lang='lat' dir='ltr'><strong>quod</strong></span> <span class='ocrx_word' id='word_1_151' title='bbox 1334 1916 1445 1957; x_wconf 93' lang='lat' dir='ltr'><strong>non</strong></span> <span class='ocrx_word' id='word_1_152' title='bbox 1464 1912 1616 1972; x_wconf 80' lang='lat' dir='ltr'><strong>gerat</strong></span> <span class='ocrx_word' id='word_1_153' title='bbox 1646 1901 2029 1970; x_wconf 84' lang='lat' dir='ltr'><strong>rempublicam</strong></span> <span class='ocrx_word' id='word_1_154' title='bbox 2057 1918 2070 1955; x_wconf 87' lang='lat'><strong>:</strong></span> 
     </span>
    </p>
   </div>
   <div class='ocr_carea' id='block_1_19' title="bbox 481 1992 2070 2067">
    <p class='ocr_par' dir='ltr' id='par_1_19' title="bbox 481 1992 2070 2067">
     <span class='ocr_line' id='line_1_19' title="bbox 481 1992 2070 2067; baseline -0.006 -12"><span class='ocrx_word' id='word_1_155' title='bbox 481 2011 536 2055; x_wconf 93' lang='lat' dir='ltr'><strong>ct</strong></span> <span class='ocrx_word' id='word_1_156' title='bbox 564 2000 609 2054; x_wconf 91' lang='lat' dir='ltr'><strong>si</strong></span> <span class='ocrx_word' id='word_1_157' title='bbox 642 1999 747 2054; x_wconf 92' lang='lat' dir='ltr'><strong>hoc</strong></span> <span class='ocrx_word' id='word_1_158' title='bbox 769 1998 819 2054; x_wconf 88' lang='lat' dir='ltr'><strong>ei</strong></span> <span class='ocrx_word' id='word_1_159' title='bbox 848 1997 1089 2067; x_wconf 80' lang='lat' dir='ltr'><strong>praebeas</strong></span> <span class='ocrx_word' id='word_1_160' title='bbox 1109 2036 1125 2063; x_wconf 97' lang='lat'><strong>,</strong></span> <span class='ocrx_word' id='word_1_161' title='bbox 1163 1994 1405 2064; x_wconf 88' lang='lat' dir='ltr'><strong>seipsum</strong></span> <span class='ocrx_word' id='word_1_162' title='bbox 1429 1993 1592 2049; x_wconf 88' lang='lat' dir='ltr'><strong>ducet</strong></span> <span class='ocrx_word' id='word_1_163' title='bbox 1617 2008 1737 2048; x_wconf 87' lang='lat' dir='ltr'><strong>esse</strong></span> <span class='ocrx_word' id='word_1_164' title='bbox 1776 1992 2028 2047; x_wconf 91' lang='lat' dir='ltr'><strong>miserum</strong></span> <span class='ocrx_word' id='word_1_165' title='bbox 2056 2033 2070 2054; x_wconf 87' lang='lat'><em>.</em></span> 
     </span>
    </p>
   </div>
   <div class='ocr_carea' id='block_1_20' title="bbox 480 2085 2075 2164">
    <p class='ocr_par' dir='ltr' id='par_1_20' title="bbox 480 2085 2075 2164">
     <span class='ocr_line' id='line_1_20' title="bbox 480 2085 2075 2164; baseline -0.004 -16"><span class='ocrx_word' id='word_1_166' title='bbox 480 2093 624 2164; x_wconf 90' lang='lat' dir='ltr'><strong>quod</strong></span> <span class='ocrx_word' id='word_1_167' title='bbox 649 2106 758 2147; x_wconf 88' lang='lat' dir='ltr'><strong>non</strong></span> <span class='ocrx_word' id='word_1_168' title='bbox 805 2092 1005 2161; x_wconf 90' lang='lat' dir='ltr'><strong>primas</strong></span> <span class='ocrx_word' id='word_1_169' title='bbox 1040 2098 1220 2159; x_wconf 85' lang='lat' dir='ltr'><strong>partes</strong></span> <span class='ocrx_word' id='word_1_170' title='bbox 1265 2095 1446 2144; x_wconf 88' lang='lat' dir='ltr'><strong>teneat</strong></span> <span class='ocrx_word' id='word_1_171' title='bbox 1490 2086 1547 2142; x_wconf 90' lang='lat' dir='ltr'><strong>in</strong></span> <span class='ocrx_word' id='word_1_172' title='bbox 1588 2086 1859 2156; x_wconf 86' lang='lat' dir='ltr'><strong>republica</strong></span> <span class='ocrx_word' id='word_1_173' title='bbox 1886 2104 1900 2140; x_wconf 88' lang='lat'><strong>:</strong></span> <span class='ocrx_word' id='word_1_174' title='bbox 1930 2085 2075 2141; x_wconf 89' lang='lat' dir='ltr'><strong>hunc</strong></span> 
     </span>
    </p>
   </div>
   <div class='ocr_carea' id='block_1_21' title="bbox 481 2179 2070 2251">
    <p class='ocr_par' dir='ltr' id='par_1_21' title="bbox 481 2179 2070 2251">
     <span class='ocr_line' id='line_1_21' title="bbox 481 2179 2070 2251; baseline -0.006 -10"><span class='ocrx_word' id='word_1_175' title='bbox 481 2195 663 2241; x_wconf 91' lang='lat' dir='ltr'><strong>autem</strong></span> <span class='ocrx_word' id='word_1_176' title='bbox 712 2183 974 2238; x_wconf 87' lang='lat' dir='ltr'><strong>honorem</strong></span> <span class='ocrx_word' id='word_1_177' title='bbox 1019 2190 1340 2251; x_wconf 86' lang='lat' dir='ltr'><strong>assequutus</strong></span> <span class='ocrx_word' id='word_1_178' title='bbox 1371 2221 1389 2248; x_wconf 96' lang='lat'><strong>,</strong></span> <span class='ocrx_word' id='word_1_179' title='bbox 1433 2179 1577 2251; x_wconf 92' lang='lat' dir='ltr'><strong>quod</strong></span> <span class='ocrx_word' id='word_1_180' title='bbox 1624 2195 1732 2233; x_wconf 90' lang='lat' dir='ltr'><strong>non</strong></span> <span class='ocrx_word' id='word_1_181' title='bbox 1789 2179 2070 2249; x_wconf 89' lang='lat' dir='ltr'><strong>imperium</strong></span> 
     </span>
    </p>
   </div>
   <div class='ocr_carea' id='block_1_22' title="bbox 482 2270 2073 2343">
    <p class='ocr_par' dir='ltr' id='par_1_22' title="bbox 482 2270 2073 2343">
     <span class='ocr_line' id='line_1_22' title="bbox 482 2270 2073 2343; baseline -0.003 -13"><span class='ocrx_word' id='word_1_182' title='bbox 482 2276 741 2331; x_wconf 89' lang='lat' dir='ltr'><strong>obtineat.</strong></span> <span class='ocrx_word' id='word_1_183' title='bbox 773 2273 999 2343; x_wconf 83' lang='lat' dir='ltr'><strong>Quando</strong></span> <span class='ocrx_word' id='word_1_184' title='bbox 1024 2282 1202 2328; x_wconf 89' lang='lat' dir='ltr'><strong>autem</strong></span> <span class='ocrx_word' id='word_1_185' title='bbox 1244 2270 1527 2342; x_wconf 88' lang='lat' dir='ltr'><strong>imperium</strong></span> <span class='ocrx_word' id='word_1_186' title='bbox 1568 2270 1898 2336; x_wconf 91' lang='lat' dir='ltr'><strong>obtinuerit,</strong></span> <span class='ocrx_word' id='word_1_187' title='bbox 1931 2271 2073 2341; x_wconf 89' lang='lat' dir='ltr'><strong>quod</strong></span> 
     </span>
    </p>
   </div>
   <div class='ocr_carea' id='block_1_23' title="bbox 481 2362 2071 2437">
    <p class='ocr_par' dir='ltr' id='par_1_23' title="bbox 481 2362 2071 2437">
     <span class='ocr_line' id='line_1_23' title="bbox 481 2362 2071 2437; baseline -0.004 -15"><span class='ocrx_word' id='word_1_188' title='bbox 481 2382 589 2423; x_wconf 91' lang='lat' dir='ltr'><strong>non</strong></span> <span class='ocrx_word' id='word_1_189' title='bbox 618 2368 780 2422; x_wconf 90' lang='lat' dir='ltr'><strong>totius</strong></span> <span class='ocrx_word' id='word_1_190' title='bbox 804 2366 980 2437; x_wconf 88' lang='lat' dir='ltr'><strong>gentis</strong></span> <span class='ocrx_word' id='word_1_191' title='bbox 1006 2385 1019 2420; x_wconf 90' lang='lat'><strong>:</strong></span> <span class='ocrx_word' id='word_1_192' title='bbox 1042 2362 1257 2436; x_wconf 88' lang='lat' dir='ltr'><strong>quando</strong></span> <span class='ocrx_word' id='word_1_193' title='bbox 1278 2372 1457 2418; x_wconf 89' lang='lat' dir='ltr'><strong>autem</strong></span> <span class='ocrx_word' id='word_1_194' title='bbox 1482 2362 1645 2418; x_wconf 87' lang='lat' dir='ltr'><strong>etiam</strong></span> <span class='ocrx_word' id='word_1_195' title='bbox 1674 2364 1839 2417; x_wconf 89' lang='lat' dir='ltr'><strong>totius</strong></span> <span class='ocrx_word' id='word_1_196' title='bbox 1861 2364 2037 2433; x_wconf 89' lang='lat' dir='ltr'><strong>gentis</strong></span> <span class='ocrx_word' id='word_1_197' title='bbox 2057 2403 2071 2428; x_wconf 94' lang='lat'><strong>,</strong></span> 
     </span>
    </p>
   </div>
   <div class='ocr_carea' id='block_1_24' title="bbox 480 2454 2068 2531">
    <p class='ocr_par' dir='ltr' id='par_1_24' title="bbox 480 2454 2068 2531">
     <span class='ocr_line' id='line_1_24' title="bbox 480 2454 2068 2531; baseline -0.003 -17"><span class='ocrx_word' id='word_1_198' title='bbox 480 2459 627 2531; x_wconf 89' lang='lat' dir='ltr'><strong>quod</strong></span> <span class='ocrx_word' id='word_1_199' title='bbox 652 2474 758 2515; x_wconf 92' lang='lat' dir='ltr'><strong>non</strong></span> <span class='ocrx_word' id='word_1_200' title='bbox 788 2458 1078 2515; x_wconf 87' lang='lat' dir='ltr'><strong>multarum</strong></span> <span class='ocrx_word' id='word_1_201' title='bbox 1104 2456 1343 2528; x_wconf 88' lang='lat' dir='ltr'><strong>gentium</strong></span> <span class='ocrx_word' id='word_1_202' title='bbox 1375 2469 1389 2507; x_wconf 89' lang='lat'>:</span> <span class='ocrx_word' id='word_1_203' title='bbox 1418 2454 1635 2525; x_wconf 87' lang='lat' dir='ltr'><strong>quando</strong></span> <span class='ocrx_word' id='word_1_204' title='bbox 1661 2466 1841 2511; x_wconf 88' lang='lat' dir='ltr'><strong>autem</strong></span> <span class='ocrx_word' id='word_1_205' title='bbox 1878 2456 2068 2510; x_wconf 82' lang='lat' dir='ltr'><strong>inulta-</strong></span> 
     </span>
    </p>
   </div>
   <div class='ocr_carea' id='block_1_25' title="bbox 479 2547 2075 2622">
    <p class='ocr_par' dir='ltr' id='par_1_25' title="bbox 479 2547 2075 2622">
     <span class='ocr_line' id='line_1_25' title="bbox 479 2547 2075 2622; baseline -0.003 -15"><span class='ocrx_word' id='word_1_206' title='bbox 479 2567 602 2608; x_wconf 88' lang='lat' dir='ltr'><strong>rum</strong></span> <span class='ocrx_word' id='word_1_207' title='bbox 628 2550 889 2622; x_wconf 81' lang='lat' dir='ltr'><strong>gentium,</strong></span> <span class='ocrx_word' id='word_1_208' title='bbox 919 2548 1061 2622; x_wconf 89' lang='lat' dir='ltr'><strong>quod</strong></span> <span class='ocrx_word' id='word_1_209' title='bbox 1092 2564 1198 2603; x_wconf 90' lang='lat' dir='ltr'><strong>non</strong></span> <span class='ocrx_word' id='word_1_210' title='bbox 1226 2547 1488 2602; x_wconf 92' lang='lat' dir='ltr'><strong>omnium.</strong></span> <span class='ocrx_word' id='word_1_211' title='bbox 1512 2547 1739 2616; x_wconf 78' lang='lat' dir='ltr'><strong>Quando</strong></span> <span class='ocrx_word' id='word_1_212' title='bbox 1770 2547 1939 2603; x_wconf 83' lang='lat' dir='ltr'><strong>factus</strong></span> <span class='ocrx_word' id='word_1_213' title='bbox 1962 2548 2075 2603; x_wconf 91' lang='lat' dir='ltr'><strong>fue-</strong></span> 
     </span>
    </p>
   </div>
   <div class='ocr_carea' id='block_1_26' title="bbox 482 2638 2069 2712">
    <p class='ocr_par' dir='ltr' id='par_1_26' title="bbox 482 2638 2069 2712">
     <span class='ocr_line' id='line_1_26' title="bbox 482 2638 2069 2712; baseline -0.003 -14"><span class='ocrx_word' id='word_1_214' title='bbox 482 2644 557 2700; x_wconf 85' lang='lat' dir='ltr'><strong>rit</strong></span> <span class='ocrx_word' id='word_1_215' title='bbox 584 2642 793 2712; x_wconf 76' lang='lat' dir='ltr'><strong>legatus</strong></span> <span class='ocrx_word' id='word_1_216' title='bbox 821 2651 913 2695; x_wconf 91' lang='lat' dir='ltr'><strong>aut</strong></span> <span class='ocrx_word' id='word_1_217' title='bbox 957 2638 1243 2710; x_wconf 69' lang='lat' dir='ltr'><strong>prmfectus</strong></span> <span class='ocrx_word' id='word_1_218' title='bbox 1264 2680 1281 2708; x_wconf 95' lang='lat'><strong>,</strong></span> <span class='ocrx_word' id='word_1_219' title='bbox 1323 2655 1510 2695; x_wconf 88' lang='lat' dir='ltr'><strong>rursus</strong></span> <span class='ocrx_word' id='word_1_220' title='bbox 1548 2638 1737 2695; x_wconf 89' lang='lat' dir='ltr'><strong>dolore</strong></span> <span class='ocrx_word' id='word_1_221' title='bbox 1764 2640 2027 2695; x_wconf 89' lang='lat' dir='ltr'><strong>afﬁcietur</strong></span> <span class='ocrx_word' id='word_1_222' title='bbox 2053 2684 2069 2703; x_wconf 84' lang='grc'><em>,</em></span> 
     </span>
    </p>
   </div>
   <div class='ocr_carea' id='block_1_27' title="bbox 484 2732 2076 2808">
    <p class='ocr_par' dir='ltr' id='par_1_27' title="bbox 484 2732 2076 2808">
     <span class='ocr_line' id='line_1_27' title="bbox 484 2732 2076 2808; baseline -0.001 -17"><span class='ocrx_word' id='word_1_223' title='bbox 484 2736 630 2808; x_wconf 90' lang='lat' dir='ltr'><strong>quod</strong></span> <span class='ocrx_word' id='word_1_224' title='bbox 656 2750 763 2790; x_wconf 92' lang='lat' dir='ltr'><strong>non</strong></span> <span class='ocrx_word' id='word_1_225' title='bbox 800 2735 870 2789; x_wconf 89' lang='lat' dir='ltr'><strong>sit</strong></span> <span class='ocrx_word' id='word_1_226' title='bbox 904 2750 999 2789; x_wconf 79' lang='lat' dir='ltr'><strong>rex</strong></span> <span class='ocrx_word' id='word_1_227' title='bbox 1026 2751 1043 2800; x_wconf 90' lang='lat'><strong>;</strong></span> <span class='ocrx_word' id='word_1_228' title='bbox 1074 2742 1129 2788; x_wconf 91' lang='lat' dir='ltr'><strong>et</strong></span> <span class='ocrx_word' id='word_1_229' title='bbox 1162 2732 1210 2789; x_wconf 90' lang='lat' dir='ltr'><strong>si</strong></span> <span class='ocrx_word' id='word_1_230' title='bbox 1248 2734 1315 2788; x_wconf 89' lang='lat' dir='ltr'><strong>sit</strong></span> <span class='ocrx_word' id='word_1_231' title='bbox 1346 2749 1464 2802; x_wconf 85' lang='lat' dir='ltr'><strong>rex,</strong></span> <span class='ocrx_word' id='word_1_232' title='bbox 1494 2734 1635 2805; x_wconf 90' lang='lat' dir='ltr'><strong>quod</strong></span> <span class='ocrx_word' id='word_1_233' title='bbox 1664 2749 1769 2790; x_wconf 91' lang='lat' dir='ltr'><strong>non</strong></span> <span class='ocrx_word' id='word_1_234' title='bbox 1805 2736 1951 2790; x_wconf 90' lang='lat' dir='ltr'><strong>solus</strong></span> <span class='ocrx_word' id='word_1_235' title='bbox 1976 2751 1991 2801; x_wconf 91' lang='lat'><strong>;</strong></span> <span class='ocrx_word' id='word_1_236' title='bbox 2020 2745 2076 2791; x_wconf 89' lang='lat' dir='ltr'><strong>et</strong></span> 
     </span>
    </p>
   </div>
   <div class='ocr_carea' id='block_1_28' title="bbox 480 2824 2073 2898">
    <p class='ocr_par' dir='ltr' id='par_1_28' title="bbox 480 2824 2073 2898">
     <span class='ocr_line' id='line_1_28' title="bbox 480 2824 2073 2898; baseline -0.001 -14"><span class='ocrx_word' id='word_1_237' title='bbox 480 2828 529 2885; x_wconf 89' lang='lat' dir='ltr'><strong>si</strong></span> <span class='ocrx_word' id='word_1_238' title='bbox 557 2828 740 2893; x_wconf 92' lang='lat' dir='ltr'><strong>solus,</strong></span> <span class='ocrx_word' id='word_1_239' title='bbox 768 2826 910 2896; x_wconf 89' lang='lat' dir='ltr'><strong>quod</strong></span> <span class='ocrx_word' id='word_1_240' title='bbox 945 2841 1051 2879; x_wconf 91' lang='lat' dir='ltr'><strong>non</strong></span> <span class='ocrx_word' id='word_1_241' title='bbox 1086 2824 1441 2881; x_wconf 86' lang='lat' dir='ltr'><strong>barbarorum</strong></span> <span class='ocrx_word' id='word_1_242' title='bbox 1481 2842 1731 2898; x_wconf 90' lang='lat' dir='ltr'><strong>quoque,</strong></span> <span class='ocrx_word' id='word_1_243' title='bbox 1777 2826 1919 2896; x_wconf 92' lang='lat' dir='ltr'><strong>quod</strong></span> <span class='ocrx_word' id='word_1_244' title='bbox 1968 2844 2073 2883; x_wconf 90' lang='lat' dir='ltr'><strong>non</strong></span> 
     </span>
    </p>
   </div>
   <div class='ocr_carea' id='block_1_29' title="bbox 481 2916 2069 2985">
    <p class='ocr_par' dir='ltr' id='par_1_29' title="bbox 481 2916 2069 2985">
     <span class='ocr_line' id='line_1_29' title="bbox 481 2916 2069 2985; baseline -0.001 -10"><span class='ocrx_word' id='word_1_245' title='bbox 481 2920 646 2975; x_wconf 88' lang='lat' dir='ltr'><strong>etiam</strong></span> <span class='ocrx_word' id='word_1_246' title='bbox 679 2917 844 2972; x_wconf 87' lang='lat' dir='ltr'><strong>totius</strong></span> <span class='ocrx_word' id='word_1_247' title='bbox 886 2916 1034 2971; x_wconf 88' lang='lat' dir='ltr'><strong>orbis</strong></span> <span class='ocrx_word' id='word_1_248' title='bbox 1075 2924 1235 2971; x_wconf 74' lang='lat' dir='ltr'><strong>terra:</strong></span> <span class='ocrx_word' id='word_1_249' title='bbox 1260 2932 1276 2976; x_wconf 83' lang='lat'><strong>;</strong></span> <span class='ocrx_word' id='word_1_250' title='bbox 1306 2931 1427 2971; x_wconf 90' lang='lat' dir='ltr'><strong>cum</strong></span> <span class='ocrx_word' id='word_1_251' title='bbox 1471 2925 1652 2974; x_wconf 89' lang='lat' dir='ltr'><strong>autem</strong></span> <span class='ocrx_word' id='word_1_252' title='bbox 1686 2917 1848 2972; x_wconf 86' lang='lat' dir='ltr'><strong>totius</strong></span> <span class='ocrx_word' id='word_1_253' title='bbox 1889 2919 2069 2985; x_wconf 88' lang='lat' dir='ltr'><strong>orbis,</strong></span> 
     </span>
    </p>
   </div>
   <div class='ocr_carea' id='block_1_30' title="bbox 478 3007 2071 3067">
    <p class='ocr_par' dir='ltr' id='par_1_30' title="bbox 478 3007 2071 3067">
     <span class='ocr_line' id='line_1_30' title="bbox 478 3007 2071 3067; baseline -0.002 0"><span class='ocrx_word' id='word_1_254' title='bbox 478 3026 580 3067; x_wconf 88' lang='lat' dir='ltr'><strong>cur</strong></span> <span class='ocrx_word' id='word_1_255' title='bbox 607 3025 713 3064; x_wconf 91' lang='lat' dir='ltr'><strong>non</strong></span> <span class='ocrx_word' id='word_1_256' title='bbox 741 3008 902 3065; x_wconf 91' lang='lat' dir='ltr'><strong>etiam</strong></span> <span class='ocrx_word' id='word_1_257' title='bbox 949 3007 1175 3064; x_wconf 84' lang='lat' dir='ltr'><strong>alterius</strong></span> <span class='ocrx_word' id='word_1_258' title='bbox 1205 3008 1393 3064; x_wconf 91' lang='lat' dir='ltr'><strong>mundi</strong></span> <span class='ocrx_word' id='word_1_259' title='bbox 1418 3010 1443 3062; x_wconf 72' lang='grc' dir='ltr'><em>’ί</em></span> <span class='ocrx_word' id='word_1_260' title='bbox 1474 3010 1542 3064; x_wconf 83' lang='lat' dir='ltr'><strong>Et</strong></span> <span class='ocrx_word' id='word_1_261' title='bbox 1586 3009 1665 3063; x_wconf 91' lang='lat' dir='ltr'><strong>sic</strong></span> <span class='ocrx_word' id='word_1_262' title='bbox 1708 3010 1761 3063; x_wconf 91' lang='lat' dir='ltr'><strong>in</strong></span> <span class='ocrx_word' id='word_1_263' title='bbox 1808 3009 2071 3064; x_wconf 85' lang='lat' dir='ltr'><strong>inﬁnitum</strong></span> 
     </span>
    </p>
   </div>
   <div class='ocr_carea' id='block_1_31' title="bbox 481 3101 2069 3175">
    <p class='ocr_par' dir='ltr' id='par_1_31' title="bbox 481 3101 2069 3175">
     <span class='ocr_line' id='line_1_31' title="bbox 481 3101 2069 3175; baseline 0 -15"><span class='ocrx_word' id='word_1_264' title='bbox 481 3104 781 3175; x_wconf 85' lang='lat' dir='ltr'><strong>procedens</strong></span> <span class='ocrx_word' id='word_1_265' title='bbox 807 3101 1061 3173; x_wconf 70' lang='lat' dir='ltr'><strong>cogitatio</strong></span> <span class='ocrx_word' id='word_1_266' title='bbox 1089 3142 1107 3169; x_wconf 91' lang='lat'><strong>,</strong></span> <span class='ocrx_word' id='word_1_267' title='bbox 1154 3118 1261 3157; x_wconf 92' lang='lat' dir='ltr'><strong>non</strong></span> <span class='ocrx_word' id='word_1_268' title='bbox 1286 3102 1418 3157; x_wconf 86' lang='lat' dir='ltr'><strong>sinit</strong></span> <span class='ocrx_word' id='word_1_269' title='bbox 1448 3117 1569 3157; x_wconf 91' lang='lat' dir='ltr'><strong>eum</strong></span> <span class='ocrx_word' id='word_1_270' title='bbox 1598 3118 1851 3171; x_wconf 88' lang='lat' dir='ltr'><strong>umquam</strong></span> <span class='ocrx_word' id='word_1_271' title='bbox 1878 3102 2069 3160; x_wconf 84' lang='lat' dir='ltr'><strong>laetari.</strong></span> 
     </span>
    </p>
   </div>
   <div class='ocr_carea' id='block_1_32' title="bbox 553 3195 2073 3266">
    <p class='ocr_par' dir='ltr' id='par_1_32' title="bbox 553 3195 2073 3266">
     <span class='ocr_line' id='line_1_32' title="bbox 553 3195 2073 3266; baseline 0 -15"><span class='ocrx_word' id='word_1_272' title='bbox 553 3199 607 3251; x_wconf 88' lang='lat'><strong>7.</strong></span> <span class='ocrx_word' id='word_1_273' title='bbox 651 3195 895 3252; x_wconf 85' lang='lat' dir='ltr'><strong>VidiSIin’</strong></span> <span class='ocrx_word' id='word_1_274' title='bbox 924 3196 1197 3266; x_wconf 92' lang='lat' dir='ltr'><strong>quomodo</strong></span> <span class='ocrx_word' id='word_1_275' title='bbox 1220 3235 1239 3263; x_wconf 91' lang='lat'><strong>,</strong></span> <span class='ocrx_word' id='word_1_276' title='bbox 1271 3196 1480 3252; x_wconf 86' lang='lat' dir='ltr'><strong>etiamsi</strong></span> <span class='ocrx_word' id='word_1_277' title='bbox 1509 3211 1575 3251; x_wconf 81' lang='lat' dir='ltr'><strong>ex</strong></span> <span class='ocrx_word' id='word_1_278' title='bbox 1626 3196 1716 3250; x_wconf 82' lang='lat' dir='ltr'><strong>vili</strong></span> <span class='ocrx_word' id='word_1_279' title='bbox 1762 3206 1816 3250; x_wconf 91' lang='lat' dir='ltr'><strong>et</strong></span> <span class='ocrx_word' id='word_1_280' title='bbox 1864 3196 2073 3265; x_wconf 86' lang='lat' dir='ltr'><strong>abjeeto</strong></span> 
     </span>
    </p>
   </div>
   <div class='ocr_carea' id='block_1_33' title="bbox 478 3288 2072 3362">
    <p class='ocr_par' dir='ltr' id='par_1_33' title="bbox 478 3288 2072 3362">
     <span class='ocr_line' id='line_1_33' title="bbox 478 3288 2072 3362; baseline -0.001 -16"><span class='ocrx_word' id='word_1_281' title='bbox 478 3306 661 3362; x_wconf 89' lang='lat' dir='ltr'><strong>regem</strong></span> <span class='ocrx_word' id='word_1_282' title='bbox 693 3289 904 3355; x_wconf 85' lang='lat' dir='ltr'><strong>feceris,</strong></span> <span class='ocrx_word' id='word_1_283' title='bbox 953 3303 1061 3343; x_wconf 93' lang='lat' dir='ltr'><strong>non</strong></span> <span class='ocrx_word' id='word_1_284' title='bbox 1101 3288 1247 3344; x_wconf 91' lang='lat' dir='ltr'><strong>toilis</strong></span> <span class='ocrx_word' id='word_1_285' title='bbox 1290 3288 1455 3343; x_wconf 87' lang='lat' dir='ltr'><strong>animi</strong></span> <span class='ocrx_word' id='word_1_286' title='bbox 1501 3288 1872 3358; x_wconf 66' lang='lat' dir='ltr'><strong>aegritudinem</strong></span> <span class='ocrx_word' id='word_1_287' title='bbox 1902 3329 1918 3355; x_wconf 96' lang='lat'><strong>,</strong></span> <span class='ocrx_word' id='word_1_288' title='bbox 1968 3290 2072 3345; x_wconf 85' lang='lat' dir='ltr'><strong>nisi</strong></span> 
     </span>
    </p>
   </div>
   <div class='ocr_carea' id='block_1_34' title="bbox 477 3382 2073 3453">
    <p class='ocr_par' dir='ltr' id='par_1_34' title="bbox 477 3382 2073 3453">
     <span class='ocr_line' id='line_1_34' title="bbox 477 3382 2073 3453; baseline -0.001 -14"><span class='ocrx_word' id='word_1_289' title='bbox 477 3384 786 3440; x_wconf 81' lang='lat' dir='ltr'><strong>correxeris</strong></span> <span class='ocrx_word' id='word_1_290' title='bbox 810 3382 1215 3453; x_wconf 84' lang='lat' dir='ltr'><strong>cogitationem,</strong></span> <span class='ocrx_word' id='word_1_291' title='bbox 1243 3398 1365 3453; x_wconf 69' lang='lat' dir='ltr'><strong>qua:</strong></span> <span class='ocrx_word' id='word_1_292' title='bbox 1395 3382 1601 3436; x_wconf 75' lang='lat' dir='ltr'><strong>laborat</strong></span> <span class='ocrx_word' id='word_1_293' title='bbox 1630 3384 1852 3438; x_wconf 84' lang='lat' dir='ltr'><strong>avaritia</strong></span> <span class='ocrx_word' id='word_1_294' title='bbox 1880 3393 1933 3438; x_wconf 88' lang='lat' dir='ltr'><strong>et</strong></span> <span class='ocrx_word' id='word_1_295' title='bbox 1957 3384 2073 3453; x_wconf 81' lang='lat' dir='ltr'><strong>plu-</strong></span> 
     </span>
    </p>
   </div>
   <div class='ocr_carea' id='block_1_35' title="bbox 476 3474 2069 3546">
    <p class='ocr_par' dir='ltr' id='par_1_35' title="bbox 476 3474 2069 3546">
     <span class='ocr_line' id='line_1_35' title="bbox 476 3474 2069 3546; baseline 0.003 -16"><span class='ocrx_word' id='word_1_296' title='bbox 476 3493 538 3532; x_wconf 88' lang='lat' dir='ltr'><strong>ra</strong></span> <span class='ocrx_word' id='word_1_297' title='bbox 590 3474 823 3529; x_wconf 85' lang='lat' dir='ltr'><strong>habendi</strong></span> <span class='ocrx_word' id='word_1_298' title='bbox 863 3474 1197 3544; x_wconf 72' lang='lat' dir='ltr'><strong>cupiditate?</strong></span> <span class='ocrx_word' id='word_1_299' title='bbox 1242 3476 1356 3546; x_wconf 78' lang='lat' dir='ltr'><strong>Ago</strong></span> <span class='ocrx_word' id='word_1_300' title='bbox 1389 3516 1404 3541; x_wconf 92' lang='lat'><strong>,</strong></span> <span class='ocrx_word' id='word_1_301' title='bbox 1451 3474 1544 3529; x_wconf 85' lang='lat' dir='ltr'><strong>tibi</strong></span> <span class='ocrx_word' id='word_1_302' title='bbox 1588 3478 1748 3530; x_wconf 90' lang='lat' dir='ltr'><strong>etiam</strong></span> <span class='ocrx_word' id='word_1_303' title='bbox 1790 3478 2069 3535; x_wconf 89' lang='lat' dir='ltr'><strong>ostendant</strong></span> 
     </span>
    </p>
   </div>
   <div class='ocr_carea' id='block_1_36' title="bbox 477 3564 2071 3636">
    <p class='ocr_par' dir='ltr' id='par_1_36' title="bbox 477 3564 2071 3636">
     <span class='ocr_line' id='line_1_36' title="bbox 477 3564 2071 3636; baseline 0.004 -15"><span class='ocrx_word' id='word_1_304' title='bbox 477 3564 810 3621; x_wconf 87' lang='lat' dir='ltr'><strong>contrarium</strong></span> <span class='ocrx_word' id='word_1_305' title='bbox 837 3607 853 3633; x_wconf 94' lang='lat'><strong>,</strong></span> <span class='ocrx_word' id='word_1_306' title='bbox 885 3564 1032 3636; x_wconf 85' lang='lat' dir='ltr'><strong>quod</strong></span> <span class='ocrx_word' id='word_1_307' title='bbox 1059 3565 1271 3620; x_wconf 83' lang='lat' dir='ltr'><strong>etiamsi</strong></span> <span class='ocrx_word' id='word_1_308' title='bbox 1313 3582 1343 3618; x_wconf 91' lang='lat' dir='ltr'><strong>a</strong></span> <span class='ocrx_word' id='word_1_309' title='bbox 1375 3568 1643 3636; x_wconf 87' lang='lat' dir='ltr'><strong>supremis</strong></span> <span class='ocrx_word' id='word_1_310' title='bbox 1668 3568 1735 3623; x_wconf 90' lang='lat' dir='ltr'><strong>ad</strong></span> <span class='ocrx_word' id='word_1_311' title='bbox 1765 3569 1942 3627; x_wconf 89' lang='lat' dir='ltr'><strong>inﬁma</strong></span> <span class='ocrx_word' id='word_1_312' title='bbox 1972 3571 2071 3628; x_wconf 87' lang='lat' dir='ltr'><strong>de-</strong></span> 
     </span>
    </p>
   </div>
   <div class='ocr_carea' id='block_1_37' title="bbox 477 3656 2071 3732">
    <p class='ocr_par' dir='ltr' id='par_1_37' title="bbox 477 3656 2071 3732">
     <span class='ocr_line' id='line_1_37' title="bbox 477 3656 2071 3732; baseline 0.004 -20"><span class='ocrx_word' id='word_1_313' title='bbox 477 3657 698 3712; x_wconf 79' lang='lat' dir='ltr'><strong>duxeris</strong></span> <span class='ocrx_word' id='word_1_314' title='bbox 721 3673 843 3711; x_wconf 89' lang='lat' dir='ltr'><strong>eum</strong></span> <span class='ocrx_word' id='word_1_315' title='bbox 870 3658 960 3727; x_wconf 90' lang='lat' dir='ltr'><strong>qui</strong></span> <span class='ocrx_word' id='word_1_316' title='bbox 992 3665 1075 3710; x_wconf 88' lang='lat' dir='ltr'><strong>est</strong></span> <span class='ocrx_word' id='word_1_317' title='bbox 1104 3656 1385 3726; x_wconf 88' lang='lat' dir='ltr'><strong>prudentia</strong></span> <span class='ocrx_word' id='word_1_318' title='bbox 1416 3658 1692 3728; x_wconf 63' lang='lat' dir='ltr'><strong>praeditus,</strong></span> <span class='ocrx_word' id='word_1_319' title='bbox 1727 3675 1832 3714; x_wconf 91' lang='lat' dir='ltr'><strong>non</strong></span> <span class='ocrx_word' id='word_1_320' title='bbox 1864 3662 2071 3732; x_wconf 88' lang='lat' dir='ltr'><strong>injicies</strong></span> 
     </span>
    </p>
   </div>
   <div class='ocr_carea' id='block_1_38' title="bbox 478 3748 2067 3821">
    <p class='ocr_par' dir='ltr' id='par_1_38' title="bbox 478 3748 2067 3821">
     <span class='ocr_line' id='line_1_38' title="bbox 478 3748 2067 3821; baseline 0.001 -14"><span class='ocrx_word' id='word_1_321' title='bbox 478 3755 534 3807; x_wconf 93' lang='lat' dir='ltr'><strong>in</strong></span> <span class='ocrx_word' id='word_1_322' title='bbox 565 3750 730 3804; x_wconf 87' lang='lat' dir='ltr'><strong>animi</strong></span> <span class='ocrx_word' id='word_1_323' title='bbox 766 3748 1140 3821; x_wconf 68' lang='lat' dir='ltr'><strong>aegritudinem</strong></span> <span class='ocrx_word' id='word_1_324' title='bbox 1183 3760 1239 3805; x_wconf 90' lang='lat' dir='ltr'><strong>et</strong></span> <span class='ocrx_word' id='word_1_325' title='bbox 1264 3751 1554 3805; x_wconf 84' lang='lat' dir='ltr'><strong>tristitiam.</strong></span> <span class='ocrx_word' id='word_1_326' title='bbox 1588 3752 1653 3805; x_wconf 84' lang='lat' dir='ltr'><strong>Et</strong></span> <span class='ocrx_word' id='word_1_327' title='bbox 1679 3752 1722 3805; x_wconf 92' lang='lat' dir='ltr'><strong>si</strong></span> <span class='ocrx_word' id='word_1_328' title='bbox 1749 3754 1830 3807; x_wconf 87' lang='lat' dir='ltr'><strong>vis</strong></span> <span class='ocrx_word' id='word_1_329' title='bbox 1851 3755 2067 3810; x_wconf 87' lang='lat' dir='ltr'><strong>easdem</strong></span> 
     </span>
    </p>
   </div>
   <div class='ocr_carea' id='block_1_39' title="bbox 476 3843 2067 3914">
    <p class='ocr_par' dir='ltr' id='par_1_39' title="bbox 476 3843 2067 3914">
     <span class='ocr_line' id='line_1_39' title="bbox 476 3843 2067 3914; baseline 0.003 -15"><span class='ocrx_word' id='word_1_330' title='bbox 476 3844 871 3901; x_wconf 88' lang='lat' dir='ltr'><strong>descendamus</strong></span> <span class='ocrx_word' id='word_1_331' title='bbox 893 3844 1066 3897; x_wconf 85' lang='lat' dir='ltr'><strong>scalas</strong></span> <span class='ocrx_word' id='word_1_332' title='bbox 1088 3883 1105 3911; x_wconf 95' lang='lat'><strong>,</strong></span> <span class='ocrx_word' id='word_1_333' title='bbox 1129 3851 1186 3897; x_wconf 90' lang='lat' dir='ltr'><strong>et</strong></span> <span class='ocrx_word' id='word_1_334' title='bbox 1216 3843 1520 3914; x_wconf 75' lang='lat' dir='ltr'><strong>praefectorii</strong></span> <span class='ocrx_word' id='word_1_335' title='bbox 1549 3859 1581 3900; x_wconf 90' lang='lat' dir='ltr'><strong>e</strong></span> <span class='ocrx_word' id='word_1_336' title='bbox 1621 3845 1750 3901; x_wconf 90' lang='lat' dir='ltr'><strong>sede</strong></span> <span class='ocrx_word' id='word_1_337' title='bbox 1798 3847 1945 3901; x_wconf 86' lang='lat' dir='ltr'><strong>urbis</strong></span> <span class='ocrx_word' id='word_1_338' title='bbox 1968 3849 2067 3904; x_wconf 54' lang='lat' dir='ltr'><strong>de-</strong></span> 
     </span>
    </p>
   </div>
   <div class='ocr_carea' id='block_1_40' title="bbox 476 3934 2066 4009">
    <p class='ocr_par' dir='ltr' id='par_1_40' title="bbox 476 3934 2066 4009">
     <span class='ocr_line' id='line_1_40' title="bbox 476 3934 2066 4009; baseline 0 -16"><span class='ocrx_word' id='word_1_339' title='bbox 476 3941 676 4009; x_wconf 79' lang='lat' dir='ltr'><strong>jectum</strong></span> <span class='ocrx_word' id='word_1_340' title='bbox 713 3936 859 4005; x_wconf 85' lang='lat' dir='ltr'><strong>priva</strong></span> <span class='ocrx_word' id='word_1_341' title='bbox 890 3935 982 3989; x_wconf 89' lang='lat' dir='ltr'><strong>illa</strong></span> <span class='ocrx_word' id='word_1_342' title='bbox 1007 3934 1285 4005; x_wconf 83' lang='lat' dir='ltr'><strong>dignitate.</strong></span> <span class='ocrx_word' id='word_1_343' title='bbox 1323 3935 1442 4006; x_wconf 91' lang='lat' dir='ltr'><strong>lpse</strong></span> <span class='ocrx_word' id='word_1_344' title='bbox 1467 3935 1609 3991; x_wconf 90' lang='lat' dir='ltr'><strong>enim</strong></span> <span class='ocrx_word' id='word_1_345' title='bbox 1636 3937 1749 3991; x_wconf 74' lang='lat' dir='ltr'><strong>ltazc</strong></span> <span class='ocrx_word' id='word_1_346' title='bbox 1779 3955 1898 4008; x_wconf 77' lang='lat' dir='ltr'><strong>qme</strong></span> <span class='ocrx_word' id='word_1_347' title='bbox 1925 3940 2066 3994; x_wconf 81' lang='lat' dir='ltr'><strong>dixi-</strong></span> 
     </span>
    </p>
   </div>
   <div class='ocr_carea' id='block_1_41' title="bbox 479 4028 2065 4101">
    <p class='ocr_par' dir='ltr' id='par_1_41' title="bbox 479 4028 2065 4101">
     <span class='ocr_line' id='line_1_41' title="bbox 479 4028 2065 4101; baseline 0.002 -17"><span class='ocrx_word' id='word_1_348' title='bbox 479 4047 598 4084; x_wconf 88' lang='lat' dir='ltr'><strong>mus</strong></span> <span class='ocrx_word' id='word_1_349' title='bbox 624 4030 861 4099; x_wconf 87' lang='lat' dir='ltr'><strong>cogitare</strong></span> <span class='ocrx_word' id='word_1_350' title='bbox 892 4028 937 4083; x_wconf 90' lang='lat' dir='ltr'><strong>si</strong></span> <span class='ocrx_word' id='word_1_351' title='bbox 964 4028 1117 4096; x_wconf 88' lang='lat' dir='ltr'><strong>velit,</strong></span> <span class='ocrx_word' id='word_1_352' title='bbox 1151 4029 1283 4083; x_wconf 94' lang='lat' dir='ltr'><strong>nihil</strong></span> <span class='ocrx_word' id='word_1_353' title='bbox 1316 4028 1438 4084; x_wconf 88' lang='lat' dir='ltr'><strong>inde</strong></span> <span class='ocrx_word' id='word_1_354' title='bbox 1462 4029 1683 4085; x_wconf 89' lang='lat' dir='ltr'><strong>dolebit.</strong></span> <span class='ocrx_word' id='word_1_355' title='bbox 1712 4031 1896 4101; x_wconf 87' lang='lat' dir='ltr'><strong>Neque</strong></span> <span class='ocrx_word' id='word_1_356' title='bbox 1924 4035 2065 4087; x_wconf 89' lang='lat' dir='ltr'><strong>enim</strong></span> 
     </span>
    </p>
   </div>
   <div class='ocr_carea' id='block_1_42' title="bbox 479 4118 2067 4192">
    <p class='ocr_par' dir='ltr' id='par_1_42' title="bbox 479 4118 2067 4192">
     <span class='ocr_line' id='line_1_42' title="bbox 479 4118 2067 4192; baseline 0.004 -17"><span class='ocrx_word' id='word_1_357' title='bbox 479 4120 746 4190; x_wconf 84' lang='lat' dir='ltr'><strong>reputabit</strong></span> <span class='ocrx_word' id='word_1_358' title='bbox 776 4135 836 4173; x_wconf 90' lang='lat' dir='ltr'><strong>ea</strong></span> <span class='ocrx_word' id='word_1_359' title='bbox 877 4134 997 4187; x_wconf 77' lang='lat' dir='ltr'><strong>quae</strong></span> <span class='ocrx_word' id='word_1_360' title='bbox 1031 4130 1157 4173; x_wconf 89' lang='lat' dir='ltr'><strong>sunt</strong></span> <span class='ocrx_word' id='word_1_361' title='bbox 1185 4120 1235 4173; x_wconf 93' lang='lat' dir='ltr'><strong>ei</strong></span> <span class='ocrx_word' id='word_1_362' title='bbox 1264 4118 1441 4174; x_wconf 90' lang='lat' dir='ltr'><strong>ablata</strong></span> <span class='ocrx_word' id='word_1_363' title='bbox 1467 4161 1482 4186; x_wconf 95' lang='lat'><strong>,</strong></span> <span class='ocrx_word' id='word_1_364' title='bbox 1531 4120 1627 4175; x_wconf 88' lang='lat' dir='ltr'><strong>sed</strong></span> <span class='ocrx_word' id='word_1_365' title='bbox 1670 4137 1732 4176; x_wconf 86' lang='lat' dir='ltr'><strong>ea</strong></span> <span class='ocrx_word' id='word_1_366' title='bbox 1778 4140 1896 4192; x_wconf 78' lang='lat' dir='ltr'><strong>qua:</strong></span> <span class='ocrx_word' id='word_1_367' title='bbox 1942 4134 2067 4181; x_wconf 89' lang='lat' dir='ltr'><strong>tunc</strong></span> 
     </span>
    </p>
   </div>
   <div class='ocr_carea' id='block_1_43' title="bbox 479 4210 2065 4287">
    <p class='ocr_par' dir='ltr' id='par_1_43' title="bbox 479 4210 2065 4287">
     <span class='ocr_line' id='line_1_43' title="bbox 479 4210 2065 4287; baseline 0.004 -21"><span class='ocrx_word' id='word_1_368' title='bbox 479 4212 658 4275; x_wconf 85' lang='lat' dir='ltr'><strong>habet,</strong></span> <span class='ocrx_word' id='word_1_369' title='bbox 688 4227 880 4281; x_wconf 89' lang='lat' dir='ltr'><strong>nempe</strong></span> <span class='ocrx_word' id='word_1_370' title='bbox 902 4210 1124 4283; x_wconf 79' lang='lat' dir='ltr'><strong>gloriam</strong></span> <span class='ocrx_word' id='word_1_371' title='bbox 1151 4226 1309 4282; x_wconf 91' lang='lat' dir='ltr'><strong>quam</strong></span> <span class='ocrx_word' id='word_1_372' title='bbox 1336 4211 1497 4267; x_wconf 90' lang='lat' dir='ltr'><strong>habet</strong></span> <span class='ocrx_word' id='word_1_373' title='bbox 1524 4226 1593 4267; x_wconf 83' lang='lat' dir='ltr'><strong>ex</strong></span> <span class='ocrx_word' id='word_1_374' title='bbox 1620 4228 1687 4268; x_wconf 91' lang='lat' dir='ltr'><strong>eo</strong></span> <span class='ocrx_word' id='word_1_375' title='bbox 1707 4228 1864 4284; x_wconf 91' lang='lat' dir='ltr'><strong>quem</strong></span> <span class='ocrx_word' id='word_1_376' title='bbox 1889 4220 2065 4287; x_wconf 90' lang='lat' dir='ltr'><strong>gessit</strong></span> 
     </span>
    </p>
   </div>
   <div class='ocr_carea' id='block_1_44' title="bbox 477 4305 2065 4377">
    <p class='ocr_par' dir='ltr' id='par_1_44' title="bbox 477 4305 2065 4377">
     <span class='ocr_line' id='line_1_44' title="bbox 477 4305 2065 4377; baseline 0.004 -16"><span class='ocrx_word' id='word_1_377' title='bbox 477 4306 812 4377; x_wconf 84' lang='lat' dir='ltr'><strong>magistratu.</strong></span> <span class='ocrx_word' id='word_1_378' title='bbox 842 4305 897 4361; x_wconf 88' lang='lat' dir='ltr'><strong>Si</strong></span> <span class='ocrx_word' id='word_1_379' title='bbox 926 4316 1104 4360; x_wconf 91' lang='lat' dir='ltr'><strong>autem</strong></span> <span class='ocrx_word' id='word_1_380' title='bbox 1146 4321 1266 4360; x_wconf 88' lang='lat' dir='ltr'><strong>eam</strong></span> <span class='ocrx_word' id='word_1_381' title='bbox 1296 4321 1509 4376; x_wconf 81' lang='lat' dir='ltr'><strong>qtmque</strong></span> <span class='ocrx_word' id='word_1_382' title='bbox 1536 4308 1849 4377; x_wconf 88' lang='lat' dir='ltr'><strong>abstuleris,</strong></span> <span class='ocrx_word' id='word_1_383' title='bbox 1881 4311 2065 4368; x_wconf 85' lang='lat' dir='ltr'><strong>animo</strong></span> 
     </span>
    </p>
   </div>
   <div class='ocr_carea' id='block_1_45' title="bbox 476 4399 2065 4472">
    <p class='ocr_par' dir='ltr' id='par_1_45' title="bbox 476 4399 2065 4472">
     <span class='ocr_line' id='line_1_45' title="bbox 476 4399 2065 4472; baseline 0.002 -15"><span class='ocrx_word' id='word_1_384' title='bbox 476 4399 747 4472; x_wconf 87' lang='lat' dir='ltr'><strong>reputabit</strong></span> <span class='ocrx_word' id='word_1_385' title='bbox 776 4400 1037 4470; x_wconf 87' lang='lat' dir='ltr'><strong>privatos,</strong></span> <span class='ocrx_word' id='word_1_386' title='bbox 1068 4409 1121 4453; x_wconf 92' lang='lat' dir='ltr'><strong>et</strong></span> <span class='ocrx_word' id='word_1_387' title='bbox 1151 4400 1238 4468; x_wconf 89' lang='lat' dir='ltr'><strong>qui</strong></span> <span class='ocrx_word' id='word_1_388' title='bbox 1263 4399 1328 4452; x_wconf 89' lang='lat' dir='ltr'><strong>ad</strong></span> <span class='ocrx_word' id='word_1_389' title='bbox 1358 4415 1481 4455; x_wconf 90' lang='lat' dir='ltr'><strong>eum</strong></span> <span class='ocrx_word' id='word_1_390' title='bbox 1512 4402 1882 4470; x_wconf 86' lang='lat' dir='ltr'><strong>magistratum</strong></span> <span class='ocrx_word' id='word_1_391' title='bbox 1910 4420 2065 4460; x_wconf 91' lang='lat' dir='ltr'><strong>num-</strong></span> 
     </span>
    </p>
   </div>
   <div class='ocr_carea' id='block_1_46' title="bbox 474 4490 2064 4567">
    <p class='ocr_par' dir='ltr' id='par_1_46' title="bbox 474 4490 2064 4567">
     <span class='ocr_line' id='line_1_46' title="bbox 474 4490 2064 4567; baseline 0.001 -16"><span class='ocrx_word' id='word_1_392' title='bbox 474 4509 637 4567; x_wconf 91' lang='lat' dir='ltr'><strong>quam</strong></span> <span class='ocrx_word' id='word_1_393' title='bbox 664 4492 1055 4558; x_wconf 90' lang='lat' dir='ltr'><strong>ascenderunt,</strong></span> <span class='ocrx_word' id='word_1_394' title='bbox 1087 4502 1141 4547; x_wconf 90' lang='lat' dir='ltr'><strong>et</strong></span> <span class='ocrx_word' id='word_1_395' title='bbox 1169 4490 1236 4545; x_wconf 90' lang='lat' dir='ltr'><strong>ad</strong></span> <span class='ocrx_word' id='word_1_396' title='bbox 1261 4492 1682 4547; x_wconf 88' lang='lat' dir='ltr'><strong>consolationem</strong></span> <span class='ocrx_word' id='word_1_397' title='bbox 1718 4496 1766 4548; x_wconf 89' lang='lat' dir='ltr'><strong>ei</strong></span> <span class='ocrx_word' id='word_1_398' title='bbox 1794 4495 2064 4552; x_wconf 81' lang='lat' dir='ltr'><strong>sufficient</strong></span> 
     </span>
    </p>
   </div>
   <div class='ocr_carea' id='block_1_47' title="bbox 472 4586 2058 4659">
    <p class='ocr_par' dir='ltr' id='par_1_47' title="bbox 472 4586 2058 4659">
     <span class='ocr_line' id='line_1_47' title="bbox 472 4586 2058 4659; baseline -0.002 -14"><span class='ocrx_word' id='word_1_399' title='bbox 472 4590 675 4646; x_wconf 64' lang='lat' dir='ltr'><strong>divitiae</strong></span> <span class='ocrx_word' id='word_1_400' title='bbox 702 4605 717 4642; x_wconf 88' lang='lat'><strong>:</strong></span> <span class='ocrx_word' id='word_1_401' title='bbox 749 4589 831 4643; x_wconf 87' lang='lat' dir='ltr'><strong>sin</strong></span> <span class='ocrx_word' id='word_1_402' title='bbox 860 4597 1039 4642; x_wconf 89' lang='lat' dir='ltr'><strong>autem</strong></span> <span class='ocrx_word' id='word_1_403' title='bbox 1071 4586 1140 4642; x_wconf 89' lang='lat' dir='ltr'><strong>ab</strong></span> <span class='ocrx_word' id='word_1_404' title='bbox 1175 4586 1239 4641; x_wconf 86' lang='lat' dir='ltr'><strong>iis</strong></span> <span class='ocrx_word' id='word_1_405' title='bbox 1267 4601 1480 4656; x_wconf 91' lang='lat' dir='ltr'><strong>quoque</strong></span> <span class='ocrx_word' id='word_1_406' title='bbox 1511 4602 1696 4643; x_wconf 89' lang='lat' dir='ltr'><strong>rursus</strong></span> <span class='ocrx_word' id='word_1_407' title='bbox 1724 4602 1847 4643; x_wconf 90' lang='lat' dir='ltr'><strong>eum</strong></span> <span class='ocrx_word' id='word_1_408' title='bbox 1888 4604 2058 4659; x_wconf 84' lang='lat' dir='ltr'><strong>expu-</strong></span> 
     </span>
    </p>
   </div>
   <div class='ocr_carea' id='block_1_48' title="bbox 471 4676 2059 4748">
    <p class='ocr_par' dir='ltr' id='par_1_48' title="bbox 471 4676 2059 4748">
     <span class='ocr_line' id='line_1_48' title="bbox 471 4676 2059 4748; baseline -0.003 -9"><span class='ocrx_word' id='word_1_409' title='bbox 471 4683 623 4747; x_wconf 87' lang='lat' dir='ltr'><strong>leris,</strong></span> <span class='ocrx_word' id='word_1_410' title='bbox 652 4678 1016 4736; x_wconf 85' lang='lat' dir='ltr'><strong>considerabit</strong></span> <span class='ocrx_word' id='word_1_411' title='bbox 1056 4694 1151 4733; x_wconf 89' lang='lat' dir='ltr'><strong>eus</strong></span> <span class='ocrx_word' id='word_1_412' title='bbox 1189 4677 1280 4747; x_wconf 88' lang='lat' dir='ltr'><strong>qui</strong></span> <span class='ocrx_word' id='word_1_413' title='bbox 1322 4676 1615 4732; x_wconf 87' lang='lat' dir='ltr'><strong>mediocria</strong></span> <span class='ocrx_word' id='word_1_414' title='bbox 1660 4679 1940 4748; x_wconf 88' lang='lat' dir='ltr'><strong>possident</strong></span> <span class='ocrx_word' id='word_1_415' title='bbox 1965 4698 1982 4735; x_wconf 91' lang='lat'><strong>:</strong></span> <span class='ocrx_word' id='word_1_416' title='bbox 2012 4682 2059 4736; x_wconf 89' lang='lat' dir='ltr'><strong>si</strong></span> 
     </span>
    </p>
   </div>
   <div class='ocr_carea' id='block_1_49' title="bbox 472 4769 2059 4831">
    <p class='ocr_par' dir='ltr' id='par_1_49' title="bbox 472 4769 2059 4831">
     <span class='ocr_line' id='line_1_49' title="bbox 472 4769 2059 4831; baseline -0.001 0"><span class='ocrx_word' id='word_1_417' title='bbox 472 4787 654 4830; x_wconf 91' lang='lat' dir='ltr'><strong>autem</strong></span> <span class='ocrx_word' id='word_1_418' title='bbox 674 4774 835 4829; x_wconf 90' lang='lat' dir='ltr'><strong>etiam</strong></span> <span class='ocrx_word' id='word_1_419' title='bbox 864 4770 1150 4828; x_wconf 86' lang='lat' dir='ltr'><strong>abstuleris</strong></span> <span class='ocrx_word' id='word_1_420' title='bbox 1180 4769 1487 4831; x_wconf 86' lang='lat' dir='ltr'><strong>mediocria,</strong></span> <span class='ocrx_word' id='word_1_421' title='bbox 1515 4779 1570 4825; x_wconf 91' lang='lat' dir='ltr'><strong>et</strong></span> <span class='ocrx_word' id='word_1_422' title='bbox 1595 4771 1644 4825; x_wconf 92' lang='lat' dir='ltr'><strong>ei</strong></span> <span class='ocrx_word' id='word_1_423' title='bbox 1672 4772 1843 4827; x_wconf 92' lang='lat' dir='ltr'><strong>solum</strong></span> <span class='ocrx_word' id='word_1_424' title='bbox 1873 4788 2059 4830; x_wconf 86' lang='lat' dir='ltr'><strong>neces-</strong></span> 
     </span>
    </p>
   </div>
   <div class='ocr_carea' id='block_1_50' title="bbox 473 4864 2059 4939">
    <p class='ocr_par' dir='ltr' id='par_1_50' title="bbox 473 4864 2059 4939">
     <span class='ocr_line' id='line_1_50' title="bbox 473 4864 2059 4939; baseline 0.001 -15"><span class='ocrx_word' id='word_1_425' title='bbox 473 4870 673 4923; x_wconf 91' lang='lat' dir='ltr'><strong>sarium</strong></span> <span class='ocrx_word' id='word_1_426' title='bbox 706 4866 1027 4939; x_wconf 88' lang='lat' dir='ltr'><strong>impertieris</strong></span> <span class='ocrx_word' id='word_1_427' title='bbox 1043 4865 1373 4926; x_wconf 84' lang='lat' dir='ltr'><strong>alimentum,</strong></span> <span class='ocrx_word' id='word_1_428' title='bbox 1400 4864 1597 4932; x_wconf 88' lang='lat' dir='ltr'><strong>poterit</strong></span> <span class='ocrx_word' id='word_1_429' title='bbox 1621 4866 1799 4920; x_wconf 92' lang='lat' dir='ltr'><strong>animo</strong></span> <span class='ocrx_word' id='word_1_430' title='bbox 1823 4868 2059 4939; x_wconf 83' lang='lat' dir='ltr'><strong>cogitare</strong></span> 
     </span>
    </p>
   </div>
   <div class='ocr_carea' id='block_1_51' title="bbox 474 4955 2057 5031">
    <p class='ocr_par' dir='ltr' id='par_1_51' title="bbox 474 4955 2057 5031">
     <span class='ocr_line' id='line_1_51' title="bbox 474 4955 2057 5031; baseline 0.002 -18"><span class='ocrx_word' id='word_1_431' title='bbox 474 4973 570 5013; x_wconf 87' lang='lat' dir='ltr'><strong>cos</strong></span> <span class='ocrx_word' id='word_1_432' title='bbox 588 4998 604 5014; x_wconf 93' lang='lat'><strong>.</strong></span> <span class='ocrx_word' id='word_1_433' title='bbox 634 4958 726 5028; x_wconf 86' lang='lat' dir='ltr'><strong>qui</strong></span> <span class='ocrx_word' id='word_1_434' title='bbox 750 4973 815 5011; x_wconf 92' lang='lat' dir='ltr'><strong>ne</strong></span> <span class='ocrx_word' id='word_1_435' title='bbox 843 4957 895 5011; x_wconf 91' lang='lat' dir='ltr'><strong>id</strong></span> <span class='ocrx_word' id='word_1_436' title='bbox 921 4955 1135 5027; x_wconf 89' lang='lat' dir='ltr'><strong>quidem</strong></span> <span class='ocrx_word' id='word_1_437' title='bbox 1162 4955 1476 5025; x_wconf 89' lang='lat' dir='ltr'><strong>possident,</strong></span> <span class='ocrx_word' id='word_1_438' title='bbox 1509 4956 1605 5010; x_wconf 86' lang='lat' dir='ltr'><strong>sed</strong></span> <span class='ocrx_word' id='word_1_439' title='bbox 1629 4973 1749 5013; x_wconf 90' lang='lat' dir='ltr'><strong>cum</strong></span> <span class='ocrx_word' id='word_1_440' title='bbox 1774 4958 1889 5031; x_wconf 84' lang='lat' dir='ltr'><strong>jugi</strong></span> <span class='ocrx_word' id='word_1_441' title='bbox 1917 4960 2057 5018; x_wconf 89' lang='lat' dir='ltr'><strong>fame</strong></span> 
     </span>
    </p>
   </div>
   <div class='ocr_carea' id='block_1_52' title="bbox 472 5046 2054 5118">
    <p class='ocr_par' dir='ltr' id='par_1_52' title="bbox 472 5046 2054 5118">
     <span class='ocr_line' id='line_1_52' title="bbox 472 5046 2054 5118; baseline 0.003 -13"><span class='ocrx_word' id='word_1_442' title='bbox 472 5050 881 5114; x_wconf 83' lang='lat' dir='ltr'><strong>conﬂictantur,</strong></span> <span class='ocrx_word' id='word_1_443' title='bbox 920 5059 973 5104; x_wconf 93' lang='lat' dir='ltr'><strong>et</strong></span> <span class='ocrx_word' id='word_1_444' title='bbox 1002 5048 1053 5102; x_wconf 92' lang='lat' dir='ltr'><strong>in</strong></span> <span class='ocrx_word' id='word_1_445' title='bbox 1088 5061 1305 5102; x_wconf 89' lang='lat' dir='ltr'><strong>carcere</strong></span> <span class='ocrx_word' id='word_1_446' title='bbox 1345 5046 1606 5102; x_wconf 89' lang='lat' dir='ltr'><strong>habitant.</strong></span> <span class='ocrx_word' id='word_1_447' title='bbox 1634 5048 1783 5118; x_wconf 84' lang='lat' dir='ltr'><strong>Quod</strong></span> <span class='ocrx_word' id='word_1_448' title='bbox 1819 5053 1863 5107; x_wconf 91' lang='lat' dir='ltr'><strong>si</strong></span> <span class='ocrx_word' id='word_1_449' title='bbox 1893 5053 2054 5109; x_wconf 88' lang='lat' dir='ltr'><strong>etiam</strong></span> 
     </span>
    </p>
   </div>
   <div class='ocr_carea' id='block_1_53' title="bbox 1254 305 3680 379">
    <p class='ocr_par' dir='ltr' id='par_1_53' title="bbox 1254 305 3680 379">
     <span class='ocr_line' id='line_1_53' title="bbox 1254 305 3680 379; baseline 0.006 -15"><span class='ocrx_word' id='word_1_450' title='bbox 1254 306 1311 364; x_wconf 88' lang='lat' dir='ltr'><strong>S.</strong></span> <span class='ocrx_word' id='word_1_451' title='bbox 1355 305 1635 365; x_wconf 72' lang='lat' dir='ltr'><strong>JOANNIS</strong></span> <span class='ocrx_word' id='word_1_452' title='bbox 1669 305 2138 366; x_wconf 72' lang='lat' dir='ltr'><strong>CHRYSOSTOMI</strong></span> <span class='ocrx_word' id='word_1_453' title='bbox 2177 309 2496 366; x_wconf 74' lang='lat' dir='ltr'><strong>ARCIIIEP.</strong></span> <span class='ocrx_word' id='word_1_454' title='bbox 2536 311 3069 373; x_wconf 73' lang='lat' dir='ltr'><strong>CONSTANTlNOP.</strong></span> <span class='ocrx_word' id='word_1_455' title='bbox 3604 323 3680 379; x_wconf 64' lang='lat'><strong>33%</strong></span> 
     </span>
    </p>
   </div>
   <div class='ocr_carea' id='block_1_54' title="bbox 2184 424 3680 499">
    <p class='ocr_par' dir='ltr' id='par_1_54' title="bbox 2184 424 3680 499">
     <span class='ocr_line' id='line_1_54' title="bbox 2184 424 3680 499; baseline 0.009 -22"><span class='ocrx_word' id='word_1_456' title='bbox 2184 424 2357 494; x_wconf 89' lang='lat' dir='ltr'><strong>ipsum</strong></span> <span class='ocrx_word' id='word_1_457' title='bbox 2400 427 2450 478; x_wconf 91' lang='lat' dir='ltr'><strong>in</strong></span> <span class='ocrx_word' id='word_1_458' title='bbox 2480 426 2699 481; x_wconf 91' lang='lat' dir='ltr'><strong>domum</strong></span> <span class='ocrx_word' id='word_1_459' title='bbox 2747 427 2891 484; x_wconf 82' lang='lat' dir='ltr'><strong>illaut</strong></span> <span class='ocrx_word' id='word_1_460' title='bbox 2930 428 3146 484; x_wconf 81' lang='lat' dir='ltr'><strong>duxeris</strong></span> <span class='ocrx_word' id='word_1_461' title='bbox 3169 472 3185 499; x_wconf 90' lang='lat'><strong>,</strong></span> <span class='ocrx_word' id='word_1_462' title='bbox 3215 430 3380 486; x_wconf 82' lang='lat' dir='ltr'><strong>animo</strong></span> <span class='ocrx_word' id='word_1_463' title='bbox 3406 447 3592 490; x_wconf 81' lang='lat' dir='ltr'><strong>versans</strong></span> <span class='ocrx_word' id='word_1_464' title='bbox 3611 452 3680 493; x_wconf 81' lang='lat' dir='ltr'><strong>eos</strong></span> 
     </span>
    </p>
   </div>
   <div class='ocr_carea' id='block_1_55' title="bbox 2183 516 3680 597">
    <p class='ocr_par' dir='ltr' id='par_1_55' title="bbox 2183 516 3680 597">
     <span class='ocr_line' id='line_1_55' title="bbox 2183 516 3680 597; baseline 0.009 -28"><span class='ocrx_word' id='word_1_465' title='bbox 2183 516 2273 586; x_wconf 90' lang='lat' dir='ltr'><strong>qui</strong></span> <span class='ocrx_word' id='word_1_466' title='bbox 2306 516 2507 573; x_wconf 90' lang='lat' dir='ltr'><strong>morbis</strong></span> <span class='ocrx_word' id='word_1_467' title='bbox 2532 516 2776 572; x_wconf 85' lang='lat' dir='ltr'><strong>laborant</strong></span> <span class='ocrx_word' id='word_1_468' title='bbox 2800 519 3206 589; x_wconf 66' lang='lat' dir='ltr'><strong>ineurabilibus,</strong></span> <span class='ocrx_word' id='word_1_469' title='bbox 3234 523 3680 597; x_wconf 80' lang='lat' dir='ltr'><strong>intolerabilibusque</strong></span> 
     </span>
    </p>
   </div>
   <div class='ocr_carea' id='block_1_56' title="bbox 2184 609 3681 673">
    <p class='ocr_par' dir='ltr' id='par_1_56' title="bbox 2184 609 3681 673">
     <span class='ocr_line' id='line_1_56' title="bbox 2184 609 3681 673; baseline 0.007 -10"><span class='ocrx_word' id='word_1_470' title='bbox 2184 609 2458 663; x_wconf 85' lang='lat' dir='ltr'><strong>doloribus</strong></span> <span class='ocrx_word' id='word_1_471' title='bbox 2483 650 2497 672; x_wconf 90' lang='lat'><strong>,</strong></span> <span class='ocrx_word' id='word_1_472' title='bbox 2530 610 2731 666; x_wconf 86' lang='lat' dir='ltr'><strong>videbit</strong></span> <span class='ocrx_word' id='word_1_473' title='bbox 2755 612 2924 666; x_wconf 90' lang='lat' dir='ltr'><strong>multo</strong></span> <span class='ocrx_word' id='word_1_474' title='bbox 2951 627 3012 667; x_wconf 88' lang='lat' dir='ltr'><strong>se</strong></span> <span class='ocrx_word' id='word_1_475' title='bbox 3042 612 3238 668; x_wconf 89' lang='lat' dir='ltr'><strong>habere</strong></span> <span class='ocrx_word' id='word_1_476' title='bbox 3267 616 3460 672; x_wconf 88' lang='lat' dir='ltr'><strong>melius.</strong></span> <span class='ocrx_word' id='word_1_477' title='bbox 3489 617 3548 671; x_wconf 85' lang='lat' dir='ltr'><strong>Et</strong></span> <span class='ocrx_word' id='word_1_478' title='bbox 3582 620 3681 673; x_wconf 86' lang='lat' dir='ltr'><strong>sicut</strong></span> 
     </span>
    </p>
   </div>
   <div class='ocr_carea' id='block_1_57' title="bbox 2186 702 3682 776">
    <p class='ocr_par' dir='ltr' id='par_1_57' title="bbox 2186 702 3682 776">
     <span class='ocr_line' id='line_1_57' title="bbox 2186 702 3682 776; baseline 0.008 -23"><span class='ocrx_word' id='word_1_479' title='bbox 2186 710 2399 770; x_wconf 90' lang='lat' dir='ltr'><strong>emptor</strong></span> <span class='ocrx_word' id='word_1_480' title='bbox 2445 702 2535 756; x_wconf 90' lang='lat' dir='ltr'><strong>ille</strong></span> <span class='ocrx_word' id='word_1_481' title='bbox 2573 704 2826 758; x_wconf 86' lang='lat' dir='ltr'><strong>stercoris</strong></span> <span class='ocrx_word' id='word_1_482' title='bbox 2847 720 2916 759; x_wconf 91' lang='lat' dir='ltr'><strong>ue</strong></span> <span class='ocrx_word' id='word_1_483' title='bbox 2954 721 3046 759; x_wconf 85' lang='lat' dir='ltr'><strong>rex</strong></span> <span class='ocrx_word' id='word_1_484' title='bbox 3079 706 3289 776; x_wconf 89' lang='lat' dir='ltr'><strong>quidem</strong></span> <span class='ocrx_word' id='word_1_485' title='bbox 3333 708 3485 763; x_wconf 85' lang='lat' dir='ltr'><strong>factus</strong></span> <span class='ocrx_word' id='word_1_486' title='bbox 3528 709 3682 766; x_wconf 88' lang='lat' dir='ltr'><strong>fruetur</strong></span> 
     </span>
    </p>
   </div>
   <div class='ocr_carea' id='block_1_58' title="bbox 2179 792 3681 873">
    <p class='ocr_par' dir='ltr' id='par_1_58' title="bbox 2179 792 3681 873">
     <span class='ocr_line' id='line_1_58' title="bbox 2179 792 3681 873; baseline 0.007 -27"><span class='ocrx_word' id='word_1_487' title='bbox 2179 792 2343 847; x_wconf 89' lang='lat' dir='ltr'><strong>animi</strong></span> <span class='ocrx_word' id='word_1_488' title='bbox 2374 795 2759 864; x_wconf 87' lang='lat' dir='ltr'><strong>tranquillitate</strong></span> <span class='ocrx_word' id='word_1_489' title='bbox 2788 818 2800 851; x_wconf 95' lang='lat'>:</span> <span class='ocrx_word' id='word_1_490' title='bbox 2832 798 2900 850; x_wconf 87' lang='lat' dir='ltr'><strong>ita</strong></span> <span class='ocrx_word' id='word_1_491' title='bbox 2930 797 3017 851; x_wconf 88' lang='lat' dir='ltr'><strong>hic</strong></span> <span class='ocrx_word' id='word_1_492' title='bbox 3041 813 3271 868; x_wconf 84' lang='lat' dir='ltr'><strong>quoque.</strong></span> <span class='ocrx_word' id='word_1_493' title='bbox 3303 814 3365 855; x_wconf 90' lang='lat' dir='ltr'><strong>ne</strong></span> <span class='ocrx_word' id='word_1_494' title='bbox 3385 800 3427 855; x_wconf 92' lang='lat' dir='ltr'><strong>si</strong></span> <span class='ocrx_word' id='word_1_495' title='bbox 3446 800 3579 856; x_wconf 88' lang='lat' dir='ltr'><strong>fuerit</strong></span> <span class='ocrx_word' id='word_1_496' title='bbox 3598 805 3681 873; x_wconf 86' lang='lat' dir='ltr'><strong>qui-</strong></span> 
     </span>
    </p>
   </div>
   <div class='ocr_carea' id='block_1_59' title="bbox 2179 882 3680 960">
    <p class='ocr_par' dir='ltr' id='par_1_59' title="bbox 2179 882 3680 960">
     <span class='ocr_line' id='line_1_59' title="bbox 2179 882 3680 960; baseline 0.007 -23"><span class='ocrx_word' id='word_1_497' title='bbox 2179 882 2301 938; x_wconf 93' lang='lat' dir='ltr'><strong>dem</strong></span> <span class='ocrx_word' id='word_1_498' title='bbox 2333 887 2386 937; x_wconf 91' lang='lat' dir='ltr'><strong>in</strong></span> <span class='ocrx_word' id='word_1_499' title='bbox 2414 886 2672 949; x_wconf 82' lang='lat' dir='ltr'><strong>vinculis,</strong></span> <span class='ocrx_word' id='word_1_500' title='bbox 2703 903 2950 957; x_wconf 89' lang='lat' dir='ltr'><strong>umquam</strong></span> <span class='ocrx_word' id='word_1_501' title='bbox 2978 888 3196 943; x_wconf 86' lang='lat' dir='ltr'><strong>dolebit.</strong></span> <span class='ocrx_word' id='word_1_502' title='bbox 3229 889 3399 960; x_wconf 88' lang='lat' dir='ltr'><strong>Neque</strong></span> <span class='ocrx_word' id='word_1_503' title='bbox 3424 891 3559 960; x_wconf 84' lang='lat' dir='ltr'><strong>igitur</strong></span> <span class='ocrx_word' id='word_1_504' title='bbox 3582 893 3680 947; x_wconf 79' lang='lat' dir='ltr'><strong>divi-</strong></span> 
     </span>
    </p>
   </div>
   <div class='ocr_carea' id='block_1_60' title="bbox 2183 976 3681 1056">
    <p class='ocr_par' dir='ltr' id='par_1_60' title="bbox 2183 976 3681 1056">
     <span class='ocr_line' id='line_1_60' title="bbox 2183 976 3681 1056; baseline 0.007 -27"><span class='ocrx_word' id='word_1_505' title='bbox 2183 976 2267 1030; x_wconf 74' lang='lat' dir='ltr'><strong>litn</strong></span> <span class='ocrx_word' id='word_1_506' title='bbox 2297 976 2603 1047; x_wconf 82' lang='lat' dir='ltr'><strong>Voluptatis,</strong></span> <span class='ocrx_word' id='word_1_507' title='bbox 2635 995 2807 1050; x_wconf 88' lang='lat' dir='ltr'><strong>neque</strong></span> <span class='ocrx_word' id='word_1_508' title='bbox 2826 991 3109 1052; x_wconf 77' lang='lat' dir='ltr'><strong>paupertas</strong></span> <span class='ocrx_word' id='word_1_509' title='bbox 3129 991 3212 1035; x_wconf 80' lang='lat' dir='ltr'><strong>est</strong></span> <span class='ocrx_word' id='word_1_510' title='bbox 3236 998 3383 1036; x_wconf 87' lang='lat' dir='ltr'><strong>causa</strong></span> <span class='ocrx_word' id='word_1_511' title='bbox 3406 984 3547 1039; x_wconf 79' lang='lat' dir='ltr'><strong>animi</strong></span> <span class='ocrx_word' id='word_1_512' title='bbox 3562 987 3681 1056; x_wconf 67' lang='lat' dir='ltr'><strong>egri-</strong></span> 
     </span>
    </p>
   </div>
   <div class='ocr_carea' id='block_1_61' title="bbox 2182 1068 3681 1143">
    <p class='ocr_par' dir='ltr' id='par_1_61' title="bbox 2182 1068 3681 1143">
     <span class='ocr_line' id='line_1_61' title="bbox 2182 1068 3681 1143; baseline 0.005 -22"><span class='ocrx_word' id='word_1_513' title='bbox 2182 1068 2401 1132; x_wconf 82' lang='lat' dir='ltr'><strong>tudinis.</strong></span> <span class='ocrx_word' id='word_1_514' title='bbox 2434 1071 2527 1124; x_wconf 82' lang='lat' dir='ltr'><strong>sed</strong></span> <span class='ocrx_word' id='word_1_515' title='bbox 2563 1087 2714 1125; x_wconf 89' lang='lat' dir='ltr'><strong>mens</strong></span> <span class='ocrx_word' id='word_1_516' title='bbox 2743 1082 2923 1126; x_wconf 82' lang='lat' dir='ltr'><strong>nostra</strong></span> <span class='ocrx_word' id='word_1_517' title='bbox 2946 1114 2960 1136; x_wconf 91' lang='lat'><strong>,</strong></span> <span class='ocrx_word' id='word_1_518' title='bbox 2992 1085 3045 1127; x_wconf 88' lang='lat' dir='ltr'><strong>et</strong></span> <span class='ocrx_word' id='word_1_519' title='bbox 3070 1075 3210 1143; x_wconf 86' lang='lat' dir='ltr'><strong>quod</strong></span> <span class='ocrx_word' id='word_1_520' title='bbox 3236 1076 3387 1129; x_wconf 88' lang='lat' dir='ltr'><strong>animi</strong></span> <span class='ocrx_word' id='word_1_521' title='bbox 3414 1077 3556 1131; x_wconf 85' lang='lat' dir='ltr'><strong>nostri</strong></span> <span class='ocrx_word' id='word_1_522' title='bbox 3581 1078 3681 1132; x_wconf 90' lang='lat' dir='ltr'><strong>oculi</strong></span> 
     </span>
    </p>
   </div>
   <div class='ocr_carea' id='block_1_62' title="bbox 2181 1159 3681 1235">
    <p class='ocr_par' dir='ltr' id='par_1_62' title="bbox 2181 1159 3681 1235">
     <span class='ocr_line' id='line_1_62' title="bbox 2181 1159 3681 1235; baseline 0.007 -23"><span class='ocrx_word' id='word_1_523' title='bbox 2181 1159 2398 1215; x_wconf 88' lang='lat' dir='ltr'><strong>minime</strong></span> <span class='ocrx_word' id='word_1_524' title='bbox 2424 1162 2530 1216; x_wconf 88' lang='lat' dir='ltr'><strong>sint</strong></span> <span class='ocrx_word' id='word_1_525' title='bbox 2553 1162 2691 1231; x_wconf 89' lang='lat' dir='ltr'><strong>puri,</strong></span> <span class='ocrx_word' id='word_1_526' title='bbox 2716 1178 2889 1233; x_wconf 88' lang='lat' dir='ltr'><strong>neque</strong></span> <span class='ocrx_word' id='word_1_527' title='bbox 2915 1180 3137 1235; x_wconf 89' lang='lat' dir='ltr'><strong>usquam</strong></span> <span class='ocrx_word' id='word_1_528' title='bbox 3164 1168 3297 1220; x_wconf 84' lang='lat' dir='ltr'><strong>firmi</strong></span> <span class='ocrx_word' id='word_1_529' title='bbox 3324 1168 3422 1220; x_wconf 86' lang='lat' dir='ltr'><strong>sint</strong></span> <span class='ocrx_word' id='word_1_530' title='bbox 3441 1166 3681 1229; x_wconf 83' lang='lat' dir='ltr'><strong>etstabiles.</strong></span> 
     </span>
    </p>
   </div>
   <div class='ocr_carea' id='block_1_63' title="bbox 2178 1249 3684 1330">
    <p class='ocr_par' dir='ltr' id='par_1_63' title="bbox 2178 1249 3684 1330">
     <span class='ocr_line' id='line_1_63' title="bbox 2178 1249 3684 1330; baseline 0.007 -26"><span class='ocrx_word' id='word_1_531' title='bbox 2178 1249 2273 1305; x_wconf 88' lang='lat' dir='ltr'><strong>sed</strong></span> <span class='ocrx_word' id='word_1_532' title='bbox 2316 1253 2498 1306; x_wconf 89' lang='lat' dir='ltr'><strong>volent</strong></span> <span class='ocrx_word' id='word_1_533' title='bbox 2538 1254 2605 1307; x_wconf 90' lang='lat' dir='ltr'><strong>ad</strong></span> <span class='ocrx_word' id='word_1_534' title='bbox 2655 1254 2945 1310; x_wconf 87' lang='lat' dir='ltr'><strong>inﬁnitum.</strong></span> <span class='ocrx_word' id='word_1_535' title='bbox 2996 1257 3063 1312; x_wconf 87' lang='lat' dir='ltr'><strong>Et</strong></span> <span class='ocrx_word' id='word_1_536' title='bbox 3106 1257 3244 1311; x_wconf 87' lang='lat' dir='ltr'><strong>sicut</strong></span> <span class='ocrx_word' id='word_1_537' title='bbox 3285 1258 3494 1312; x_wconf 83' lang='lat' dir='ltr'><strong>salubria</strong></span> <span class='ocrx_word' id='word_1_538' title='bbox 3521 1259 3684 1330; x_wconf 84' lang='lat' dir='ltr'><strong>quidem</strong></span> 
     </span>
    </p>
   </div>
   <div class='ocr_carea' id='block_1_64' title="bbox 2179 1343 3685 1417">
    <p class='ocr_par' dir='ltr' id='par_1_64' title="bbox 2179 1343 3685 1417">
     <span class='ocr_line' id='line_1_64' title="bbox 2179 1343 3685 1417; baseline 0.007 -22"><span class='ocrx_word' id='word_1_539' title='bbox 2179 1357 2426 1410; x_wconf 90' lang='lat' dir='ltr'><strong>corpora,</strong></span> <span class='ocrx_word' id='word_1_540' title='bbox 2449 1343 2658 1399; x_wconf 88' lang='lat' dir='ltr'><strong>etiamsi</strong></span> <span class='ocrx_word' id='word_1_541' title='bbox 2686 1345 2802 1402; x_wconf 87' lang='lat' dir='ltr'><strong>solo</strong></span> <span class='ocrx_word' id='word_1_542' title='bbox 2827 1361 2965 1417; x_wconf 88' lang='lat' dir='ltr'><strong>pane</strong></span> <span class='ocrx_word' id='word_1_543' title='bbox 2993 1348 3205 1403; x_wconf 86' lang='lat' dir='ltr'><strong>alantur</strong></span> <span class='ocrx_word' id='word_1_544' title='bbox 3224 1391 3239 1412; x_wconf 91' lang='lat'><strong>,</strong></span> <span class='ocrx_word' id='word_1_545' title='bbox 3267 1350 3395 1404; x_wconf 88' lang='lat' dir='ltr'><strong>bene</strong></span> <span class='ocrx_word' id='word_1_546' title='bbox 3414 1349 3573 1405; x_wconf 75' lang='lat' dir='ltr'><strong>affecta</strong></span> <span class='ocrx_word' id='word_1_547' title='bbox 3596 1364 3685 1406; x_wconf 87' lang='lat' dir='ltr'><strong>sunt</strong></span> 
     </span>
    </p>
   </div>
   <div class='ocr_carea' id='block_1_65' title="bbox 2179 1435 3684 1505">
    <p class='ocr_par' dir='ltr' id='par_1_65' title="bbox 2179 1435 3684 1505">
     <span class='ocr_line' id='line_1_65' title="bbox 2179 1435 3684 1505; baseline 0.005 -16"><span class='ocrx_word' id='word_1_548' title='bbox 2179 1444 2232 1489; x_wconf 87' lang='lat' dir='ltr'><strong>et</strong></span> <span class='ocrx_word' id='word_1_549' title='bbox 2263 1435 2574 1502; x_wconf 87' lang='lat' dir='ltr'><strong>luxuriant;</strong></span> <span class='ocrx_word' id='word_1_550' title='bbox 2612 1438 2853 1495; x_wconf 86' lang='lat' dir='ltr'><strong>morbida</strong></span> <span class='ocrx_word' id='word_1_551' title='bbox 2882 1448 3058 1495; x_wconf 87' lang='lat' dir='ltr'><strong>autem</strong></span> <span class='ocrx_word' id='word_1_552' title='bbox 3081 1481 3096 1505; x_wconf 88' lang='lat'><strong>,</strong></span> <span class='ocrx_word' id='word_1_553' title='bbox 3128 1442 3335 1497; x_wconf 88' lang='lat' dir='ltr'><strong>etiamsi</strong></span> <span class='ocrx_word' id='word_1_554' title='bbox 3365 1443 3491 1497; x_wconf 88' lang='lat' dir='ltr'><strong>lauta</strong></span> <span class='ocrx_word' id='word_1_555' title='bbox 3517 1453 3561 1498; x_wconf 90' lang='lat' dir='ltr'><strong>et</strong></span> <span class='ocrx_word' id='word_1_556' title='bbox 3582 1440 3684 1497; x_wconf 79' lang='lat' dir='ltr'><strong>varia</strong></span> 
     </span>
    </p>
   </div>
   <div class='ocr_carea' id='block_1_66' title="bbox 2180 1526 3687 1594">
    <p class='ocr_par' dir='ltr' id='par_1_66' title="bbox 2180 1526 3687 1594">
     <span class='ocr_line' id='line_1_66' title="bbox 2180 1526 3687 1594; baseline 0.005 -15"><span class='ocrx_word' id='word_1_557' title='bbox 2180 1526 2421 1581; x_wconf 79' lang='lat' dir='ltr'><strong>fruantur</strong></span> <span class='ocrx_word' id='word_1_558' title='bbox 2444 1544 2650 1594; x_wconf 90' lang='lat' dir='ltr'><strong>mensa,</strong></span> <span class='ocrx_word' id='word_1_559' title='bbox 2676 1545 2743 1586; x_wconf 88' lang='lat' dir='ltr'><strong>eo</strong></span> <span class='ocrx_word' id='word_1_560' title='bbox 2771 1540 2894 1585; x_wconf 86' lang='lat' dir='ltr'><strong>sunt</strong></span> <span class='ocrx_word' id='word_1_561' title='bbox 2924 1531 3273 1587; x_wconf 87' lang='lat' dir='ltr'><strong>imbecilliora</strong></span> <span class='ocrx_word' id='word_1_562' title='bbox 3303 1552 3313 1585; x_wconf 90' lang='lat'><strong>:</strong></span> <span class='ocrx_word' id='word_1_563' title='bbox 3349 1534 3411 1587; x_wconf 86' lang='lat' dir='ltr'><strong>ita</strong></span> <span class='ocrx_word' id='word_1_564' title='bbox 3436 1536 3571 1589; x_wconf 87' lang='lat' dir='ltr'><strong>etiam</strong></span> <span class='ocrx_word' id='word_1_565' title='bbox 3589 1535 3687 1588; x_wconf 71' lang='grc' dir='ltr'><strong>501ιί</strong></span> 
     </span>
    </p>
   </div>
   <div class='ocr_carea' id='block_1_67' title="bbox 2179 1618 3688 1696">
    <p class='ocr_par' dir='ltr' id='par_1_67' title="bbox 2179 1618 3688 1696">
     <span class='ocr_line' id='line_1_67' title="bbox 2179 1618 3688 1696; baseline 0.003 -23"><span class='ocrx_word' id='word_1_566' title='bbox 2179 1620 2393 1673; x_wconf 85' lang='lat' dir='ltr'><strong>evenire</strong></span> <span class='ocrx_word' id='word_1_567' title='bbox 2433 1618 2484 1672; x_wconf 90' lang='lat' dir='ltr'><strong>in</strong></span> <span class='ocrx_word' id='word_1_568' title='bbox 2516 1621 2716 1677; x_wconf 88' lang='lat' dir='ltr'><strong>anima.</strong></span> <span class='ocrx_word' id='word_1_569' title='bbox 2744 1619 2845 1690; x_wconf 85' lang='lat' dir='ltr'><strong>Qui</strong></span> <span class='ocrx_word' id='word_1_570' title='bbox 2878 1623 3057 1692; x_wconf 90' lang='lat' dir='ltr'><strong>pusilli</strong></span> <span class='ocrx_word' id='word_1_571' title='bbox 3091 1624 3307 1695; x_wconf 87' lang='lat' dir='ltr'><strong>quidem</strong></span> <span class='ocrx_word' id='word_1_572' title='bbox 3332 1635 3385 1679; x_wconf 88' lang='lat' dir='ltr'><strong>et</strong></span> <span class='ocrx_word' id='word_1_573' title='bbox 3409 1627 3575 1696; x_wconf 70' lang='lat' dir='ltr'><strong>abiecti</strong></span> <span class='ocrx_word' id='word_1_574' title='bbox 3599 1636 3688 1680; x_wconf 82' lang='lat' dir='ltr'><strong>sunt</strong></span> 
     </span>
    </p>
   </div>
   <div class='ocr_carea' id='block_1_68' title="bbox 2179 1710 3688 1786">
    <p class='ocr_par' dir='ltr' id='par_1_68' title="bbox 2179 1710 3688 1786">
     <span class='ocr_line' id='line_1_68' title="bbox 2179 1710 3688 1786; baseline 0.006 -26"><span class='ocrx_word' id='word_1_575' title='bbox 2179 1710 2365 1778; x_wconf 87' lang='lat' dir='ltr'><strong>animi,</strong></span> <span class='ocrx_word' id='word_1_576' title='bbox 2398 1727 2463 1764; x_wconf 88' lang='lat' dir='ltr'><strong>ne</strong></span> <span class='ocrx_word' id='word_1_577' title='bbox 2486 1712 2537 1764; x_wconf 93' lang='lat' dir='ltr'><strong>in</strong></span> <span class='ocrx_word' id='word_1_578' title='bbox 2569 1711 3107 1785; x_wconf 78' lang='lat' dir='ltr'><strong>diadematequidem</strong></span> <span class='ocrx_word' id='word_1_579' title='bbox 3131 1725 3187 1769; x_wconf 90' lang='lat' dir='ltr'><strong>et</strong></span> <span class='ocrx_word' id='word_1_580' title='bbox 3218 1716 3494 1771; x_wconf 88' lang='lat' dir='ltr'><strong>honoribus</strong></span> <span class='ocrx_word' id='word_1_581' title='bbox 3510 1718 3582 1786; x_wconf 87' lang='lat' dir='ltr'><strong>qui</strong></span> <span class='ocrx_word' id='word_1_582' title='bbox 3604 1732 3688 1769; x_wconf 79' lang='lat' dir='ltr'><strong>ver-</strong></span> 
     </span>
    </p>
   </div>
   <div class='ocr_carea' id='block_1_69' title="bbox 2179 1801 3688 1878">
    <p class='ocr_par' dir='ltr' id='par_1_69' title="bbox 2179 1801 3688 1878">
     <span class='ocr_line' id='line_1_69' title="bbox 2179 1801 3688 1878; baseline 0.003 -21"><span class='ocrx_word' id='word_1_583' title='bbox 2179 1801 2260 1857; x_wconf 89' lang='lat' dir='ltr'><strong>bis</strong></span> <span class='ocrx_word' id='word_1_584' title='bbox 2288 1818 2391 1858; x_wconf 91' lang='lat' dir='ltr'><strong>non</strong></span> <span class='ocrx_word' id='word_1_585' title='bbox 2426 1816 2649 1873; x_wconf 91' lang='lat' dir='ltr'><strong>possunt</strong></span> <span class='ocrx_word' id='word_1_586' title='bbox 2670 1807 2948 1878; x_wconf 73' lang='lat' dir='ltr'><strong>explicari,</strong></span> <span class='ocrx_word' id='word_1_587' title='bbox 2974 1819 3199 1878; x_wconf 87' lang='lat' dir='ltr'><strong>possunt</strong></span> <span class='ocrx_word' id='word_1_588' title='bbox 3224 1825 3345 1865; x_wconf 91' lang='lat' dir='ltr'><strong>esse</strong></span> <span class='ocrx_word' id='word_1_589' title='bbox 3374 1811 3500 1864; x_wconf 87' lang='lat' dir='ltr'><strong>bono</strong></span> <span class='ocrx_word' id='word_1_590' title='bbox 3520 1820 3565 1865; x_wconf 88' lang='lat' dir='ltr'><strong>et</strong></span> <span class='ocrx_word' id='word_1_591' title='bbox 3580 1820 3688 1864; x_wconf 82' lang='lat' dir='ltr'><strong>tran-</strong></span> 
     </span>
    </p>
   </div>
   <div class='ocr_carea' id='block_1_70' title="bbox 2178 1896 3690 1970">
    <p class='ocr_par' dir='ltr' id='par_1_70' title="bbox 2178 1896 3690 1970">
     <span class='ocr_line' id='line_1_70' title="bbox 2178 1896 3690 1970; baseline 0.005 -23"><span class='ocrx_word' id='word_1_592' title='bbox 2178 1896 2344 1967; x_wconf 89' lang='lat' dir='ltr'><strong>quillo</strong></span> <span class='ocrx_word' id='word_1_593' title='bbox 2369 1898 2550 1954; x_wconf 83' lang='lat' dir='ltr'><strong>animo</strong></span> <span class='ocrx_word' id='word_1_594' title='bbox 2577 1916 2590 1950; x_wconf 74' lang='grc' dir='ltr'>ε</span> <span class='ocrx_word' id='word_1_595' title='bbox 2626 1898 2927 1970; x_wconf 85' lang='lat' dir='ltr'><strong>philosophi</strong></span> <span class='ocrx_word' id='word_1_596' title='bbox 2956 1912 3134 1956; x_wconf 89' lang='lat' dir='ltr'><strong>autem</strong></span> <span class='ocrx_word' id='word_1_597' title='bbox 3163 1913 3217 1956; x_wconf 94' lang='lat' dir='ltr'><strong>et</strong></span> <span class='ocrx_word' id='word_1_598' title='bbox 3255 1903 3307 1956; x_wconf 90' lang='lat' dir='ltr'><strong>in</strong></span> <span class='ocrx_word' id='word_1_599' title='bbox 3354 1904 3556 1957; x_wconf 81' lang='lat' dir='ltr'><strong>vinculis</strong></span> <span class='ocrx_word' id='word_1_600' title='bbox 3578 1913 3620 1957; x_wconf 86' lang='lat' dir='ltr'><strong>et</strong></span> <span class='ocrx_word' id='word_1_601' title='bbox 3654 1906 3690 1955; x_wconf 78' lang='lat' dir='ltr'><strong>in</strong></span> 
     </span>
    </p>
   </div>
   <div class='ocr_carea' id='block_1_71' title="bbox 2177 1992 3691 2063">
    <p class='ocr_par' dir='ltr' id='par_1_71' title="bbox 2177 1992 3691 2063">
     <span class='ocr_line' id='line_1_71' title="bbox 2177 1992 3691 2063; baseline 0.002 -21"><span class='ocrx_word' id='word_1_602' title='bbox 2177 1997 2360 2042; x_wconf 64' lang='lat' dir='ltr'><strong>(auena</strong></span> <span class='ocrx_word' id='word_1_603' title='bbox 2389 2000 2441 2043; x_wconf 86' lang='lat' dir='ltr'><strong>et</strong></span> <span class='ocrx_word' id='word_1_604' title='bbox 2466 1992 2516 2043; x_wconf 91' lang='lat' dir='ltr'><strong>in</strong></span> <span class='ocrx_word' id='word_1_605' title='bbox 2547 2001 2863 2061; x_wconf 86' lang='lat' dir='ltr'><strong>paupertate</strong></span> <span class='ocrx_word' id='word_1_606' title='bbox 2884 2007 3015 2063; x_wconf 87' lang='lat' dir='ltr'><strong>pura</strong></span> <span class='ocrx_word' id='word_1_607' title='bbox 3041 1992 3293 2048; x_wconf 86' lang='lat' dir='ltr'><strong>fruuntur</strong></span> <span class='ocrx_word' id='word_1_608' title='bbox 3318 1995 3577 2063; x_wconf 82' lang='lat' dir='ltr'><strong>voluptate.</strong></span> <span class='ocrx_word' id='word_1_609' title='bbox 3604 1992 3691 2047; x_wconf 63' lang='grc' dir='ltr'><strong>ιιιιιρ</strong></span> 
     </span>
    </p>
   </div>
   <div class='ocr_carea' id='block_1_72' title="bbox 2178 2083 3691 2155">
    <p class='ocr_par' dir='ltr' id='par_1_72' title="bbox 2178 2083 3691 2155">
     <span class='ocr_line' id='line_1_72' title="bbox 2178 2083 3691 2155; baseline 0.003 -22"><span class='ocrx_word' id='word_1_610' title='bbox 2178 2095 2306 2151; x_wconf 87' lang='lat' dir='ltr'><strong>ergo</strong></span> <span class='ocrx_word' id='word_1_611' title='bbox 2326 2083 2623 2152; x_wconf 81' lang='lat' dir='ltr'><strong>cogitantes</strong></span> <span class='ocrx_word' id='word_1_612' title='bbox 2652 2124 2668 2151; x_wconf 95' lang='lat'><strong>,</strong></span> <span class='ocrx_word' id='word_1_613' title='bbox 2712 2084 3034 2153; x_wconf 87' lang='lat' dir='ltr'><strong>aspiciamus</strong></span> <span class='ocrx_word' id='word_1_614' title='bbox 3075 2099 3292 2155; x_wconf 84' lang='lat' dir='ltr'><strong>semper</strong></span> <span class='ocrx_word' id='word_1_615' title='bbox 3332 2086 3398 2141; x_wconf 88' lang='lat' dir='ltr'><strong>ad</strong></span> <span class='ocrx_word' id='word_1_616' title='bbox 3440 2084 3691 2140; x_wconf 85' lang='lat' dir='ltr'><strong>deteriores.</strong></span> 
     </span>
    </p>
   </div>
   <div class='ocr_carea' id='block_1_73' title="bbox 2177 2172 3693 2249">
    <p class='ocr_par' dir='ltr' id='par_1_73' title="bbox 2177 2172 3693 2249">
     <span class='ocr_line' id='line_1_73' title="bbox 2177 2172 3693 2249; baseline 0.003 -21"><span class='ocrx_word' id='word_1_617' title='bbox 2177 2172 2309 2228; x_wconf 87' lang='lat' dir='ltr'><strong>Nam</strong></span> <span class='ocrx_word' id='word_1_618' title='bbox 2337 2185 2419 2229; x_wconf 89' lang='lat' dir='ltr'><strong>est</strong></span> <span class='ocrx_word' id='word_1_619' title='bbox 2447 2175 2664 2245; x_wconf 89' lang='lat' dir='ltr'><strong>quidem</strong></span> <span class='ocrx_word' id='word_1_620' title='bbox 2688 2177 2850 2233; x_wconf 86' lang='lat' dir='ltr'><strong>etiam</strong></span> <span class='ocrx_word' id='word_1_621' title='bbox 2881 2177 2985 2233; x_wconf 88' lang='lat' dir='ltr'><strong>alia</strong></span> <span class='ocrx_word' id='word_1_622' title='bbox 3012 2178 3315 2234; x_wconf 88' lang='lat' dir='ltr'><strong>consolatio</strong></span> <span class='ocrx_word' id='word_1_623' title='bbox 3339 2221 3353 2246; x_wconf 91' lang='lat'><strong>,</strong></span> <span class='ocrx_word' id='word_1_624' title='bbox 3392 2180 3479 2235; x_wconf 91' lang='lat' dir='ltr'><strong>sed</strong></span> <span class='ocrx_word' id='word_1_625' title='bbox 3508 2179 3693 2249; x_wconf 80' lang='lat' dir='ltr'><strong>philoso-</strong></span> 
     </span>
    </p>
   </div>
   <div class='ocr_carea' id='block_1_74' title="bbox 2179 2264 3694 2341">
    <p class='ocr_par' dir='ltr' id='par_1_74' title="bbox 2179 2264 3694 2341">
     <span class='ocr_line' id='line_1_74' title="bbox 2179 2264 3694 2341; baseline 0.003 -24"><span class='ocrx_word' id='word_1_626' title='bbox 2179 2264 2335 2335; x_wconf 89' lang='lat' dir='ltr'><strong>phica</strong></span> <span class='ocrx_word' id='word_1_627' title='bbox 2360 2306 2373 2330; x_wconf 90' lang='lat'><strong>,</strong></span> <span class='ocrx_word' id='word_1_628' title='bbox 2406 2278 2460 2322; x_wconf 88' lang='lat' dir='ltr'><strong>et</strong></span> <span class='ocrx_word' id='word_1_629' title='bbox 2485 2283 2605 2339; x_wconf 72' lang='lat' dir='ltr'><strong>qua:</strong></span> <span class='ocrx_word' id='word_1_630' title='bbox 2635 2268 2925 2325; x_wconf 87' lang='lat' dir='ltr'><strong>multorum</strong></span> <span class='ocrx_word' id='word_1_631' title='bbox 2946 2270 3173 2324; x_wconf 89' lang='lat' dir='ltr'><strong>aliorum</strong></span> <span class='ocrx_word' id='word_1_632' title='bbox 3205 2283 3420 2341; x_wconf 87' lang='lat' dir='ltr'><strong>superat</strong></span> <span class='ocrx_word' id='word_1_633' title='bbox 3443 2271 3694 2326; x_wconf 84' lang='lat' dir='ltr'><strong>crassitudi-</strong></span> 
     </span>
    </p>
   </div>
   <div class='ocr_carea' id='block_1_75' title="bbox 2178 2357 3694 2429">
    <p class='ocr_par' dir='ltr' id='par_1_75' title="bbox 2178 2357 3694 2429">
     <span class='ocr_line' id='line_1_75' title="bbox 2178 2357 3694 2429; baseline 0.001 -19"><span class='ocrx_word' id='word_1_634' title='bbox 2178 2373 2323 2411; x_wconf 89' lang='lat' dir='ltr'><strong>nem.</strong></span> <span class='ocrx_word' id='word_1_635' title='bbox 2348 2357 2603 2427; x_wconf 71' lang='lat' dir='ltr'><strong>Quaanam</strong></span> <span class='ocrx_word' id='word_1_636' title='bbox 2633 2375 2697 2414; x_wconf 84' lang='lat' dir='ltr'><strong>ea</strong></span> <span class='ocrx_word' id='word_1_637' title='bbox 2722 2359 2843 2416; x_wconf 74' lang='lat' dir='ltr'><strong>est?</strong></span> <span class='ocrx_word' id='word_1_638' title='bbox 2870 2359 3025 2429; x_wconf 84' lang='lat' dir='ltr'><strong>Quod</strong></span> <span class='ocrx_word' id='word_1_639' title='bbox 3051 2361 3183 2416; x_wconf 88' lang='lat' dir='ltr'><strong>nihil</strong></span> <span class='ocrx_word' id='word_1_640' title='bbox 3211 2374 3339 2417; x_wconf 90' lang='lat' dir='ltr'><strong>sunt</strong></span> <span class='ocrx_word' id='word_1_641' title='bbox 3364 2364 3542 2418; x_wconf 64' lang='lat' dir='ltr'><strong>divitia.</strong></span> <span class='ocrx_word' id='word_1_642' title='bbox 3561 2404 3575 2428; x_wconf 93' lang='lat'><strong>,</strong></span> <span class='ocrx_word' id='word_1_643' title='bbox 3596 2361 3694 2415; x_wconf 79' lang='lat' dir='ltr'><strong>nihil</strong></span> 
     </span>
    </p>
   </div>
   <div class='ocr_carea' id='block_1_76' title="bbox 2180 2450 3696 2525">
    <p class='ocr_par' dir='ltr' id='par_1_76' title="bbox 2180 2450 3696 2525">
     <span class='ocr_line' id='line_1_76' title="bbox 2180 2450 3696 2525; baseline -0.001 -22"><span class='ocrx_word' id='word_1_644' title='bbox 2180 2458 2490 2519; x_wconf 89' lang='lat' dir='ltr'><strong>paupertas,</strong></span> <span class='ocrx_word' id='word_1_645' title='bbox 2519 2450 2652 2506; x_wconf 90' lang='lat' dir='ltr'><strong>nihil</strong></span> <span class='ocrx_word' id='word_1_646' title='bbox 2670 2451 2984 2523; x_wconf 80' lang='lat' dir='ltr'><strong>ignominia,</strong></span> <span class='ocrx_word' id='word_1_647' title='bbox 3016 2453 3149 2509; x_wconf 89' lang='lat' dir='ltr'><strong>nihil</strong></span> <span class='ocrx_word' id='word_1_648' title='bbox 3178 2454 3386 2525; x_wconf 88' lang='lat' dir='ltr'><strong>honor;</strong></span> <span class='ocrx_word' id='word_1_649' title='bbox 3409 2455 3495 2509; x_wconf 89' lang='lat' dir='ltr'><strong>sed</strong></span> <span class='ocrx_word' id='word_1_650' title='bbox 3521 2455 3565 2508; x_wconf 91' lang='lat' dir='ltr'><strong>in</strong></span> <span class='ocrx_word' id='word_1_651' title='bbox 3587 2452 3696 2507; x_wconf 66' lang='lat' dir='ltr'><strong>brevi</strong></span> 
     </span>
    </p>
   </div>
   <div class='ocr_carea' id='block_1_77' title="bbox 2181 2548 3696 2617">
    <p class='ocr_par' dir='ltr' id='par_1_77' title="bbox 2181 2548 3696 2617">
     <span class='ocr_line' id='line_1_77' title="bbox 2181 2548 3696 2617; baseline 0.001 -19"><span class='ocrx_word' id='word_1_652' title='bbox 2181 2557 2443 2617; x_wconf 87' lang='lat' dir='ltr'><strong>tempore,</strong></span> <span class='ocrx_word' id='word_1_653' title='bbox 2475 2557 2530 2604; x_wconf 91' lang='lat' dir='ltr'><strong>et</strong></span> <span class='ocrx_word' id='word_1_654' title='bbox 2568 2548 2623 2604; x_wconf 89' lang='lat' dir='ltr'><strong>in</strong></span> <span class='ocrx_word' id='word_1_655' title='bbox 2649 2549 2829 2605; x_wconf 84' lang='lat' dir='ltr'><strong>verbis</strong></span> <span class='ocrx_word' id='word_1_656' title='bbox 2855 2549 3033 2605; x_wconf 90' lang='lat' dir='ltr'><strong>solum</strong></span> <span class='ocrx_word' id='word_1_657' title='bbox 3083 2550 3223 2605; x_wconf 88' lang='lat' dir='ltr'><strong>inter</strong></span> <span class='ocrx_word' id='word_1_658' title='bbox 3274 2566 3333 2607; x_wconf 87' lang='lat' dir='ltr'><strong>se</strong></span> <span class='ocrx_word' id='word_1_659' title='bbox 3379 2552 3575 2606; x_wconf 86' lang='lat' dir='ltr'><strong>distant.</strong></span> <span class='ocrx_word' id='word_1_660' title='bbox 3600 2548 3696 2602; x_wconf 87' lang='lat' dir='ltr'><strong>Cum</strong></span> 
     </span>
    </p>
   </div>
   <div class='ocr_carea' id='block_1_78' title="bbox 2180 2635 3698 2713">
    <p class='ocr_par' dir='ltr' id='par_1_78' title="bbox 2180 2635 3698 2713">
     <span class='ocr_line' id='line_1_78' title="bbox 2180 2635 3698 2713; baseline 0.001 -23"><span class='ocrx_word' id='word_1_661' title='bbox 2180 2635 2281 2693; x_wconf 90' lang='lat' dir='ltr'><strong>hac</strong></span> <span class='ocrx_word' id='word_1_662' title='bbox 2308 2648 2490 2695; x_wconf 90' lang='lat' dir='ltr'><strong>autem</strong></span> <span class='ocrx_word' id='word_1_663' title='bbox 2518 2640 2621 2694; x_wconf 87' lang='lat' dir='ltr'><strong>alia</strong></span> <span class='ocrx_word' id='word_1_664' title='bbox 2648 2655 2863 2712; x_wconf 89' lang='lat' dir='ltr'><strong>quoque</strong></span> <span class='ocrx_word' id='word_1_665' title='bbox 2891 2652 2973 2698; x_wconf 90' lang='lat' dir='ltr'><strong>est</strong></span> <span class='ocrx_word' id='word_1_666' title='bbox 3002 2640 3103 2696; x_wconf 88' lang='lat' dir='ltr'><strong>hac</strong></span> <span class='ocrx_word' id='word_1_667' title='bbox 3131 2642 3342 2713; x_wconf 88' lang='lat' dir='ltr'><strong>major,</strong></span> <span class='ocrx_word' id='word_1_668' title='bbox 3375 2656 3547 2711; x_wconf 88' lang='lat' dir='ltr'><strong>nempe</strong></span> <span class='ocrx_word' id='word_1_669' title='bbox 3567 2639 3698 2695; x_wconf 80' lang='lat' dir='ltr'><strong>futura</strong></span> 
     </span>
    </p>
   </div>
   <div class='ocr_carea' id='block_1_79' title="bbox 2177 2729 3699 2805">
    <p class='ocr_par' dir='ltr' id='par_1_79' title="bbox 2177 2729 3699 2805">
     <span class='ocr_line' id='line_1_79' title="bbox 2177 2729 3699 2805; baseline 0.001 -22"><span class='ocrx_word' id='word_1_670' title='bbox 2177 2738 2234 2784; x_wconf 91' lang='lat' dir='ltr'><strong>et</strong></span> <span class='ocrx_word' id='word_1_671' title='bbox 2256 2729 2397 2786; x_wconf 87' lang='lat' dir='ltr'><strong>bona</strong></span> <span class='ocrx_word' id='word_1_672' title='bbox 2422 2741 2476 2786; x_wconf 91' lang='lat' dir='ltr'><strong>et</strong></span> <span class='ocrx_word' id='word_1_673' title='bbox 2514 2732 2655 2787; x_wconf 85' lang='lat' dir='ltr'><strong>mala</strong></span> <span class='ocrx_word' id='word_1_674' title='bbox 2678 2732 2918 2805; x_wconf 83' lang='lat' dir='ltr'><strong>cogitare</strong></span> <span class='ocrx_word' id='word_1_675' title='bbox 2944 2774 2959 2799; x_wconf 92' lang='lat'><strong>,</strong></span> <span class='ocrx_word' id='word_1_676' title='bbox 2988 2748 3050 2788; x_wconf 89' lang='lat' dir='ltr'><strong>ea</strong></span> <span class='ocrx_word' id='word_1_677' title='bbox 3080 2749 3198 2804; x_wconf 83' lang='lat' dir='ltr'><strong>quae</strong></span> <span class='ocrx_word' id='word_1_678' title='bbox 3223 2750 3354 2791; x_wconf 86' lang='lat' dir='ltr'><strong>vere</strong></span> <span class='ocrx_word' id='word_1_679' title='bbox 3395 2744 3509 2789; x_wconf 90' lang='lat' dir='ltr'><strong>sunt</strong></span> <span class='ocrx_word' id='word_1_680' title='bbox 3533 2733 3643 2787; x_wconf 87' lang='lat' dir='ltr'><strong>mala</strong></span> <span class='ocrx_word' id='word_1_681' title='bbox 3662 2741 3699 2785; x_wconf 85' lang='lat' dir='ltr'><strong>et</strong></span> 
     </span>
    </p>
   </div>
   <div class='ocr_carea' id='block_1_80' title="bbox 2177 2822 3697 2899">
    <p class='ocr_par' dir='ltr' id='par_1_80' title="bbox 2177 2822 3697 2899">
     <span class='ocr_line' id='line_1_80' title="bbox 2177 2822 3697 2899; baseline 0.003 -25"><span class='ocrx_word' id='word_1_682' title='bbox 2177 2838 2299 2890; x_wconf 68' lang='lat' dir='ltr'><strong>qua:</strong></span> <span class='ocrx_word' id='word_1_683' title='bbox 2328 2837 2453 2877; x_wconf 88' lang='lat' dir='ltr'><strong>vere</strong></span> <span class='ocrx_word' id='word_1_684' title='bbox 2495 2822 2634 2878; x_wconf 86' lang='lat' dir='ltr'><strong>bona</strong></span> <span class='ocrx_word' id='word_1_685' title='bbox 2656 2863 2674 2890; x_wconf 95' lang='lat'><strong>,</strong></span> <span class='ocrx_word' id='word_1_686' title='bbox 2714 2833 2770 2880; x_wconf 89' lang='lat' dir='ltr'><strong>et</strong></span> <span class='ocrx_word' id='word_1_687' title='bbox 2810 2825 2879 2880; x_wconf 91' lang='lat' dir='ltr'><strong>ab</strong></span> <span class='ocrx_word' id='word_1_688' title='bbox 2918 2825 3022 2881; x_wconf 92' lang='lat' dir='ltr'><strong>illis</strong></span> <span class='ocrx_word' id='word_1_689' title='bbox 3046 2826 3296 2899; x_wconf 88' lang='lat' dir='ltr'><strong>accipere</strong></span> <span class='ocrx_word' id='word_1_690' title='bbox 3319 2826 3697 2882; x_wconf 83' lang='lat' dir='ltr'><strong>consolationem.</strong></span> 
     </span>
    </p>
   </div>
   <div class='ocr_carea' id='block_1_81' title="bbox 2178 2914 3699 2989">
    <p class='ocr_par' dir='ltr' id='par_1_81' title="bbox 2178 2914 3699 2989">
     <span class='ocr_line' id='line_1_81' title="bbox 2178 2914 3699 2989; baseline -0.001 -18"><span class='ocrx_word' id='word_1_691' title='bbox 2178 2914 2286 2971; x_wconf 88' lang='lat' dir='ltr'><strong>Sed</strong></span> <span class='ocrx_word' id='word_1_692' title='bbox 2313 2916 2564 2985; x_wconf 89' lang='lat' dir='ltr'><strong>quoniam</strong></span> <span class='ocrx_word' id='word_1_693' title='bbox 2588 2958 2603 2982; x_wconf 93' lang='lat'><strong>,</strong></span> <span class='ocrx_word' id='word_1_694' title='bbox 2644 2918 2783 2972; x_wconf 89' lang='lat' dir='ltr'><strong>sicut</strong></span> <span class='ocrx_word' id='word_1_695' title='bbox 2807 2919 2957 2987; x_wconf 86' lang='lat' dir='ltr'><strong>prius</strong></span> <span class='ocrx_word' id='word_1_696' title='bbox 2981 2919 3112 2985; x_wconf 81' lang='lat' dir='ltr'><strong>dixi,</strong></span> <span class='ocrx_word' id='word_1_697' title='bbox 3143 2921 3297 2975; x_wconf 83' lang='lat' dir='ltr'><strong>inulti</strong></span> <span class='ocrx_word' id='word_1_698' title='bbox 3338 2930 3459 2975; x_wconf 90' lang='lat' dir='ltr'><strong>sunt</strong></span> <span class='ocrx_word' id='word_1_699' title='bbox 3483 2920 3613 2989; x_wconf 78' lang='lat' dir='ltr'><strong>longe</strong></span> <span class='ocrx_word' id='word_1_700' title='bbox 3636 2932 3699 2970; x_wconf 84' lang='lat' dir='ltr'><strong>re-</strong></span> 
     </span>
    </p>
   </div>
   <div class='ocr_carea' id='block_1_82' title="bbox 2180 3008 3701 3082">
    <p class='ocr_par' dir='ltr' id='par_1_82' title="bbox 2180 3008 3701 3082">
     <span class='ocr_line' id='line_1_82' title="bbox 2180 3008 3701 3082; baseline -0.001 -20"><span class='ocrx_word' id='word_1_701' title='bbox 2180 3010 2309 3063; x_wconf 91' lang='lat' dir='ltr'><strong>moti</strong></span> <span class='ocrx_word' id='word_1_702' title='bbox 2340 3010 2409 3065; x_wconf 89' lang='lat' dir='ltr'><strong>ab</strong></span> <span class='ocrx_word' id='word_1_703' title='bbox 2443 3009 2753 3080; x_wconf 84' lang='lat' dir='ltr'><strong>hujusinodi</strong></span> <span class='ocrx_word' id='word_1_704' title='bbox 2789 3012 3056 3078; x_wconf 85' lang='lat' dir='ltr'><strong>doctrina,</strong></span> <span class='ocrx_word' id='word_1_705' title='bbox 3089 3023 3375 3082; x_wconf 85' lang='lat' dir='ltr'><strong>propterea</strong></span> <span class='ocrx_word' id='word_1_706' title='bbox 3418 3026 3611 3067; x_wconf 61' lang='lat' dir='ltr'><strong>necesse</strong></span> <span class='ocrx_word' id='word_1_707' title='bbox 3634 3008 3701 3061; x_wconf 85' lang='lat' dir='ltr'><strong>ha-</strong></span> 
     </span>
    </p>
   </div>
   <div class='ocr_carea' id='block_1_83' title="bbox 2180 3102 3701 3173">
    <p class='ocr_par' dir='ltr' id='par_1_83' title="bbox 2180 3102 3701 3173">
     <span class='ocr_line' id='line_1_83' title="bbox 2180 3102 3701 3173; baseline -0.001 -18"><span class='ocrx_word' id='word_1_708' title='bbox 2180 3102 2388 3157; x_wconf 88' lang='lat' dir='ltr'><strong>buimus</strong></span> <span class='ocrx_word' id='word_1_709' title='bbox 2412 3104 2465 3157; x_wconf 93' lang='lat' dir='ltr'><strong>in</strong></span> <span class='ocrx_word' id='word_1_710' title='bbox 2488 3103 2789 3173; x_wconf 68' lang='lat' dir='ltr'><strong>huiusmodi</strong></span> <span class='ocrx_word' id='word_1_711' title='bbox 2812 3104 3089 3159; x_wconf 89' lang='lat' dir='ltr'><strong>immorari</strong></span> <span class='ocrx_word' id='word_1_712' title='bbox 3111 3107 3469 3172; x_wconf 83' lang='lat' dir='ltr'><strong>sermonibus,</strong></span> <span class='ocrx_word' id='word_1_713' title='bbox 3490 3114 3543 3159; x_wconf 88' lang='lat' dir='ltr'><strong>ut</strong></span> <span class='ocrx_word' id='word_1_714' title='bbox 3559 3103 3701 3157; x_wconf 83' lang='lat' dir='ltr'><strong>ordine</strong></span> 
     </span>
    </p>
   </div>
   <div class='ocr_carea' id='block_1_84' title="bbox 2176 3196 3701 3270">
    <p class='ocr_par' dir='ltr' id='par_1_84' title="bbox 2176 3196 3701 3270">
     <span class='ocr_line' id='line_1_84' title="bbox 2176 3196 3701 3270; baseline 0 -21"><span class='ocrx_word' id='word_1_715' title='bbox 2176 3196 2243 3250; x_wconf 90' lang='lat' dir='ltr'><strong>ad</strong></span> <span class='ocrx_word' id='word_1_716' title='bbox 2285 3196 2385 3253; x_wconf 91' lang='lat' dir='ltr'><strong>hos</strong></span> <span class='ocrx_word' id='word_1_717' title='bbox 2424 3213 2636 3269; x_wconf 92' lang='lat' dir='ltr'><strong>quoque</strong></span> <span class='ocrx_word' id='word_1_718' title='bbox 2661 3197 2989 3254; x_wconf 84' lang='lat' dir='ltr'><strong>deducamus</strong></span> <span class='ocrx_word' id='word_1_719' title='bbox 3013 3214 3108 3255; x_wconf 90' lang='lat' dir='ltr'><strong>eos</strong></span> <span class='ocrx_word' id='word_1_720' title='bbox 3136 3200 3227 3270; x_wconf 89' lang='lat' dir='ltr'><strong>qui</strong></span> <span class='ocrx_word' id='word_1_721' title='bbox 3263 3202 3352 3255; x_wconf 87' lang='lat' dir='ltr'><strong>illa</strong></span> <span class='ocrx_word' id='word_1_722' title='bbox 3390 3206 3701 3270; x_wconf 84' lang='lat' dir='ltr'><strong>susceperunt.</strong></span> 
     </span>
    </p>
   </div>
   <div class='ocr_carea' id='block_1_85' title="bbox 2177 3286 3701 3364">
    <p class='ocr_par' dir='ltr' id='par_1_85' title="bbox 2177 3286 3701 3364">
     <span class='ocr_line' id='line_1_85' title="bbox 2177 3286 3701 3364; baseline 0.002 -22"><span class='ocrx_word' id='word_1_723' title='bbox 2177 3286 2304 3344; x_wconf 63' lang='lat' dir='ltr'><strong>litec</strong></span> <span class='ocrx_word' id='word_1_724' title='bbox 2332 3306 2462 3360; x_wconf 88' lang='lat' dir='ltr'><strong>ergo</strong></span> <span class='ocrx_word' id='word_1_725' title='bbox 2490 3291 2669 3345; x_wconf 89' lang='lat' dir='ltr'><strong>omnia</strong></span> <span class='ocrx_word' id='word_1_726' title='bbox 2697 3301 3032 3360; x_wconf 87' lang='lat' dir='ltr'><strong>reputantes,</strong></span> <span class='ocrx_word' id='word_1_727' title='bbox 3060 3292 3207 3348; x_wconf 88' lang='lat' dir='ltr'><strong>omni</strong></span> <span class='ocrx_word' id='word_1_728' title='bbox 3231 3308 3306 3349; x_wconf 78' lang='lat' dir='ltr'><strong>ex</strong></span> <span class='ocrx_word' id='word_1_729' title='bbox 3326 3302 3471 3364; x_wconf 90' lang='lat' dir='ltr'><strong>parte</strong></span> <span class='ocrx_word' id='word_1_730' title='bbox 3494 3307 3579 3347; x_wconf 86' lang='lat' dir='ltr'><strong>nos</strong></span> <span class='ocrx_word' id='word_1_731' title='bbox 3596 3292 3701 3359; x_wconf 80' lang='lat' dir='ltr'><strong>ipsos</strong></span> 
     </span>
    </p>
   </div>
   <div class='ocr_carea' id='block_1_86' title="bbox 2176 3383 3703 3453">
    <p class='ocr_par' dir='ltr' id='par_1_86' title="bbox 2176 3383 3703 3453">
     <span class='ocr_line' id='line_1_86' title="bbox 2176 3383 3703 3453; baseline 0.002 -19"><span class='ocrx_word' id='word_1_732' title='bbox 2176 3396 2566 3451; x_wconf 82' lang='lat' dir='ltr'><strong>componamus</strong></span> <span class='ocrx_word' id='word_1_733' title='bbox 2590 3423 2606 3448; x_wconf 95' lang='lat'><strong>,</strong></span> <span class='ocrx_word' id='word_1_734' title='bbox 2640 3393 2695 3437; x_wconf 92' lang='lat' dir='ltr'><strong>et</strong></span> <span class='ocrx_word' id='word_1_735' title='bbox 2740 3399 3029 3453; x_wconf 85' lang='lat' dir='ltr'><strong>numquam</strong></span> <span class='ocrx_word' id='word_1_736' title='bbox 3073 3383 3378 3442; x_wconf 85' lang='lat' dir='ltr'><strong>dolebimus</strong></span> <span class='ocrx_word' id='word_1_737' title='bbox 3406 3385 3475 3441; x_wconf 88' lang='lat' dir='ltr'><strong>ob</strong></span> <span class='ocrx_word' id='word_1_738' title='bbox 3502 3384 3703 3440; x_wconf 65' lang='lat' dir='ltr'><strong>hacine-</strong></span> 
     </span>
    </p>
   </div>
   <div class='ocr_carea' id='block_1_87' title="bbox 2179 3474 3698 3547">
    <p class='ocr_par' dir='ltr' id='par_1_87' title="bbox 2179 3474 3698 3547">
     <span class='ocr_line' id='line_1_87' title="bbox 2179 3474 3698 3547; baseline 0.002 -21"><span class='ocrx_word' id='word_1_739' title='bbox 2179 3474 2379 3542; x_wconf 88' lang='lat' dir='ltr'><strong>pinata.</strong></span> <span class='ocrx_word' id='word_1_740' title='bbox 2426 3474 2609 3544; x_wconf 84' lang='lat' dir='ltr'><strong>Neque</strong></span> <span class='ocrx_word' id='word_1_741' title='bbox 2639 3475 2781 3530; x_wconf 89' lang='lat' dir='ltr'><strong>enim</strong></span> <span class='ocrx_word' id='word_1_742' title='bbox 2814 3476 2858 3530; x_wconf 89' lang='lat' dir='ltr'><strong>si</strong></span> <span class='ocrx_word' id='word_1_743' title='bbox 2894 3476 2945 3531; x_wconf 92' lang='lat' dir='ltr'><strong>in</strong></span> <span class='ocrx_word' id='word_1_744' title='bbox 2979 3477 3206 3547; x_wconf 88' lang='lat' dir='ltr'><strong>imagine</strong></span> <span class='ocrx_word' id='word_1_745' title='bbox 3230 3480 3515 3533; x_wconf 75' lang='lat' dir='ltr'><strong>viderimus</strong></span> <span class='ocrx_word' id='word_1_746' title='bbox 3536 3478 3698 3540; x_wconf 71' lang='lat' dir='ltr'><strong>divites,</strong></span> 
     </span>
    </p>
   </div>
   <div class='ocr_carea' id='block_1_88' title="bbox 2175 3565 3703 3637">
    <p class='ocr_par' dir='ltr' id='par_1_88' title="bbox 2175 3565 3703 3637">
     <span class='ocr_line' id='line_1_88' title="bbox 2175 3565 3703 3637; baseline 0.003 -19"><span class='ocrx_word' id='word_1_747' title='bbox 2175 3579 2271 3619; x_wconf 89' lang='lat' dir='ltr'><strong>eos</strong></span> <span class='ocrx_word' id='word_1_748' title='bbox 2297 3580 2421 3620; x_wconf 89' lang='lat' dir='ltr'><strong>esse</strong></span> <span class='ocrx_word' id='word_1_749' title='bbox 2443 3565 2738 3621; x_wconf 82' lang='lat' dir='ltr'><strong>dixerimus</strong></span> <span class='ocrx_word' id='word_1_750' title='bbox 2769 3567 3006 3623; x_wconf 88' lang='lat' dir='ltr'><strong>beandos</strong></span> <span class='ocrx_word' id='word_1_751' title='bbox 3031 3578 3085 3623; x_wconf 92' lang='lat' dir='ltr'><strong>et</strong></span> <span class='ocrx_word' id='word_1_752' title='bbox 3113 3571 3443 3625; x_wconf 72' lang='lat' dir='ltr'><strong>mmulandos</strong></span> <span class='ocrx_word' id='word_1_753' title='bbox 3465 3589 3478 3635; x_wconf 95' lang='lat'><strong>;</strong></span> <span class='ocrx_word' id='word_1_754' title='bbox 3501 3579 3550 3624; x_wconf 92' lang='lat' dir='ltr'><strong>ut</strong></span> <span class='ocrx_word' id='word_1_755' title='bbox 3574 3582 3703 3637; x_wconf 86' lang='lat' dir='ltr'><strong>neque</strong></span> 
     </span>
    </p>
   </div>
   <div class='ocr_carea' id='block_1_89' title="bbox 2176 3658 3702 3731">
    <p class='ocr_par' dir='ltr' id='par_1_89' title="bbox 2176 3658 3702 3731">
     <span class='ocr_line' id='line_1_89' title="bbox 2176 3658 3702 3731; baseline 0.001 -20"><span class='ocrx_word' id='word_1_756' title='bbox 2176 3658 2452 3714; x_wconf 89' lang='lat' dir='ltr'><strong>mendicos</strong></span> <span class='ocrx_word' id='word_1_757' title='bbox 2486 3659 2594 3714; x_wconf 91' lang='lat' dir='ltr'><strong>illic</strong></span> <span class='ocrx_word' id='word_1_758' title='bbox 2621 3660 2863 3731; x_wconf 87' lang='lat' dir='ltr'><strong>depictos</strong></span> <span class='ocrx_word' id='word_1_759' title='bbox 2882 3700 2898 3724; x_wconf 93' lang='lat'><strong>,</strong></span> <span class='ocrx_word' id='word_1_760' title='bbox 2932 3662 3171 3717; x_wconf 81' lang='lat' dir='ltr'><strong>infelices</strong></span> <span class='ocrx_word' id='word_1_761' title='bbox 3194 3674 3250 3718; x_wconf 90' lang='lat' dir='ltr'><strong>et</strong></span> <span class='ocrx_word' id='word_1_762' title='bbox 3281 3664 3607 3719; x_wconf 82' lang='lat' dir='ltr'><strong>miserabiles.</strong></span> <span class='ocrx_word' id='word_1_763' title='bbox 3631 3664 3702 3715; x_wconf 80' lang='lat' dir='ltr'><strong>At-</strong></span> 
     </span>
    </p>
   </div>
   <div class='ocr_carea' id='block_1_90' title="bbox 2173 3749 3703 3827">
    <p class='ocr_par' dir='ltr' id='par_1_90' title="bbox 2173 3749 3703 3827">
     <span class='ocr_line' id='line_1_90' title="bbox 2173 3749 3703 3827; baseline 0 -23"><span class='ocrx_word' id='word_1_764' title='bbox 2173 3749 2263 3820; x_wconf 86' lang='lat' dir='ltr'><strong>qui</strong></span> <span class='ocrx_word' id='word_1_765' title='bbox 2291 3751 2364 3805; x_wconf 90' lang='lat' dir='ltr'><strong>illi</strong></span> <span class='ocrx_word' id='word_1_766' title='bbox 2394 3762 2519 3807; x_wconf 90' lang='lat' dir='ltr'><strong>suut</strong></span> <span class='ocrx_word' id='word_1_767' title='bbox 2546 3751 2813 3806; x_wconf 84' lang='lat' dir='ltr'><strong>firmiores</strong></span> <span class='ocrx_word' id='word_1_768' title='bbox 2835 3762 2889 3806; x_wconf 92' lang='lat' dir='ltr'><strong>et</strong></span> <span class='ocrx_word' id='word_1_769' title='bbox 2917 3752 3221 3807; x_wconf 88' lang='lat' dir='ltr'><strong>stabiliores</strong></span> <span class='ocrx_word' id='word_1_770' title='bbox 3252 3756 3321 3811; x_wconf 92' lang='lat' dir='ltr'><strong>iis</strong></span> <span class='ocrx_word' id='word_1_771' title='bbox 3353 3756 3441 3827; x_wconf 89' lang='lat' dir='ltr'><strong>qui</strong></span> <span class='ocrx_word' id='word_1_772' title='bbox 3467 3763 3579 3810; x_wconf 84' lang='lat' dir='ltr'><strong>sunt</strong></span> <span class='ocrx_word' id='word_1_773' title='bbox 3600 3750 3703 3820; x_wconf 78' lang='lat' dir='ltr'><strong>apud</strong></span> 
     </span>
    </p>
   </div>
   <div class='ocr_carea' id='block_1_91' title="bbox 2175 3842 3702 3915">
    <p class='ocr_par' dir='ltr' id='par_1_91' title="bbox 2175 3842 3702 3915">
     <span class='ocr_line' id='line_1_91' title="bbox 2175 3842 3702 3915; baseline 0.003 -18"><span class='ocrx_word' id='word_1_774' title='bbox 2175 3856 2276 3897; x_wconf 91' lang='lat' dir='ltr'><strong>nos</strong></span> <span class='ocrx_word' id='word_1_775' title='bbox 2302 3842 2538 3897; x_wconf 90' lang='lat' dir='ltr'><strong>divites:</strong></span> <span class='ocrx_word' id='word_1_776' title='bbox 2584 3845 2752 3914; x_wconf 84' lang='lat' dir='ltr'><strong>magis</strong></span> <span class='ocrx_word' id='word_1_777' title='bbox 2790 3845 2935 3899; x_wconf 88' lang='lat' dir='ltr'><strong>enim</strong></span> <span class='ocrx_word' id='word_1_778' title='bbox 2987 3846 3037 3897; x_wconf 93' lang='lat' dir='ltr'><strong>in</strong></span> <span class='ocrx_word' id='word_1_779' title='bbox 3082 3845 3292 3915; x_wconf 87' lang='lat' dir='ltr'><strong>pictura</strong></span> <span class='ocrx_word' id='word_1_780' title='bbox 3342 3855 3516 3901; x_wconf 89' lang='lat' dir='ltr'><strong>manet</strong></span> <span class='ocrx_word' id='word_1_781' title='bbox 3553 3846 3702 3901; x_wconf 83' lang='lat' dir='ltr'><strong>dives.</strong></span> 
     </span>
    </p>
   </div>
   <div class='ocr_carea' id='block_1_92' title="bbox 2171 3937 3705 4009">
    <p class='ocr_par' dir='ltr' id='par_1_92' title="bbox 2171 3937 3705 4009">
     <span class='ocr_line' id='line_1_92' title="bbox 2171 3937 3705 4009; baseline 0.001 -19"><span class='ocrx_word' id='word_1_782' title='bbox 2171 3951 2334 4005; x_wconf 91' lang='lat' dir='ltr'><strong>quam</strong></span> <span class='ocrx_word' id='word_1_783' title='bbox 2360 3937 2411 3989; x_wconf 92' lang='lat' dir='ltr'><strong>in</strong></span> <span class='ocrx_word' id='word_1_784' title='bbox 2437 3938 2549 4007; x_wconf 89' lang='lat' dir='ltr'><strong>ipsa</strong></span> <span class='ocrx_word' id='word_1_785' title='bbox 2590 3952 2772 3992; x_wconf 88' lang='lat' dir='ltr'><strong>rerum</strong></span> <span class='ocrx_word' id='word_1_786' title='bbox 2811 3946 3023 3993; x_wconf 89' lang='lat' dir='ltr'><strong>natura.</strong></span> <span class='ocrx_word' id='word_1_787' title='bbox 3069 3937 3201 3991; x_wconf 82' lang='lat' dir='ltr'><strong>Nam</strong></span> <span class='ocrx_word' id='word_1_788' title='bbox 3253 3940 3345 3993; x_wconf 84' lang='lat' dir='ltr'><strong>ille</strong></span> <span class='ocrx_word' id='word_1_789' title='bbox 3372 3939 3571 4009; x_wconf 88' lang='lat' dir='ltr'><strong>quidem</strong></span> <span class='ocrx_word' id='word_1_790' title='bbox 3596 3954 3705 4005; x_wconf 62' lang='lat' dir='ltr'><strong>sape</strong></span> 
     </span>
    </p>
   </div>
   <div class='ocr_carea' id='block_1_93' title="bbox 2172 4030 3705 4100">
    <p class='ocr_par' dir='ltr' id='par_1_93' title="bbox 2172 4030 3705 4100">
     <span class='ocr_line' id='line_1_93' title="bbox 2172 4030 3705 4100; baseline -0.002 -16"><span class='ocrx_word' id='word_1_791' title='bbox 2172 4030 2337 4085; x_wconf 89' lang='lat' dir='ltr'><strong>etiam</strong></span> <span class='ocrx_word' id='word_1_792' title='bbox 2365 4030 2432 4083; x_wconf 91' lang='lat' dir='ltr'><strong>ad</strong></span> <span class='ocrx_word' id='word_1_793' title='bbox 2460 4039 2675 4084; x_wconf 89' lang='lat' dir='ltr'><strong>centum</strong></span> <span class='ocrx_word' id='word_1_794' title='bbox 2704 4044 2879 4083; x_wconf 91' lang='lat' dir='ltr'><strong>annos</strong></span> <span class='ocrx_word' id='word_1_795' title='bbox 2919 4031 2999 4083; x_wconf 90' lang='lat' dir='ltr'><strong>sic</strong></span> <span class='ocrx_word' id='word_1_796' title='bbox 3026 4045 3297 4100; x_wconf 87' lang='lat' dir='ltr'><strong>apparens</strong></span> <span class='ocrx_word' id='word_1_797' title='bbox 3332 4032 3581 4087; x_wconf 81' lang='lat' dir='ltr'><strong>duraverit</strong></span> <span class='ocrx_word' id='word_1_798' title='bbox 3606 4048 3618 4084; x_wconf 89' lang='lat'>:</span> <span class='ocrx_word' id='word_1_799' title='bbox 3643 4032 3705 4081; x_wconf 87' lang='lat' dir='ltr'><strong>luc</strong></span> 
     </span>
    </p>
   </div>
   <div class='ocr_carea' id='block_1_94' title="bbox 2171 4121 3704 4191">
    <p class='ocr_par' dir='ltr' id='par_1_94' title="bbox 2171 4121 3704 4191">
     <span class='ocr_line' id='line_1_94' title="bbox 2171 4121 3704 4191; baseline 0 -17"><span class='ocrx_word' id='word_1_800' title='bbox 2171 4131 2349 4175; x_wconf 89' lang='lat' dir='ltr'><strong>autem</strong></span> <span class='ocrx_word' id='word_1_801' title='bbox 2380 4134 2503 4175; x_wconf 91' lang='lat' dir='ltr'><strong>cum</strong></span> <span class='ocrx_word' id='word_1_802' title='bbox 2532 4136 2599 4174; x_wconf 92' lang='lat' dir='ltr'><strong>ne</strong></span> <span class='ocrx_word' id='word_1_803' title='bbox 2625 4135 2824 4174; x_wconf 90' lang='lat' dir='ltr'><strong>annum</strong></span> <span class='ocrx_word' id='word_1_804' title='bbox 2853 4121 3068 4191; x_wconf 88' lang='lat' dir='ltr'><strong>quidem</strong></span> <span class='ocrx_word' id='word_1_805' title='bbox 3112 4139 3276 4177; x_wconf 88' lang='lat' dir='ltr'><strong>untun</strong></span> <span class='ocrx_word' id='word_1_806' title='bbox 3314 4126 3366 4179; x_wconf 91' lang='lat' dir='ltr'><strong>in</strong></span> <span class='ocrx_word' id='word_1_807' title='bbox 3392 4125 3497 4179; x_wconf 84' lang='lat' dir='ltr'><strong>suis</strong></span> <span class='ocrx_word' id='word_1_808' title='bbox 3525 4122 3704 4178; x_wconf 80' lang='lat' dir='ltr'><strong>faculta-</strong></span> 
     </span>
    </p>
   </div>
   <div class='ocr_carea' id='block_1_95' title="bbox 2172 4210 3705 4287">
    <p class='ocr_par' dir='ltr' id='par_1_95' title="bbox 2172 4210 3705 4287">
     <span class='ocr_line' id='line_1_95' title="bbox 2172 4210 3705 4287; baseline -0.003 -21"><span class='ocrx_word' id='word_1_809' title='bbox 2172 4211 2315 4266; x_wconf 91' lang='lat' dir='ltr'><strong>tibus</strong></span> <span class='ocrx_word' id='word_1_810' title='bbox 2341 4227 2400 4267; x_wconf 88' lang='lat' dir='ltr'><strong>se</strong></span> <span class='ocrx_word' id='word_1_811' title='bbox 2424 4210 2629 4266; x_wconf 89' lang='lat' dir='ltr'><strong>deliciis</strong></span> <span class='ocrx_word' id='word_1_812' title='bbox 2657 4213 2952 4281; x_wconf 64' lang='lat' dir='ltr'><strong>espleverit</strong></span> <span class='ocrx_word' id='word_1_813' title='bbox 2973 4254 2986 4274; x_wconf 95' lang='lat'><strong>,</strong></span> <span class='ocrx_word' id='word_1_814' title='bbox 3021 4226 3243 4283; x_wconf 87' lang='lat' dir='ltr'><strong>repente</strong></span> <span class='ocrx_word' id='word_1_815' title='bbox 3274 4218 3511 4287; x_wconf 86' lang='lat' dir='ltr'><strong>privatus</strong></span> <span class='ocrx_word' id='word_1_816' title='bbox 3531 4224 3705 4270; x_wconf 76' lang='lat' dir='ltr'><strong>estoiu-</strong></span> 
     </span>
    </p>
   </div>
   <div class='ocr_carea' id='block_1_96' title="bbox 2169 4304 3705 4378">
    <p class='ocr_par' dir='ltr' id='par_1_96' title="bbox 2169 4304 3705 4378">
     <span class='ocr_line' id='line_1_96' title="bbox 2169 4304 3705 4378; baseline 0.004 -20"><span class='ocrx_word' id='word_1_817' title='bbox 2169 4304 2347 4359; x_wconf 91' lang='lat' dir='ltr'><strong>nibus.</strong></span> <span class='ocrx_word' id='word_1_818' title='bbox 2391 4304 2517 4360; x_wconf 67' lang='lat' dir='ltr'><strong>llaec</strong></span> <span class='ocrx_word' id='word_1_819' title='bbox 2543 4320 2671 4376; x_wconf 80' lang='lat' dir='ltr'><strong>ergo</strong></span> <span class='ocrx_word' id='word_1_820' title='bbox 2696 4306 2875 4360; x_wconf 93' lang='lat' dir='ltr'><strong>omnia</strong></span> <span class='ocrx_word' id='word_1_821' title='bbox 2922 4318 3231 4376; x_wconf 84' lang='lat' dir='ltr'><strong>reputantes</strong></span> <span class='ocrx_word' id='word_1_822' title='bbox 3257 4351 3275 4377; x_wconf 93' lang='lat'><strong>,</strong></span> <span class='ocrx_word' id='word_1_823' title='bbox 3308 4311 3453 4365; x_wconf 90' lang='lat' dir='ltr'><strong>omni</strong></span> <span class='ocrx_word' id='word_1_824' title='bbox 3494 4326 3556 4364; x_wconf 80' lang='lat' dir='ltr'><strong>ex</strong></span> <span class='ocrx_word' id='word_1_825' title='bbox 3591 4314 3705 4378; x_wconf 68' lang='lat' dir='ltr'><strong>parte</strong></span> 
     </span>
    </p>
   </div>
   <div class='ocr_carea' id='block_1_97' title="bbox 2169 4397 3705 4470">
    <p class='ocr_par' dir='ltr' id='par_1_97' title="bbox 2169 4397 3705 4470">
     <span class='ocr_line' id='line_1_97' title="bbox 2169 4397 3705 4470; baseline 0.002 -20"><span class='ocrx_word' id='word_1_826' title='bbox 2169 4397 2475 4452; x_wconf 87' lang='lat' dir='ltr'><strong>muniamus</strong></span> <span class='ocrx_word' id='word_1_827' title='bbox 2501 4397 2665 4451; x_wconf 89' lang='lat' dir='ltr'><strong>animi</strong></span> <span class='ocrx_word' id='word_1_828' title='bbox 2689 4399 2924 4468; x_wconf 89' lang='lat' dir='ltr'><strong>quietem</strong></span> <span class='ocrx_word' id='word_1_829' title='bbox 2950 4408 3005 4453; x_wconf 90' lang='lat' dir='ltr'><strong>et</strong></span> <span class='ocrx_word' id='word_1_830' title='bbox 3032 4402 3472 4470; x_wconf 87' lang='lat' dir='ltr'><strong>tranquillitatem</strong></span> <span class='ocrx_word' id='word_1_831' title='bbox 3494 4402 3705 4455; x_wconf 69' lang='lat' dir='ltr'><strong>adversm</strong></span> 
     </span>
    </p>
   </div>
   <div class='ocr_carea' id='block_1_98' title="bbox 2169 4488 3702 4563">
    <p class='ocr_par' dir='ltr' id='par_1_98' title="bbox 2169 4488 3702 4563">
     <span class='ocr_line' id='line_1_98' title="bbox 2169 4488 3702 4563; baseline -0.003 -22"><span class='ocrx_word' id='word_1_832' title='bbox 2169 4488 2621 4543; x_wconf 86' lang='lat' dir='ltr'><strong>inconsideratam</strong></span> <span class='ocrx_word' id='word_1_833' title='bbox 2669 4489 2982 4555; x_wconf 87' lang='lat' dir='ltr'><strong>tristitiam,</strong></span> <span class='ocrx_word' id='word_1_834' title='bbox 3026 4500 3083 4545; x_wconf 90' lang='lat' dir='ltr'><strong>ut</strong></span> <span class='ocrx_word' id='word_1_835' title='bbox 3125 4500 3182 4546; x_wconf 91' lang='lat' dir='ltr'><strong>et</strong></span> <span class='ocrx_word' id='word_1_836' title='bbox 3221 4493 3388 4547; x_wconf 87' lang='lat' dir='ltr'><strong>vitam</strong></span> <span class='ocrx_word' id='word_1_837' title='bbox 3431 4499 3702 4563; x_wconf 70' lang='lat' dir='ltr'><strong>prmsenIem</strong></span> 
     </span>
    </p>
   </div>
   <div class='ocr_carea' id='block_1_99' title="bbox 2170 4581 3705 4651">
    <p class='ocr_par' dir='ltr' id='par_1_99' title="bbox 2170 4581 3705 4651">
     <span class='ocr_line' id='line_1_99' title="bbox 2170 4581 3705 4651; baseline 0.003 -18"><span class='ocrx_word' id='word_1_838' title='bbox 2170 4582 2523 4650; x_wconf 72' lang='lat' dir='ltr'><strong>transigaiuus</strong></span> <span class='ocrx_word' id='word_1_839' title='bbox 2544 4594 2665 4635; x_wconf 89' lang='lat' dir='ltr'><strong>cum</strong></span> <span class='ocrx_word' id='word_1_840' title='bbox 2692 4581 2982 4650; x_wconf 88' lang='lat' dir='ltr'><strong>voluptate,</strong></span> <span class='ocrx_word' id='word_1_841' title='bbox 3011 4591 3063 4636; x_wconf 89' lang='lat' dir='ltr'><strong>et</strong></span> <span class='ocrx_word' id='word_1_842' title='bbox 3086 4582 3223 4637; x_wconf 88' lang='lat' dir='ltr'><strong>bona</strong></span> <span class='ocrx_word' id='word_1_843' title='bbox 3254 4584 3433 4640; x_wconf 88' lang='lat' dir='ltr'><strong>futura</strong></span> <span class='ocrx_word' id='word_1_844' title='bbox 3459 4597 3705 4651; x_wconf 76' lang='lat' dir='ltr'><strong>consequa-</strong></span> 
     </span>
    </p>
   </div>
   <div class='ocr_carea' id='block_1_100' title="bbox 2165 4673 3703 4744">
    <p class='ocr_par' dir='ltr' id='par_1_100' title="bbox 2165 4673 3703 4744">
     <span class='ocr_line' id='line_1_100' title="bbox 2165 4673 3703 4744; baseline 0.005 -18"><span class='ocrx_word' id='word_1_845' title='bbox 2165 4688 2303 4734; x_wconf 84' lang='lat' dir='ltr'><strong>ntur,</strong></span> <span class='ocrx_word' id='word_1_846' title='bbox 2328 4673 2497 4742; x_wconf 85' lang='lat' dir='ltr'><strong>gratia</strong></span> <span class='ocrx_word' id='word_1_847' title='bbox 2521 4682 2574 4727; x_wconf 84' lang='lat' dir='ltr'><strong>et</strong></span> <span class='ocrx_word' id='word_1_848' title='bbox 2595 4673 2921 4744; x_wconf 85' lang='lat' dir='ltr'><strong>benignitate</strong></span> <span class='ocrx_word' id='word_1_849' title='bbox 2946 4675 3155 4729; x_wconf 88' lang='lat' dir='ltr'><strong>Domini</strong></span> <span class='ocrx_word' id='word_1_850' title='bbox 3184 4678 3358 4733; x_wconf 90' lang='lat' dir='ltr'><strong>nostri</strong></span> <span class='ocrx_word' id='word_1_851' title='bbox 3385 4679 3505 4734; x_wconf 83' lang='lat' dir='ltr'><strong>.lesu</strong></span> <span class='ocrx_word' id='word_1_852' title='bbox 3524 4674 3703 4733; x_wconf 77' lang='lat' dir='ltr'><strong>Chrisli.</strong></span> 
     </span>
    </p>
   </div>
   <div class='ocr_carea' id='block_1_101' title="bbox 2165 4766 3700 4841">
    <p class='ocr_par' dir='ltr' id='par_1_101' title="bbox 2165 4766 3700 4841">
     <span class='ocr_line' id='line_1_101' title="bbox 2165 4766 3700 4841; baseline -0.001 -21"><span class='ocrx_word' id='word_1_853' title='bbox 2165 4781 2286 4820; x_wconf 88' lang='lat' dir='ltr'><strong>cunt</strong></span> <span class='ocrx_word' id='word_1_854' title='bbox 2313 4782 2420 4836; x_wconf 87' lang='lat' dir='ltr'><strong>quo</strong></span> <span class='ocrx_word' id='word_1_855' title='bbox 2447 4766 2615 4834; x_wconf 81' lang='lat' dir='ltr'><strong>Patri,</strong></span> <span class='ocrx_word' id='word_1_856' title='bbox 2648 4767 2913 4839; x_wconf 87' lang='lat' dir='ltr'><strong>simulque</strong></span> <span class='ocrx_word' id='word_1_857' title='bbox 2938 4779 3127 4824; x_wconf 88' lang='lat' dir='ltr'><strong>sancto</strong></span> <span class='ocrx_word' id='word_1_858' title='bbox 3156 4768 3380 4838; x_wconf 85' lang='lat' dir='ltr'><strong>Spiritui</strong></span> <span class='ocrx_word' id='word_1_859' title='bbox 3409 4770 3567 4841; x_wconf 82' lang='lat' dir='ltr'><strong>gloria</strong></span> <span class='ocrx_word' id='word_1_860' title='bbox 3586 4810 3600 4834; x_wconf 91' lang='lat'><strong>,</strong></span> <span class='ocrx_word' id='word_1_861' title='bbox 3626 4768 3700 4819; x_wconf 30' lang='lat' dir='ltr'><strong>ints</strong></span> 
     </span>
    </p>
   </div>
   <div class='ocr_carea' id='block_1_102' title="bbox 2166 4859 3701 4932">
    <p class='ocr_par' dir='ltr' id='par_1_102' title="bbox 2166 4859 3701 4932">
     <span class='ocr_line' id='line_1_102' title="bbox 2166 4859 3701 4932; baseline 0.005 -20"><span class='ocrx_word' id='word_1_862' title='bbox 2166 4859 2393 4928; x_wconf 90' lang='lat' dir='ltr'><strong>perium,</strong></span> <span class='ocrx_word' id='word_1_863' title='bbox 2426 4859 2624 4926; x_wconf 87' lang='lat' dir='ltr'><strong>honor,</strong></span> <span class='ocrx_word' id='word_1_864' title='bbox 2658 4875 2802 4918; x_wconf 88' lang='lat' dir='ltr'><strong>nunc</strong></span> <span class='ocrx_word' id='word_1_865' title='bbox 2823 4870 2879 4917; x_wconf 88' lang='lat' dir='ltr'><strong>et</strong></span> <span class='ocrx_word' id='word_1_866' title='bbox 2902 4877 3117 4932; x_wconf 86' lang='lat' dir='ltr'><strong>semper</strong></span> <span class='ocrx_word' id='word_1_867' title='bbox 3140 4904 3154 4929; x_wconf 91' lang='lat'><strong>,</strong></span> <span class='ocrx_word' id='word_1_868' title='bbox 3183 4876 3237 4920; x_wconf 90' lang='lat' dir='ltr'><strong>et</strong></span> <span class='ocrx_word' id='word_1_869' title='bbox 3266 4866 3321 4920; x_wconf 91' lang='lat' dir='ltr'><strong>in</strong></span> <span class='ocrx_word' id='word_1_870' title='bbox 3352 4867 3542 4922; x_wconf 63' lang='lat' dir='ltr'><strong>saecula</strong></span> <span class='ocrx_word' id='word_1_871' title='bbox 3565 4876 3701 4919; x_wconf 69' lang='lat' dir='ltr'><strong>saxu-</strong></span> 
     </span>
    </p>
   </div>
   <div class='ocr_carea' id='block_1_103' title="bbox 2164 4953 2585 5008">
    <p class='ocr_par' dir='ltr' id='par_1_103' title="bbox 2164 4953 2585 5008">
     <span class='ocr_line' id='line_1_103' title="bbox 2164 4953 2585 5008; baseline 0.007 -3"><span class='ocrx_word' id='word_1_872' title='bbox 2164 4953 2357 5008; x_wconf 85' lang='lat' dir='ltr'><strong>lorum.</strong></span> <span class='ocrx_word' id='word_1_873' title='bbox 2393 4955 2585 5008; x_wconf 84' lang='lat' dir='ltr'><strong>Anien.</strong></span> 
     </span>
    </p>
   </div>
   <div class='ocr_carea' id='block_1_104' title="bbox 489 5149 3689 5180">
    <p class='ocr_par' dir='ltr' id='par_1_104' title="bbox 489 5149 3689 5180">
     <span class='ocr_line' id='line_1_104' title="bbox 489 5149 3689 5180; baseline 0.001 -18"><span class='ocrx_word' id='word_1_874' title='bbox 489 5149 3689 5180; x_wconf 53' lang='grc' dir='ltr'>Ἢ</span> 
     </span>
    </p>
   </div>
   <div class='ocr_carea' id='block_1_105' title="bbox 1704 5233 2402 5305">
    <p class='ocr_par' dir='ltr' id='par_1_105' title="bbox 1704 5233 2402 5305">
     <span class='ocr_line' id='line_1_105' title="bbox 1704 5233 2402 5305; baseline 0.011 -10"><span class='ocrx_word' id='word_1_875' title='bbox 1704 5233 2050 5301; x_wconf 82' lang='lat' dir='ltr'><strong>HOMILIA</strong></span> <span class='ocrx_word' id='word_1_876' title='bbox 2092 5240 2402 5305; x_wconf 82' lang='lat' dir='ltr'><strong>XXXIX.</strong></span> 
     </span>
    </p>
   </div>
   <div class='ocr_carea' id='block_1_106' title="bbox 460 5374 2044 5450">
    <p class='ocr_par' dir='ltr' id='par_1_106' title="bbox 460 5374 2044 5450">
     <span class='ocr_line' id='line_1_106' title="bbox 460 5374 2044 5450; baseline 0.001 -16"><span class='ocrx_word' id='word_1_877' title='bbox 460 5378 598 5434; x_wconf 67' lang='lat' dir='ltr'><strong>Car.</strong></span> <span class='ocrx_word' id='word_1_878' title='bbox 642 5376 729 5432; x_wconf 81' lang='lat' dir='ltr'><strong>l5.</strong></span> <span class='ocrx_word' id='word_1_879' title='bbox 770 5392 825 5430; x_wconf 73' lang='grc' dir='ltr'><strong>ν.</strong></span> <span class='ocrx_word' id='word_1_880' title='bbox 868 5377 955 5431; x_wconf 77' lang='lat' dir='ltr'><strong>ﬂ.</strong></span> <span class='ocrx_word' id='word_1_881' title='bbox 997 5374 1118 5432; x_wconf 77' lang='lat' dir='ltr'><strong>Sive</strong></span> <span class='ocrx_word' id='word_1_882' title='bbox 1146 5376 1279 5430; x_wconf 81' lang='lat' dir='ltr'><strong>enim</strong></span> <span class='ocrx_word' id='word_1_883' title='bbox 1299 5392 1435 5448; x_wconf 82' lang='lat' dir='ltr'><strong>ego,</strong></span> <span class='ocrx_word' id='word_1_884' title='bbox 1465 5377 1567 5433; x_wconf 72' lang='lat' dir='ltr'><strong>sive</strong></span> <span class='ocrx_word' id='word_1_885' title='bbox 1592 5377 1711 5442; x_wconf 79' lang='lat' dir='ltr'><strong>illi,</strong></span> <span class='ocrx_word' id='word_1_886' title='bbox 1747 5380 1817 5432; x_wconf 76' lang='lat' dir='ltr'><strong>sic</strong></span> <span class='ocrx_word' id='word_1_887' title='bbox 1850 5383 2044 5450; x_wconf 78' lang='lat' dir='ltr'><strong>prwdi-</strong></span> 
     </span>
    </p>
   </div>
   <div class='ocr_carea' id='block_1_107' title="bbox 541 5468 1271 5531">
    <p class='ocr_par' dir='ltr' id='par_1_107' title="bbox 541 5468 1271 5531">
     <span class='ocr_line' id='line_1_107' title="bbox 541 5468 1271 5531; baseline -0.001 -8"><span class='ocrx_word' id='word_1_888' title='bbox 541 5484 717 5524; x_wconf 76' lang='lat' dir='ltr'><strong>camns</strong></span> <span class='ocrx_word' id='word_1_889' title='bbox 744 5509 760 5531; x_wconf 94' lang='lat'><strong>,</strong></span> <span class='ocrx_word' id='word_1_890' title='bbox 787 5477 836 5523; x_wconf 76' lang='lat' dir='ltr'><strong>et</strong></span> <span class='ocrx_word' id='word_1_891' title='bbox 862 5470 936 5523; x_wconf 78' lang='lat' dir='ltr'><strong>sic</strong></span> <span class='ocrx_word' id='word_1_892' title='bbox 961 5468 1271 5523; x_wconf 69' lang='lat' dir='ltr'><strong>credidistis.</strong></span> 
     </span>
    </p>
   </div>
   <div class='ocr_carea' id='block_1_108' title="bbox 543 5558 2051 5633">
    <p class='ocr_par' dir='ltr' id='par_1_108' title="bbox 543 5558 2051 5633">
     <span class='ocr_line' id='line_1_108' title="bbox 543 5558 2051 5633; baseline 0.003 -17"><span class='ocrx_word' id='word_1_893' title='bbox 543 5562 599 5617; x_wconf 72' lang='grc'><strong>1.</strong></span> <span class='ocrx_word' id='word_1_894' title='bbox 642 5560 928 5633; x_wconf 82' lang='lat' dir='ltr'><strong>Postquam</strong></span> <span class='ocrx_word' id='word_1_895' title='bbox 977 5560 1253 5631; x_wconf 89' lang='lat' dir='ltr'><strong>apostolos</strong></span> <span class='ocrx_word' id='word_1_896' title='bbox 1296 5558 1497 5613; x_wconf 77' lang='lat' dir='ltr'><strong>extulit</strong></span> <span class='ocrx_word' id='word_1_897' title='bbox 1522 5570 1578 5616; x_wconf 92' lang='lat' dir='ltr'><strong>et</strong></span> <span class='ocrx_word' id='word_1_898' title='bbox 1604 5577 1663 5616; x_wconf 93' lang='lat' dir='ltr'><strong>se</strong></span> <span class='ocrx_word' id='word_1_899' title='bbox 1702 5562 1897 5631; x_wconf 89' lang='lat' dir='ltr'><strong>dejecit</strong></span> <span class='ocrx_word' id='word_1_900' title='bbox 1924 5607 1939 5630; x_wconf 95' lang='lat'><strong>,</strong></span> <span class='ocrx_word' id='word_1_901' title='bbox 1997 5577 2051 5621; x_wconf 92' lang='lat' dir='ltr'><strong>et</strong></span> 
     </span>
    </p>
   </div>
   <div class='ocr_carea' id='block_1_109' title="bbox 469 5650 2047 5729">
    <p class='ocr_par' dir='ltr' id='par_1_109' title="bbox 469 5650 2047 5729">
     <span class='ocr_line' id='line_1_109' title="bbox 469 5650 2047 5729; baseline 0.003 -20"><span class='ocrx_word' id='word_1_902' title='bbox 469 5652 663 5711; x_wconf 85' lang='lat' dir='ltr'><strong>deinde</strong></span> <span class='ocrx_word' id='word_1_903' title='bbox 680 5670 869 5711; x_wconf 88' lang='lat' dir='ltr'><strong>rursus</strong></span> <span class='ocrx_word' id='word_1_904' title='bbox 889 5670 1049 5725; x_wconf 88' lang='lat' dir='ltr'><strong>supra</strong></span> <span class='ocrx_word' id='word_1_905' title='bbox 1073 5654 1193 5708; x_wconf 89' lang='lat' dir='ltr'><strong>illos</strong></span> <span class='ocrx_word' id='word_1_906' title='bbox 1206 5668 1267 5708; x_wconf 88' lang='lat' dir='ltr'><strong>se</strong></span> <span class='ocrx_word' id='word_1_907' title='bbox 1285 5650 1492 5718; x_wconf 80' lang='lat' dir='ltr'><strong>extulit,</strong></span> <span class='ocrx_word' id='word_1_908' title='bbox 1520 5660 1582 5706; x_wconf 92' lang='lat' dir='ltr'><strong>ut</strong></span> <span class='ocrx_word' id='word_1_909' title='bbox 1601 5653 1840 5712; x_wconf 85' lang='lat' dir='ltr'><strong>efﬁceret</strong></span> <span class='ocrx_word' id='word_1_910' title='bbox 1865 5674 2047 5729; x_wconf 64' lang='lat' dir='ltr'><strong>aequa-</strong></span> 
     </span>
    </p>
   </div>
   <div class='ocr_carea' id='block_1_110' title="bbox 470 5744 2051 5818">
    <p class='ocr_par' dir='ltr' id='par_1_110' title="bbox 470 5744 2051 5818">
     <span class='ocr_line' id='line_1_110' title="bbox 470 5744 2051 5818; baseline 0.003 -10"><span class='ocrx_word' id='word_1_911' title='bbox 470 5752 667 5808; x_wconf 81' lang='lat' dir='ltr'><strong>u&#39;tatetn</strong></span> <span class='ocrx_word' id='word_1_912' title='bbox 691 5750 708 5817; x_wconf 90' lang='lat'><strong>(</strong></span> <span class='ocrx_word' id='word_1_913' title='bbox 734 5750 1091 5818; x_wconf 71' lang='lat' dir='ltr'><strong>mqualitatem</strong></span> <span class='ocrx_word' id='word_1_914' title='bbox 1120 5748 1262 5804; x_wconf 90' lang='lat' dir='ltr'><strong>enim</strong></span> <span class='ocrx_word' id='word_1_915' title='bbox 1283 5744 1479 5811; x_wconf 78' lang='lat' dir='ltr'><strong>effecit,</strong></span> <span class='ocrx_word' id='word_1_916' title='bbox 1509 5759 1569 5801; x_wconf 88' lang='lat' dir='ltr'><strong>se</strong></span> <span class='ocrx_word' id='word_1_917' title='bbox 1597 5756 1650 5803; x_wconf 90' lang='lat' dir='ltr'><strong>et</strong></span> <span class='ocrx_word' id='word_1_918' title='bbox 1671 5751 1905 5808; x_wconf 82' lang='lat' dir='ltr'><strong>melioris</strong></span> <span class='ocrx_word' id='word_1_919' title='bbox 1930 5770 2051 5811; x_wconf 88' lang='lat' dir='ltr'><strong>esse</strong></span> 
     </span>
    </p>
   </div>
   <div class='ocr_carea' id='block_1_111' title="bbox 2160 5386 3705 5467">
    <p class='ocr_par' dir='ltr' id='par_1_111' title="bbox 2160 5386 3705 5467">
     <span class='ocr_line' id='line_1_111' title="bbox 2160 5386 3705 5467; baseline 0.008 -27"><span class='ocrx_word' id='word_1_920' title='bbox 2160 5386 2483 5443; x_wconf 87' lang='lat' dir='ltr'><strong>conditionis</strong></span> <span class='ocrx_word' id='word_1_921' title='bbox 2513 5389 2804 5447; x_wconf 89' lang='lat' dir='ltr'><strong>ostendens</strong></span> <span class='ocrx_word' id='word_1_922' title='bbox 2841 5401 2897 5448; x_wconf 90' lang='lat' dir='ltr'><strong>et</strong></span> <span class='ocrx_word' id='word_1_923' title='bbox 2938 5392 3298 5467; x_wconf 86' lang='lat' dir='ltr'><strong>deterioris),</strong></span> <span class='ocrx_word' id='word_1_924' title='bbox 3332 5408 3390 5452; x_wconf 91' lang='lat' dir='ltr'><strong>et</strong></span> <span class='ocrx_word' id='word_1_925' title='bbox 3430 5414 3490 5454; x_wconf 89' lang='lat' dir='ltr'><strong>ea</strong></span> <span class='ocrx_word' id='word_1_926' title='bbox 3536 5398 3705 5452; x_wconf 77' lang='lat' dir='ltr'><strong>ratione</strong></span> 
     </span>
    </p>
   </div>
   <div class='ocr_carea' id='block_1_112' title="bbox 2161 5478 3705 5558">
    <p class='ocr_par' dir='ltr' id='par_1_112' title="bbox 2161 5478 3705 5558">
     <span class='ocr_line' id='line_1_112' title="bbox 2161 5478 3705 5558; baseline 0.005 -27"><span class='ocrx_word' id='word_1_927' title='bbox 2161 5492 2219 5532; x_wconf 89' lang='lat' dir='ltr'><strong>se</strong></span> <span class='ocrx_word' id='word_1_928' title='bbox 2250 5478 2478 5535; x_wconf 86' lang='lat' dir='ltr'><strong>reddens</strong></span> <span class='ocrx_word' id='word_1_929' title='bbox 2510 5480 2614 5536; x_wconf 89' lang='lat' dir='ltr'><strong>ﬁde</strong></span> <span class='ocrx_word' id='word_1_930' title='bbox 2643 5481 2899 5552; x_wconf 85' lang='lat' dir='ltr'><strong>dignum;</strong></span> <span class='ocrx_word' id='word_1_931' title='bbox 2932 5501 3001 5542; x_wconf 92' lang='lat' dir='ltr'><strong>ne</strong></span> <span class='ocrx_word' id='word_1_932' title='bbox 3026 5488 3105 5543; x_wconf 91' lang='lat' dir='ltr'><strong>sic</strong></span> <span class='ocrx_word' id='word_1_933' title='bbox 3133 5487 3349 5558; x_wconf 88' lang='lat' dir='ltr'><strong>quidem</strong></span> <span class='ocrx_word' id='word_1_934' title='bbox 3377 5505 3474 5546; x_wconf 88' lang='lat' dir='ltr'><strong>eos</strong></span> <span class='ocrx_word' id='word_1_935' title='bbox 3500 5484 3705 5550; x_wconf 87' lang='lat' dir='ltr'><strong>dimittit,</strong></span> 
     </span>
    </p>
   </div>
   <div class='ocr_carea' id='block_1_113' title="bbox 2164 5569 3706 5651">
    <p class='ocr_par' dir='ltr' id='par_1_113' title="bbox 2164 5569 3706 5651">
     <span class='ocr_line' id='line_1_113' title="bbox 2164 5569 3706 5651; baseline 0.008 -28"><span class='ocrx_word' id='word_1_936' title='bbox 2164 5569 2258 5623; x_wconf 80' lang='lat' dir='ltr'><strong>sed</strong></span> <span class='ocrx_word' id='word_1_937' title='bbox 2290 5587 2474 5626; x_wconf 85' lang='lat' dir='ltr'><strong>rursus</strong></span> <span class='ocrx_word' id='word_1_938' title='bbox 2499 5587 2559 5628; x_wconf 89' lang='lat' dir='ltr'><strong>se</strong></span> <span class='ocrx_word' id='word_1_939' title='bbox 2580 5588 2700 5628; x_wconf 91' lang='lat' dir='ltr'><strong>cum</strong></span> <span class='ocrx_word' id='word_1_940' title='bbox 2730 5575 2836 5631; x_wconf 91' lang='lat' dir='ltr'><strong>illis</strong></span> <span class='ocrx_word' id='word_1_941' title='bbox 2860 5578 3153 5651; x_wconf 83' lang='lat' dir='ltr'><strong>conjungit,</strong></span> <span class='ocrx_word' id='word_1_942' title='bbox 3183 5580 3430 5638; x_wconf 81' lang='lat' dir='ltr'><strong>indicans</strong></span> <span class='ocrx_word' id='word_1_943' title='bbox 3456 5596 3589 5647; x_wconf 86' lang='lat' dir='ltr'><strong>cam,</strong></span> <span class='ocrx_word' id='word_1_944' title='bbox 3610 5592 3706 5648; x_wconf 68' lang='lat' dir='ltr'><strong>qua:</strong></span> 
     </span>
    </p>
   </div>
   <div class='ocr_carea' id='block_1_114' title="bbox 2163 5663 3710 5737">
    <p class='ocr_par' dir='ltr' id='par_1_114' title="bbox 2163 5663 3710 5737">
     <span class='ocr_line' id='line_1_114' title="bbox 2163 5663 3710 5737; baseline 0.008 -22"><span class='ocrx_word' id='word_1_945' title='bbox 2163 5673 2246 5716; x_wconf 89' lang='lat' dir='ltr'><strong>est</strong></span> <span class='ocrx_word' id='word_1_946' title='bbox 2265 5663 2557 5720; x_wconf 87' lang='lat' dir='ltr'><strong>secundum</strong></span> <span class='ocrx_word' id='word_1_947' title='bbox 2584 5664 2876 5737; x_wconf 89' lang='lat' dir='ltr'><strong>Christum,</strong></span> <span class='ocrx_word' id='word_1_948' title='bbox 2902 5673 3259 5728; x_wconf 87' lang='lat' dir='ltr'><strong>concordiam.</strong></span> <span class='ocrx_word' id='word_1_949' title='bbox 3282 5673 3407 5730; x_wconf 83' lang='lat' dir='ltr'><strong>Non</strong></span> <span class='ocrx_word' id='word_1_950' title='bbox 3435 5684 3601 5730; x_wconf 89' lang='lat' dir='ltr'><strong>tamen</strong></span> <span class='ocrx_word' id='word_1_951' title='bbox 3624 5670 3710 5727; x_wconf 78' lang='lat' dir='ltr'><strong>hoc</strong></span> 
     </span>
    </p>
   </div>
   <div class='ocr_carea' id='block_1_115' title="bbox 2163 5756 3708 5834">
    <p class='ocr_par' dir='ltr' id='par_1_115' title="bbox 2163 5756 3708 5834">
     <span class='ocr_line' id='line_1_115' title="bbox 2163 5756 3708 5834; baseline 0.005 -25"><span class='ocrx_word' id='word_1_952' title='bbox 2163 5756 2237 5809; x_wconf 87' lang='lat' dir='ltr'><strong>sic</strong></span> <span class='ocrx_word' id='word_1_953' title='bbox 2272 5756 2396 5812; x_wconf 87' lang='lat' dir='ltr'><strong>facit</strong></span> <span class='ocrx_word' id='word_1_954' title='bbox 2427 5768 2481 5812; x_wconf 93' lang='lat' dir='ltr'><strong>ut</strong></span> <span class='ocrx_word' id='word_1_955' title='bbox 2514 5758 2756 5814; x_wconf 85' lang='lat' dir='ltr'><strong>videatur</strong></span> <span class='ocrx_word' id='word_1_956' title='bbox 2801 5763 2879 5816; x_wconf 89' lang='lat' dir='ltr'><strong>eis</strong></span> <span class='ocrx_word' id='word_1_957' title='bbox 2910 5779 3027 5818; x_wconf 86' lang='lat' dir='ltr'><strong>esse</strong></span> <span class='ocrx_word' id='word_1_958' title='bbox 3060 5764 3296 5834; x_wconf 79' lang='lat' dir='ltr'><strong>abjectus</strong></span> <span class='ocrx_word' id='word_1_959' title='bbox 3321 5807 3337 5832; x_wconf 95' lang='lat'><strong>,</strong></span> <span class='ocrx_word' id='word_1_960' title='bbox 3392 5767 3485 5821; x_wconf 80' lang='lat' dir='ltr'><strong>sed</strong></span> <span class='ocrx_word' id='word_1_961' title='bbox 3531 5777 3581 5820; x_wconf 91' lang='lat' dir='ltr'><strong>ut</strong></span> <span class='ocrx_word' id='word_1_962' title='bbox 3621 5766 3708 5833; x_wconf 69' lang='lat' dir='ltr'><strong>ipse</strong></span> 
     </span>
    </p>
   </div>
  </div>
