3802 6214
185 272 261 328 551
1084 277 1149 332 ΙΝ
1190 276 1408 333 EPIST.
1452 279 1469 333 I
1524 276 1653 332 AD!

1762 277 1802 330 ι.
1847 274 2083 333 ηοΜιι.
2122 276 2366 332 XXXIX.

180 390 330 442 213m
353 388 396 442 δὲ
419 389 688 459 ἀρχόμενος
719 390 983 442 κάτωθεν·
1014 393 1042 444 ό
1069 392 1361 464 κοπρὼνης
1387 391 1543 461 ἀλγεῖ
1559 392 1656 446 καὶ

174 472 384 535 όδυνᾶται,
412 472 475 524 ὄτι
510 474 582 543 μή
630 473 973 542 ἀπήλλακται
1022 473 1117 527 τοῦ
1167 474 1516 547 ταλαιπώρου
1560 476 1656 529 καὶ

172 556 454 609 ἐπονειδίστου
483 551 612 609 εἶναι
652 556 939 619 δοκοῦντος
981 558 1411 629 ἐπιτηδεύματος
1440 558 1651 612 τούτου·

166 643 261 693 ἀλλ’
298 642 348 694 ἂν
368 640 641 710 ἀπαλλάξῃς
674 641 836 692 αὐτὸν
866 642 1076 707 τούτου,
1112 645 1207 696 καὶ
1251 644 1483 713 ποιήσῃς
1517 643 1655 712 μετά

165 724 311 785 ἀδείας
333 723 419 775 τῶν
456 723 754 791 ἀναγκαίων
793 724 1067 795 εὐπορεῖν,
1116 728 1342 797 ἀλγήσει
1385 726 1544 781 πάλιν
1574 728 1655 781 ὅτι

164 808 225 875 μή
254 807 389 858 πλείω
414 807 496 876 τῆς
520 808 705 876 χρείας
733 806 1017 876 κέκτηται·
1050 808 1153 861 κᾶν
1180 810 1351 861 πλείω
1388 810 1651 881 παρέχῃς,

160 888 421 956 βουλήσεται
463 890 593 942 αύτά
645 889 962 944 διπλασίονα
1011 887 1151 944 εἶναι
1194 892 1377 952 πάλιν,
1424 892 1523 944 καὶ
1569 892 1655 947 διὰ

156 972 289 1024 τοῦτο
308 972 648 1043 ὀδυνηθήσεται
679 973 778 1042 οὐχ
806 968 989 1053 ἦττον,
1024 974 1056 1044 ἢ
1092 974 1381 1045 πρότερον·
1414 976 1520 1028 xiv
1576 974 1655 1027 δι-

154 1059 387 1123 πλασίονα,
417 1061 505 1113 κᾶν
552 1060 910 1131 τριπλασίονα
948 1060 1055 1131 δῷς
1078 1104 1092 1120 ,
1133 1062 1411 1133 ἀθυμήσει
1457 1062 1652 1123 πάλιν,

153 1144 223 1195 ὅτι
250 1143 312 1212 μὴ
332 1142 655 1196 πολιτεύεται·
686 1143 788 1197 κᾶν
814 1144 971 1197 τοῦτο
998 1145 1245 1216 παρέχῃς
1268 1144 1436 1216 αύτῷ,
1469 1146 1654 1201 ἄθλιον

152 1237 312 1291 ἑαυτὸν
344 1236 598 1306 ἡγήσεται,
637 1236 718 1289 ὅτι
756 1235 830 1307 μὴ
856 1236 964 1288 τῶν
994 1236 1059 1289 τά
1086 1236 1278 1307 πρῶτα
1307 1239 1655 1307 πολιτευομέ-

144 1345 238 1381 νων
286 1326 381 1380 ὲστί
401 1342 415 1358 ·
442 1328 527 1382 καὶ⁹
560 1328 766 1399 ταύτης
812 1330 870 1383 δὲ
902 1330 1300 1400 ἐπιλαϐόμενος
1329 1329 1430 1399 τῆς
1462 1330 1653 1400 τιμῆς,

142 1420 471 1491 θρηνήσει,ὄτι
492 1420 563 1491 μὴ
594 1421 769 1492 ἄρχει·
803 1425 930 1476 ὅταν
960 1424 1015 1475 δὲ
1049 1422 1215 1494 ἄρξῃ,
1251 1424 1332 1475 ὅτι
1363 1423 1437 1493 μὴ
1467 1421 1654 1484 ἔθνους

136 1512 409 1583 ὁλοκλήρου·
440 1511 559 1566 ὅταν
594 1512 654 1565 δὲ
688 1516 781 1566 καὶ
838 1513 1024 1577 ἔθνους
1073 1514 1393 1585 ὁλοκλήρου,
1440 1514 1521 1566 ὅτι
1579 1514 1652 1585 μή

134 1602 285 1657 ἐθνῶν
312 1603 509 1657 πολλῶν·
554 1605 682 1659 ὅταν
714 1604 771 1657 δὲ
810 1604 980 1657 ἐθνῶν
1022 1605 1255 1666 πολλῶν,
1294 1607 1377 1659 ὅτι
1413 1604 1488 1676 μὴ
1520 1605 1654 1659 πάν-

129 1713 246 1752 των.
286 1697 428 1750 Ὅταν
467 1696 706 1769 ὕπαρχος
752 1698 997 1768 γένηται,
1038 1698 1410 1769 λυπηθήσεται
1459 1697 1654 1760 πάλιν,

124 1789 201 1842 ὅτι
231 1787 405 1861 μήκαὶ
431 1788 692 1860 βασιλεύς·
743 1790 845 1843 κᾶν
901 1790 1154 1857 βασιλεὺς
1176 1830 1189 1847 .
1226 1791 1307 1843 ὃτι
1349 1791 1424 1862 μὴ
1471 1790 1650 1860 μόνος·

121 1884 220 1935 κᾶν
251 1884 421 1953 μόνος,
449 1884 525 1936 δτι
565 1884 639 1953 μή
694 1884 789 1936 καὶ
821 1882 1150 1954 βαρϐάρων,
1207 1884 1288 1936 ὅτι
1327 1884 1402 1954 μὴ
1434 1884 1529 1938 καὶ
1556 1883 1655 1954 τῆς

116 1975 414 2045 οἰκουμένης
432 1976 661 2045 ἀπάσης·
683 1975 812 2029 ὅταν
835 1975 1046 2045 καὶτῆς
1061 1974 1387 2046 οἰκουμένης
1410 1975 1653 2046 ἀπάσης,

115 2066 199 2122 δια
224 2066 271 2119 τί
296 2066 363 2138 μή
386 2067 469 2119 καὶ
490 2066 677 2137 ἐτέρου
705 2066 945 2138 κόσμους
978 2068 1091 2121 Καὶ
1110 2066 1285 2132 οὕτως
1316 2070 1401 2120 ἐπ’
1426 2068 1655 2139 ἄπειρον

115 2158 135 2209 5
192 2158 429 2229 λογισμὸς
479 2157 683 2229 προῖὼν
708 2199 725 2222 ,
768 2160 871 2212 οὐκ
924 2158 1151 2229 ἀφίησιν
1202 2159 1366 2213 αὑτὸν
1418 2158 1654 2229 ἡσθῆναί

115 2268 251 2304 ποτε.

164 2422 226 2487 ζ’.
248 2418 393 2486 Εἶδες
424 2423 537 2486 πῶς
560 2422 661 2476 κᾶν
682 2422 740 2487 ἐξ
778 2420 1029 2483 εὐτελοῦς
1051 2423 1145 2475 καλ⁵
1177 2422 1395 2492 πτωχοῦ
1429 2422 1655 2492 βασιλέα

115 2516 339 2585 ιοιήσῃς,
374 2512 469 2565 οὐκ
512 2513 756 2582 ἀναιρεῖς
806 2512 904 2583 τὴν
958 2511 1222 2581 ἀθυμίαν,
1254 2511 1514 2582 λογισμὸν
1562 2513 1653 2566 τὸν

115 2602 391 2667 πλεονεξίας
414 2601 621 2673 ἐρῶντα
646 2602 721 2673 μὴ
748 2602 1179 2673 διορθωσάμενος
1205 2601 1467 2673 πρότερον
1484 2623 1497 2667 ;
1516 2603 1651 2674 Φέρε

118 2714 167 2748 οι
202 2697 293 2748 καὶ
311 2693 612 2746 τούναντίον
628 2692 808 2757 δείξω,
841 2694 923 2745 ὅτι
957 2694 1060 2745 κᾶν
1093 2693 1302 2746 ἄνωθεν
1338 2694 1489 2746 κάτω
1521 2711 1652 2745 κατ-

117 2787 294 2856 γάγῃς
338 2784 427 2836 τὸν
461 2782 674 2835 σύνεσιν
736 2782 949 2851 ἔχοντα,
982 2783 1081 2834 ούκ
1112 2782 1371 2850 ἐμϐαλεῖς
1408 2786 1489 2846 εἰς
1521 2784 1652 2836 ἀθυ-

122 2879 211 2932 ίαν
239 2876 335 2930 καί⁸
378 2875 572 2947 λύπην.
605 2874 734 2934 Καὶ,
769 2878 817 2926 εί
854 2874 1054 2943 βούλει,
1083 2874 1180 2945 τὴν
1207 2875 1377 2944 αὐτὴν
1406 2875 1652 2944 κλίμακα

115 2969 515 3039 αταϐαίνωμεν,
548 2968 638 3020 καὶ
675 2968 768 3019 τὸν
794 2966 1038 3036 ὕπαρχον
1072 2966 1180 3019 ἀπὸ
1204 2965 1299 3019 τοῦ
1334 2966 1525 3038 θρόνου
1554 2983 1655 3020 κα-

115 3062 372 3125 ιϐιϐάσας
413 3058 493 3130 τῷ
539 3059 683 3131 λόγῳ
731 3059 1021 3129 ἀποστέρει
1070 3059 1169 3129 τῆς
1219 3058 1376 3125 ἀξίας
1413 3058 1651 3127 ἐκείνης.

116 3156 233 3208 δδὲν
273 3153 385 3225 γὰρ
415 3148 572 3216 οὗτος
620 3151 888 3213 ἐντεῦθεν,
922 3151 988 3203 ἂν
1022 3150 1179 3223 ἐθέλῃ
1223 3150 1395 3204 ταῦτα
1430 3151 1652 3217 ἐννοεῖν,

117 3264 207 3319 τερ
238 3242 415 3310 εἷπον,
460 3245 709 3315 ἀλγήσει.
743 3244 880 3296 Οὐδὲ
926 3243 1035 3314 γὰρ
1067 3241 1212 3313 ἅπερ
1239 3242 1538 3314 ἀφῄρηται,
1569 3242 1656 3295 λο-

118 3345 285 3406 εῖται,
313 3339 433 3393 ἀλλ’
467 3338 612 3407 ἅπερ
642 3336 755 3408 ἕχει
784 3337 943 3400 τέως,
969 3335 1069 3406 τὴν
1102 3334 1261 3401 δόξαν
1294 3335 1391 3407 τὴν
1420 3335 1529 3389 ἀπὸ
1556 3336 1653 3407 τῆς

118 3434 259 3503 ιχῆς.
296 3434 398 3485 “Av
449 3431 508 3483 δὲ
565 3430 657 3483 καί
704 3432 906 3499 ταύτην
955 3428 1179 3499 ἀφέλῃς,
1232 3427 1494 3495 λογιεῖται
1527 3430 1654 3492 τοὺς

120 3528 301 3593 ὡτας,
346 3524 448 3579 καλ⁸
500 3525 755 3578 οὐδέποτε
806 3520 1062 3591 τοιαύτης
1114 3520 1410 3581 ἐπιϐάντας
1455 3520 1651 3591 ἀρχῆς,

117 3621 138 3671 ἱ
177 3618 419 3689 ἀρκέσει
456 3618 540 3681 εἰς
573 3614 931 3687 παραμυθίαν
960 3614 989 3665 ὁ
1024 3612 1252 3675 πλοῦτος
1293 3613 1459 3682 αὐτῷ·
1503 3614 1569 3664 ἂν
1597 3613 1653 3665 δὲ

117 3714 135 3762 ί
170 3711 373 3764 τούτου
409 3709 580 3763 πάλιν
612 3708 881 3779 ἐκϐάλῃς,
931 3706 1196 3774 σκοπήσει
1239 3705 1364 3765 τοὺς
1399 3707 1465 3755 τά
1501 3704 1563 3756 σύ
1583 3722 1647 3773 μ-

117 3820 227 3873 τρα
256 3802 520 3873 ἔχοντας·
553 3801 620 3854 ἂν
664 3800 722 3853 δέ
750 3801 844 3854 καὶ
886 3798 955 3852 τά
990 3799 1281 3870 σύμμετρα
1312 3799 1521 3872 ἀφέλῃς
1559 3801 1656 3853 καὶ

117 3890 509 3958 ςὰναγκαίας
566 3890 734 3960 μόνης
788 3887 1029 3959 μεταδῷς
1078 3889 1315 3959 τροφῆς,
1367 3888 1655 3960 δυνήσεται

122 3987 246 4035 οεῖν
260 3983 405 4044 τοὺς
432 3982 562 4034 οὐδὲ
588 3980 792 4050 ταύτης
813 3979 964 4051 [561]
988 3980 1335 4050 μετέχοντας,
1353 3980 1488 4033 ἀλλά
1511 3980 1655 4051 λιμῷ

117 4075 390 4136 λαίοντας
424 4073 689 4144 διηνεκεῖ,
730 4076 823 4126 καὶ
846 4072 1219 4143 δεσμωτήριον
1243 4070 1548 4135 οἰκοῦντας.
1591 4074 1654 4126 Εἰ

117 4166 209 4219 ιαὶ
242 4166 335 4229 εἰς
358 4164 427 4218 τὸ
451 4164 664 4234 οἴκημα
685 4162 1001 4230 είσαγάγοις
1024 4161 1219 4221 ἐκεῖνο,
1242 4161 1366 4223 τοὺς
1393 4162 1451 4215 ἐν
1477 4161 1653 4224 νόσοις

117 4259 285 4318 κτοις
336 4255 552 4319 ὄντας,
603 4256 729 4317 τοὺς
773 4256 829 4306 ἐν
887 4251 1100 4314 ὀδύναις
1150 4251 1471 4321 ἀνηκέστοις
1508 4251 1633 4305 ἐνθυ

127 4366 343 4421 μενος,
395 4348 603 4418 ἅψεται
646 4348 837 4402 ἐαυτὸν
882 4347 941 4399 ἐν
971 4345 1153 4416 πολλῷ
1203 4344 1467 4416 βελτίοσιν
1503 4346 1654 4402 ὄντα.

161 4442 394 4514 ὥσπερ
450 4444 485 4496 ὁ
521 4440 808 4512 κοπρώνης
835 4440 1040 4503 ἐκεῖνος
1066 4438 1186 4491 ούδὲ
1233 4438 1485 4509 βασιλεὺς
1513 4439 1661 4509 γενό-

3226 229 3337 323 ατε

1759 407 1917 461 μενος
1940 391 2203 462 εὐθυμίαν
2223 390 2599 462 καρπώσεται,
2615 390 2790 453 οὕτως
2816 380 2971 451 οὗτος
2990 387 3109 442 οὐδὲ
3131 386 3336 453 δεσμώ-

1753 498 1852 551 της
1887 482 2163 545 καταστάς
2194 482 2425 552 ἀλγήσει
2455 481 2608 537 ποτέ.
2645 480 2760 534 Οὐκ
2795 480 2906 551 ἀρα
2944 478 3175 542 πλοῦτος
3208 477 3335 549 ήδο-

1755 574 1873 643 νῆς,
1904 573 2027 627 οὔτε
2063 575 2223 628 πενία
2266 575 2507 645 ἀθυμίας
2549 573 2827 637 ὑπόθεσις,
2863 571 2979 625 ἀλλ’
3011 572 3044 641 ἡ
3089 568 3339 639 ἡμετέρα

1754 664 1980 735 γνώμη.
2023 666 2209 720 καὶτὸ
2263 667 2331 720 τά
2376 666 2601 737 ὄμματα
2638 665 2741 735 τῆς
2785 663 3025 727 διανοίας
3056 662 3215 732 ήμῶν
3259 659 3336 730 μὴ

1754 751 1892 809 εἶναι
1947 758 2187 827 καθαρὰ,
2239 758 2376 827 μηδέ
2421 758 2642 811 ἑστάναι
2688 773 2792 809 που
2826 754 2922 809 καὶ
2962 751 3177 825 μένειν,
3217 748 3349 803 ἀλλ’

1754 846 2037 915 ἀπέραντα
2080 846 2370 903 πέτασθαι.
2414 849 2524 901 Καὶ
2563 845 2817 919 καθάπερ
2857 844 2928 898 τά
2976 842 3076 913 μὲν
3119 838 3337 908 ὑγιεινά

1752 936 1864 990 τῶν
1911 940 2199 1007 σωμάτων,
2232 938 2334 991 κᾶν
2379 941 2531 1009 ἄρτῳ
2578 937 2850 1008 τρέφηται
2888 934 3055 1005 μόνῳ,
3107 929 3349 1015 εὐπαθεῖῖ

1755 1028 1849 1081 καὶ
1872 1032 2098 1101 σφριγᾷ·
2114 1038 2184 1084 τα
2210 1030 2267 1082 δέ
2291 1031 2539 1094 ἐπίνοσα,
2563 1029 2667 1083 κᾶν
2696 1026 2951 1097 δαψιλοῦς
2970 1025 3065 1080 καὶ
3084 1022 3337 1091 ποικίλης

1753 1120 2006 1193 ἀπολαύῃ
2047 1121 2365 1193 τραπέζης,
2414 1124 2659 1193 τοσούτῳ
2709 1119 2912 1193 μᾶλλον
2964 1116 3345 1187 ἀσθενέστερα

1753 1214 1984 1281 γίνεται·
2017 1214 2161 1269 οὕτω
2186 1216 2283 1269 καὶ
2310 1216 2405 1270 ἐπὶ
2432 1217 2534 1286 τῆς
2562 1214 2744 1286 ψυχῆς
2772 1212 3096 1285 συμϐαίνειν
3118 1208 3331 1263 εἴωθεν·

1751 1307 1802 1358 οἱ
1852 1306 1950 1375 μὲν
2002 1306 2329 1377 μικρόψυχοι
2377 1306 2499 1361 οὐδὲ
2562 1308 2622 1361 ἐν
2668 1307 2957 1377 διαδήματι
3006 1304 3104 1358 καὶ
3153 1302 3337 1372 τιμαῖς

1751 1398 2226 1464 ἀφάτοιςδύναιντ’
2258 1400 2324 1453 ἂν
2353 1400 2633 1471 εὐθυμεῖν·
2666 1402 2714 1455 οί
2741 1400 2799 1453 δέ
2846 1399 3127 1469 φιλόσοφοι
3155 1396 3250 1450 καὶ
3276 1395 3336 1447 ἐν

1752 1489 1972 1560 δεσμοῖς
2011 1494 2104 1546 καὶ
2150 1494 2211 1547 ἐν
2251 1494 2441 1548 ἁλύσει
2481 1494 2577 1548 καλ⁸
2616 1495 2674 1550 ἐν
2714 1494 2883 1564 πενίᾳ.
2919 1492 3168 1561 καθαρᾶς
3199 1491 3337 1543 ἀποη

1752 1580 2009 1637 λαύουσιν
2053 1584 2268 1655 ἡδονῆς.
2322 1586 2488 1640 Ταῦτ’
2530 1583 2623 1640 οῦν
2660 1584 2991 1647 ἐννοοῦντες,
3039 1583 3177 1652 πρὸς
3206 1580 3336 1642 τοὺς

1756 1674 2215 1747 καταδεεστέρους
2259 1678 2349 1731 ἀεὶ⁵
2398 1678 2717 1749 βλέπωμεν.¹
2754 1679 2912 1730 Ἔστι
2956 1676 3055 1747 μὲν
3096 1675 3207 1745 γὰρ
3240 1674 3338 1728 καὶ

1754 1767 1917 1837 ἑτέρα
1957 1768 2302 1838 παραμυθία,
2344 1769 2484 1823 ἀλλά
2524 1770 2814 1839 φιλόσοφος
2846 1767 3081 1822 καὶτῶν
3124 1764 3337 1820 πολλῶν

1754 1856 2157 1928 ὑπερϐαίνουσα
2183 1860 2283 1930 τὴν
2312 1859 2629 1930 παχύτηται
2654 1860 2791 1913 Ποία
2819 1846 2960 1927 αῦτη
2984 1876 2998 1921 ;
3030 1859 3150 1909 Ὅτι
3182 1854 3337 1908 ούδέν

1754 1950 2006 2018 πλοῦτος,
2030 1952 2184 2006 οὐδὲν
2211 1953 2391 2017 πενία,
2421 1954 2576 2008 οὐδὲν
2606 1954 2823 2024 ἀτιμία,
2854 1953 3007 2006 οὐδὲν
3041 1952 3199 2021 τιμὴ,
3219 1949 3336 2004 ἀλλ’

1752 2044 1813 2096 ἐν
1848 2044 2244 2115 χρόνῳςβραχεῖ
2268 2046 2362 2098 καλ⁸
2391 2046 2602 2116 ῥήμασι
2629 2045 2947 2115 διεστήκασι
2978 2044 3140 2115 μόνον
3167 2043 3337 2114 ἀλλή-

1752 2136 1879 2190 λων.
1904 2137 2058 2191 Μετά
2085 2138 2141 2191 δὲ
2170 2138 2375 2209 ταύτης
2397 2140 2492 2192 καὶ
2513 2139 2676 2210 ἑτέρα
2700 2138 2907 2209 ταύτης
2940 2135 3164 2208 μείζων,
3185 2136 3248 2189 τὸ
3265 2136 3339 2191 τά

1756 2227 2019 2298 μέλλοντα
2047 2230 2252 2283 ἐννοεῖν
2272 2232 2365 2283 καὶ
2388 2230 2533 2285 κακά
2551 2232 2647 2285 καὶ
2672 2229 2876 2299 ἀγαθὰ,
2907 2229 2977 2282 τὰ
2999 2228 3170 2292 ὅντως
3189 2227 3341 2284 κακά

1752 2321 1850 2374 καὶ
1887 2321 2057 2386 ὅντως
2088 2321 2305 2393 ἀγαθά,
2337 2323 2436 2376 καλ⁸
2473 2323 2568 2377 ἀπ’
2598 2322 2827 2377 ἐκείνων
2872 2319 3334 2392 παρακαλεῖσθαι.

1767 2413 1906 2467 Ἀλλ’
1940 2413 2129 2486 ἐπειδὴ
2163 2414 2349 2467 πολλοὶ
2383 2413 2611 2481 τούτων,
2641 2415 2778 2486 ὅπερ
2820 2414 2978 2485 ἔφην,
3009 2413 3202 2485 πόρρω
3225 2413 3336 2468 τῶν

1751 2506 1927 2575 λόγων
1980 2508 2271 2578 ἑστήκασι,
2316 2506 2408 2561 διά
2432 2506 2590 2562 τοῦτο
2629 2506 2860 2571 ἐκείνοις
2905 2505 3336 2577 ἠναγκάσθημεν

1749 2601 2024 2672 διατρῖψαι
2054 2605 2168 2666 τοῖς
2206 2602 2405 2671 λόγοις,
2438 2602 2528 2657 ἵνα
2557 2600 2663 2672 ὁδῷ
2695 2602 2791 2654 καὶ
2820 2602 2913 2655 ἐπὶ
2945 2601 3169 2664 τούτους
3196 2601 3335 2669 ἀγάο

1751 2710 1936 2763 γωμεν
1963 2696 2090 2757 τοὺς
2108 2694 2579 2764 καταδεξαμένους
2601 2695 2804 2747 ἐκεῖνα.
2818 2691 2985 2746 Ταῦτ’
3004 2689 3098 2747 οὖν
3118 2694 3336 2746 ἅπαντα

1750 2784 2118 2855 λογισάμενοι,
2141 2785 2405 2839 πάντοθεν
2423 2787 2652 2846 ἑαυτοὺς
2675 2785 3052 2855 ρυθμίσωμεν,
3074 2787 3167 2839 καὶ
3186 2785 3339 2839 οὐδέ-

1752 2895 1883 2931 ποτε
1911 2879 2005 2931 ἐπὶ
2026 2879 2135 2932 τῶν
2161 2879 2441 2950 ἀδοκήτων
2462 2878 2671 2931 τούτων
2693 2879 3023 2950 ἀλγήσομεν.
3046 2879 3181 2931 Οὐδὲ
3200 2878 3345 2947 γὰρ,

1752 2972 1803 3023 εί
1842 2972 1901 3023 ἐν
1932 2971 2101 3025 εἰκόνι
2134 2971 2423 3033 πλουσίους
2454 2971 2682 3040 ἴδοιμεν,
2711 2969 2986 3042 ζηλωτοὺς
3006 2965 3145 3023 εἶναι
3172 2970 3344 3041 φαίηι·

1757 3077 1855 3131 μεν
1877 3061 1963 3121 ἂν.
1981 3061 2169 3131 ὥσπερ
2185 3062 2309 3116 οὐδὲ
2328 3063 2456 3125 τοὺς
2480 3066 2732 3134 πτωχοὺς
2753 3064 2871 3115 ἐκεῖ
2890 3062 3349 3131 γεγραμμένους..

1751 3152 1972 3217 ἀθλίους
2005 3154 2101 3206 καὶ
2150 3153 2438 3217 ἐλεεινούς·
2475 3154 2652 3208 καίτοι
2682 3169 2747 3221 γε
2799 3154 2998 3205 ἐκεῖνοι
3046 3150 3156 3205 τῶν
3199 3151 3333 3222 παρ’

1751 3247 1887 3315 ήμῖν
1930 3245 2304 3299 πλουτούντων
2355 3247 2742 3316 μονιμώτεροι·
2778 3242 2981 3315 μᾶλλον
3024 3244 3135 3316 γὰρ
3177 3244 3238 3297 ἐν
3263 3246 3345 3315 τῇ.

1752 3338 1940 3408 γραφῇ
1976 3336 2125 3407 μένει
2146 3334 2424 3399 πλούσιος,
2460 3337 2492 3406 ἢ
2521 3339 2579 3387 ἐν
2604 3336 2742 3405 αὐτῇ
2762 3334 2873 3388 τῶν
2897 3335 3331 3405 πραγμάτωντῇ

1755 3430 2011 3500 φύσει.⁹0
2044 3429 2146 3500 μὲν
2182 3429 2291 3501 γὰρ
2316 3430 2411 3483 καὶ
2432 3430 2510 3491 είς
2539 3428 2634 3498 ἐτη
2658 3428 2919 3492 πολλάκις
2943 3427 3135 3481 ἐκατὸν
3165 3428 3333 3499 ήρκε-

1756 3542 1849 3578 σεν
1875 3524 2019 3577 οὕτω
2054 3523 2401 3593 φαινόμενος,
2451 3517 2605 3586 οὗτος
2643 3523 2701 3577 δὲ
2748 3522 2898 3577 ἔστιν
2944 3523 3033 3575 ὅτε
3083 3522 3206 3575 οὐδὲ
3254 3525 3334 3585 εἱς

1753 3617 2000 3671 ἐνιαυτὸν
2068 3617 2410 3687 ἐντρυφήσας
2485 3618 2599 3678 τοῖς
2649 3611 2765 3669 οὖσι
2789 3655 2804 3677 ,
2869 3616 3086 3670 πάντων
3136 3614 3347 3685 ἀθρόον.

1754 3707 2067 3779 ἐγυμνώθη.
2103 3708 2270 3761 Ταῦτ’
2298 3704 2391 3762 οὖν
2424 3708 2638 3761 ἅπαντα
2667 3707 3027 3778 λογιζόμενοι,
3058 3708 3332 3777 πανταχό-

1755 3803 1848 3855 θεν
1882 3800 2303 3871 ἐπιτειχίσωμεν
2332 3799 2595 3869 εὐθυμίαν
2624 3801 2765 3853 κατὰ
2792 3805 2891 3870 τῆς
2920 3800 3205 3869 ἀλογίστου
3234 3796 3333 3855 λύε-

1755 3909 1885 3963 πης,
1903 3891 1991 3943 ἵνα
2012 3891 2107 3943 καὶ
2129 3890 2222 3943 τὸν
2250 3888 2496 3961 παρόντα
2527 3890 2642 3960 βίον
2675 3889 2793 3960 μεθ’
2813 3890 3008 3961 ἡδονῆς
3032 3890 3337 3961 διάξωμεν,

1754 3985 1851 4036 καὶ
1875 3983 1985 4035 τῶν
2019 3982 2318 4053 μελλόντων
2348 3980 2696 4053 ἐπιτύχωμεν
2733 3981 2977 4049 ἀγαθῶν,
3012 3982 3195 4052 χάριτι
3234 3983 3332 4035 καὶ

1756 4072 2133 4145 φιλανθρωπία
2157 4070 2251 4125 τοῦ
2283 4073 2489 4142 Κυρίου
2515 4074 2672 4143 ήμῶν
2712 4071 2886 4142 Ἰησοῦ
2919 4073 3179 4144 Χριστοῦ,
3208 4072 3345 4143 μεθ’⁷’

1754 4157 1817 4218 οὗ
1843 4162 1925 4234 τῷ
1955 4164 2131 4234 Πατρὶ
2161 4164 2279 4233 ἅμα
2322 4162 2401 4233 τῷ
2431 4162 2573 4233 ἀγίῳ
2610 4161 2886 4233 Πνεύματι
2913 4162 3060 4229 δόξα,
3100 4163 3327 4235 κράτος,

1753 4253 1909 4326 τιμὴ,
1943 4253 2046 4307 νῦν
2074 4254 2168 4307 καὶ
2196 4254 2305 4309 ἀεὶ.
2337 4253 2433 4307 καὶ
2457 4253 2538 4317 είς
2565 4254 2691 4317 τοὺς
2715 4253 2919 4316 αἰῶνας
2946 4252 3065 4307 τῶν
3090 4254 3321 4313 αἰώνων.

1769 4346 1965 4417 Ἀμήν.

1426 4980 1848 5055 [amomum
1886 4982 2009 5037 A8“.

174 5163 327 5222 οὖν
390 5166 557 5235 ἐγὼ,
602 5164 723 5235 εἶτε
756 5161 993 5235 ἐκεῖνοι,
1038 5161 1197 5235 οὕτω
1246 5160 1654 5228 κηρύσσομεν,

482 5234 593 5289 καὶ
619 5233 808 5299 οὕτως
828 5232 1253 5285 ἐπιστεύσατε.

165 5349 494 5421 Ἐπάρας
531 5349 659 5411 τοὺς
685 5344 1013 5407 ἀποστόλους
1039 5344 1131 5397 καλ⁵
1157 5343 1401 5397 καθελὼν
1439 5342 1656 5403 ἐαυτὸν,

135 5444 361 5498 πάλιν
398 5442 569 5512 ὑπὲρ
599 5438 841 5499 ἐκείνους
871 5435 1104 5507 ἐπάρας,
1130 5436 1218 5489 ἵνα
1249 5437 1473 5504 ἰσότητα
1494 5434 1655 5507 ἐργάο

119 5555 137 5587 ι
186 5535 349 5605 (καὶ
398 5533 541 5603 γὰρ
584 5530 808 5601 ἰσότητα
844 5527 1093 5598 ἐποίησε,
1128 5526 1308 5595 δείξας
1344 5526 1537 5580 ἐαυτὸν
1564 5526 1658 5579 καί

119 5626 508 5681 ιεκτοῦντοι
542 5623 636 5678 καί⁵
662 5617 1309 5691 πλεονεκτούμενον),“καὶ
1327 5616 1499 5687 ταύτῃ
1522 5616 1660 5681 ἀξιό-

119 5738 179 5772 δν
253 5718 521 5774 ἑαυτὸν
578 5711 1019 5780 κατασκευάσας,
1070 5710 1205 5767 οὐδὲ,
1234 5708 1408 5774 οὕτως
1460 5708 1661 5771 αὐτοὺς

1763 5158 2014 5227 ἀφίησιν,
2058 5155 2193 5209 ἀλλά
2220 5155 2379 5207 πάλιν
2407 5154 2599 5207 ἑαυτὸν
2627 5153 2861 5216 ἐκείνοις
2894 5152 3195 5216 συντάττει,
3235 5153 3334 5222 τὴν

1763 5251 1902 5301 κατά
1931 5247 2163 5319 Χριστὸν
2194 5245 2601 5316 ἐνδεικνύμενος
2622 5246 2894 5315 ὁμόνοιαν.
2931 5245 3006 5297 Οὐ
3035 5243 3140 5314 μήν
3162 5242 3331 5303 οὕτως

1764 5339 1894 5394 αὐτὸ
1924 5342 2086 5399 ποιεῖ,
2119 5338 2196 5401 ὡς
2224 5336 2374 5403 δόξαι
2420 5336 2817 5408 προσεῤῥῖφθαι
2859 5337 3061 5399 αὐτοῖς,
3095 5333 3212 5388 ἀλλ’
3256 5335 3331 5393 ὡς

1763 5433 1857 5485 καὶ
1883 5431 2045 5486 αὑτὸν
2075 5433 2133 5483 ἐν
2161 5432 2227 5501 τῇ
2254 5431 2393 5501 αὐτῇ
2421 5427 2704 5499 φαίνεσθαι
2737 5427 2909 5493 τάξει·
2950 5426 3094 5479 οὓτω
3124 5424 3236 5495 γὰρ
3254 5423 3334 5493 τῷ

1765 5523 2080 5595 κηρύγματι
2115 5522 2395 5593 συμφέρον
2425 5518 2513 5593 ἦν.
2549 5522 2641 5575 Διὸ
2677 5521 2773 5575 καὶ
2804 5520 3090 5590 ἀμφότερα
3130 5515 3331 5587 ὁμοίως

1766 5613 2088 5677 ἐσπούδακε,
2118 5614 2211 5666 καὶ
2235 5613 2296 5665 τὺ
2331 5612 2406 5684 μὴ
2432 5613 2608 5666 δοκεῖν
2626 5610 2805 5665 αὐτῶν
2825 5609 3121 5679 ύπερορᾷν,
3151 5605 3247 5659 καὶ
3271 5604 3332 5655 τὸ

1769 5705 1845 5777 μὴ
1881 5704 1965 5759 διὰ
2002 5704 2097 5775 τὴν
2129 5706 2207 5769 είς
2236 5703 2476 5768 ἐκείνους
2516 5703 2683 5774 τιμὴν
2710 5697 3138 5768 ἐξευτελίζεσθαι
3181 5694 3333 5765 παρά
