3802 6214
431 287 539 345 333

425 402 537 458 τῶν
560 399 898 472 ἀρχομένων.
937 397 1039 452 Διά
1079 396 1240 451 τοῦτο
1271 399 1365 453 καὶ
1413 399 1509 452 νῦν
1557 396 1799 465 ἐξισάζει
1840 398 2000 452 πάλιν

425 494 623 563 λέγων·
652 491 790 546 Ειτε
811 490 924 544 οὖν
946 487 1082 559 ἐγὼ,
1105 490 1227 544 εἴτε
1254 490 1494 558 ἐκεῖνοι,
1522 491 1675 544 οὕτω
1696 492 2002 559 κηρύσσο-

421 561 558 656 μεκ.
590 585 726 654 Παρ’
760 574 843 649 06,
880 582 1037 652 φησὶ,
1070 581 1324 651 βούλεσθε
1355 583 1567 653 μαθεῖν,
1603 582 1826 655 μάθετε·
1849 561 2034 637 οὐδέν⁴

423 677 756 747 διαφέρομεν
788 687 836 728 ⁸.
868 674 982 728 Καὶ
1011 675 1114 728 ούκ
1145 669 1322 740 εἶπεν,
1357 676 1438 729 ὅτι
1463 676 1527 729 El
1555 676 1628 747 μὴ
1665 676 1844 729 θέλετε
1879 674 2002 744 ἐμοὶ¹

425 767 736 838 πεισθῆναι,
769 765 999 828 ἐκείνοις
1031 763 1316 834 πείσθητε,
1350 765 1490 819 ἀλλὰ
1517 766 1614 820 καὶ
1643 766 1833 820 ἐαυτὸν
1863 764 2003 828 ἀξιό-

425 873 617 912 πιστον
668 859 829 920 ποιεῖ,
882 857 978 908 καὶ
1031 854 1156 909 καθ’
1207 855 1398 908 ἐαυτὸν
1445 857 1637 926 ἀρκεῖν
1685 872 1856 927 φησι,
1906 854 2001 908 καὶ

425 947 668 1011 ἐκείνους
697 946 822 1000 καθ’
850 945 1096 1009 ἐαυτούς.
1134 946 1301 998 Οὑδέν
1327 946 1438 1018 γὰρ
1475 948 1508 1018 ή
1552 945 1662 999 τῶν
1692 944 1999 1018 προσώπων

426 1041 600 1095 ἐποίει
632 1038 887 1110 διαφορὰ,
927 1037 1035 1092 τῶν
1059 1037 1386 1108 ἀξιωμάτων
1418 1037 1548 1092 ῖσων
1580 1037 1768 1091 ὄντων.
1803 1037 1913 1090 Καὶ
1939 1037 2000 1090 ἐν

420 1134 490 1204 τῇ
519 1133 653 1204 πρὸς
682 1132 925 1194 Γαλάτας
951 1131 1009 1184 δὲ
1045 1130 1205 1184 τοῦτο
1235 1132 1398 1195 ποιεῖ,
1439 1128 1876 1200 προσλαμϐάνων
1903 1128 1999 1181 αὑ-

420 1226 571 1290 τοὺς,
613 1223 712 1296 οὑχ
747 1223 823 1288 ὡς
855 1223 1128 1293 δεόμενος,
1175 1221 1288 1276 ἀλλ’
1321 1222 1514 1292 ἀρκεῖν
1557 1220 1656 1291 μὲν
1697 1219 1870 1288 λέγων
1903 1219 1999 1273 καὶ

422 1316 614 1371 ἐαυτόν
639 1331 654 1346 ·
696 1315 858 1384 Ἐμοὶ
911 1315 1023 1384 γὰρ
1043 1353 1058 1377 ,
1092 1315 1280 1382 φησὶν,
1332 1314 1385 1366 (τι
1434 1311 1761 1375 δοκοῦντες
1816 1309 1999 1364 οὐδὲν

421 1407 886 1479 προσανέθεντο·
926 1406 1067 1477 πλὴν
1103 1404 1240 1458 ἀλλά
1281 1405 1376 1457 καὶ
1413 1402 1558 1457 οὕτω
1601 1403 1782 1456 διώκω
1813 1400 1996 1456 αὐτῶν

419 1501 522 1575 τὴν
552 1500 826 1571 ὁμόνοιαν·
861 1497 1072 1564 Δεξιὰς
1115 1496 1226 1568 γὰρ
1279 1495 1514 1550 ἔδωκάν
1553 1513 1676 1566 μοι,
1712 1494 1897 1567 φησίν.
1933 1495 1996 1555 Et

421 1593 532 1665 7&9
563 1590 788 1662 εμελλεν
836 1589 922 1642 ἀεὶ
972 1587 1033 1642 :0
1062 1587 1374 1654 ἀξιόπιστον
1425 1585 1640 1640 Παύλου
1687 1587 1746 1639 ἐν
1789 1583 1997 1658 ἑτέροις

420 1681 560 1738 εῖναι
611 1682 704 1737 καὶ
753 1684 818 1753 τῇ
870 1682 1000 1752 παρ’
1027 1679 1231 1750 ἐτέρων
1284 1679 1558 1750 μαρτυρίᾳ
1610 1677 1993 1749 βεϐαιοῦσθαι,

423 1773 592 1846 μυρία
627 1772 694 1826 ἀν
722 1769 1030 1842 ἐϐλάϐησαν
1061 1767 1312 1823 ἐντεῦθεν
1338 1770 1388 1822 οἱ
1423 1769 1681 1839 μαθηταί.
1715 1769 1787 1822 Ού
1817 1770 1994 1823 τοίνυν

419 1863 611 1916 ἐαυτὸν
639 1861 882 1932 ἐπαίρων
914 1859 1072 1912 τοῦτο
1103 1861 1279 1924 ποιεῖ,
1306 1858 1420 1911 ἀλλ’
1450 1858 1592 1930 ὑπὲρ
1621 1858 1716 1912 τοῦ
1746 1859 1994 1928 Εὑαγγε-

417 1954 534 2009 λίου
555 1951 832 2014 δεδοικώς.
858 1950 952 2004 Διδ
979 1951 1075 2003 καὶ
1103 1949 1339 2002 ἐνταῦθά
1367 1966 1551 2019 φησιν,
1579 1949 1844 2015 ἐξισάξων
1868 1953 1995 2004 έαυ·

415 2046 532 2102 τόν·
563 2045 702 2100 Εῖτσ
752 2038 867 2098 οὖν
913 2041 1049 2112 ἐγὼ,
1081 2041 1203 2095 εἴτε
1231 2041 1470 2107 ἐκεῖνοι,
1513 2042 1668 2096 οὕτω
1696 2043 1996 2110 κηρύσσο-

413 2153 551 2207 μεν.
581 2135 780 2198 Καλῶς
817 2130 936 2187 εἷπε
956 2173 971 2197 ,
1017 2133 1438 2203 Κηρύσσομεν,
1481 2133 1580 2205 τὴν
1614 2133 1815 2206 πολλὴν
1848 2136 1994 2206 παῤ-

421 2227 619 2302 ρησίαν
651 2224 1080 2296 ἐνδεικνύμενος.
1114 2225 1189 2278 Ού
1221 2225 1331 2296 γάρ
1359 2223 1532 2296 λάθρα
1565 2225 1688 2279 ούδέ
1723 2227 1783 2279 ἐν
1817 2235 1996 2296 παρα-

418 2317 623 2388 ϐύστῳ,
651 2316 790 2372 ἀλλά
808 2315 1105 2384 σάλπιγγος
1125 2315 1512 2387 λαμπροτέραν
1533 2315 1766 2388 ἀφίεμεν
1787 2318 1991 2387 φωνήν.

419 2411 533 2466 Καὶ
556 2409 658 2463 οὐκ
696 2403 871 2474 εἶπεν,
912 2405 1313 2478 Ἐκηρύξαμεν,
1367 2406 1504 2461 ἀλλά
1551 2408 1647 2462 καὶ
1691 2407 1786 2462 νῦν
1834 2407 1996 2460 Οὕτω

418 2503 807 2573 κηρύττομεν.
858 2499 970 2558 Kal
1026 2499 1217 2564 οὕτως
1260 2498 1677 2554 ἐπιστεύσατε.
1735 2500 1998 2555 Ἐνταῦθα

417 2593 522 2648 οὐκ
556 2588 700 2657 εἷπε,
729 2589 1046 2653 Πιστεύετε,
1078 2588 1218 2656 ἀλλ’,
1267 2589 1725 2644 Ἔπιστεύσατε.
1774 2589 1996 2660 Ἐπειδὴ

419 2679 756 2747 ἐσαλεύοντο,
785 2678 872 2732 διὰ
902 2677 1062 2731 τοῦτο
1087 2678 1182 2730 ἐπὶ
1211 2677 1339 2738 τοὺς
1367 2679 1480 2733 ἀνω
1515 2679 1744 2750 χρόνους
1768 2680 1998 2752 ἀνέδραο

421 2789 514 2845 με,
536 2772 631 2826 καὶ
663 2772 763 2841 τὴν
804 2771 935 2840 παρ’
977 2768 1158 2823 αὑτῶν
1185 2768 1410 2822 ἐκείνων
1455 2770 1644 2824 λοιπὸν
1691 2772 1997 2843 μαρτυρίαν

419 2862 798 2936 προστίθησιν.
846 2863 914 2915 El
955 2859 1024 2914 δὲ
1054 2858 1308 2928 Χριστὸς
1353 2861 1756 2928 κηρύσσεται,
1803 2862 1894 2916 ὅτι
1926 2863 1997 2917 ἐκ

414 2953 647 3024 νεκρῶν
673 2953 1005 3024 ἐγήγερται,
1033 2951 1161 3017 πῶς
1192 2953 1487 3022 λέγουσιν
1531 2955 1602 3007 ἐν
1640 2954 1786 3024 ὑμῖν
1813 2973 1995 3022 τινες,

416 3041 507 3097 ὅτι
524 3040 862 3107 ἀνάστασις
880 3039 1108 3108 νεκρῶν
1127 3041 1238 3093 οὐκ
1260 3040 1466 3106 ἐστιν;
1490 3042 1652 3114 Ὁρᾷς
1668 3045 1786 3108 πῶς
1800 3045 1999 3117 ἄριστα

418 3132 813 3202 συλλογίζεται,
849 3132 944 3185 καὶ
976 3131 1326 3188 ἀποδείκνυσι
1357 3132 1458 3202 τὴν
1487 3133 1786 3188 ἀνάστασιν
1815 3137 1880 3189 ἐκ
1901 3135 1997 3189 τοῦ

413 3227 508 3281 τὸν
536 3225 771 3298 Χριστὸν
801 3222 1126 3295 ἐγηγέρθαι,
1153 3223 1420 3293 πρότερον
1450 3225 1628 3278 ἐκεῖνο
1660 3226 1993 3298 πολλαχόθεν

419 3317 876 3380 κατασκευάσας;
922 3315 1030 3368 Καὶ
1063 3315 1174 3386 γάρ
1201 3318 1252 3369 οἱ
1293 3315 1571 3386 προφῆται
1612 3313 1766 3371 εἷπον
1815 3318 1996 3386 τοῦτο,

421 3409 578 3480 φησι,
607 3408 702 3462 καὶ
729 3406 890 3470 αὑτὸς
921 3405 1089 3470 ἔδειξε
1117 3407 1206 3460 διὰ
1243 3408 1342 3477 τῆς
1371 3407 1566 3477 ὂψεως,
1597 3409 1692 3464 καὶ
1719 3411 1884 3481 ἡμεῖς
1907 3429 2003 3483 κη-

424 3498 715 3572 ρύσσομεν,
766 3498 860 3551 καὶ
901 3498 1059 3568 ὑμεῖς
1099 3498 1459 3552 ἐπιστεύσατε
1485 3541 1500 3565 ,
1559 3502 1873 3573 τετραπλῆν
1900 3503 2001 3574 τὴν

424 3591 733 3664 μαρτυρίαν
751 3588 899 3661 [565]
928 3590 1165 3652 πλέκων,
1191 3589 1290 3663 τὴν
1319 3591 1409 3644 διὰ
1429 3592 1538 3644 τῶν
1565 3593 1881 3664 προφητῶν,
1903 3594 2001 3666 τὴν

421 3683 511 3738 διὰ
539 3682 641 3754 τῆς
662 3681 770 3736 τῶν
798 3681 1138 3752 πραγμάτων
1162 3681 1464 3748 ἐκϐάσεως,
1489 3683 1590 3755 τὴν
1610 3684 1698 3740 διὰ
1725 3685 1834 3740 τῶν
1861 3689 1999 3742 ἀπο-

424 3772 650 3838 στόλων,
683 3773 782 3842 τὴν
806 3771 897 3824 διὰ
925 3771 1034 3825 τῶν
1061 3773 1340 3844 μαθητῶν·
1379 3773 1578 3844 μᾶλλον
1599 3774 1658 3829 δὲ
1683 3778 1779 3831 καὶ
1805 3795 2002 3832 πεντα-

424 3865 584 3936 πλῆν.
617 3864 727 3918 Kal
750 3865 858 3936 7&9
883 3865 976 3920 καὶ
1000 3864 1190 3934 αῦτηή
1213 3863 1364 3918 αίτία
1383 3865 1622 3920 δείκνυσι
1643 3869 1743 3938 τὴν
1762 3869 2000 3923 ἀνάστα-

426 3973 533 4021 σιν,
588 3956 648 4012 τὸ
696 3955 839 4027 ὑπὲρ
885 3955 1181 4029 ἀλλοτρίων
1237 3957 1521 4028 ἁμαρτιῶν
1570 3960 1881 4016 ἀποθανεῖν.
1938 3963 2001 4016 El

423 4049 604 4103 τοίνυν
630 4047 790 4102 τοῦτο
819 4048 1222 4114 ἀποδέδεικται,
1247 4047 1467 4120 εὑδηλον
1499 4051 1580 4105 ὃτι
1610 4053 1706 4105 καὶ
1733 4053 1794 4106 τὸ
1814 4054 2001 4125 ἕτερον

423 4139 638 4205 ἕπεται,
663 4139 726 4192 τὸ
752 4141 846 4193 καὶ
882 4143 1008 4204 τοὺς
1043 4140 1264 4204 λοιποὺς
1303 4141 1614 4213 ἐγείρεσθαι
1639 4145 1888 4216 νεκρούς.
1911 4147 2001 4202 Διὸ

422 4233 518 4286 καὶ
565 4231 641 4296 ὡς
691 4229 784 4287 ἐπὶ
830 4231 1262 4304 ὁμολογουμένου
1295 4233 1516 4302 ἐγκαλεῖ
1557 4238 1652 4292 καὶ
1696 4240 1998 4310 ἐπαπορεῖ,

421 4321 616 4392 λέγων·
660 4324 731 4376 El
773 4321 843 4376 δὲ
885 4324 1139 4392 Χριστὸς
1180 4322 1512 4394 ἐγήγερται,
1564 4327 1690 4394 πῶς
1747 4329 2002 4402 λέγουσι

419 4432 582 4482 τινες
612 4414 684 4468 ἐν
709 4414 874 4484 ὑμῖν,
905 4414 993 4468 ὅτι
1036 4414 1378 4482 ἀνάστασις
1417 4418 1646 4486 νεκρῶν
1687 4422 1799 4474 οὐκ
1826 4421 2002 4485 ἔστη

421 4507 714 4581 καὶταύτῃ
753 4507 914 4562 πάλιν
949 4509 1386 4580 ὑποτεμνόμενος
1414 4511 1514 4582 τὴν
1548 4511 1864 4584 θρασύτητα
1894 4516 2002 4568 τῶν

421 4600 832 4668 ἀντιλεγόντων.
865 4600 939 4653 Ού
967 4600 1076 4672 γάρ
1109 4594 1254 4663 εἶπε,
1285 4602 1410 4666 Πῶς
1434 4603 1620 4672 λέγετε
1643 4605 1821 4675 ὑμεῖς,
1843 4606 2000 4672 ἀλλὰ,

423 4690 556 4757 Πῶς
569 4691 823 4761 λέγουσι
842 4708 999 4758 τινες
1030 4693 1100 4744 ἐν
1121 4693 1281 4761 ὑμῖν·
1311 4693 1406 4746 καὶ
1429 4693 1554 4748 οὔτε
1580 4696 1801 4750 πάντων
1833 4699 2004 4750 ποιεῖ-

421 4801 514 4838 ται
541 4784 640 4856 τὴν
662 4785 1015 4856 κατηγορίαν,
1053 4783 1179 4838 οὑτε
1207 4787 1406 4850 αὑτοὺς
1435 4786 1676 4852 τούτους,
1704 4788 1800 4853 οὓς
1829 4792 2003 4844 αἰτιᾶ-

424 4892 538 4941 ται,
570 4876 764 4946 δήλους
790 4877 1134 4948 καθίστησιν,
1165 4878 1304 4932 ὥστε
1338 4878 1412 4949 μὴ
1459 4880 1680 4950 ποιῆσαι
1710 4881 2004 4952 ἀναισχυν-

425 4965 702 5038 τοτέρους,
727 4966 836 5020 οὐδ’
859 4963 926 5021 αὖ
955 4968 1116 5022 πάλιν
1137 4966 1556 5038 ἀποκρύπτεται
1589 4967 1840 5029 καθόλου,
1862 4969 2004 5024 ὥστε

430 5057 628 5119 αὐτοὺς
654 5057 964 5129 διορθῶσαι.
988 5060 1088 5113 Διά
1107 5059 1172 5132 δὴ
1192 5059 1350 5112 τοῦτο
1378 5062 1473 5112 καὶ
1492 5061 1791 5130 ἀποσχίσας
1809 5062 2005 5124 αὑτοὺς

430 5146 526 5199 τοῦ
571 5145 844 5216 πλήθους,
900 5149 1035 5220 πρὸς
1091 5151 1289 5213 αὑτοὺς
1342 5149 1659 5210 ἀποδύεται,
1717 5150 1886 5222 ταύτῃ
1945 5169 2006 5203 τε

429 5234 854 5307 ἀσθενεστέρους
887 5237 1056 5291 ποιῶν
1098 5239 1194 5291 καὶ
1244 5237 1675 5310 καταπλήττων,
1729 5240 1824 5292 καὶ
1875 5239 2004 5301 τοὺς

428 5326 624 5390 ἄλλους
649 5328 708 5384 ἐν
744 5330 857 5392 τοῖς
900 5329 1036 5400 πρὸς
1082 5328 1303 5392 τούτους
1337 5331 1514 5399 ἀγῶσι
1545 5330 1790 5400 κατέχων
1820 5333 2003 5401 ἀσφα-

427 5418 682 5490 λέστερον
723 5419 817 5472 ἐπὶ
857 5415 957 5486 τῆς
1001 5418 1280 5490 ἀληθείας,
1316 5421 1411 5475 καὶ
1435 5423 1535 5476 οὑκ
1561 5423 1725 5492 ἀφεὶς
1774 5422 2005 5488 αὑτομοε

491 5599 517 5624 ⁸
540 5595 689 5667 lla-fg.
717 5594 890 5666 Savil.,
906 5596 1376 5667 διαφέρομαιεουσω
1399 5595 1664 5667 lscliouem
1692 5599 1875 5648 mavult
1902 5599 2005 5647 An-

430 5657 574 5770 git-3:
601 5654 880 5708 Diuaeusin
906 5654 1356 5707 Notis'Saviliénis.
1405 5657 1533 5708 Puto
1581 5667 1838 5722 utramque
1882 5674 2006 5723 qua-

1101 281 1160 337 s.
1201 249 1491 337 Jomms
1529 273 1998 335 cnnvsos'ron

2116 275 2388 336 RCHIEP.
2429 279 2978 338 CONS-TANTINOP.

3593 280 3688 333 ὢ,

2109 395 2268 466 λῆσαι
2306 396 2443 468 πρὸς
2487 400 2614 464 τοὺς
2648 399 2980 472 διαφθείρειν
3021 401 3220 464 αὑτοὺς
3254 397 3684 457 ἐσπουδακότιᾷ

2111 488 2218 542 Kal
2243 489 2351 562 7&9
2385 492 2770 562 καταφορικῶς
2796 492 3240 564 παρεσκεύασται
3275 489 3604 563 χρήσασθαι
3628 490 3688 556 τῷ

2107 581 2272 652 λόγῳ.
2310 577 2442 636 Εἶτα
2473 583 2560 636 ἵνα
2593 583 2668 654 μὴ
2695 583 2949 652 λέγωσιν,
2973 587 3054 639 ὅτι
3080 584 3239 638 τοῦτο
3273 583 3376 655 μὲν
3415 582 3592 648 σαφὲς
3613 583 3690 630 n‘:

2107 671 2264 742 δῆλον
2297 672 2488 739 ἀπασι,
2533 673 2596 727 τὸ
2634 675 2725 727 τὸν
2755 675 2990 745 Χριστὸν
3019 675 3348 746 ἐγηγέρθαι,
3393 673 3503 726 καὶ
3534 671 3692 732 ούδεξ

2108 763 2458 833 ἀμφιϐάλλει·
2489 765 2549 818 ού
2589 766 2696 838 μὴν
2727 765 2884 820 τοῦτο
2916 767 3010 820 καὶ
3037 767 3099 820 τὸ
3127 768 3321 837 ἓτερον
3357 761 3688 827 συνανατκέ

2107 854 2212 919 ζει,
2244 853 2340 925 τὴν
2371 855 2477 907 τῶν
2509 855 2816 924 ἀνθῴηων
2862 857 3180 910 ἀνάστασιν·
3220 856 3285 909 τὸ
3325 856 3436 924 μὲν
3474 854 3588 921 7&9
3613 853 3691 904 ul

2107 947 2535 1018 προανεφωνήθη
2570 948 2667 1002 καὶ
2709 947 2873 1019 ἐξέϐη
2924 949 3019 1002 καὶ
3054 946 3430 1020 ἐμαρτυρήθη
3483 944 3577 996 διὰ
3609 943 3692 1010 τῖες

2105 1035 2300 1105 ὅψεως,
2333 1036 2397 1090 τὸ
2441 1037 2541 1107 τῆς
2572 1037 2668 1091 τοῦ
2717 1038 2958 1110 Χριστοῦ
2989 1039 3349 1100 ἀναστάσεως
3376 1051 3392 1064 ·
3441 1035 3510 1088 τὺ
3541 1035 3599 1088 ἃ
3627 1036 3694 1086 ἐτι

2105 1129 2164 1183 ἐν
2192 1127 2405 1182 ἐλπίσιν
2424 1129 2563 1197 ἐστὶ,
2587 1129 2954 1202 τδήμέτερον·
2985 1131 3086 1202 ὅρα
3105 1130 3159 1184 τί
3180 1133 3352 1185 ποιεῖ·
3377 1129 3455 1182 ἐκ
3477 1129 3695 1196 θατέρτυ

2107 1217 2311 1288 μέρους
2338 1218 2499 1272 πάλιν
2521 1218 2652 1271 αὑτὸ
2675 1221 3099 1285 κατασκευάζει,
3131 1221 3274 1292 ὅπερ
3302 1219 3531 1288 πολλῆς
3556 1217 3697 1270 52rd-

2107 1326 2255 1377 μεως
2284 1305 2374 1380 ἦν.
2403 1309 2468 1362 Τί
2493 1311 2602 1380 7&9
2639 1309 2881 1379 λέγουσι,
2928 1312 3080 1382 φησὶ,
3115 1313 3285 1377 τινες,
3322 1312 3420 1365 ὅτι
3451 1311 3563 1362 οὑκ
3595 1309 3698 1360 ἐστι

2104 1401 2314 1472 νεκρῶν
2350 1403 2645 1468 ἀνάστασις
2670 1422 2684 1469 ;
2715 1405 2912 1458 οὐκοῦν
2943 1405 3038 1458 καὶ
3068 1407 3245 1457 ἐκεῖνο
3278 1402 3460 1457 πάλιν
3493 1402 3563 1453 ἐκ
3591 1401 3698 1451 τού-

2069 1512 2196 1548 ιτου
2223 1496 2514 1568 ἀνῄρηται,
2563 1498 2626 1552 τὸ
2657 1498 2749 1552 τὸν
2799 1499 3034 1570 Χριστὸν
3080 1495 3422 1568 ἐγηγέρθαι.
3481 1494 3583 1546 Διὸ
3617 1497 3694 1545 καὶ

2103 1587 2300 1657 ἐπάγει
2329 1588 2523 1657 λέγων·
2547 1591 2616 1643 El
2635 1590 2704 1644 δέ
2733 1591 3069 1656 ἀνάστασις
3099 1587 3340 1657 νεκρῶν
3362 1589 3492 1641 οὐκ
3515 1587 3694 1644 ἐστιν.

2102 1680 2248 1736 οὐδὲ
2274 1681 2528 1750 Χριστὸς
2555 1681 2882 1752 ἐγήγερται.
2933 1679 3087 1744 Εἶδες
3127 1681 3226 1752 τήν
3261 1679 3420 1750 βίαν,
3476 1681 3583 1732 καὶ
3614 1682 3696 1749 τὴν

2103 1769 2438 1839 φιλονεικίαν
2488 1771 2700 1824 Παύλου
2752 1771 2849 1841 τὴν
2882 1772 3115 1841 ἄμαχον,
3169 1770 3292 1832 πῶς
3337 1770 3454 1823 οὐκ
3499 1770 3569 1821 ἐκ
3614 1771 3694 1822 τοῦ

2101 1861 2264 1931 δήλου
2299 1861 2460 1932 μόνου
2499 1863 2560 1914 τὸ
2601 1861 3092 1933 ἀμφιϐαλλόμενον,
3148 1860 3288 1916 ἀλλά
3347 1863 3454 1914 καὶ
3510 1864 3580 1914 ἑκ
3613 1863 3694 1914 τοῦ

2103 1955 2585 2026 ἀμφιϐαλλομένου
2612 1958 2726 2019 τοῖς
2755 1955 3101 2022 ἀντιλέγουσι
3128 1955 3267 2018 τέως
3297 1955 3501 2007 ἐκεῖνο
3527 1954 3591 2006 τὸ
3617 1955 3694 2022 δῆ-

2102 2048 2192 2102 λον
2221 2050 2479 2118 πειρᾶται
2517 2048 2932 2112 ἀποδεικνύναις
2967 2047 3068 2100 ούκ
3116 2046 3306 2116 ἐπειδὴ
3360 2046 3552 2098 ἐδεῖτο
3581 2047 3694 2097 ἀπο-

2100 2139 2320 2204 δείξεως
2370 2141 2434 2192 τὸ
2479 2140 2581 2210 ήδη
2619 2139 3018 2210 γεγενημένον,
3056 2139 3170 2190 ἀλλ’
3208 2139 3298 2192 ἵνα
3345 2137 3513 2207 δείξῃ
3547 2136 3694 2189 τοῦτο

2101 2228 2304 2299 ὁμοίως
2335 2228 2530 2300 ἐκείνῳ
2559 2228 2752 2282 πιστὸν
2783 2227 2864 2281 ὃν.

2177 2367 2241 2439 β’.
2262 2368 2371 2421 Kal
2393 2367 2523 2423 ποία
2550 2367 2688 2438 αὕτη
2717 2369 3026 2434 ἀκολουθία,
3050 2367 3183 2440 φησί
3203 2386 3219 2434 ;
3239 2367 3315 2422 T0
3342 2368 3444 2438 ph
3473 2367 3583 2436 γὰρ
3609 2365 3692 2417 τοῦ

2103 2451 2341 2522 Χριστοῦ
2393 2451 2469 2523 μὴ
2525 2451 2864 2522 ἐγερθέντος,
2917 2452 3054 2523 μηδέ
3101 2451 3296 2514 ἀλλους
3350 2448 3692 2520 ἐγείρεσθαι.

2103 2535 2412 2590 ἀκόλουθον·
2446 2536 2509 2588 τὸ
2544 2536 2600 2588 δὲ
2633 2537 2681 2588 εί
2704 2537 2852 2591 ἄλλοι
2891 2538 2968 2607 μὴ
3001 2536 3297 2606 ἐγερθεῖεν,
3335 2534 3480 2604 μηδέ
3508 2533 3693 2585 τοῦτον

2104 2619 2420 2691 ἐγηγέρθαι,
2454 2619 2572 2682 πῶς
2595 2619 2662 2672 ἂν
2691 2618 2804 2690 ἔχοι
2830 2619 2986 2687 λόγον
3017 2620 3173 2684 τινάς
3219 2619 3377 2671 Ἐπεὶ
3407 2613 3516 2669 οὖν
3540 2616 3693 2667 τοῦτο

2103 2705 2164 2757 οὑ
2201 2702 2405 2774 σφόδρα
2456 2703 2630 2756 ἐδόκει
2659 2703 2818 2771 λόγον
2869 2703 3034 2773 ἔχειν,
3086 2704 3187 2774 ὅρα
3240 2701 3358 2764 πῶς
3394 2702 3692 2769 ἐργάζεται

2105 2787 2236 2839 αὑτὸ
2259 2786 2525 2855 σφοδρῶς,
2546 2786 2752 2840 ἀνωθεν
2778 2785 2848 2839 τὰ
2870 2787 3164 2858 σπέρματα
3191 2786 3689 2856 προκαταϐάλὶω,

2106 2869 2257 2940 [5641
2287 2871 2382 2922 ἀπ’
2424 2869 2596 2938 αὐτῆς
2646 2869 2739 2922 τοῦ
2791 2867 3148 2940 κηρύγματος
3195 2869 3294 2937 τῆς
3351 2868 3689 2928 ὑποἹέσεως.

2105 2946 2216 3005 οἷον
2246 2953 2328 3004 ὅτι
2360 2953 2498 3022 ὑπὲρ
2531 2951 2639 3004 τῶν
2680 2952 2968 3022 ἁμαρτιῶν
3011 2951 3167 3022 ήμῶν
3219 2949 3525 3004 ἀποθανὼν
3571 2952 3691 3016 ἐττ-

2107 3052 2320 3106 γερται,
2355 3037 2449 3090 καὶ
2490 3037 2572 3088 ὅτι
2607 3035 2832 3107 ἀπαρχὴ
2882 3035 2992 3089 τῶν
3042 3036 3472 3105 κεκοιμημένων
3527 3035 3689 3086 ἐστίν.

2119 3119 2184 3172 Ἦ
2209 3119 2317 3191 γὰρ
2342 3118 2566 3188 ἀπαρχὴ
2617 3117 2763 3182 τίνος
2808 3118 2873 3172 ἂν
2908 3119 2992 3189 εῖη
3047 3118 3292 3188 ἀπαρχὴ,
3353 3119 3404 3170 εί
3462 3119 3546 3188 μὴ
3591 3117 3692 3170 τῶν

2109 3201 2506 3272 ἐγειρομένων;
2544 3200 2662 3263 πῶς
2698 3201 2742 3254 δ’
2776 3201 2843 3253 ἂν
2874 3203 2960 3271 εἴη
2986 3201 3227 3271 ἀπαρχὴ.
3256 3200 3358 3252 οὑκ
3400 3201 3692 3270 ἐγειρομέ-

2108 3304 2214 3340 νων
2247 3286 2472 3340 ἐκείνων
2500 3279 2574 3339 ὦν
2619 3287 2766 3338 ἐστιν
2807 3287 3067 3358 ἀπαρχή;
3103 3286 3220 3348 πῶς
3262 3281 3359 3338 οῦν
3393 3287 3504 3337 οὐκ
3554 3287 3693 3352 ἐγεί-

2110 3385 2331 3442 ρονται;
2363 3370 2412 3422 εί
2440 3369 2496 3422 δὲ
2541 3369 2640 3421 οὑκ
2685 3369 3011 3438 ἐγείρονται,
3043 3368 3131 3421 διά
3159 3369 3211 3421 τί
3251 3368 3471 3437 ἠγέρθη
3513 3371 3545 3420 δ
3573 3369 3692 3438 X9:-

2111 3451 2267 3518 στός;
2296 3451 2384 3504 διά
2424 3451 2478 3503 τί
2517 3446 2684 3522 ἦλθε;
2715 3451 2802 3505 διά
2849 3451 2904 3504 τί
2958 3451 3135 3522 σάρκα
3190 3450 3483 3510 ἀνέλαϐεν,
3523 3453 3573 3503 εξ
3625 3451 3690 3519 μὴ

2107 3534 2332 3605 ἔμελλεν
2356 3536 2682 3604 ἀναστήσειν
2708 3534 2918 3605 σάρκας
2942 3535 3001 3587 οὑ
3027 3535 3134 3604 γάρ
3157 3535 3327 3586 ἐδεῖτο
3349 3534 3546 3598 αὐτὸς,
3569 3535 3690 3586 ἀλλά

2107 3619 2176 3674 δι’
2205 3620 2375 3691 ἡμᾶς.
2415 3617 2576 3671 Ἀλλά
2605 3616 2777 3671 ταῦτα
2811 3618 2909 3688 μέν
2949 3617 3174 3689 ὕστερον
3217 3617 3408 3688 τίθησι
3461 3618 3688 3688 προῖὼν,

2107 3703 2246 3766 τέως
2295 3702 2354 3754 δέ
2401 3717 2584 3772 φησιν·
2611 3705 2682 3755 El
2733 3701 2934 3770 νεκροὶ
2990 3703 3101 3756 οὐκ
3151 3701 3516 3771 ἐγείρονται,
3559 3701 3688 3754 οὐδὲ

2108 3785 2363 3854 Χριστὸς
2393 3785 2723 3855 ἐγήγερται·
2754 3785 2828 3846 ὼς
2861 3783 3067 3838 ἐκείνου
3096 3784 3274 3854 τούτῳ
3315 3785 3686 3854 συνημμένου·

2109 3871 2159 3924 εί
2193 3871 2300 3940 7&9
2337 3870 2410 3939 μὴ
2443 3869 2666 3938 ἔμελλεν
2693 3869 3034 3934 ἀνίστασθαι,
3058 3869 3167 3922 οὐδ’
3199 3871 3267 3923 ἂν
3292 3871 3479 3923 ἐκεῖνο
3508 3872 3689 3939 ἐποίη-

2111 3971 2224 4007 σεν.
2252 3950 2402 4016 Εἶδες
2429 3953 2571 4006 κατά
2606 3953 2801 4024 μικρὸν
2823 3953 2950 4022 ὃλην
2981 3953 3080 4024 τὴν
3117 3955 3436 4023 οἰκονομίαν
3466 3956 3690 4024 ἀνατρε-

2110 4037 2353 4108 πομένην
2381 4039 2446 4091 ἐκ
2474 4038 2581 4091 τῶν
2614 4037 2838 4090 ἐκείνων
2871 4038 3131 4106 ῥημάτων
3163 4037 3258 4090 καὶ
3302 4038 3405 4106 τῆς
3437 4040 3576 4105 περὶ
3601 4039 3688 4105 τὴν

2109 4123 2405 4176 ἀνάστασιν
2459 4121 2754 4186 ἀπιστίαςς
2801 4121 2962 4174 Ἀλλά
3012 4121 3150 4184 τέως
3197 4121 3359 4174 οὑδέν
3409 4124 3546 4191 περὶ
3600 4126 3686 4191 τῆς

2113 4203 2442 4274 σαρκώσεως
2487 4204 2660 4272 λέγει,
2704 4203 2840 4257 ἀλλά
2889 4205 3019 4274 περὶ
3067 4204 3167 4273 τῆς
3200 4204 3587 4267 ἀναστάσεως.
3620 4206 3684 4257 02'.-

2110 4287 2220 4359 7&9
2239 4287 2300 4340 τὸ
2333 4287 2702 4358 σαρκωθῆναι,
2740 4285 2878 4339 ἀλλά
2909 4286 2968 4340 τὸ
2997 4287 3292 4340 ἀποθανεῖν
3327 4287 3426 4339 τὸν
3462 4287 3684 4340 θάνατον

2109 4370 2322 4424 ἔλυσεν·
2357 4372 2478 4424 ἐπεὶ
2523 4371 2698 4440 σάρκα
2744 4369 2977 4440 ἔχοντος,
3011 4369 3092 4422 ἔτι
3123 4371 3347 4438 ἐκράτει
3376 4373 3410 4440 ή
3442 4373 3681 4442 mpm;

2110 4454 2144 4524 ἠ
2184 4453 2414 4507 ἐκείνου.
2450 4455 2518 4506 El
2565 4452 2633 4505 δὲ
2680 4454 2933 4520 Χριστὸς
2976 4455 3088 4507 οὐκ
3129 4453 3474 4523 ἐγήγερται.
3518 4455 3680 4507 κετὲτ

2110 4536 2225 4606 ἄρα
2282 4536 2348 4590 τὸ
2408 4537 2682 4605 κήρυγμα
2715 4535 2901 4606 ἡμῶν.
2962 4537 3152 4590 Καίτοι
3189 4554 3253 4605 γε
3289 4537 3590 4590 ἀκόλουθον
3623 4533 3679 4602 ἦν

2111 4623 2303 4674 εἰπεῖν·
2343 4621 2405 4673 Εἰ
2435 4619 2492 4672 δὲ
2519 4621 2751 4690 Χριστὸς
2792 4621 2892 4673 οὑκ
2933 4620 3250 4691 ἐγήγερται,
3287 4624 3407 4683 τοῖς
3439 4623 3678 4689 φανερῷ

2114 4703 2353 4774 μάχεσθε
2389 4707 2484 4756 καὶ
2528 4706 2833 4774 προφήταις
2887 4704 3159 4766 τοσούτοις
3205 4705 3300 4758 καὶ
3349 4707 3678 4774 πραγμάτων

2112 4787 2360 4859 ἀληθείᾳ·
2395 4787 2530 4841 ἀλλά
2557 4788 2618 4841 τὸ
2645 4787 2828 4859 πολλῷ
2860 4787 3236 4859 φοϐερώτερον
3268 4788 3459 4851 αὑτοῖς
3490 4790 3673 4855 τίθησι·

2115 4871 2306 4924 Κενὸν
2348 4869 2463 4938 ἄρα
2497 4869 2565 4924 τὸ
2602 4871 2875 4941 κήρυγμα
2928 4870 3118 4941 ἡμῶν,
3181 4870 3332 4939 κενὴ
3381 4868 3455 4924 δῖ·
3503 4872 3598 4923 καί
3648 4873 3674 4932 ἡ

2113 4954 2320 5019 πίστις
2351 4951 2538 5021 ὑμῶν.
2579 4956 2916 5007 Κατασεῖσαι
2945 4955 3055 5026 γάρ
3101 4954 3281 5008 αὑτῶν
3318 4955 3422 5024 τὴν
3456 4954 3674 5007 διάνοια-ι

2117 5037 2385 5107 βούλεται.
2411 5038 2484 5089 Τὸ
2506 5038 2616 5090 πᾶν
2648 5037 3036 5108 ἀπωλέσαμεν,
3069 5040 3252 5107 φησὶν,
3295 5039 3520 5092 ἅπαντα
3549 5039 3669 5106 οἴχεο

2114 5139 2224 5186 ται,
2256 5121 2306 5176 εί
2351 5121 2426 5191 μὴ
2477 5121 2704 5191 ἠγέρθη.
2740 5117 2892 5184 Εἶδες
2941 5123 3064 5176 ὅσον
3113 5121 3216 5191 τῆς
3264 5123 3581 5192 οἰκονομίας
3626 5123 3674 5169 τὸ

2117 5211 2446 5281 μυστήριον;
2478 5211 2542 5263 Εἰ
2564 5210 2672 5280 γὰρ
2691 5211 2976 5264 ἀποθανὼν
2997 5213 3097 5265 οὑκ
3123 5214 3346 5282 ἴσχυσεν
3370 5213 3668 5279 ἀναστῆναι.

2114 5293 2239 5347 οὔτε
2275 5296 2308 5364 ὴ
2337 5294 2580 5365 ἁμαρτία
2613 5295 2850 5361 λέλυται,
2883 5295 3005 5349 οῦτε
3033 5300 3063 5350 ὁ
3091 5299 3323 5359 θάνατος
3356 5297 3668 5367 καθῄρηται.

2112 5377 2237 5433 οὑτε
2292 5380 2325 5448 ἡ
2380 5380 2595 5448 κατάρα
2647 5379 2937 5450 ἀνῄρηται,
2973 5382 3067 5434 καὶ
3108 5383 3207 5451 οὑχ
3234 5385 3403 5450 ἡμεῖς
3437 5381 3493 5433 δὲ
3533 5381 3666 5450 μω

2117 5462 2250 5516 κενά
2282 5461 2651 5533 ἐκηρύξαμεν,
2683 5464 2819 5517 ἀλλά
2849 5465 2940 5516 καὶ
2971 5465 3128 5534 ὑμεῖς
3149 5464 3284 5517 κενὰ
3307 5464 3664 5517 ἐπιστεύσατε.

2119 5546 2226 5599 Καὶ
2254 5546 2313 5598 ού
2337 5546 2511 5618 ταύτῃ
2537 5547 2696 5616 μόνον
2716 5547 2954 5600 δείκνυσι
2975 5548 3072 5616 τὴν
3095 5548 3328 5601 ἀτοπίαν
3351 5549 3554 5600 τούτων
3573 5547 3665 5596 τῶν

2117 5629 2368 5698 πονηρῶν
2392 5629 2696 5700 δογμάτων,
2745 5629 2881 5684 ἀλλά
2915 5632 3006 5683 καὶ
3044 5632 3443 5697 ἐπαγωνίζεται
3491 5630 3662 5696 λέγων·

2117 5719 2530 5787 εὑρισκόμεθα
2569 5717 2642 5772 δὲ
2694 5718 2790 5773 καί
2841 5718 3326 5789 ψευδομάρτυρες
3369 5719 3476 5774 τοῦ
3509 5714 3660 5777 Θειτῦ,
