3802 6214
171 265 260 324 333

164 398 340 455 quoque
363 382 406 435 in
434 380 623 437 eodem
646 392 894 459 cernatur
923 380 1109 436 ordine
1142 400 1155 436 :
1188 383 1265 436 sic
1290 382 1432 436 enim
1479 380 1685 435 condu-

164 476 293 530 cibile
316 484 411 530 erat
443 475 827 545 praedicationi.
867 474 1224 543 Quamobrem
1255 474 1415 529 ambo
1441 474 1692 529 similiter

162 567 205 619 ei
240 566 386 621 studio
409 565 624 622 fuerunt
646 607 661 631 ,
706 576 761 622 ut
790 581 888 621 nec
918 566 1032 636 ipse
1074 565 1346 621 videretur
1386 579 1479 621 eos
1505 564 1687 635 deSpi-

160 673 296 719 cere,
325 667 369 712 et
394 673 457 712 ne
482 666 699 728 prepter
728 656 983 712 honorem
1016 657 1144 725 ipsis
1173 658 1427 712 collatum
1459 657 1688 727 vilipen-

158 750 341 805 deretur
357 748 521 814 abiis,
552 750 640 819 qui
662 758 816 805 erant
841 750 938 820 ipsi
961 750 1206 818 subjecti.
1230 749 1521 818 Propterea
1547 763 1687 804 nunc

156 858 336 913 quoque
362 858 413 897 se
440 853 721 913 exaequat,
769 859 955 899 rursus
997 843 1185 898 dicens
1216 860 1229 896 :
1261 843 1381 897 Sive
1406 860 1496 914 ego
1521 885 1537 911 ,
1586 844 1689 898 sive

154 938 223 990 illi
243 978 255 999 ,
283 936 345 989 sic
369 937 713 1006 prwdicamus.
755 938 798 990 A
831 951 939 1006 quo
962 978 977 1001 ,
1011 936 1180 1006 inquit
1205 977 1220 1001 ,
1252 936 1413 989 vultis
1439 935 1646 990 discere
1666 975 1681 1001 ,

150 1028 349 1093 discite;
376 1027 500 1082 nihil
526 1028 841 1083 differimus.
876 1028 944 1082 Et
970 1043 1073 1082 non
1100 1028 1274 1095 dixit,
1305 1027 1361 1083 Si
1393 1043 1499 1082 non
1524 1029 1685 1083 vultis

149 1121 264 1176 mihi
287 1121 485 1177 credere
505 1163 520 1186 ,
552 1121 656 1176 illis
682 1122 920 1187 credite;
951 1121 1047 1177 sed
1071 1131 1127 1176 et
1153 1123 1387 1191 seipsum
1420 1121 1548 1177 facit
1578 1121 1683 1177 fide

144 1214 362 1285 dignum,
385 1221 435 1269 et
462 1228 556 1284 per
580 1228 639 1269 se
664 1214 790 1269 dicit
820 1214 1088 1279 sufficere,
1118 1223 1172 1268 et
1193 1216 1313 1269 illos
1340 1230 1433 1283 per
1460 1230 1519 1270 se
1548 1218 1680 1271 satis

140 1321 271 1361 esse.
314 1306 439 1360 Nihil
483 1307 624 1360 enim
669 1306 895 1361 faciebat
940 1322 1287 1376 personarum
1336 1306 1634 1361 differentia
1660 1348 1677 1374 ,

136 1414 247 1451 cum
275 1414 356 1466 par
379 1406 517 1453 esset
547 1398 856 1453 auctoritas.
900 1398 1066 1452 Porro
1098 1398 1198 1453 hoc
1226 1414 1438 1469 quoque
1470 1399 1594 1453 facit
1626 1398 1678 1454 in

135 1488 350 1558 Epistula
388 1489 449 1543 ad
480 1488 692 1545 Galatas
716 1531 730 1555 ,
762 1505 857 1545 eos
905 1506 1184 1545 assumens
1210 1533 1225 1558 ,
1268 1507 1372 1546 non
1406 1501 1674 1563 tamquam

129 1581 207 1636 eis
234 1581 450 1649 indigens
474 1623 487 1645 ,
541 1582 636 1635 sed
676 1597 733 1636 se
763 1597 972 1651 quoque
1001 1582 1185 1637 dicens
1214 1583 1460 1639 sufficere
1491 1602 1505 1638 :
1542 1584 1676 1638 Mihi

124 1674 249 1725 enim
272 1675 349 1742 qui
369 1673 676 1741 videbuntur,
706 1674 875 1743 inquit
898 1715 913 1739 ,
947 1691 1051 1728 esse
1078 1676 1293 1745 aliquid,
1334 1677 1463 1730 nihil
1490 1686 1673 1730 contu-

121 1764 313 1833 lerunt(
340 1762 448 1819 Gal.
476 1764 531 1818 2.
561 1766 659 1836 6).
701 1765 1081 1821 Verumtamen
1124 1768 1203 1822 sic
1244 1783 1455 1839 quoque
1484 1784 1671 1824 eorum

117 1872 301 1925 sequor
322 1855 652 1910 concordiam
677 1866 730 1911 et
755 1858 1206 1913 consensionem:
1238 1858 1482 1914 Dexteras
1502 1861 1668 1926 enim,

114 1949 307 2018 inquit,
336 1950 451 2002 mihi
487 1950 731 2004 dederunt
764 1949 942 2021 (Ibid.
972 1966 1019 2004 υ.
1050 1952 1119 2007 29
1141 1951 1181 2022 ).
1220 1952 1350 2007 Nam
1376 1955 1420 2008 si
1451 1970 1671 2010 necesse

110 2052 286 2109 esset,
314 2053 365 2097 ut
395 2042 541 2097 Pauli
586 2042 719 2099 fides
764 2054 819 2098 et
864 2046 1154 2101 auctoritas
1202 2046 1255 2100 in
1299 2048 1417 2101 aliis
1446 2058 1589 2103 esset
1616 2059 1669 2104 et

108 2134 307 2189 illorum
351 2134 649 2189 testimonio
693 2136 986 2200 niteretur,
1039 2137 1228 2191 damna
1260 2138 1665 2195 innumerabilia

107 2225 226 2281 hinc
242 2227 560 2296 accepissent
580 2227 843 2297 discipuli.
873 2229 987 2283 Non
1012 2229 1112 2285 hoc
1137 2246 1265 2300 ergo
1287 2230 1409 2286 facit
1428 2232 1663 2302 seipsum

108 2319 350 2373 extollens
372 2359 388 2386 ,
421 2318 515 2374 sed
549 2319 741 2374 timens
768 2322 1065 2392 evangelio.
1106 2323 1394 2393 Propterea
1424 2324 1510 2378 hic
1536 2341 1664 2394 quo-

108 2427 199 2480 ]ue
224 2411 379 2479 dicit,
407 2412 637 2481 seipsum
666 2430 952 2483 exzuquans
983 2432 996 2468 :
1030 2415 1150 2470 Sive
1174 2432 1285 2487 ego,
1318 2417 1422 2470 sive
1445 2417 1525 2471 illi
1550 2459 1565 2483 ,
1589 2419 1663 2471 sic

108 2503 437 2556 arcedicamus.
479 2502 707 2559 Pulchre
758 2505 930 2570 dixit,
977 2504 1363 2574 Prtedicamus,
1412 2524 1661 2579 magnam

107 2594 372 2649 istendens
394 2595 637 2649 fiduciam
664 2611 727 2650 ac
756 2595 1004 2667 loquendi
1030 2597 1353 2653 libertatem.
1380 2599 1494 2654 Non
1517 2601 1660 2655 enim

108 2689 220 2741 :lam
249 2704 416 2758 neque
444 2688 497 2742 in
526 2690 773 2755 occulto,
822 2690 915 2744 sed
970 2690 1091 2745 Iuba
1137 2691 1420 2746 clariorem
1473 2708 1658 2747 vocem

116 2781 389 2835 mittimus.
426 2780 607 2850 Neque
654 2781 824 2847 dixit,
872 2783 1328 2850 Praedicavimus,
1383 2784 1476 2839 sed
1520 2799 1662 2840 nunc

116 2890 290 2944 noque
319 2875 408 2929 Sic
448 2877 808 2945 praedicamus.
848 2876 916 2930 Et
947 2878 1019 2931 sic
1064 2878 1368 2932 credidistis.
1410 2878 1509 2934 Hic
1551 2895 1657 2933 non

112 2968 240 3035 ixit,
272 2967 536 3035 Creditis,
569 2968 693 3034 sed,
724 2969 1047 3024 Credidistis.
1088 2971 1350 3037 Quoniam
1384 2970 1654 3040 lababant,

108 3058 195 3111 leo
220 3057 285 3111 ad
313 3059 589 3126 superiora
620 3061 848 3113 recurrit
881 3071 1121 3129 tempora
1148 3102 1162 3125 ,
1193 3072 1247 3116 et
1272 3061 1339 3116 de
1367 3072 1563 3117 caetero
1589 3062 1659 3117 ab

109 3165 131 3201 s
182 3150 311 3217 ipsis
357 3149 503 3203 addit
552 3150 932 3206 testimonium.
976 3151 1068 3206 12.
1110 3152 1171 3207 Si
1221 3164 1386 3207 autent
1428 3154 1657 3208 Christus

110 3243 378 3295 "eradicatur
400 3243 537 3313 quod
562 3246 835 3298 resurrexit
856 3262 888 3299 a
911 3247 1143 3309 mortuis,
1171 3247 1421 3317 quomodo
1447 3249 1653 3317 quidam

113 3346 237 3391 cunt
264 3339 316 3390 in
342 3338 480 3391 vobis
519 3339 654 3408 quod
693 3340 999 3394 resurrectio
1046 3351 1359 3395 mortuorum
1394 3357 1495 3396 non
1537 3342 1654 3397 est?

109 3435 252 3489 iden’
282 3435 556 3505 quomodo
603 3436 803 3506 Optime
850 3436 1199 3490 ratiocinatur
1238 3444 1291 3491 et
1318 3436 1655 3491 demonstrat

114 3529 515 3584 surrectionem
543 3545 605 3584 ex
637 3546 703 3584 eo
733 3530 876 3599 quod
934 3529 1179 3584 Christus
1228 3530 1298 3584 sit
1346 3531 1606 3585 excitatus
1632 3572 1647 3595 ,

118 3636 175 3674 in
206 3636 273 3674 ex
304 3620 492 3675 multis
516 3620 641 3675 illud
675 3622 818 3690 prius
847 3621 1263 3677 confirmasset?
1289 3621 1418 3676 Nam
1445 3632 1499 3676 et
1528 3638 1652 3692 pro-

109 3722 259 3778 ictae,
304 3712 514 3783 inquit,
567 3713 667 3767 hoc
694 3712 961 3779 dixerunt,
1018 3723 1072 3770 et
1116 3714 1229 3785 ipse
1278 3714 1514 3769 Ostendit
1558 3731 1650 3784 per

109 3806 319 3859 sionem
341 3846 358 3870 ,
415 3814 474 3860 et
517 3820 615 3859 nos
647 3805 997 3873 praedicamus
1024 3848 1040 3873 ,
1089 3816 1143 3861 et
1179 3822 1276 3861 vos
1305 3806 1607 3861 credidistis
1632 3847 1647 3871 ,

111 3896 391 3965 adruplex
413 3908 737 3951 connectens
760 3898 1121 3952 testimonium
1164 3916 1177 3950 :
1208 3898 1349 3969 quod
1380 3899 1650 3953 ferebatur

111 4008 135 4043 r
165 3988 476 4059 prophetas
496 4031 512 4057 ,
539 3990 679 4060 quod
712 4006 805 4060 per
836 4006 1012 4045 rerum
1043 4002 1291 4046 eventum
1314 4032 1329 4056 ,
1378 3991 1519 4061 quod
1555 4007 1650 4060 per

112 4083 356 4151 astolos,
387 4082 528 4154 quod
550 4099 643 4153 per
658 4082 944 4152 discipulos
968 4100 983 4147 ;
1003 4084 1085 4137 vel
1110 4084 1285 4154 potius
1311 4084 1643 4153 quintuplex.

112 4192 169 4229 m
226 4176 354 4245 ipsa
412 4190 627 4247 quoque
672 4190 829 4229 causa
877 4174 1113 4230 ostendit
1158 4177 1644 4244 resurrectionem,

116 4286 234 4338 npe
262 4269 420 4339 quod
442 4272 513 4325 sit
538 4279 778 4325 mortuus
799 4285 894 4340 pro
913 4270 1140 4324 aliorum
1168 4273 1415 4338 peccatis.
1438 4270 1493 4328 Si
1519 4288 1648 4344 ergo

112 4380 127 4416 ι
186 4363 638 4417 demonstratum
688 4364 823 4428 fuit,
891 4364 1065 4435 palam
1108 4374 1191 4421 est
1232 4366 1373 4436 quod
1418 4366 1645 4421 alterum

114 4470 253 4525 .que
308 4464 608 4526 sequatur;
666 4466 893 4511 cancros
944 4458 1108 4512 etiam
1138 4468 1373 4513 mortuos
1400 4460 1643 4516 excitari.

114 4562 152 4599 ο
179 4558 479 4615 tamquam
498 4545 565 4600 de
586 4562 651 4601 eo
672 4547 812 4616 quod
842 4548 893 4600 in
917 4547 1164 4603 confesso
1176 4558 1259 4603 est
1282 4549 1642 4619 reprehendit,

112 4637 349 4691 lubiutn
386 4649 604 4703 movet,
655 4639 838 4694 dicens
868 4657 881 4691 :
916 4639 979 4694 Si
1008 4649 1174 4694 autem
1202 4641 1432 4696 Christus
1470 4660 1643 4697 resur-

112 4732 180 4795 it,
212 4732 498 4802 quomodo
521 4732 727 4798 quidam
752 4732 927 4786 dicunt
955 4734 1009 4787 in
1034 4734 1171 4788 vobis
1198 4737 1333 4805 quod
1354 4738 1645 4791 resurrectio

113 4836 373 4879 'tuorum
420 4819 523 4879 non
572 4827 684 4881 est?
723 4827 823 4881 hac
861 4842 1074 4897 quoque
1115 4829 1322 4884 ratione
1366 4838 1648 4899 amputans

114 4919 403 4973 eritatem
430 4932 617 4973 eorum
645 4918 735 4987 qui
758 4918 1148 4975 contradicunt.
1176 4920 1291 4975 Non
1320 4920 1463 4975 enim
1490 4921 1643 4988 dixit,

114 5012 331 5066 "nodo
357 5012 543 5067 dicitis
566 5028 661 5066 vos
684 5028 699 5074 ;
726 5012 840 5079 sed,
869 5012 1131 5080 Quomodo
1150 5014 1324 5068 dicunt
1343 5015 1544 5085 quidam
1567 5015 1620 5069 in

113 5105 156 5157 is
180 5120 205 5157 :
235 5112 303 5158 et
332 5118 521 5171 neque
543 5117 731 5159 omnes
756 5112 1004 5169 accusat,
1033 5120 1205 5176 neque
1226 5120 1319 5161 eos
1347 5106 1491 5177 ipsos
1511 5121 1647 5176 quos

113 5204 251 5248 nsat
278 5235 296 5259 ,
339 5194 529 5249 reddit
549 5196 888 5261 manifestos,
921 5210 988 5251 ne
1017 5212 1111 5252 eos
1138 5196 1335 5252 efficiat
1363 5198 1639 5269 impuden-

116 5303 191 5342 es
218 5303 238 5353 ;
276 5301 479 5357 neque
505 5302 694 5341 rursus
718 5287 857 5341 celat
885 5288 1113 5357 penitus,
1144 5298 1202 5343 ut
1223 5290 1369 5359 ipsos
1393 5292 1646 5361 corrigat.

118 5390 343 5452 pterea
398 5394 523 5435 cum
555 5388 609 5435 et
643 5396 740 5435 eos
765 5390 1064 5450 separasset
1088 5397 1119 5435 a
1156 5382 1496 5437 multitudine
1519 5425 1534 5451 ,
1578 5384 1647 5438 ad

113 5471 476 5542 veptandum
506 5486 625 5526 cum
653 5473 732 5527 eis
756 5472 1075 5542 accingitur,
1108 5472 1207 5528 hac
1234 5474 1442 5530 ratione
1470 5484 1525 5531 et
1551 5483 1646 5530 eos

116 5566 270 5620 iens
309 5562 705 5644 irnbecilliores
729 5574 783 5620 et
807 5564 1236 5636 obstupefaciens
1259 5608 1275 5633 ,
1322 5576 1377 5624 et
1417 5569 1549 5624 alios
1594 5569 1645 5624 in

115 5657 426 5725 :ipiendis
473 5656 728 5712 adversus
773 5673 867 5713 eos
917 5659 1296 5714 certaminibus
1341 5660 1541 5715 ﬁrmius
1583 5678 1645 5717 ac

115 5749 291 5803 titius
334 5748 629 5807 continens
671 5749 723 5805 in
775 5751 1037 5818 veritate,
1077 5766 1178 5807 nec
1216 5753 1396 5808 sineus
1440 5764 1496 5807 ut
1537 5754 1639 5823 ipsi

1097 264 1161 321 ΙΝ
1202 264 1413 321 EPIST.
1455 264 1473 319 l
1539 264 1629 318 AD
1665 260 1821 319 COR.
1863 263 2093 323 ΗοΜιι.
2134 272 2379 331 XXXIX.

3275 285 3377 340 354

1800 383 2149 455 transfugiant
2189 390 2256 445 ad
2285 406 2380 446 eos
2403 394 2491 461 qui
2522 394 2754 448 studium
2798 406 3092 465 posuerunt
3140 407 3195 452 ut
3228 398 3374 468 ipsos

1794 490 2216 547 corrumperent.
2250 482 2473 540 Paratus
2499 487 2639 541 enim
2662 496 2765 553 est,
2794 498 2852 543 ut
2877 488 2927 543 in
2947 504 3041 543 eos
3068 488 3371 547 vehementi

1794 567 1994 640 impetu
2022 576 2281 630 orationis
2307 575 2530 632 feratur.
2575 580 2777 635 Deinde
2804 597 2872 636 ne
2901 582 3082 636 dicant
3114 582 3216 638 hoc
3244 584 3371 651 qui-

1792 660 1912 716 dem
1964 679 2085 721 esse
2129 668 2349 724 evidens
2395 680 2450 725 et
2494 673 2742 728 omnibus
2796 675 3172 741 manifestum,
3229 676 3371 745 quod

1791 755 2032 813 Christus
2048 765 2417 829 resurrexerit,
2437 774 2489 820 et
2505 767 2770 821 neminem
2784 767 3047 834 dubitare,
3068 783 3173 821 non
3192 777 3369 824 tamen

1792 844 1895 902 hoc
1924 853 2229 906 necessario
2257 870 2467 926 quoque
2496 852 2723 912 alterum
2757 858 2971 915 efficere
2996 902 3011 926 ,
3045 876 3239 928 nempe
3265 860 3367 913 ho-

1790 940 1995 996 minum
2042 948 2670 1004 resurrectionemznam
2719 950 2860 1021 quod
2889 950 2955 1005 ad
3006 951 3202 1006 Christi
3242 952 3365 1021 qui-

1788 1030 1911 1086 dem
1963 1034 2185 1092 attineat
2241 1040 2721 1108 resurrectionem,
2781 1058 2843 1098 ea
2901 1052 2956 1098 et
3012 1043 3111 1098 fuit
3167 1044 3365 1115 praedi-

1787 1133 1870 1178 cta
1897 1168 1912 1189 ,
1958 1136 2013 1181 et
2064 1130 2260 1194 evenit,
2294 1140 2347 1186 et
2378 1147 2472 1202 per
2497 1135 2862 1191 testimonium
2890 1139 3111 1193 visionis
3141 1147 3223 1193 est
3251 1155 3363 1208 pru-

1787 1217 1903 1273 bata
1937 1234 1954 1285 ;
2001 1230 2179 1274 nostra
2208 1233 2384 1277 autem
2418 1227 2744 1282 resurrectio
2785 1228 2959 1283 adhuc
3004 1230 3055 1283 iu
3104 1245 3199 1299 spe
3247 1241 3360 1297 est;

1783 1312 1904 1369 vndc
1945 1316 2069 1386 quid
2118 1317 2243 1373 facit
2274 1337 2286 1373 :
2316 1336 2380 1375 ex
2410 1322 2573 1376 altera
2606 1334 2757 1392 parte
2802 1339 2989 1380 rursus
3029 1325 3078 1379 id
3125 1325 3317 1395 prohat
3342 1369 3358 1392 ,

1782 1407 1923 1475 quod
1970 1424 2187 1479 magnas
2233 1411 2462 1468 habebat
2516 1415 2676 1470 vires.
2718 1416 2852 1482 Quid
2908 1417 3090 1482 enim,
3147 1418 3358 1487 inquit,

1782 1497 1962 1552 dicunt
1989 1500 2227 1569 quidam.
2252 1504 2395 1573 quod
2414 1521 2517 1559 non
2541 1516 2622 1561 est
2654 1518 2981 1563 mortuorum
3010 1490 3358 1564 resurrectio?

1779 1606 1905 1662 ergo
1927 1594 2053 1648 illud
2074 1612 2284 1667 quoque
2310 1614 2376 1653 ex
2400 1598 2499 1653 hoc
2521 1610 2604 1655 est
2628 1601 2917 1667 sublatum,
2946 1602 3085 1671 quod
3113 1602 3357 1657 Christus

1776 1688 2150 1741 resurrexerit.
2206 1689 2269 1741 Et
2322 1690 2441 1744 ideo
2484 1692 2793 1762 subjungit,
2847 1692 3031 1747 dicens
3080 1711 3094 1746 :
3146 1694 3232 1749 15.
3294 1694 3356 1749 Si

1776 1784 1944 1828 autem
1973 1780 2270 1833 resurrectio
2310 1792 2620 1836 mortuorum
2660 1800 2760 1837 non
2785 1794 2859 1839 est
2882 1826 2898 1851 ,
2927 1801 3085 1854 neque
3123 1784 3353 1839 Christus

1774 1870 2069 1924 resurrexit.
2100 1870 2341 1926 Vidistin‘
2365 1874 2511 1928 Pauli
2543 1876 2851 1930 violentiam
2879 1885 2933 1931 et
2952 1876 3352 1933 contentionem

1775 1963 2262 2037 inexpugnabilem,
2295 1968 2560 2038 quomodo
2584 1986 2687 2023 non
2716 1985 2782 2024 ex
2809 1985 2875 2025 eo
2905 1970 3078 2025 solum
3102 1969 3244 2040 quod
3270 1979 3353 2024 est

1773 2058 2133 2126 manifestum,
2167 2060 2215 2115 id
2243 2060 2309 2116 de
2336 2077 2442 2130 quo
2468 2062 2760 2129 dubitatur,
2793 2063 2886 2118 sed
2915 2064 3071 2118 etiam
3099 2080 3163 2118 ex
3194 2078 3259 2117 eo
3283 2063 3352 2118 de

1770 2164 1875 2219 quo
1916 2150 2185 2206 dubitatur
2214 2168 2241 2205 a
2273 2154 2781 2222 contradicentibus,
2828 2155 2936 2225 jam
2982 2163 3205 2210 conetur
3248 2155 3348 2209 de-

1769 2249 2067 2297 monstrare
2098 2243 2226 2298 illud
2255 2244 2396 2314 quod
2424 2255 2507 2301 est
2538 2245 2922 2301 manifestmn?
2965 2262 3070 2301 non
3116 2246 3239 2316 quia
3288 2244 3344 2300 id

1767 2332 1911 2401 quod
1935 2332 2045 2400 jam
2079 2333 2273 2388 factum
2303 2346 2418 2390 erat
2446 2352 2582 2406 opus
2612 2337 2831 2391 haberet
2857 2336 3339 2400 demonstratione,

1766 2421 1861 2477 sed
1890 2432 1946 2476 ιιι
1980 2425 2288 2480 ostenderet
2314 2426 2415 2481 hoc
2433 2443 2551 2483 esse
2567 2444 2717 2498 :rque
2737 2438 2893 2499 atque
2916 2428 3042 2483 illud
3066 2428 3343 2483 credibile.

1834 2514 1890 2568 2.
1933 2516 1997 2570 Et
2035 2534 2278 2587 qumnam
2325 2530 2445 2587 est,
2480 2522 2720 2589 inquies,
2764 2520 2878 2576 haec
2919 2520 3349 2592 Consequentia?

1765 2624 1886 2663 nam
1912 2610 2051 2680 quod
2080 2610 2125 2665 si
2150 2610 2397 2666 Christus
2423 2613 2635 2683 quidem
2677 2629 2784 2668 non
2823 2614 3219 2680 resurrexerit,
3270 2627 3341 2667 ne

1762 2701 1851 2754 alii
1882 2701 2097 2770 quidem
2126 2713 2451 2774 resurgant,
2480 2713 2561 2758 est
2580 2719 2953 2774 consequens;
2988 2704 3128 2774 quod
3158 2714 3338 2759 autem

1763 2792 1808 2846 si
1835 2793 1919 2845 alii
1945 2810 2048 2848 non
2069 2796 2478 2860 resurrexerint,
2505 2796 2698 2865 neipse
2726 2796 2939 2864 quidem
2964 2798 3339 2862 resurrcxerit,

1762 2886 2029 2955 quomodo
2061 2888 2161 2942 hoc
2185 2888 2344 2943 ullam
2368 2888 2559 2944 habeat
2585 2890 2891 2943 rationem?
2919 2890 3181 2957 Quoniam
3212 2904 3342 2958 ergo

1763 2976 1866 3033 hoc
1911 2979 2190 3034 videbatur
2225 2996 2330 3034 non
2382 2994 2501 3035 esse
2544 2980 2831 3034 admodum
2877 2982 3070 3035 rationi
3110 2996 3337 3035 consen-

1763 3078 2014 3138 tauemn,
2067 3071 2187 3126 vide
2232 3072 2499 3142 quomodo
2551 3083 2970 3128 consentaneum
3026 3072 3127 3128 hoc
3179 3072 3337 3127 valde

1758 3161 1918 3219 faciat
1938 3206 1953 3226 ,
1986 3164 2053 3219 ab
2081 3164 2189 3219 alto
2215 3164 2363 3235 prius
2386 3164 2591 3233 jacicns
2620 3166 2824 3219 semina
2847 3207 2862 3229 ,
2906 3181 2971 3220 ex
3000 3167 3111 3235 ipsa
3143 3165 3339 3235 praedi-

1758 3257 1983 3311 cationis
2025 3272 2183 3314 causa
2235 3275 2249 3312 :
2302 3273 2496 3328 nempe
2535 3258 2677 3328 quod
2720 3272 2817 3327 pro
2860 3260 3091 3328 peccatis
3140 3260 3339 3313 nostris

1758 3358 2001 3403 mortuus
2048 3349 2440 3411 resurrexerit,
2474 3358 2528 3403 et
2574 3349 2715 3419 quod
2756 3348 2829 3403 sit
2876 3348 3123 3419 primitias
3152 3363 3337 3403 eorum

1755 3443 1844 3512 qui
1868 3442 2222 3497 dormierunt.
2254 3442 2507 3497 Primitize
2532 3442 2673 3497 enim
2697 3442 2971 3512 cujusnam
3000 3441 3198 3496 fuerint
3225 3443 3337 3512 pri-

1756 3534 1953 3600 mitiae,
1995 3534 2097 3588 nisi
2142 3549 2327 3588 eorum
2356 3534 2445 3604 qui
2478 3544 2762 3604 resurgunt
2788 3534 2807 3587 ἒ
2834 3535 3102 3604 quomodo
3145 3544 3323 3590 autem

1756 3626 1954 3681 fuerint
1996 3627 2281 3697 primitiae,
2330 3627 2430 3681 nisi
2473 3638 2754 3698 resurgant
2806 3628 2882 3684 illi
2930 3644 3156 3698 quorum
3208 3640 3334 3685 sunt

1757 3720 2002 3790 primitiae
2026 3720 2050 3773 ?
2076 3719 2345 3791 quomodo
2384 3736 2512 3790 ergo
2556 3736 2661 3774 non
2711 3722 3036 3790 resurgunt?
3073 3722 3117 3775 si
3157 3730 3334 3776 autem

1754 3828 1860 3867 non
1890 3821 2173 3883 resurgunt
2196 3853 2209 3877 ,
2240 3828 2336 3867 cur
2380 3812 2676 3868 resurrexit
2706 3811 2948 3868 Christus
2973 3813 2996 3866 ?
3022 3830 3118 3868 cur
3146 3814 3336 3869 venit?

1752 3919 1849 3960 cur
1877 3921 2093 3961 carnem
2134 3907 2408 3977 suscepit,
2454 3907 2497 3961 si
2530 3922 2746 3962 carnem
2798 3923 2902 3962 non
2951 3918 3067 3963 erat
3109 3909 3335 3963 suscita-

1755 3996 1928 4051 turus?
1950 4011 2055 4051 non
2082 3996 2223 4051 enim
2252 3996 2367 4066 ipse
2392 4012 2529 4067 opus
2555 3997 2789 4052 habebat
2822 4007 2877 4052 ut
2907 4009 3213 4069 resurgeret
3231 3998 3332 4054 nisi

1754 4098 1969 4160 propter
2013 4103 2131 4143 nos.
2174 4088 2281 4143 Sed
2327 4090 2441 4144 haec
2470 4089 2682 4159 quidem
2715 4090 2864 4159 ponit
2894 4099 3079 4160 postea
3112 4102 3333 4162 pregre;

1751 4176 1925 4242 diens,
1952 4178 2164 4251 interim
2192 4186 2370 4233 autem
2397 4178 2526 4233 dicit
2553 4197 2566 4233 :
2595 4179 2650 4234 Si
2674 4180 2871 4234 mortui
2894 4197 2998 4235 non
3027 4192 3329 4251 resurgunt,

1753 4286 1926 4339 neque
1953 4244 2197 4324 Christiis
2225 4270 2553 4337 resurrexit,
2584 4278 2773 4340 utpote
2801 4287 2923 4324 cum
2962 4272 3065 4325 hoc
3104 4273 3172 4326 sit
3202 4288 3334 4326 con-

1752 4378 1946 4417 nexum
1977 4378 1992 4416 :
2025 4378 2146 4417 nam
2174 4362 2217 4417 si
2247 4378 2350 4416 non
2390 4361 2579 4417 fuisset
2626 4372 3058 4429 resurrecturus,
3106 4379 3173 4418 nc
3200 4364 3330 4417 illud

1750 4455 1963 4525 quidem
1989 4454 2223 4510 fecisset.
2265 4453 2507 4509 Vidistiu'
2533 4455 2786 4523 paulatim
2818 4464 2982 4510 totam
3006 4456 3174 4511 everti
3214 4474 3332 4510 su..-

1750 4556 1919 4618 ceptae
1947 4548 2125 4603 carnis
2155 4547 2614 4617 dispensationem
2646 4590 2662 4614 ,
2703 4564 2767 4604 ex
2803 4548 2909 4602 illis
2939 4548 3146 4613 verbis,
3181 4557 3234 4602 et
3263 4564 3329 4603 ex

1750 4657 1816 4696 eo
1841 4640 1983 4712 quod
2012 4656 2117 4695 non
2152 4639 2403 4695 credatur
2426 4639 2828 4695 resurrrectio?
2874 4639 2978 4695 Sed
3011 4656 3150 4692 nunc
3198 4640 3329 4693 nihil

1750 4735 1877 4790 dicit
1901 4734 1965 4789 de
1982 4735 2157 4788 carnis
2179 4734 2539 4803 susceptione,
2569 4731 2661 4787 sed
2684 4733 2750 4787 de
2772 4732 3181 4786 resurrectione.
3215 4731 3328 4785 Non

1750 4832 1891 4886 enim
1917 4846 2131 4884 carnem
2163 4828 2467 4897 suscepisse
2495 4870 2511 4893 ,
2554 4827 2647 4882 sed
2688 4836 2958 4881 mortuum
2987 4840 3108 4879 esse
3146 4824 3329 4878 abolet

1753 4932 1976 4978 mortem
2008 4940 2021 4975 :
2057 4939 2177 4975 nam
2204 4938 2269 4975 eo
2293 4936 2509 4976 carnem
2538 4919 2765 4975 habente
2791 4918 2966 4972 adhuc
2996 4916 3324 4970 dominatum

1752 5016 2025 5070 obtinebat
2065 5015 2205 5068 illius
2251 5014 2510 5085 tyrannis.
2554 5013 2640 5066 14.
2684 5011 2744 5066 Si
2774 5025 2941 5064 autem
2974 5009 3203 5065 Christus
3224 5026 3328 5064 non

1752 5111 2021 5164 resurrexit
2045 5151 2060 5175 ,
2088 5109 2254 5162 inanis
2279 5115 2350 5161 est
2379 5106 2674 5175 prwdicatio
2703 5115 2894 5160 nostra.
2940 5105 3096 5174 Atqui
3130 5119 3329 5159 conse-

1751 5216 1919 5272 quens
1947 5210 2063 5255 erat
2086 5200 2300 5254 dicere:
2324 5198 2377 5253 Si
2403 5208 2579 5252 autem
2611 5198 2851 5252 Christus
2880 5212 2982 5249 non
3016 5197 3325 5260 resurrexit,

1755 5295 1997 5363 pugnatis
2041 5308 2162 5347 cum
2195 5292 2259 5345 iis
2302 5307 2422 5362 qua:
2466 5300 2590 5344 sunt
2631 5290 2920 5355 evidentia,
2974 5299 3175 5343 etcum
3221 5298 3328 5342 tam

1754 5386 1936 5440 multis
1954 5384 2245 5453 prephet-is,
2275 5391 2465 5438 etcum
2484 5397 2661 5435 rerum
2682 5382 2926 5436 veritate.
2954 5379 3059 5436 Sed
3083 5380 3132 5433 id
3161 5377 3327 5448 ponit,

1753 5477 1892 5549 quod
1918 5486 2001 5533 cst
2027 5477 2104 5531 eis
2132 5476 2301 5530 multo
2329 5474 2615 5529 terribilius
2646 5493 2657 5529 :
2688 5472 2868 5526 Inanis
2895 5481 2968 5525 est
2995 5487 3110 5541 ergo
3138 5469 3321 5539 pradi-

1753 5570 1884 5624 catio
1910 5579 2101 5631 nostra,
2139 5571 2304 5621 inanis
2326 5578 2397 5621 est
2424 5567 2550 5635 ﬁdes
2576 5576 2762 5620 vestra.
2793 5565 3074 5634 Exagitarc
3100 5575 3329 5629 namque

1753 5660 1863 5715 vult
1891 5660 2100 5713 illorum
2133 5669 2387 5713 mentem.
2432 5657 2748 5714 Universum
2773 5697 2789 5720 ,
2832 5654 3046 5728 inquit,
3082 5650 3320 5721 perdidi-

1751 5768 1889 5822 mus,
1913 5761 2137 5825 pereunt
2165 5750 2362 5818 omnia,
2392 5750 2435 5805 si
2466 5764 2569 5804 non
2603 5747 2911 5803 resurrexit.
2943 5743 3130 5799 Vidisti
3159 5756 3327 5811 quan-
