3802 6214
418 260 526 318 358

420 387 532 428 tum
562 372 632 427 sit
661 371 971 441 mysterium
1010 378 1274 436 suscepta:
1315 366 1495 421 carnis
1537 359 1993 436 dispensationis?

421 466 552 521 Nam
598 466 642 520 si
673 475 916 518 mortuus
955 478 1061 518 non
1109 462 1278 531 potuit
1310 474 1623 528 resurgere,
1666 472 1837 528 neque
1864 456 1994 510 abo-

421 558 569 612 litum
598 565 675 610 est
709 566 1005 625 peccatum,
1049 570 1220 622 neque
1248 568 1394 607 mors
1439 561 1522 606 est
1552 560 1856 619 perempta,
1897 563 1994 602 nec

421 649 656 704 ablutum
687 659 768 702 est
814 647 1192 712 maledictum,
1245 655 1431 711 etnon
1470 642 1642 695 solum
1683 657 1778 695 nos
1820 639 1994 694 inania

417 740 821 810 praedicaviutus
842 779 856 801 ,
887 737 981 793 sed
1013 753 1105 791 vos
1135 751 1346 808 quoque
1372 735 1673 790 credidistis
1701 734 1896 788 inania.
1931 732 1995 786 Et

419 849 524 886 nou
554 833 724 886 solum
758 831 879 886 hinc
907 830 1144 885 ostendit
1189 829 1572 885 absurditatem
1611 828 1798 882 borum
1829 828 1993 880 malo-

418 941 539 981 rum
565 926 870 996 dogmatqu
896 964 911 988 ,
941 923 1036 978 sed
1065 923 1227 978 etiam
1257 920 1454 975 acriter
1478 919 1753 982 decertat,
1781 917 1988 972 dicens:

422 1017 510 1072 15.
551 1015 848 1069 Inveniatur
873 1025 1041 1068 autem
1068 1021 1116 1068 et
1143 1013 1263 1085 falsi
1287 1021 1435 1067 testes
1459 1009 1586 1077 Dei,
1632 1010 1868 1080 quoniam
1897 1019 1993 1062 tes-

415 1110 678 1164 timonium
721 1110 943 1162 diximus
993 1108 1232 1162 adversus
1282 1105 1448 1160 Deum
1498 1104 1634 1174 quod
1679 1103 1992 1156 suscitaverit

414 1198 669 1255 Christum
697 1215 717 1255 :
743 1216 889 1266 quem
917 1215 1018 1253 non
1060 1197 1317 1253 suscitauit
1341 1238 1357 1264 ,
1396 1196 1440 1249 si
1480 1195 1663 1250 mortui
1689 1210 1787 1247 non
1826 1209 1991 1246 resur-

414 1301 558 1362 gunt.
601 1292 654 1346 Si
681 1301 861 1345 autem
892 1291 992 1345 hoc
1017 1299 1102 1346 est
1124 1288 1414 1344 absurdum
1442 1290 1459 1358 (
1486 1297 1570 1342 est
1596 1288 1740 1342 enim
1783 1287 1874 1340 Dei
1902 1302 1992 1340 ac-

414 1385 621 1439 cusatio
645 1393 699 1438 et
723 1385 983 1438 calumnia
1008 1386 1026 1451 )
1048 1424 1066 1450 ,
1097 1392 1276 1439 etnon
1303 1381 1551 1436 excitavit
1579 1390 1635 1435 ut
1661 1379 1854 1444 dicitis,
1883 1395 1988 1434 non

414 1479 519 1534 hoc
545 1479 716 1534 solum
736 1521 752 1544 ,
779 1479 874 1534 sed
901 1479 1068 1533 multa
1096 1478 1254 1532 etiam
1284 1476 1389 1530 alia
1419 1483 1709 1545 sequentur
1737 1474 1988 1528 absurda.

414 1571 485 1626 Et
503 1572 615 1642 ipsa
641 1586 826 1627 rursus
848 1571 1146 1634 confirmat,
1171 1578 1222 1624 et
1245 1567 1469 1622 assumit
1490 1567 1675 1621 dicens
1699 1583 1714 1620 :
1740 1566 1825 1621 16.
1853 1565 1990 1618 Nam

412 1663 460 1716 si
500 1663 686 1717 mortui
727 1679 828 1717 non
858 1671 1162 1735 resurgunt,
1217 1677 1377 1731 neque
1425 1658 1655 1714 Christus
1695 1660 1986 1713 resurrexit.

410 1753 542 1808 Nam
567 1753 613 1808 si
645 1753 746 1810 hoc
771 1769 877 1809 non
901 1765 1012 1809 erat
1041 1751 1273 1808 facturus
1291 1794 1306 1818 ,
1337 1767 1404 1806 ne
1423 1751 1728 1806 advenisset
1753 1750 1986 1820 quidem.

411 1844 522 1899 Hoc
548 1856 726 1900 autem
753 1860 858 1900 nou
888 1845 1056 1912 dicit,
1087 1844 1182 1899 sed
1213 1844 1402 1910 tinem,
1438 1858 1628 1912 nempe
1652 1842 1768 1910 ejus
1804 1858 1985 1898 resur-

409 1938 701 1991 rectionem
728 1977 746 2004 ,
791 1953 885 2007 per
915 1938 1082 2006 ipsam
1126 1950 1315 1991 omnes
1347 1935 1581 1990 trahens.
1627 1934 1713 1989 17.
1757 1934 1906 2001 Quod
1945 1937 1990 1990 si

409 2028 640 2084 Christus
667 2045 768 2083 non
791 2029 1083 2093 resurrexit,
1117 2044 1245 2082 vana
1265 2036 1338 2082 est
1358 2028 1484 2095 ﬁdes
1504 2037 1682 2080 vestra.
1714 2026 1774 2081 Ei
1801 2067 1817 2094 ,
1845 2029 1986 2098 quod

408 2131 493 2176 est
523 2120 860 2176 manifestum
892 2130 946 2176 et
975 2121 1040 2175 de
1070 2135 1174 2191 quo
1202 2127 1450 2183 constat,
1481 2119 1819 2174 continenter
1841 2119 1987 2174 addit

407 2214 606 2270 Christi
637 2214 1080 2270 resurrectionem
1105 2255 1120 2276 .
1169 2229 1236 2268 ex
1264 2228 1329 2269 eo
1354 2212 1494 2282 quod
1533 2222 1616 2268 est
1659 2211 1847 2268 fortius
1871 2256 1886 2277 ,
1935 2214 1986 2269 id

408 2307 608 2370 etiam.
659 2307 800 2378 quod
848 2307 1057 2363 videtur
1101 2321 1222 2364 esse
1271 2305 1597 2362 imbecillum
1631 2315 1686 2362 et
1725 2307 1982 2376 dubium,

407 2399 636 2456 reddens
667 2400 896 2456 validum
926 2409 980 2455 et
1009 2399 1368 2455 manifestum.
1425 2398 1608 2453 Adhuc
1637 2399 1756 2454 estis
1780 2399 1832 2452 in
1864 2416 1984 2469 pec-

403 2493 530 2547 catis
556 2493 750 2548 vestris.
791 2491 924 2549 Nam
952 2493 997 2548 si
1030 2507 1136 2546 non
1165 2491 1457 2547 resurrexit
1482 2532 1499 2558 ,
1528 2506 1628 2548 nec
1653 2503 1738 2548 est
1766 2492 1982 2562 quidem

403 2595 646 2640 mortuos
679 2601 693 2638 :
724 2584 769 2638 si
795 2593 974 2639 autem
1021 2598 1126 2638 non
1162 2589 1247 2638 est
1287 2593 1530 2637 mortuus
1551 2624 1567 2648 ,
1621 2597 1722 2639 nec
1749 2584 1984 2640 abolevit

401 2675 618 2742 quidem
649 2685 921 2744 peccatum
947 2691 962 2738 ;
995 2674 1111 2744 ejus
1143 2674 1286 2730 enim
1315 2689 1459 2728 mors
1493 2682 1576 2728 est
1604 2673 1825 2730 abolitio
1854 2691 1982 2746 pec-

399 2769 502 2822 cati
537 2787 549 2819 :
584 2766 711 2822 Ecce
737 2768 880 2822 enim
909 2809 924 2832 ,
955 2767 1124 2837 inquit
1147 2807 1163 2832 ,
1211 2766 1387 2836 Agnus
1432 2765 1526 2820 Dei
1562 2767 1650 2839 qui
1678 2767 1812 2821 tollit
1857 2784 1978 2837 pec-

399 2871 565 2914 catum
593 2861 769 2914 mundi
799 2859 975 2934 (Joan.
1012 2862 1061 2915 1.
1096 2861 1212 2930 9.9).
1240 2860 1521 2928 Quomodo
1549 2868 1726 2916 autem
1759 2861 1984 2916 tollens?

400 2952 591 3008 Morte.
620 2953 689 3008 Et
717 2954 835 3009 ideo
861 2955 1021 3010 etiam
1051 2953 1261 3008 vocavit
1286 2956 1494 3023 Agnum
1519 2995 1534 3022 ,
1567 2963 1625 3008 ut
1650 2954 1741 3024 qui
1768 2954 1983 3010 occide-

399 3054 567 3100 retur.
609 3043 668 3102 Si
696 3053 872 3100 autem
912 3061 1017 3100 uou
1049 3046 1374 3110 resurrexit,
1408 3061 1580 3116 neque
1610 3044 1709 3100 fuit
1735 3047 1978 3112 occisus;

398 3139 444 3192 si
475 3155 581 3194 non
631 3138 732 3194 fuit
759 3139 1002 3202 occisus,
1055 3153 1230 3209 neque
1261 3146 1535 3207 peccatum
1567 3146 1652 3192 est
1679 3138 1976 3202 abolitum;

397 3235 443 3292 si
475 3251 580 3290 non
607 3233 705 3288 fuit
733 3233 1014 3299 abolitum,
1040 3231 1095 3287 iu
1117 3248 1183 3288 eo
1209 3230 1373 3299 estis;
1395 3233 1439 3285 si
1461 3242 1640 3286 autem
1666 3232 1717 3285 in
1742 3247 1806 3285 eo
1825 3233 1977 3297 estis,

402 3328 596 3383 frustra
625 3325 1137 3396 przedicavimus;si
1183 3324 1377 3378 frustra
1421 3321 1846 3393 pnedicavimus,
1872 3321 1982 3375 fru-

403 3431 514 3475 stra
543 3419 863 3476 credidistis.
893 3416 1141 3488 Alioquin
1168 3425 1344 3470 autem
1374 3431 1519 3469 mors
1547 3430 1760 3484 quoque
1799 3424 1984 3470 manet

398 3511 752 3576 immortalis,
797 3511 842 3564 si
870 3525 974 3564 non
1016 3508 1330 3564 resurrexit.
1366 3507 1420 3562 Si
1453 3507 1595 3561 enim
1627 3508 1738 3576 ipse
1768 3521 1980 3578 quoque

398 3603 650 3658 detentus
675 3603 774 3658 fuit
800 3617 830 3656 a
859 3611 1032 3658 morte
1054 3642 1070 3669 ,
1105 3609 1160 3656 et
1197 3599 1434 3654 dolorem
1465 3599 1583 3668 ejus
1627 3616 1730 3652 non
1777 3599 1934 3653 solvit
1962 3616 1978 3665 ;

398 3695 668 3767 quomodo
712 3695 848 3751 alios
876 3709 1064 3751 omnes
1093 3692 1378 3756 liberavit,
1409 3693 1498 3762 qui
1534 3694 1646 3762 ipse
1676 3692 1852 3749 adhuc
1877 3692 1980 3747 de-

401 3789 712 3846 tinebatur?
754 3789 822 3843 Et
850 3787 972 3843 ideo
1011 3785 1282 3856 subjungit
1316 3803 1328 3838 :
1365 3787 1450 3840 18.
1499 3785 1632 3854 Ergo
1672 3793 1719 3837 et
1745 3785 1832 3855 qui
1857 3784 1982 3838 dor-

401 3884 619 3937 mierunt
662 3882 716 3936 in
753 3879 976 3945 Christo,
1009 3880 1280 3950 perierunt.
1326 3876 1393 3930 Et
1421 3875 1548 3946 quid
1578 3875 1735 3940 dico,
1770 3876 1940 3948 inquit
1961 3918 1976 3942 ,

400 3974 468 4030 de
498 3974 650 4029 vobis
672 4017 687 4040 ,
717 3989 837 4029 cum
865 3971 1028 4027 etiam
1056 3970 1130 4026 illi
1158 3984 1346 4024 omnes
1376 3969 1663 4038 perierint,
1693 3969 1781 4040 qui
1813 3978 1980 4023 totum

401 4067 768 4129 Confecerunt,
800 4075 856 4121 et
883 4065 1060 4120 futuro
1083 4105 1100 4130 ,
1130 4062 1271 4133 quod
1299 4071 1379 4117 est
1409 4062 1694 4125 incertum,
1727 4077 1829 4114 non
1859 4070 1982 4113 sunt

403 4158 632 4226 amplius
655 4156 878 4228 subjecti
905 4157 930 4209 ἲ
972 4154 1106 4211 Illud
1134 4161 1345 4220 autem,
1378 4150 1445 4206 In
1465 4151 1667 4206 Christo
1691 4195 1705 4217 ,
1737 4163 1828 4206 aut
1853 4151 1982 4206 dicit

407 4252 462 4307 in
499 4251 640 4317 fide,
696 4259 788 4304 aut
830 4248 920 4320 qui
969 4255 1186 4318 propter
1212 4245 1384 4316 ipsum
1411 4253 1537 4301 sunt
1609 4245 1842 4308 mortui,
1890 4245 1981 4315 qui

407 4345 574 4399 multa
618 4341 990 4398 sustinuerunt
1029 4337 1266 4409 pericula
1289 4378 1304 4404 ,
1335 4337 1427 4408 qui
1451 4335 1645 4392 multas
1673 4336 1816 4408 passi
1859 4345 1983 4389 sunt

399 4434 760 4500 afﬂictioues,
804 4434 892 4504 qui
935 4431 1162 4503 ingressi
1201 4437 1329 4486 sunt
1369 4443 1464 4499 per
1505 4429 1647 4483 viam
1676 4436 1977 4497 angustam.

397 4525 500 4584 Uhi
532 4540 672 4580 nunc
691 4534 814 4579 sunt
843 4523 1068 4579 scelesta
1089 4536 1182 4577 ora
1210 4519 1649 4579 Manichaeorum,
1680 4519 1770 4589 qui
1799 4515 1985 4572 dicunt

399 4633 526 4672 eum
555 4617 736 4672 dicere
760 4630 880 4670 eam
906 4629 1028 4684 quae
1057 4612 1146 4668 hic
1168 4622 1252 4670 est
1276 4610 1761 4674 resurrectionem,
1791 4623 1984 4678 nempe

400 4710 768 4766 liberationem
800 4724 828 4761 a
863 4703 1126 4777 peccato?
1166 4705 1324 4768 Densi
1356 4704 1499 4758 enim
1526 4703 1614 4759 isti
1654 4713 1708 4758 et
1745 4701 1981 4757 continui

402 4819 468 4858 ac
491 4801 754 4872 reciproci
799 4798 1097 4874 syllogismi
1142 4798 1275 4852 nihil
1328 4795 1565 4851 indicant
1616 4811 1806 4875 eorum
1865 4811 1985 4865 qua)

400 4893 475 4952 illi
503 4893 718 4956 dicunt,
767 4893 860 4946 sed
894 4891 942 4946 id
993 4890 1132 4962 quod
1176 4905 1275 4945 nos
1305 4889 1553 4943 dicimus.
1603 4887 1805 4942 Dicitur
1841 4886 1982 4942 enim

401 4984 725 5042 resurrectio
755 4983 868 5052 ejus
895 4983 1037 5054 quod
1067 4982 1260 5037 cecidit
1290 4979 1578 5036 restitutio.
1627 4979 1693 5034 Et
1722 4978 1842 5033 ideo
1872 4977 1984 5034 fre-

399 5085 630 5150 quenter
671 5076 930 5140 resumit,
977 5090 1083 5129 non
1136 5075 1306 5129 solum
1353 5072 1537 5128 dicens
1583 5071 1981 5136 resurrexisse,

402 5170 500 5226 sed
539 5170 701 5225 etiam
755 5167 996 5230 addens,
1049 5166 1133 5222 Ea:
1178 5168 1408 5223 mortuis.
1451 5167 1518 5221 Et
1541 5165 1806 5221 Corinthii
1855 5180 1984 5220 sane

405 5281 513 5322 non
539 5262 858 5320 dubitabant
902 5265 970 5318 de
1012 5262 1328 5318 remissione
1357 5271 1732 5331 peccatorum,
1774 5260 1869 5317 sed
1916 5260 1985 5315 de

405 5356 800 5413 resurrectione
810 5369 1118 5426 corporum.
1133 5352 1386 5420 Quasnam
1402 5363 1579 5409 autem
1596 5353 1816 5408 omnino
1834 5363 1987 5423 urget

342 5457 358 5523 ξ
409 5449 706 5506 necessitas
725 5489 740 5514 ,
774 5455 833 5501 ut
877 5445 922 5502 si
954 5443 1201 5499 homines
1228 5459 1336 5500 non
1366 5444 1474 5500 sint
1498 5444 1759 5515 ejusmodi
1791 5453 1850 5500 ut
1876 5460 1982 5499 non

407 5548 666 5611 peccent,
698 5553 768 5595 ne
793 5537 1040 5595 Christus
1063 5535 1278 5606 quidem
1305 5537 1376 5592 sit
1400 5535 1704 5607 bujusmodi
1728 5537 1751 5590 ?
1775 5536 1907 5591 Nam
1941 5537 1983 5592 si

409 5649 516 5688 non
561 5643 706 5689 esset
751 5633 1138 5698 suscitaturus,
1189 5644 1525 5703 consequens
1572 5641 1714 5688 esset
1763 5632 1940 5688 dicere
1966 5676 1980 5697 ,

405 5725 514 5782 Cur
531 5723 698 5794 venit,
727 5734 780 5782 et
804 5739 1021 5782 carnem
1047 5723 1272 5796 accepit,
1306 5733 1361 5781 et
1381 5723 1673 5781 resurrexit
1695 5725 1717 5778 ?
1741 5724 1806 5780 de
1830 5724 1984 5781 uobis

1099 252 1158 309 S.
1197 247 1474 308 JOANNIS
1507 244 1972 303 CHIHSOSTOMI
2011 243 2325 298 ARCIIIEP.
2367 245 2898 303 CONSTANTINOP.

3597 249 3692 306 336

2107 370 2284 416 autem
2309 362 2546 417 minime.
2575 362 2705 417 Nam
2731 373 2783 418 et
2812 362 3149 433 peccantibus
3178 361 3493 417 hominibus
3510 375 3571 417 et
3595 383 3690 420 tam

2105 456 2449 522 peccantibus
2473 494 2488 519 ,
2517 471 2636 509 cum
2678 456 2786 508 Deo
2817 470 3030 523 semper
3059 466 3140 508 est
3166 457 3306 523 quod
3340 456 3396 510 in
3427 474 3558 512 eum
3592 476 3688 512 nun

2100 548 2256 602 cadat
2287 558 2557 618 peccatum
2579 589 2594 611 ,
2625 561 2678 604 et
2716 566 2812 602 uos
2843 549 2987 602 illum
3017 564 3122 602 tnui
3153 552 3440 620 sequimur
3463 595 3480 617 ,
3523 568 3690 621 nequv

2102 633 2203 692 hoc
2252 637 2318 693 ad
2368 639 2496 694 illud
2559 640 2950 708 reciprocatur,
3005 641 3141 695 sicut
3189 642 3239 696 in
3291 645 3689 700 resurrecturi:

2102 742 2406 798 Corporum.
2447 729 2537 786 19.
2581 731 2642 785 Si
2685 732 2735 783 in
2769 732 2862 783 hac
2887 733 2987 785 vita
3013 740 3206 784 tantum
3234 733 3288 786 in
3331 731 3548 788 Christo
3586 751 3690 802 spe-

2099 830 2268 874 rantes
2293 838 2484 882 sumus.
2514 823 2898 878 miserabiliores
2921 842 3092 878 sumus
3116 826 3350 878 omnibus
3375 827 3686 880 hominibus.

2169 910 2221 965 5.
2256 911 2392 978 Quid
2421 912 2553 968 dicis
2573 955 2589 973 .
2615 930 2647 966 ο
2677 914 2882 970 Paule?
2913 916 3180 986 quomodo
3209 916 3259 970 in
3298 917 3399 971 liae
3434 918 3547 970 vita
3573 934 3687 986 spe-

2099 1012 2278 1057 rantes
2303 1018 2507 1068 sumus,
2532 1005 2576 1058 si
2605 1019 2826 1075 corpora
2853 1021 2959 1060 nou
2988 1017 3292 1077 resurgunt,
3322 1023 3453 1060 cum
3483 1022 3688 1063 maneat

2098 1095 2272 1147 anima
2302 1106 2354 1150 et
2393 1097 2460 1148 sit
2490 1097 2842 1153 immortalis?
2870 1100 3129 1169 Quoniam
3160 1101 3207 1154 si
3238 1112 3468 1156 maneat
3496 1105 3686 1165 anima,

2099 1195 2152 1240 et
2195 1187 2386 1241 millies
2429 1189 2496 1242 sit
2537 1189 2850 1246 immortalis
2877 1233 2892 1258 ,
2923 1193 3060 1247 sicut
3095 1203 3176 1247 est
3222 1211 3417 1248 revera
3446 1237 3464 1259 ,
3497 1197 3687 1265 absque

2097 1292 2257 1331 carne
2287 1294 2390 1331 non
2440 1279 2665 1349 accipiet
2694 1280 2828 1336 bona
2861 1282 2946 1336 illa
2977 1283 3264 1339 ineffabilia
3292 1327 3307 1349 ,
3343 1285 3493 1340 sicut
3529 1302 3684 1356 neque

2098 1371 2360 1438 punietur.
2407 1369 2591 1424 Omnia
2634 1373 2764 1425 enim
2810 1374 3262 1445 manifestabuntur
3306 1387 3434 1430 ante
3477 1379 3686 1431 tribuat

2096 1458 2314 1524 Christi,
2342 1472 2396 1515 ut
2419 1463 2632 1532 accipiat
2655 1465 2989 1536 unusquisque
3012 1484 3123 1538 quis
3148 1485 3238 1537 per
3275 1486 3480 1540 corpus
3508 1476 3681 1542 gasit,

2094 1551 2194 1604 sive
2219 1554 2346 1605 bona
2366 1595 2380 1618 ,
2411 1555 2514 1608 sive
2540 1554 2675 1608 mala
2709 1554 2781 1624 (2.
2814 1555 2931 1611 Cor.
2964 1557 3019 1611 5.
3053 1558 3162 1626 10).
3197 1559 3506 1629 Propterea
3535 1563 3681 1628 dicit,

2097 1642 2157 1698 Si
2187 1645 2238 1698 in
2265 1645 2358 1698 hac
2383 1647 2482 1699 vita
2511 1657 2705 1701 tantum
2732 1650 2783 1702 in
2814 1648 3011 1704 Christo
3045 1663 3308 1721 sperantes
3348 1671 3540 1709 sumus
3559 1698 3576 1722 ,
3597 1660 3683 1708 mi-

2095 1736 2410 1790 serabiliores
2447 1754 2619 1792 sumus
2659 1741 2888 1793 omnibus
2931 1741 3234 1796 hominibus.
3279 1744 3343 1798 Si
3389 1746 3548 1800 enim
3590 1763 3682 1801 non

2096 1829 2322 1898 resurgit
2349 1844 2576 1899 corpus,
2607 1830 2911 1886 incoronata
2942 1842 3120 1888 manet
3146 1836 3328 1889 anima
3358 1847 3524 1891 extra
3555 1839 3684 1894 illam

2097 1919 2476 1977 beatitudinem
2508 1939 2626 1992 quae
2665 1936 2747 1978 est
2791 1925 2842 1978 iu
2883 1927 3026 1980 cadis
3057 1944 3069 1978 :
3103 1927 3148 1980 si
3175 1939 3361 1983 autem
3393 1931 3508 1984 hoc
3541 1932 3610 1984 ita
3636 1949 3683 1986 se

2097 2015 2276 2080 habet,
2309 2025 2434 2069 tunc
2459 2015 2589 2070 nihil
2619 2017 2839 2071 omnino
2863 2033 3287 2088 consequemur:
3318 2021 3368 2075 si
3401 2032 3543 2076 tunc
3567 2025 3684 2077 nihil

2092 2122 2507 2178 consequemur,
2533 2109 2585 2163 in
2611 2111 2858 2180 praesenti
2886 2120 3008 2166 sunt
3034 2115 3531 2170 remuneratiOues.
3559 2115 3684 2183 Quid

2092 2214 2240 2270 ergo,
2271 2193 2461 2270 inquit.
2494 2201 2593 2257 hac
2619 2203 2826 2258 ratione
2853 2201 3012 2258 fuerit
3041 2203 3192 2260 nobis
3219 2205 3502 2262 infelicius
3524 2208 3549 2260 ?
3572 2209 3680 2264 [tu

2091 2303 2268 2351 autem
2299 2295 2510 2352 dicebat
2533 2337 2550 2362 ,
2573 2295 2730 2351 simul
2761 2306 2814 2352 et
2843 2311 2937 2352 eos
2962 2297 3284 2354 confirmans
3312 2314 3380 2354 ac
3403 2301 3680 2357 stabilis-ns

2090 2390 2144 2446 in
2175 2405 2242 2446 eo
2270 2391 2413 2462 quod
2443 2392 2638 2448 dicitur
2663 2391 2730 2449 de
2768 2396 3159 2451 resurrectione
3183 2411 3509 2467 corporum,
3543 2411 3596 2454 et
3620 2400 3683 2455 de

2090 2481 2377 2537 immortali
2403 2483 2488 2537 illa
2511 2484 2617 2539 vita
2644 2484 2991 2554 persuadens,
3016 2501 3082 2542 ne
3103 2487 3487 2558 existimarent
3508 2502 3676 2545 nostra

2087 2576 2268 2631 omnia
2294 2575 2514 2632 dissolvi
2539 2585 2594 2632 et
2618 2576 2865 2632 desinere
2897 2579 2948 2632 in
2978 2579 3245 2648 przesenti.
3269 2579 3405 2635 Nam
3435 2598 3565 2637 eum
3593 2601 3680 2652 prr

2089 2667 2444 2738 prtecedentia
2473 2669 2603 2723 satis
2631 2668 3004 2724 conﬁrmasset
3025 2671 3166 2740 quod
3191 2673 3407 2727 volebat
3433 2684 3496 2728 et
3525 2676 3677 2729 dixis-

2087 2767 2190 2825 set,
2216 2757 2276 2813 Si
2301 2758 2488 2812 mortui
2511 2775 2613 2812 non
2633 2769 2920 2830 resurgunt,
2944 2775 3099 2830 neque
3117 2759 3348 2817 Christus
3369 2773 3672 2822 resanuit;

2086 2850 2130 2904 si
2155 2861 2323 2904 autem
2352 2848 2581 2906 Christus
2622 2868 2723 2905 non
2759 2855 3062 2919 resurrexit,
3098 2854 3355 2923 periimus
3374 2897 3390 2921 ,
3418 2867 3482 2911 et
3513 2858 3672 2911 adhuc

2087 2956 2272 2997 sumus
2319 2942 2371 2996 in
2421 2943 2653 3010 peccatis
2683 2960 2696 2995 :
2726 2959 2913 2998 rursus
2957 2941 3057 2998 hoc
3103 2959 3316 3014 quoque
3363 2948 3674 3019 subjungit,

2087 3035 2366 3104 exagitans
2394 3035 2606 3090 illorum
2637 3031 3015 3105 arrogantiam.
3046 3035 3267 3102 Quando
3295 3039 3443 3092 enim
3478 3052 3568 3095 est
3594 3058 3675 3094 nc-

2086 3125 2376 3180 cessarium
2419 3125 2631 3197 aliquod
2673 3126 2862 3196 dogma
2888 3127 3306 3184 -introducturus
3332 3171 3346 3192 ,
3379 3140 3537 3186 metu
3569 3135 3670 3202 pri-

2086 3235 2232 3274 mum
2260 3219 2497 3288 percellit
2517 3220 2694 3274 cordis
2723 3236 2907 3275 eorum
2937 3221 3184 3277 duritiem
3215 3241 3231 3278 :
3257 3225 3402 3295 quod
3430 3227 3529 3281 hic
3555 3243 3676 3297 quo-

2086 3327 2189 3382 que
2215 3311 2362 3378 fecit,
2395 3323 2452 3366 ut
2479 3313 2566 3383 qui
2597 3323 2650 3367 et
2680 3314 2927 3384 superius
2954 3329 3016 3370 ea
3045 3314 3380 3386 disperserit,
3413 3329 3475 3373 et
3505 3321 3675 3374 animo

2086 3407 2274 3460 anxios
2302 3405 2614 3470 reddiderit,
2649 3416 2705 3460 ut
2733 3408 2821 3477 qui
2853 3407 2921 3463 ab
2948 3410 3196 3463 omnibus
3225 3412 3600 3476 excidissent;
3629 3428 3673 3468 rt

2088 3513 2230 3552 nunc
2257 3513 2444 3554 rursus
2469 3499 2656 3558 aliter.
2686 3509 2740 3554 et
2771 3513 2826 3554 ut
2866 3502 3096 3558 maxime
3132 3503 3349 3558 doleant
3370 3547 3386 3564 .
3421 3506 3571 3562 idem
3601 3508 3670 3561 f4-

2087 3591 2234 3645 ciens
2259 3605 2322 3646 ac
2349 3590 2535 3647 dicens
2564 3609 2576 3644 :
2612 3590 3001 3649 Miserabiliores
3031 3611 3204 3650 sumus
3236 3599 3475 3651 omnibus
3520 3601 3672 3653 hosti-

2087 3681 2268 3749 nibus,
2298 3682 2342 3736 si
2372 3692 2494 3752 post
2524 3691 2600 3736 tot
2629 3683 2762 3738 bella
2789 3692 2844 3739 et
2880 3694 3079 3740 mortes
3105 3697 3159 3741 et
3186 3689 3324 3742 mala
3359 3690 3667 3746 innumera-

2086 3774 2212 3828 bilia
2233 3815 2248 3840 ,
2281 3774 2444 3828 tantis
2480 3773 2634 3829 bonis
2673 3775 2840 3830 simus
2870 3777 3146 3846 privandi,
3180 3789 3236 3833 et
3266 3781 3406 3834 intra
3440 3798 3672 3850 pra-seris

2089 3874 2296 3936 tempus
2323 3875 2504 3921 nostra
2533 3866 2827 3921 consistant
2855 3885 2868 3920 :
2893 3869 3071 3923 omnia
3099 3869 3239 3924 enim
3269 3873 3512 3941 pendent
3540 3890 3570 3926 a
3595 3891 3672 3929 re-

2087 3959 2435 4014 surrectione.
2459 3956 2812 4027 Quamobrem
2837 3960 2958 4015 hinc
2977 3977 3188 4032 quoque
3204 3974 3288 4017 est
3307 3967 3668 4036 perspicuum.

2087 4049 2229 4120 quod
2255 4065 2361 4104 non
2384 4051 2690 4119 loqueretur
2711 4051 2778 4106 de
2805 4053 3053 4122 peccatis,
3077 4053 3172 4109 sed
3192 4054 3262 4110 de
3281 4059 3674 4114 resurrectione

2086 4159 2371 4214 corporum
2394 4184 2410 4210 ,
2445 4153 2500 4199 et
2533 4143 2599 4199 de
2630 4147 2734 4200 vita
2779 4146 3029 4215 pnesenti
3067 4155 3122 4202 et
3164 4146 3363 4202 futura.
3397 4149 3492 4206 ΞΟ.
3526 4149 3672 4204 Nam:

2087 4247 2255 4292 autem
2282 4235 2513 4292 Christus
2539 4239 2811 4292 resurrexit
2841 4255 2873 4291 a
2902 4242 3131 4303 mortuis,
3157 4240 3404 4308 primitiw
3426 4244 3673 4298 dormies-

2089 4331 2232 4384 tium.
2274 4331 2562 4401 Postquam
2601 4332 2836 4386 ostendit
2873 4342 3001 4400 quot
3038 4333 3178 4388 mala
3206 4335 3460 4392 oriantur
3481 4354 3554 4393 ex
3582 4355 3672 4405 eo,

2088 4423 2228 4492 quod
2259 4438 2364 4478 non
2395 4425 2642 4479 credatur
2680 4425 3005 4479 resurrectio
3027 4466 3043 4490 ,
3081 4441 3268 4480 rursus
3309 4432 3511 4498 repetit
3541 4435 3670 4502 quod

2089 4517 2288 4570 dictum
2315 4525 2416 4580 est,
2443 4527 2497 4570 et
2522 4515 2648 4570 dicit
2678 4534 2692 4570 :
2724 4515 2878 4570 Nunc
2903 4527 3071 4572 autem
3095 4517 3326 4574 Christus
3349 4526 3672 4578 resurraisa

2055 4678 2070 4684 _
2090 4610 2299 4663 mortuis
2322 4625 2341 4672 ;
2370 4610 2625 4664 continuo
2654 4609 2876 4673 addens,
2908 4611 2954 4662 Α
2981 4611 3211 4675 mortuis,
3240 4621 3301 4666 ut
3337 4614 3562 4671 obturet
3587 4632 3669 4671 ora

2092 4701 2486 4755 luereticorum.
2531 4699 2782 4754 Primitiae
2818 4718 2990 4754 eorum
3025 4703 3113 4772 qui
3140 4703 3484 4761 dormierunt.
3515 4706 3573 4762 Si
3601 4721 3672 4760 est

2089 4805 2265 4850 autem
2315 4794 2592 4862 primitim,
2630 4809 2724 4848 eos
2767 4809 2979 4864 quoque
3020 4803 3235 4864 oportet
3276 4812 3584 4868 resurgere.
3622 4802 3668 4848 Si

2090 4897 2267 4942 autem
2285 4885 2731 4942 resurrectionem
2753 4887 2956 4941 diceret
2974 4885 3347 4941 liberationem
3368 4903 3399 4942 a
3426 4892 3664 4958 peccati~.

2091 4992 2250 5032 nemo
2276 4986 2453 5032 autem
2482 4985 2564 5032 est
2591 4975 2792 5047 absque
2830 4985 3050 5046 peccato
3079 4976 3239 5046 (nam
3277 4977 3481 5034 Paulus
3509 4980 3630 5035 dicit
3653 5022 3666 5043 ,

2092 5069 2244 5125 Nihil
2266 5069 2389 5123 mihi
2407 5070 2634 5123 conscius
2657 5085 2786 5135 sum,
2810 5069 2900 5124 sed
2923 5085 3020 5123 non
3041 5069 3094 5122 in
3117 5069 3212 5121 hoc
3234 5071 3545 5138 iustiﬁcata:
3570 5091 3665 5125 sum

2087 5159 2168 5232 [1.
2199 5164 2318 5221 Cor.
2351 5164 2402 5218 4.
2436 5162 2524 5236 4])
2550 5179 2564 5229 ;
2593 5161 2861 5233 quomodo
2894 5171 3053 5217 erunt
3083 5161 3246 5231 aliqui
3272 5165 3368 5234 qui
3397 5176 3666 5236 resurgant

2091 5257 2383 5314 secundum
2413 5266 2645 5311 vestram
2687 5254 3008 5310 sententiam
3027 5253 3054 5308 *ἒ
3082 5254 3270 5308 Viden'
3297 5272 3423 5310 eum
3454 5273 3576 5312 esse
3602 5259 3667 5312 to.

2091 5360 2314 5422 quotum
2339 5348 2405 5405 de
2424 5347 2779 5419 corporibus?
2804 5347 2871 5401 Et
2892 5356 2946 5401 ut
2968 5346 3069 5401 hoc
3093 5349 3194 5402 fide
3215 5347 3438 5418 dignum
3459 5349 3664 5410 faceret.

2092 5446 2347 5503 continuo
2373 5443 2649 5498 Christum
2677 5441 2893 5498 adducit
2920 5441 2972 5496 in
3013 5441 3282 5508 medium,
3311 5443 3404 5513 qui
3435 5445 3491 5498 in
3519 5460 3666 5498 atrae

2092 5535 2428 5595 resurrexit:
2455 5533 2650 5589 deinde
2672 5534 2833 5589 etiam
2857 5531 3011 5588 affert
3036 5549 3274 5589 causam.
3301 5532 3437 5590 Nam
3465 5546 3521 5590 ut
3544 5537 3661 5598 dixi.

2094 5631 2306 5702 quando
2334 5629 2579 5686 enuntiat
2603 5627 2854 5699 quidem,
2882 5643 3098 5684 causam
3140 5638 3319 5684 autem
3360 5646 3470 5685 non
3509 5631 3653 5687 dicit.

2099 5740 2205 5782 non
2233 5733 2338 5781 tam
2367 5722 2520 5780 facile
2549 5738 2577 5775 a
2607 5721 2790 5778 multis
2814 5719 3109 5777 admittitur
3127 5733 3180 5778 et
3204 5721 3459 5793 probatur
3480 5721 3654 5780 oratio.
