3802 6214
187 244 269 302 535
1078 250 1147 307 ια
1187 247 1469 308 39131.1
1532 245 1624 303 AD
1654 244 1701 302 cl

1810 284 1816 299 .
1858 245 2100 312 ιιοιιιι..
2140 251 2384 310 XXXIX.

183 362 253 416 ὅτι
281 356 746 430 ἐμαρτυρήσαμεν
780 364 908 417 κατ’
931 363 1140 430 αὐτοῦ,
1193 364 1284 419 ὅτι
1336 362 1533 434 ἤγειρε
1589 361 1698 416 τὸν

182 440 402 513 Χριστὸν,
452 441 524 496 ὃν
549 444 658 496 οὐκ
691 442 950 514 ἤγειρεν,
977 447 1144 516 εἴπερ
1177 445 1291 517 ἄρα
1333 446 1532 514 νεκροί
1586 446 1698 498 οὐκ

180 525 470 596 ἐγείρονται.
528 526 590 579 Et
655 526 712 580 δὲ
769 528 969 583 ἀτοπον
1000 529 1161 584 τοῦτο
1221 527 1562 600 (κατηγορία
1590 526 1700 597 γὰρ

179 607 286 664 Θεοῦ
307 610 382 660 καὶ
415 609 803 680 συκοφαντία),
838 612 934 664 καὶ
956 613 1057 665 οὐκ
1108 613 1353 684 ήγειρεν,
1407 611 1483 675 ὥς
1539 627 1698 679 φατε,

177 695 225 748 οὐ
248 691 376 745 τοῦτο
421 694 600 763 μόνον,
651 693 787 748 ἀλλά
818 695 911 748 καὶ
940 695 1103 767 ἐτερα
1139 697 1329 766 ἐψεται
1360 697 1555 751 ἄτοπα.
1591 695 1700 747 Καὶ

176 776 307 830 πάλιν
342 776 468 829 αύτά
513 778 942 842 κατασκευάζει,
976 781 1070 832 καὶ
1099 780 1471 850 ἀναλαμϐάνει
1503 778 1696 845 λέγων·

175 863 232 916 El
275 860 367 930 τὰρ
412 860 611 929 νεκροί
668 864 780 916 οὐκ
837 865 1186 933 ἐγείρονται,
1245 863 1388 918 οὐδὲ
1449 862 1702 931 Χριστὸς

171 942 450 1013 ἐγήγερται.
482 944 544 997 Ei
573 944 682 1016 γάρ
711 947 786 1016 μὴ
819 945 1012 1017 ἔμελλε
1055 947 1216 1002 τοῦτο
1263 951 1461 1010 ποιεῖν,
1493 946 1603 999 οὐδ’
1633 945 1701 999 ἀν

172 1024 481 1096 παρεγένετο.
526 1027 667 1080 Ἀλλ’
703 1030 764 1082 οὐ
788 1030 935 1099 λέγει
961 1030 1141 1096 τοῦτο,
1171 1031 1301 1085 ἀλλὰ
1327 1031 1384 1084 τὸ
1403 1031 1577 1092 τέλος,
1600 1028 1702 1098 τὴν

172 1110 422 1164 ἀνάστασιν
470 1111 660 1174 αὐτοῦ,
708 1113 774 1165 δι’
805 1115 974 1186 αὐτῆς
1026 1117 1236 1179 πάντας
1269 1116 1464 1168 ἐλκων.
1515 1116 1586 1168 El
1633 1113 1702 1166 δὲ

167 1191 384 1260 Χριστὸς
407 1195 516 1247 οὐκ
550 1193 877 1264 ἐγήγερται,
908 1199 1130 1268 ματαία
1170 1199 1207 1268 ἢ
1261 1200 1466 1264 πίστις
1515 1197 1700 1266 ὑμῶν.

168 1276 242 1346 Τῷ
294 1278 435 1343 σαφεῖ
488 1278 582 1330 καὶ
638 1279 1048 1353 ὡμολογημένῳ
1106 1283 1204 1351 τὴν
1259 1281 1556 1335 ἀνάστασιν
1605 1280 1699 1334 τοῦ

163 1359 370 1431 Χριστοῦ
396 1362 632 1430 συνεχῶς
665 1363 1027 1435 περιτίθησιν,
1061 1365 1168 1419 ἀπὸ
1208 1363 1302 1418 τοῦ
1351 1363 1700 1434 ἰσχυροτέρου

163 1442 324 1496 καὶτὸ
360 1443 578 1507 ἀσθενὲς
606 1439 742 1498 εἶναι
772 1445 964 1502 δοκοῦν
1012 1449 1106 1500 καὶ
1151 1446 1453 1518 ἀμφίϐολον
1486 1447 1702 1517 ίσχυρδν

163 1524 310 1580 ποιῶν
354 1528 440 1580 καὶ
493 1528 682 1596 σαφές.
738 1531 860 1584 Ἔτι
888 1531 1031 1585 ἐστέ
1077 1531 1146 1584 ἐν
1200 1531 1329 1597 ταῖς
1389 1530 1704 1600 ἁμαρτίαις

159 1609 322 1680 ὑμῶν.
356 1611 414 1663 Et
436 1611 545 1683 γάρ
571 1611 671 1665 οὐκ
697 1612 933 1684 ἠγέρθη,
964 1613 1085 1667 οὐδὲ
1117 1613 1408 1668 ἀπέθανεν·
1443 1617 1491 1667 εί
1517 1613 1574 1667 δὲ
1603 1614 1703 1666 οὐκ

157 1695 420 1758 ἀπέθανεν,
443 1695 565 1749 οὐδὲ
590 1695 689 1767 τὴν
719 1697 994 1768 ἁμαρτίαν
1025 1697 1235 1752 ἔλυσεν·
1267 1700 1296 1749 ὁ
1327 1697 1439 1767 γὰρ
1470 1697 1701 1762 Θάνατος

153 1779 321 1838 αὐτοῦ.
354 1779 450 1850 τῆς
475 1781 748 1852 ἁμαρτίας
779 1779 927 1854 [565]
958 1781 1132 1846 λύσις·
1163 1782 1284 1838 Ἴδε
1307 1783 1437 1854 γὰρ,
1463 1782 1649 1854 φησὶν,
1671 1784 1703 1834 ό

163 1860 360 1931 Ἀμνὸς
389 1862 494 1917 τοῦ
551 1863 700 1918 Θεοῦ
751 1868 783 1917 ὁ
836 1865 1021 1933 αιρων
1078 1865 1193 1934 τὴν
1241 1867 1536 1936 ἁμαρτίαν
1595 1865 1704 1920 τοῦ

149 1948 387 2014 κόσμου.
426 1946 551 2011 Πῶς
576 1948 634 2002 δὲ
658 1949 860 2019 αῖρων;
900 1949 992 2020 Τῷ
1019 1950 1255 2023 θανάτῳ.
1283 1950 1376 2003 Διὸ
1407 1949 1502 2004 καὶ
1532 1948 1705 2017 ἀμνὸν

147 2029 410 2094 ἐκάλεσεν,
437 2031 515 2094 ὡς
544 2032 936 2103 σφαττόμενον.
973 2035 1035 2086 El
1081 2034 1138 2086 δὲ
1184 2035 1286 2088 οὐκ
1316 2033 1539 2105 ἀνέστη,
1583 2033 1705 2086 ούδέ

144 2113 369 2183 ἐσφάγη·
402 2115 449 2167 εί
500 2115 559 2168 δέ
607 2116 708 2169 οὐκ
743 2117 983 2189 ἐσφάγη,
1027 2119 1149 2172 οὐδὲ
1173 2120 1207 2189 ἡ
1236 2119 1480 2189 ἁμαρτία
1516 2117 1700 2190 ἐλύθη·

142 2199 184 2250 εί
202 2197 368 2251 δέούκ
392 2197 574 2271 ἐλύθη,
596 2200 654 2252 ἐν
683 2201 820 2272 αὐτῇ
850 2203 994 2254 ἐστε·
1021 2203 1068 2255 εί
1089 2203 1145 2256 δὲ
1171 2205 1229 2256 ἐν
1251 2203 1388 2274 αὐτῇ
1410 2203 1554 2263 ἐστε,
1579 2203 1705 2273 είκῆ

142 2279 493 2351 ἐκηρύξαμεν·
514 2283 563 2335 εί
583 2283 641 2336 δὲ
660 2283 781 2354 είκῆ
803 2285 1168 2357 ἐκηρύξαμεν,
1185 2286 1305 2357 είκῆ
1323 2285 1702 2340 ἐπιστεύσατε.

140 2363 342 2428 Ἄλλως
364 2363 420 2418 δὲ
440 2366 536 2418 καὶ
550 2368 578 2419 ό
593 2366 822 2432 θάνατος
837 2369 1107 2432 ἀθάνατος
1132 2370 1302 2441 μένει,
1316 2373 1363 2423 εί
1384 2371 1460 2441 μὴ
1477 2371 1702 2439 ἀνέστη.

138 2447 194 2498 Εἰ
221 2446 329 2517 γάρ
363 2449 458 2502 καὶ
490 2448 652 2513 αὐτὸς
678 2452 983 2523 κατεσχέθη
1032 2453 1137 2506 ὑπὸ
1177 2452 1273 2507 τοῦ
1321 2453 1576 2519 θανάτου,
1611 2455 1708 2508 καὶ

129 2529 226 2581 οὐκ
273 2530 469 2583 ἔλυσεν
497 2531 665 2586 αὐτοῦ
721 2533 821 2597 τὰς
863 2535 1080 2600 ὠδῖνας,
1133 2536 1253 2600 πῶς
1310 2537 1522 2601 πάντας
1580 2539 1706 2601 τοὺς

129 2612 320 2676 ἄλλους
365 2613 680 2685 ἀπήλλαξεν
728 2617 808 2671 ἐτι
847 2619 1010 2682 αὐτὸς
1055 2620 1454 2691 κατεχόμενος;
1491 2622 1582 2674 Διὸ
1614 2622 1708 2674 καὶ

126 2697 362 2765 ἐπάγει·
422 2699 564 2767 Ἄρα
624 2701 724 2754 καί
789 2704 843 2756 οι
907 2702 1292 2772 κοιμηθέντες
1349 2704 1421 2757 ὲν
1475 2703 1709 2772 Χριστῷ

122 2780 468 2835 ἀπώλοντο.
504 2783 615 2836 Kal
638 2785 692 2836 τί
725 2784 870 2852 λέγω
895 2786 1026 2857 περὶ
1054 2785 1231 2857 ὑμῶν,
1261 2788 1447 2859 φησὶν,
1481 2788 1614 2841 ὅπου
1643 2805 1708 2853 γε

124 2865 215 2917 καὶ
246 2863 458 2918 ἐκεῖνοι
496 2865 696 2930 πάντες
728 2868 1098 2932 ἀπολώλασιν,
1156 2871 1206 2924 οἱ
1255 2871 1317 2924 τὸ
1367 2872 1476 2925 πᾶν
1523 2871 1709 2924 διανύ-

121 2965 338 3013 σαντες,
400 2948 496 3002 xal
522 2949 621 3020 οὐχ
653 2949 1004 3022 ύποκείμενοι
1037 2952 1223 3007 λοιπὸν
1264 2956 1331 3026 τῇ
1380 2954 1573 3026 ἀδηλίᾳ
1611 2954 1708 3008 τοῦ

124 3033 458 3103 μέλλοντος;
496 3031 568 3086 Τὸ
593 3034 669 3098 δὲ,
719 3037 821 3089 Ἐν
853 3035 1102 3105 Χριστῷ,
1131 3037 1163 3107 ἢ
1195 3037 1257 3090 τὸ
1304 3040 1362 3091 ἐν
1413 3041 1480 3109 τῇ
1529 3039 1710 3093 πίστει

117 3117 310 3186 φησὶν,
343 3117 380 3186 ἢ
404 3118 458 3169 οί
488 3117 555 3170 δι’
583 3117 745 3171 αὑτὸν
780 3120 1165 3184 ἀποθανόντες,
1208 3121 1257 3173 οἱ
1304 3120 1533 3184 πολλοὺς
1575 3123 1706 3175 ὑπο-

120 3201 420 3270 μείναντες
475 3203 793 3268 κινδύνους,
859 3205 910 3256 οί
965 3204 1167 3268 πολλὰς
1218 3204 1613 3276 ταλαιπωρίας,
1660 3208 1709 3259 οἱ

117 3283 200 3338 διά
226 3284 340 3354 τῆς
377 3289 578 3357 στενῆς
611 3287 732 3341 ὁδοῦ
787 3287 1122 3358 βαδίσαντες.
1181 3289 1290 3342 Ποῦ
1347 3289 1442 3344 νῦν
1490 3292 1598 3343 είσι
1640 3291 1712 3344 τά

117 3367 340 3438 πονηρά
369 3369 491 3423 τῶν
515 3371 834 3442 Μανιχαίων
859 3373 1122 3443 στόματα,
1154 3374 1264 3426 τῶν
1293 3373 1558 3443 λεγόντων
1582 3375 1712 3429 ἀνά-

117 3466 314 3504 στασιν
390 3453 562 3506 αὐτὸν
614 3454 849 3508 ἐνταῦθα
904 3455 1084 3523 λέγειν
1131 3459 1229 3526 τῆς
1282 3457 1558 3529 ἁμαρτίας
1612 3459 1710 3530 τὴν

117 3535 492 3606 ὶπαλλαγήν;
552 3538 615 3590 Ol
678 3537 787 3610 γὰρ
846 3539 1041 3592 πυκνοὶ
1101 3533 1246 3593 οὗτοι
1309 3541 1406 3595 καὶ
1467 3546 1713 3613 συνεχεῖς

117 3619 493 3690 συλλογισμοὶ
573 3623 665 3675 καὶ
746 3623 1202 3694 ἀντιστρέφοντες
1277 3626 1430 3680 οὐδὲν
1505 3628 1712 3682 τούτων

117 3703 503 3772 ,μφαίνουσιν
547 3697 622 3757 ὧν
676 3707 873 3758 ἐκεῖνοι
927 3705 1198 3774 λέγουσιν,
1244 3707 1362 3762 ἀλλ’
1381 3711 1519 3778 ὅπερ
1553 3713 1714 3782 ἡμεῖς

117 3803 319 3855 1ςαριεν.
363 3787 488 3840 Καὶ
510 3787 616 3858 γὰρ
644 3789 934 3852 ἀνάστασις
964 3791 1056 3842 τοῦ
1098 3794 1445 3856 πεπτωκότος
1471 3793 1710 3862 λέγεται.

117 3869 196 3922 ίιὰ
247 3868 440 3923 τοῦτο
469 3871 564 3923 καὶ
604 3871 841 3940 συνεχῶς
899 3873 1138 3941 ἐπιλέγει
1191 3875 1252 3927 οὐ
1303 3874 1364 3928 τὸ
1412 3877 1713 3946 ἐγηγέρθαι

117 3955 296 4017 ιόνον,
352 3953 508 4006 ἀλλά
554 3956 649 4006 καὶ
697 3954 778 4016 τὸ,
824 3956 919 4008 Ἐκ
955 3956 1205 4023 νεκρῶν,
1241 3961 1571 4030 προστιθείς.
1605 3961 1714 4015 Καὶ

117 4037 413 4109 ἱορίνθιοι
444 4037 583 4091 δὲού
623 4040 752 4109 περὶ
806 4040 1054 4108 ἀφέσεως
1108 4041 1525 4113 ἁμαρτημάτων
1566 4046 1714 4114 ἀμφ-

117 4121 371 4188 ϐαλλον,
409 4120 557 4175 ἀλλὰ
585 4123 714 4193 περὶ
743 4122 1012 4192 σωμάτων
1055 4126 1418 4191 ἀναστάσεως.
1472 4129 1608 4182 Ποία
1657 4130 1714 4182 δὲ

117 4204 232 4267 λως
257 4205 540 4276 ἀνάγκη,
571 4206 620 4258 εί
651 4205 726 4275 μὴ
757 4206 1135 4276 ἀναμάρτητοι
1170 4208 1278 4261 εῐεν
1323 4210 1374 4262 οί
1415 4210 1712 4282 ἄνθρωποι,

119 4287 231 4356 ηδὲ
261 4287 379 4340 τὸν
416 4287 665 4358 Χριστὸν
711 4286 872 4341 τοῦτο
915 4285 1086 4354 εἷναι;
1121 4291 1183 4343 El
1224 4292 1333 4362 γάρ
1379 4293 1452 4363 μὴ
1495 4293 1716 4363 ἔμελλεν

117 4372 382 4440 τείρειν,
421 4370 724 4424 ἀκόλουθον
751 4372 811 4424 τὸ
841 4372 1042 4442 λέγειν,
1068 4373 1211 4437 τίνος
1233 4375 1416 4430 ἕνεκεν
1444 4374 1597 4448 ἦλθε,
1623 4381 1718 4432 καὶ

117 4455 278 4526 ἱρκα
341 4453 557 4520 ἔλαϐε,
608 4457 702 4508 καὶ
754 4456 989 4527 ἀνέστη;
1021 4457 1082 4510 τὸ
1108 4458 1164 4510 δὲ
1196 4460 1463 4532 ἡμέτερον
1507 4463 1713 4519 οὐκέτι.

119 4540 185 4591 αὶ
220 4539 363 4611 γὰρ
403 4539 843 4610 ἁμαρτανόντων
885 4539 1188 4612 ἀνθρώπων
1237 4544 1330 4596 καὶ
1363 4546 1437 4614 μὴ
1463 4546 1716 4620 ἁμαρτα-

117 4622 324 4689 ῖντων,
361 4621 482 4675 ἀεὶ
515 4621 727 4674 σύνεστι
770 4621 847 4692 τῷ
875 4622 996 4694 Θεῷ
1050 4624 1109 4676 τὸ
1159 4627 1568 4698 ἀναμάρτητον,
1622 4633 1718 4685 καὶ

121 4725 164 4776 χ
202 4707 463 4759 ἕπεται
509 4705 570 4757 τδ
622 4705 886 4776 ἡμέτερον
934 4708 1151 4779 ἐκείνῳ,
1207 4711 1328 4763 οὐδὲ
1371 4714 1718 4785 ἀντιστρέφει

123 4791 242 4843 ὖτο
295 4789 485 4860 πρὸς
531 4789 727 4853 ἐκεῖνο,
779 4789 966 4861 ὥσπερ
997 4792 1092 4844 ἐπὶ
1142 4793 1242 4863 τῆς
1287 4794 1398 4848 τῶν
1451 4799 1718 4867 σωμάτων

119 4875 520 4935 αστὰσεως.
550 4875 618 4929 El
645 4873 715 4926 ἐν
737 4872 812 4942 τῇ
842 4873 954 4944 ζωῇ
979 4877 1163 4944 ταύτῃ
1187 4878 1504 4945 ἠλπικότες
1530 4883 1719 4950 ἐσμὲν

118 4983 119 4988 η
146 4957 465 5029 Χριστῷ
486 4959 700 5028 μόνον,
725 4960 1108 5028 ἐλεεινότεροι
1133 4962 1374 5016 πάντων
1395 4965 1719 5035 ἀνθρώπων

117 5046 293 5116 μέν.

117 5183 201 5247 γ’,
233 5175 328 5229 Τί
361 5174 609 5241 λέγεις,
626 5189 672 5228 ω
697 5171 905 5236 ﬂatile;
927 5171 1043 5236 πῶς
1063 5173 1118 5225 ἐν
1140 5174 1206 5244 τῇ
1230 5175 1342 5244 ζωῇ
1364 5174 1533 5248 ταύτῃ
1559 5178 1718 5248 μόνον

117 5260 417 5321 κιχόντες
457 5256 664 5328 ἐσμὲν,
696 5259 746 5310 εἰ
775 5255 1003 5326 σώματα
1035 5256 1137 5310 οὐκ
1164 5259 1458 5330 ἐγείρεται,
1492 5260 1592 5331 τῆς
1619 5261 1721 5332 ψυ-

117 5364 145 5410 ς
181 5341 556 5417 μενούσης
585 5342 682 5396 καὶ
727 5340 997 5396 ἀθανάτου
1041 5340 1238 5414 οὕσης;
1277 5343 1398 5397 Ὀτι
1427 5344 1532 5399 κᾶν
1581 5346 1718 5418 μένῃ

117 5431 314 5502 ιιδχὴ,
382 5426 537 5482 κᾶν
589 5427 846 5497 μυριάκις
877 5424 1144 5489 ἀθάνατος
1191 5421 1251 5500 ᾖ,
1284 5426 1472 5498 ὥσπερ
1498 5423 1592 5482 οὖν
1624 5431 1720 5483 καὶ

117 5535 184 5580 γι,
225 5514 374 5584 τῆς
409 5509 649 5580 σαρκὸς
670 5509 838 5580 χωρὶς
863 5509 964 5562 οὐκ
987 5508 1324 5581 ἀπολήψεται
1343 5510 1414 5563 τά
1433 5511 1720 5584 ἀπόρρητα

117 5597 245 5655 ιθά
280 5595 573 5658 ἐκεῖνα,
603 5592 789 5664 ὥσπερ
811 5589 905 5646 οὖν
929 5592 1048 5647 οὐδὲ
1078 5593 1489 5666 κολασθήσεται·
1518 5595 1720 5651 Πάντα

117 5702 140 5738 )
180 5699 349 5754 φναν
361 5677 777 5750 ερωθήσεται
805 5677 1142 5748 ἔμπροσθεν
1179 5677 1284 5734 τοῦ
1313 5679 1586 5749 ,ϐήματος
1615 5679 1718 5734 τοῦ

3267 254 3378 312 530

1801 361 2061 430 Χριστοῦ
2085 407 2100 433 ,
2158 367 2260 421 ἵνα
2307 368 2566 434 ἕκαστος
2616 370 2934 438 κομίσηται
2995 370 3066 423 τὰ
3120 368 3219 423 διὰ
3267 368 3376 424 τοῦ

1800 444 2092 514 σώματος,
2125 450 2274 519 πρὸς
2300 451 2336 504 ἁ
2365 450 2647 518 ἔπραξεν,
2675 451 2795 504 εἴτε
2825 451 3014 519 ἀγαθά
3046 451 3166 505 εἶτε
3199 451 3371 505 κακά.

1800 527 1899 583 Διά
1936 529 2092 583 τοῦτό
2135 549 2318 603 φησιν·
2353 532 2418 586 El
2451 534 2520 586 ἐν
2565 531 2645 601 τῇ·
2686 531 2802 601 ζωῇ
2836 534 3022 601 ταύτῃ
3053 535 3376 602 ἠλπικότες

1799 610 1987 681 ἐσμὲν
2037 615 2108 667 ἐν
2163 614 2394 684 Χριστῷ
2442 617 2649 684 μόνον,
2702 617 3089 684 ἐλεεινότεροι
3136 617 3378 670 πάντων

1799 695 2364 769 ἁνθρώπων¹ἐσμέν.
2399 701 2463 754 El
2496 701 2605 772 γάρ
2634 701 2734 754 οὐκ
2761 700 3046 754 ἀνίσταται
3085 700 3146 753 τὺ
3197 701 3374 769 σῶμα,

1801 779 2180 849 ἀστεφάνωτος
2209 784 2242 853 ἡ
2272 782 2421 853 ψυχὴ
2455 781 2605 854 [366]
2644 783 2796 853 μένει
2826 783 2931 849 ἔξω
2961 784 3059 854 τῆς
3107 783 3375 854 μακαριό-

1800 879 1962 933 τητος
1989 865 2205 935 ἐκείνης
2234 867 2334 936 τῆς
2377 869 2434 920 ἐν
2462 868 2730 938 οὐρανοῖς·
2757 871 2805 920 εί
2847 868 2905 921 δὲ
2952 866 3132 931 τοῦτο,
3166 866 3377 930 οὐδενὸς

1802 944 2228 1017 ἀπολαυσόμεθα
2256 949 2380 1002 τότε
2413 949 2662 1004 καθόλου·
2700 953 2747 1003 εἰ
2780 951 2840 1004 δὲ
2878 950 3000 1004 τότε
3043 949 3278 1011 οὐδενὸς,
3317 951 3378 1003 ἐν

1801 1028 1880 1099 τῷ
1908 1031 2136 1100 παρόντι
2186 1035 2256 1086 τά
2309 1033 2418 1086 τιῖιν
2457 1033 2721 1103 ἀμοιϐῶν.
2760 1034 2826 1086 Τί
2880 1029 2973 1088 οὖν
3025 1033 3183 1104 ήμῶν
3237 1034 3380 1086 κατά

1801 1111 1958 1165 τοῦτο
1985 1113 2312 1186 ἀθλιώτερον
2339 1116 2536 1184 γένοιτ’
2572 1117 2660 1177 ἂν,
2702 1118 2870 1188 φησί;
2902 1118 3086 1172 Ταῦτα
3108 1116 3170 1169 δὲ
3192 1115 3385 1184 ἔλεγεν

1801 1195 1938 1266 ὁμοῦ
1975 1197 2076 1267 μὲν
2103 1200 2184 1262 είς
2230 1199 2323 1253 τὸν
2359 1202 2488 1270 περὶ
2541 1202 2894 1265 ἀναστάσεως
2946 1199 3218 1272 στηρίζων
3269 1200 3379 1254 τῶν

1805 1280 2072 1349 σωμάτων
2103 1282 2300 1345 αὐτοὺς
2336 1282 2516 1351 λόγον,
2542 1283 2677 1352 ὁμοῦ
2709 1283 2766 1337 δὲ
2798 1285 2896 1337 καῖ
2938 1285 3068 1356 περ)⁸
3101 1283 3199 1351 τῆς
3240 1283 3378 1335 ἀθα-

1804 1365 1964 1418 νάτου
1991 1364 2137 1435 ζωῆς
2167 1366 2384 1436 ἐκείνης
2417 1369 2637 1432 πείθων,
2694 1369 2782 1421 ἵνα
2837 1368 2914 1438 μὴ
2966 1370 3046 1430 είς
3094 1366 3156 1419 τὸ
3205 1366 3378 1436 παρὸν

1804 1446 2065 1516 νομίζωσι
2098 1448 2164 1501 τά
2198 1451 2444 1521 ἡμέτερα
2468 1450 2762 1504 καταλύειν
2791 1451 2988 1504 πάντα.
3024 1448 3384 1502 Κατασκευά-

1806 1548 1904 1594 σας
1934 1531 2042 1603 γάρ
2071 1534 2276 1598 ἱκανῶς
2302 1536 2390 1588 διά
2412 1537 2520 1589 τῶν
2547 1535 2880 1607 ἔμπροσθεν,
2926 1536 3064 1606 ὅπερ
3108 1533 3386 1598 ἐϐούλετο..

1803 1614 1900 1666 καὶ
1943 1615 2134 1679 εἰπὼν,
2185 1619 2255 1670 Εἰ
2285 1621 2487 1687 νεκροί
2539 1621 2651 1674 οὐκ
2690 1620 3034 1690 ἐγείρονται,
3073 1617 3215 1672 οὐδὲ
3247 1619 3381 1684 Χρι-

1805 1695 1950 1762 στὸς
1977 1697 2324 1768 ἐγήγερται·
2354 1704 2406 1755 εὶ
2464 1703 2532 1756 δὲ
2565 1704 2816 1770 Χριστὸς
2845 1704 2956 1756 οὐκ
2986 1700 3228 1770 ἠγέρθη.
3275 1702 3385 1752 ἀπ-

1804 1781 2076 1852 ωλόμεθα,
2105 1784 2201 1837 καὶ
2231 1786 2312 1838 ἔτι
2347 1787 2512 1856 ἐσμὲν
2545 1787 2601 1840 ἐν
2621 1789 2742 1850 ταῖς
2761 1786 3078 1858 ἁμαρτίαις·
3097 1783 3259 1838 πάλιν
3288 1783 3383 1836 καὶ

1804 1865 1962 1918 τοῦτο
2006 1868 2223 1936 ἐπάγει,
2281 1869 2584 1923 κατασείων
2622 1869 2803 1924 αὐτῶν
2836 1871 2935 1940 τὴν
2961 1869 3240 1923 ἀπόνοιαν.
3271 1867 3384 1919 Kal

1806 1950 1911 2020 γάρ
1935 1949 2061 2004 ὅταν
2088 1950 2258 2024 μέλλῃ
2278 1969 2331 2004 τι
2351 1953 2460 2006 τῶν
2479 1953 2792 2021 ἀναγκαίων
2815 1953 3057 2019 εἰσάγειν
3073 1951 3384 2021 δογμάτων,

1805 2033 1883 2102 τῷ
1919 2034 2072 2104 φόϐῳ
2105 2034 2204 2106 τὴν
2236 2033 2495 2107 πώρωσιν
2521 2035 2700 2090 αὐτῶν
2727 2035 3033 2089 διασαλεύει
3068 2034 3285 2105 πρῶτον
3311 2050 3324 2064 ·
3352 2033 3384 2086 ὃ

1802 2115 1867 2187 δὴ
1902 2118 1996 2170 καὶ
2027 2118 2256 2171 ἐνταῦθα
2286 2118 2564 2189 ἐποίησεν,
2590 2119 2852 2190 ἀνωτέρω
2875 2136 2936 2171 τε
2968 2116 3107 2172 αύτά
3133 2115 3382 2170 διασπεί-

1809 2216 1929 2272 ρας,
1966 2201 2062 2254 καὶ
2110 2201 2439 2271 ἐναγωνίους
2495 2203 2846 2272 καταστήσας
2900 2199 3118 2264 αὐτοὺς,
3171 2199 3247 2261 ὡς
3286 2197 3382 2251 τοῦ

1805 2282 2008 2347 παντὸς
2043 2285 2412 2350 ἐκπεσόντας·
2439 2288 2534 2340 καὶ
2568 2284 2662 2339 νῦν
2698 2284 2859 2339 πάλιν
2887 2283 3110 2354 ἐτέρως,
3163 2281 3259 2335 καὶ
3309 2279 3386 2344 ὼς

1806 2365 1873 2420 ἂν
1906 2367 2142 2437 μάλιστα
2169 2368 2436 2440 ἤλγησαν,
2471 2370 2533 2422 τὸ
2577 2367 2711 2421 αὐτὸ
2753 2366 2913 2420 τοῦτο
2942 2366 3133 2429 ποιῶν,
3176 2364 3270 2417 καὶ
3298 2362 3386 2416 λέ-

1805 2467 1936 2519 γων·
1975 2451 2394 2520 Ἔλεεινότεροι
2426 2450 2671 2506 πάντων
2700 2449 3024 2518 ἀνθρώπων
3056 2446 3274 2517 ἐσμὲν,
3309 2447 3382 2511 εί,

1808 2535 1949 2605 μετά
1979 2535 2270 2599 τοσούτους
2298 2536 2569 2607 πολέμους
2592 2536 2688 2588 καὶ
2712 2535 2977 2598 θανάτους
2999 2535 3092 2586 καὶ
3114 2533 3180 2588 τά
3213 2529 3387 2604 μυρία

1804 2617 1974 2684 δεινὰ,
2006 2619 2278 2672 τοσούτων
2314 2619 2604 2690 μέλλοιμεν
2651 2619 2942 2672 ἐκπίπτειν
2995 2615 3236 2684 ἀγαθῶν,
3289 2613 3386 2668 καί⁸

1809 2702 1972 2774 μέχρι
2003 2701 2097 2755 τοῦ
2134 2702 2402 2773 παρόντος
2452 2704 2522 2757 τά
2577 2704 2823 2774 ἡμέτερα
2872 2701 3092 2771 ἕστηκε·
3123 2701 3220 2752 καὶ
3273 2696 3385 2768 γάρ

1808 2786 1987 2839 πάντα
2018 2789 2116 2856 τῆς
2141 2789 2493 2851 ἀναστάσεως
2526 2787 2787 2858 ήρτηται.
2819 2786 2982 2837 ’Ὢστε
3008 2785 3102 2837 καὶ
3136 2782 3388 2837 ἐντεῦθεν

1807 2868 1987 2939 δῆλον,
2020 2871 2101 2922 ὅτι
2133 2871 2193 2922 ού
2242 2872 2370 2942 περὶ
2404 2870 2822 2941 ἁμαρτημάτων
2868 2872 2895 2921 ό
2926 2869 3081 2935 λόγος
3114 2867 3263 2934 αὐτῷ
3291 2861 3383 2936 ῆν,

1807 2952 1946 3006 ἀλλά
1969 2953 2096 3022 περὶ
2123 2953 2394 3022 σωμάτων
2423 2953 2795 3018 ἀναστάσεως,
2821 2953 2916 3004 καὶ
2939 2951 3086 3020 ζωῆς
3118 2952 3216 3020 τῆς
3246 2965 3388 3019 παρ-

1807 3035 1975 3106 ούσης
2013 3037 2106 3089 καὶ
2137 3037 2234 3106 τῆς
2280 3035 2599 3108 μελλούσης.
2667 3035 2820 3089 Νυνὶ
2853 3035 2922 3087 δὲ
2952 3033 3206 3102 Χριστὸς
3246 3033 3386 3102 ἐγή-

1808 3135 2008 3187 γερται
2058 3119 2125 3171 ἐκ
2158 3118 2406 3187 νεκρῶν,
2458 3118 2698 3187 ἀπαρχὴ
2753 3116 2873 3172 τῶν
2921 3115 3384 3186 κεκοιμημένων.

1808 3201 1998 3268 Δείξας
2026 3203 2126 3256 ὅσα
2167 3205 2231 3254 ἐκ
2259 3203 2352 3256 τοῦ
2405 3204 2479 3275 μὴ
2529 3203 2880 3256 πιστεύεσθαι
2937 3201 3036 3272 τὴν
3090 3202 3387 3255 ἀνάστασιν

1809 3287 2052 3339 τίκτεται
2078 3287 2144 3338 τὰ
2173 3286 2338 3350 κακά,
2365 3287 2738 3358 ἀναλαμϐάνει
2766 3288 2859 3339 τὸν
2883 3286 3039 3354 λόγον
3079 3284 3261 3345 πάλιν,
3293 3284 3388 3337 καί

1810 3386 1962 3440 φησι·
1992 3371 2145 3424 Νυνὶ
2179 3370 2247 3423 δὲ
2275 3371 2530 3439 Χριστὸς
2553 3370 2862 3440 ἐγήγερται
2892 3369 2959 3422 ἐκ
2982 3368 3232 3436 νεκρῶν·
3266 3384 3388 3419 συν-

1810 3453 1947 3522 εχῶς
1971 3453 2033 3505 τὸ
2078 3455 2180 3506 Ἐκ
2230 3453 2462 3521 νεκρῶν
2510 3454 2848 3523 προστιθεὶς,
2893 3452 3034 3505 ὥστε
3068 3451 3386 3522 ἀπορῤάψαι

1811 3536 1918 3590 τῶν
1947 3537 2238 3607 αίρετικῶν
2267 3537 2336 3590 τά
2367 3536 2630 3606 στόματα.
2671 3536 2939 3606 ’Δπαρχὴ
2973 3533 3090 3588 τῶν
3114 3550 3390 3603 κεκοιμη-

1805 3621 2024 3691 μένων.
2059 3621 2124 3676 Εί
2156 3622 2211 3674 δὲ
2253 3621 2498 3692 ἀπαρχὴ,
2529 3622 2624 3676 καὶ
2670 3621 2894 3684 τούτους
2940 3620 3240 3689 ἀναστῆναι
3283 3618 3384 3673 δεῖ.

1811 3706 1875 3759 Εἰ
1907 3705 1964 3758 δέ
1987 3705 2280 3759 ἀνάστασιν
2307 3705 2407 3776 τὴν
2425 3704 2532 3759 τῶν
2556 3706 2839 3776 ἁμαρτιῶν
2867 3703 3190 3773 ἀπαλλαγὴν
3215 3703 3244 3742 b
3273 3701 3388 3755 ἐλε-

1812 3806 1930 3858 γεν,
1963 3789 2136 3852 οὐδεὶς
2173 3789 2229 3842 δὲ
2269 3789 2544 3860 ἁμαρτίας
2575 3790 2733 3852 ἐκτὸς
2768 3789 2900 3854 (καὶ
2929 3786 3036 3858 γάρ
3064 3786 3275 3848 Παῦλος
3302 3785 3386 3838 λέ-

1811 3892 1919 3944 γει,
1957 3874 2148 3929 Οὐδὲν
2179 3873 2412 3942 ἐμαυτῷ
2444 3873 2720 3937 σύνοιδα,
2757 3872 2894 3927 ἀλλ’
2930 3874 3042 3926 οὐκ
3091 3872 3161 3924 ἐν
3199 3871 3390 3936 τούτῳ

1813 3957 2258 4025 δεδικαίωμαι),
2311 3957 2427 4020 πῶς
2479 3956 2692 4008 ἔσονταί
2739 3972 2884 4017 τινες
2933 3957 2983 4008 οί
3039 3953 3386 4022 ἀνιστάμενοι

1813 4041 1934 4094 καθ’
1967 4041 2142 4110 ὑμᾶς
2193 4040 2357 4111 Ὁρᾷς
2391 4043 2472 4094 ὅτι
2525 4043 2652 4112 περὶ
2697 4039 2967 4109 σωμάτων
2995 4039 3023 4090 ό
3053 4037 3206 4104 λόγος
3237 4035 3386 4106 αύτῷ

1812 4121 1916 4195 ῆν;
1954 4125 2063 4178 Καὶ
2095 4125 2180 4176 ἵνα
2222 4123 2533 4188 ἀξιόπιστον
2580 4124 2714 4177 αὐτὸ
2753 4124 2976 4194 ποιήσῃ,
3027 4121 3266 4190 συνεχῶς
3295 4120 3387 4173 τὸν

1814 4208 2046 4278 Χριστὸν
2077 4209 2157 4271 εἰς
2209 4208 2270 4260 τὸ
2299 4207 2463 4278 μέσον
2495 4207 2781 4278 προφέρει,
2833 4206 2922 4259 τὸν
2972 4205 3280 4258 ἀναστάντα
3327 4205 3386 4257 ἐν

1815 4289 1998 4360 σαρκί·
2033 4286 2154 4344 εἶτα
2187 4291 2280 4344 καὶ
2320 4290 2629 4358 αἰτιολογεῖ.
2665 4291 2843 4359 Ὅπερ
2893 4288 3002 4359 γὰρ
3053 4287 3211 4357 ἔφην,
3256 4287 3387 4340 ὅταν

1814 4373 2183 4444 ἀποφαίνηται
2210 4375 2328 4444 μὲν,
2361 4374 2460 4445 τὴν
2485 4375 2540 4427 δὲ
2575 4374 2756 4427 αἰτίαν
2792 4371 2867 4443 μὴ
2894 4372 3049 4442 λέγῃ,
3078 4373 3175 4440 οὐχ
3212 4369 3385 4434 οὕτως

1815 4458 2222 4530 εύπαράδεκτος
2254 4458 2282 4509 ό
2303 4457 2461 4525 λόγος
2488 4457 2694 4526 γίνεται
2729 4459 2839 4520 τοῖς
2865 4455 3100 4518 πολλοῖς.
3149 4454 3246 4515 Τίς
3293 4449 3389 4507 οὖν

1814 4544 1846 4611 ή
1877 4541 2056 4606 αἰτίας
2127 4540 2367 4608 Ἐπειδὴ
2406 4542 2516 4609 γὰρ
2557 4539 2630 4594 δι’
2657 4538 2973 4606 ἀνθρώπου
3021 4539 3054 4591 ὁ
3107 4535 3384 4601 θάνατος,

1816 4624 1911 4679 καί
1944 4625 2019 4678 δι’
2046 4623 2359 4692 ἀνθρώπου
2380 4625 2419 4692 ἡ
2443 4623 2781 4688 ἀνάστασις
2808 4620 2926 4674 τῶν
2955 4619 3202 4687 νεκρῶν.
3235 4621 3296 4672 El
3330 4618 3387 4670 δὲ

1814 4709 1882 4760 δι’
1905 4707 2217 4778 ἀνθρώπου,
2247 4708 2408 4777 σῶμα
2442 4707 2660 4768 πάντως
2687 4705 2921 4774 ἔχοντος.
2953 4703 3062 4757 Kal
3091 4703 3192 4770 ὅρα
3223 4700 3384 4754 αὑτοῦ

1815 4791 1915 4862 τὴν
1958 4790 2191 4855 σύνεσιν,
2221 4789 2338 4854 πῶς
2367 4789 2461 4844 καὶ
2502 4789 2705 4860 ἑτέρως
2753 4789 3051 4855 ἀναγκαῖον
3101 4787 3247 4838 ποιεῖ
3293 4783 3388 4837 τὸν

1816 4874 1993 4942 λόγον.
2021 4873 2126 4928 Τὸν
2151 4873 2260 4944 γὰρ
2286 4872 2611 4943 ἡττηθέντα,
2648 4871 2834 4942 φησὶν,
2860 4867 3018 4922 αὑτὸν
3044 4869 3138 4920 καὶ
3170 4869 3384 4934 ἀναμα-

1817 4957 2079 5027 χέσασθαι
2133 4959 2213 5010 δεῖ
2267 4955 2366 5028 τὴν
2419 4955 2851 5024 καταϐληθεῖσαν
2883 4952 3066 5021 φύσιν,
3101 4951 3263 5003 αὑτὸν
3290 4949 3385 5003 καὶ

1819 5039 2055 5110 νικῆσαι·
2107 5039 2251 5093 οὕτω
2301 5039 2408 5112 γὰρ
2454 5038 2514 5090 τὸ
2541 5037 2739 5099 ὄνειδος
2772 5036 3114 5107 ἀπετρίϐετο.
3158 5034 3384 5104 Ἰδωμεν

1817 5123 1875 5176 δὲ
1903 5123 2055 5177 ποῖόν
2097 5140 2228 5192 φησι
2258 5121 2507 5176 θάνατον.
2537 5121 2765 5188 Ὥσπερ
2812 5119 2922 5190 γάρ
2970 5119 3041 5172 ἐν
3089 5117 3168 5184 τῷ
3213 5118 3385 5186 Ἀδὰμ

1819 5205 2042 5275 πάντες
2083 5205 2600 5270 ἀποθνήσκουσιν,
2644 5204 2797 5257 οὕτω
2827 5202 2920 5256 καὶ
2951 5202 3021 5256 ἐν
3051 5199 3132 5266 τῷ
3153 5197 3386 5269 Χριστῷ

1820 5289 2040 5354 πάντες
2099 5287 2654 5356 ζωοποιηθήσονται.
2692 5288 2757 5340 Τί
2808 5282 2932 5350 οὖνς
2989 5285 3210 5348 πάντες,
3261 5282 3382 5336 είπέ

1823 5391 1934 5444 μοι,
1965 5371 2232 5426 ἀπέθανον
2259 5375 2316 5425 ἐν
2340 5371 2418 5442 τῷ
2452 5371 2623 5442 Ἀδάμ
2655 5372 2745 5424 τὸν
2781 5370 2880 5441 τῆς
2903 5368 3176 5440 ἁμαρτίας
3215 5366 3382 5422 θάνα-

1819 5473 1942 5522 τον;
1966 5455 2083 5518 πῶς
2109 5451 2202 5509 οὖν
2225 5455 2347 5508 Νῶε
2377 5455 2583 5519 δίκαιος
2599 5457 2664 5508 ἐν
2682 5457 2746 5526 τῇ
2775 5454 2938 5525 γενεᾷ
2963 5450 3162 5514 αὐτούς
3193 5448 3309 5511 πῶς
3323 5445 3390 5500 δὲ-

1883 5671 1908 5710 ῒν
1935 5674 2103 5724 Deerat
2128 5674 2397 5734 ἀπαλλαγήν
