3802 6214
363 269 469 327 557

370 379 1001 454 Ἀϐραάμ;[56ηπῶςδέ
1025 380 1144 434 ’1ώὸ
1162 399 1178 447 ;
1198 381 1315 444 πῶς
1340 381 1396 434 δὲ
1418 381 1466 433 οἰ
1493 378 1649 434 ἄλλοι
1665 376 1928 437 ἂπαντεςς

359 469 424 522 Τί
449 466 529 532 δὲ,
556 465 676 519 εἰπέ
711 483 824 535 μοι,
859 466 1060 530 πάντες
1087 464 1586 535 ζωοποιηθήσονται
1614 465 1672 515 ἐν
1699 459 1776 530 τῷ
1802 458 1934 528 Χρι-

362 556 501 628 atq»;
532 556 644 610 Kal
695 556 799 609 ποῦ
837 558 886 610 οἱ
916 559 996 620 είς
1025 557 1248 625 γέενναν
1292 556 1659 626 ἀπαγόμενοι;
1691 553 1788 606 Ἂν
1836 549 1934 619 μὲν

359 647 468 722 γὰρ
502 651 630 721 περὶ
659 648 908 720 σώματος
936 649 1222 724 εἰρημένον
1310 648 1488 714 τοῦτο,
1519 648 1751 716 ἕστηκεν
1788 646 1816 696 6
1848 641 1934 694 λό-

361 758 476 810 γος·
504 741 651 797 ἂν.δέ
680 743 810 811 περὶ
856 741 1205 812 δικαιοσύνης
1257 742 1350 796 καὶ
1400 738 1696 811 ἁμαρτίας,
1727 735 1931 790 οὐκέτι.

361 829 517 899 Εἶτα,
571 835 658 889 ἵνα
714 835 790 906 μὴ
840 833 939 904 τὴν
983 834 1309 904 ζωοποίησιν
1340 832 1524 903 κοινὴν
1550 829 1808 891 ἀκούσας,
1841 827 1936 879 καὶ

362 926 490 988 τοὺς
553 925 913 997 ἁμαρτωλοὺς
974 924 1203 995 νομίσῃς
1262 923 1530 988 σώζεσθαι
1563 962 1577 983 ,
1631 921 1932 990 ἐπήγαγεν·

366 1017 661 1084 Ἕκαστος
688 1017 756 1072 δὲ
787 1019 857 1071 ἐν
886 1015 965 1083 τῷ
1002 1017 1128 1084 ἰδίῳ
1163 1018 1427 1086 τάγματι.
1457 1014 1548 1084 Μὴ
1583 1013 1712 1084 γὰρ,
1748 1009 1936 1080 ἐπειδὴ

364 1112 658 1167 ἀνάστασιν
686 1111 947 1181 ἤκουσας,
987 1112 1172 1182 νόμιζε
1221 1109 1430 1169 πάντας
1455 1108 1564 1162 τῶν
1591 1105 1770 1161 αὐτῶν
1800 1106 1936 1160 ἀπο-ρ

363 1204 569 1258 λαύειν.
600 1205 662 1258 Εἰ
695 1204 803 1276 γάρ
835 1205 926 1258 ἐπὶ
951 1205 1051 1276 τῆς
1079 1202 1350 1276 τιμωρίας
1377 1203 1439 1255 οὑ
1468 1202 1669 1264 πάντες
1695 1199 1765 1253 τὰ
1798 1199 1937 1252 αύτά

367 1299 669 1360 πείσονται,
731 1299 867 1352 ἀλλὰ
921 1298 1089 1368 πολλή
1123 1297 1156 1368 ἡ
1187 1295 1440 1367 διαφορὰ,
1495 1293 1675 1365 πολλῷ
1714 1291 1935 1364 μᾶλλον,

367 1390 497 1445 ἔνθα
550 1391 860 1462 ἁμαρτωλοὶ
912 1391 1005 1444 καὶ
1053 1391 1269 1454 δίκαιοι,
1326 1386 1523 1441 πλείων
1572 1388 1606 1457 ἡ
1658 1387 1939 1446 διάστασις

368 1479 544 1538 ἔσται.
593 1483 859 1553 Ἀπαρχὴ
893 1481 1168 1552 Χριστός,
1199 1481 1403 1534 ἔπειτα
1437 1482 1489 1533 οἱ
1521 1477 1628 1532 τοῦ
1657 1475 1937 1544 Χριστοῦ·

367 1577 663 1641 τουτέστιν,
687 1577 737 1628 οἰ
771 1577 952 1629 πιστοί
998 1577 1090 1628 καὶ
1129 1577 1177 1628 οἰ
1227 1574 1666 1645 εὑδοκιμηκότες.
1698 1566 1840 1624 Εἶτα
1872 1569 1940 1622 τὸ

367 1670 562 1736 τέλος.
601 1669 770 1722 Ὅταν
800 1667 909 1740 γάρ
937 1667 1241 1724 ἀναστῶσιν
1271 1669 1491 1731 ἐκεῖνοι,
1528 1666 1599 1718 τά
1638 1662 1940 1734 πράγματα

369 1761 584 1816 ἃπαντα
611 1761 845 1832 λήψεται
868 1760 1043 1824 τέλος,
1073 1761 1135 1812 οὑ
1181 1758 1438 1830 καθάπερ
1471 1757 1566 1810 νῦν
1606 1754 1940 1818 ἀναστάντος

369 1855 461 1909 τοῦ
515 1855 752 1928 Χριστοῦ
808 1855 878 1910 τά
926 1855 1229 1926 πράγματα
1286 1855 1519 1926 ἕστηκεν
1550 1852 1630 1906 ἔτι
1664 1851 1937 1922 μετέωρα.

370 1947 463 2000 Διδ
491 1947 852 2018 προσέθηκεν,
898 1949 1000 2002 Ἐν
1037 1947 1110 2016 τῇ
1144 1947 1446 2017 παρουσίᾳ
1471 1945 1680 2009 αὑτοῦ,
1713 1946 1799 1998 ἵνα
1833 1943 1939 2014 μά-

369 2040 470 2112 θῃς
497 2039 580 2092 ὅτι
624 2040 757 2110 περὶ
787 2040 1000 2093 ἐκείνου
1025 2039 1118 2093 τοῦ
1153 2039 1346 2112 καιροῦ
1389 2039 1718 2107 διαλέγεται.
1756 2038 1943 2090 ’Ὅταν

370 2130 614 2199 παραδῷ
640 2131 754 2200 τὴν
779 2131 1106 2196 ,βασιλείαν
1133 2130 1213 2198 τῷ
1259 2129 1380 2197 Θεῷ
1419 2131 1524 2185 ’καί
1568 2129 1770 2198 Πατρί·
1797 2127 1944 2181 ὅταν

371 2222 720 2293 καταργήσῃ
781 2221 991 2276 πᾶσαν
1054 2222 1254 2292 ἀρχὴν
1314 2222 1415 2277 καὶ
1476 2221 1770 2287 ἐξουσίαν
1844 2218 1942 2274 καὶ

371 2317 648 2388 δύναμιν.

442 2458 505 2513 δ’.
552 2457 817 2512 Ἐνταῦθά
847 2475 940 2529 μοι
973 2456 1269 2530 προσέχετε
1313 2457 1450 2527 μετά
1491 2455 1810 2528 ἀκριϐείας,
1849 2455 1945 2509 καὶ

371 2553 534 2622 δρᾶτε
565 2551 638 2622 μή
669 2569 724 2604 τι
748 2551 986 2624 διαφύγῃ
1017 2551 1128 2605 τῶν
1157 2550 1464 2620 λεγομένων
1499 2551 1664 2620 ὑμᾶς.
1698 2549 1807 2602 Kal
1837 2547 1944 2619 γὰρ

373 2644 512 2715 πρὸς
533 2645 761 2715 ἐχθροὺς
791 2645 988 2716 ήμῖνή
1031 2645 1179 2715 μάχη
1208 2660 1222 2674 ο
1267 2643 1350 2696 διὸ
1403 2643 1666 2713 πρότερον
1718 2642 1817 2712 τὴν
1866 2642 1946 2704 εἰς

367 2731 571 2790 ’ἄτοπον
593 2736 894 2808 ἀπαγωγὴν
915 2738 996 2790 δεῖ
1021 2735 1342 2808 γυμνάζειν,
1372 2735 1400 2788 ὃ
1450 2736 1542 2787 καὶ
1569 2733 1780 2796 Παῦλος
1812 2733 1949 2787 πολ-

372 2827 530 2892 λάκις
562 2832 725 2882 ποιεῖ·
747 2829 888 2882 οὕτω
913 2827 1023 2900 γὰρ
1049 2827 1280 2898 μάλιστα
1306 2826 1342 2882 ἃ.
1371 2826 1637 2895 λέγουσιν,
1655 2824 1947 2895 εὑφώρατα

371 2925 507 2994 ἡμῖν
539 2924 808 2994 φανεῖται.
850 2922 1138 2996 Ἐρὼμεθα
1186 2919 1279 2977 οῦν
1338 2923 1536 2984 αὐτοὺς
1595 2919 1833 2992 πρῶτον,
1893 2918 1947 2972 τί

373 3015 491 3067 ἐστι
518 3014 579 3068 τὸ
630 3013 942 3086 εἰρημένον,
974 3015 1152 3068 Ὅταν
1200 3013 1444 3081 παραδῷ
1474 3015 1590 3081 τὴν
1616 3011 1949 3076 ,βασιλείαν

373 3106 454 3172 τῷ
507 3106 628 3173 Θεῷ
682 3108 780 3162 καὶ
823 3109 1042 3177 Πατρί;
1078 3108 1140 3161 Εἰ
1207 3107 1317 3179 γὰρ
1377 3107 1563 3172 ἁπλῶς
1622 3107 1947 3176 ἐκλάὸοιμεν

373 3198 552 3264 τοῦτο,
584 3199 680 3254 καὶ
732 3198 809 3272 μὴ
836 3199 1180 3272 θεοπρεπῶς,
1227 3201 1327 3254 οὑκ
1379 3201 1532 3253 ἔσται
1587 3200 1725 3270 μετά
1774 3199 1949 3254 ταῦτα

373 3291 514 3362 ἔχων
537 3292 726 3364 αὑτήνο
757 3295 785 3347 6
818 3295 925 3364 γὰρ
946 3293 1220 3365 παραδοὺς
1247 3292 1441 3364 ἑτέρῳ,
1489 3292 1722 3346 παύεται
1760 3291 1948 3346 λοιπὸν

376 3384 470 3438 τοῦ
502 3385 749 3454 κατέχειν
778 3385 961 3448 αὑτός.
1016 3387 1129 3440 Kal
1176 3385 1237 3438 ού
1286 3385 1445 3438 τοῦτο
1494 3385 1652 3455 μόνον
1706 3384 1859 3438 ἔσται
1887 3384 1948 3438 τὺ

378 3469 602 3533 ἄτοπον,
636 3468 750 3521 ἀλλ’
781 3469 863 3521 ὅτι
909 3468 1033 3521 ούδέ
1079 3469 1288 3530 ἐκεῖνος
1340 3469 1369 3522 6
1418 3467 1754 3538 παραλαϐὼν
1788 3468 1947 3539 εὑρεη

379 3560 606 3632 θήσεται
635 3560 767 3631 πρὶν
794 3560 826 3631 ἢ
861 3560 1200 3632 παραλαϐεῖν
1229 3559 1388 3630 ἔχων.
1425 3559 1634 3614 Οὐκοῦν
1659 3559 1781 3614 κατ’
1803 3559 1948 3613 ἐκεί-

374 3660 504 3716 ’νους
549 3650 673 3705 οῦτε
727 3653 756 3704 6
805 3653 994 3724 Πατὴρ
1053 3652 1306 3723 βασιλεὺς
1351 3647 1420 3724 ἦν
1471 3651 1803 3725 ἔμπροσθεν,
1855 3653 1950 3709 καὶ

287 3771 294 3776 ·
379 3743 565 3798 διώκει
588 3744 658 3798 τά
678 3743 938 3814 ἡμέτερα,
968 3742 1092 3797 οὔτε
1115 3745 1143 3798 6
1175 3744 1303 3808 Υἱὸς
1328 3744 1468 3816 μετά
1496 3745 1668 3800 ταῦτα
1699 3747 1948 3815 φανεῖται

383 3837 636 3908 βασιλεὺς
668 3835 763 3890 ὢν.
796 3835 920 3899 Πῶς
963 3831 1056 3889 οῦν
1085 3836 1215 3906 περὶ
1246 3836 1346 3906 μὲν
1391 3836 1487 3890 τοῦ
1537 3839 1752 3909 Πατρός
1784 3855 1949 3909 φησιν

383 3929 565 3994 αὑτὸς,
595 3930 678 3983 ὃτι
708 3929 769 3981 '0
797 3929 996 3997 Πατήρ
1018 3947 1137 3998 μου
1164 3929 1274 3996 ἕως
1294 3931 1424 3999 ἄρτι
1449 3931 1766 4003 ἐργάζεται,
1790 3933 1950 4002 κάγὼ

381 4022 722 4094 ἑργάζομαις
770 4023 898 4093 περὶ
944 4021 1003 4075 δὲ
1054 4023 1218 4077 αὑτοῦ
1275 4025 1303 4077 ὀ
1338 4023 1558 4096 Δανιὴλ,
1589 4024 1677 4078 ὅτι
1731 4025 1801 4080 Ἠ
1836 4026 1950 4090 ,βα-

373 4117 584 4170 σιλεία
610 4115 796 4169 αὑτοῦ
810 4114 1100 4179 βασιλεία
1128 4115 1382 4182 αἰώνιος,
1408 4116 1541 4184 ἥτις
1561 4119 1634 4171 οὑ
1655 4119 1948 4187 παρελεύ-

375 4223 582 4272 ’σεται;
611 4203 764 4270 Εἶδες
794 4207 934 4260 πόσα
973 4206 1152 4261 ἄτοπα
1199 4206 1464 4271 τίκτεται,
1522 4209 1619 4262 καὶ
1665 4209 1950 4280 μαχόμενα

372 4301 501 4362 ’ταῖς
539 4300 804 4370 Γραφαῖς,
836 4299 965 4351 ὅταν
1018 4297 1374 4370 ἀνθρωπίνως
1423 4298 1739 4372 ἐκλαμϐάνῃ
1768 4318 1852 4364 τις
1878 4299 1950 4352 τὰ

381 4392 678 4463 λεγόμενα;
711 4391 876 4445 Ποίαν
932 4391 990 4443 δὲ
1042 4392 1137 4444 καὶ
1186 4392 1361 4463 ἀρχὴν
1405 4393 1514 4462 ἄρα
1545 4393 1780 4448 ἐνταῦθά
1813 4412 1947 4466 φησι

382 4487 709 4556 καταργεῖν;
761 4485 861 4557 τὴν
901 4484 1009 4538 τῶν
1051 4484 1331 4554 άγγέλων;
1375 4486 1613 4555 Ἀπαγε.
1655 4487 1815 4541 Ἀλλά
1849 4489 1948 4558 τὴν

380 4576 488 4630 τῶν
540 4576 777 4642 πιστῶν;
813 4576 949 4630 Ούδέ
995 4575 1172 4629 τοῦτο.
1235 4576 1397 4630 Ἀλλὰ
1451 4578 1641 4644 ποίαν;
1676 4579 1787 4648 Τὴν
1839 4580 1950 4632 τῶν

380 4672 666 4742 δαιμόνων,
701 4673 828 4742 περὶ
856 4667 924 4744 ἧς
967 4691 1151 4743 φησιν,
1182 4676 1304 4727 Οὐκ
1341 4674 1510 4728 ἐστιν
1541 4673 1684 4743 ἡμῖν
1711 4675 1748 4742 ἡ
1782 4673 1947 4744 πάλη

381 4768 532 4834 πρὸς
562 4760 705 4835 αἷμα
740 4766 838 4821 καὶ
889 4765 1107 4834 σάρκα,
1165 4766 1326 4821 ἀλλὰ
1379 4765 1528 4835 πρὸς
1581 4767 1688 4832 τὰς
1739 4766 1947 4835 ἀρχὰς,

385 4858 533 4925 πρὸς
590 4859 692 4923 τὰς
746 4857 1054 4923 ἐξουσίας,
1086 4857 1235 4926 πρὸς
1271 4857 1411 4923 τοὺς
1463 4857 1950 4928 κοσμοκράτορας

384 4951 490 5005 τοῦ
521 4950 780 5014 σκότους
813 4949 920 5004 τοῦ
973 4949 1189 5015 αἰῶνος
1218 4950 1455 5005 τούτου.
1513 4950 1627 5004 Νῦν
1689 4949 1789 5020 μὲν
1837 4950 1949 5020 γὰρ

383 5042 595 5096 οὐδέπω
619 5043 992 5114 κατήργηνται
1020 5042 1225 5097 τέλεον·
1267 5042 1550 5115 ἐνεργοῦσι
1593 5043 1702 5114 γὰρ
1749 5043 1950 5097 πολλα-

384 5133 501 5205 χοῦο
525 5133 645 5187 τότε
672 5133 728 5186 δὲ
764 5133 1081 5187 παύσονται.
1104 5133 1206 5187 Δεῖ
1229 5134 1342 5204 γὰρ
1363 5135 1549 5189 αὐτόν
1568 5135 1946 5203 βασιλεύειν,

383 5225 552 5296 ἄχρις
581 5221 652 5281 οὗ
680 5223 756 5280 ἂν
783 5224 858 5295 θῇ
885 5224 1114 5292 πάντας
1135 5226 1278 5292 τοὺς
1329 5227 1581 5297 ἐχθροὺς
1633 5227 1753 5283 ὑπὸ
1808 5228 1949 5296 τοὺς

383 5318 573 5384 πόδας
603 5317 808 5373 αὐτοῦ.
833 5317 1002 5372 Πάλιν
1026 5319 1316 5372 κάντεῦθεν
1348 5319 1497 5393 [568]
1531 5321 1717 5393 ἕτερον
1747 5321 1948 5376 ἄτοπον

381 5413 647 5477 τίκτεται,
699 5411 767 5466 ἂν
816 5411 892 5484 μὴ
929 5412 1025 5466 καὶ
1072 5411 1229 5466 τοῦτο
1259 5411 1577 5483 θεοπρεπῶς
1602 5413 1944 5487 ἐκλάϐωμεν.

381 5495 454 5557 Τὸ
478 5505 607 5575 γὰρ,
644 5505 859 5574 Ἀχρις,
902 5503 1092 5567 τέλους
1134 5505 1250 5558 ἐστὶ
1283 5504 1375 5558 καὶ
1419 5505 1721 5578 διορισμοῦ·
1748 5509 1840 5562 ἐπὶ
1890 5508 1948 5562 δὲ

389 5598 473 5652 τοῦ
513 5598 649 5652 Θεοῦ
707 5598 865 5650 τοῦτο
905 5598 1005 5651 οὐκ
1056 5597 1531 5667 ἐστιν.Ἔσχιιτος
1562 5600 1773 5667 ἐχθρὸς
1807 5619 1941 5654 χατ-

383 5696 640 5768 αργεῖται
673 5701 705 5751 ό
736 5696 1008 5761 θάνατος.
1053 5696 1177 5762 Πῶς
1227 5695 1481 5766 ἐσχατος;
1519 5697 1672 5750 Μετὰ
1710 5699 1936 5763 πάντας,

1034 265 1096 321 S.
1131 261 1430 322 JOANNIS
1462 251 1962 318 CHRYSOSTOMI
1999 249 2337 316 ARCHIEP;
2353 244 2894 318 KCONSTANTINOP.

3521 251 3629 309 536

2046 374 2185 442 μετά
2214 376 2306 429 τὸν
2335 376 2600 444 διάϐολον,
2650 376 2790 449 μετά
2815 374 2885 429 τά
2917 365 3048 429 ἄλλα
3088 373 3322 427 ᾶπαντα.
3359 370 3477 424 Kal
3519 369 3628 441 γάρ

2052 466 2145 518 καὶ
2176 468 2234 521 ἐν
2263 469 2405 541 ἀρχῇ
2458 469 2681 541 ἔσχατος
2706 468 2941 540 εἰσῆλθε
2979 467 3244 538 πρότερον
3272 466 3386 534 γάρ
3416 465 3454 532 ἡ
3491 479 3632 532 συμμ-

2044 557 2210 630 6ουλὴ
2235 559 2326 614 τοῦ
2359 561 2632 626 διαϐόλου,
2694 564 2788 616 καὶ
2841 564 2875 633 ἡ
2933 557 3209 630 παρακοὴ,
3273 557 3372 610 καὶ
3424 556 3555 608 the
3603 554 3632 607 ὁ

2053 650 2305 716 θάνατος.
2339 654 2420 726 Τῇ
2473 655 2582 726 μὲν
2611 651 2705 709 οὖν
2736 655 2967 724 δυνάμει
2999 654 3095 707 καὶ
3127 653 3217 706 νῦν
3251 650 3632 720 κατήργηται.

2043 747 2194 818 τῇδὲ
2237 749 2489 822 ἐνεργείᾳ
2531 750 2673 804 τότε.
2723 750 2926 804 Πάντα
2985 749 3089 817 τὰρ
3138 744 3453 809 ὑπέταξεν
3515 742 3635 797 ὑπὸ

2046 839 2187 905 τοὺς
2221 840 2412 906 πόδας
2459 841 2667 912 αὑτοῦ.
2702 841 2887 895 Ὀταν
2917 840 2985 894 δὲ
3027 842 3190 906 ειπῃ,
3228 837 3445 891 Πάντα
3486 837 3635 889 ὑπο-

2052 932 2344 998 τέτακται,
2367 931 2562 1001 δῆλον
2583 932 2672 987 ἔτι
2701 933 2866 998 ἐκτὸς
2900 932 3005 986 τοῦ
3024 929 3452 993 ὑποτάξαντος
3475 924 3638 989 αὑτῷ

2042 1021 2114 1076 τὰ
2138 1021 2353 1078 πάντα.
2388 1025 2574 1079 Ὅταν
2626 1025 2696 1078 δὲ
2745 1022 3018 1094 ὑποταγῇ
3066 1021 3226 1087 αὑτῷ
3276 1020 3353 1073 τὰ
3411 1016 3635 1080 πάντα,

2045 1117 2180 1170 τότε
2221 1117 2323 1171 καί
2355 1119 2538 1185 αὐτὸς
2567 1119 2600 1172 o'
2634 1119 2768 1184 Υἱὸς
2799 1114 3244 1186 ὑποταγήσεται
3291 1111 3377 1178 τῷ
3411 1107 3637 1164 ὑποτά-

2049 1206 2218 1271 ξαντι
2244 1208 2404 1274 αὑτῷ
2430 1211 2504 1264 τὰ
2533 1209 2749 1264 πάντα.
2784 1209 2896 1264 Kal
2927 1207 3035 1278 μὴν
3067 1203 3387 1276 ἔμπροσθεν
3437 1201 3503 1253 οὑ
3547 1199 3637 1251 τὸν

2046 1300 2266 1374 Πατέρα
2315 1302 2501 1373 ἔλεγεν
2556 1301 2695 1358 εἶναι
2740 1305 2830 1357 τὸν
2881 1301 3247 1367 ὑποτάξαντα,
3304 1297 3429 1351 ἀλλ’
3474 1294 3636 1348 αὐτὸν

2047 1394 2445 1465 καταργοῦνταο
2485 1397 2664 1450 Ὅταν
2687 1396 2791 1468 γάρ
2819 1395 3192 1464 καταργήσῃ,
3219 1390 3387 1461 φησὶ,
3427 1387 3638 1442 πᾶσαν

2045 1486 2244 1557 ἀρχὴν
2296 1489 2396 1542 καὶ
2443 1489 2752 1555 ἐξουσίαν·
2802 1490 2897 1544 καὶ
2944 1487 3128 1549 πάλιν,
3166 1484 3266 1539 Δεῖ
3301 1484 3422 1553 ⁴γὰρ
3454 1481 3640 1533 αὑτέν

2040 1577 2402 1641 ,ϐασιλεύειν
2433 1581 2608 1650 ἄχρις
2641 1578 2713 1638 οὗ
2749 1582 2825 1636 ἂν
2855 1579 2930 1650 θῇ
2955 1579 3187 1643 πάντας
3207 1575 3358 1640 τοὺς
3378 1570 3637 1641 ἐχθροὺς

2048 1672 2166 1726 ὑπὸ
2201 1675 2344 1741 τοὺς
2375 1676 2567 1743 πόδας
2591 1678 2798 1732 αὑτοῦ.
2830 1675 2954 1740 Πῶς
2985 1671 3080 1728 οὖν
3114 1670 3358 1726 ἐνταῦθα
3403 1667 3503 1721 τδν
3532 1665 3638 1718 Πα-

2048 1767 2184 1837 τέρα
2238 1769 2404 1838 φησί;
2458 1771 2569 1824 Kal
2614 1771 2678 1824 οὐ
2735 1769 2892 1823 τοῦτο
2939 1767 3101 1838 μόνον
3150 1766 3270 1818 ἐστὶ
3324 1762 3393 1815 τὸ
3449 1758 3638 1812 δοκοῦν

2049 1857 2253 1932 ἄπορον
2285 1857 2444 1928 εἶναι,
2478 1862 2595 1916 ἀλλ’
2617 1863 2699 1916 ὄτι
2725 1863 2818 1915 καὶ
2844 1860 3050 1914 δέδοικε
3095 1857 3217 1920 δέος
3263 1853 3491 1924 σφόδρα
3521 1851 3638 1904 ἄτα

2051 1968 2171 2016 πον,
2201 1953 2296 2006 καὶ⁹
2323 1954 2586 2026 κέχρηται
2633 1953 3009 2026 ἐπιδιορθώσει
3041 1951 3235 2020 λέγων·
3285 1945 3507 2010 Ἐκτὸς
3539 1941 3640 1995 τοῦ

2049 2045 2463 2113 ὑποτάξαντος
2491 2045 2650 2113 αὑτῷ
2683 2047 2756 2100 τὰ
2775 2045 2990 2106 πάντα,
3012 2042 3085 2108 ὥς
3108 2059 3274 2094 τινων
3298 2035 3640 2092 ὑποπτευόν-

2049 2151 2178 2200 των,
2244 2137 2454 2207 μήποτε
2495 2138 2588 2190 καὶ
2625 2139 2653 2191 6
2683 2137 2870 2210 Πατὴρ
2925 2137 3172 2206 ὑποταγῇ
3208 2133 3288 2202 τῷ
3321 2130 3470 2198 Υἰῴ·
3504 2122 3568 2182 οὗ
3589 2127 3638 2180 τί

2052 2227 2252 2296 γένοιτ’
2276 2229 2343 2284 ἂν
2383 2229 2753 2304 άλογὼτερον;
2799 2229 2938 2285 Ἀλλ’
2964 2230 3114 2299 ὅμως
3141 2226 3275 2280 αὑτὸ
3298 2225 3543 2278 δέδοικε.
3577 2220 3640 2274 τί

2050 2314 2143 2374 οὖν
2169 2321 2285 2374 ἐστι
2307 2338 2322 2389 ;
2361 2323 2455 2376 καὶ
2480 2324 2587 2394 γάρ
2615 2322 2784 2376 πολλά
2801 2323 2870 2376 τὰ
2893 2323 3183 2392 ζητήματα
3201 2316 3413 2387 ἐφεξῆς
3441 2317 3636 2368 κεῖται·

2051 2414 2187 2470 ἀλλά
2210 2416 2518 2474 συντείνατέ
2544 2434 2634 2490 μοι
2657 2417 2754 2488 τὴν
2777 2417 3036 2471 διάνοιαν.
3067 2412 3176 2466 Kal
3200 2413 3312 2481 γὰρ
3335 2411 3639 2476 ἀναγκαῖον

2053 2512 2185 2582 ἡμῖν
2216 2510 2432 2582 πρῶτον
2459 2512 2553 2564 καὶ
2579 2510 2780 2564 σκοπὸν
2807 2511 2980 2562 εἰπεῖν
3006 2506 3218 2560 Παύλου
3244 2505 3342 2558 καὶ
3366 2508 3477 2574 τὴν
3503 2504 3638 2570 γνὼ-

2057 2622 2182 2676 μην,
2218 2606 2284 2677 ἣν
2333 2604 2606 2676 πανταχοῦ
2651 2604 2797 2676 εὖροι
2827 2621 2910 2666 τις
2958 2603 3024 2656 ἂν
3055 2601 3500 2669 διαλάμπουσαν,
3549 2598 3640 2649 καὶ

2051 2703 2174 2758 τότε
2199 2703 2300 2774 τὴν
2331 2703 2485 2757 λύσιν
2527 2705 2849 2771 ἐπαγαγεῖν·
2886 2701 2981 2756 καὶ
3011 2701 3122 2772 γὰρ
3171 2700 3264 2752 καὶ
3295 2696 3471 2750 τοῦτο
3504 2697 3637 2766 πρὸς

2051 2801 2153 2872 τὴν
2184 2800 2337 2854 λύσιν
2362 2802 2494 2871 ἡμῖν
2526 2799 2789 2853 συντελεῖ.
2817 2799 2915 2862 Τίς
2953 2794 3047 2852 οῦν
3081 2798 3116 2868 ἡ
3158 2795 3375 2849 Παύλου
3403 2792 3634 2862 γνώμη,

2055 2896 2150 2950 καὶ
2181 2894 2235 2948 τί
2260 2895 2322 2948 τὸ
2350 2894 2500 2960 mag;
2536 2894 2764 2960 Ἄλλως,
2795 2894 2925 2947 ὅταν
2953 2891 3081 2959 περὶ
3109 2889 3206 2960 τῆς
3235 2888 3501 2958 θεότητος
3547 2887 3635 2956 μό-

2054 3010 2153 3063 νης
2207 2992 2543 3064 διαλέγηται,
2601 2991 2918 3062 φθέγγεται,
2956 2991 3051 3044 καὶ
3087 2989 3305 3058 ἑτέρως,
3361 2987 3504 3038 ὅταν
3559 2986 3637 3045 εἰς

2053 3084 2144 3138 τὸν
2183 3085 2281 3156 τῆς
2311 3083 2622 3154 οἰκονομίας
2664 3083 2880 3155 ἐμπέσῃ
2913 3081 3089 3150 λόγον.
3128 3080 3295 3132 Ὅταν
3348 3077 3469 3144 γὰρ
3519 3079 3638 3127 ἐπι-

2055 3175 2291 3248 λάϐηται,
2325 3177 2423 3248 τῆς
2459 3175 2680 3248 σαρκὸς,
2709 3175 2880 3239 ἀδεῶς
2909 3174 3123 3228 ἅπαντα
3153 3171 3341 3225 λοιπὸν
3375 3171 3540 3238 λέγει
3573 3172 3635 3222 τα

2053 3273 2304 3334 ταπεινὰ,
2367 3271 2583 3344 θαρρῶν
2636 3273 2711 3334 ὼς
2773 3269 2942 3339 οὔσης
2997 3269 3182 3340 ἰκανῆς
3239 3265 3514 3332 δέξασθαι
3567 3265 3638 3317 τὰ

2055 3370 2342 3441 λεγόμενα.
2381 3369 2608 3438 Ἵδωμεν
2639 3367 2818 3421 τοίνυν
2843 3367 2937 3419 καὶ
2971 3363 3202 3417 ἐνταῦθα
3238 3362 3478 3434 πότερον
3509 3361 3636 3430 περὶ

2055 3461 2268 3532 γυμνῆς
2320 3459 2418 3532 τῆς
2476 3459 2728 3529 θεότητος
2775 3461 2803 3511 6
2849 3455 3003 3525 λόγος
3044 3455 3213 3525 αὐτῷ,
3267 3453 3300 3525 ἦ
3354 3453 3504 3524 μετᾶ
3537 3451 3635 3520 τῆς

2054 3561 2366 3631 οἰκονομίας
2417 3557 2776 3626 ἀποφαίνεται
2822 3555 2952 3626 περ)¹
3004 3553 3168 3608 αὑτοῦ
3222 3551 3432 3613 ταῦτα,
3490 3549 3635 3622 άπερ

2056 3654 2207 3726 φησί’
2275 3652 2474 3725 μᾶλλον
2534 3650 2591 3704 δὲ
2653 3649 2920 3722 πρότερον
2985 3647 3269 3718 δείξωμεν,
3324 3643 3431 3698 ποῦ
3471 3644 3635 3698 τοῦτο

2057 3751 2314 3821 ἐποίησεν
2368 3749 2504 3816 ὅπερ
2557 3739 2731 3799 εἷπον.
2785 3742 2896 3797 Ποῦ
2930 3742 3110 3798 τοίνυν
3153 3739 3312 3794 τοῦτο
3357 3740 3631 3806 ἐποίησες

2055 3840 2433 3910 Φιλιππησίοις
2490 3837 2714 3909 γράφων
2763 3838 2946 3908 φησίνο
2987 3837 3092 3902 ⁸ος
3119 3834 3190 3888 ἐν
3238 3831 3442 3904 μορφῇ
3483 3831 3633 3887 Θεοῦ

2055 3934 2360 4004 ὑπάρχων,
2417 3934 2529 4002 οὐχ
2580 3931 2893 4001 ἁρπαγμὸν
2923 3929 3196 3999 ἡγήσατο
3230 3927 3299 3982 τὸ
3333 3923 3491 3982 εἶναι
3528 3929 3634 3981 lca

2058 4026 2199 4093 Θεῷ,
2225 4027 2361 4082 ἀλλ’
2383 4026 2601 4082 ἑαυτὸν
2615 4024 2879 4080 ἐκένωσε
2891 4023 3134 4094 μορφὴν
3154 4022 3385 4078 δούλου
3401 4024 3628 4087 λαϐὼν,

2053 4121 2123 4174 ἐν
2157 4118 2472 4190 ὁμοιώματι
2503 4117 2826 4186 ἀνθρώπων
2858 4115 3199 4186 γενόμενος,
3225 4114 3326 4169 καὶ
3362 4115 3630 4183 σχήματι

2053 4211 2316 4280 εὑρεθεὶς
2374 4210 2455 4277 ὡς
2511 4209 2820 4277 ἄνθρωπος
2846 4224 2860 4238 ·
2916 4208 3322 4262 ἐταπείνωσεν
3385 4208 3628 4271 ἑαυτὸν,

2054 4304 2323 4372 ὑπήκοος
2355 4302 2670 4374 γενόμενος
2701 4300 2876 4370 μέχρι
2929 4300 3209 4364 θανάτου,
3264 4302 3531 4356 θανάτου
3564 4302 3631 4356 δὲ

2055 4397 2341 4467 σταυροῦ.
2407 4394 2506 4450 Διὸ
2564 4394 2663 4449 καί
2701 4395 2733 4448 ό
2785 4394 2928 4459 Θεὸς
2958 4394 3144 4449 αὑτὸν
3199 4395 3629 4464 ὑπερύψωσεν.

2057 4488 2207 4556 Εἶδες
2265 4491 2402 4554 πῶς,
2461 4490 2552 4544 ὅτε
2611 4487 2711 4559 μὲν
2762 4488 2890 4558 περὶ
2937 4490 3034 4558 τῆς
3069 4486 3325 4558 θεότητος
3356 4488 3631 4557 διελέγετο

2058 4585 2244 4656 μόνης,
2278 4583 2347 4637 τά
2375 4581 2585 4654 μεγάλα
2609 4580 2794 4635 ἐκεῖνα
2828 4579 3041 4651 εἴρηκε,
3075 4578 3136 4633 τὸ
3174 4580 3234 4632 ἐν
3270 4584 3456 4652 μορφῇ
3492 4579 3628 4634 Θεοῦ

2056 4677 2342 4748 ὑπάρχειν,
2379 4674 2471 4728 καὶ
2501 4672 2562 4726 τὺ
2597 4667 2736 4726 εἶναι
2768 4671 2858 4724 ἴσα
2887 4671 2964 4742 τῷ
2989 4672 3365 4743 γεγεννηκότι,
3406 4673 3502 4726 καὶ
3535 4674 3628 4726 αὖ.

2053 4767 2132 4838 τῷ
2163 4767 2225 4822 τὸ
2257 4768 2366 4820 πᾶν
2397 4764 2734 4833 ἀνατίθησιν·
2777 4763 2966 4832 ἐπειδὴ
3000 4762 3058 4816 δὲ
3101 4761 3303 4826 ἔδειξεν
3346 4764 3514 4816 αὐτόν
3547 4781 3625 4816 σοι

2057 4859 2435 4930 σαρκωθέντα,
2473 4855 2802 4911 κατεόίϐασε
2854 4855 3014 4908 πάλιν
3059 4856 3153 4908 τὸν
3191 4855 3387 4922 λόγον;
3419 4857 3482 4909 Εἰ
3520 4858 3624 4927 γάρ

2057 4953 2134 5022 μὴ
2165 4951 2338 5005 ταῦτα
2367 4950 2584 5012 διέλοις,
2620 4947 2788 5019 πολλὴ
2834 4949 2868 5018 ἡ
2927 4947 3074 5018 μάχη
3128 4945 3241 5001 τῶν
3295 4950 3619 5020 εἰρημένων.

2054 5043 2165 5097 Kal
2197 5041 2304 5114 γὰρ
2338 5043 2386 5094 εἰ
2419 5040 2509 5093 ῐσα
2543 5040 2661 5111 Θεῷ
2691 5035 2781 5111 ἦν,
2808 5038 2924 5103 πῶς
2957 5039 3048 5092 τὸν
3083 5039 3199 5093 ῖσον
3242 5041 3430 5113 ἐαυτῷ
3464 5043 3622 5114 ὑπερ-

2044 5136 2302 5214 ζύψωσεν;
2343 5132 2493 5206 [569ἶ
2525 5133 2574 5186 εἰ
2603 5134 2660 5186 ἐν
2697 5135 2878 5204 μορφῇ
2903 5131 3039 5186 Θεοῦ
3070 5129 3160 5205 ἦν,
3196 5134 3316 5199 πῶς
3336 5135 3621 5207 ἐχαρίσατο

2042 5233 2201 5306 ,αὐτῷ
2231 5233 2434 5303 δνομας
2467 5231 2496 5284 ὁ
2532 5230 2644 5301 γάρ
2679 5229 3058 5302 χαριζόμενος,
3103 5231 3182 5302 τῷ
3209 5232 3286 5304 μὴ
3324 5233 3503 5304 ἔχοντι
3533 5251 3621 5303 χι.

2056 5329 2286 5400 ρίζεται,
2323 5328 2416 5380 καὶ
2449 5326 2478 5378 6
2511 5324 2681 5395 ὑψῶν,
2711 5324 2803 5378 τὸν
2840 5324 3149 5396 ἔμπροσθεν
3194 5328 3456 5380 ταπεινὸν
3499 5330 3611 5381 δνττ

2054 5422 2196 5492 ὑψοῖ.
2228 5419 2595 5493 Εὑρεθήσεται
2626 5419 2735 5491 ἄρα
2757 5419 2954 5486 ἀτελὴς
2985 5417 3083 5484 ῶν,
3129 5423 3226 5473 καὶ
3257 5419 3456 5484 ἐνδεῶς
3489 5423 3613 5490 ἔχειν.

2055 5516 2184 5586 πρὶν
2207 5513 2241 5585 ἢ
2266 5513 2450 5566 λαϐεῖν
2470 5512 2532 5566 τὺ
2561 5512 2694 5582 ὕψος
2725 5513 2818 5567 καὶ
2845 5513 2906 5565 τὸ
2925 5511 3114 5582 ὄνομα,
3139 5513 3238 5567 καὶ
3266 5517 3442 5584 μυρία
3463 5515 3614 5582 ἕτερα

2054 5607 2314 5678 λήμματα
2339 5603 2584 5659 ἐντεῦθεν
2607 5603 2796 5673 ἕψεται
2822 5603 3020 5658 άτοπα.
3068 5604 3209 5656 Ἀλλ’
3235 5604 3335 5658 ἐὰν
3361 5605 3460 5675 τὴν
3479 5605 3613 5656 οἰκο-

2055 5699 2244 5771 νομίαν
2278 5695 2541 5768 προσθῇς,
2576 5695 2673 5768 οὐχ
2708 5696 3000 5768 ἁμαρτήσῃ
3022 5697 3193 5752 ταῦτα
3216 5697 3411 5767 λέγων.
3435 5699 3634 5753 ταῦτα.
