3802 6214
172 290 261 346 337

170 405 402 473 Quanam
424 408 507 456 est
526 415 652 473 ergo
679 404 878 458 causa?
902 403 992 459 2t.
1021 404 1273 472 Quoniam
1292 404 1495 477 quidem
1524 422 1612 477 per
1635 406 1728 461 ho-

172 494 334 546 minem
356 508 510 559 mors,
534 502 581 546 et
602 510 691 563 per
714 494 965 549 hominem
984 499 1281 551 resurrectio
1308 507 1639 553 mortuorum.
1670 498 1728 555 Si

168 596 326 642 autem
348 601 445 656 per
468 588 757 656 hominem,
782 606 879 660 per
899 607 1021 646 eum
1044 593 1202 662 plane
1220 592 1309 663 qui
1331 592 1492 649 habet
1509 607 1724 662 corpus.

170 678 288 733 Vide
309 694 469 748 porro
495 679 611 750 ejus
637 683 930 749 solertiam,
954 685 1043 754 qui
1066 684 1225 740 etiam
1250 686 1406 741 aliter
1429 686 1725 740 oralionem

164 768 314 823 efﬁcit
356 770 729 826 necessariam.
775 771 906 827 Nam
949 789 1109 839 eum,
1142 774 1234 844 qui
1270 774 1371 829 fuit
1408 782 1724 844 superatus,

165 870 361 931 oportet
387 869 442 915 et
471 872 790 931 prostratam
835 864 1134 921 instaurare
1171 881 1235 921 ac
1275 881 1527 937 reparare
1570 875 1727 919 natu-

161 971 267 1009 ram
289 996 303 1019 ,
333 963 384 1009 et
414 955 583 1024 ipsum
612 958 823 1013 vincere
854 975 868 1012 :
899 958 975 1013 sic
1005 960 1148 1015 enim
1188 959 1441 1030 probrum
1472 973 1723 1013 excusse-

160 1050 243 1104 rit.
287 1047 571 1104 Videamus
616 1058 791 1105 autem
836 1067 1121 1121 quamuam
1168 1052 1298 1108 dicit
1341 1063 1585 1107 mortem.
1632 1050 1722 1104 22.

160 1141 299 1196 Sicut
326 1142 467 1197 enim
496 1143 549 1197 in
574 1144 738 1197 Adam
765 1162 935 1199 omnes
961 1147 1265 1213 moriuntur,
1292 1148 1365 1199 ita
1384 1155 1431 1200 et
1454 1146 1507 1198 in
1527 1144 1725 1199 Christo

160 1250 322 1288 omnes
366 1235 767 1304 viviﬁcabuntur.
825 1236 1001 1304 Quid?
1041 1252 1332 1302 omnesne,
1374 1236 1462 1293 dic
1502 1250 1721 1307 quaeso,

156 1325 343 1379 mortui
374 1334 496 1380 sunt
524 1326 576 1380 in
618 1326 783 1381 Adam
826 1337 996 1383 morte
1035 1327 1279 1398 peccati?
1302 1326 1569 1398 quomodo
1597 1340 1725 1395 ergo

155 1414 263 1470 Noe
283 1415 458 1485 justus
496 1418 547 1471 in
588 1419 928 1488 generatione
956 1420 1091 1474 sua?
1120 1419 1386 1490 quomodo
1412 1416 1725 1473 Abraham?

156 1507 415 1577 quomodo
442 1508 586 1565 Job?
612 1512 880 1581 quomodo
908 1513 994 1567 alii
1025 1512 1254 1567 omnes?
1283 1510 1420 1578 Quid
1452 1526 1578 1565 vero
1597 1552 1611 1573 ,
1639 1511 1743 1574 dic,

153 1616 299 1671 rogo,
322 1617 578 1658 omnesne
608 1604 1012 1661 viviﬁcabuntur
1033 1605 1085 1659 in
1107 1605 1358 1660 Christo?
1400 1604 1464 1659 Et
1488 1603 1574 1657 ubi
1599 1613 1725 1657 sunt

152 1694 238 1763 qui
277 1693 611 1750 abducuntur
657 1697 709 1751 in
755 1697 1093 1767 gehennam?
1124 1698 1256 1752 Nam
1293 1698 1337 1754 si
1378 1697 1480 1752 hoc
1508 1697 1722 1767 quidem

146 1785 345 1840 dictum
372 1798 454 1841 est
481 1787 549 1843 de
577 1803 821 1859 corpore,
854 1799 959 1847 stat
998 1790 1140 1861 quod
1168 1790 1362 1845 dicitur
1391 1807 1403 1843 :
1433 1790 1513 1844 sin
1544 1798 1721 1843 antem

144 1878 212 1933 de
249 1879 452 1948 justitia
497 1890 551 1937 et
596 1893 853 1952 peccato,
894 1899 1245 1954 nequaquam.
1282 1883 1480 1938 Deinde
1507 1898 1572 1936 ne
1600 1897 1720 1936 cum

142 1971 377 2027 audieris
401 1987 735 2029 communem
771 1976 1197 2041 viviticationem,
1228 1978 1385 2030 etiam
1418 1986 1722 2047 peccatores

142 2064 475 2121 existimares
500 2081 620 2122 esse
648 2068 857 2134 salvos,
897 2069 1169 2139 subjunxit
1202 2088 1215 2124 :
1246 2069 1335 2123 25.
1369 2067 1723 2138 Unusquisque

138 2168 310 2210 autem
342 2158 396 2212 in
428 2175 521 2213 suo
544 2160 738 2215 ordine.
767 2160 898 2215 Nam
925 2162 1177 2231 quoniam
1206 2160 1452 2216 audivisti
1482 2177 1722 2216 resurre-

136 2249 395 2315 ctionem,
419 2266 488 2306 ne
510 2252 783 2307 existimes
803 2268 990 2308 omnes
1009 2252 1196 2308 eadem
1218 2252 1428 2322 assequi
1453 2261 1508 2308 et
1532 2250 1717 2306 iisdem

134 2342 257 2396 irui.
292 2340 425 2397 Nam
452 2344 497 2397 si
521 2343 573 2398 in
599 2344 859 2414 supplicio
884 2360 988 2398 non
1014 2359 1201 2399 omnes
1224 2343 1407 2399 eadem
1430 2343 1715 2414 patientur,

131 2435 227 2489 sed
257 2451 450 2507 magna
480 2446 564 2493 est
587 2436 907 2502 diﬁ'erentia,
938 2438 1105 2491 multo
1132 2438 1297 2506 magis
1327 2437 1413 2491 ubi
1445 2445 1569 2491 sunt
1597 2451 1719 2505 pec-

125 2537 347 2582 catores
372 2536 425 2583 et
448 2528 614 2598 justi,
651 2529 821 2598 major
849 2529 953 2584 erit
992 2529 1261 2584 distantia.
1299 2528 1547 2583 Primitia:
1572 2528 1719 2583 Chri-

124 2631 235 2675 stus
258 2636 279 2673 :
300 2621 485 2674 deinde
508 2622 543 2674 ii
566 2622 650 2691 qui
676 2632 792 2675 sunt
819 2620 1041 2688 Christi;
1072 2621 1172 2675 hoc
1197 2629 1299 2685 est,
1331 2620 1514 2675 ﬁdeles
1543 2630 1597 2675 et
1625 2619 1717 2691 qui

119 2722 248 2766 sunt
276 2713 491 2783 probati
512 2722 566 2767 et
596 2713 748 2767 bona:
773 2712 1202 2767 existimationis.
1234 2711 1323 2767 24.
1355 2710 1551 2767 Deinde
1576 2712 1713 2780 ﬁnis.

118 2806 256 2860 Nam
289 2805 505 2876 quando
538 2806 609 2860 illi
642 2807 1037 2862 resurrexerint
1060 2847 1076 2871 ,
1103 2821 1191 2861 res
1218 2820 1406 2861 omnes
1437 2805 1594 2859 ﬁnem
1620 2820 1713 2859 ac-

112 2901 329 2967 cipient
362 2917 377 2953 :
406 2914 508 2952 non
536 2899 675 2953 sicut
700 2914 840 2953 nunc
879 2908 1157 2968 postquam
1186 2897 1539 2952 resurrexerit
1560 2895 1714 2950 Chri-

110 3004 256 3056 stus,
289 2993 471 3046 omnia
499 2991 673 3047 adhuc
697 3001 821 3046 sunt
851 2992 902 3046 in
933 3004 1213 3061 suspenso.
1244 2989 1311 3043 Et
1340 2988 1459 3043 ideo
1485 2986 1708 3056 addidit,

106 3084 177 3137 In
210 3086 333 3154 ejus
357 3085 603 3151 adventu,
632 3096 688 3139 ut
716 3084 891 3140 discas
917 3084 1089 3153 ipsum
1122 3083 1263 3153 loqui
1289 3081 1357 3137 de
1382 3080 1475 3136 illo
1502 3090 1709 3150 tempo-

105 3194 185 3229 re.
221 3175 363 3231 Cum
397 3178 658 3230 tradiderit
686 3193 897 3247 regnum
922 3174 1031 3231 Deo
1058 3185 1105 3230 et
1134 3174 1281 3229 Patri
1303 3192 1323 3239 ;
1353 3190 1465 3228 cum
1492 3189 1708 3228 evacua-

99 3271 235 3320 rm-it
265 3285 475 3322 onmem
501 3269 862 3339 principatum,
892 3277 1211 3338 potestatem,
1238 3275 1287 3320 et
1312 3265 1565 3320 uirtutem.

172 3361 232 3413 4.
270 3359 379 3413 llic
405 3369 607 3415 attente
633 3360 869 3415 animum
896 3358 1145 3414 adhibete
1166 3400 1182 3425 ,
1209 3368 1264 3413 et
1286 3357 1463 3412 videte
1487 3371 1555 3410 ne
1580 3354 1706 3425 quid

97 3469 195 3502 ms
221 3451 453 3520 effugiat
480 3468 667 3507 eorum
694 3467 813 3521 qua:
842 3452 1109 3507 dicuntur.
1140 3450 1235 3506 Est
1260 3450 1402 3506 enim
1429 3448 1580 3503 nobis
1608 3463 1705 3518 pu-

91 3563 199 3611 gna
232 3560 373 3599 cum
404 3544 634 3599 inimicis
660 3562 674 3599 :
704 3544 824 3599 ideo
852 3544 998 3615 prius
1022 3552 1105 3599 est
1134 3542 1431 3617 exercenda
1458 3541 1705 3596 deductio

91 3638 156 3690 ad
207 3636 523 3691 absurdum
555 3654 568 3691 :
602 3636 741 3707 quod
789 3652 932 3707 smpe
973 3637 1133 3692 etiam
1181 3636 1307 3691 facit
1353 3634 1593 3690 Paulus:
1625 3634 1704 3689 sic

92 3733 241 3787 enim
293 3732 536 3787 maxime
568 3746 688 3801 quae
718 3731 935 3797 dicunt,
966 3730 1297 3801 apparebunt
1325 3729 1478 3784 nobis
1507 3728 1701 3798 depre-

102 3840 277 3878 lCllSU
336 3824 535 3879 facilia.
582 3823 691 3879 Eos
735 3840 863 3895 ergo
908 3824 1137 3894 primum
1184 3838 1433 3893 rogemus
1469 3822 1594 3893 quid
1633 3822 1703 3878 sit

92 3915 236 3983 μιοά
272 3916 491 3970 dictum
517 3925 618 3983 est,
643 3915 769 3969 Cum
792 3915 1055 3969 tradiderit
1079 3932 1287 3986 regnum
1313 3914 1422 3969 Deo
1443 3924 1489 3968 et
1512 3914 1686 3969 Patri.

93 4010 223 4063 iam
267 4009 326 4063 si
364 4008 416 4063 id
443 4009 833 4064 inconsiderate
859 4008 1257 4078 acceperimus,
1287 4017 1340 4062 et
1367 4022 1472 4062 non
1504 4015 1561 4061 ut
1591 4007 1699 4062 Deo

99 4105 388 4167 ouvenit,
414 4118 518 4157 non
547 4102 674 4157 illud
705 4110 885 4172 postea
916 4101 1132 4157 habebit
1159 4119 1171 4155 :
1199 4116 1322 4156 nam
1353 4102 1441 4172 qui
1473 4101 1561 4156 alii
1594 4111 1700 4156 tra-

94 4197 246 4260 lidit,
280 4195 493 4251 desinit
512 4195 580 4251 de
600 4205 795 4251 czetero
823 4196 935 4265 ipse
963 4195 1017 4251 id
1045 4203 1247 4251 tenere.
1274 4195 1382 4251 Nec
1402 4196 1505 4251 erit
1524 4197 1697 4251 solum

102 4304 179 4343 oc
207 4286 553 4353 absurdum,
580 4287 675 4342 sed
696 4287 858 4343 etiam
884 4286 1025 4357 quod
1051 4301 1119 4342 ne
1149 4287 1239 4342 ille
1259 4287 1472 4358 quidem
1499 4288 1587 4358 qui
1610 4302 1700 4343 ac-

93 4384 226 4451 epit
249 4423 271 4449 ,
324 4381 634 4436 invenietur
672 4380 869 4436 habere
910 4381 1213 4451 priusquam
1243 4384 1530 4452 acceperit.
1558 4381 1699 4452 Ergo

93 4475 411 4531 ecundum
444 4474 562 4530 illos
587 4490 761 4545 neque
785 4475 942 4553 Pater
961 4485 1077 4530 erat
1103 4475 1213 4529 Rex
1233 4484 1408 4541 antea,
1436 4484 1491 4532 et
1514 4486 1697 4533 nostra

93 4568 491 4638 ersequitnr;
526 4583 697 4638 neque
722 4567 885 4623 Filius
906 4578 1087 4638 postea
1119 4567 1231 4624 Rex
1257 4582 1376 4623 esse
1400 4569 1693 4640 apparebit.

94 4660 398 4725 :uomndo
419 4676 545 4730 ergo
571 4660 682 4730 ipse
704 4660 917 4731 quidem
939 4661 1067 4717 dicit
1087 4660 1154 4716 de
1181 4661 1356 4729 Patre,
1383 4660 1539 4717 Pater
1560 4681 1699 4719 meus

95 4772 241 4825 sque
260 4770 419 4807 nunc
443 4764 700 4823 operatur,
715 4763 760 4808 et
779 4770 869 4825 ego
890 4770 1071 4825 operor
1088 4753 1264 4824 (Joan.
1284 4755 1337 4810 5.
1364 4755 1479 4826 i7)?
1492 4756 1559 4811 de
1580 4758 1697 4826 ipso

102 4858 268 4903 item
307 4845 451 4900 dicit
482 4844 696 4910 Daniel,
728 4845 958 4917 Regnum
992 4847 1139 4916 ejus,
1168 4863 1379 4917 regnum
1417 4858 1694 4916 internum,

96 4943 209 4996 tod
244 4957 377 4994 non
405 4938 675 5008 prwteribit
700 4938 858 5009 (Dan.
888 4939 943 4993 2.
972 4939 1105 5010 44)?
1132 4939 1317 4995 Viden’
1340 4956 1497 5011 quam
1530 4942 1694 4998 multa

96 5037 355 5089 'iantnr
383 5030 635 5097 absurda,
661 5038 717 5085 et
738 5046 895 5100 quam
917 5045 1039 5085 cum
1065 5029 1356 5101 Scripturis
1384 5033 1692 5102 pugnantia,

96 5145 184 5181 im
218 5125 520 5197 quispiam
538 5138 657 5193 quae
676 5122 923 5178 dicuntur
941 5123 1170 5178 humane
1190 5123 1487 5194 acceperit?
1506 5124 1696 5191 Quem-

95 5237 184 5274 ειη
228 5225 451 5271 autem
477 5215 564 5270 hic
587 5214 716 5269 dicit
740 5216 982 5270 evacuari
1004 5223 1059 5269 et
1077 5214 1278 5270 aboleri
1302 5215 1695 5285 principatum?

95 5307 537 5382 igelorumne?
576 5305 749 5360 Absit.
795 5306 864 5359 At
898 5304 1171 5360 ﬁdelium?
1203 5305 1281 5361 Ne
1319 5306 1421 5361 hoc
1457 5306 1691 5376 quidem.

96 5406 159 5458 ut
219 5396 591 5471 quemnam?
636 5397 947 5451 Datmomtm
972 5439 985 5459 ,
1014 5396 1083 5450 de
1121 5413 1227 5468 quo
1264 5397 1388 5452 dicit
1418 5414 1433 5454 :
1466 5397 1586 5452 Non
1624 5408 1695 5452 est

96 5499 207 5550 ibis
248 5490 576 5547 colluctatio
602 5489 839 5544 adversus
865 5505 1067 5542 carnem
1084 5500 1130 5544 et
1149 5491 1466 5562 sanguinem,
1488 5492 1577 5547 sed
1601 5490 1696 5545 ad-

97 5602 249 5642 rsus
294 5581 651 5655 principatus,
678 5580 917 5635 adversus
942 5589 1228 5651 potestates,
1255 5582 1495 5639 adversus
1516 5583 1695 5638 mundi

97 5691 318 5733 stores
361 5670 679 5726 tenebrarum
708 5672 859 5743 hujus
886 5671 1059 5726 παιιὶ
1090 5670 1302 5743 (Ephes.
1332 5674 1387 5728 6.
1420 5674 1528 5746 12).
1560 5674 1692 5730 Nam

97 5784 212 5827 mc
255 5761 507 5838 quidem
544 5777 649 5820 non
687 5772 810 5820 sunt
838 5762 993 5834 plene
1026 5762 1221 5820 abolita
1252 5778 1347 5820 nec
1377 5763 1547 5822 adlmc
1575 5782 1691 5822 ces-

1136 287 1459 349 iN'EPlST.
1504 291 1523 346 Ι
1588 292 1679 349 AD
1714 292 1870 351 COR.
1917 295 2149 355 HOMIL.
2188 298 2433 357 XXXIX.

3314 308 3420 367 3'58

1839 422 1960 466 sant
1983 430 1997 477 ;
2028 413 2079 467 in
2102 412 2281 471 multis
2300 420 2443 473 enim
2466 419 2594 474 locis
2613 434 2935 489 operantur;
2959 434 3083 481 tunc
3104 437 3281 483 autem
3302 443 3420 483 ces—

1836 502 2047 557 sabunt.
2077 503 2169 560 25.
2202 504 2412 578 Oportet
2447 511 2580 564 enim
2621 513 2767 566 illum
2809 531 3052 585 regnare,
3080 518 3238 573 donec
3264 527 3419 589 ponat

1835 608 2005 648 omnes
2032 595 2263 652 inimicos
2297 599 2388 654 sub
2429 601 2636 671 pedibus
2668 605 2780 674 ejus
2818 605 3025 661 Rursus
3054 607 3177 663 hinc
3206 624 3419 680 quoque

1833 682 1979 739 aliud
2007 686 2176 742 oritur
2203 688 2493 745 absurdum
2513 733 2528 759 ,
2559 693 2660 749 nisi
2692 695 2746 749 id
2776 711 2988 767 quoque
3016 701 3411 769 acceperimus,

1833 788 1892 832 ut
1919 779 2029 834 Deo
2053 782 2324 837 convenit.
2352 784 2485 839 Nam
2525 787 2652 841 illud
2675 829 2692 856 ,
2727 788 2897 844 Donec
2922 831 2936 852 ,
2964 800 3049 846 est
3088 791 3207 846 ﬁnis
3235 802 3289 847 et
3316 792 3413 848 de-

1835 872 2264 943 terminationis;
2308 876 2360 933 in
2408 878 2519 934 Deo
2556 890 2735 936 autem
2776 883 2876 938 hoc
2904 900 3010 938 non
3040 895 3145 942 est.
3170 886 3259 939 26.
3296 884 3413 940 Νο-

1832 963 2036 1018 uissima
2063 967 2267 1022 inimica
2298 970 2577 1025 destruetur
2602 991 2756 1029 mars.
2783 974 3062 1041 Quomodo
3086 977 3415 1033 novissima?

1833 1052 1961 1108 Post
1988 1070 2197 1120 omnes.
2228 1068 2347 1130 post
2370 1060 2657 1125 diabolum,
2694 1076 2811 1133 post
2844 1066 2946 1120 alia
2970 1067 3171 1122 omnia.
3200 1068 3411 1123 Etenim

1832 1145 1992 1199 etiam
2025 1147 2075 1201 in
2104 1148 2253 1205 initio
2278 1151 2492 1207 intravit
2522 1155 2807 1210 novissima
2834 1175 2848 1209 :
2875 1158 3020 1226 prius
3047 1159 3189 1214 enim
3216 1158 3413 1215 diaboli

1832 1238 2113 1293 consilium
2158 1250 2214 1295 et
2259 1241 2615 1299 inobedientia
2640 1287 2655 1310 ,
2682 1257 2737 1301 et
2778 1259 2901 1303 tunc
2936 1264 3100 1304 mors.
3144 1251 3414 1306 Potestate

1833 1345 1959 1401 ergo
2000 1347 2140 1387 nunc
2180 1350 2391 1405 quoque
2436 1346 2519 1392 est
2559 1340 2789 1406 abolita,
2817 1358 2878 1397 re
2915 1354 3091 1398 autem
3126 1344 3236 1414 ipsa
3265 1355 3413 1401 tunc.

1836 1423 2019 1478 Omnia
2038 1428 2171 1481 enim
2192 1428 2399 1499 subjecit
2420 1431 2510 1484 sub
2536 1432 2742 1502 pedibus
2766 1435 2895 1503 ejus.
2918 1434 3046 1490 Cum
3065 1448 3233 1491 autem
3253 1438 3411 1504 dicat,

1829 1514 1920 1569 27.
1953 1516 2136 1571 Omnia
2163 1520 2385 1589 subjecta
2412 1532 2527 1575 sunt
2555 1523 2620 1588 ei,
2650 1523 2759 1578 sine
2786 1524 2936 1579 dubio
2963 1537 3143 1595 praeter
3166 1542 3299 1591 eum,
3327 1528 3414 1597 qui

1828 1607 2038 1678 subjecit
2066 1611 2110 1663 ei
2139 1614 2330 1667 omnia.
2359 1612 2447 1668 28.
2480 1612 2607 1668 Cum
2646 1624 2815 1669 autem
2850 1617 3073 1687 subjecta
3110 1617 3297 1687 fuerint
3332 1618 3413 1682 illi

1829 1698 2021 1766 omnia,
2052 1709 2171 1753 tunc
2199 1711 2244 1755 et
2271 1703 2379 1772 ipse
2406 1702 2454 1756 F
2456 1705 2573 1758 ilius
2602 1706 2854 1778 subjectus
2882 1709 2976 1761 erit
3002 1708 3101 1773 illi,
3130 1710 3215 1779 qui
3244 1709 3412 1779 subje-

1828 1790 1897 1843 cit
1934 1789 2029 1844 sibi
2077 1793 2269 1849 omnia.
2301 1796 2461 1865 Atqui
2488 1806 2644 1853 antea
2675 1813 2779 1853 non
2820 1798 3029 1855 Patrem
3055 1800 3264 1855 dicebat
3291 1816 3411 1858 esse

1828 1882 1917 1951 qui
1958 1884 2215 1953 subjecit,
2255 1886 2350 1941 sed
2382 1888 2554 1957 ipsum
2586 1904 2845 1946 evacuare
2873 1901 2927 1945 et
2953 1892 3171 1948 abolere
3204 1911 3217 1946 :
3250 1892 3407 1958 Cum,

1828 1975 2033 2045 inquit,
2063 1980 2376 2033 evacuaverit
2402 1997 2600 2034 omnem
2630 1982 2972 2052 principatum
3003 1994 3048 2038 et
3077 1993 3409 2054 potestatem;

1826 2075 1881 2121 et
1908 2082 2092 2122 rursus
2114 2109 2128 2133 ,
2162 2068 2371 2138 Oportet
2412 2070 2553 2125 enim
2590 2073 2757 2142 ipsum
2793 2089 3037 2144 regnare,
3068 2075 3227 2129 donec
3253 2085 3411 2146 ponat

1826 2173 1996 2211 omnes
2035 2159 2266 2215 inimicos
2304 2162 2397 2215 sub
2440 2162 2649 2232 pedibus
2682 2164 2811 2233 ejus.
2850 2164 3129 2232 Quomodo
3158 2180 3287 2236 ergo
3320 2167 3408 2227 hic

1825 2248 1955 2303 dicit
1993 2249 2243 2305 Patrem?
2267 2251 2376 2307 Nec
2412 2252 2515 2309 hoc
2540 2263 2623 2309 est
2662 2255 2833 2310 solum
2867 2256 3008 2327 quod
3050 2258 3258 2313 videtur
3286 2274 3408 2315 esse

1824 2338 2069 2405 dubium,
2098 2342 2193 2397 sed
2220 2344 2379 2399 etiam
2412 2346 2553 2415 quod
2597 2356 2740 2403 metu
2770 2347 2925 2403 valde
2949 2349 3181 2404 absurdo
3209 2361 3293 2405 est
3321 2351 3406 2405 af-

1823 2432 2015 2499 fectus,
2039 2444 2092 2489 et
2117 2451 2245 2491 usus
2270 2446 2353 2493 est
2377 2440 2709 2494 correctione
2735 2440 2943 2509 dicens,
2976 2441 3169 2517 Praeter
3188 2460 3299 2497 eum
3319 2446 3409 2515 qui

1821 2526 1869 2581 ei
1896 2528 2109 2597 subjecit
2137 2532 2307 2584 omnia
2326 2572 2343 2598 ,
2373 2541 2641 2604 tamquam
2670 2535 2934 2605 aliquibus
2975 2538 3404 2605 suspicantibus,

1821 2634 1950 2674 num
1980 2619 2136 2675 Pater
2160 2637 2372 2693 quoque
2398 2624 2684 2695 aliquando
2712 2626 3065 2696 subjiceretur
3089 2628 3226 2683 Filio
3254 2647 3265 2681 :
3298 2645 3406 2700 quo

1821 2710 1947 2781 quid
1973 2710 2133 2766 fuerit
2171 2715 2341 2784 magis
2365 2714 2601 2771 alienum
2629 2733 2657 2770 a
2686 2718 2932 2773 ratione?
2956 2719 3061 2775 Sed
3095 2728 3269 2776 tamen
3304 2722 3404 2775 hoc

1819 2802 2015 2857 timuit.
2042 2802 2177 2871 Quid
2204 2819 2332 2876 ergo
2357 2809 2480 2861 est?
2507 2810 2704 2862 etenim
2734 2810 2917 2865 multae
2940 2810 3193 2881 deinceps
3217 2828 3407 2867 occur-

1818 2906 1945 2949 runt
1968 2898 2294 2966 quwstiones
2319 2914 2334 2950 :
2357 2899 2451 2953 sed
2476 2901 2709 2955 animum
2738 2902 2867 2957 mihi
2893 2903 3159 2958 adhibete.
3192 2906 3401 2960 Etenim

1817 2988 1948 3054 mibi
1980 3004 2202 3047 necesse
2231 3001 2315 3048 est
2345 2992 2572 3063 primum
2605 2995 2783 3050 dicere
2811 2996 2962 3051 Pauli
2991 3012 3208 3067 sc0pnm
3239 3008 3293 3053 et
3323 3000 3403 3053 in-

1814 3082 2060 3137 stitutum
2092 3094 2146 3139 et
2175 3085 2490 3151 consilium,
2526 3087 2670 3157 quod
2711 3087 2907 3158 ubique
2934 3089 3131 3145 videris
3155 3091 3399 3159 resplen-

1814 3173 1965 3241 dere,
1993 3183 2048 3231 et
2073 3183 2198 3231 tunc
2221 3176 2412 3233 aﬁerre
2434 3178 2755 3234 solutionem
2783 3197 2798 3237 :
2825 3195 2947 3235 nam
2975 3180 3078 3237 hoc
3097 3197 3307 3252 quoque
3332 3182 3398 3238 ad

1812 3266 2140 3323 solutionem
2188 3268 2343 3325 nobis
2386 3270 2614 3326 confert.
2657 3272 2787 3339 Qua:
2833 3281 2916 3327 est
2959 3289 3089 3343 ergo
3132 3276 3398 3333 sententia

1812 3358 1960 3413 Pauli
1983 3400 1997 3422 .
2025 3370 2080 3416 et
2107 3362 2228 3431 quis
2251 3370 2335 3417 est
2362 3377 2479 3417 mos
2505 3363 2662 3434 ejus?
2689 3363 2859 3419 Aliter
2893 3365 3155 3435 loquitur,
3182 3367 3397 3437 quando

1810 3452 2045 3524 loquitur
2071 3453 2140 3509 de
2167 3453 2279 3509 sola
2310 3455 2608 3521 divinitate,
2636 3464 2691 3512 et
2724 3457 2878 3511 aliter
2906 3458 3118 3528 quando
3143 3459 3397 3516 acciderit

1808 3556 1868 3601 ut
1907 3546 2157 3617 loquatur
2194 3546 2263 3603 de
2300 3558 2567 3619 suscepta:
2590 3550 2768 3605 carnis
2808 3549 3228 3619 dispensatione.
3259 3551 3391 3606 Nam

1807 3639 2021 3711 quando
2072 3654 2288 3696 carnem
2336 3640 2791 3711 apprehenderit,
2841 3641 2910 3697 de
2959 3650 3153 3697 extero
3204 3658 3392 3700 secure

1807 3731 1983 3785 omnia
2024 3731 2258 3802 loquitur
2284 3732 2501 3787 humilia
2530 3741 2585 3788 et
2613 3732 2843 3802 abjecta,
2874 3734 3148 3789 conlidens
3178 3750 3394 3803 nempe,

1805 3822 1948 3893 quod
1978 3838 2038 3879 ea
2069 3824 2140 3879 sit
2167 3832 2288 3892 apta
2320 3834 2374 3879 et
2412 3825 2604 3879 idonea
2646 3824 2714 3879 ad
2754 3826 3148 3895 suscipiendum
3179 3842 3240 3881 ea
3270 3840 3390 3896 quae

1805 3912 2071 3969 dicuntur.
2101 3915 2389 3970 Videamus
2414 3931 2542 3987 ergo
2575 3915 2660 3970 hic
2687 3931 2900 3987 quoque
2939 3932 3005 3970 an
3048 3918 3291 3987 loquatur
3319 3916 3389 3972 de

1804 4009 1916 4064 sola
1944 4008 2240 4075 divinitate,
2263 4025 2329 4062 an
2353 4024 2474 4063 cum
2502 4008 2678 4063 carnis
2707 4018 2970 4079 susceptae
2988 4011 3387 4079 diSpensntione

1803 4101 1872 4155 de
1900 4099 2017 4170 ipso
2047 4099 2162 4154 hare
2186 4101 2426 4155 enuntiet
2468 4117 2586 4171 qua:
2624 4101 2753 4155 dicit
2782 4118 2796 4154 :
2828 4102 2934 4155 imo
2962 4117 3089 4156 vero
3118 4102 3264 4172 prius
3294 4117 3387 4155 os-

1805 4192 2084 4249 tendamus
2113 4193 2325 4247 ubinam
2358 4192 2479 4257 hoc,
2510 4194 2650 4263 quod
2677 4194 2805 4257 dixi,
2839 4194 3044 4253 fecerit.
3074 4194 3155 4250 Ad
3182 4194 3385 4265 Philip-

1803 4300 1996 4357 penses
2021 4285 2261 4341 scribens
2282 4286 2410 4341 dicit
2434 4304 2447 4340 :
2476 4286 2577 4353 Qui
2596 4304 2707 4340 cum
2732 4287 2786 4340 in
2810 4289 2972 4355 forma
3002 4286 3095 4341 Dei
3117 4297 3258 4348 esset,
3285 4304 3386 4342 non

1801 4379 2036 4451 rapinam
2076 4378 2347 4433 arbitratus
2383 4388 2454 4433 est
2495 4397 2602 4435 esse
2642 4397 2696 4435 se
2736 4379 2845 4435 Deo
2879 4381 3153 4451 aqualem,
3184 4379 3273 4433 sed
3301 4396 3382 4433 se-

1801 4470 1970 4541 ipsum
1995 4470 2268 4524 exinanivit
2292 4472 2420 4525 servi
2443 4476 2661 4543 formam
2686 4473 2956 4542 accipiens,
2980 4474 3032 4525 in
3056 4471 3386 4526 similitudine

1802 4564 2063 4618 hominum
2087 4562 2273 4632 factus,
2296 4573 2342 4618 et
2361 4564 2528 4634 figura
2554 4566 2782 4619 inuentus
2809 4576 2863 4619 ut
2895 4566 3041 4620 homo
3062 4580 3081 4629 ;
3102 4565 3384 4619 humiliarit

1801 4657 2043 4726 seipsum,
2065 4655 2296 4711 obediens
2324 4657 2487 4726 factus
2514 4674 2673 4729 usque
2700 4658 2768 4712 ad
2794 4669 3026 4723 mortem,
3055 4668 3263 4712 mortent
3288 4676 3385 4712 au-

1770 4744 1771 4747 “
1802 4757 1900 4801 tem
1936 4748 2116 4801 crucis.
2152 4746 2474 4819 Quapmpter
2500 4748 2639 4804 Deus
2667 4750 2905 4805 exaltabit
2934 4750 3081 4805 illum
3111 4748 3380 4821 (Philipp.

1800 4840 1855 4896 2.
1886 4840 1984 4896 6-9
2014 4840 2056 4912 ).
2089 4841 2332 4896 Vidistin‘
2357 4841 2625 4912 quomodo
2644 4884 2659 4908 ,
2691 4842 2904 4914 quando
2930 4842 2997 4899 de
3024 4843 3136 4898 sola
3164 4844 3378 4914 quidem

1801 4931 2117 5002 loquebatur
2142 4932 2441 5001 divinitate,
2471 4934 2555 4988 illa
2585 4950 2770 5004 magna
2801 4935 2955 5001 dixit,
2982 4951 3103 4989 eum
3131 4935 3181 4989 in
3213 4938 3376 4991 forma

1801 5022 1897 5078 Dei
1923 5038 2062 5087 esse,
2092 5033 2146 5078 et
2174 5024 2451 5093 aaqualiter
2476 5024 2736 5087 Genitori,
2766 5034 2820 5078 et
2846 5024 2944 5093 ipsi
2973 5034 3139 5080 totum
3178 5025 3387 5079 adscri-

1800 5117 1878 5172 bit
1903 5135 1917 5170 :
1941 5116 2152 5187 quando
2180 5125 2359 5171 autem
2398 5117 2634 5171 ostendit
2673 5117 2763 5172 tibi
2790 5131 2913 5171 eum
2939 5134 3157 5174 carnem
3193 5132 3380 5173 susce-

1800 5210 1945 5281 pisse
1968 5252 1984 5276 ,
2025 5226 2207 5264 rursus
2242 5209 2506 5279 depressit
2548 5212 2891 5267 orationem?
2924 5212 3034 5267 Nisi
3074 5214 3217 5266 enim
3263 5211 3377 5266 hmc

1800 5301 2085 5365 diviseris,
2130 5316 2320 5370 magna
2364 5310 2445 5355 est
2488 5304 2833 5372 repugnantia
2872 5320 3056 5359 eorum
3091 5319 3209 5374 qua:
3238 5303 3378 5357 dicta

1801 5402 1945 5449 sunt.
1978 5392 2110 5447 Nam
2139 5393 2181 5445 si
2218 5393 2326 5447 Deo
2366 5403 2481 5447 erat
2522 5397 2742 5465 a‘qualis
2765 5437 2780 5462 ,
2821 5396 3089 5466 quomodo
3129 5397 3383 5452 exaltavit

1801 5502 1943 5555 eum,
1976 5487 2065 5559 qui
2093 5496 2177 5542 est
2200 5485 2301 5543 sibi
2327 5488 2586 5558 aequalis?
2609 5489 2653 5543 si
2680 5499 2795 5545 erat
2823 5490 2874 5544 in
2904 5490 3073 5545 forma
3104 5489 3217 5557 Dei,
3240 5504 3379 5559 quo-

1799 5581 1961 5638 modo
1985 5581 2084 5652 ipsi
2110 5579 2325 5636 donavit
2354 5582 2589 5637 nomen?
2615 5597 2737 5638 nam
2767 5582 2855 5653 qui
2880 5582 3064 5647 donat,
3086 5580 3132 5636 ei
3159 5580 3247 5652 qui
3270 5596 3379 5636 non

1802 5673 1966 5729 habet
1991 5673 2155 5728 donat
2179 5688 2194 5727 :
2219 5680 2274 5726 et
2295 5672 2382 5742 qui
2412 5673 2645 5740 exaltat,
2676 5689 2796 5728 eum
2831 5673 2920 5744 qui
2962 5673 3107 5744 prius
3133 5679 3250 5726 erat
3278 5671 3381 5726 hu-

1805 5768 1947 5824 milis
1973 5765 2192 5822 exaltat.
2226 5763 2531 5822 Invenietur
2554 5780 2683 5838 ergo
2710 5780 2831 5824 esse
2856 5762 3199 5837 imperlectus
3223 5774 3278 5822 et
3302 5764 3384 5820 in-
