3802 6316
313 329 419 384 839

313 450 504 518 uigens
525 487 540 511 ,
567 445 880 516 priusquam
913 440 1248 496 altitudinem
1278 437 1549 510 acceperit
1576 446 1630 492 et
1655 449 1852 490 nomen
1883 449 1900 488 :

314 551 367 594 et
395 539 496 593 alia
528 535 940 594 innumerabilia
961 533 1089 588 hinc
1118 539 1408 602 sequentur
1427 529 1655 586 absurda
1677 529 1905 585 corolla-

314 631 411 684 ria.
440 629 548 684 Sed
575 630 621 684 si
647 629 828 684 carnis
848 635 1111 696 suscepta:
1133 624 1404 680 addideris
1423 623 1899 692 dispensationem,

315 739 418 777 non
465 723 717 794 peccabis
761 723 876 776 haec
923 721 1126 776 dicens.
1171 720 1297 775 limo
1340 727 1519 774 autem
1567 718 1652 772 hic
1691 732 1903 786 quoque

313 816 486 885 cogita
511 859 526 881 ,
556 825 756 871 etcum
785 814 886 869 hoc
909 813 1136 868 censilio
1163 813 1346 881 accipe
1374 827 1492 882 qua:
1519 811 1658 864 dicta
1685 819 1828 862 sunt.

389 908 442 960 5.
475 905 605 960 Cum
647 905 731 960 bis
771 913 948 959 autem
993 905 1125 958 alias
1154 919 1366 974 quoque
1407 903 1649 957 dicemus
1688 913 1899 953 causas.

320 999 534 1054 Interim
577 1008 752 1054 autem
798 998 929 1054 illud
969 1013 1193 1054 necesse
1237 1006 1321 1052 est
1371 996 1587 1061 dicere,
1619 994 1757 1064 quod
1788 1003 1843 1048 et
1870 1006 1901 1046 a

319 1093 486 1148 Paulo
511 1093 674 1147 verba
703 1091 904 1146 ﬁebant
927 1089 995 1145 de
1028 1089 1444 1149 resurrectione,
1476 1105 1596 1156 qua:
1626 1086 1904 1140 videbatur

320 1187 434 1240 ﬁeri
467 1202 572 1240 non
610 1199 787 1253 posse,
817 1193 872 1238 et
895 1199 1018 1253 qua:
1060 1183 1277 1236 minime
1303 1179 1624 1234 credebatur
1651 1195 1665 1232 :
1689 1188 1738 1230 el
1768 1177 1906 1230 scri-

320 1280 481 1334 bebat
506 1278 573 1332 ad
601 1277 932 1340 Corinthios,
956 1274 1042 1329 ubi
1077 1273 1254 1343 plures
1275 1281 1428 1326 erant
1460 1268 1788 1340 philosophi,
1812 1268 1900 1337 qtti

316 1387 532 1441 semper
547 1369 840 1425 irridebant
856 1381 917 1422 ea
937 1383 1052 1436 qua:
1073 1375 1196 1421 sunt
1217 1362 1542 1433 hujusmodi.
1559 1363 1763 1417 Etenim
1781 1377 1900 1414 cum

319 1468 374 1521 in
401 1467 520 1520 aliis
566 1466 706 1519 inter
729 1479 790 1518 se
814 1461 1198 1516 collidcrcntur
1219 1501 1236 1526 ,
1268 1461 1318 1513 in
1365 1459 1466 1514 hoc
1489 1459 1740 1529 dogmate
1769 1469 1904 1511 tam-

318 1576 477 1630 quam
510 1573 620 1612 uno
647 1573 740 1610 ore
775 1570 965 1609 omnes
1005 1554 1383 1623 conspirabant
1407 1596 1422 1618 ,
1453 1561 1753 1606 statuentes
1793 1567 1899 1603 non

315 1667 441 1706 esse
470 1648 940 1704 resurrectionem.
991 1645 1066 1699 De
1115 1645 1414 1715 ltujusmodi
1460 1659 1589 1712 ergo
1617 1658 1775 1696 causa
1804 1640 1901 1694 de-

318 1753 562 1806 certans,
594 1741 678 1795 cui
718 1738 855 1794 adeo
887 1754 995 1793 non
1023 1737 1260 1792 creditur
1283 1746 1339 1791 et
1365 1751 1484 1806 qttte
1515 1735 1767 1789 irridetur
1793 1742 1900 1786 tam

323 1845 540 1904 propter
567 1832 968 1904 prtejudicatam
997 1831 1336 1901 opinionem,
1371 1844 1530 1899 quam
1578 1837 1800 1897 pr0pter
1826 1826 1901 1879 rei

317 1923 724 1989 difﬁcultatem;
757 1932 812 1978 et
855 1922 1043 1975 volens
1074 1921 1302 1991 probare
1350 1921 1400 1973 id
1433 1919 1548 1974 ﬁeri
1579 1933 1755 1988 posse,
1792 1917 1902 1986 pri-

323 2032 466 2070 mum
495 2016 596 2070 hoc
622 2016 745 2070 facit
773 2031 840 2069 ex
866 2011 1066 2068 Christi
1093 2012 1488 2067 resurrectione
1517 2028 1529 2064 :
1555 2019 1610 2065 et
1636 2025 1758 2064 cmn
1782 2025 1900 2063 eam

323 2107 746 2161 demonstrasset
774 2113 828 2158 et
856 2120 920 2158 ex
949 2103 1224 2173 prophetis
1245 2115 1298 2158 et
1327 2119 1393 2158 ex
1424 2103 1489 2156 iis
1517 2102 1606 2172 qui
1639 2102 1901 2166 viderant,

318 2207 376 2252 et
397 2213 461 2252 ex
493 2197 558 2251 iis
587 2196 675 2265 qui
707 2195 1070 2261 crediderant,
1100 2203 1381 2265 postquam
1410 2195 1617 2264 accepit
1644 2194 1745 2248 sibi
1776 2209 1906 2248 cou-

321 2305 528 2346 cessam
557 2289 624 2344 ad
651 2289 943 2344 absurdum
973 2287 1346 2343 deductionem
1370 2330 1385 2355 ,
1416 2287 1671 2358 deinceps
1714 2289 1906 2358 probat

324 2382 599 2438 hominum
629 2381 1077 2436 resurrectionem
1105 2396 1120 2432 :
1156 2378 1295 2433 Nunt
1314 2380 1358 2435 si
1387 2381 1574 2434 mortui
1600 2396 1699 2432 non
1733 2396 1902 2433 resur-

319 2463 480 2543 gunt,
510 2471 716 2541 inquit,
767 2486 828 2525 ne
854 2469 1082 2525 Christus
1131 2471 1335 2540 quidem
1378 2471 1668 2524 resurrexit.
1704 2470 1905 2525 Deiudc

319 2581 446 2620 cum
489 2564 746 2618 continuo
791 2563 843 2616 in
876 2563 1303 2633 prmcedentibus
1343 2577 1529 2618 eorum
1573 2563 1902 2633 frequentem

321 2656 560 2711 dedisset
605 2655 1012 2725 probationem,
1054 2655 1210 2709 aliter
1239 2670 1424 2710 rursus
1467 2664 1903 2725 argumentatur,

322 2765 444 2805 eam
468 2762 668 2803 vocans
699 2747 981 2818 primitias,
1004 2759 1058 2803 et
1084 2748 1373 2802 ostendens
1401 2763 1522 2802 eum
1550 2747 1768 2802 abolere
1790 2762 1907 2802 om-

325 2858 447 2898 nem
475 2841 832 2912 principatum
875 2849 930 2896 et
971 2849 1287 2910 potestatem
1313 2849 1368 2894 et
1397 2840 1648 2896 virtutem
1676 2849 1730 2894 et
1760 2855 1906 2894 mor-

327 2947 434 2992 tem
465 2934 833 2990 novissimam.
863 2933 1145 3001 Qnomodo
1172 2949 1323 3004 ergo,
1359 2933 1566 3002 inquit,
1594 2931 1753 2987 fuerit
1779 2935 1910 2986 abo-

325 3029 415 3084 lita
435 3069 451 3095 ,
481 3028 582 3083 nisi
613 3028 758 3099 prius
784 3026 1022 3082 amiserit
1065 3042 1184 3096 qua:
1212 3025 1440 3080 habebat
1469 3025 1722 3094 corpora?
1753 3025 1908 3078 Post-

323 3136 486 3192 quam
515 3135 643 3191 ergo
668 3134 856 3190 magna
883 3119 1131 3188 loquutus
1171 3126 1254 3172 est
1282 3116 1350 3170 de
1373 3115 1688 3186 Uuigeuito,
1720 3130 1911 3186 nempe

323 3214 468 3283 quod
499 3211 660 3267 tradit
683 3225 908 3282 regnum
927 3250 943 3276 ,
977 3209 1080 3264 hoc
1105 3217 1209 3274 est,
1239 3206 1382 3279 quod
1426 3206 1541 3276 ipse
1570 3222 1631 3260 ea
1660 3206 1908 3272 conﬁcit,

324 3314 383 3358 et
412 3305 526 3375 ipse
565 3303 709 3358 bello
739 3300 940 3367 vincit,
966 3309 1019 3354 et
1047 3300 1224 3354 omnia
1260 3297 1484 3368 pedibus
1525 3297 1635 3352 suis
1661 3297 1909 3365 subjicit;

329 3397 604 3467 subjunxit
627 3395 904 3466 corrigens
926 3393 1214 3448 mttltorum
1248 3391 1674 3446 incredulitatem
1702 3410 1715 3444 :
1747 3390 1912 3456 Opor-

327 3498 396 3542 tet
419 3503 535 3541 eum
562 3501 795 3556 regnare,
823 3484 983 3537 donec
1007 3483 1228 3552 posuerit
1255 3497 1428 3534 omnes
1453 3481 1682 3534 inimicos
1705 3481 1797 3535 sub
1822 3497 1913 3545 pe-

328 3580 477 3634 dibus
501 3579 625 3633 suis.
678 3577 792 3632 Non
842 3577 1002 3631 ﬁnem
1047 3590 1213 3645 regno
1253 3575 1537 3644 imponens
1575 3573 1714 3628 dixit
1743 3574 1872 3628 illud
1895 3614 1911 3640 ,

334 3671 547 3737 Donec,
575 3668 670 3724 sed
701 3667 804 3724 ﬁde
830 3667 1052 3738 dignum
1082 3666 1286 3722 faciens
1316 3667 1370 3722 id
1392 3666 1537 3738 quod
1563 3667 1765 3722 dictum
1794 3677 1912 3735 est,

329 3771 470 3818 etut
498 3763 639 3817 bono
669 3761 776 3814 sint
819 3759 999 3813 animo
1041 3767 1098 3813 et
1139 3757 1413 3814 conﬁdant
1457 3773 1767 3830 procurans.
1794 3759 1913 3815 Non

331 3853 476 3908 enim
507 3861 786 3922 postquam
818 3850 1105 3917 audivisti,
1153 3851 1358 3921 inquit,
1388 3865 1510 3906 eum
1540 3865 1661 3907 esse
1682 3852 1913 3908 abolitu-

333 3963 451 4001 rum
481 3961 693 4000 omnem
728 3943 1082 4015 principatum
1124 3954 1178 4000 et
1205 3953 1529 4014 potestatem
1554 3956 1610 4001 et
1635 3946 1910 4014 virtutem,

335 4052 390 4096 et
419 4039 690 4094 diabolum
719 4045 775 4093 et
804 4046 912 4092 tam
955 4038 1151 4092 multas
1199 4038 1504 4093 dtemonum
1546 4049 1792 4094 catervas
1814 4083 1830 4104 ,
1862 4051 1918 4096 et

335 4133 630 4188 inﬁdelium
681 4133 902 4196 turbas,
950 4140 1006 4188 et
1051 4132 1240 4187 mortis
1285 4132 1653 4203 tyrannidem,
1694 4143 1748 4188 et
1776 4136 1914 4191 mala

333 4225 542 4287 omnia,
577 4224 766 4279 timeas
789 4265 804 4290 ,
838 4232 1107 4294 tamquam
1140 4225 1254 4294 ipse
1281 4226 1352 4280 sit
1397 4224 1640 4281 inﬁrmus
1665 4236 1720 4282 et
1745 4227 1915 4282 imbe-

331 4318 489 4372 cillus
514 4337 528 4372 :
559 4315 731 4371 donec
759 4315 903 4371 enim
933 4314 1123 4372 fecerit
1164 4316 1279 4371 bzec
1309 4318 1489 4373 omnia
1510 4359 1525 4382 ,
1554 4328 1768 4388 oportet
1792 4335 1914 4374 eum

332 4426 560 4482 regnare
583 4428 596 4463 :
622 4425 727 4464 non
751 4409 854 4464 hoc
873 4408 1078 4476 dicens,
1101 4409 1242 4479 quod
1267 4422 1551 4481 pOStqnam
1578 4410 1787 4480 fecerit,
1809 4427 1913 4467 non

331 4503 612 4574 regnabit,
643 4502 738 4556 sed
770 4501 902 4557 illud
931 4502 1164 4572 probans
1191 4544 1207 4570 ,
1237 4502 1378 4572 quod
1409 4503 1618 4558 etiamsi
1641 4519 1747 4558 non
1775 4520 1917 4559 nttnc

332 4595 528 4652 factum
561 4598 650 4660 sit,
673 4595 895 4650 omnino
919 4595 990 4649 sit
1011 4594 1266 4650 futurum.
1295 4593 1413 4650 Non
1438 4595 1580 4651 enim
1607 4596 1914 4652 conscindi-

330 4698 420 4743 tur
446 4687 562 4757 ejus
604 4703 830 4758 regnum
860 4704 875 4740 :
903 4687 1211 4742 dominatur
1251 4688 1393 4743 enim
1433 4698 1487 4744 et
1528 4699 1719 4760 potens
1748 4700 1830 4745 est
1861 4699 1916 4746 ct

335 4789 551 4854 manet,
581 4775 754 4833 donec
797 4779 976 4832 omnia
1007 4789 1156 4834 recte
1183 4778 1500 4834 confecerit.
1549 4780 1700 4836 llnnc
1738 4792 1912 4836 autem

334 4883 541 4925 morem
563 4869 832 4924 inveneris
857 4871 1016 4925 etiam
1044 4871 1097 4924 in
1126 4870 1306 4926 Veteri
1337 4871 1631 4940 Scriptura.
1662 4882 1719 4927 ut
1742 4891 1913 4944 quan-

332 4965 404 5020 do
432 4965 593 5032 dicit,
637 4963 851 5020 Verbum
891 4977 1056 5021 autem
1090 4965 1294 5022 Domini
1335 4981 1503 5023 mouet
1539 4969 1593 5023 in
1635 4979 1915 5037 teternum;

332 5069 418 5121 et,
449 5057 530 5112 Tu
568 5069 736 5112 autem
779 5059 911 5114 idem
956 5062 1065 5131 ipse
1108 5079 1192 5128 es,
1226 5072 1271 5115 et
1299 5063 1422 5116 anni
1451 5063 1524 5116 tui
1550 5080 1650 5116 non
1679 5065 1914 5133 deﬁcient

333 5151 354 5225 (
383 5149 527 5206 Psal.
559 5150 684 5206 H8.
712 5151 812 5216 89;
846 5161 892 5205 et
921 5153 1043 5233 lOl.
1074 5153 1145 5209 28
1170 5154 1210 5222 ).
1247 5155 1371 5213 llazc
1409 5165 1586 5212 autem
1618 5157 1744 5213 dicit
1791 5176 1912 5229 pro-

334 5243 492 5313 pheta
519 5283 536 5311 ,
569 5252 622 5297 et
669 5259 788 5312 qua:
834 5255 960 5299 sunt
1005 5245 1345 5316 hujusmodi,
1373 5251 1589 5319 quando
1637 5263 1818 5305 narrat
1844 5253 1913 5309 de

331 5336 511 5398 rebus,
542 5352 661 5406 quae
687 5336 846 5407 longo
875 5346 994 5404 post
1023 5349 1264 5408 tempore
1289 5352 1412 5397 sunt
1435 5345 1686 5411 gerenda:
1707 5355 1765 5400 ct
1793 5363 1908 5400 om-

333 5429 460 5483 nino
486 5427 676 5483 futuraa
701 5469 716 5494 ,
748 5429 1070 5483 crassiorum
1111 5431 1412 5486 auditorum
1440 5436 1720 5504 expellens
1752 5439 1908 5491 timo-

330 5535 466 5574 rem.
516 5518 668 5588 Quod
714 5529 892 5574 antem
936 5519 1063 5573 illud
1099 5519 1270 5575 Donec
1297 5531 1351 5576 et
1380 5522 1583 5593 Usque,
1615 5529 1657 5581 si
1704 5527 1772 5582 de
1801 5529 1909 5585 Deo

328 5608 612 5679 dicantur,
661 5625 767 5666 non
817 5612 925 5665 sint
951 5611 1112 5667 verba
1161 5615 1320 5669 linem
1368 5615 1751 5687 signiﬁcantia,
1786 5623 1908 5677 audi

325 5703 454 5774 quid
484 5703 628 5760 dicat
656 5720 670 5758 :
695 5702 738 5756 Α
766 5703 952 5758 saeculo
982 5714 1029 5759 et
1057 5721 1213 5777 usque
1233 5707 1284 5760 in
1305 5708 1544 5762 steculum
1572 5722 1625 5764 tu
1656 5731 1708 5768 es
1730 5712 1903 5785 (Psal.

324 5796 414 5854 89.
444 5795 536 5870 2);
565 5804 624 5854 et
652 5798 868 5867 iterum,
904 5797 1013 5871 Ego
1039 5817 1151 5856 sum
1177 5799 1370 5877 (Exod.
1400 5805 1454 5860 3.
1493 5808 1604 5878 t4);
1633 5820 1704 5876 et,
1739 5809 1910 5868 Donec

1032 322 1088 379 S.
1129 320 1407 378 ιοΑΝΝιε
1432 311 1909 378 cnnvsosrout
1947 315 2258 376 ARCIIIEP.
2296 321 2826 382 CONSTANTINOP.

3491 333 3591 390 M0

2007 439 2370 492 consenueritis
2398 457 2490 512 ego
2514 459 2624 496 sum
2653 442 2808 512 (lsat'.
2838 447 2927 499 46.
2956 446 3036 514 4).
3072 447 3364 518 Propterea
3390 458 3447 504 et
3474 451 3590 504 ulti-

2004 545 2143 584 mam
2172 533 2318 601 ponit
2345 543 2574 590 mortem
2595 579 2610 602 ,
2634 546 2692 590 ut
2718 554 2780 591 ex
2812 539 3040 593 aliorum
3070 540 3292 594 victoria
3323 541 3432 598 hoc
3454 559 3588 613 quo-

2002 637 2106 690 que
2137 621 2288 678 facile
2315 624 2561 680 admittat
2609 627 2656 681 is
2685 629 2775 697 qui
2822 644 2930 684 non
2959 630 3150 685 credit.
3202 631 3434 701 Quando
3461 649 3587 705 ergo

2003 715 2295 782 diabolum,
2328 720 2416 788 qui
2437 729 2664 775 mortem
2696 722 2920 787 invexit,
2949 725 3248 791 sustulerit,
3281 726 3456 782 multo
3482 743 3591 782 ms-

1999 806 2084 875 gis
2111 807 2226 874 ejus
2255 822 2391 877 opus
2428 807 2696 865 dissolvet
2738 827 2801 866 ac
2831 813 3144 884 perfringvt.
3175 815 3440 883 Quoniam
3466 833 3592 887 ergo

2000 896 2051 950 ei
2082 899 2257 950 omnia
2293 899 2574 963 attribuit,
2623 902 2766 972 quod
2797 906 3140 960 evacnaverit
3177 907 3511 978 principatus
3539 919 3592 964 et

2006 1003 2332 1059 l’0le~tates,
2401 995 2540 1064 quod
2589 1014 2808 1068 regnum
2849 1010 2995 1056 recte
3043 1004 3270 1071 gesserit
3317 1012 3374 1058 et
3418 1002 3590 1058 admi-

2005 1082 2275 1148 nistrarit,
2320 1086 2443 1140 dico
2482 1099 2660 1143 autem
2715 1091 2949 1145 ﬁdelium
2991 1093 3251 1157 salutem,
3297 1094 3448 1149 orbis
3491 1102 3592 1148 ter-

2005 1189 2078 1228 rae
2109 1191 2290 1243 pacem
2313 1219 2328 1242 ,
2359 1179 2619 1234 malorum
2651 1181 2978 1238 deletionem
3009 1184 3156 1255 (huc
3179 1186 3326 1241 enim
3372 1195 3460 1241 est
3505 1202 3589 1242 re-

2002 1282 2164 1338 gnum
2197 1277 2344 1325 recte
2381 1273 2615 1342 gessisse
2641 1283 2698 1329 et
2742 1274 3149 1333 administrasse
3172 1319 3189 1344 ,
3221 1288 3454 1334 mortem
3480 1279 3590 1334 dis-

2001 1361 2264 1435 Solvisse)
2290 1379 2305 1428 ;
2355 1381 2528 1434 neque
2575 1367 2741 1431 dixit,
2771 1369 2914 1438 quod
2942 1370 3097 1425 Pater
3126 1386 3223 1442 per
3269 1372 3475 1442 ipsum,
3501 1374 3591 1426 sed

2001 1455 2142 1526 quod
2189 1458 2302 1526 ipse
2345 1461 2627 1513 evacuabit
2672 1470 2727 1515 et
2768 1461 3004 1517 abolebit
3050 1474 3103 1517 et
3150 1465 3265 1533 ipse
3297 1473 3464 1534 ponet
3493 1465 3591 1519 sub

2003 1549 2224 1618 pedibus
2256 1551 2390 1614 suis,
2417 1568 2589 1622 neque
2617 1569 2838 1622 usquam
2869 1555 3112 1610 meminit
3132 1555 3307 1612 Patris
3338 1575 3352 1610 :
3378 1557 3492 1627 jam
3520 1558 3587 1612 tio

2003 1642 2169 1704 tnuit,
2198 1658 2264 1698 ne
2291 1643 2560 1698 videretur
2589 1645 2903 1712 quibusdam
2927 1662 2957 1700 a
2990 1649 3200 1704 ratione
3239 1649 3593 1704 alienioribus

2003 1741 2095 1786 aut
2117 1734 2288 1802 major
2309 1734 2467 1788 Patre
2509 1751 2629 1789 esse
2651 1734 2819 1792 Filius
2841 1780 2857 1802 ,
2876 1748 2966 1792 aut
2983 1739 3197 1810 aliquod
3221 1741 3363 1795 aliud
3391 1743 3594 1811 princi-

2005 1825 2148 1893 pium
2190 1827 2479 1895 ingenitum
2507 1845 2521 1890 ;
2551 1839 2604 1883 et
2635 1839 2918 1899 propterea
2960 1831 3061 1886 sibi
3085 1847 3283 1889 cavens
3309 1845 3362 1888 et
3390 1849 3506 1889 rem
3540 1835 3592 1890 in

2004 1925 2117 1970 tuto
2145 1918 2434 1984 collocatis,
2467 1921 2598 1975 lenit
2623 1937 2688 1976 ac
2717 1924 2928 1993 mitigat
2956 1925 3376 1994 magnitudinem
3405 1941 3591 1981 eorum

2003 2027 2122 2081 quae
2148 2011 2285 2066 dicta
2313 2023 2457 2074 sunt,
2491 2013 2680 2068 dicens
2709 2033 2722 2067 :
2753 2014 2939 2069 Omnia
2967 2017 3100 2070 enim
3137 2020 3303 2086 posuit
3333 2018 3425 2071 sub
3453 2018 3593 2086 pedi-

2005 2104 2096 2158 bus
2135 2106 2277 2170 snis;
2330 2122 2416 2160 res
2461 2116 2638 2176 gestas
2683 2124 2870 2163 rursus
2916 2108 3060 2163 Patri
3109 2111 3454 2176 adseribens,
3487 2127 3593 2166 nun

2007 2204 2273 2266 tamquam
2306 2200 2374 2251 sit
2402 2199 2668 2268 impotens
2694 2210 2747 2254 et
2774 2200 3073 2255 imbecillus
3096 2200 3263 2257 Filius
3298 2204 3597 2274 (quomodo

2006 2289 2149 2343 enim
2179 2297 2340 2354 esset,
2369 2289 2436 2345 de
2464 2305 2570 2362 quo
2599 2302 2705 2346 tam
2732 2293 2898 2346 multa
2929 2293 3050 2348 tulit
3073 2296 3401 2362 testimonia,
3431 2305 3486 2350 et
3506 2296 3594 2351 cui

2005 2380 2249 2435 attribuit
2272 2383 2448 2435 omnia
2479 2399 2600 2453 qua:
2624 2383 2765 2438 dicta
2807 2383 3014 2457 sunt?)
3040 2387 3133 2440 sed
3182 2397 3408 2458 propter
3433 2403 3595 2458 quam

2005 2472 2112 2527 dixi
2133 2487 2370 2540 causom,
2393 2483 2450 2530 et
2473 2485 2530 2529 ut
2554 2476 2866 2531 ostenderet
2897 2477 3045 2532 Patri
3068 2488 3122 2533 et
3145 2477 3280 2534 Filio
3301 2495 3422 2534 esse
3445 2495 3598 2535 com-

2007 2565 2186 2619 munia
2202 2581 2332 2635 ,quac
2363 2566 2497 2621 facta
2527 2578 2653 2621 sunt
2683 2584 2778 2636 pro
2806 2570 2981 2624 nobis.
3009 2568 3142 2624 Nam
3173 2572 3314 2641 quod
3343 2573 3456 2640 ipse
3488 2572 3596 2626 sibi

2008 2656 2279 2711 suﬁ‘ecerit
2324 2657 2391 2711 ad
2440 2661 2619 2713 omnia
2675 2661 2774 2714 sibi
2828 2661 3197 2731 subjicienda,
3243 2663 3365 2719 audi
3406 2679 3598 2718 rursus

2009 2749 2228 2803 Paulum
2258 2748 2526 2804 dicentem
2557 2767 2570 2803 :
2604 2750 2702 2816 Qui
2734 2753 3113 2823 transﬁgurabit
3153 2771 3340 2824 corpus
3382 2755 3598 2809 humili-

2009 2845 2126 2896 tatis
2152 2853 2354 2906 nostrw,
2378 2856 2431 2896 ut
2457 2845 2521 2896 sit
2541 2861 2633 2897 con
2640 2848 2800 2915 [anne
2824 2847 3026 2914 corpori
3051 2847 3228 2917 gloria:
3248 2862 3356 2901 sua
3372 2890 3386 2909 ,
3414 2863 3599 2902 secun-

2010 2937 2132 2990 dum
2157 2937 2497 3007 Operationem
2518 2980 2529 2995 .
2559 2953 2657 3006 qua
2692 2939 2844 2990 etiam
2890 2939 3046 3007 possit
3090 2940 3197 3008 ipse
3233 2939 3475 3008 subjicere
3498 2940 3600 2994 sibi

2011 3029 2182 3082 omnia
2210 3027 2468 3099 (Philipp.
2503 3029 2556 3083 5.
2581 3026 2697 3098 2i).
2728 3029 2929 3083 Deinde
2957 3031 3117 3083 etiam
3151 3044 3275 3084 usus
3302 3043 3384 3086 est
3409 3047 3600 3085 corre-

2011 3119 2188 3175 ctione
2213 3119 2396 3175 dicens
2424 3135 2436 3171 :
2462 3117 2587 3174 Cum
2613 3130 2780 3172 autem
2827 3120 2995 3188 dicat,
3029 3121 3198 3176 omnia
3227 3122 3449 3191 subjecta
3476 3133 3600 3178 sunt

2012 3213 2091 3280 ei,
2123 3212 2232 3268 sine
2253 3212 2405 3266 dubio
2434 3225 2616 3281 praeter
2643 3229 2755 3268 eum
2780 3215 2865 3284 qui
2907 3215 3119 3284 subjecit
3158 3215 3203 3270 ei
3235 3218 3445 3282 omnia;
3474 3217 3602 3273 hinc

2013 3319 2227 3374 quoque
2250 3305 2318 3360 de
2345 3303 2615 3375 Unigeniti
2643 3305 2810 3376 gloria
2862 3322 2968 3360 non
2997 3321 3216 3377 parvum
3247 3306 3423 3362 ferens
3448 3313 3571 3363 testi
3590 3341 3604 3353 ο

2016 3400 2254 3453 monium
2273 3437 2286 3450 .
2309 3399 2364 3454 Si
2393 3401 2535 3452 enim
2583 3399 2773 3454 fuisset
2815 3401 2990 3455 minor
3015 3443 3032 3467 ,
3058 3411 3116 3456 et
3145 3402 3302 3472 longe
3346 3403 3597 3468 inferior,

2017 3508 2304 3562 numquam
2331 3507 2452 3548 eum
2501 3494 2756 3548 subiisset
2802 3493 2890 3549 hic
2930 3507 3126 3550 metus.
3160 3494 3342 3565 Neque
3371 3495 3474 3551 hoc
3503 3496 3603 3551 fuit

2017 3594 2302 3640 contentus
2321 3627 2336 3651 ,
2367 3586 2462 3640 sed
2491 3586 2634 3640 aliud
2660 3589 2820 3642 etiam
2849 3589 2896 3642 ei
2918 3588 3098 3654 addit,
3132 3588 3341 3646 dicens.
3364 3589 3495 3644 Nam
3534 3607 3603 3646 ne

2016 3678 2278 3749 quispiam
2311 3679 2676 3748 sustiicaretur
2703 3687 2758 3734 et
2797 3682 3003 3736 diceret
3029 3722 3044 3746 ,
3076 3681 3212 3750 Quid
3235 3692 3347 3738 tum
3368 3723 3382 3748 ,
3415 3682 3461 3738 si
3494 3700 3602 3738 non

2017 3773 2292 3842 subjectus
2320 3773 2390 3828 sit
2422 3773 2617 3828 Pater?
2639 3773 2740 3828 hoc
2767 3791 2871 3829 non
2904 3776 3082 3830 obstat
3104 3777 3389 3846 quominus
3409 3777 3604 3833 fortior

2017 3867 2087 3922 sit
2113 3867 2282 3921 Filius
2312 3865 2552 3921 :veritus
2593 3866 2810 3938 impiam
2856 3868 2997 3924 hanc
3044 3870 3400 3940 suspicionem
3421 3909 3439 3936 ,
3464 3886 3602 3941 quo-

2021 3960 2160 4013 niam
2193 3973 2290 4029 per
2319 3957 2448 4012 illud
2474 3973 2580 4012 non
2609 3958 2738 4013 satis
2781 3969 2988 4030 poterat
3019 3962 3120 4016 hoc
3157 3961 3442 4016 OStendere
3461 4003 3478 4026 ,
3509 3961 3604 4015 ad-

2020 4053 2154 4107 didit
2181 4069 2246 4106 ex
2267 4052 2430 4105 multa
2453 4049 2775 4104 abundantia
2799 4064 2812 4102 :
2833 4049 2959 4107 Cum
2985 4063 3150 4106 autem
3169 4052 3391 4118 subiecta
3417 4054 3604 4122 fuerint

2019 4147 2098 4201 illi
2124 4146 2325 4210 omnia,
2349 4154 2468 4197 tunc
2505 4155 2552 4198 et
2579 4145 2686 4213 ipse
2716 4145 2878 4198 Filius
2908 4147 3158 4214 subiectus
3177 4148 3268 4200 erit
3292 4147 3604 4210 illi;osten-

2020 4240 2154 4293 dens
2183 4238 2297 4308 ejus
2327 4251 2568 4307 magnam
2613 4253 2732 4292 cuut
2777 4237 2932 4292 Patre
2973 4239 3311 4293 concordiam
3333 4281 3349 4304 ,
3379 4248 3436 4293 et
3462 4237 3601 4306 quod

2022 4332 2066 4386 is
2094 4341 2178 4387 est
2223 4330 2542 4400 principium
2584 4329 2844 4384 bonorum
2871 4330 3107 4384 omnium
3138 4339 3194 4400 et
3219 4345 3376 4384 causa
3409 4331 3600 4400 prima,

2020 4425 2110 4494 qui
2139 4437 2258 4476 eum
2287 4423 2490 4490 genuit,
2513 4423 2601 4491 qui
2627 4430 2732 4474 tam
2759 4421 2920 4475 multa
2953 4429 3130 4490 potest
3170 4432 3222 4476 et
3255 4431 3401 4476 recte
3441 4423 3598 4493 gerit.

2092 4514 2147 4570 6.
2189 4513 2244 4569 Si
2276 4523 2454 4567 autem
2487 4511 2635 4582 plura
2666 4513 2803 4566 dixit
2844 4528 3003 4582 quam
3047 4527 3136 4568 res
3166 4513 3509 4583 postulabat,
3538 4529 3602 4568 nc

2021 4610 2276 4666 mireris:
2309 4607 2617 4678 Magistrum
2664 4608 2811 4662 enim
2841 4623 2996 4661 suum
3047 4607 3262 4661 imitans
3302 4605 3411 4662 hoc
3456 4607 3599 4662 facit.

2022 4702 2141 4772 Ipse
2162 4701 2302 4756 enim
2329 4702 2517 4755 volens
2544 4700 2828 4754 ostendere
2859 4700 2999 4754 illius
3020 4699 3361 4754 concordiam
3390 4715 3513 4754 cum
3537 4715 3602 4755 eo

2021 4795 2111 4865 qui
2143 4795 2313 4863 ipsum
2343 4792 2558 4863 genuit,
2587 4804 2640 4846 et
2662 4791 2805 4860 quod
2848 4807 2952 4846 non
2997 4804 3192 4862 praeter
3214 4792 3331 4861 ejus
3359 4793 3606 4847 volunta-

2023 4895 2129 4941 tem
2159 4883 2458 4951 advenerit,
2493 4892 2699 4937 tantnm
2727 4883 3006 4938 descendit
3034 4892 3089 4939 et
3109 4898 3168 4938 se
3207 4883 3464 4949 demittit,
3496 4900 3603 4938 non

2021 4988 2277 5051 quantum
2300 4977 2546 5047 exigebat
2569 4976 2875 5033 coucordim
2897 4976 3302 5044 demonstratio,
3325 4977 3419 5032 sed
3443 4993 3605 5047 quan-

2021 5081 2132 5127 tum
2162 5085 2296 5142 Opus
2327 5069 2558 5125 habebat
2591 5069 2935 5139 prtesentium
2983 5070 3338 5124 imbecillitas.
3385 5070 3602 5126 Patrem

2020 5164 2162 5221 enim
2189 5172 2359 5235 rogat,
2390 5178 2495 5218 non
2526 5172 2748 5234 propter
2776 5162 2916 5216 aliud
2945 5178 3104 5233 quam
3134 5173 3352 5232 propter
3379 5163 3482 5218 huc
3507 5181 3522 5216 ς
3547 5147 3626 5219 et‘

2020 5272 2235 5312 causam
2263 5254 2497 5311 aﬁerens
2527 5256 2677 5319 dicit,
2710 5254 2779 5310 Ut
2806 5255 3012 5310 credant
3042 5256 3180 5327 quod
3229 5266 3282 5308 tu
3310 5272 3390 5311 me
3421 5257 3602 5310 mistin

2021 5351 2041 5422 (
2066 5350 2221 5404 Joon.
2255 5351 2343 5404 Η.
2372 5350 2472 5419 4⁸2)
2493 5390 2508 5404 .
2543 5349 2693 5404 llnnc
2732 5365 2861 5419 ergo
2889 5350 3132 5416 imitans,
3158 5349 3244 5403 hic
3272 5365 3489 5420 quoque
3516 5349 3600 5403 di.

2019 5442 2198 5498 ctione
2227 5442 2395 5496 utitur
2421 5457 2484 5496 ex
2513 5440 2835 5494 abundantia
2861 5484 2876 5504 ,
2914 5455 3019 5495 non
3046 5451 3100 5496 ut
3146 5451 3386 5497 coactam
3424 5442 3600 5512 suspi-

2020 5536 2161 5591 ceris
2186 5537 2522 5598 servitutem,
2551 5536 2723 5599 absit;
2753 5535 2844 5590 sed
2874 5545 2932 5589 ut
2969 5534 3198 5590 absurda
3237 5536 3324 5590 illa
3351 5535 3597 5606 dogmata

2022 5631 2252 5686 validius
2275 5631 2529 5700 expellat.
2561 5629 2693 5685 Nam
2723 5630 2938 5700 quando
2967 5630 3077 5684 vult
3102 5629 3303 5701 aliquid
3346 5629 3598 5686 radicitus

2017 5723 2276 5790 evellere,
2307 5737 2496 5792 magna
2524 5722 2690 5776 utitur
2719 5721 3064 5777 abundantia.
3110 5722 3198 5778 Sic
3222 5723 3380 5776 etiam
3410 5721 3596 5778 dicens

2018 5818 2084 5876 de
2113 5819 2340 5875 muliere
2367 5815 2507 5873 fideli
2535 5824 2589 5872 ct
2615 5815 2732 5872 viro
2761 5815 2996 5884 inﬁdeli,
3026 5815 3342 5872 habentibus
3366 5815 3506 5872 inter
3530 5829 3590 5872 se
