3802 6214
135 252 214 308 339

129 371 177 441 δὴ
202 369 278 422 καί
305 364 502 422 ἐνταῦθα
531 365 770 435 λογίζου,
801 368 894 421 καὶ
924 371 1065 437 μετά
1094 368 1192 438 τῆς
1219 368 1443 438 γνώμης
1468 367 1617 421 ἐκδὲ-

127 479 201 531 χου
225 460 391 531 ταύτης
410 461 472 514 τά
496 461 781 533 εἰρημένα.

179 558 228 605 ε’.
246 551 374 606 Μετά
394 551 443 605 δὲ
469 550 669 605 τούτων
683 551 779 603 καὶ
795 551 989 622 ἑτέρας
1002 550 1176 615 αἰτίας
1194 551 1447 623 ἐροῦμεν.
1467 550 1616 617 Τέως

123 645 198 696 καὶ
220 645 366 696 ἐκεῖνο
380 644 661 710 ἀναγκαῖον
677 643 871 707 εἰπεῖν,
896 643 979 696 ὅτι
1003 643 1098 696 καὶ
1120 644 1250 714 περὶ
1270 643 1618 708 ἀναστάσεως

122 740 142 789 6
163 736 291 803 λόγος
309 730 365 805 ἦν
384 733 448 801 τῷ
466 734 684 803 Παύλῳ,
707 733 1031 805 πράγματος
1053 734 1313 789 ἀδυνάτου
1336 734 1620 798 δοκοῦντος

121 824 235 881 εἶναι
255 829 332 881 καί
360 827 545 898 σφόδρα
561 828 964 897 ἀπιστουμένου
984 845 997 858 ο
1021 830 1273 901 καὶπρὸς
1300 830 1619 900 Κορινθίους

121 921 399 986 ἐπέστελλεν,
430 921 553 974 ἔνθα
586 920 804 984 πλείους
832 922 881 974 οἰ
907 921 1188 992 φιλόσοφοι
1216 924 1264 975 οἰ
1298 922 1368 975 τά
1394 921 1620 976 τοιαῦτα

121 1011 441 1084 κωμῳδοῦντες
475 1013 582 1065 ἀεί.
616 1013 727 1066 Καὶ
758 1015 867 1082 γάρ
906 1014 963 1064 ὲν
1000 1016 1114 1077 τοῖς
1152 1014 1333 1077 ἄλλοις
1371 1014 1620 1084 ἀλλήλοις

121 1105 511 1180 συρρηγνύμενοι,
552 1107 610 1159 ὲν
644 1104 817 1176 τούτῳ
851 1105 1074 1172 πάντες,
1114 1106 1210 1160 ac:
1256 1106 1314 1172 ἐξ
1347 1105 1463 1168 ἑνὸς
1504 1106 1621 1158 στό-

121 1216 274 1267 ματος,
296 1197 657 1263 συνέπνευσαν,
684 1197 1102 1269 δογματίζοντες
1131 1198 1203 1269 μὴ
1229 1194 1367 1252 εἶναι
1390 1200 1622 1252 ἀνάστα-

121 1307 201 1345 τιν.
240 1286 629 1357 Ἀγωνιζόμενος
657 1287 834 1340 τοίνυν
863 1288 1002 1358 ὑπὲρ
1029 1288 1282 1354 τοιαύτης
1314 1286 1622 1351 ὑποθέσεως

121 1379 257 1443 ιῦτως
277 1377 654 1448 ἀπιστουμένης
679 1378 773 1430 καὶ
798 1378 1256 1448 καταγελωμένης
1287 1379 1381 1431 καὶ
1408 1378 1497 1431 διά
1522 1378 1622 1448 τὴν

121 1470 341 1543 τρόληψιν
367 1470 452 1540 τὴν
479 1469 852 1540 γεγενημένην
879 1470 971 1523 καὶ
998 1469 1086 1522 διά
1112 1470 1210 1539 τὴν
1237 1469 1333 1522 τοῦ
1362 1469 1622 1540 πράγμα-

121 1582 182 1626 τος
232 1562 517 1627 δυσκολίαν,
576 1562 672 1616 καὶ
726 1561 1047 1630 βουλόμενος
1101 1563 1509 1617 κατασκευάσαι
1563 1563 1624 1616 τὸ

122 1653 321 1720 ξυνατὸν,
366 1653 572 1724 πρῶτον
605 1656 670 1706 ἐκ
701 1654 801 1724 τῆς
854 1654 1203 1715 ἀναστάσεως
1240 1653 1335 1706 τοῦ
1384 1655 1623 1726 Χριστοῦ

125 1748 242 1801 οῦτο
269 1746 537 1819 ἐργάζεται
560 1762 575 1776 ο
618 1747 713 1798 καὶ
741 1744 1026 1810 ἀποδείξας
1056 1744 1225 1812 αὑτὴν
1254 1746 1351 1799 καὶ
1381 1747 1491 1799 ἀπὸ
1516 1746 1624 1800 τῶν

121 1839 365 1913 τροφητῶν
391 1838 478 1893 καὶ
512 1837 620 1891 ἀπὸ
650 1837 759 1889 τῶν
788 1838 1109 1907 ἑωρακότων
1140 1839 1234 1891 καὶ
1264 1839 1370 1891 ἀπὸ
1398 1838 1506 1891 τῶν
1542 1857 1628 1892 πι-

122 1933 427 1996 τευσάντων,
470 1931 658 2002 ἐπειδὴ
702 1930 896 1983 ἐλαϐεν
937 1931 1366 2003 ὡμολογημένην
1411 1931 1509 2003 τὴν
1548 1934 1627 1995 εἰς

123 2040 281 2078 τοπον
330 2020 640 2091 ἀπαγωγὴν,
681 2020 776 2073 καὶ
811 2020 908 2089 τὴν
956 2020 1066 2073 τῶν
1105 2020 1409 2091 ἀνθρώπων
1456 2039 1628 2076 κατα-

121 2114 329 2178 κευάζει
371 2111 550 2166 λοιπόν
573 2128 587 2141 ·
628 2112 697 2163 Εἰ
727 2111 839 2180 γὰρ
870 2112 1071 2178 νεκροί
1114 2114 1225 2167 οὐκ
1263 2114 1589 2182 ἐγείρονται
1611 2154 1626 2179 ,

122 2207 262 2275 ησὶν,
279 2204 410 2260 οὐδὲ
426 2204 679 2273 Χριστὸς
696 2203 1023 2272 ἐγήγερται.
1046 2205 1180 2257 Εἶτα
1203 2206 1441 2275 συνεχῶς
1457 2206 1631 2260 ταῦτα

122 2297 424 2369 ντιστρέψας
450 2299 508 2349 ἐν
541 2298 653 2359 τοῖς
688 2294 1027 2366 ἔμπροσθεν,
1070 2296 1269 2367 ἑτέρως
1308 2297 1471 2350 πάλιν
1508 2299 1629 2350 ἐπι·-

121 2390 269 2458 ειρεί,
298 2387 540 2459 ἀπαρχὴν
574 2386 737 2440 αὑτὸν
786 2386 965 2440 καλῶν
988 2426 1001 2447 .
1047 2387 1145 2441 καὶ
1174 2387 1390 2449 δεικνὺς
1425 2406 1630 2458 καταρ-

121 2479 281 2531 σῦντα
320 2481 491 2533 πᾶσαν
523 2479 695 2551 ἀρχὴν
727 2479 822 2531 καὶ
856 2479 1107 2544 ἐξουσίαν
1143 2481 1236 2532 καί
1268 2480 1496 2550 δύναμιν
1539 2483 1635 2535 καὶ

121 2572 304 2624 ἱνατον
334 2570 573 2640 ἔσχατον.
608 2570 732 2633 Πῶς
762 2566 853 2624 οῦν
884 2572 1280 2642 καταργηθείη,
1319 2579 1504 2642 φησὶν,
1540 2574 1636 2626 ἐὰν

121 2664 150 2735 ὴ
188 2663 467 2735 πρότερον,
497 2664 641 2734 άπερ
679 2659 843 2734 εἶχεν,
883 2664 1131 2737 ἀποϐάλῃ
1172 2664 1432 2733 σώματα;
1484 2666 1637 2719 Ἐπεὶ

121 2752 164 2808 ἓν
198 2754 410 2825 μεγάλα
439 2756 565 2825 περί
596 2755 688 2808 τοῦ
720 2755 1055 2823 Μονογενοῦς
1085 2756 1402 2825 ἐφθέγξατο,
1429 2759 1509 2811 ὅτι
1536 2776 1637 2811 πα·-

121 2844 329 2897 ιδίδωσι
356 2843 453 2914 τὴν
488 2843 762 2914 βασιλείαν
782 2885 797 2911 ,
822 2844 1098 2899 τουτέστιν
1117 2885 1132 2909 ,
1162 2846 1243 2898 ὅτι
1289 2847 1449 2909 αὐτὸς
1485 2847 1637 2900 ἀνύει

121 2936 270 2999 ιῦτα,
298 2936 393 2990 καὶ
424 2936 587 2996 αὑτὸς
612 2936 703 2989 τὸν
727 2936 963 3007 πόλεμον
993 2938 1137 3007 νικᾷ,
1168 2937 1265 2991 καὶ
1289 2939 1466 2990 πάντα
1487 2938 1638 3007 τίθη-

122 3045 151 3078 ν
194 3025 305 3078 ὑπὸ
336 3026 461 3089 τοὺς
496 3026 664 3089 πόδας
692 3024 857 3079 αὑτοῦ
877 3065 892 3090 ,
922 3027 1170 3097 ἐπήγαγε
1190 3066 1206 3091 ,
1240 3027 1335 3096 τὴν
1381 3028 1638 3082 ἀπιστίαν

121 3115 175 3166 ὃν
234 3113 445 3167 πολλῶν
489 3113 887 3185 διορθούμενος
936 3113 1038 3166 Δεῖ
1073 3113 1182 3183 γάρ
1231 3112 1416 3167 αὑτὸν
1455 3115 1639 3177 ,βασι-

121 3207 301 3269 ιύειν,
335 3206 507 3273 ἄχρις
536 3200 609 3261 οὗ
638 3205 711 3259 ἂν
734 3203 809 3273 θῇ
830 3204 1059 3269 πάντας
1081 3205 1224 3271 τοὺς
1247 3204 1498 3273 ἐχθροὺς
1524 3205 1641 3260 ὑπὸ

122 3300 211 3366 ὺς
243 3298 436 3365 πόδας
468 3292 677 3352 αὐτοῦ.
708 3298 780 3350 Οὑ
810 3296 963 3360 τέλος
1000 3295 1260 3358 ἐπιτιθεὶς
1298 3298 1364 3368 τῇ
1399 3296 1644 3368 βασιλείᾳ

121 3434 137 3457 ,
182 3392 416 3459 Ἄχρις,
448 3386 619 3452 εἶπεν,
647 3389 762 3444 ἀλλ’
791 3388 1099 3455 ἀξιόπιστον
1127 3388 1298 3441 ποιῶν
1326 3388 1387 3442 τὸ
1425 3390 1647 3459 εἰρημέ-

121 3505 145 3539 ι
172 3525 193 3548 ,
240 3485 339 3538 καὶ
378 3483 603 3556 θαρρεῖν
648 3482 1103 3553 παρασκευάζων.
1140 3482 1231 3553 Μὴ
1266 3483 1410 3554 γὰρ,
1458 3483 1645 3554 ἐπειδὴ

122 3593 337 3640 ουσας,
373 3578 572 3646 φησὶν,
606 3575 687 3627 ὅτι
718 3574 1056 3645 καταργήσει
1102 3576 1282 3627 πᾶσαν
1330 3573 1504 3644 ἀρχὴν
1553 3575 1647 3627 καὶ

121 3669 323 3722 ›υσίαν
362 3670 459 3722 καὶ
492 3666 737 3733 δύναμιν,
772 3666 868 3719 καὶ
894 3665 985 3718 τὸν
1013 3665 1259 3720 διάϐολον
1296 3668 1391 3720 καὶ
1416 3667 1515 3728 τάς
1538 3665 1648 3720 τῶν

121 3761 346 3832 ιμόνων
378 3761 662 3829 φάλαγγας
690 3760 790 3823 τὰς
818 3759 1101 3824 τοσαύτας,
1136 3761 1231 3813 καὶ
1263 3758 1370 3813 τῶν
1405 3759 1650 3813 ἀπίστων

168 3851 377 3922 πλήθη
428 3850 525 3905 καὶ
561 3850 655 3905 τοῦ
701 3849 931 3904 θανάτου
968 3851 1071 3919 τὴν
1115 3850 1404 3922 τυραννίδα
1440 3849 1537 3903 καὶ
1582 3851 1651 3904 τά

121 3942 208 3996 κά
258 3942 509 4006 ᾶπαντα,
541 3941 803 4013 φοϐηθῇς,
842 3941 917 4005 ώς
967 3941 1282 4005 ἀτονοῦντος
1310 3942 1473 3996 αὑτοῦ
1495 3960 1509 3974 ο
1546 3942 1652 4007 ἕως

121 4052 155 4105 ρ
189 4033 273 4087 ἂν
312 4034 528 4105 ποιήσῃ
551 4032 726 4086 ταῦτα
754 4032 962 4096 πάντα,
997 4032 1078 4085 δεῖ
1107 4032 1412 4102 βασιλεύειν
1453 4035 1614 4089 αὑτόν
1634 4051 1649 4066 ⁸

141 4125 334 4181 τοῦτο
357 4127 571 4195 λέγων,
611 4127 694 4179 ὅτι
730 4124 869 4197 μετά
911 4125 974 4178 τὸ
1005 4126 1228 4195 ποιῆσαι
1263 4127 1323 4179 οὑ
1357 4124 1651 4195 βασιλεύει,

122 4220 159 4271 ι’
201 4219 407 4270 ἐκεῖνο
446 4215 895 4281 κατασκευάζων,
928 4217 1010 4270 ὅτι
1041 4215 1145 4269 κᾶν
1180 4216 1253 4286 μὴ
1286 4216 1381 4271 νῦν
1410 4217 1653 4288 γένηται,

122 4326 295 4370 ντως
316 4307 503 4361 ἔσται.
531 4308 605 4360 Οὑ
627 4310 736 4377 γὰρ
764 4306 1111 4360 διακόπτεται
1140 4307 1301 4360 αὑτοῦ
1325 4310 1358 4379 ή
1388 4308 1653 4379 βασιλεία·

121 4402 267 4453 ιτεῖ
319 4399 443 4470 γάρ
497 4400 592 4452 καὶ
632 4398 803 4469 ίσχύει
840 4399 936 4451 καὶ
992 4396 1177 4469 μένει,
1222 4398 1327 4463 ἕως
1373 4400 1440 4455 ἀν
1480 4402 1660 4455 πάντα

121 4490 435 4563 τορθώσῃ.
465 4491 636 4543 Τοῦτο
659 4491 714 4543 δὲ
736 4490 797 4543 τὸ
830 4490 949 4553 ἔθος
974 4494 1067 4544 καὶ
1096 4493 1153 4545 ὲν
1176 4494 1241 4562 τῇ
1271 4492 1485 4563 Παλαιᾷ
1508 4492 1659 4565 εὖροι

137 4585 261 4649 ἂν,
291 4583 379 4646 ὡς
400 4585 534 4637 ὅταν
557 4582 711 4656 λέγῃ,
752 4585 819 4637 Τὸ
847 4582 915 4636 δὲ
941 4582 1106 4653 ῥῆμα
1137 4585 1357 4652 Κυρίου
1385 4588 1546 4654 μένει
1573 4588 1661 4653 εἰς

121 4698 133 4711 υ
161 4676 419 4730 αἰῶναο
452 4677 563 4737 καὶ,
591 4675 738 4747 [570]
762 4676 844 4730 Σὺ
872 4674 940 4728 δὲ
975 4677 1008 4730 ὀ
1034 4674 1216 4741 αὐτὸς
1246 4672 1319 4740 εἷ,
1342 4677 1535 4732 καὶτὰ
1554 4679 1658 4747 ἐτη

122 4788 148 4821 )
184 4768 327 4820 οὐκ
346 4766 736 4834 ἐκλείψουσι.
760 4764 944 4819 Ταῦτα
964 4766 1021 4819 δὲ
1037 4766 1183 4835 λέγει
1202 4768 1230 4819 ὁ
1251 4768 1540 4839 προφήτης
1568 4770 1665 4823 καὶ

121 4879 189 4913 :o
202 4859 422 4921 ταῦτα,
450 4858 670 4912 ἐπειδὰν
686 4859 814 4930 περὶ
838 4858 1177 4929 πραγμάτων
1193 4858 1450 4929 διηγῆται
1470 4860 1665 4932 μακρῷ

123 4968 244 5019 νῳ
303 4949 779 5020 κατορθουμένων
828 4950 921 5002 καὶ
958 4950 1176 5014 πάντως
1224 4950 1514 5021 ἐσομένων,
1565 4954 1665 5023 τὴν

121 5043 270 5095 ,ίαν
295 5041 427 5093 τῶν
454 5041 777 5113 παχυτέρων
815 5040 1097 5109 ἀκροατῶν
1121 5040 1419 5097 ἐκϐάλλων.
1454 5042 1583 5096 Ὅτι
1610 5044 1667 5098 δὲ

126 5137 424 5202 Ἀχρις,
461 5133 551 5184 ἐπὶ
584 5132 719 5185 θεοῦ
752 5132 1060 5202 λεγόμενον,
1090 5133 1183 5185 καὶ
1221 5134 1388 5198 Ἕως,
1417 5135 1514 5187 οὑκ
1550 5136 1667 5189 ἐστι

121 5241 279 5287 ως.
312 5223 566 5276 ἄκουσον
594 5223 646 5275 τί
670 5240 851 5295 φησιν·
897 5223 1036 5277 Ἀπὸ
1064 5224 1165 5277 τοῦ
1190 5223 1403 5289 αἰῶνος
1428 5225 1528 5277 καὶ
1558 5226 1669 5292 ἕως

166 5315 454 5382 αἰῶνος
487 5316 567 5369 σὺ
590 5316 661 5369 εἷ’
688 5319 783 5368 καὶ
815 5315 994 5380 πάλιν,
1031 5316 1177 5384 Ἐγώ
1205 5320 1340 5384 είμι·
1369 5317 1486 5379 καί,
1516 5318 1671 5385 ’Έως

121 5407 673 5477 καταγηράσετε,
835 5410 968 5476 εἰμι.
997 5408 1094 5460 Διά
1122 5408 1185 5479 δὴ
1212 5426 1367 5461 τουτο
1390 5409 1483 5461 καὶ
1509 5409 1672 5480 ἔσχα-

158 5498 456 5567 τίθησιν
492 5499 583 5552 τὸν
630 5499 892 5563 θάνατον,
934 5500 1018 5552 ἵνα
1058 5500 1164 5553 ἀπὸ
1200 5500 1299 5570 τῆς
1340 5500 1449 5553 τῶν
1500 5502 1672 5556 ἀλλων

121 5608 215 5664 ῖς
253 5591 368 5643 καὶ
387 5590 560 5645 τοῦτο
580 5592 983 5662 εὑπαράδεκτυν
999 5591 1223 5661 γένηται
1242 5593 1319 5663 τῷ
1338 5594 1675 5649 ἀπιστοῦντι.

996 247 1067 307 ΙΝ
1110 250 1327 307 EPIST.
1365 251 1385 306 1
1432 248 1525 307 AD
1560 250 1720 308 (10R.
1753 241 1991 309 IIOMIL.
2023 254 2266 313 XXXIX.

3180 264 3289 320 540

1718 368 1966 434 θάνατον,
1990 371 2172 443 πολλῷ
2196 372 2396 443 μᾶλλον
2412 379 2471 428 τὸ
2489 375 2650 447 ἔργον
2665 376 2725 429 τὸ
2738 376 2950 431 ἐκείνου
2973 377 3290 433 καταλύσει.

1731 451 1885 509 Ἐπεὶ
1910 453 2004 511 οὖν
2024 459 2204 513 πάντα
2233 460 2382 531 αὐτῷ
2407 463 2748 529 ἀνατέθεικε,
2780 464 2843 516 τὸ
2871 468 3169 535 καταργείν
3191 469 3288 530 τὰς

1718 545 1915 616 ἀρχὰς,
1948 548 2050 612 τάς
2076 548 2346 616 ἐξουσίας,
2379 552 2441 604 τὸ
2478 553 2821 624 κατορθῶσαι
2853 553 2949 626 τὴν
2993 554 3288 626 βασιλείαν,
3320 572 3329 580 ’

1716 636 1864 706 λέγω
1890 639 1954 711 δὴ
1981 641 2090 693 τῶν
2123 642 2331 695 πιστῶν
2374 642 2472 714 τὴν
2513 645 2787 713 σωτηρίαν
2810 686 2826 711 ,
2857 647 2955 713 τὴν
2980 646 3080 715 τῆς
3108 648 3257 699 οἰκου
3275 679 3292 689 -

1721 730 1889 799 μένης
1918 733 2142 802 εἰρήνην
2159 772 2174 797 ,
2196 733 2295 806 τὴν
2323 735 2431 787 τῶν
2458 736 2643 788 κακῶν
2672 736 2949 808 ἀναίρεσιν
2977 736 3154 807 (τοῦτο
3184 738 3293 806 γάρ

1718 822 1961 892 ἐστιτήν
2012 822 2287 893 βασιλείαν
2326 826 2706 895 κατορθῶσαι,
2753 828 2815 880 τὸ
2860 827 3163 881 καταλῦσαι
3201 831 3294 881 τὸν

1720 913 1990 985 θάνατον)’
2019 918 2115 971 καὶ
2144 918 2243 970 οὑκ
2273 913 2449 981 εἶπεν,
2484 920 2566 972 ὅτι
2591 920 2619 971 ὁ
2646 920 2835 991 Πατὴρ
2861 920 2929 973 δι’
2955 920 3143 986 αὐτοῦ,
3175 920 3293 974 ἀλλ’

1719 1009 1883 1072 αὑτὸς
1927 1011 2289 1081 καταργήσει,
2329 1012 2422 1065 καὶ
2455 1012 2616 1075 αὑτὸς
2644 1012 2798 1083 θήσει
2830 1013 2935 1067 ὑπὸ
2962 1015 3088 1078 τοὺς
3126 1015 3292 1079 πόδας

1720 1101 1908 1164 αὑτοῦ,
1938 1104 2030 1155 καὶ
2053 1102 2289 1173 οὐδαμοῦ
2318 1103 2411 1156 τοῦ
2445 1105 2838 1174 γεγεννηκότος
2865 1106 3290 1178 ἐμνημόνευσεν

1719 1194 1963 1265 ἐφοϐήθη
2002 1195 2208 1260 λοιπὸν,
2257 1196 2332 1265 μὴ
2361 1195 2451 1248 διά
2478 1196 2639 1249 τοῦτο
2676 1196 2803 1269 δόξῃ
2848 1198 3001 1267 παρά
3044 1214 3153 1251 τισι
3184 1199 3294 1251 τῶν

1722 1285 2138 1357 ἀλογωτέρωνῆ
2173 1288 2375 1358 μείζων
2408 1284 2547 1343 εἶναι
2588 1287 2684 1341 τοῦ
2732 1290 2945 1361 Πατρὸς
2986 1292 3014 1345 6
3056 1291 3204 1354 Υἱὸς,
3256 1291 3292 1362 ἦ

1723 1376 1886 1445 ἑτέρα
1933 1393 2018 1439 τις
2063 1379 2206 1449 ἀρχὴ
2262 1379 2575 1449 ἀγέννητος·
2623 1381 2718 1433 καὶ
2765 1380 2853 1434 διὰ
2898 1380 3057 1435 τοῦτο
3111 1382 3297 1453 ἠρέμα

1722 1469 2151 1539 ἀσφαλιζόμενος
2180 1471 2582 1542 παραμυθεῖται
2624 1473 2715 1526 τὸν
2739 1472 2904 1541 ὄγκον
2932 1473 3043 1526 τῶν
3068 1474 3295 1544 εἰρημέ-

1724 1574 1850 1621 νων,
1876 1557 2073 1626 λέγωνο
2098 1559 2299 1613 Πάντα
2330 1562 2439 1630 γὰρ
2466 1560 2766 1625 ὑπέταξεν
2788 1561 2911 1617 ὑπὸ
2934 1561 3077 1628 τοὺς
3106 1552 3303 1629 πόδας

1724 1650 1932 1704 αὑτοῦ·
1964 1650 2124 1704 πάλιν
2154 1650 2231 1722 τῷ
2269 1653 2444 1723 Πατρὶ
2473 1652 2543 1705 τὰ
2571 1652 2974 1725 κατορθώματα
3002 1654 3296 1718 ἀνατιθεὶς,

1725 1739 1823 1810 οὑχ
1847 1739 1923 1801 ὡς
1950 1739 2264 1804 ἀτονοῦντος
2292 1742 2385 1794 τοῦ
2414 1743 2609 1806 Παιδὸς
2646 1742 2664 1813 (
2692 1744 2808 1807 πῶς
2839 1745 2967 1815 γάρ,
2995 1737 3039 1812 ᾧ
3062 1745 3300 1798 τοσαῦτα

1725 1832 2112 1904 ἐμαρτύρησεν
2141 1833 2471 1905 ἔμπροσθεν,
2512 1837 2608 1889 καὶ
2648 1837 2828 1890 πάντα
2860 1836 3091 1909 ἀνέθηκε
3117 1838 3185 1890 τὰ
3220 1839 3300 1890 εί-

1729 1927 1977 1996 ρημένα;
2002 1927 2043 1997 ),
2083 1926 2216 1981 ἀλλά
2251 1926 2339 1980 διά
2392 1927 2490 1999 τὴν
2540 1929 2721 1981 αἰτίαν
2750 1930 2817 1999 ἧν
2854 1925 3047 1995 εἷπον,
3088 1931 3183 1982 καὶ
3214 1929 3302 1982 ἵνα

1726 2016 1875 2087 δείξῃ
1901 2017 2056 2070 κοινὰ
2082 2017 2256 2088 Πατρὶ
2292 2018 2385 2071 καὶ
2427 2017 2540 2088 Υἰῷ
2571 2018 2640 2072 τὰ
2669 2020 2805 2091 ὑπὲρ
2847 2018 3005 2090 ήμῶν
3032 2021 3302 2089 γενόμενα

1729 2106 1968 2161 ἅπαντα.
2006 2110 2127 2162 Ὅτι
2165 2109 2274 2180 γάρ
2312 2109 2473 2171 αὐτὸς
2500 2109 2676 2181 ἑαυτῷ
2707 2110 2940 2181 ήρκεσεν
2976 2111 3056 2173 εἰς
3083 2110 3144 2163 τὸ
3172 2111 3304 2163 ὑπο-

1728 2200 1886 2264 τάξαι
1907 2200 2058 2271 αὐτῷ
2091 2200 2158 2254 τά
2190 2202 2387 2267 πάντα,
2417 2202 2648 2255 ἄκουσον
2676 2202 2839 2256 πάλιν
2870 2201 3084 2255 Παύλου
3116 2202 3302 2270 λέγον-

1729 2306 1841 2354 τός’
1887 2293 1991 2354 Ὃς
2030 2294 2542 2362 μετασχηματίσει
2579 2295 2643 2348 τὸ
2676 2294 2846 2364 σῶμα
2877 2295 2987 2363 τῆς
3023 2295 3305 2349 ταπεινώ-

1731 2398 1886 2449 σεως
1909 2382 2080 2453 ἡμῶν
2104 2387 2191 2451 είς
2213 2385 2279 2438 τὸ
2308 2390 2583 2454 γενέσθαι
2605 2388 2961 2456 σύμμορφον
2980 2387 3059 2453 τῷ
3079 2387 3305 2456 σώματι

1732 2475 1843 2543 τῆς
1877 2476 2062 2543 δόξης
2094 2477 2300 2541 αὑτοῦ,
2329 2481 2477 2532 κατά
2505 2480 2618 2545 τὴν
2643 2479 2947 2547 ἐνέργειαν
2980 2479 3084 2533 τοῦ
3122 2479 3305 2532 δύνα-

1733 2570 1873 2621 σθαι
1912 2568 2096 2621 αὐτὸν
2133 2568 2233 2621 καὶ
2260 2568 2553 2633 ὑποτάξαι
2582 2568 2771 2632 ἑαυτῴ
2804 2569 2876 2622 τὰ
2912 2568 3128 2621 πάντα.
3170 2564 3307 2622 Εἶτα

1734 2659 1830 2712 καὶ
1866 2658 2243 2729 ὲπιδιορθώσει
2282 2660 2546 2730 κέχρηται
2576 2661 2781 2728 λέγων⁸
2832 2662 3020 2713 ’Ὅταν
3047 2659 3115 2712 δὲ
3141 2661 3305 2731 εἴπῃ,

1737 2748 1825 2803 ὅτι
1868 2751 1944 2803 Τὰ
1981 2750 2177 2802 πάντα
2202 2751 2616 2816 ὑποτέτακται,
2661 2750 2854 2819 δῆλον
2889 2751 2977 2805 ὅτι
3003 2750 3175 2816 ἐκτὸς
3200 2751 3307 2804 τοῦ

1737 2841 2154 2906 ὑποτάξαντος
2189 2841 2348 2907 αὐτῷ
2378 2846 2452 2897 τὰ
2486 2842 2715 2906 πάντα,
2746 2844 2805 2897 οὑ
2837 2844 3040 2915 μικράν
3085 2844 3311 2897 κάντεῦ-

1740 2932 1830 2984 θεν
1857 2932 1934 3002 τῷ
1960 2933 2257 3000 Μονογενεί
2299 2934 2591 3004 μαρτυρῶν
2619 2934 2795 3000 δόξαν.
2827 2936 2890 2987 Et
2933 2935 3040 3006 γὰρ
3073 2935 3310 2990 ἐλάττων

1738 3018 1807 3093 ἦν
1835 3025 1930 3077 καὶ
1961 3024 2097 3077 πολὺ
2141 3014 2559 3096 καταδεέστερος
2584 3066 2599 3089 ,
2631 3026 2730 3078 οὑκ
2769 3024 2834 3079 ἂν
2866 3027 3025 3079 τοῦτο
3067 3026 3309 3098 ἐφοϐήθη

1737 3114 1800 3167 τὸ
1838 3116 1955 3178 δέος
1985 3116 2137 3168 ποτέ.
2178 3116 2286 3168 Καὶ
2332 3114 2453 3167 οὑδὲ
2505 3113 2678 3185 τούτῳ
2714 3116 2996 3186 ἀρκεῖται,
3044 3115 3179 3169 ἀλλά
3217 3115 3313 3168 καὶ

1741 3206 1927 3279 ἕτερον
1956 3206 2275 3278 προστίθησι
2302 3205 2497 3274 λέγων.
2533 3206 2651 3258 Ἵνα
2680 3206 2787 3277 γάρ
2818 3208 2892 3277 μή
2921 3223 3006 3270 τις
3032 3206 3314 3281 ὑποπτεύῃ

1743 3300 1839 3353 καὶ
1864 3299 2019 3369 λέγῃ·
2046 3298 2109 3348 Τί
2147 3297 2276 3366 γὰρ,
2308 3298 2356 3349 εί
2395 3298 2490 3348 καὶ
2523 3296 2599 3367 μὴ
2642 3298 3005 3353 ὑποτέτακται
3029 3302 3057 3352 6
3083 3301 3310 3371 Πατήρ;

1744 3391 1895 3444 οὐδὲν
1918 3389 2075 3442 τοῦτο
2098 3388 2296 3441 κωλύει
2326 3389 2671 3459 ἰσχυρότερον
2691 3384 2830 3444 εἶναι
2850 3390 2939 3443 τὸν
2967 3390 3112 3456 Υἰδν,
3133 3392 3314 3455 δείσας

1745 3483 1842 3549 τὴν
1868 3480 2039 3551 ἀσεϐῆ
2068 3480 2269 3551 ταύτην
2295 3481 2573 3542 ὑπόνοιαν,
2600 3481 2788 3552 ἐπειδὴ
2818 3482 2993 3535 έκεῖνο
3023 3483 3124 3536 οὑκ
3154 3484 3315 3553 ἢρκει

1746 3575 1842 3627 καὶ
1871 3572 2027 3625 τοῦτο
2055 3571 2225 3635 δεῖξαι
2247 3614 2263 3636 ,
2291 3572 2630 3642 προσέθηκεν
2655 3574 2718 3626 ὲκ
2746 3574 3063 3644 περιουσίας
3091 3575 3312 3644 πολλῆς

1750 3667 1934 3719 Ὅταν
1962 3665 2029 3718 δὲ
2052 3663 2321 3733 ὑποταγῇ
2344 3663 2503 3729 αὑτῷ
2527 3664 2597 3717 τὰ
2621 3665 2837 3731 πάντα,
2864 3667 2995 3721 τότε
3015 3668 3114 3721 καί
3134 3667 3318 3733 αὑτὸς

1749 3760 1782 3812 ό
1814 3758 1946 3823 Υἱὸς
1971 3756 2433 3825 ὑποταγήσεται*
2462 3757 2560 3827 τὴν
2584 3756 2783 3829 πολλὴν
2813 3756 2949 3828 πρὸς
2981 3758 3071 3811 τὸν
3097 3759 3318 3830 Πατέρα

1749 3849 2000 3919 ὁμόνοιαν
2038 3849 2285 3912 δεικνὺς,
2328 3849 2423 3901 καὶ
2466 3850 2549 3901 ὅτι
2586 3844 2740 3913 οὗτος
2768 3850 2910 3920 ἀρχὴ
2954 3850 3172 3905 πάντων
3211 3850 3319 3903 τῶν

1751 3943 1974 4011 ἀγαθῶν
2008 3942 2103 3995 καὶ
2143 3943 2290 3995 αἰτία
2320 3945 2509 4016 πρώτη
2536 3984 2550 4009 ,
2578 3945 2606 3996 6
2633 3943 2723 3996 τὸν
2760 3941 2997 3996 τοσαῦτα
3025 3942 3320 4013 δυνάμενον

1752 4037 1848 4090 καὶ
1885 4034 2251 4106 κατορθοῦντα
2288 4036 2651 4106 γεγεννηκώς.

1825 4125 1975 4199 [571]
1996 4128 2145 4190 ς’.Εί
2164 4127 2219 4180 δὲ
2249 4127 2409 4180 πλέον
2432 4128 2649 4197 εἴρηκεν
2666 4126 2698 4198 ἢ
2716 4126 2912 4197 ἀπῄτει
2947 4122 3040 4176 τοῦ
3067 4124 3324 4194 πράγμα-

1753 4238 1846 4284 τος
1872 4223 1906 4291 ή
1952 4220 2209 4284 ὑπόθεσις
2232 4263 2246 4286 ,
2277 4220 2352 4291 μὴ
2393 4220 2703 4291 θαυμάσῃς·
2731 4219 2823 4272 τὸν
2860 4218 2970 4288 γὰρ
2995 4217 3326 4271 Διδάσκαλον

1756 4313 1848 4368 τὸν
1880 4314 2076 4366 ἑαυτοῦ
2117 4313 2447 4383 μιμούμενος
2469 4351 2483 4375 ,
2510 4312 2683 4366 ταῦτα
2718 4313 2879 4363 ποιεῖ.
2917 4312 3027 4363 Καὶ
3056 4310 3163 4380 γὰρ
3192 4310 3324 4378 ὁμόο

1757 4423 1911 4463 νοιαν
1939 4404 2099 4468 αὐτὸς
2120 4404 2291 4470 δεῖξαι
2319 4404 2640 4473 βουλόμενος
2665 4402 2804 4473 πρὸς
2826 4400 2915 4453 τὸν
2934 4400 3323 4468 γεγεννηκότα,

1759 4494 1856 4548 κα)⁸
1885 4495 1967 4546 ὃτι
2005 4494 2065 4546 οὐ
2106 4494 2256 4564 παρά
2303 4492 2529 4562 γνώμην
2579 4490 2743 4544 αὑτοῦ
2779 4490 3040 4558 ἀφῖκται,
3072 4487 3327 4540 τοσοῦτον

1759 4585 2099 4649 καταϐαίνει,
2120 4585 2216 4654 οὐχ
2232 4586 2354 4637 ὅσον
2375 4583 2570 4654 ἀπῄτει
2590 4583 2690 4651 τῆς
2707 4582 2958 4652 ὁμονοίας
2974 4583 3009 4652 ή
3031 4580 3325 4645 ἀπόδειξις,

1760 4678 1875 4731 ἀλλ’
1891 4680 2013 4730 ὅσον
2026 4676 2194 4728 ἐδεῖτο
2207 4674 2316 4726 τῶν
2334 4676 2616 4745 παρόντων
2631 4676 2664 4745 ή
2683 4673 2953 4728 ἀσθένεια.
2978 4670 3207 4741 Εὑχεται
3218 4672 3329 4741 γάρ

1762 4769 1841 4840 τῷ
1874 4767 2224 4836 γεγεννηκότι
2254 4766 2323 4818 δι’
2354 4766 2505 4819 οὐδὲν
2534 4764 2681 4828 ἄλλο,
2711 4765 2744 4835 ἢ
2778 4764 2864 4817 5ιά
2896 4762 3073 4824 τοῦτο,
3104 4763 3196 4815 καὶ
3228 4762 3329 4833 τὴν

1764 4861 1943 4915 αἰτίαν
1982 4859 2149 4923 τιθείς
2197 4875 2396 4929 φησιν,
2437 4858 2569 4911 Ἵνα
2601 4857 2967 4909 πιστεύωσιν
2997 4854 3085 4908 ὅτι
3134 4855 3215 4907 σύ
3252 4871 3328 4922 με

1765 4951 2144 5014 ἀπέστειλας.
2184 4948 2382 5002 Τοῦτον
2432 4943 2525 4999 οὖν
2579 4946 2911 5017 μιμούμενος
2960 4944 3056 4997 καὶ
3098 4944 3328 4997 ἐνταῦθα

1767 5046 1832 5100 ὲκ
1869 5044 2182 5115 περιουσίας
2222 5044 2288 5112 τῇ
2328 5040 2471 5104 λέξει
2508 5040 2802 5109 κέχρηται,
2830 5038 2924 5107 οὐχ
2968 5038 3053 5090 ἵνα
3086 5037 3330 5090 δουλείαν

1768 5133 2293 5206 κατηναγκασμένην
2330 5130 2695 5201 ὑποπτεύσῃς,
2736 5128 2933 5196 ἄπαγε,
2977 5128 3093 5182 ἀλλ’
3139 5128 3225 5181 ἵνα
3264 5128 3334 5181 τὰ

1769 5228 1947 5282 ἄτοπα
1987 5226 2169 5277 ἐκεῖνα
2199 5222 2442 5293 δόγματα
2488 5224 2552 5274 ὲκ
2588 5220 2899 5290 περιουσίας
2946 5218 3171 5291 ἐκϐάλῃ,
3221 5218 3334 5272 Καὶ

1769 5318 1879 5390 γάρ
1916 5318 2043 5371 ὅταν
2080 5314 2333 5385 βούληταί
2376 5331 2431 5367 τι
2458 5312 2750 5385 πρόρριζον
2796 5311 3129 5377 ἀνασπάσαι,
3165 5310 3335 5381 πο).λῇ

1770 5410 2038 5479 κέχρηται
2060 5409 2124 5478 τῇ
2155 5405 2455 5476 περιουσίᾳ.
2481 5404 2636 5457 Οὑτω
2657 5402 2786 5470 γοῦν
2814 5400 2907 5454 καὶ
2931 5402 3059 5471 περὶ
3078 5400 3334 5468 γυναικὸς

1775 5498 1973 5568 πιστῆς
1999 5499 2172 5567 λέγων
2199 5498 2294 5551 καὶ
2337 5495 2527 5568 ἀνδρὸς
2556 5495 2786 5549 ἀπίστου
2815 5492 3141 5564 ὁμιλούντων
3170 5492 3334 5561 ἀλλή-

1775 5592 1889 5655 λοις
1912 5590 2060 5660 νόμῳ
2092 5589 2290 5660 γάμου,
2324 5589 2410 5642 ἵνα
2442 5588 2516 5659 μὴ
2541 5587 2737 5658 νομίσῃ
2770 5587 2802 5655 ὴ
2829 5584 2968 5654 γυνὴ
3016 5581 3339 5653 μολύνεσθαι

122 5696 254 5734 αν
296 5679 432 5751 γὰρ
470 5679 560 5735 τὸν
593 5681 831 5735 διάϐολον
862 5679 1024 5752 ἀνέλῃ
1058 5681 1148 5737 τὸν
1196 5683 1555 5754 εἰσαγαγόντα
1587 5686 1678 5740 τὸν
1778 5684 1887 5739 ἀπὸ
1919 5682 2019 5753 τῆς
2048 5680 2244 5754 μίξεως
2284 5681 2377 5735 καὶ
2414 5679 2523 5733 τῶν
2568 5677 2913 5750 περιπλοκῶν
2940 5675 3048 5729 τῶν
3086 5673 3223 5746 περὶ.
3247 5674 3339 5727 τὸν
