3802 6214
138 232 215 291 $41
1021 220 1086 278 lN
1124 218 1340 277 EPIST.
1382 217 1401 272 l
1464 216 1556 275 AD
1594 216 1748 275 (ΞΟΠ.
1790 216 2023 277 llOMlL.
2064 220 2304 280 XXXIX.

1720 354 1816 401 eos
1842 349 2022 397 autem
2053 341 2213 403 habet
2231 343 2477 414 jacentes
2501 344 2601 401 sub
2631 343 2875 415 pedibus,
2902 358 3025 403 cum
3049 343 3311 405 Genitore

1719 447 1829 489 non
1857 434 2020 503 agitat
2065 434 2420 501 seditionem,
2463 435 2558 491 sed
2601 444 2687 493 est
2731 436 2785 492 in
2827 436 3065 506 perlecta
3091 452 3213 492 cum
3241 452 3310 491 eo

1720 524 2044 593 concordia;
2076 526 2192 596 ipse
2215 527 2320 582 erit
2343 527 2524 583 omnia
2567 527 2621 584 in
2647 528 2916 585 omnibus.
2947 528 3174 597 Quidam
3205 544 3304 583 au-

133 353 474 415 consuetudiaem
495 349 610 423 lege
634 344 1000 413 matrimonii;
1034 359 1102 407 ne
1130 341 1465 399 existimaret
1489 355 1611 394 ntu-

134 450 212 504 lier
232 463 278 503 se
303 446 431 518 pollui
454 460 509 500 ex
531 439 819 498 concubitu
844 446 897 494 et
918 435 1200 506 complexu
1233 432 1480 498 inﬁdelis,
1506 446 1616 487 non

133 541 234 595 dixit
253 539 472 593 mulierem
493 548 610 590 esse
636 529 966 587 immundam
987 570 1001 594 ,
1036 536 1091 583 et
1120 526 1255 581 nihil
1294 524 1414 580 laedi
1442 524 1508 579 ab
1537 524 1618 579 in-

133 633 259 700 lideli,
282 630 356 687 sed
379 627 490 700 quod
515 635 598 682 est
619 625 787 680 multo
808 622 1060 693 amplius,
1088 636 1182 690 per
1214 620 1383 689 ipsam
1416 615 1615 672 sancti-

133 727 307 780 ﬁcatum
329 738 425 778 esse
447 719 700 777 inﬁdelem
734 717 825 787 (i.
858 715 977 771 Cor.
1007 715 1059 769 7.
1097 715 1195 784 l4)
1227 727 1370 767 :non
1394 712 1496 766 hoc
1526 725 1616 766 vo-

135 815 487 878 ensostendere,
513 811 658 882 quod
685 810 903 865 Grzecus
954 809 1122 865 iactus
1152 807 1223 861 sit
1252 820 1319 861 ex
1353 804 1442 859 illa
1474 820 1604 859 san-

134 922 239 979 tus,
267 910 344 966 sed
370 907 489 964 verbi
526 903 939 974 exsuperatione
987 900 1209 955 studens
1254 897 1371 968 eius
1414 906 1617 952 metum

138 1004 305 1057 olvere.
331 1000 392 1054 ita
419 999 490 1053 hic
513 1011 726 1069 quoque
746 1035 764 1058 ,
795 1009 916 1049 cum
951 991 1201 1048 dictionis
1231 992 1281 1044 vi
1324 988 1618 1044 SlﬂdﬂlsSt‘l

133 1096 298 1165 inpium
326 1091 430 1147 illud
452 1090 631 1159 dogma
659 1088 846 1143 tollere
866 1126 881 1151 ,
909 1084 1045 1141 dixit
1087 1082 1139 1138 id
1170 1080 1315 1152 quod
1338 1079 1492 1135 dixit.
1525 1077 1615 1133 Si-

135 1196 183 1242 nt
204 1188 324 1243 enim
358 1182 646 1238 imbecillena
681 1179 872 1234 Filium
915 1175 1214 1245 suspicari,
1248 1181 1333 1227 est
1358 1179 1616 1226 extrema:

138 1277 353 1349 tiquitatis
376 1295 386 1329 :
412 1272 741 1345 quamobrem
792 1270 844 1325 id
884 1269 1144 1337 corrigit,
1176 1265 1396 1329 dicens,
1432 1262 1625 1317 Omnes

134 1374 304 1425 timicos
344 1384 443 1424 suos
486 1374 629 1437 ponet
660 1363 750 1418 sub
782 1361 991 1434 pedibus
1032 1360 1179 1414 suis:
1207 1358 1277 1412 ita
1325 1370 1512 1411 rursus
1536 1362 1621 1410 est

134 1480 189 1519 oc
210 1462 354 1532 magis
377 1458 572 1529 impium
598 1456 909 1511 existimare
937 1453 1151 1507 Patrem
1183 1450 1273 1505 illo
1295 1463 1415 1503 esse
1447 1448 1620 1503 mino.

134 1572 214 1611 3m.
241 1552 550 1621 Quamobrem
584 1547 636 1603 id
666 1561 879 1617 quoque
911 1544 1053 1601 tollit
1079 1558 1201 1599 cum
1229 1554 1421 1611 magna
1451 1554 1617 1595 exsu-

134 1649 353 1703 aratione.
380 1643 494 1699 Vide
522 1650 703 1696 autem
731 1637 1005 1710 quomodo
1031 1636 1083 1693 id
1118 1644 1314 1706 ponat:
1344 1649 1450 1689 non
1477 1631 1621 1687 dixit

134 1744 217 1794 llttl
246 1736 537 1807 simpliciter,
570 1731 766 1785 Praeter
792 1746 904 1784 eum
930 1730 1015 1798 qui
1045 1727 1290 1797 subjecit,
1335 1724 1430 1781 sed
1468 1723 1620 1793 adje-

134 1842 169 1895 t,
200 1832 311 1885 Siue
334 1827 485 1891 dubio,
508 1840 617 1879 rem
647 1823 973 1878 conﬁrmans
1002 1829 1058 1876 et
1088 1818 1355 1881 muniens,
1378 1815 1620 1886 quamvis

134 1926 251 1980 rlllﬁ
270 1924 373 1995 jam
397 1927 613 1977 constet.
660 1918 726 1975 Et
768 1924 828 1971 ut
877 1915 1015 1970 scias
1059 1912 1196 1967 hanc
1242 1925 1362 1966 esse
1401 1923 1618 1963 causam

134 2036 253 2074 trum
280 2032 389 2087 qua:
412 2016 544 2069 dicta
572 2020 718 2079 sunt,
744 2008 875 2065 illud
902 2024 968 2063 ex
1003 2016 1056 2061 te
1084 2003 1399 2063 sciscitabor
1418 2041 1434 2066 ,
1465 2001 1622 2057 Fitne

133 2126 193 2165 nc
217 2108 433 2164 accessio
458 2101 808 2175 subjeCtionis
837 2098 1010 2155 Filio?
1031 2112 1085 2152 et
1112 2095 1382 2167 quomodo
1408 2110 1515 2148 non
1537 2100 1622 2148 est

134 2202 360 2267 surdum,
390 2210 438 2256 et
476 2199 580 2259 Deo
612 2192 927 2264 indignum?
955 2190 1189 2245 maxima
1216 2188 1359 2244 enim
1390 2194 1474 2241 est
1495 2184 1622 2239 sub-

134 2296 218 2349 :tio
243 2302 293 2349 et
332 2289 619 2347 obedientia
643 2329 661 2355 ,
704 2284 848 2358 quod
878 2300 999 2340 cum
1026 2284 1099 2338 sit
1130 2283 1275 2337 Deus
1298 2321 1313 2346 ,
1339 2279 1481 2335 servi
1510 2279 1618 2332 ior-

133 2407 200 2445 nn
229 2387 496 2456 acceperit.
527 2380 810 2451 Quomodo
833 2395 962 2448 ergo
994 2387 1119 2431 tunc
1145 2372 1497 2444 subjicietur?
1530 2370 1623 2427 Vi-

133 2496 147 2534 ;
176 2477 309 2549 «good
330 2475 601 2532 absurdam
625 2472 819 2527 tollens
840 2468 1199 2537 suspicionem
1224 2464 1326 2519 hoc
1354 2460 1615 2533 posuerit,

134 2588 207 2639 que
246 2586 360 2625 cum
406 2584 467 2623 eo
509 2580 615 2637 quo
656 2579 753 2635 par
780 2570 866 2617 est
905 2559 1107 2615 sensu?
1157 2555 1292 2612 Nam
1338 2564 1395 2609 ut
1424 2554 1619 2609 Fili-unt

134 2672 201 2717 :et
232 2670 286 2717 et
312 2662 468 2727 Deum
490 2700 505 2725 ,
535 2658 614 2714 sic
643 2655 856 2721 obedit,
900 2666 1008 2707 non
1049 2664 1200 2704 more
1227 2647 1494 2713 humano,
1525 2643 1620 2700 sed

133 2772 207 2811 :re
224 2770 283 2810 se
302 2768 487 2826 gerens
505 2762 559 2806 et
573 2763 788 2805 omnem
825 2745 1029 2800 habens
1049 2749 1389 2813 potestatem.
1411 2737 1621 2807 Alioqui

133 2849 308 2903 »ωοάο
356 2854 437 2901 est
479 2838 798 2899 consessor?
826 2835 1097 2909 quomodo
1138 2833 1277 2888 sicut
1305 2832 1497 2895 Pater,
1542 2831 1623 2885 sic

133 2957 150 2995 ξ
171 2953 380 3009 quoque
398 2950 531 3007 quos
550 2932 662 2989 Vult
682 2931 904 2988 suscitat
922 2927 1102 3003 (Joan.
1125 2926 1179 2982 5.
1203 2920 1623 2996 ‘21)?quomodo

133 3053 152 3091 ε
178 3042 307 3090 sunt
335 3030 531 3095 Patris,
562 3034 689 3083 sunt
713 3026 828 3096 ejus
847 3024 1062 3088 omnia;
1090 3030 1144 3075 et
1184 3034 1304 3089 qua:
1330 3016 1447 3087 ejus
1467 3023 1620 3082 sunt,

133 3128 206 3182 ris
247 3124 448 3196 (Joan.
507 3122 594 3176 17.
647 3115 797 3190 10)?
840 3115 969 3171 llaec
1015 3113 1161 3168 enim
1191 3111 1347 3169 nobis
1389 3109 1625 3165 indicant

133 3231 276 3276 ctam
326 3226 380 3271 et
429 3214 717 3285 perlectam
758 3209 877 3279 ejus
922 3222 1046 3261 cum
1075 3205 1234 3260 Patre
1279 3209 1621 3273 potestatem.

134 3313 160 3367 d
191 3318 281 3366 est
305 3317 487 3363 autem
511 3344 529 3371 ,
559 3301 777 3369 Quando
803 3297 1068 3354 tradiderit
1098 3293 1348 3367 regnum?
1392 3294 1509 3348 Duo
1534 3308 1622 3347 re-

173 3404 273 3458 Dei
302 3401 457 3455 novit
496 3396 770 3466 Scriptura
799 3409 814 3447 :
844 3406 1010 3449 unum
1060 3388 1278 3458 quidem
1306 3402 1370 3442 ex
1400 3385 1625 3455 conjun-

134 3510 195 3549 ne
221 3507 322 3548 seu
354 3488 708 3561 proprietate,
741 3483 968 3538 alterum
997 3496 1063 3536 ex
1089 3479 1382 3534 creatione.
1413 3475 1546 3533 Nam
1570 3476 1622 3531 in

139 3603 204 3641 es
246 3581 476 3654 quidem
522 3591 745 3649 regnum
785 3576 1028 3638 obtinet,
1078 3571 1336 3637 Graecos,
1367 3568 1621 3635 Judaaos,

133 3692 296 3732 tones
318 3715 335 3740 ,
375 3670 763 3733 adversarios,
791 3666 1000 3721 ratione
1040 3662 1365 3727 creationis;
1400 3676 1623 3731 regnum

134 3790 188 3827 ιη
223 3771 451 3826 obtinet
480 3772 532 3822 in
569 3764 760 3821 ﬁdeles
782 3770 837 3817 et
864 3758 1201 3815 voluntarius
1235 3766 1293 3812 et
1326 3755 1623 3823 subjectos,

134 3884 224 3923 ne
250 3859 689 3934 coniunctionis.
720 3857 831 3913 lloc
858 3868 1083 3926 regnum
1115 3851 1311 3907 dicitur
1337 3850 1499 3904 etiam
1529 3846 1628 3902 hu-

161 3957 475 4028 imperium
512 3969 529 4006 :
560 3951 631 4008 de
672 3965 739 4007 eo
767 3948 911 4004 enim
938 3946 1071 4001 dicit
1098 3943 1262 3999 etiam
1291 3942 1343 3996 in
1385 3940 1627 4001 secundo

134 4066 249 4115 no,
290 4044 527 4102 Postulo
551 4062 584 4099 a
617 4057 719 4107 me,
750 4048 796 4093 et
821 4037 951 4091 dabo
976 4036 1065 4090 tibi
1095 4044 1263 4106 gentes
1287 4032 1627 4087 hereditatem

164 4139 364 4213 (Psal.
393 4137 456 4192 ‘2.
490 4136 550 4206 8)
580 4153 593 4190 :
621 4133 688 4189 de
714 4146 781 4188 eo
809 4130 973 4186 etiam
1004 4129 1121 4198 ipse
1145 4126 1282 4181 dixit
1306 4124 1584 4193 discipulis
1607 4162 1625 4190 ,

166 4241 258 4288 est
299 4229 441 4285 mihi
462 4228 633 4283 omnis
660 4233 877 4295 potestas
903 4231 935 4274 α
982 4219 1135 4274 Patre
1159 4233 1267 4271 meo
1294 4216 1507 4287 (Matth.
1535 4216 1627 4270 28.

144 4327 203 4383 ei
245 4324 349 4394 qui
383 4320 585 4394 genuit
614 4315 794 4373 omnia
821 4312 1136 4369 adscribens
1160 4352 1176 4378 ,
1211 4324 1317 4363 non
1345 4313 1486 4379 quod
1516 4309 1630 4379 ipse

133 4420 450 4484 sufﬁciat,
480 4415 583 4471 sed
609 4411 908 4469 ostendens
933 4408 1079 4481 quod
1114 4407 1185 4464 sit
1209 4406 1378 4462 Filius
1397 4447 1412 4471 ,
1440 4414 1496 4459 et
1520 4422 1627 4461 non

133 4518 305 4570 titus.
371 4512 501 4566 lloc
546 4523 674 4579 ergo
722 4505 913 4569 tradit,
964 4505 1067 4559 hoc
1115 4512 1233 4569 est,
1284 4511 1431 4557 recte
1472 4502 1629 4571 gerit.

134 4625 157 4663 Ξ
183 4614 432 4671 autem,
467 4604 663 4673 inquit,
690 4598 823 4655 nihil
850 4597 985 4653 dixit
1008 4596 1076 4652 de
1098 4595 1297 4666 Spiritu
1318 4595 1341 4649 ?
1362 4594 1629 4662 Quoniam

146 4702 236 4756 de
274 4699 415 4768 ipso
470 4713 585 4752 non
625 4695 834 4765 agitur,
865 4705 1042 4761 neque
1086 4690 1263 4745 omnia
1305 4686 1465 4742 simul
1496 4702 1631 4742 con-

133 4807 176 4849 t.
211 4792 377 4847 Nam
408 4791 590 4846 etiam
622 4786 835 4859 quando
864 4786 995 4842 dicit
1015 4826 1028 4849 ,
1065 4783 1210 4840 Unus
1237 4782 1367 4837 Deus
1390 4781 1569 4847 Pater,
1587 4788 1635 4835 ct

133 4887 446 4941 Dominus
478 4881 640 4937 Iesus
665 4882 744 4951 (l.
776 4878 893 4934 Cor.
927 4880 981 4934 8.
1011 4878 1108 4949 6),
1152 4891 1257 4932 non
1286 4875 1505 4931 omnino
1534 4873 1634 4928 mi.

136 4998 159 5034 ι
223 4978 455 5032 sinens
490 4988 619 5031 esse.
664 4972 952 5042 Spiritum,
1002 4978 1283 5040 propterea
1334 4976 1510 5031 tacet,
1543 4964 1637 5020 sed

133 5087 245 5127 am
277 5080 436 5124 tunc
468 5081 568 5123 res
604 5082 710 5120 non
739 5063 966 5135 urgebat
993 5104 1009 5128 ,
1038 5062 1141 5117 hoc
1169 5061 1323 5118 dixit.
1355 5060 1467 5116 Scit
1493 5059 1635 5114 enim

133 5164 255 5218 tris
304 5161 514 5216 solius
566 5158 916 5222 meminisse;
945 5155 1189 5233 neeideo
1227 5153 1422 5209 Filium
1452 5153 1640 5222 ejicie-

150 5255 293 5311 scit
318 5255 521 5310 etiam
552 5260 608 5308 et
632 5250 753 5306 Filii
775 5258 829 5306 et
853 5248 1086 5319 Spiritus
1112 5247 1279 5303 solius
1304 5246 1638 5308 meminisse;

133 5356 454 5417 opterca
491 5344 715 5399 Patrem
754 5341 1111 5397 abolebimus.
1144 5339 1282 5406 Quid
1309 5346 1394 5394 est
1429 5348 1638 5401 autem,

212 5439 406 5496 Deus
465 5438 649 5494 autnia
692 5437 746 5491 in
800 5434 1076 5490 omnibus?
1106 5432 1176 5489 Ut
1219 5433 1399 5488 omnia
1430 5432 1497 5486 ab
1526 5431 1644 5500 ipso

133 5544 287 5600 ant;
335 5548 429 5588 ne
466 5530 599 5602 quis
637 5530 912 5585 existimet
947 5527 1055 5581 duo
1084 5541 1207 5581 esse
1233 5524 1494 5596 principia
1526 5522 1643 5578 sine

133 5627 282 5697 pio,
326 5638 548 5693 neque
576 5620 720 5675 aliud
752 5635 976 5690 regnum
1004 5619 1253 5674 divisum.
1276 5616 1407 5672 Nam
1431 5616 1646 5686 quando

133 5716 443 5785 quidem
474 5712 752 5781 jacuerint
775 5711 979 5767 inimici
1009 5712 1108 5767 sub
1132 5710 1356 5783 pedibus
1388 5709 1531 5779 Filii,
1555 5708 1646 5781 qui

377 5813 682 5874 Punoc.
723 5814 838 5874 (in.
888 5818 1043 5875 LM.

3199 226 3322 323 3&2,

1722 628 1829 676 tem
1861 620 2045 677 dicunt
2073 622 2246 692 ipsum
2273 620 2388 677 hanc
2412 621 2615 678 dixisse
2638 664 2654 689 ,
2683 622 3035 693 signiﬁcantia
3060 622 3308 678 abolitio-

1720 727 1845 767 nem
1874 713 2023 781 vitii,
2050 722 2234 783 utpote
2257 729 2378 769 cum
2402 728 2591 769 omnes
2607 713 2863 784 deinceps
2887 714 3081 771 cedant
3105 723 3159 769 et
3184 714 3305 769 nul-

1719 805 1804 861 ius
1834 805 2067 871 resistat,
2099 820 2199 861 nec
2229 806 2460 877 maligne
2503 821 2564 861 se
2590 814 2761 875 gerat.
2786 805 2919 861 Nam
2949 804 3163 876 quando
3193 820 3303 860 non

1719 897 1883 959 fuerit
1911 908 2214 968 peccatum,
2244 907 2328 954 est
2358 900 2699 969 perspicuum
2728 898 2872 969 quod
2904 899 3044 954 Deus
3069 898 3173 954 erit
3194 912 3305 953 om-

1719 990 1805 1047 nia
1832 990 1885 1045 iu
1917 991 2189 1046 omnibus.
2237 990 2293 1046 Si
2336 1000 2517 1047 autem
2546 1005 2775 1060 corpora
2826 1004 2931 1047 non
2978 996 3309 1060 resurgunt,-

1718 1084 1988 1155 qnomodo
2030 1094 2156 1140 sunt
2202 1082 2318 1139 lucc
2361 1084 2532 1140 vera?
2560 1084 2912 1154 gravissimus
2954 1083 3096 1139 enim
3124 1090 3307 1138 manet

1718 1178 1960 1234 omnium
1992 1178 2241 1233 inimicus
2261 1218 2276 1243 ,
2310 1193 2505 1249 nempe
2529 1192 2676 1233 mors
2697 1220 2713 1243 ,
2743 1177 2809 1233 iis
2833 1194 2950 1247 qum
2978 1177 3148 1232 voluit
3172 1186 3307 1232 con-

1719 1269 1893 1325 fectis.
1921 1269 2293 1339 Nequaquam,
2324 1268 2527 1339 inquit;
2555 1283 2729 1339 neque
2749 1269 2894 1324 enim
2920 1268 3150 1338 amplius
3180 1282 3308 1338 pec—

1719 1361 1939 1419 cahunt.
1970 1362 2033 1415 Et
2057 1360 2184 1431 quid
2214 1361 2371 1415 tum?
2402 1374 2579 1430 neque
2608 1360 2752 1417 enim
2783 1360 2852 1416 de
2878 1368 3051 1415 morte
3078 1360 3307 1425 animas,

1720 1454 1813 1509 sed
1842 1455 1909 1510 de
1958 1464 2132 1509 morte
2179 1453 2423 1524 corporis
2470 1454 2558 1509 hic
2587 1454 2844 1525 loquitur.
2873 1453 3155 1523 Quomodo
3178 1468 3309 1525 ergo

1721 1547 1809 1603 illa
1839 1547 2121 1603 aboletur?
2152 1547 2256 1603 hoc
2283 1558 2367 1603 est
2387 1548 2531 1603 enim
2556 1547 2804 1615 victoria,
2832 1563 2895 1603 ea
2915 1563 3036 1619 quae
3062 1557 3187 1603 sunt
3212 1550 3312 1603 ab-

1721 1641 1848 1707 lata,
1879 1648 1933 1695 et
1958 1655 2079 1711 quae
2111 1640 2423 1696 detinentur
2450 1642 2744 1712 accepisse.
2792 1642 2846 1698 Si
2876 1651 3054 1697 autem
3084 1643 3137 1698 in
3164 1652 3307 1698 terra

1721 1734 2011 1790 detinenda
2042 1744 2167 1790 sunt
2195 1749 2455 1805 corpora,
2498 1746 2681 1792 manet
2724 1752 2851 1808 ergo
2877 1737 2998 1808 ejus
3033 1738 3306 1810 tyrannis,

1721 1844 1841 1883 cum
1871 1828 1987 1882 lucc
2025 1826 2244 1896 quidem
2272 1828 2618 1883 detineantur
2642 1870 2657 1892 ,
2698 1829 2843 1884 aliud
2874 1838 3051 1884 autem
3097 1844 3201 1883 ron
3242 1830 3315 1883 sit

1722 1937 1920 1990 corpus
1943 1921 2033 1977 ubi
2057 1922 2322 1976 vincatur.
2352 1920 2407 1977 Si
2435 1936 2564 1991 ergo
2594 1921 2698 1976 hoc
2722 1922 2831 1987 ﬁat,
2850 1922 2992 1993 quod
3017 1923 3149 1977 dicit
3171 1922 3310 1977 Pau-

1722 2016 1828 2079 lus,
1864 2017 2003 2071 sicut
2030 2024 2179 2070 certe
2211 2014 2323 2080 ﬁet,
2351 2015 2608 2085 prmclara
2643 2015 2806 2069 etiam
2839 2014 3115 2085 apparebit
3143 2017 3313 2070 victo-

1722 2107 1822 2171 ria,
1853 2121 1975 2161 cum
2006 2106 2151 2161 Deus
2177 2106 2408 2175 potuerit
2435 2106 2697 2161 suscitare
2722 2106 2810 2160 illa
2833 2121 2953 2176 quae
2982 2106 3051 2160 ab
3076 2108 3187 2176 ipsa
3219 2106 3317 2161 de-

1726 2209 1869 2255 tenta
1902 2208 2028 2253 sunt
2055 2214 2303 2268 corpora.
2339 2198 2469 2253 Nam
2496 2210 2622 2254 tunc
2650 2198 2816 2254 vincit
2840 2199 3101 2269 quispiam
3133 2199 3315 2255 iniml;

1721 2305 1866 2355 cum,
1896 2289 2112 2359 quando
2133 2290 2407 2359 acceperit
2428 2290 2623 2360 spolia,
2658 2304 2767 2345 non
2790 2290 3007 2361 quando
3030 2291 3141 2361 ipsa
3171 2291 3315 2347 sive-

1721 2381 1793 2438 rit
1838 2381 1977 2452 apud
2008 2397 2128 2437 eum
2160 2397 2378 2437 manere
2406 2398 2421 2436 ε
2448 2382 2494 2437 si
2527 2396 2690 2437 nemo
2740 2391 2919 2438 autem
2961 2383 3154 2439 audeat
3191 2400 3313 2453 qum

1722 2483 1849 2531 sunt
1877 2475 1993 2543 ejus
2021 2475 2286 2545 accipere,
2311 2474 2584 2545 quomodo
2607 2474 2903 2530 dixerimus
2928 2490 3048 2530 esse
3078 2476 3314 2530 victum?

1798 2567 1850 2621 7.
1886 2566 1997 2621 lloc
2024 2566 2185 2621 etiam
2216 2565 2378 2621 modo
2407 2567 2643 2622 victoria:
2663 2565 2909 2622 Christus
2932 2567 2984 2621 iu
3009 2567 3314 2638 Evangeliis

1724 2659 1855 2715 dicit
1882 2674 1942 2714 se
1969 2659 2165 2714 vicisse
2194 2658 2279 2714 bis
2303 2660 2484 2714 verbis
2512 2678 2524 2712 :
2554 2659 2774 2726 Quando
2796 2660 3087 2730 alligaverit
3106 2660 3310 2729 fortem,

1725 2762 1843 2806 tunc
1887 2761 1932 2806 et
1971 2767 2093 2805 uasa
2136 2752 2248 2821 ejus
2276 2751 2481 2823 diripiet
2520 2750 2734 2821 (ΜαηΙι.
2771 2751 2856 2805 19..
2886 2751 3001 2821 ἓ9).
3032 2752 3243 2821 Alioqui
3269 2753 3315 2806 si

1727 2843 1830 2899 hoc
1854 2859 1961 2897 non
1992 2843 2209 2908 factum,
2236 2858 2305 2898 ne
2325 2843 2608 2899 manifesta
2636 2843 2850 2914 quidem
2885 2844 3045 2899 fuerit
3070 2845 3313 2899 victoria.

1724 2936 1855 2991 Nam
1878 2936 2015 2991 sicut
2036 2935 2081 2991 si
2103 2935 2171 2990 de
2197 2944 2372 2991 morte
2394 2936 2589 2990 animm
2609 2944 2820 3006 agatur,
2838 2936 2927 3005 qui
2949 2944 3031 2991 est
3049 2944 3312 3000 Mortuus,

1724 3028 1825 3085 fuit
1848 3028 2172 3099 jastiﬁcatus
2195 3043 2225 3082 α
2257 3036 2496 3097 peccato,
2530 3042 2705 3098 neque
2734 3026 2839 3083 hoc
2866 3027 3161 3083 dixerimus
3188 3042 3310 3083 esse

1725 3121 2039 3185 victoriam;
2069 3119 2160 3173 ille
2188 3119 2332 3174 enim
2356 3129 2439 3174 est
2463 3120 2552 3189 qui
2575 3120 2725 3185 vicit,
2751 3132 2863 3175 non
2883 3118 2974 3189 qui
3000 3119 3158 3173 malis
3181 3117 3315 3174 nihil

1724 3216 1968 3282 addidit,
2002 3214 2095 3269 sed
2126 3214 2215 3284 qui
2246 3228 2363 3269 eam
2408 3229 2528 3283 quae
2570 3213 2680 3283 jam
2721 3219 2840 3268 erat
2881 3211 3045 3267 animi
3074 3219 3316 3267 motuum

1724 3307 1886 3364 solvit
1915 3306 2277 3375 captivitatem
2303 3323 2317 3359 :
2342 3305 2414 3359 ita
2444 3305 2531 3360 hic
2555 3310 2765 3376 quoque
2794 3319 2907 3359 non
2931 3304 3133 3359 stitisse
3162 3318 3315 3357 mor-

1728 3409 1836 3454 tem
1864 3413 2094 3469 eorpora
2139 3396 2519 3467 depascentem
2545 3438 2560 3461 ,
2598 3411 2719 3453 esse
2746 3397 2972 3452 dixerim
3002 3397 3315 3467 prter-larum

1729 3491 2032 3554 victoriam,
2063 3490 2156 3545 sed
2184 3506 2303 3561 qua:
2329 3489 2438 3560 jam
2460 3488 2674 3544 detenta
2696 3498 2846 3544 et'ant
2867 3502 3093 3559 corpora
3115 3490 3182 3541 ab
3202 3488 3315 3558 ipsa

1727 3586 1904 3641 avelli.
1927 3585 2184 3641 Si'autcm
2214 3583 2391 3638 adhuc
2418 3582 2745 3638 contendant
2768 3589 2822 3636 et
2848 3581 3030 3636 dicant
3051 3581 3120 3636 de
3146 3590 3320 3636 morte

1730 3678 1925 3732 auium:
1949 3678 2064 3730 haec
2085 3690 2206 3730 esse
2228 3674 2367 3728 dicta
2386 3715 2402 3741 ,
2429 3673 2698 3745 quomodo
2721 3673 2810 3727 illa
2832 3668 3277 3728 aboleturnltima
3292 3671 3319 3726 ?

1731 3785 1854 3824 nam
1888 3770 1941 3823 in
1974 3781 2297 3837 unoquoque
2323 3768 2414 3837 qui
2443 3766 2764 3836 baptizatur,
2796 3765 2953 3835 plene
2984 3774 3070 3821 est
3095 3764 3316 3819 abolita.

1730 3862 1836 3918 Sed
1867 3862 1911 3916 si
1945 3861 2093 3916 dicas
2133 3860 2201 3916 de
2239 3875 2466 3929 corpore
2490 3901 2505 3925 ,
2553 3859 2727 3914 locum
2763 3859 2919 3914 habet
2949 3859 3088 3929 quod
3120 3859 3319 3913 dictum

1734 3966 1837 4024 est,
1874 3970 2071 4024 nempe
2100 3954 2241 4025 quod
2272 3968 2419 4008 mors
2450 3952 2633 4007 ultima
2662 3952 2960 4007 abolcatur.
2990 3951 3047 4008 Si
3078 3952 3195 4023 quis
3224 3966 3323 4006 au-

1733 4057 1842 4106 tem
1883 4047 2137 4101 dubitans
2164 4054 2400 4116 quaerat,
2436 4059 2532 4099 cur
2558 4059 2678 4099 cum
2711 4043 3000 4101 dissereret
3028 4043 3097 4098 de
3136 4057 3320 4098 resur-

1737 4141 2000 4205 rectione,
2033 4140 2085 4193 in
2120 4140 2352 4193 medium
2385 4153 2491 4192 non
2518 4137 2802 4192 adduxerit
2827 4152 3053 4207 corpora
3082 4152 3202 4208 quae
3231 4152 3322 4192 re-

1734 4242 2089 4290 surrcxerunt
2117 4242 2358 4301 tempore
2384 4231 2630 4297 Domini,
2665 4230 2795 4285 illud
2820 4230 3116 4286 dixerimus
3134 4269 3150 4297 ,
3178 4230 3319 4300 quod

1733 4327 1839 4383 hoc
1866 4343 1972 4382 non
2002 4326 2190 4381 fuisset
2218 4326 2363 4394 loqui
2395 4323 2462 4378 de
2489 4323 2903 4380 resurrectione.
2940 4323 3043 4379 Eos
3066 4325 3209 4378 enim
3231 4324 3323 4392 qui

1737 4430 2151 4478 resurrexerunt
2180 4418 2467 4474 oSIendere
2505 4434 2695 4474 rursus
2722 4419 2896 4484 mori,
2938 4433 3042 4472 non
3076 4426 3193 4473 erat
3226 4416 3327 4471 de-

1736 4513 2089 4570 monstrantis
2106 4511 2247 4582 quod
2268 4525 2414 4565 mors
2432 4520 2701 4582 postremo
2720 4510 3015 4565 abolentur.
3038 4510 3327 4578 Propterea

1738 4614 1880 4669 enim
1913 4611 2046 4666 dixit
2089 4625 2209 4664 eam
2251 4608 2456 4664 aboleri
2499 4607 2764 4672 ultimam,
2797 4620 2866 4661 ue
2904 4605 3176 4660 existimes
3206 4610 3325 4659 eam

1741 4704 1975 4775 amplius
2001 4716 2304 4772 resurgere.
2346 4700 2488 4754 Vitio
2515 4699 2657 4755 enim
2685 4699 2897 4754 sublato
2920 4738 2935 4764 ,
2965 4697 3131 4752 multo
3156 4696 3337 4766 magis

1750 4812 1895 4854 mors
1924 4795 2179 4852 cessabit.
2211 4793 2394 4863 Neque
2430 4794 2571 4847 enim
2604 4792 2761 4847 fuerit
2792 4802 3208 4847 consentaneum
3230 4830 3244 4854 ,
3272 4798 3332 4843 ut

1747 4892 1791 4945 si
1825 4891 1944 4944 lous
1970 4896 2198 4953 arescat,
2232 4888 2320 4957 qui
2349 4902 2412 4942 ex
2445 4901 2510 4941 eo
2541 4896 2719 4940 manat
2747 4885 3007 4940 consistat
3034 4883 3245 4950 ﬂuvius,
3278 4891 3336 4938 et

1742 4983 1787 5037 si
1815 4990 2099 5037 evanescat
2127 4980 2296 5044 radix,
2334 4987 2547 5033 maneat
2578 4977 2804 5032 fructus.
2838 4976 3097 5045 Quoniam
3126 4991 3251 5046 ergo
3280 4976 3333 5030 in

1748 5074 1836 5127 die
1881 5071 2174 5127 novissimo
2215 5070 2415 5124 inimici
2455 5070 2547 5125 Dei
2595 5069 2880 5123 abolentur
2920 5085 3039 5123 cum
3076 5075 3248 5123 morte
3282 5078 3339 5123 et

1750 5164 1967 5221 diabolo
1992 5172 2049 5218 et
2074 5161 2408 5218 daemonibus
2430 5202 2444 5228 ,
2478 5176 2545 5216 ne
2577 5160 2789 5215 tristitia
2820 5160 3135 5221 afﬁciantur,
3169 5158 3213 5214 si
3244 5157 3337 5212 Dei

1752 5254 1984 5311 inimicis
2004 5268 2093 5310 res
2113 5266 2369 5324 prospere
2387 5252 2693 5307 succedant.
2711 5251 2915 5307 inimici
2938 5253 3078 5305 enim
3104 5248 3337 5315 Domini,

1753 5345 2078 5414 simulatque
2106 5341 2386 5414 gloriﬁcati
2415 5350 2471 5397 et
2501 5342 2552 5395 in
2586 5342 2750 5395 altum
2783 5341 2907 5396 elati
2942 5341 3170 5406 fuerint,
3203 5339 3340 5393 dell-

1753 5439 1981 5502 cientes,
2015 5446 2286 5506 tamquam
2320 5434 2495 5490 iunius
2525 5434 2858 5489 defecerunt.
2888 5432 3115 5501 Quando
3143 5431 3345 5487 videris

1755 5529 1987 5598 aliquem
2016 5526 2109 5581 Dei
2138 5526 2411 5581 inimicum
2442 5527 2683 5592 divitem,
2711 5527 2962 5597 stipatum
2991 5524 3340 5592 satellitibus,

1759 5619 2047 5674 habentem
2074 5618 2269 5672 multos
2293 5624 2676 5685 assentatores,
2702 5616 2810 5671 noli
2831 5617 3068 5672 animum
3089 5613 3343 5685 abjicerc,

1755 5709 1848 5768 sed
1876 5723 2032 5779 gente
2050 5750 2066 5778 ,
2100 5709 2397 5792 lacwmarc
2418 5749 2434 5776 ,
2458 5709 2625 5765 Deum
2650 5721 2776 5773 roga
2795 5746 2812 5773 ,
2838 5714 2897 5761 ut
2920 5722 3042 5760 eum
3070 5704 3267 5761 referat
3292 5705 3348 5762 in

2933 5796 3011 5852 22
