3802 6332
331 307 441 363 343

333 423 581 480 ordinem
619 428 676 476 et
715 432 996 474 numerum
1036 417 1330 472 amicorum
1357 433 1370 470 :
1395 423 1447 470 et
1474 429 1580 486 quo
1608 413 1775 483 magis
1805 426 1916 466 rem

332 526 483 569 suam
513 515 650 568 bene
685 511 915 582 gesserit
937 525 1061 565 cum
1090 510 1159 564 sit
1186 510 1434 563 inimicus
1457 549 1471 573 ,
1511 522 1577 562 eo
1604 506 1772 576 magis
1797 519 1918 559 eum

332 607 474 677 luge.
498 605 630 660 Nam
655 612 965 675 peccatores
986 602 1200 671 quidem
1223 615 1436 669 semper
1457 606 1670 668 oportet
1695 595 1914 661 deflere,

334 699 567 752 maxime
593 706 772 752 autem
805 698 1018 766 quando
1046 693 1320 748 abundant
1351 690 1575 756 divitiis,
1607 701 1661 745 et
1689 697 1814 744 sunt
1839 688 1918 742 eis

332 803 422 842 res
451 788 703 842 secundae
721 828 736 851 ,
783 787 922 842 sicut
947 794 1268 856 :egrotantes
1295 783 1510 853 quando
1537 782 1706 836 ventri
1740 779 1918 834 indul-

333 889 458 946 gent
485 888 539 932 et
569 879 919 933 inchriantur.
953 875 1059 931 Sed
1091 884 1217 930 sunt
1242 873 1482 944 quidam,
1508 872 1596 942 qui
1630 871 1714 925 his
1740 869 1918 923 verbis

329 969 547 1034 auditis,
581 971 650 1024 ita
682 971 876 1024 misere
903 968 1230 1032 afficiuntur,
1260 975 1318 1020 ut
1344 976 1563 1036 propter
1590 964 1702 1019 haec
1725 963 1918 1018 acerbe

330 1062 684 1133 ingemiscant
704 1073 758 1117 et
781 1063 982 1124 dicant,
1011 1062 1209 1132 Dignus
1232 1075 1350 1115 sum
1377 1058 1647 1130 lacrymis,
1671 1057 1760 1127 qui
1785 1057 1917 1112 nihil

329 1153 523 1209 habeo.
555 1154 720 1209 Recte
745 1154 962 1218 dixisti,
1006 1153 1107 1220 Qui
1138 1152 1270 1207 nihil
1301 1151 1498 1215 habes;
1529 1166 1634 1204 non
1665 1149 1917 1219 quoniam

331 1261 436 1299 non
465 1244 630 1300 habes
652 1261 712 1300 ea
743 1261 862 1316 quae
887 1245 978 1300 ille
1005 1245 1209 1310 habuit,
1236 1242 1330 1299 sed
1353 1242 1601 1313 quoniam
1629 1257 1741 1296 rem
1765 1241 1917 1298 ducis

329 1339 542 1408 dignam
575 1355 694 1409 quae
725 1339 876 1394 beata
905 1346 1209 1404 censeatur,
1241 1336 1360 1392 ideo
1387 1335 1581 1405 dignus
1601 1349 1660 1390 es
1680 1335 1768 1404 qui
1792 1334 1916 1388 mil-

332 1430 434 1485 lieS
463 1431 715 1500 lugearis.
748 1431 958 1485 Etenim
988 1430 1032 1484 si
1065 1430 1182 1499 quis
1212 1429 1348 1483 bona
1381 1427 1683 1482 valetudine
1715 1425 1912 1493 fruens,

331 1520 546 1575 beatum
572 1520 776 1590 judiCet
806 1530 1086 1591 mgrotmn,
1116 1521 1354 1574 etiamin
1379 1519 1524 1574 molli
1549 1518 1709 1574 cnhili
1731 1519 1918 1588 jacen-

331 1621 439 1668 tem
461 1654 475 1677 ,
520 1614 620 1668 iste
665 1623 718 1667 et
749 1612 843 1667 illo
874 1613 1040 1667 multo
1084 1612 1333 1668 miserior
1358 1622 1412 1667 et
1441 1611 1739 1676 infelicior,
1771 1609 1915 1680 quod

329 1694 590 1761 bonorum
622 1722 842 1761 suorum
871 1706 1076 1761 nullum
1107 1705 1301 1761 habeat
1327 1719 1566 1760 sensum.
1599 1702 1753 1772 Quod
1795 1703 1914 1773 qui-

327 1799 450 1859 dem
480 1799 532 1853 in
562 1798 644 1852 bis
670 1813 882 1869 quoque
911 1799 1091 1854 videre
1121 1798 1246 1852 licet
1274 1797 1519 1852 accidere
1544 1815 1556 1850 :
1583 1795 1723 1850 unde
1752 1795 1912 1850 etiam

329 1898 435 1945 tota
471 1900 652 1944 nostra
683 1890 786 1944 vita
832 1889 1176 1946 confunditur
1222 1898 1275 1943 et
1322 1889 1582 1942 turbatur.
1617 1886 1739 1940 lltec
1767 1887 1910 1940 enim

328 1981 492 2036 verba
522 1981 941 2036 innumerabiles
983 1980 1328 2050 perdiderunt
1356 1987 1410 2034 et
1437 1978 1650 2033 diabolo
1685 1977 1913 2032 tradide-

326 2083 471 2140 runt,
492 2083 547 2128 et
567 2074 632 2128 iis
649 2074 736 2143 qui
759 2074 894 2129 fame
918 2074 1195 2129 tabescunt
1213 2072 1454 2130 fecerunt
1475 2072 1907 2127 miserabiliores.

326 2164 456 2218 Nam
499 2165 640 2234 quod
670 2165 760 2235 qui
805 2165 955 2234 plura
993 2173 1288 2235 appetunt,
1322 2164 1430 2219 sint
1458 2163 1620 2220 etiam
1651 2162 1911 2218 mendicis

325 2255 768 2318 miserabiliores,
793 2267 848 2310 ut
869 2257 957 2327 qui
986 2256 1172 2326 majori
1197 2265 1250 2311 et
1265 2253 1459 2311 acriori
1481 2254 1729 2311 laborent
1746 2255 1909 2310 animi

323 2349 664 2419 aegritudine,
692 2348 815 2402 hinc
842 2357 925 2403 est
957 2350 1316 2420 perspicuum.

395 2441 612 2496 Siccitas
656 2441 956 2494 Antiochiae.
990 2469 1058 2479 —-
1087 2438 1368 2494 Civitatem
1422 2447 1662 2494 nostram
1717 2439 1910 2494 invasit

321 2531 592 2602 quondam
617 2532 850 2598 siccitas,
871 2541 923 2587 et
949 2541 1188 2587 extrema
1209 2531 1465 2587 timebant
1483 2546 1694 2595 omnes,
1710 2531 1906 2585 Deum-

320 2639 428 2694 que
453 2623 732 2693 rogabant,
763 2633 820 2678 ut
846 2624 987 2678 hunc
1016 2634 1217 2677 metum
1248 2622 1518 2678 solveret:
1545 2630 1600 2678 et
1626 2633 1750 2679 tunc
1781 2624 1907 2678 lice-

322 2719 412 2772 bat
442 2717 624 2772 videre
651 2717 789 2786 quod
818 2716 1017 2771 dictum
1047 2717 1140 2771 fuit
1182 2732 1211 2769 a
1243 2719 1458 2789 Moyse,
1491 2716 1679 2772 caelum
1707 2715 1906 2771 factum

317 2825 530 2866 aeneum
559 2810 732 2884 (Deut.
759 2810 850 2866 28.
875 2810 993 2880 25),
1018 2821 1072 2866 et
1092 2812 1329 2882 quotidie
1356 2813 1650 2882 exspectari
1679 2820 1906 2866 mortem

321 2903 470 2957 omni
502 2912 675 2958 morte
703 2904 1023 2974 graviorem.
1060 2903 1163 2960 Sed
1195 2919 1315 2960 cum
1350 2914 1532 2975 postea
1565 2905 1735 2959 visum
1765 2912 1908 2959 esset

319 2994 553 3066 benigno
580 3003 635 3050 et
663 2995 911 3051 clementi
938 2997 1069 3062 Deo,
1096 3005 1288 3067 praeter
1307 3013 1455 3067 spem
1477 3013 1714 3063 onmem,
1740 2997 1906 3052 multa

321 3095 483 3157 atque
511 3085 646 3142 adeo
684 3085 888 3142 infinita
918 3103 984 3142 ex
1013 3088 1124 3144 alto
1153 3089 1347 3144 cecidit
1377 3089 1554 3160 pluvia
1588 3107 1601 3144 :
1636 3099 1690 3144 et
1717 3104 1907 3145 omnes

314 3181 425 3250 jam
441 3179 638 3236 festum
661 3180 803 3236 diem
826 3181 1073 3250 agebant,
1095 3190 1363 3253 tamquam
1385 3183 1476 3252 qui
1499 3198 1563 3237 ex
1588 3183 1717 3251 ipsis
1739 3182 1907 3253 portis

323 3272 515 3327 tnortis
538 3272 929 3328 ascendissent.
960 3273 1067 3328 Sed
1097 3275 1147 3328 in
1182 3273 1340 3328 tantis
1371 3274 1523 3328 bonis
1555 3283 1611 3329 et
1638 3275 1907 3330 communi

324 3366 562 3420 omnium
608 3366 792 3420 lastitia
834 3365 1048 3434 quidam
1095 3381 1160 3421 ex
1207 3367 1305 3428 iis,
1347 3366 1435 3436 qui
1476 3365 1632 3421 valde
1671 3366 1908 3435 opulenti

320 3465 495 3522 erant,
520 3456 782 3512 circuibat
809 3465 1034 3512 incestus
1063 3465 1117 3511 et
1145 3457 1330 3524 tristis,
1362 3473 1471 3526 pra!
1498 3458 1658 3510 animi
1687 3456 1907 3527 aegritu-

323 3546 452 3602 diue
480 3555 724 3602 mortuus
749 3586 766 3613 ,
812 3556 866 3602 et
910 3546 1091 3601 multis
1128 3561 1346 3602 causam
1386 3548 1696 3618 rogantibus
1723 3563 1820 3603 cur
1854 3549 1906 3604 in

321 3641 591 3696 communi
617 3641 854 3695 omnium
879 3639 1061 3695 laetitia
1087 3639 1236 3696 solus
1264 3641 1491 3708 doleret,
1524 3655 1592 3697 ne
1619 3641 1759 3696 intus
1785 3643 1906 3712 qni-

321 3732 446 3788 dem
469 3731 749 3789 continere
768 3733 940 3805 potuit
961 3732 1100 3788 hanc
1120 3749 1333 3804 gravem
1357 3734 1519 3788 animi
1548 3735 1906 3804 perturbatio-

322 3842 485 3890 nem,
529 3826 622 3882 sed
669 3841 700 3880 a
747 3826 920 3882 morbi
967 3835 1196 3897 punctus
1239 3826 1558 3899 tyrannide,
1586 3842 1803 3883 causam
1855 3830 1906 3883 in

324 3919 558 3976 medium
592 3919 810 3988 protulit
843 3935 856 3974 :
887 3917 1018 3974 Cum
1061 3919 1282 3974 habeam
1303 3960 1319 3985 ,
1351 3920 1555 3989 inquit,
1603 3919 1909 3977 innumeras

327 4026 610 4068 mensuras
634 4011 911 4078 frumenti,
942 4011 1125 4068 nescio
1156 3999 1242 4068 ubi
1272 4013 1387 4068 illas
1410 4013 1698 4084 deponam.
1731 4013 1911 4070 [lunc-

314 4104 483 4170 cine,
515 4104 602 4160 dic
643 4119 845 4175 quam).
880 4119 978 4175 pro
1021 4099 1120 4160 his
1148 4105 1325 4160 verbis
1365 4104 1576 4161 beatum
1615 4106 1904 4173 ducemus,

316 4212 422 4268 pro
449 4198 640 4268 quibus
665 4198 993 4268 oportuisset
1017 4214 1139 4253 eum
1163 4197 1317 4253 obrui
1343 4199 1628 4268 lapidibus,
1651 4200 1740 4270 qui
1765 4209 1908 4256 esset

320 4289 508 4359 quavis
552 4289 662 4346 fera
709 4289 1011 4357 crudelior,
1061 4291 1152 4362 qui
1181 4300 1326 4348 esset
1353 4293 1652 4349 communis
1696 4293 1909 4349 hostis?

317 4381 460 4449 Quid
491 4381 646 4449 dicis,
677 4396 712 4438 ο
742 4383 942 4438 homo?
967 4382 1118 4438 doles
1143 4382 1285 4454 quod
1313 4399 1417 4438 non
1443 4385 1698 4454 perierint
1719 4399 1908 4441 omnes

323 4483 383 4530 ut
402 4491 592 4532 aurum
614 4476 872 4546 cogeres?
898 4492 1006 4532 non
1028 4476 1275 4532 audivisti
1299 4477 1424 4547 quid
1446 4477 1588 4532 dicat
1610 4477 1864 4534 Salomon
1891 4497 1906 4535 :

319 4567 427 4634 Qui
465 4569 895 4642 frumentiauget
933 4570 1182 4639 pretium,
1229 4580 1303 4625 est
1343 4571 1532 4640 populo
1569 4571 1909 4627 exsecranda:

329 4660 510 4734 (Prov.
543 4662 632 4717 ll.
663 4660 792 4732 26)?
839 4661 932 4717 sed
961 4661 1159 4716 circuis
1197 4661 1499 4716 communis
1544 4660 1786 4716 inimicus
1814 4662 1910 4718 bo-

321 4768 514 4812 norum
538 4753 686 4809 orbis
709 4763 883 4818 terrte,
914 4762 968 4808 et
994 4753 1164 4807 hostis
1185 4752 1487 4807 liberalitati
1513 4752 1718 4808 Domini
1747 4755 1908 4810 totius

324 4845 530 4908 mutuli,
560 4854 613 4899 et
645 4861 963 4900 ntamntonze
991 4846 1217 4907 amicus,
1251 4843 1331 4897 vel
1364 4843 1538 4914 potius
1571 4846 1798 4900 servus?
1823 4847 1905 4902 An

318 4952 435 4991 non
487 4937 768 5005 oportebat
823 4937 1054 5005 linguam
1112 4935 1258 4990 illam
1307 4936 1617 5004 amputari?
1660 4951 1765 4992 non
1814 4952 1909 4994 cor

329 5027 592 5096 exstingui
621 5026 762 5096 quod
795 5027 909 5081 ha-c
935 5027 1094 5082 verba
1125 5027 1444 5096 pepererat?

382 5120 450 5174 .8.
499 5118 738 5173 Vidistin’
779 5119 1048 5189 quomodo
1090 5133 1278 5173 aurum
1320 5133 1426 5173 non
1472 5119 1612 5174 sinat
1661 5119 1908 5177 homines

323 5225 445 5266 esse
468 5210 732 5274 homines,
760 5211 854 5265 sed
880 5211 1020 5266 feras
1045 5221 1096 5267 et
1123 5213 1396 5268 dmmones
1425 5213 1449 5266 ἲ
1475 5211 1612 5281 Quid
1636 5213 1777 5268 enim
1808 5214 1909 5272 hoc

321 5302 487 5357 divite
514 5299 676 5356 fuerit
702 5301 1078 5367 miserabilius,
1111 5303 1200 5373 qui
1225 5312 1370 5372 optat
1398 5303 1635 5373 quotidie
1664 5319 1783 5361 esse
1825 5305 1904 5360 fa-

324 5409 490 5461 mem,
525 5402 580 5446 ut
607 5393 655 5447 ei
687 5393 756 5448 sit
785 5395 1016 5447 aurum?
1056 5394 1134 5448 Ad
1161 5395 1484 5448 contrarium
1518 5397 1659 5450 enim
1687 5399 1736 5452 ci
1767 5400 1906 5454 redit

323 5486 487 5544 animi
532 5484 902 5556 perturbatio:
933 5500 1106 5555 neque
1148 5484 1288 5539 enim
1333 5485 1542 5541 laetatur
1580 5487 1901 5544 abundantia

327 5576 682 5648 possessionis
711 5575 974 5630 fructuum
997 5616 1010 5640 ,
1054 5577 1144 5629 sed
1183 5583 1398 5644 propter
1426 5577 1526 5633 hoc
1555 5578 1726 5648 ipsutn
1755 5579 1905 5636 dolet

324 5671 466 5740 quod
498 5669 701 5726 infinita
747 5668 1035 5740 possideat.
1069 5667 1230 5740 Atqui
1261 5684 1380 5724 cum
1413 5672 1502 5740 qui
1535 5673 1700 5728 multa
1731 5675 1902 5742 possi-

309 5761 429 5829 det,
475 5761 641 5821 lit-tari
683 5770 938 5834 oportet:
972 5761 1070 5837 istc
1111 5769 1287 5818 autem
1328 5771 1547 5833 propter
1583 5763 1682 5820 hoc
1723 5765 1895 5837 ipsum

1078 301 1134 358 S.
1170 298 1450 358 JOANN-IS
1485 293 1955 357 CllRYSOSTOMI
1995 293 2305 353 ARClllEP.
2349 297 2879 358 CONSTANTINOP.

3521 309 3628 367 33S

2033 411 2214 465 animo
2241 413 2474 483 angitur.
2513 413 2699 470 Vidcn‘
2730 417 2870 486 quod
2891 459 2905 484 ,
2939 417 3076 474 sicut
3101 402 3246 490 dixi,
3278 437 3383 477 non
3416 431 3623 480 tantam

2028 517 2092 556 ex
2127 505 2479 572 prmsentihus
2502 507 2772 576 accipiunt
2797 509 3120 580 voluptatem
3143 513 3232 583 qui
3253 524 3379 569 sunt
3401 516 3622 581 divites.

2029 603 2281 664 quantam
2327 598 2494 652 animi
2538 601 2807 655 sustinent
2854 602 3226 672 aegritudinem
3273 622 3337 661 ex
3384 608 3448 662 iis
3497 626 3622 679 qua:

2026 687 2262 742 nondum
2311 689 2685 747 advenerunt?
2732 693 2864 748 Nam
2910 697 3000 765 qui
3041 695 3288 751 frumenti
3335 715 3622 755 mensuras

2024 779 2335 849 possidebat
2382 783 2690 839 innmueras
2717 826 2731 850 ,
2765 788 2935 856 magis
2973 787 3190 842 dolebat
3217 798 3269 844 et
3301 789 3622 860 ingemisce-

2023 872 2136 938 bat,
2164 889 2321 944 quam
2348 875 2440 945 qui
2469 876 2742 932 esuriebat
2766 894 2780 932 :
2803 887 2857 933 et
2883 875 2975 948 qui
3004 881 3364 934 necessarium
3397 881 3618 951 quidem

2024 964 2256 1022 habebat
2279 967 2614 1035 alimentum,
2639 970 3000 1026 coronabatur
3023 981 3078 1026 et
3103 973 3404 1028 exsultabat
3423 983 3480 1029 et
3505 976 3620 1030 Deo

2023 1058 2216 1127 agebat
2233 1060 2462 1129 gratias;
2489 1061 2578 1130 qui
2601 1069 2778 1116 autem
2803 1069 2911 1117 tam
2933 1063 3095 1118 multa
3121 1064 3448 1134 possidebat,
3470 1081 3618 1137 aegre

2022 1146 2250 1214 ferebat,
2273 1159 2328 1204 et
2349 1165 2408 1204 se
2429 1151 2652 1220 periisse
2672 1153 3033 1208 existimabat.
3059 1153 3173 1208 Non
3194 1165 3278 1210 est
3297 1171 3425 1227 ergo
3441 1158 3612 1213 abun-

2021 1239 2202 1296 dantia
2230 1258 2347 1312 quae
2372 1242 2539 1298 efficit
2567 1244 2917 1316 voluptatem,
2952 1247 3047 1302 sed
3076 1264 3228 1304 mens
3254 1250 3616 1322 pltilOSOphitc

2020 1332 2220 1389 dedita.
2249 1333 2380 1389 Nam
2406 1335 2608 1407 absque
2632 1352 2694 1392 ea
2720 1338 2929 1394 etiamsi
2959 1339 3220 1410 quiSpiam
3249 1343 3428 1397 omnia
3454 1359 3614 1398 accc-

2022 1424 2180 1495 perit,
2215 1433 2487 1496 tamquam
2512 1429 2761 1485 omnibus
2786 1432 3023 1501 privatus
3046 1432 3307 1489 efficietur
3326 1443 3382 1490 et
3405 1435 3615 1491 lamen-

2023 1516 2242 1572 tabitur.
2275 1518 2372 1574 llic
2399 1520 2565 1587 enim,
2598 1520 2666 1576 de
2691 1537 2798 1592 quo
2828 1538 2970 1579 nunc
2995 1525 3188 1595 agitur,
3216 1527 3424 1582 etiamsi
3457 1538 3615 1583 tanto

2019 1618 2221 1678 quanto
2264 1611 2524 1666 voluisset
2568 1615 2742 1682 pretio
2787 1617 3115 1673 vendidisset
3160 1635 3279 1688 qua:
3328 1618 3610 1687 habebat,

2017 1717 2200 1759 rursus
2242 1704 2504 1761 doluisset
2535 1708 2678 1778 quod
2716 1723 2822 1764 non
2865 1709 3033 1780 pluris
3072 1712 3404 1768 vendidisset
3433 1734 3446 1769 :
3473 1724 3530 1768 et
3557 1716 3610 1769 si

2019 1795 2187 1864 pluris
2215 1797 2514 1866 potuisset,
2544 1814 2728 1854 rursus
2758 1800 2916 1856 aliam
2944 1803 3278 1872 quaesivisset
3305 1820 3607 1874 exsupera-

2020 1889 2218 1942 tionem
2245 1904 2260 1942 :
2287 1897 2341 1943 et
2365 1891 2409 1944 si
2438 1890 2674 1945 modium
2707 1906 2814 1946 uno
2839 1907 3003 1947 aureo
3032 1894 3484 1962 venumdedisset,
3515 1896 3607 1952 hic

2017 1994 2229 2050 quoque
2278 1997 2466 2036 rursus
2512 1983 2674 2038 animi
2723 1985 3038 2054 aegritudine
3086 1984 3272 2041 fuisset
3312 1987 3601 2056 laceratus,

2017 2071 2161 2140 quod
2190 2087 2296 2126 non
2322 2072 2455 2127 tanti
2477 2071 2669 2128 fuisset
2689 2074 3057 2130 semimodius.
3085 2075 3139 2131 Si
3163 2086 3336 2132 autem
3359 2077 3427 2133 ab
3448 2080 3606 2134 initio

2017 2177 2126 2216 non
2163 2164 2291 2217 tanti
2324 2162 2423 2218 fuit
2454 2165 2680 2234 pretium
2705 2207 2719 2230 ,
2753 2181 2822 2221 ne
2848 2167 3078 2221 mireris.
3121 2167 3254 2222 Nam
3280 2179 3332 2223 et
3358 2171 3446 2240 qui
3475 2182 3605 2225 sunt

2015 2255 2172 2320 ebrii,
2203 2271 2309 2311 non
2332 2258 2400 2311 ab
2422 2258 2574 2312 initio
2599 2259 2972 2327 incenduntur,
2995 2260 3088 2315 sed
3110 2276 3228 2316 cum
3255 2263 3421 2317 multo
3448 2280 3607 2320 mero

2015 2346 2218 2402 fuerint
2244 2348 2469 2418 impleti,
2502 2359 2629 2404 tunc
2649 2350 2950 2419 graviorem
2975 2352 3277 2407 accendunt
3303 2353 3590 2426 flammam.

2015 2438 2157 2509 Ergo
2182 2439 2270 2494 isti
2297 2454 2510 2510 quoque
2534 2455 2641 2510 quo
2667 2440 2818 2510 plura
2866 2442 3062 2497 fuerint
3098 2443 3398 2514 complexi,
3436 2427 3504 2500 eo
3544 2447 3602 2500 in

2013 2529 2204 2600 majori
2245 2538 2370 2585 sunt
2405 2530 2580 2601 inopia
2608 2549 2620 2585 :
2644 2541 2696 2586 et
2726 2533 2816 2602 qui
2841 2533 2991 2603 plura
3022 2533 3330 2598 lucrantur,
3363 2535 3397 2588 ii
3426 2537 3600 2605 magis

2012 2631 2189 2694 egent.
2221 2622 2347 2678 Haec
2369 2633 2546 2679 autem
2566 2640 2597 2680 a
2619 2639 2706 2680 me
2732 2640 2836 2680 non
2861 2626 3032 2680 solum
3061 2627 3134 2680 illi
3161 2627 3300 2682 dicta
3326 2638 3468 2692 sunt,
3498 2629 3596 2684 sed

2012 2718 2299 2788 unicuique
2327 2732 2513 2774 eorum
2538 2720 2628 2790 qui
2654 2719 2759 2775 hoe
2781 2720 2970 2775 morbo
2997 2721 3257 2788 labOrant,
3287 2731 3341 2778 et
3367 2739 3598 2778 annona:

2013 2811 2241 2881 pretium
2273 2822 2484 2883 augent,
2513 2814 2863 2886 proximoque
2890 2825 3178 2886 procurant
3204 2830 3594 2888 paupertatem.

2013 2903 2362 2974 Benignitatis
2389 2905 2532 2960 enim
2562 2914 2617 2960 et
2643 2906 2988 2962 humanitatis
3019 2923 3279 2977 nusquam
3311 2909 3447 2979 apud
3475 2910 3597 2964 illos

2012 3004 2096 3050 est
2118 2996 2253 3052 ratio
2272 3014 2286 3064 ;
2310 2997 2404 3052 sed
2427 2997 2622 3068 ubique
2645 2999 2884 3068 pecunia:
2899 3015 3052 3054 amor
3068 3001 3331 3055 venalium
3351 3011 3601 3072 tempore

2012 3088 2210 3144 multos
2233 3090 2496 3159 exagitat,
2533 3105 2595 3144 ac
2622 3089 2948 3147 frumentum
2977 3100 3030 3147 ct
3055 3094 3234 3148 vinum
3265 3093 3351 3148 ille
3374 3094 3595 3165 quidem

2012 3181 2195 3248 citius,
2217 3180 2302 3236 hic
2320 3196 2449 3237 vero
2464 3182 2646 3237 vendit
2668 3183 2866 3238 tardius
2887 3200 2902 3249 ;
2928 3192 3114 3239 neuter
3129 3197 3306 3240 autem
3324 3185 3392 3240 ob
3411 3200 3598 3240 curam

2013 3288 2171 3344 quam
2201 3271 2428 3343 publica:
2454 3274 2529 3328 rei
2555 3283 2725 3344 gerat,
2754 3274 2848 3329 sed
2881 3274 2971 3330 ille
2997 3274 3212 3346 quidem
3245 3284 3299 3330 ut
3332 3275 3478 3344 plura
3505 3291 3597 3331 ae-

2013 3367 2201 3436 cipiat,
2231 3364 2318 3420 hic
2342 3374 2520 3420 autem
2549 3381 2618 3420 ne
2645 3366 2892 3436 pauciora
2910 3407 2924 3431 ,
2953 3365 3030 3421 sic
3058 3375 3262 3421 mutato
3291 3366 3485 3422 fructu.

2085 3457 2368 3511 Avarorum
2403 3456 2910 3511 tenacitas.—Nam
2949 3458 3200 3527 quoniam
3241 3458 3421 3528 plures
3460 3458 3600 3527 legis

2015 3550 2110 3606 Dei
2151 3564 2401 3620 magnam
2448 3565 2556 3604 non
2588 3548 2845 3604 habentes
2874 3549 3136 3605 rationem
3159 3592 3174 3615 ,
3206 3551 3382 3604 omnia
3415 3559 3600 3604 tenent

2013 3642 2158 3697 intus
2185 3641 2389 3696 inclusa
2416 3658 2431 3707 ;
2479 3641 2637 3697 aliter
2663 3657 2758 3697 eos
2787 3641 2929 3698 Deus
2957 3641 3228 3697 adducens
3256 3641 3324 3697 ad
3353 3642 3599 3712 benigni-

2014 3741 2178 3788 tatem
2221 3743 2277 3788 et
2303 3733 2684 3788 humanitatem
2705 3774 2721 3801 ,
2763 3741 2822 3788 ut
2847 3735 2928 3789 vel
2959 3749 3024 3789 ex
3054 3733 3368 3789 necessitate
3393 3733 3598 3805 aliquid

2014 3824 2142 3880 boni
2162 3823 2379 3892 faciant,
2398 3825 2616 3895 majoris
2637 3825 2818 3880 damni
2841 3824 3011 3896 injicit
3026 3835 3227 3880 metum
3251 3843 3265 3880 :
3287 3841 3390 3880 non
3412 3826 3600 3881 sitiens

2013 3915 2067 3972 in
2096 3915 2326 3971 multum
2357 3925 2566 3986 tempus
2592 3915 2786 3972 durare
2808 3918 3013 3971 fructus
3034 3926 3207 3983 terra,
3236 3926 3292 3972 ut
3311 3917 3502 3974 saltem
3530 3934 3598 3973 ex

2011 4024 2201 4065 eorum
2231 4011 2579 4080 corruptione
2623 4009 2874 4064 damnum
2921 4010 3204 4077 timentes,
3235 4026 3296 4066 ea
3329 4011 3414 4067 vel
3446 4012 3596 4066 inviti

2014 4102 2228 4158 tradant
2255 4103 2563 4172 egentibus,
2605 4118 2724 4172 qua:
2762 4103 2908 4159 domi
2948 4103 3144 4158 infossa
3177 4104 3315 4159 male
3357 4115 3595 4160 servant.

2016 4196 2211 4250 Verum
2255 4203 2374 4266 post
2415 4194 2528 4250 lucc
2571 4196 2732 4252 etiam
2775 4206 2898 4252 sunt
2935 4197 3149 4266 quidam
3179 4197 3313 4253 adeo
3353 4199 3598 4267 inexple-

2013 4289 2171 4354 biles,
2195 4299 2252 4344 ut
2273 4305 2339 4344 ne
2360 4289 2484 4346 hinc
2503 4287 2715 4360 quidem
2739 4289 3085 4360 castigentur.
3103 4288 3248 4344 Multi
3269 4300 3415 4345 certe
3436 4293 3600 4346 etiam

2013 4381 2218 4452 integra
2257 4380 2398 4436 dolia
2443 4380 2851 4448 cxinanierunt,
2894 4390 2948 4437 et
2986 4395 3054 4436 ne
3090 4381 3340 4453 cyathum
3379 4383 3600 4452 quidem

2013 4473 2233 4544 pauperi
2262 4473 2522 4530 dederunt
2543 4513 2558 4536 ,
2590 4487 2688 4528 nec
2713 4473 2956 4543 pecunia:
2986 4473 3251 4527 tantillum
3280 4476 3595 4543 egentibus,

2013 4575 2221 4622 acetum
2255 4575 2431 4621 autem
2463 4581 2527 4622 ex
2555 4567 2680 4622 vino
2710 4565 2908 4622 factum
2938 4576 3104 4622 totum
3137 4567 3278 4621 humi
3307 4568 3558 4636 jecerunt
3579 4607 3598 4633 ,

2013 4657 2263 4728 doliaque
2307 4672 2402 4712 sua
2447 4657 2607 4712 simul
2647 4672 2767 4712 cum
2797 4658 2920 4713 vino
2947 4671 3252 4727 corrupere.
3281 4658 3384 4713 Alii
3417 4667 3596 4714 autem

2013 4767 2201 4808 rursus
2231 4767 2351 4808 cum
2383 4768 2450 4808 ne
2474 4752 2631 4807 offam
2659 4751 2878 4822 quidem
2903 4751 3159 4806 esurienti
3189 4752 3596 4820 impertiissent,

2014 4846 2252 4916 integras
2283 4843 2532 4900 frumenti
2573 4858 2762 4913 capsas
2805 4845 2857 4898 in
2890 4843 3102 4897 fluvium
3132 4843 3476 4913 projecerunt
3501 4860 3516 4897 :
3543 4854 3598 4898 et

2013 4937 2265 5007 quoniam
2295 4936 2461 4990 Dcttm
2487 4949 2596 4989 non
2625 4935 2908 4990 audierunt
2927 4933 3203 5005 jubentem
3230 4934 3359 4988 dare
3385 4937 3593 5004 egenis,

2009 5029 2230 5100 jubente
2256 5029 2396 5083 tinea
2418 5027 2502 5082 vel
2529 5027 2678 5082 inviti
2704 5025 2957 5097 quidquid
2985 5035 3102 5080 erat
3128 5027 3269 5080 intus
3293 5025 3600 5080 effuderunt

2013 5121 2080 5176 ad
2109 5122 2330 5177 exitium
2358 5130 2413 5176 et
2441 5130 2738 5175 extremum
2780 5119 3053 5173 interitmn
3080 5159 3095 5183 ,
3130 5118 3353 5172 multum
3380 5117 3595 5187 quidem

2013 5216 2222 5281 risum,
2265 5214 2460 5268 multas
2505 5222 2682 5267 autem
2731 5211 3130 5266 exsecrationes
3157 5209 3209 5263 in
3238 5224 3395 5263 suum
3439 5219 3599 5276 caput

2013 5307 2172 5362 simul
2199 5321 2319 5361 cum
2361 5306 2462 5360 hoc
2492 5304 2690 5360 damno
2716 5301 3067 5358 attrahentes.
3100 5299 3167 5354 Et
3193 5315 3314 5369 qua:
3348 5299 3435 5354 hic
3473 5301 3596 5370 qui-

2009 5401 2134 5456 dem
2165 5399 2297 5454 liunt
2325 5406 2451 5453 sunt
2488 5397 2752 5467 ejusmodi
2785 5414 2799 5450 :
2829 5411 2946 5463 qua:
2971 5405 3147 5450 autem
3177 5393 3318 5458 illic,
3349 5409 3592 5464 quamam

2011 5492 2290 5562 explicarit
2319 5491 2540 5545 oratio?
2586 5489 2735 5546 Sicut
2777 5489 2918 5544 enim
2949 5487 3033 5543 isti
3064 5503 3093 5541 a
3124 5488 3267 5541 tinea
3295 5501 3514 5541 exesum
3540 5496 3595 5540 et

2012 5583 2198 5637 inutile
2245 5581 2510 5637 redditum
2551 5580 2878 5634 frumentum
2920 5579 2972 5632 in
3013 5579 3201 5633 ﬂuvios
3245 5577 3445 5646 jaciunt
3474 5593 3488 5630 :
3515 5577 3594 5631 sic

2010 5687 2105 5728 eos
2127 5673 2213 5744 qui
2241 5672 2356 5727 haec
2383 5672 2646 5738 fecerunt,
2675 5681 2893 5742 propter
2915 5669 3017 5724 hoc
3043 5670 3212 5740 ipsum
3236 5667 3449 5722 inutiles
3473 5665 3595 5721 red-

2011 5766 2174 5835 ditos,
2201 5765 2416 5836 projicit
2443 5765 2584 5823 Deus
2614 5766 2667 5821 in
2694 5764 2911 5822 ﬂuvium
2944 5763 3100 5835 ignis.
3129 5762 3274 5819 Sicut
3302 5761 3448 5819 enim
3476 5759 3590 5816 ltu-
