3802 6214
195 277 280 336 313
1140 264 1205 327 ΙΝ
1245 263 1458 329 EPIST.
1492 273 1511 327 l
1572 273 1663 328 AD

1802 272 1859 332 Β.
1910 274 2152 333 MOMIL.
2193 277 2433 335 XXXIX.

177 386 483 453 πλουτοῦντα,
532 388 1019 461 δορυφορούμενον.
1073 389 1310 454 κόλακας
1352 390 1541 462 ἔχοντα
1576 390 1706 443 πολ-

178 480 296 544 λοὺς,
345 478 412 550 μὴ
462 481 798 551 καταπέσῃς,
871 481 1009 536 ἀλλά
1074 481 1351 550 στέναξον,
1415 482 1704 554 δάκρυσον,

173 569 509 642 παρακάλεσον
553 571 642 624 τὸν
675 572 828 637 Θεὸν,
859 573 999 627 ὥστε
1039 572 1204 627 αὑτὸν
1244 574 1325 636 εἰς
1357 574 1483 639 τοὺς
1519 574 1706 643 φίλους

170 661 448 728 κατατάξαι·
476 663 570 716 καὶ
595 665 705 736 ὅσῳ
728 663 793 718 ἂν
818 661 879 719 εὖ
909 666 1125 738 πράττῃ
1145 665 1335 736 ἐχθρὸς
1353 664 1449 728 ὣν,
1466 663 1705 736 τοσούτῳ

168 750 306 808 αὑτὸν
330 752 516 823 μᾶλλον
547 754 839 825 πένθησον.
872 756 1011 818 Τοὺς
1055 756 1164 827 γὰρ
1219 755 1575 827 ἁμαρτωλοὺς
1617 756 1704 809 ἀεὶ

170 847 255 918 μὲν
290 844 487 916 θρηνεῖν
517 845 618 911 δεῖ,
663 846 897 916 μάλιστα
945 847 1002 900 δὲ
1039 848 1168 901 ὅταν
1208 847 1301 901 καλ⁸
1339 846 1566 902 πλούτου
1610 847 1703 901 καὶ

162 936 339 1005 πολλῆς
364 936 700 991 ἀπολαύωσιν
723 938 1044 1009 εὐημερίας,
1070 938 1321 1010 καθάπερ
1341 938 1467 1001 τοὺς
1486 936 1697 993 νοσοῦν-

161 1044 264 1092 τας,
288 1026 403 1078 ὅταν
427 1026 827 1099 γαστρίζωνται
862 1030 958 1082 καὶ
986 1028 1277 1099 μεθῦωσιν.
1327 1015 1465 1083 Ἀλλ’
1491 1029 1597 1083 εἰσί
1621 1046 1702 1083 τι·

158 1138 256 1185 νες,
290 1120 335 1173 οἰ
369 1122 456 1174 καὶ
492 1122 697 1175 τούτων
743 1123 1031 1184 ἀκούοντες
1064 1123 1173 1176 τῶν
1212 1122 1492 1195 ῥημάτων,
1527 1122 1702 1186 οὕτως

154 1211 333 1275 ἀθλίως
368 1212 685 1277 διάκεινται,
723 1214 799 1277 ώς
835 1214 1113 1278 στενάζειν
1142 1214 1227 1281 ἐφ’
1258 1214 1472 1278 ἑαυτοῖς
1506 1206 1700 1282 πικρὸν

154 1306 239 1359 καὶ
263 1304 448 1375 λέγειν,
483 1307 564 1359 δτι
595 1306 858 1375 Δακρύων
889 1307 1037 1372 ἄξιος
1084 1306 1196 1375 ἐγὼ
1244 1310 1273 1361 6
1329 1308 1496 1378 μηδὲν
1535 1308 1696 1377 ἔχων.

151 1396 330 1460 Καλῶς
365 1392 535 1460 εἶπες,
575 1397 633 1450 '0
671 1398 837 1469 μηδὲν
883 1400 1041 1469 ἔχων,
1076 1401 1177 1453 οὐκ
1210 1399 1396 1470 ἐπειδὴ
1428 1399 1527 1452 οὐκ
1554 1399 1699 1470 ἔχεις

149 1487 277 1559 άπερ
300 1490 512 1553 ἐκεῖνος,
546 1490 659 1544 ἀλλ’
691 1491 877 1561 ἐπειδὴ
905 1491 1239 1563 μακαριστὸν
1264 1491 1325 1544 τὸ
1355 1492 1587 1562 πρᾶγμα
1613 1508 1700 1544 νοά

146 1582 313 1651 μίξεις
337 1594 357 1611 τ
396 1582 474 1634 διὸ
518 1582 613 1635 καὶ
646 1581 851 1653 μυρίων
882 1583 1030 1649 ἄξιος
1058 1583 1124 1637 ἂν
1158 1582 1277 1653 εῐης
1312 1583 1545 1653 θρήνων.
1587 1584 1698 1637 Καὶ

142 1670 242 1740 γάρ
277 1670 328 1721 εί
352 1687 430 1734 τις
458 1672 514 1722 ἐν
537 1671 695 1743 ὑγείᾳ
730 1671 837 1735 ξῶν
863 1670 1159 1743 μακαρίζοι
1191 1672 1282 1725 τὸν
1310 1670 1698 1742 ἀρρωστοῦντα

138 1759 226 1812 καὶ
250 1759 306 1810 ἐν
329 1758 538 1829 μαλακῇ
564 1762 819 1830 στρωμνῇ
848 1760 1263 1831 κατακείμενον,
1287 1761 1494 1813 ἐκείνου
1518 1760 1696 1831 πολλῷ

134 1850 491 1921 ταλαιπωρότε
499 1868 588 1922 ρος
613 1852 704 1904 καὶ
720 1851 1047 1919 ἀθλιώτερος
1064 1846 1239 1916 οὗτος,
1257 1854 1338 1906 ὅτι
1361 1852 1467 1905 τῶν
1482 1853 1695 1906 οἰκείων

130 1942 345 2011 ἀγαθῶν
372 1944 623 2014 οὐδεμίαν
662 1944 913 2015 αἴσθησιν
947 1945 1082 2015 ἔχει.
1123 1946 1187 1999 Ὅ
1228 1945 1292 2014 δὴ
1328 1946 1421 1998 καὶ
1449 1946 1541 1998 ἐπὶ
1574 1946 1697 1999 τού-

126 2050 230 2088 των
284 2033 426 2087 ἐστιν
475 2035 602 2089 ἰδεῖν
650 2035 983 2106 συμϐαῖνον·
1014 2036 1139 2089 ὅθεν
1190 2036 1283 2089 καὶ
1325 2037 1353 2088 6
1387 2034 1499 2105 βίος
1539 2036 1695 2106 ἡμῶν

126 2128 267 2190 ἄπας
298 2128 625 2198 συγκέχυται
655 2128 748 2181 καὶ
772 2128 1126 2197 τετάρακται.
1158 2126 1343 2180 Ταῦτα
1372 2126 1480 2197 γάρ
1505 2128 1572 2180 τά
1595 2128 1695 2199 ῥή-

126 2233 269 2287 ματα
320 2216 544 2286 μυρίους
589 2216 858 2282 ἀπώλεσε,
891 2217 985 2270 καὶ
1022 2216 1100 2287 τῷ
1129 2203 1357 2287 διαϐόλῳ
1393 2217 1690 2286 προέδωκε,

125 2308 207 2360 καί
252 2306 362 2359 τῶν
405 2306 548 2378 λιμῷ
592 2308 908 2378 τηκομένων
960 2308 1359 2379 ἐλεεινοτέρους
1411 2308 1688 2378 ἐποίησεν.

126 2401 237 2452 ὀτι
259 2398 371 2469 γὰρ
390 2398 542 2453 οίτοῦ
567 2399 809 2464 πλείονος
838 2399 1134 2470 ἐφιέμενοι,
1153 2394 1301 2453 οὗτοι
1320 2399 1537 2453 καὶτῶν
1564 2416 1693 2471 προ·

125 2490 442 2545 ταιτούντων
458 2492 595 2546 εἰσὶν
612 2492 953 2563 ἀθλιώτεροι,
978 2493 1072 2547 ἀτε
1092 2492 1187 2546 καὶ
1210 2493 1415 2563 μείζονι
1442 2493 1538 2545 καὶ
1575 2492 1691 2562 δρι-

125 2583 331 2655 ιυτέρᾳ
352 2584 557 2655 ἀθυμίᾳ
591 2584 797 2638 τούτων
824 2586 1198 2657 κατεχόμενοι,
1228 2586 1387 2657 δῆλον
1414 2586 1686 2643 ἐντεῦθεν.

172 2677 404 2747 Αύχμδς
436 2676 705 2730 κατέλαϐέ
745 2694 875 2730 ποτε
918 2678 1017 2749 τὴν
1056 2679 1209 2731 πόλιν
1248 2680 1348 2751 τὴν
1390 2680 1688 2751 ἡμετέραν,

125 2772 197 2824 ια).
225 2770 439 2832 πάντες
469 2770 698 2841 ἔτρεμον
732 2769 873 2841 ὑπὲρ
892 2769 999 2823 τῶν
1027 2771 1288 2841 ἐσχάτων,
1316 2773 1408 2825 καὶ
1439 2773 1529 2826 τὸν
1557 2774 1690 2827 Θεὸν

125 2861 455 2934 παρεκάλουν
487 2862 645 2916 λῦσαι
666 2863 815 2916 τουτί
832 2863 893 2916 τὸ
924 2862 1061 2928 δέος·
1093 2864 1189 2917 καὶ¹
1213 2860 1282 2936 ἦν
1313 2865 1439 2918 ἰδεῖν
1476 2865 1597 2918 τότε
1628 2865 1691 2919 τὸ

133 2955 204 3007 πὸ
234 2954 526 3018 Μωῦσέως
551 2952 858 3024 εἰρημένον,
889 2954 1126 3024 χαλκοῦν
1153 2955 1245 3008 τὸν
1277 2957 1336 3009 o6
1347 2956 1505 3027 ρανόν
1532 2974 1691 3026 γεγε-

125 3049 364 3117 ημένον,
407 3050 499 3101 καὶ
540 3047 768 3101 θάνατον
802 3048 909 3100 τῶν
950 3048 1205 3102 ἀπάντων
1246 3048 1492 3103 θανάτων
1533 3050 1692 3120 χαλε-

126 3138 360 3209 τώτερον
400 3137 523 3190 καθ’
552 3138 789 3207 ἐκάστην
824 3136 1275 3208 προσδοκώμενον
1310 3138 1408 3209 τὴν
1452 3142 1685 3211 ἡμέραν.

125 3227 250 3280 HOC
280 3227 532 3298 ὕστερον,
560 3227 719 3292 δόξαν
755 3227 831 3299 τῷ
860 3228 1228 3300 φιλανθρώπῳ
1267 3229 1407 3301 Θεῷ,
1446 3232 1574 3302 παρ’
1602 3232 1691 3284 έλ-

126 3324 218 3374 ίδα
248 3322 481 3376 ἃπασαν
516 3322 684 3386 πολὺς
718 3322 1053 3393 κατεφέρετο
1090 3322 1186 3377 καὶ
1226 3323 1452 3396 ἄπειρος
1483 3327 1689 3382 ἄνωθεν

125 3418 267 3479 ετὸς,
325 3416 425 3467 καὶ
465 3415 665 3480 πάντες
705 3418 762 3469 ἐν
798 3415 1101 3487 πανηγύρει
1136 3418 1231 3471 καὶ
1275 3419 1437 3491 ἑορτῇ
1482 3419 1686 3486 λοιπὸν,

125 3524 173 3559 τε
220 3506 291 3571 ἐξ
346 3506 527 3558 αὐτῶν
563 3503 863 3567 ἀναϐάντες
905 3505 1015 3559 τῶν
1061 3506 1155 3559 τοῦ
1195 3508 1427 3563 θανάτου
1481 3510 1683 3567 πυλῶν.
1734 3546 1751 3561 .

125 3596 240 3669 $76]
283 3597 437 3650 Ἀλλ’
457 3599 514 3649 ἐν
532 3596 803 3661 τοσούτοις
827 3597 1052 3664 ἀγαθοῖς
1082 3598 1174 3652 καὶ
1196 3602 1259 3670 τῇ
1284 3603 1433 3671 κοινῇ
1468 3603 1688 3657 πάντων

133 3686 438 3757 φροσύνῃ,
469 3686 576 3746 τῶν
614 3686 1061 3751 ζαπλουτούντων
1090 3707 1175 3754 τις
1208 3691 1416 3745 τούτων
1460 3695 1686 3763 στυγνὸς

125 3781 163 3832 ι“ι
192 3780 497 3850 κατηφὴς,
526 3779 913 3851 ἀποτεθνηκὼς
940 3780 1046 3834 ὑπὸ
1069 3783 1167 3853 τῆς
1187 3783 1426 3855 ἀθυμίας
1448 3787 1683 3860 περιῄει,

125 3873 159 3923 μὶ
198 3870 446 3923 πολλῶν
476 3870 574 3941 τὴν
599 3871 778 3925 αἰτίαν
812 3873 1252 3945 πυνθανομένων.
1284 3873 1353 3929 δι’
1407 3877 1475 3949 ἣν
1516 3878 1575 3931 ἐν
1615 3883 1682 3951 τῇ

126 3967 227 4035 ινῇ
285 3963 525 4017 πάντων
569 3964 873 4035 ἀνθρώπων
917 3967 1078 4037 ἡδονῇ
1126 3968 1285 4039 μόνος
1340 3970 1515 4039 ἀλγεῖ,
1566 3973 1685 4027 οὑδὲ

128 4059 402 4128 τασχεῖν
432 4055 578 4108 ἔνδον
610 4057 795 4125 ίσχυσε
822 4057 884 4110 τὸ
908 4058 1141 4128 χαλεπὸν
1166 4060 1323 4115 τοῦτο
1351 4063 1544 4130 πάθος,
1568 4063 1684 4118 ἀλλ’

126 4150 162 4201 ’ὃ
203 4150 333 4219 τῆς
368 4146 683 4219 τυραννίδος
713 4148 809 4201 τοῦ
840 4150 1144 4220 νοσήματος
1189 4152 1566 4223 κεντούμενος,
1605 4158 1686 4219 εἰς

125 4258 234 4294 σον
276 4240 564 4308 ἐξήνεγκε
595 4238 692 4311 τὴν
717 4239 917 4294 αἰτίανο
950 4242 1135 4313 Μυρία
1168 4244 1276 4314 γὰρ
1315 4245 1487 4318 μέτρα
1535 4247 1682 4300 σίτου

125 4354 235 4405 ιτη
248 4335 463 4406 μένος,
505 4334 690 4404 φησὶν,
728 4335 827 4388 οὐκ
869 4333 975 4405 ἔχω
1027 4335 1146 4399 πῶς
1198 4336 1469 4409 διάθωμαι
1510 4339 1683 4394 ταῦτα

126 4422 443 4497 πόν.τΑρ’
472 4421 566 4479 οὖν
589 4425 782 4478 τοῦτον
813 4426 1214 4499 μακαριοῦμεν,
1246 4429 1369 4481 εἰπέ
1398 4447 1510 4501 μοι,
1542 4432 1683 4503 ὑπὲρ

133 4537 278 4573 των
333 4516 457 4571 τῶν
500 4516 781 4588 ῥημάτων,
812 4518 951 4590 ὑπὲρ
980 4514 1056 4573 ὧν
1090 4519 1483 4575 καταλεύεσθαι
1519 4525 1683 4577 αὑτὸν

125 4632 170 4677 ι,
202 4610 331 4664 τὸν
362 4608 557 4679 θηρίου
583 4610 783 4673 παντὸς
807 4610 1104 4683 ὠμότερον,
1131 4612 1223 4665 τὸν
1245 4613 1424 4667 κοινὸν
1454 4615 1678 4687 ἐχθρόν;

128 4705 395 4771 λέγεις,
423 4700 678 4771 ἄνθρωπε
700 4719 713 4766 ;
737 4703 919 4772 ἀλγεῖς
946 4704 1027 4757 ὅτι
1054 4705 1129 4775 μὴ
1158 4706 1355 4770 πάντες
1378 4706 1678 4774 ἀπώλοντο,

168 4796 263 4850 σὺ
316 4794 649 4865 συναγάγῃς
679 4794 935 4865 χρυσίον;
971 4796 1070 4849 οὐκ
1100 4797 1343 4868 ἤκουσας
1380 4798 1434 4851 τί
1460 4817 1624 4870 φησιν
1652 4802 1681 4853 6

126 4883 373 4955 ομῶν,
429 4883 484 4935 ’0
534 4883 893 4951 τιμιουλκῶν
924 4884 1116 4952 σῖτον,
1159 4887 1679 4958 δημοκατάρατος;

125 4976 165 5029 ὰ
241 4973 554 5045 περιέρχῃ
605 4974 782 5038 κοινὸς
824 4975 1018 5047 ἐχθρὸς
1060 4976 1168 5029 τῶν
1209 4981 1305 5050 τῆς
1355 4982 1682 5053 οἰκουμένης

131 5069 320 5133 Οῶν,
363 5070 463 5122 καὶ
490 5072 556 5140 τῇ
587 5068 864 5141 φιλοτιμίᾳ
884 5071 976 5123 τοῦ
1000 5072 1270 5126 Δεσπότου
1296 5074 1395 5145 τῆς
1425 5076 1679 5145 οἰκουμέ-

144 5159 502 5228 πολέμιος,
531 5161 626 5213 καὶ
652 5160 747 5213 τοῦ
781 5164 1018 5232 μαμωνᾶ
1051 5163 1222 5233 φίλος,
1247 5165 1446 5235 μᾶλλον
1475 5167 1533 5219 δε
1555 5166 1679 5220 δοῦ-

125 5274 132 5317 ;
175 5253 288 5307 Οὐ
325 5250 456 5322 γὰρ
484 5254 785 5323 ἐκκοπῆναι
813 5253 911 5325 τὴν
938 5254 1184 5322 γλῶτταν
1211 5257 1426 5327 ἐκείνην
1448 5258 1586 5322 ἔδεις
1615 5260 1678 5313 06

165 5342 539 5414 σϐεσθῆναι
576 5343 677 5415 τὴν
712 5345 937 5415 καρδίαν
968 5345 1066 5417 τὴν
1103 5349 1277 5401 ταῦτα
1313 5348 1579 5403 τεκοῦσαν
1611 5352 1681 5405 τά

126 5452 287 5488 aea
317 5448 340 5495 ξ

142 5571 159 5580 -
216 5521 433 5589 Εἶδες
462 5527 578 5590 πῶς
609 5527 708 5580 οὐκ
742 5526 965 5598 ἀφίησιν
1012 5528 1333 5600 ἀνθρώπους
1368 5528 1507 5586 εἶναι
1553 5534 1679 5597 τοὺς

125 5622 424 5687 ιιῖυ-τους
466 5620 526 5672 τὲ
556 5620 799 5691 χρυσίον,
828 5620 963 5674 άλλά
990 5622 1150 5694 θηρία
1182 5625 1275 5676 καὶ
1294 5623 1579 5695 δαίμοναςς
1612 5627 1676 5678 Τί

152 5712 256 5764 ἂν
306 5707 530 5762 τούτου
570 5711 741 5775 γένοιτ
790 5711 854 5765 ἂν
888 5710 1243 5783 ἐλεεινότερον
1272 5714 1366 5767 τοῦ
1399 5716 1670 5785 πλουσίου,

3293 282 3398 343 ειι

1820 390 1918 444 τοῦ
1948 392 2072 446 καθ’
2102 394 2338 466 ἑκάστην
2367 394 2580 467 ἡμέραν
2605 396 2899 468 εὐχομένου
2938 398 3189 465 γενέσθαι
3219 400 3397 472 λιμὸν,
3422 390 3430 467 Ι

1822 485 1910 538 ἴνα
1938 484 2087 561 αὐτῷ
2119 487 2345 557 γένηται
2389 488 2647 558 χρυσίον;
2687 490 2798 544 Καὶ
2834 490 2942 562 γάρ
2975 493 3053 556 εἰς
3093 471 3429 549 τούναντίον.

1818 574 1968 656 αύτῷ
2003 575 2065 629 τὸ
2100 577 2271 642 πάθος
2320 578 2667 649 περιίσταται
2686 578 2893 634 λοιπόνο
2921 581 3041 655 οὐδὲ
3078 583 3185 655 γὰρ
3219 586 3401 656 χαίρει

1817 652 1882 737 τῇ
1910 667 2145 740 ἀφθονίᾳ
2188 669 2287 739 τῆς
2312 669 2419 723 τῶν
2449 671 2679 741 καρπῶν
2707 652 2973 744 κτήσεως.
3007 652 3251 729 ἀλλεδὲ
3269 652 3402 730 αιτδ

1815 759 1915 829 μὲν
1964 755 2057 813 οῦν
2107 759 2267 814 τοῦτο
2315 760 2470 829 ἀλγεῖ
2499 760 2703 827 λοιπὸν,
2736 762 2818 815 ὃτι
2860 762 3064 834 ἄπειρα
3110 764 3395 837 κέκτηται.

1812 848 2004 903 Καίτοι
2031 850 2122 903 τὸν
2155 850 2325 904 πολλὰ
2364 852 2701 924 κεκτημένον
2738 854 2950 926 χαίρειν
2990 854 3125 910 ἔδει·
3154 848 3309 922 οὗτος
3339 859 3396 911 δὲ
3448 912 3461 934 ⁸,

1810 938 1879 992 δι’
1922 940 2052 994 αὐτὸ
2096 941 2255 995 τοῦτο
2310 942 2529 1013 ἀθυμεῖ.
2573 943 2735 1015 Ὁρᾷς
2774 945 2873 1010 ὅτι,
2913 946 3051 1018 ὅπερ
3088 945 3293 1016 ἔλεγον,
3332 948 3395 1000 ού
3448 930 3466 934 γ’

1809 1030 2081 1103 τοσαύτην
2106 1031 2214 1085 ἀπὸ
2238 1032 2345 1086 τῶν
2372 1018 2657 1105 παρόντων
2692 1033 3028 1104 καρποῦνται
3068 1036 3168 1108 τὴν
3198 1037 3396 1109 ἡδονὴν

1808 1122 1858 1175 οἰ
1887 1122 2266 1187 πλουτοῦντες,
2300 1124 2431 1195 ὅσην
2471 1124 2580 1179 ἀπὸ
2616 1125 2726 1179 τῶν
2767 1110 2994 1199 μηδέπω
3022 1145 3389 1200 προσγεγενη-

1812 1212 1991 1284 μένων
2021 1214 2352 1285 ὑπομένουσι
2376 1200 2475 1287 τὴν
2497 1214 2767 1287 ἀθυμίαν;
2803 1216 2861 1269 Ὀ
2888 1218 2996 1289 γὰρ
3021 1219 3169 1271 σίτου
3196 1221 3387 1292 μυριά-

1806 1305 1905 1369 δας
1931 1306 2196 1376 ἀπείρους
2230 1308 2568 1378 κεκτημένος
2599 1309 2693 1362 τοῦ
2722 1310 3015 1373 πεινῶντος
3050 1311 3252 1381 μᾶλλον
3291 1313 3392 1383 ἡλ-

1806 1410 1895 1461 γει
1938 1395 2031 1448 καὶ
2070 1394 2277 1448 ἐστενε⁶
2307 1397 2402 1451 καὶ
2426 1398 2455 1449 6
2484 1396 2583 1467 μέν
2609 1396 2708 1469 τὴν
2743 1399 3053 1467 ἀναγκαίαν
3084 1400 3224 1469 ἔχων
3262 1419 3391 1471 τροι-

1809 1487 1917 1557 φὴν
1986 1473 2349 1557 ἐστεφανοῦτο
2390 1488 2484 1541 καὶ
2531 1489 2758 1559 ἐσκίρτα
2809 1490 2903 1542 καὶ
2942 1490 3265 1560 ηὐχαρίστει
3314 1493 3391 1561 τῷ

1806 1576 1945 1647 Θεῷ·
1976 1580 2004 1631 6
2031 1577 2087 1631 δὲ
2123 1578 2374 1633 τοσοῦτον
2403 1581 2737 1650 κεκτημένος
2775 1581 3125 1652 ἐδυσχέραινε
3162 1584 3253 1636 καὶ
3285 1584 3391 1637 ἀπο

1806 1664 2063 1719 ολωλέναι
2096 1667 2362 1736 ἐνόμιζεν.
2398 1668 2514 1721 οὐκ
2558 1669 2668 1740 ἄρα
2717 1671 3005 1741 περιουσία
3040 1674 3188 1728 ἐστὶν
3222 1675 3256 1745 ἡ
3288 1674 3390 1746 τὴν

1807 1758 2002 1830 ἡδονὴν
2036 1760 2287 1824 ποιοῦσα,
2330 1760 2465 1815 ἀλλά
2505 1761 2700 1835 γνώμη
2738 1763 3052 1834 φιλόσοφος’
3082 1767 3157 1829 ὡς
3186 1766 3388 1836 ταύτης

1806 1849 1955 1914 ἄνευ,
1990 1849 2093 1904 κᾶν
2119 1838 2187 1903 τά
2218 1852 2394 1905 πάντα
2428 1870 2512 1917 τις
2532 1852 2713 1906 λαϐὼν
2745 1853 2864 1926 ἔχῃ,
2891 1854 2968 1919 ὡς
2997 1856 3212 1910 πάντων
3239 1859 3391 1910 ἐστει

1808 1942 2042 2013 ρημένος
2090 1941 2233 1995 οὕτω
2265 1942 2603 1998 διακείσεται
2647 1946 2741 1997 καὶ
2779 1945 3059 2017 θρηνὴσει.
3104 1948 3258 2001 Ἐπεὶ
3291 1948 3388 2002 καὶ

1803 2025 1978 2095 οὗτος,
2031 2032 2161 2104 περὶ
2180 2025 2240 2085 οὗ
2267 2032 2360 2085 νῦν
2383 2034 2513 2103 ἡμῖν
2535 2035 2563 2086 6
2588 2033 2767 2101 λόγος,
2794 2035 2842 2087 εἰ
2873 2036 2968 2089 καὶ
2991 2036 3260 2109 τοσαύτης
3284 2040 3387 2093 ἀπ-

1803 2123 1953 2177 έδοτο
1986 2123 2151 2194 τιμῆς
2184 2124 2327 2195 ἅπερ
2350 2120 2516 2195 εἶχεν,
2542 2110 2675 2195 ὅσης
2709 2125 2980 2191 ἐϐούλετο,
3009 2128 3168 2183 πάλιν
3191 2130 3258 2184 ἂν
3289 2132 3378 2202 ἦλα

1802 2233 1973 2287 γησεν
1999 2217 2081 2270 ότι
2108 2216 2185 2287 μὴ
2212 2216 2478 2282 πλείονος,
2509 2218 2601 2271 καὶ
2630 2221 2677 2271 εἰ
2717 2218 2959 2282 πλείονος
2990 2220 3197 2291 ἴσχυσε,
3223 2222 3386 2276 πάλιν

1804 2308 1871 2362 ἂν
1904 2308 2098 2380 ἐτέραν
2140 2309 2406 2379 ἐζήτησεν
2457 2309 2786 2382 ὑπερϐολὴν,
2826 2311 2919 2364 καὶ
2951 2313 2999 2364 εί
3037 2312 3100 2365 τὸ
3127 2313 3387 2385 μέδιμνον

1802 2398 1921 2462 ἐνὸς
1941 2398 2165 2469 χρυσίου
2195 2399 2422 2464 διέθετο,
2446 2399 2726 2454 κάνταῦθα
2755 2399 3068 2455 διεκόπτετο
3096 2403 3258 2458 πάλιν
3280 2405 3385 2458 ὑπὸ

1800 2491 1901 2561 τῆς
1938 2492 2199 2563 ἀθυμίας,
2234 2493 2317 2545 ὅτι
2356 2493 2431 2563 μὴ
2461 2492 2520 2545 τὸ
2544 2492 2903 2565 ἡμιμέδιμνον
2923 2494 3179 2549 τοσούτου
3205 2480 3294 2567 ἦν.
3321 2498 3385 2550 El

1800 2581 1856 2637 δὲ
1879 2582 1955 2655 μὴ
1991 2584 2141 2655 παρά
2165 2584 2263 2654 τὴν
2301 2583 2475 2655 ἀρχὴν
2507 2582 2763 2661 τοσούτου
2797 2586 2830 2655 ἠ
2860 2585 3016 2657 τιμὴ,
3055 2587 3131 2659 μὴ
3168 2587 3383 2659 θαυμά-

1803 2692 1922 2750 σῃς
1959 2676 2081 2729 ἐπεὶ
2116 2674 2211 2729 καὶ
2238 2676 2288 2728 οἰ
2319 2675 2609 2745 μεθύοντες
2640 2676 2742 2729 οὐκ
2770 2676 2830 2743 ἐξ
2864 2678 3038 2749 ἀρχῆς
3070 2680 3384 2753 ἐμπίπραν-

1798 2785 1912 2834 ται,
1944 2767 2059 2821 ἀλλ’
2089 2768 2218 2821 ὅταν
2242 2765 2438 2819 πολλοῦ
2462 2766 2557 2819 τοῦ
2578 2767 2818 2838 ἀκράτου
2844 2769 3222 2842 ἐμφορηθῶσι,
3262 2773 3385 2827 τότε

1800 2857 2189 2929 χαλεπωτέραν
2216 2848 2517 2911 ἀνάπτουσι
2540 2856 2637 2926 τὴν
2666 2856 2861 2926 φλόγα.
2890 2859 3001 2911 Καὶ
3030 2855 3173 2914 οὗτοι
3201 2862 3384 2916 τοίνυν

1799 2952 1910 3021 ὅσῳ
1952 2950 2019 3005 ἂν
2061 2950 2281 3003 πλείονα
2314 2949 3031 3024 περιϐάλωνται,⁹τοσούτῳ
3074 2955 3131 3008 ἐν
3174 2955 3382 3025 μείζονι

1799 3043 1978 3114 ἐνδείᾳ
2002 3042 2382 3104 καθίστανται,
2407 3042 2502 3094 καὶ
2527 3043 2575 3094 οί
2598 3042 2821 3097 πλείονα
2854 3045 3249 3115 κερδαίνοντες,
3287 3050 3382 3102 αύ-

1798 3134 1881 3187 τολ.
1917 3132 2153 3203 μάλιστά
2200 3133 2338 3185 εἰσιν
2367 3133 2417 3207 οἰ
2450 3132 2764 3201 πενόμενοι.
2798 3133 2948 3206 [575]
2980 3135 3165 3189 Ταῦτα
3203 3138 3260 3191 δέ
3289 3157 3382 3210 μοι

1798 3226 1857 3279 06
1889 3224 2026 3295 πρός
2051 3223 2236 3278 τοῦτον
2262 3224 2477 3295 εἴρηται
2504 3224 2683 3294 μόνον,
2717 3225 2852 3281 ἀλλά
2876 3228 2971 3281 κοιλ⁵
2996 3229 3130 3301 πρὸς
3151 3230 3382 3287 ἕκαστον

1798 3318 1906 3371 τῶν
1934 3318 2003 3372 τά
2036 3316 2265 3372 τοιαῦτα
2292 3316 2613 3396 νοσούντων,
2639 3317 2733 3371 καὶ
2758 3317 2855 3388 τὴν
2877 3320 2986 3374 τῶν
3008 3320 3185 3377 ὠνίων
3214 3326 3381 3396 τιμὴν

1799 3409 2197 3471 ἐπιτεινόντων,
2229 3393 2326 3462 καὶ
2359 3407 2467 3461 τῶν
2501 3407 2727 3478 πλησίον
2760 3411 2860 3482 τὴν
2893 3411 3082 3467 πενίαν
3118 3431 3382 3486 πραγμα-

1797 3504 2129 3573 τευομένων.
2165 3500 2580 3573 Φιλανθρωπίας
2632 3504 2732 3574 μὲν
2776 3505 2885 3577 γὰρ
2923 3506 3098 3570 οὐδεὶς
3140 3508 3379 3580 οὐδαμοῦ

1797 3594 1971 3663 λόγος·
2004 3593 2279 3664 πανταχοῦ
2327 3594 2384 3647 δὲ
2422 3595 2451 3647 ὁ
2492 3596 2593 3665 τῆς
2620 3595 2934 3662 πλεονεξίας
2973 3598 3114 3670 ἔρως
3155 3600 3249 3654 ἐπὶ
3282 3601 3377 3655 τοῦ

1797 3686 1989 3758 καιροῦ
2024 3687 2125 3755 τῆς
2171 3687 2428 3756 πράσεως
2469 3686 2699 3751 πολλοὺς
2733 3688 2940 3758 ἐξάγει,
2970 3690 3065 3744 καὶ
3110 3693 3255 3745 σῖτον
3285 3694 3381 3748 καὶ

1796 3775 1940 3833 οἶνον
1965 3781 1992 3832 6
2018 3779 2116 3849 μὲν
2152 3777 2365 3843 θᾶττον,
2390 3780 2419 3832 6
2441 3766 2499 3832 δὲ
2534 3778 2864 3851 βραδύτερον
2892 3782 3141 3846 ἀπέδοτο,
3169 3783 3381 3839 οὐδέτε-

1799 3888 1890 3942 ρος
1936 3871 2123 3941 μέντοι
2154 3870 2263 3924 ἀπὸ
2301 3871 2649 3942 κηδεμονίας,
2678 3872 2794 3926 ἀλλ’
2826 3874 2855 3927 6
2884 3873 3004 3945 μὲν,
3038 3875 3124 3929 ἶνα
3157 3876 3378 3932 πλείονα

1795 3962 1954 4035 λάϐῃ,
1969 3966 1997 4017 6
2015 3963 2070 4015 δέ
2094 3963 2182 4016 ἵνα
2200 3963 2273 4033 μὴ
2287 3963 2514 4030 ἐλάττω,
2528 3964 2829 4034 τραπέντος
2843 3966 3116 4022 αὐτοῦτοῦ
3135 3969 3373 4037 καρποῦ.

1880 4054 2095 4125 Ἐπειδὴ
2117 4055 2226 4126 γάρ
2251 4056 2299 4107 οἱ
2327 4054 2546 4120 πλείους
2578 4056 2640 4110 06
2672 4056 2841 4112 πολὺν
2865 4058 2973 4112 τῶν
3006 4058 3099 4113 τοῦ
3130 4059 3267 4113 Θεοῦ
3292 4062 3374 4114 νό-

1800 4164 1915 4218 μων
1952 4145 2263 4217 ποιούμενοι
2295 4145 2476 4214 λόγον,
2518 4127 2697 4202 πάντα
2730 4148 2880 4203 ἔνδον
2915 4150 3377 4214 κατακλείσαντες

1794 4239 2034 4310 ἔχουσιν,
2064 4238 2265 4310 ἑτέρως
2308 4239 2508 4302 αὐτοὺς
2545 4241 2626 4304 εἰς
2665 4240 3076 4312 φιλανθρωπίαν
3109 4243 3320 4313 ἐξάγων
3347 4248 3379 4298 ό

1795 4330 1947 4394 Θεὸς,
1990 4330 2078 4383 ἵνα
2100 4329 2203 4384 κᾶν
2234 4331 2451 4405 ἀνάγκη
2478 4349 2532 4385 τι
2557 4333 2824 4403 ποιήσωσι
2845 4334 3103 4405 χρηστὸν,
3130 4336 3375 4405 μείζονος

1794 4422 1999 4493 ζημίας
2042 4422 2263 4476 ἐνέϐαλε
2304 4424 2442 4489 δέος,
2473 4425 2574 4478 οὐκ
2608 4426 2789 4495 ἀφιεὶς
2822 4426 2904 4490 εἰς
2933 4426 3103 4480 πολὺν
3131 4427 3375 4495 διαρκεῖν

1795 4516 1987 4587 χρόνον
2026 4517 2126 4585 τῆς
2164 4516 2269 4587 γῆς
2304 4518 2429 4580 τοὺς
2454 4518 2721 4588 καρποὺς,
2748 4518 2837 4572 ἵνα
2872 4518 2978 4573 κᾶν
3014 4518 3106 4589 τὴν
3140 4519 3246 4573 ἀπὸ
3272 4520 3375 4584 τῆς

1794 4605 2003 4678 φθορᾶς
2019 4606 2314 4671 δεδοικότες
2335 4606 2560 4679 βλάϐην,
2587 4607 2831 4679 προθῶσι
2851 4611 2963 4673 τοῖς
2984 4609 3256 4680 δεομένοις
3278 4611 3375 4663 καὶ

1792 4698 2037 4763 ἄκοντες,
2086 4699 2228 4770 ἆπερ
2270 4699 2412 4753 οίκοι
2458 4699 2850 4771 κατορύξαντες
2890 4700 3117 4771 τηροῦσι
3160 4700 3369 4763 κακῶς.

1804 4790 1966 4845 Ἀλλά
2001 4791 2110 4860 γάρ
2141 4791 2235 4844 καὶ
2278 4791 2417 4862 μετὰ
2454 4790 2625 4844 ταῦτα
2654 4790 2797 4845 οὕτω
2835 4792 2977 4855 τινές
3014 4792 3152 4846 εἰσιν
3193 4791 3370 4862 ἄπλη-

1792 4899 1928 4948 στοι,
1962 4882 2037 4947 ὡς
2069 4882 2204 4953 μηδέ
2234 4882 2481 4936 ἐντεῦθεν
2507 4882 2875 4938 παιδεύεσθαι.
2901 4883 3093 4937 Πολλοὶ
3125 4884 3252 4953 γοῦν
3276 4887 3371 4939 καὶ

1792 4975 1985 5039 πίθους
2050 4975 2378 5047 ὁλοκλήρους
2450 4974 2759 5037 ἐκένωσαν,
2822 4975 3016 5047 πένητι
3084 4977 3183 5046 μὲν
3245 4978 3369 5031 οὐδὲ

1791 5068 1994 5122 κύαθον
2026 5067 2228 5131 δόντες,
2256 5067 2378 5120 οὐδέ
2402 5067 2663 5139 ἀργυρίου
2706 5070 2820 5131 τοῖς
2862 5067 3156 5139 δεομένοις,
3183 5068 3367 5140 ὀξίνην

1790 5160 1848 5228 δὲ
1883 5160 2166 5232 γινόμενον
2204 5162 2284 5223 εἰς
2305 5160 2405 5231 τὴν
2432 5163 2537 5231 γῆν
2567 5160 2826 5231 ῥίψαντες
2854 5160 3089 5225 ἅπαντα,
3121 5163 3216 5216 καὶ
3240 5162 3367 5225 τοὺς

1790 5249 1982 5315 πίθους
2006 5251 2187 5305 αὐτῶν
2217 5251 2765 5323 προσδιαφθείραντες
2799 5252 2876 5323 τῷ
2905 5252 3121 5324 καρπῷ.
3148 5254 3366 5325 ’Ἐτεροι

1788 5344 1846 5396 δέ
1885 5342 2047 5397 πάλιν
2088 5343 2207 5396 οὐδὲ
2248 5342 2426 5413 μάζης
2467 5345 2594 5413 μιᾶς
2622 5342 2702 5413 τῷ
2729 5344 2981 5399 πεινῶντι
3017 5345 3362 5415 μεταδόντες,

1791 5438 2062 5508 ὁλόκληρα
2089 5437 2385 5507 σιτοδοχεῑα
2418 5438 2498 5501 είς
2530 5437 2776 5509 ποταμὸν
2808 5438 3059 5510 ἔρριψαψ
3096 5438 3191 5491 καὶ
3215 5438 3364 5489 ἐπει-

1788 5530 1853 5600 δὴ
1901 5528 1996 5581 τοῦ
2044 5527 2181 5581 Θεοῦ
2221 5528 2534 5592 κελεύοντος
2568 5527 2766 5582 διδόναι
2810 5531 2924 5592 τοῖς
2958 5527 3234 5597 δεομένοις
3264 5527 3364 5579 οὐκ
3400 5548 3401 5551 η

1789 5621 2051 5691 ἥκουσαν,
2096 5619 2190 5673 τοῦ
2242 5620 2403 5690 σητὸς
2454 5620 2834 5682 ἐπιτάττοντος
2882 5618 2977 5673 καὶ
3026 5619 3249 5679 ἄκοντες,
3302 5633 3365 5667 το
3424 5620 3427 5623 λ

1791 5717 1936 5773 ἔνδον
1983 5717 2128 5772 ἀπαν
2176 5716 2506 5785 ἐξήντλησαν
2557 5716 2635 5777 εἰς
2688 5715 2965 5770 ἀπώλειαν
3017 5712 3110 5765 καὶ
3156 5708 3363 5777 φθορὰν
