3802 6214
200 278 285 340 διδ
1146 261 1210 318 ιΝ
1248 258 1466 317 EPIST.
1504 257 1525 311 Ι
1590 253 1683 311 AD
1718 251 1875 307 COR.
1917 252 2145 311 IIOMIL.
2192 255 2430 311 XXXIX.

197 399 394 449 tuentem
423 386 567 442 tinea
590 397 643 441 et
670 383 867 440 vermis
891 420 908 447 ,
954 380 1026 436 ita
1054 380 1277 433 istorum
1320 375 1527 430 animas
1554 369 1735 428 exedit

194 480 441 540 crudelitas
469 488 527 533 et
557 475 934 531 inhumanitas.
980 471 1179 526 [lorum
1209 475 1387 523 autem
1417 480 1577 519 causa
1607 470 1690 518 est
1713 503 1730 529 ,

191 572 311 642 quod
335 570 432 624 sint
454 567 603 622 affixi
633 563 1011 637 praesentibus,
1032 570 1088 617 et
1111 560 1178 615 ad
1205 559 1367 614 vitam
1393 558 1567 613 solum
1597 571 1735 625 prae-

190 673 367 721 sentem
396 659 602 715 inhient
626 677 638 713 :
664 656 806 712 unde
845 656 1006 713 etiam
1051 653 1107 708 ﬁt
1136 661 1196 707 ut
1224 651 1425 723 ingenti
1452 649 1594 719 pleni
1622 648 1733 702 sint

187 754 328 811 animi
350 751 680 823 aegritudine.
711 750 842 805 Nam
875 748 1087 804 etiamsi
1113 746 1324 817 quidvis
1360 744 1654 815 jucundum
1680 751 1735 797 et

184 861 326 902 suave
347 843 538 900 dixeris
560 882 574 906 ,
604 843 671 898 ad
699 843 876 895 omnia
904 839 1130 895 delenda
1157 838 1354 893 sufﬁcit
1384 847 1558 893 metus
1583 849 1731 890 mor-

184 940 242 993 tis
268 956 283 992 :
308 934 389 1005 qui
423 944 605 990 autem
648 941 733 988 est
774 931 1108 1002 hujusmodi,
1151 939 1234 985 est
1276 936 1519 984 mortuus
1557 928 1732 982 adhuc

180 1032 359 1085 vivens.
388 1028 450 1082 Et
488 1026 629 1097 quod
680 1026 984 1079 inﬁdelibus
1031 1023 1249 1094 quidem
1294 1024 1407 1079 hanc
1444 1021 1726 1087 accidant,

178 1138 271 1176 non
310 1128 384 1173 est
422 1119 613 1172 mirum
642 1136 656 1173 :
685 1117 899 1187 quando
944 1124 1122 1170 autem
1165 1115 1220 1179 ii,
1262 1115 1353 1185 qui
1398 1123 1477 1169 tot
1504 1123 1556 1167 et
1585 1120 1729 1167 tanta

178 1220 506 1283 perceperunt
547 1210 800 1282 mysteria
846 1219 900 1264 et
948 1208 1017 1263 de
1058 1208 1250 1263 futuris
1278 1218 1383 1261 tam
1412 1206 1578 1261 multa
1606 1214 1731 1260 sunt

175 1304 534 1377 philosophati,
566 1303 727 1358 rebus
754 1301 1106 1372 prmsentibus
1129 1300 1325 1354 addicti
1357 1300 1406 1353 in
1435 1300 1513 1353 eis
1538 1299 1729 1353 luben-

171 1408 243 1451 ter
282 1404 587 1457 versentur,
616 1408 846 1464 quanam
894 1393 1090 1447 fuerint
1116 1391 1259 1461 digni
1288 1390 1487 1446 venia?
1528 1390 1629 1458 Qui
1672 1389 1730 1443 ﬁt

167 1497 353 1549 autem,
384 1476 524 1556 quod
556 1485 806 1541 lubenter
835 1495 1116 1540 versemur
1145 1484 1200 1538 in
1232 1482 1620 1553 praesentibus?
1650 1483 1725 1537 Ex

163 1594 224 1635 eo
244 1576 378 1648 quod
401 1576 708 1632 incumbant
729 1576 955 1639 deliciis,
975 1589 1188 1631 carnem
1212 1577 1472 1646 saginent,
1492 1576 1723 1630 animam

164 1672 395 1741 frangant
418 1685 480 1724 ac
505 1669 772 1734 moiﬁant,
803 1677 857 1723 et
880 1683 1046 1740 grave
1069 1678 1204 1723 onus
1231 1666 1477 1731 reddant,
1505 1668 1727 1721 multasp

157 1778 255 1831 que
284 1761 531 1817 tenebras
555 1769 610 1816 et
636 1775 881 1816 crassum
927 1759 1102 1815 velum
1142 1752 1455 1814 obtendant.
1496 1760 1627 1815 Nam
1672 1759 1731 1814 in-

156 1852 355 1907 deliciis
384 1852 599 1922 quidem
630 1850 704 1916 id,
731 1850 873 1922 quod
895 1862 979 1907 est
1003 1850 1217 1916 melius,
1248 1851 1506 1921 redigitur
1528 1852 1579 1904 in
1605 1865 1726 1906 ser-

152 1945 404 2008 vitutem;
435 1942 577 2012 quod
603 1951 688 1997 est
714 1949 892 1999 autem
921 1942 1094 2013 pejus,
1117 1942 1447 1997 dominatum
1478 1941 1684 1997 obtinet
1708 1958 1725 1996 :

150 2042 201 2085 et
242 2031 367 2087 iliud
407 2031 623 2102 quidem
655 2032 890 2104 und-ique
917 2039 1244 2099 cxcmcatnr,
1276 2042 1632 2103 mancumque
1661 2040 1726 2088 ac

146 2124 386 2179 mutilum
416 2124 671 2190 trahitur;
693 2124 794 2179 hoc
822 2132 999 2179 autem
1028 2125 1082 2179 in
1110 2138 1300 2180 omnes
1325 2135 1507 2197 partes
1534 2126 1642 2193 agit
1672 2133 1727 2180 et
1748 2168 1760 2173 -

145 2217 477 2285 circumagit,
498 2231 619 2271 cum
640 2216 865 2271 deberet
890 2231 1009 2272 esse
1031 2217 1084 2271 in
1109 2216 1229 2271 loco
1251 2225 1305 2271 et
1326 2217 1515 2271 ordine
1536 2230 1724 2271 eorum

139 2323 258 2378 qua:
284 2316 536 2378 aguntur.
556 2307 653 2363 Est
667 2308 811 2363 enim
832 2320 1082 2378 magnum
1099 2308 1291 2362 animae
1312 2308 1580 2363 vinculum
1602 2322 1724 2363 cum

137 2416 390 2472 corpore,
417 2400 578 2471 idque
601 2399 833 2470 providit
857 2411 911 2456 et
936 2402 1238 2471 procuravit
1260 2400 1470 2471 Opifex,
1495 2416 1562 2456 ne
1585 2410 1725 2457 tam-

133 2510 295 2563 quam
326 2492 568 2547 alienum
602 2492 652 2545 id
680 2493 860 2548 odisse
882 2492 1047 2564 aliqui
1076 2493 1480 2563 persuaderent.

200 2585 255 2638 9.
289 2583 429 2639 Nam
456 2585 593 2637 Dens
621 2584 836 2653 quidem
856 2585 1015 2655 jussit
1037 2585 1260 2656 diligere
1290 2586 1537 2642 inimicos
1563 2603 1578 2641 :
1611 2585 1727 2641 dia.

131 2677 281 2732 huius
305 2685 493 2730 autem
522 2685 725 2730 tantum
753 2678 952 2747 potuit,
1002 2686 1061 2732 ut
1099 2679 1429 2749 persuaserit
1454 2679 1722 2751 aliquibus

131 2772 288 2823 etiam
324 2781 488 2821 suum
515 2776 708 2837 impos
739 2769 935 2823 odisse.
962 2769 1094 2823 Nam
1126 2772 1341 2840 quando
1366 2772 1496 2826 dicit
1521 2772 1570 2826 id
1603 2787 1726 2827 esse

132 2861 329 2915 diaboli
353 2901 367 2923 ,
406 2856 539 2915 nihil
570 2860 712 2913 aliud
743 2868 901 2931 quam
932 2860 1034 2915 huc
1079 2861 1269 2931 probat
1295 2880 1310 2918 :
1342 2862 1483 2932 quod
1511 2871 1595 2917 est
1623 2878 1722 2917 ex-

132 2952 279 3008 chmi
310 2952 519 3005 deiiril.
550 2951 605 3007 Si
633 2953 776 3007 enim
803 2960 884 3007 est
908 2948 1139 3018 diaboli,
1164 2954 1283 3023 quis
1312 2960 1395 3008 est
1416 2954 1722 3023 hujusmodi

132 3056 435 3099 remensus
465 3053 519 3096 et
546 3043 830 3097 concord-ia
849 3085 863 3108 ,
892 3050 951 3098 ut
989 3043 1038 3097 id
1071 3044 1261 3099 reddat
1290 3046 1437 3099 omni
1479 3061 1542 3101 ex
1572 3056 1726 3115 parte

131 3147 307 3206 iptnm
358 3137 435 3190 ad
484 3136 827 3204 operationes
873 3136 1100 3200 auium,
1132 3146 1252 3206 qua:
1283 3147 1497 3194 tenetur
1538 3138 1719 3194 studio

132 3224 533 3300 initusephizr?
574 3231 642 3283 At
682 3229 734 3283 si
778 3235 892 3293 est,
947 3228 1144 3299 inquit,
1194 3240 1407 3300 aptum,
1455 3232 1726 3302 quomodo

131 3323 261 3375 llam
285 3320 584 3377 exerceat?
604 3318 720 3375 Non
735 3328 817 3375 est
838 3335 1035 3390 corpus
1055 3320 1196 3391 Quod
1213 3332 1449 3377 excarcat
1464 3323 1721 3394 animam,

143 3415 255 3467 hsit
281 3456 297 3479 ,
326 3414 439 3468 sed
465 3413 694 3468 delicia.
736 3413 965 3468 Delicias
1008 3423 1187 3469 autem
1220 3415 1488 3470 undenam
1519 3417 1727 3487 appeti-

140 3506 273 3558 tus?
325 3504 460 3559 Neu
492 3503 680 3574 utique
708 3512 774 3558 ex
823 3510 921 3570 eo,
968 3504 1110 3575 quod
1159 3519 1354 3575 corpus
1399 3505 1721 3575 habeamus,

131 3595 196 3648 cd
234 3608 308 3649 ex
346 3605 526 3663 prava
572 3593 725 3649 liberi
773 3594 977 3648 arbitrii
1026 3596 1312 3650 electione.
1342 3596 1550 3668 Corpus
1580 3600 1723 3652 enim

131 3695 225 3755 get
258 3686 546 3739 alimento
568 3726 582 3751 ,
630 3694 735 3739 non
788 3676 1024 3753 deliciis;
1076 3700 1272 3757 corpus
1302 3702 1437 3758 Opus
1470 3688 1631 3745 habet
1665 3699 1726 3745 nt

131 3779 326 3838 latur,
366 3791 487 3831 non
526 3787 585 3830 ut
629 3775 955 3846 infringatur
983 3786 1036 3832 et
1075 3777 1301 3833 difﬂuat.
1348 3779 1535 3849 Neque
1580 3781 1723 3836 enim

132 3870 306 3922 nium:
346 3878 605 3932 tantum,
647 3868 740 3923 sed
770 3868 931 3923 etiam
974 3868 1073 3939 ipsi
1101 3870 1314 3939 corpori
1345 3869 1487 3940 quod
1517 3872 1679 3926 alitur
1705 3913 1721 3938 ,

131 3968 295 4014 astes
331 3967 481 4013 sunt
504 3957 730 4023 deliciis.
750 3958 878 4013 Nam
907 3972 1005 4028 pro
1034 3958 1254 4015 robusto
1285 3960 1344 4014 fit
1371 3960 1713 4029 imbecillius,

131 4068 188 4105 'o
225 4052 425 4105 ﬁrmo
459 4050 705 4116 mollius,
750 4058 849 4119 pro
877 4048 1078 4105 saiubri
1112 4051 1593 4122 valetudinarium,
1629 4068 1726 4123 pro

139 4145 193 4196 vi
228 4143 509 4214 gravius,
535 4157 631 4212 pro
653 4137 823 4197 denso
850 4144 1045 4209 rarius,
1071 4152 1127 4198 et
1152 4151 1303 4214 turpe
1330 4154 1428 4214 pro
1456 4149 1722 4214 formoso,

157 4255 281 4308 pro
321 4238 487 4292 bene
526 4237 703 4291 olente
752 4235 909 4306 pejus
954 4234 1107 4291 ciens
1136 4250 1198 4291 ac
1230 4237 1505 4303 foetidum,
1535 4251 1589 4295 et
1630 4252 1729 4310 pro

132 4332 310 4385 Illldo
350 4330 706 4384 immundum
726 4370 741 4396 ,
771 4340 825 4386 et
848 4330 1038 4385 dolore
1064 4332 1318 4400 agitatum
1345 4348 1440 4402 pro
1462 4336 1689 4391 remisso
1709 4377 1723 4400 ,

132 4424 298 4477 irtiie
339 4436 464 4491 pro
490 4422 605 4475 utili
624 4461 641 4486 ,
673 4430 827 4476 vetus
850 4434 948 4491 pro
978 4437 1119 4476 novo
1141 4465 1153 4488 ,
1190 4425 1459 4492 putridum
1488 4440 1584 4496 pro
1616 4427 1725 4481 for-

132 4557 149 4580 ,
196 4514 574 4581 tardumque
600 4524 655 4567 et
686 4514 850 4569 hebes
902 4526 997 4583 pro
1026 4510 1191 4570 celeri
1219 4558 1234 4582 ,
1265 4527 1319 4572 et
1348 4518 1598 4574 claudum
1631 4534 1728 4588 pro

131 4614 234 4660 cto
266 4615 339 4659 ct
382 4604 633 4673 integro.
664 4604 823 4674 Atqui
853 4606 895 4659 si
920 4617 1064 4661 esset
1093 4606 1327 4675 diaboli,
1362 4625 1467 4663 non
1509 4620 1724 4683 oporte-

131 4708 149 4750 t
201 4699 436 4765 ipsum
470 4695 540 4747 ab
568 4706 634 4748 eo
681 4695 838 4760 hedi,
872 4712 901 4751 a
937 4696 1070 4750 vitio
1116 4699 1353 4768 inquam.
1400 4698 1506 4755 Sed
1554 4710 1729 4773 neque

131 4803 293 4857 rpus
318 4825 341 4851 ,
388 4799 581 4854 neque
623 4784 730 4839 cibi
776 4796 900 4840 sunt
929 4786 1162 4855 diaboli,
1194 4789 1291 4845 sed
1320 4791 1451 4846 solae
1498 4792 1725 4849 delicim.

138 4894 207 4931 ιη
252 4892 381 4945 per
421 4889 526 4929 vas
566 4876 863 4930 sceleratus
892 4877 979 4932 ille
1021 4877 1232 4933 daemon
1264 4881 1403 4935 mala
1450 4880 1619 4938 efﬁcit
1649 4885 1731 4938 iu-

132 4966 493 5022 mcrabilia
529 4981 543 5017 :
594 4965 675 5019 sic
727 4967 980 5036 populum
1013 4968 1277 5039 integrum
1312 4986 1525 5041 pessum
1558 4972 1727 5028 dedit.

132 5063 506 5129 pinguntur
533 5067 604 5109 est
629 5058 794 5121 alim,
819 5058 1023 5127 inquit,
1050 5068 1098 5113 et
1155 5060 1418 5128 dilatatur,
1442 5074 1490 5120 et
1513 5067 1729 5121 recalci-

132 5152 221 5204 vit
254 5150 531 5202 dilectus
560 5146 743 5218 (Dent.
766 5146 855 5205 52.
888 5152 999 5218 15).
1025 5152 1195 5208 Porro
1224 5155 1349 5209 hinc
1377 5172 1592 5229 quoque
1629 5161 1731 5215 So-

132 5244 255 5297 πίε
300 5241 443 5295 fuit
493 5240 709 5294 illorum
740 5241 1023 5296 fulintinmn
1068 5246 1295 5299 initium.
1329 5249 1483 5314 Quod
1512 5253 1731 5321 quidem

132 5334 450 5387 nificans
538 5331 783 5386 Ezechiel
814 5334 1060 5389 dicebat:
1094 5338 1199 5393 Sed
1229 5339 1335 5393 lucc
1362 5342 1603 5410 iniquitas
1629 5346 1731 5400 so-

131 5436 393 5479 norm
428 5437 457 5475 :
504 5422 559 5476 in
598 5424 864 5493 superbia,
894 5436 941 5479 et
969 5427 1021 5480 in
1046 5427 1363 5485 abundantia
1392 5436 1540 5501 panis
1563 5477 1577 5499 ,
1607 5446 1652 5489 et
1677 5437 1731 5489 in

132 5535 209 5571 ns
270 5516 572 5569 secundis
596 5532 650 5569 se
679 5517 943 5586 explebant
985 5519 1180 5574 deliciis
1221 5522 1446 5592 (Ezeclt.
1479 5527 1562 5580 16.
1597 5529 1665 5583 48
1690 5528 1729 5597 ).

131 5613 406 5677 Quanta
451 5608 594 5662 ninia
623 5622 686 5662 ex
720 5611 843 5679 gula
867 5612 1492 5685 orientem—Propterea
1537 5616 1731 5677 Patrius

132 5718 303 5773 νέμω
374 5699 663 5757 dicebat:
713 5702 839 5769 Qua:
880 5716 1057 5763 autem
1099 5708 1150 5763 in
1197 5708 1390 5765 deliciis
1417 5710 1551 5783 degit
1580 5753 1595 5780 ,
1648 5716 1725 5772 vi-

3321 253 3425 310 3i6

1843 383 1959 424 cens
2007 381 2083 424 est
2121 382 2317 426 mortua
2356 374 2448 442 (1.
2490 372 2627 428 Tim.
2668 375 2724 430 5.
2763 374 2858 444 6).
2916 375 3128 442 Quare?
3158 374 3422 443 Quoniam

1840 463 2151 519 circumfert
2196 479 2394 535 corpus
2448 478 2715 537 tamquam
2759 467 3088 537 sepuierum,
3116 470 3422 540 colligatum

1841 552 1996 606 malis
2025 554 2525 613 innumerabilibus.
2566 558 2623 613 Si
2669 568 2849 612 autem
2900 573 3095 629 corpus
3135 560 3208 614 ita
3247 562 3422 630 perit,

1840 648 2110 714 quomodo
2137 645 2407 704 afﬁcietur
2434 649 2611 703 anima
2634 690 2647 713 ,
2680 658 2881 719 quanto
2907 651 3135 705 tumultu
3156 691 3175 718 ,
3207 654 3423 721 quantis

1840 734 2092 793 ﬂuctibus
2111 778 2127 805 ,
2160 748 2359 808 quanta
2387 748 2708 809 tempestate
2735 741 2839 796 erit
2867 741 3103 796 referta?
3131 741 3421 811 PrOptcrea

1841 829 2057 899 quidem
2084 840 2229 887 certe
2250 831 2316 886 ad
2345 833 2526 886 omnia
2548 833 2612 887 sit
2643 832 2870 894 inutilis,
2890 843 2946 888 et
2974 847 3075 888 nec
3100 832 3303 900 dicere,
3323 848 3424 887 nec

1840 921 2047 989 audire,
2076 938 2250 995 neque
2270 926 2581 980 consultare
2616 942 2791 996 neque
2815 926 3015 996 aliquid
3045 940 3205 997 agere
3227 942 3416 982 eorum
3496 1002 3499 1005 _

1838 1029 1956 1084 quae
1985 1014 2142 1071 decet
2185 1015 2341 1072 facile
2390 1017 2621 1087 poterit:
2652 1017 2747 1073 sed
2790 1018 2931 1074 sicut
2969 1018 3296 1089 gubernator
3318 1060 3332 1084 ,
3366 1018 3417 1073 si

1841 1114 2131 1175 tempestas
2158 1107 2348 1163 vicerit
2372 1119 2542 1164 artem
2563 1149 2580 1174 ,
2611 1124 2734 1165 cum
2766 1110 2881 1179 ipsa
2911 1124 3046 1166 nave
3087 1119 3140 1165 et
3186 1112 3419 1165 vectori-

1836 1198 1937 1254 bus
1966 1199 2361 1269 submergitur:
2393 1201 2464 1256 ita
2493 1202 2658 1256 etiam
2688 1203 2863 1256 anima
2894 1217 3015 1257 eum
3056 1218 3284 1274 corpore
3314 1203 3411 1260 de-

1837 1294 2098 1363 mergitnr
2140 1294 2211 1347 in'
2241 1308 2458 1363 gravem
2510 1295 2764 1366 abyssum
2810 1296 3257 1352 insensibilitatis.
3285 1296 3417 1352 Nam

1835 1383 1975 1438 sicut
2002 1384 2286 1454 quamdam
2317 1387 2513 1441 molam
2549 1388 2688 1443 Deus
2729 1387 2885 1444 nobis
2932 1398 3175 1445 ventrem
3204 1389 3413 1456 indidit,

1834 1476 1956 1531 data
1984 1480 2304 1548 coiigr'nenti
2331 1487 2387 1535 et
2414 1480 2690 1536 moderata
2722 1482 2992 1551 facultate,
3026 1491 3080 1538 et
3108 1493 3255 1538 certa
3282 1498 3418 1538 cono

1834 1567 2016 1621 stituta
2058 1584 2309 1624 mensura
2331 1611 2347 1636 ,
2380 1586 2538 1640 quam
2573 1571 2746 1641 ipsum
2792 1582 3005 1643 oportet
3032 1573 3271 1645 quotidie
3303 1590 3419 1629 mo-

1834 1658 1965 1715 lere.
1992 1659 2047 1715 Si
2075 1661 2194 1730 quis
2218 1676 2350 1731 ergo
2377 1662 2529 1731 plura
2556 1663 2779 1735 injiciat,
2806 1680 2866 1720 ea
2894 1680 3001 1721 non
3027 1665 3271 1722 confecta
3299 1667 3421 1721 uni-

1832 1765 1990 1807 verso
2019 1752 2238 1807 exitium
2266 1754 2518 1810 afferunt.
2566 1748 2703 1812 llinc
2730 1757 2904 1814 morbi
2935 1769 2991 1815 et
3026 1758 3418 1817 imbecillitates

1832 1850 1887 1897 et
1916 1841 2286 1900 deformitates
2313 1863 2326 1899 :
2360 1856 2466 1900 non
2500 1850 2642 1902 enim
2674 1852 2846 1906 solum
2877 1853 3207 1920 morbidam,
3238 1855 3332 1910 sed
3361 1865 3419 1910 et

1832 1945 2041 2007 turpem
2072 1937 2275 1994 faciunt
2297 1938 2503 1996 deliciae
2530 1957 2647 1996 eam
2679 1960 2799 2014 qua:
2828 1936 3046 2013 pulchra
3072 1957 3209 2004 erat.
3238 1947 3419 2015 Quan-

1831 2024 1902 2084 do
1946 2031 2091 2085 enim
2119 2029 2405 2101 injucunda
2437 2033 2652 2089 assidue
2683 2046 2918 2101 eructat,
2948 2047 3002 2092 et
3034 2039 3301 2108 putridum
3332 2039 3415 2094 vi—

1831 2132 1958 2175 num
1987 2121 2190 2191 spirat,
2222 2130 2277 2177 et
2314 2122 2433 2192 pius
2459 2138 2617 2195 quam
2662 2140 2761 2194 par
2798 2126 2869 2180 sit
2907 2128 3172 2196 rubescit,
3201 2140 3256 2184 et
3285 2144 3413 2185 eum

1832 2211 1926 2280 qni
1952 2211 2164 2267 mulieri
2191 2214 2443 2270 convenit
2471 2225 2718 2271 ornatum
2743 2220 3059 2288 corrumpit,
3092 2236 3418 2291 omnemque

1830 2301 2009 2373 perdit
2035 2303 2285 2359 decorem
2327 2315 2382 2360 et
2428 2305 2802 2374 honestatem;
2853 2317 2908 2365 ct
2958 2304 3176 2367 ﬁaccida
3201 2298 3414 2380 quidem

1832 2392 1891 2445 fit
1920 2406 2078 2459 caro,
2119 2394 2407 2465 sanguinea
2446 2404 2625 2452 autem
2664 2408 2719 2454 et
2761 2400 2968 2454 intonsa
2999 2402 3290 2471 supercilia
3314 2443 3330 2466 ,
3364 2410 3418 2457 et

1832 2485 2008 2554 major
2032 2494 2190 2556 quam
2218 2502 2312 2557 par
2340 2492 2413 2544 sit
2438 2491 2758 2560 crassitudo,
2777 2502 2832 2548 et
2860 2508 3257 2565 supervacanea
3289 2512 3411 2550 car-

1832 2574 1915 2631 nis
1942 2581 2305 2635 excrescentia
2326 2598 2339 2634 :
2363 2582 2537 2653 cogita
2562 2595 2759 2654 quanta
2784 2586 2910 2642 hinc
2940 2587 3010 2641 sit
3035 2587 3333 2643 insuavitas
3359 2598 3415 2644 et

1831 2673 2096 2727 molestia.
2140 2675 2331 2729 Audivi
2378 2692 2592 2746 quoque
2639 2670 2877 2734 medicos
2916 2679 3191 2748 dicentes,
3232 2681 3414 2735 multis

1831 2763 2213 2832 impedimento
2240 2764 2405 2820 fuisse
2432 2764 2653 2823 delicias
2680 2785 2747 2823 ne
2778 2770 3084 2838 proceriore
3105 2779 3285 2826 essent
3306 2779 3416 2824 sta-

1831 2862 1968 2908 tura.
2004 2854 2138 2909 Nam
2158 2870 2281 2910 cum
2306 2855 2657 2913 intersecetur
2685 2860 2903 2928 spiritus
2947 2863 3286 2922 multitudine
3315 2878 3414 2920 eo-

1830 2960 1948 3000 rum
1993 2952 2111 3016 qua:
2139 2947 2481 3017 dejictuntur,
2513 2959 2566 3004 et
2595 2962 2884 3020 occupetur
2914 2954 2967 3007 in
3008 2954 3074 3008 iis
3112 2956 3406 3011 conﬁcien-

1829 3035 1913 3091 dis
1934 3079 1947 3104 ,
1975 3037 2118 3107 quod
2149 3040 2433 3108 Oportebat
2477 3040 2543 3095 ad
2593 3052 2938 3113 augmentum
2992 3046 3327 3115 procedere,
3359 3047 3412 3102 id

1830 3128 1883 3183 in
1914 3142 2429 3200 Supervacaneorum
2458 3132 2743 3188 insumitur
2767 3137 3127 3212 cenfectlione.
3157 3138 3290 3203 Quid
3323 3139 3409 3193 di—

1828 3223 1974 3278 xeris
2003 3223 2072 3280 de
2102 3222 2295 3293 pedum
2323 3223 2599 3281 doloribus
2620 3266 2636 3293 ,
2669 3226 2738 3281 de
2779 3226 3059 3284 rheumate
3087 3230 3230 3300 quod
3260 3231 3417 3285 ober-

1828 3324 1912 3373 rat
1940 3318 1993 3372 in
2039 3322 2228 3373 amnes
2254 3315 2484 3391 partes,
2514 3317 2642 3391 quid
2669 3320 2736 3376 de
2781 3321 2899 3377 aliis
2929 3323 3129 3379 morbis
3154 3324 3243 3395 qui
3291 3323 3417 3379 hinc

1829 3417 2075 3471 oriuntur
2097 3458 2111 3484 ,
2141 3427 2194 3471 et
2225 3415 2346 3471 aliis
2372 3418 2779 3475 abominandis?
2814 3420 2956 3475 Nihil
2984 3432 3067 3476 est
3092 3423 3232 3477 enim
3261 3438 3417 3491 aeque

1830 3507 2175 3576 injucundum
2204 3517 2259 3564 et
2288 3509 2509 3565 insuave
2536 3520 2595 3565 ut
2621 3508 2813 3567 mulier
2840 3552 2856 3577 ,
2889 3529 3006 3582 qua:
3034 3515 3201 3568 multa
3228 3528 3413 3570 come-

1829 3599 1929 3654 dit.
1963 3599 2251 3671 Pr0pterea
2282 3600 2333 3655 in
2365 3600 2704 3671 pauperculis
2726 3602 2921 3659 videris
2946 3604 3204 3674 majorem
3230 3607 3417 3662 forma:

1829 3689 2282 3761 pulchritudinem
2306 3733 2321 3761 ,
2350 3691 2477 3747 dum
2523 3704 2911 3749 consumuntur
2952 3706 3296 3751 excrementa
3316 3738 3331 3763 ,
3359 3707 3417 3752 et

1830 3798 1937 3835 non
1979 3781 2258 3837 adhaerent
2287 3799 2460 3853 neque
2506 3783 2700 3838 frustra
2730 3784 3058 3854 adjiciuntur
3087 3786 3218 3855 ipsis
3247 3788 3417 3842 instar

1832 3868 1924 3928 luti
1950 3875 2355 3943 supervacanei.
2386 3874 2518 3929 Nam
2552 3874 2861 3947 quotidiana
2887 3879 3202 3933 exercitatio
3227 3920 3240 3943 ,
3265 3879 3414 3935 labo-

1830 3976 1939 4033 res,
1968 3966 2288 4022 afllictiones
2309 4009 2323 4030 ,
2358 3982 2543 4023 mensa
2574 3968 2846 4023 moderata
2879 3979 2933 4025 et
2972 3971 3145 4026 tenuis
3171 3972 3292 4026 vitm
3320 3988 3409 4026 ra-

1831 4062 1925 4125 tio,
1960 4062 2184 4115 mu’ltam
2207 4062 2284 4116 eis
2313 4064 2553 4132 prmbent
2584 4063 2774 4117 bonam
2801 4064 3186 4131 habitudinem,
3215 4075 3269 4121 et
3289 4062 3416 4123 hinc

1830 4167 2043 4222 quoque
2074 4169 2319 4224 magnam
2351 4152 2824 4225 pulchritudinem.
2857 4156 2912 4212 Si
2943 4166 3122 4212 autem
3151 4158 3416 4213 obtendas

1830 4243 2142 4298 deliciarum
2167 4245 2516 4314 voluptatem,
2547 4261 2667 4301 eam
2696 4246 2933 4303 invenies
2956 4249 3132 4303 solum
3160 4264 3326 4318 nSque
3347 4249 3416 4304 ad

1829 4337 2007 4405 gulam
2034 4352 2047 4391 :
2077 4350 2198 4390 nam
2243 4339 2401 4392 simul
2427 4346 2585 4409 atque
2617 4339 2847 4409 linguam
2879 4342 3171 4410 prmteriit,
3204 4343 3412 4409 avolat,

1832 4430 2026 4483 multas
2057 4429 2353 4484 innnittens
2383 4431 2675 4486 molestias.
2706 4431 2781 4486 Ne
2802 4432 2931 4485 mihi
2959 4433 3099 4486 enim
3132 4433 3304 4487 solum
3327 4448 3417 4487 ac-

1829 4522 2143 4578 cumbentes
2169 4521 2349 4577 videas
2372 4537 2466 4577 eos
2486 4524 2573 4593 qui
2596 4525 2777 4577 vivunt
2802 4524 2851 4577 in
2875 4524 3101 4589 deliciis,
3132 4525 3224 4578 sed
3248 4541 3415 4595 quau-

1830 4613 1903 4669 do‘
1932 4615 2126 4669 videris
2169 4630 2264 4669 cos
2307 4616 2607 4670 surrexisse
2628 4656 2641 4679 ,
2677 4625 2799 4669 tunc
2842 4631 3067 4685 sequere
3088 4655 3100 4679 ,
3129 4625 3183 4669 et
3208 4615 3415 4671 videbis

1832 4707 2000 4778 magis
2030 4712 2152 4763 csse
2185 4707 2412 4762 ferarum
2440 4715 2494 4761 ct
2520 4705 2797 4761 brutorum
2822 4722 3045 4777 corpora
3064 4747 3081 4773 ,
3124 4722 3281 4777 quam
3314 4707 3415 4760 hn-

1834 4800 2059 4853 ntinum.
2084 4798 2306 4853 Videbis
2327 4798 2469 4853 enim
2491 4796 2665 4868 capite
2687 4808 2959 4868 gravatos,
2985 4798 3412 4868 pandiculantes,

1832 4891 2116 4962 c'olligat‘os
2138 4933 2152 4956 ,
2183 4890 2322 4945 lecto
2365 4906 2501 4961 opus
2532 4890 2825 4957 habentes,
2873 4890 3124 4962 stragulis
3162 4900 3216 4947 et
3248 4894 3414 4947 multa
3445 4946 3451 4972 ε

1832 4984 2011 5053 quiete
2033 5023 2049 5048 ,
2081 4992 2134 5037 et
2165 4993 2432 5052 tamquam
2467 4984 2518 5037 in
2553 4983 2735 5037 multis
2768 4982 2923 5038 undis
2952 4978 3302 5054 fluctibusque
3327 4984 3414 5053 ja-

1832 5080 2006 5128 ctatos
2032 5084 2084 5129 et
2114 5075 2452 5143 perturbatos
2472 5117 2486 5140 ,
2515 5085 2569 5130 et
2596 5076 2661 5128 iis
2691 5075 2781 5145 qui
2805 5084 3022 5131 servent
3044 5092 3177 5147 Opus
3209 5077 3413 5131 haben-

1834 5175 1951 5232 tcs,
1982 5167 2366 5236 cupientesque
2400 5168 2449 5220 in
2493 5166 2587 5221 illo
2625 5182 2746 5223 esse
2791 5179 2965 5233 statu,
3012 5169 3063 5223 in
3113 5186 3218 5239 quo
3262 5182 3417 5224 erant

1834 5262 2145 5330 priusquam
2174 5256 2657 5331 disrumperentur.
2692 5256 2984 5332 Tamquam
3008 5263 3148 5318 enim
3174 5264 3415 5333 gravida:

1834 5352 2087 5408 mulieres
2106 5394 2121 5418 ,
2152 5353 2221 5407 ita
2245 5355 2446 5424 gravati
2478 5365 2693 5411 ventres
2718 5355 3121 5421 circumferunt,
3146 5366 3199 5411 et
3218 5357 3303 5410 vix
3334 5356 3417 5409 iu—

1834 5446 2179 5513 grediuntur,
2240 5450 2325 5501 vix
2376 5448 2674 5517 aspiciunt,
2708 5450 2795 5503 vix
2850 5450 3166 5518 loquuntur.
3223 5461 3275 5503 ct
3322 5450 3415 5503 vix

1835 5540 2035 5591 omnia.
2067 5534 2223 5605 Quod
2251 5538 2295 5594 si
2326 5550 2611 5611 contigertt
2652 5557 2745 5596 eos
2787 5558 2970 5611 parum
3014 5541 3281 5603 dormire,
3316 5539 3414 5593 ab-

1835 5631 1998 5683 s’urda
2031 5644 2220 5685 rursus
2250 5631 2428 5686 vident
2447 5635 2651 5687 somnia
2672 5675 2686 5700 ,
2713 5644 2768 5688 ct
2794 5634 2986 5687 referta
3010 5632 3136 5686 visis
3165 5633 3413 5686 innume-

1835 5721 2116 5779 rabilibus.
2140 5722 2278 5791 Quid
2303 5737 2490 5780 rursus
2507 5723 2708 5780 dixeris
2731 5724 2796 5781 de
2825 5726 2928 5780 alia
2950 5724 3160 5779 illorum
3181 5724 3409 5792 insania,
