  <div class='ocr_page' id='page_1' title='image "/cluster/home/n/w/nwhite01/storage/ocr_20150623/61/hvd.32044019190461/353.png"; bbox 0 0 3802 6214; ppageno 0'>
   <div class='ocr_carea' id='block_1_1' title="bbox 280 250 385 302">
    <p class='ocr_par' dir='ltr' id='par_1_1' title="bbox 280 250 385 302">
     <span class='ocr_line' id='line_1_1' title="bbox 280 250 385 302; baseline 0 0"><span class='ocrx_word' id='word_1_1' title='bbox 280 250 385 302; x_wconf 68' lang='lat' dir='ltr'><strong>3i?</strong></span> 
     </span>
    </p>
   </div>
   <div class='ocr_carea' id='block_1_2' title="bbox 280 357 1869 431">
    <p class='ocr_par' dir='ltr' id='par_1_2' title="bbox 280 357 1869 431">
     <span class='ocr_line' id='line_1_2' title="bbox 280 357 1869 431; baseline -0.001 -17"><span class='ocrx_word' id='word_1_2' title='bbox 280 360 350 414; x_wconf 83' lang='lat' dir='ltr'><strong>de</strong></span> <span class='ocrx_word' id='word_1_3' title='bbox 377 375 468 424; x_wconf 87' lang='lat' dir='ltr'><strong>re,</strong></span> <span class='ocrx_word' id='word_1_4' title='bbox 517 357 766 428; x_wconf 83' lang='lat' dir='ltr'><strong>inquam,</strong></span> <span class='ocrx_word' id='word_1_5' title='bbox 814 359 1084 415; x_wconf 82' lang='lat' dir='ltr'><strong>venerea?</strong></span> <span class='ocrx_word' id='word_1_6' title='bbox 1131 359 1265 415; x_wconf 84' lang='lat' dir='ltr'><strong>Nam</strong></span> <span class='ocrx_word' id='word_1_7' title='bbox 1292 375 1356 416; x_wconf 91' lang='lat' dir='ltr'><strong>ea</strong></span> <span class='ocrx_word' id='word_1_8' title='bbox 1399 375 1613 431; x_wconf 88' lang='lat' dir='ltr'><strong>quoque</strong></span> <span class='ocrx_word' id='word_1_9' title='bbox 1654 374 1718 415; x_wconf 74' lang='lat' dir='ltr'><strong>ex</strong></span> <span class='ocrx_word' id='word_1_10' title='bbox 1765 357 1869 414; x_wconf 86' lang='lat' dir='ltr'><strong>hoc</strong></span> 
     </span>
    </p>
   </div>
   <div class='ocr_carea' id='block_1_3' title="bbox 256 449 1867 522">
    <p class='ocr_par' dir='ltr' id='par_1_3' title="bbox 256 449 1867 522">
     <span class='ocr_line' id='line_1_3' title="bbox 256 449 1867 522; baseline -0.001 -18"><span class='ocrx_word' id='word_1_11' title='bbox 256 449 435 515; x_wconf 78' lang='lat' dir='ltr'><strong>,fnute</strong></span> <span class='ocrx_word' id='word_1_12' title='bbox 461 458 675 506; x_wconf 92' lang='lat' dir='ltr'><strong>manat:</strong></span> <span class='ocrx_word' id='word_1_13' title='bbox 697 457 754 505; x_wconf 92' lang='lat' dir='ltr'><strong>et</strong></span> <span class='ocrx_word' id='word_1_14' title='bbox 781 450 919 506; x_wconf 91' lang='lat' dir='ltr'><strong>sicut</strong></span> <span class='ocrx_word' id='word_1_15' title='bbox 945 451 1070 520; x_wconf 91' lang='lat' dir='ltr'><strong>equi</strong></span> <span class='ocrx_word' id='word_1_16' title='bbox 1101 451 1155 506; x_wconf 90' lang='lat' dir='ltr'><strong>in</strong></span> <span class='ocrx_word' id='word_1_17' title='bbox 1187 450 1414 507; x_wconf 78' lang='lat' dir='ltr'><strong>feminas</strong></span> <span class='ocrx_word' id='word_1_18' title='bbox 1441 451 1622 507; x_wconf 88' lang='lat' dir='ltr'><strong>furore</strong></span> <span class='ocrx_word' id='word_1_19' title='bbox 1647 450 1867 522; x_wconf 92' lang='lat' dir='ltr'><strong>perciti,</strong></span> 
     </span>
    </p>
   </div>
   <div class='ocr_carea' id='block_1_4' title="bbox 286 541 1870 609">
    <p class='ocr_par' dir='ltr' id='par_1_4' title="bbox 286 541 1870 609">
     <span class='ocr_line' id='line_1_4' title="bbox 286 541 1870 609; baseline 0.001 -15"><span class='ocrx_word' id='word_1_20' title='bbox 286 543 357 604; x_wconf 87' lang='lat' dir='ltr'><strong>ita</strong></span> <span class='ocrx_word' id='word_1_21' title='bbox 387 541 663 598; x_wconf 70' lang='lat' dir='ltr'><strong>ebrietatis</strong></span> <span class='ocrx_word' id='word_1_22' title='bbox 691 549 862 600; x_wconf 70' lang='lat' dir='ltr'><strong>(nstro</strong></span> <span class='ocrx_word' id='word_1_23' title='bbox 901 541 1191 609; x_wconf 89' lang='lat' dir='ltr'><strong>stimulati,</strong></span> <span class='ocrx_word' id='word_1_24' title='bbox 1221 558 1410 598; x_wconf 90' lang='lat' dir='ltr'><strong>omnes</strong></span> <span class='ocrx_word' id='word_1_25' title='bbox 1454 543 1694 598; x_wconf 90' lang='lat' dir='ltr'><strong>insiliunt</strong></span> <span class='ocrx_word' id='word_1_26' title='bbox 1713 583 1729 609; x_wconf 94' lang='lat'><strong>,</strong></span> <span class='ocrx_word' id='word_1_27' title='bbox 1755 551 1870 597; x_wconf 90' lang='lat' dir='ltr'><strong>sto-</strong></span> 
     </span>
    </p>
   </div>
   <div class='ocr_carea' id='block_1_5' title="bbox 287 632 1871 704">
    <p class='ocr_par' dir='ltr' id='par_1_5' title="bbox 287 632 1871 704">
     <span class='ocr_line' id='line_1_5' title="bbox 287 632 1871 704; baseline -0.003 -14"><span class='ocrx_word' id='word_1_28' title='bbox 287 635 445 690; x_wconf 80' lang='lat' dir='ltr'><strong>lidius</strong></span> <span class='ocrx_word' id='word_1_29' title='bbox 483 642 540 690; x_wconf 89' lang='lat' dir='ltr'><strong>et</strong></span> <span class='ocrx_word' id='word_1_30' title='bbox 587 633 843 688; x_wconf 78' lang='lat' dir='ltr'><strong>furiosius</strong></span> <span class='ocrx_word' id='word_1_31' title='bbox 891 649 1050 704; x_wconf 90' lang='lat' dir='ltr'><strong>quam</strong></span> <span class='ocrx_word' id='word_1_32' title='bbox 1083 633 1160 687; x_wconf 88' lang='lat' dir='ltr'><strong>illi</strong></span> <span class='ocrx_word' id='word_1_33' title='bbox 1207 633 1576 700; x_wconf 73' lang='lat' dir='ltr'><strong>exsultantes,</strong></span> <span class='ocrx_word' id='word_1_34' title='bbox 1607 643 1662 689; x_wconf 91' lang='lat' dir='ltr'><strong>et</strong></span> <span class='ocrx_word' id='word_1_35' title='bbox 1705 632 1871 687; x_wconf 88' lang='lat' dir='ltr'><strong>multa</strong></span> 
     </span>
    </p>
   </div>
   <div class='ocr_carea' id='block_1_6' title="bbox 284 724 1871 798">
    <p class='ocr_par' dir='ltr' id='par_1_6' title="bbox 284 724 1871 798">
     <span class='ocr_line' id='line_1_6' title="bbox 284 724 1871 798; baseline -0.001 -19"><span class='ocrx_word' id='word_1_36' title='bbox 284 727 387 781; x_wconf 88' lang='lat' dir='ltr'><strong>alia</strong></span> <span class='ocrx_word' id='word_1_37' title='bbox 416 725 668 782; x_wconf 86' lang='lat' dir='ltr'><strong>indecore</strong></span> <span class='ocrx_word' id='word_1_38' title='bbox 695 725 972 793; x_wconf 90' lang='lat' dir='ltr'><strong>facientes,</strong></span> <span class='ocrx_word' id='word_1_39' title='bbox 995 741 1114 798; x_wconf 67' lang='lat' dir='ltr'><strong>quae</strong></span> <span class='ocrx_word' id='word_1_40' title='bbox 1137 725 1290 781; x_wconf 90' lang='lat' dir='ltr'><strong>nefas</strong></span> <span class='ocrx_word' id='word_1_41' title='bbox 1317 725 1534 796; x_wconf 87' lang='lat' dir='ltr'><strong>quidem</strong></span> <span class='ocrx_word' id='word_1_42' title='bbox 1563 733 1644 780; x_wconf 90' lang='lat' dir='ltr'><strong>est</strong></span> <span class='ocrx_word' id='word_1_43' title='bbox 1671 724 1871 779; x_wconf 89' lang='lat' dir='ltr'><strong>dicere.</strong></span> 
     </span>
    </p>
   </div>
   <div class='ocr_carea' id='block_1_7' title="bbox 290 817 1876 889">
    <p class='ocr_par' dir='ltr' id='par_1_7' title="bbox 290 817 1876 889">
     <span class='ocr_line' id='line_1_7' title="bbox 290 817 1876 889; baseline -0.006 -13"><span class='ocrx_word' id='word_1_44' title='bbox 290 818 473 889; x_wconf 79' lang='lat' dir='ltr'><strong>Neque</strong></span> <span class='ocrx_word' id='word_1_45' title='bbox 501 818 647 874; x_wconf 89' lang='lat' dir='ltr'><strong>enim</strong></span> <span class='ocrx_word' id='word_1_46' title='bbox 692 819 870 874; x_wconf 91' lang='lat' dir='ltr'><strong>sciunt</strong></span> <span class='ocrx_word' id='word_1_47' title='bbox 897 833 958 873; x_wconf 91' lang='lat' dir='ltr'><strong>ea</strong></span> <span class='ocrx_word' id='word_1_48' title='bbox 980 858 996 884; x_wconf 93' lang='lat'><strong>,</strong></span> <span class='ocrx_word' id='word_1_49' title='bbox 1028 833 1149 888; x_wconf 72' lang='lat' dir='ltr'><strong>qua:</strong></span> <span class='ocrx_word' id='word_1_50' title='bbox 1181 817 1460 888; x_wconf 86' lang='lat' dir='ltr'><strong>patiuntur</strong></span> <span class='ocrx_word' id='word_1_51' title='bbox 1480 857 1496 882; x_wconf 93' lang='lat'><strong>,</strong></span> <span class='ocrx_word' id='word_1_52' title='bbox 1542 829 1716 886; x_wconf 88' lang='lat' dir='ltr'><strong>neque</strong></span> <span class='ocrx_word' id='word_1_53' title='bbox 1756 828 1876 885; x_wconf 72' lang='lat' dir='ltr'><strong>qua:</strong></span> 
     </span>
    </p>
   </div>
   <div class='ocr_carea' id='block_1_8' title="bbox 289 907 1875 980">
    <p class='ocr_par' dir='ltr' id='par_1_8' title="bbox 289 907 1875 980">
     <span class='ocr_line' id='line_1_8' title="bbox 289 907 1875 980; baseline -0.008 -11"><span class='ocrx_word' id='word_1_54' title='bbox 289 919 477 980; x_wconf 77' lang='lat' dir='ltr'><strong>agunt.</strong></span> <span class='ocrx_word' id='word_1_55' title='bbox 504 909 609 966; x_wconf 85' lang='lat' dir='ltr'><strong>Sed</strong></span> <span class='ocrx_word' id='word_1_56' title='bbox 639 919 854 965; x_wconf 90' lang='lat' dir='ltr'><strong>nonest</strong></span> <span class='ocrx_word' id='word_1_57' title='bbox 893 908 1156 980; x_wconf 84' lang='lat' dir='ltr'><strong>ejusmodi</strong></span> <span class='ocrx_word' id='word_1_58' title='bbox 1184 909 1230 964; x_wconf 90' lang='lat' dir='ltr'><strong>is</strong></span> <span class='ocrx_word' id='word_1_59' title='bbox 1268 908 1358 978; x_wconf 92' lang='lat' dir='ltr'><strong>qui</strong></span> <span class='ocrx_word' id='word_1_60' title='bbox 1391 922 1498 961; x_wconf 90' lang='lat' dir='ltr'><strong>non</strong></span> <span class='ocrx_word' id='word_1_61' title='bbox 1531 907 1624 962; x_wconf 83' lang='lat' dir='ltr'><strong>dat</strong></span> <span class='ocrx_word' id='word_1_62' title='bbox 1655 921 1875 974; x_wconf 86' lang='lat' dir='ltr'><strong>operam</strong></span> 
     </span>
    </p>
   </div>
   <div class='ocr_carea' id='block_1_9' title="bbox 289 996 1879 1072">
    <p class='ocr_par' dir='ltr' id='par_1_9' title="bbox 289 996 1879 1072">
     <span class='ocr_line' id='line_1_9' title="bbox 289 996 1879 1072; baseline -0.005 -14"><span class='ocrx_word' id='word_1_63' title='bbox 289 1004 530 1068; x_wconf 78' lang='lat' dir='ltr'><strong>deliciis;</strong></span> <span class='ocrx_word' id='word_1_64' title='bbox 558 1003 654 1058; x_wconf 90' lang='lat' dir='ltr'><strong>sed</strong></span> <span class='ocrx_word' id='word_1_65' title='bbox 691 1004 848 1058; x_wconf 90' lang='lat' dir='ltr'><strong>sedet</strong></span> <span class='ocrx_word' id='word_1_66' title='bbox 875 1004 926 1056; x_wconf 92' lang='lat' dir='ltr'><strong>iu</strong></span> <span class='ocrx_word' id='word_1_67' title='bbox 957 1012 1112 1072; x_wconf 84' lang='lat' dir='ltr'><strong>portu</strong></span> <span class='ocrx_word' id='word_1_68' title='bbox 1134 1043 1148 1065; x_wconf 94' lang='lat'><strong>,</strong></span> <span class='ocrx_word' id='word_1_69' title='bbox 1181 1002 1409 1055; x_wconf 87' lang='lat' dir='ltr'><strong>aliorum</strong></span> <span class='ocrx_word' id='word_1_70' title='bbox 1437 999 1627 1052; x_wconf 90' lang='lat' dir='ltr'><strong>videns</strong></span> <span class='ocrx_word' id='word_1_71' title='bbox 1659 996 1879 1051; x_wconf 60' lang='lat' dir='ltr'><strong>naufrav</strong></span> 
     </span>
    </p>
   </div>
   <div class='ocr_carea' id='block_1_10' title="bbox 291 1093 1881 1165">
    <p class='ocr_par' dir='ltr' id='par_1_10' title="bbox 291 1093 1881 1165">
     <span class='ocr_line' id='line_1_10' title="bbox 291 1093 1881 1165; baseline -0.002 -19"><span class='ocrx_word' id='word_1_72' title='bbox 291 1096 403 1162; x_wconf 74' lang='lat' dir='ltr'><strong>gia,</strong></span> <span class='ocrx_word' id='word_1_73' title='bbox 431 1103 486 1148; x_wconf 87' lang='lat' dir='ltr'><strong>et</strong></span> <span class='ocrx_word' id='word_1_74' title='bbox 510 1109 639 1165; x_wconf 89' lang='lat' dir='ltr'><strong>pura</strong></span> <span class='ocrx_word' id='word_1_75' title='bbox 671 1103 1038 1165; x_wconf 83' lang='lat' dir='ltr'><strong>perpetuaque</strong></span> <span class='ocrx_word' id='word_1_76' title='bbox 1065 1093 1257 1148; x_wconf 81' lang='lat' dir='ltr'><strong>fruitur</strong></span> <span class='ocrx_word' id='word_1_77' title='bbox 1285 1093 1587 1161; x_wconf 84' lang='lat' dir='ltr'><strong>voluptate,</strong></span> <span class='ocrx_word' id='word_1_78' title='bbox 1614 1106 1733 1146; x_wconf 89' lang='lat' dir='ltr'><strong>eam</strong></span> <span class='ocrx_word' id='word_1_79' title='bbox 1760 1105 1881 1160; x_wconf 71' lang='lat' dir='ltr'><strong>quau</strong></span> 
     </span>
    </p>
   </div>
   <div class='ocr_carea' id='block_1_11' title="bbox 1037 242 2816 304">
    <p class='ocr_par' dir='ltr' id='par_1_11' title="bbox 1037 242 2816 304">
     <span class='ocr_line' id='line_1_11' title="bbox 1037 242 2816 304; baseline -0.003 -1"><span class='ocrx_word' id='word_1_80' title='bbox 1037 245 1095 303; x_wconf 75' lang='grc'><strong>8.</strong></span> <span class='ocrx_word' id='word_1_81' title='bbox 1121 246 1396 304; x_wconf 70' lang='lat' dir='ltr'><strong>JOANNIS</strong></span> <span class='ocrx_word' id='word_1_82' title='bbox 1430 242 1903 302; x_wconf 76' lang='lat' dir='ltr'><strong>CllltYSOSTOMl</strong></span> <span class='ocrx_word' id='word_1_83' title='bbox 1941 243 2256 300; x_wconf 79' lang='lat' dir='ltr'><strong>ARCHIEP.</strong></span> <span class='ocrx_word' id='word_1_84' title='bbox 2278 242 2816 303; x_wconf 75' lang='lat' dir='ltr'><strong>CONSTANTINOP.</strong></span> 
     </span>
    </p>
   </div>
   <div class='ocr_carea' id='block_1_12' title="bbox 3468 244 3566 301">
    <p class='ocr_par' dir='ltr' id='par_1_12' title="bbox 3468 244 3566 301">
     <span class='ocr_line' id='line_1_12' title="bbox 3468 244 3566 301; baseline 0.02 -2"><span class='ocrx_word' id='word_1_85' title='bbox 3468 244 3566 301; x_wconf 66' lang='grc' dir='ltr'><strong>διδ</strong></span> 
     </span>
    </p>
   </div>
   <div class='ocr_carea' id='block_1_13' title="bbox 1975 350 3564 427">
    <p class='ocr_par' dir='ltr' id='par_1_13' title="bbox 1975 350 3564 427">
     <span class='ocr_line' id='line_1_13' title="bbox 1975 350 3564 427; baseline -0.003 -12"><span class='ocrx_word' id='word_1_86' title='bbox 1975 360 2148 415; x_wconf 88' lang='lat' dir='ltr'><strong>libero</strong></span> <span class='ocrx_word' id='word_1_87' title='bbox 2173 358 2378 415; x_wconf 89' lang='lat' dir='ltr'><strong>homini</strong></span> <span class='ocrx_word' id='word_1_88' title='bbox 2403 359 2655 414; x_wconf 79' lang='lat' dir='ltr'><strong>convenit</strong></span> <span class='ocrx_word' id='word_1_89' title='bbox 2683 358 2844 412; x_wconf 80' lang='lat' dir='ltr'><strong>vitam</strong></span> <span class='ocrx_word' id='word_1_90' title='bbox 2875 350 3060 427; x_wconf 81' lang='lat' dir='ltr'><strong>agens.</strong></span> <span class='ocrx_word' id='word_1_91' title='bbox 3089 357 3219 412; x_wconf 63' lang='lat' dir='ltr'><strong>llaec</strong></span> <span class='ocrx_word' id='word_1_92' title='bbox 3241 369 3377 426; x_wconf 74' lang='lat' dir='ltr'><strong>ergo</strong></span> <span class='ocrx_word' id='word_1_93' title='bbox 3395 357 3564 412; x_wconf 77' lang='lat' dir='ltr'><strong>scien-</strong></span> 
     </span>
    </p>
   </div>
   <div class='ocr_carea' id='block_1_14' title="bbox 1977 449 3568 523">
    <p class='ocr_par' dir='ltr' id='par_1_14' title="bbox 1977 449 3568 523">
     <span class='ocr_line' id='line_1_14' title="bbox 1977 449 3568 523; baseline -0.003 -16"><span class='ocrx_word' id='word_1_94' title='bbox 1977 463 2091 518; x_wconf 89' lang='lat' dir='ltr'><strong>tes,</strong></span> <span class='ocrx_word' id='word_1_95' title='bbox 2121 452 2385 523; x_wconf 80' lang='lat' dir='ltr'><strong>fugiamus</strong></span> <span class='ocrx_word' id='word_1_96' title='bbox 2427 453 2564 506; x_wconf 88' lang='lat' dir='ltr'><strong>mala</strong></span> <span class='ocrx_word' id='word_1_97' title='bbox 2609 451 2852 506; x_wconf 82' lang='lat' dir='ltr'><strong>convivia</strong></span> <span class='ocrx_word' id='word_1_98' title='bbox 2880 449 3198 505; x_wconf 90' lang='lat' dir='ltr'><strong>deliciarum</strong></span> <span class='ocrx_word' id='word_1_99' title='bbox 3228 458 3282 504; x_wconf 85' lang='lat' dir='ltr'><strong>et</strong></span> <span class='ocrx_word' id='word_1_100' title='bbox 3330 463 3568 503; x_wconf 82' lang='lat' dir='ltr'><strong>mensam</strong></span> 
     </span>
    </p>
   </div>
   <div class='ocr_carea' id='block_1_15' title="bbox 1978 541 3571 615">
    <p class='ocr_par' dir='ltr' id='par_1_15' title="bbox 1978 541 3571 615">
     <span class='ocr_line' id='line_1_15' title="bbox 1978 541 3571 615; baseline -0.004 -15"><span class='ocrx_word' id='word_1_101' title='bbox 1978 556 2259 602; x_wconf 86' lang='lat' dir='ltr'><strong>teneamus</strong></span> <span class='ocrx_word' id='word_1_102' title='bbox 2288 553 2547 602; x_wconf 85' lang='lat' dir='ltr'><strong>tenuem:</strong></span> <span class='ocrx_word' id='word_1_103' title='bbox 2579 555 2634 600; x_wconf 92' lang='lat' dir='ltr'><strong>ut</strong></span> <span class='ocrx_word' id='word_1_104' title='bbox 2673 554 2726 600; x_wconf 92' lang='lat' dir='ltr'><strong>et</strong></span> <span class='ocrx_word' id='word_1_105' title='bbox 2755 546 2932 600; x_wconf 91' lang='lat' dir='ltr'><strong>anima</strong></span> <span class='ocrx_word' id='word_1_106' title='bbox 2972 553 3028 600; x_wconf 91' lang='lat' dir='ltr'><strong>et</strong></span> <span class='ocrx_word' id='word_1_107' title='bbox 3054 559 3288 615; x_wconf 84' lang='lat' dir='ltr'><strong>corpore</strong></span> <span class='ocrx_word' id='word_1_108' title='bbox 3331 544 3473 598; x_wconf 83' lang='lat' dir='ltr'><strong>bene</strong></span> <span class='ocrx_word' id='word_1_109' title='bbox 3501 541 3571 595; x_wconf 66' lang='lat' dir='ltr'><strong>af.</strong></span> 
     </span>
    </p>
   </div>
   <div class='ocr_carea' id='block_1_16' title="bbox 1978 635 3574 708">
    <p class='ocr_par' dir='ltr' id='par_1_16' title="bbox 1978 635 3574 708">
     <span class='ocr_line' id='line_1_16' title="bbox 1978 635 3574 708; baseline -0.004 -16"><span class='ocrx_word' id='word_1_110' title='bbox 1978 636 2123 704; x_wconf 89' lang='lat' dir='ltr'><strong>fecti,</strong></span> <span class='ocrx_word' id='word_1_111' title='bbox 2151 651 2367 693; x_wconf 92' lang='lat' dir='ltr'><strong>omnem</strong></span> <span class='ocrx_word' id='word_1_112' title='bbox 2396 651 2685 708; x_wconf 92' lang='lat' dir='ltr'><strong>operemur</strong></span> <span class='ocrx_word' id='word_1_113' title='bbox 2712 637 2994 700; x_wconf 89' lang='lat' dir='ltr'><strong>virtutem,</strong></span> <span class='ocrx_word' id='word_1_114' title='bbox 3027 643 3082 690; x_wconf 92' lang='lat' dir='ltr'><strong>et</strong></span> <span class='ocrx_word' id='word_1_115' title='bbox 3109 637 3250 689; x_wconf 87' lang='lat' dir='ltr'><strong>bona</strong></span> <span class='ocrx_word' id='word_1_116' title='bbox 3283 635 3464 687; x_wconf 85' lang='lat' dir='ltr'><strong>futura</strong></span> <span class='ocrx_word' id='word_1_117' title='bbox 3495 647 3574 686; x_wconf 78' lang='lat' dir='ltr'><strong>as-</strong></span> 
     </span>
    </p>
   </div>
   <div class='ocr_carea' id='block_1_17' title="bbox 1979 723 3572 798">
    <p class='ocr_par' dir='ltr' id='par_1_17' title="bbox 1979 723 3572 798">
     <span class='ocr_line' id='line_1_17' title="bbox 1979 723 3572 798; baseline -0.004 -16"><span class='ocrx_word' id='word_1_118' title='bbox 1979 743 2301 797; x_wconf 88' lang='lat' dir='ltr'><strong>sequamur,</strong></span> <span class='ocrx_word' id='word_1_119' title='bbox 2332 728 2499 798; x_wconf 78' lang='lat' dir='ltr'><strong>gratia</strong></span> <span class='ocrx_word' id='word_1_120' title='bbox 2532 735 2586 782; x_wconf 91' lang='lat' dir='ltr'><strong>et</strong></span> <span class='ocrx_word' id='word_1_121' title='bbox 2617 727 2945 797; x_wconf 85' lang='lat' dir='ltr'><strong>benignitate</strong></span> <span class='ocrx_word' id='word_1_122' title='bbox 2976 725 3186 781; x_wconf 84' lang='lat' dir='ltr'><strong>Domini</strong></span> <span class='ocrx_word' id='word_1_123' title='bbox 3231 725 3407 780; x_wconf 84' lang='lat' dir='ltr'><strong>nostri</strong></span> <span class='ocrx_word' id='word_1_124' title='bbox 3451 723 3572 777; x_wconf 81' lang='lat' dir='ltr'><strong>Jesa</strong></span> 
     </span>
    </p>
   </div>
   <div class='ocr_carea' id='block_1_18' title="bbox 1980 816 3572 889">
    <p class='ocr_par' dir='ltr' id='par_1_18' title="bbox 1980 816 3572 889">
     <span class='ocr_line' id='line_1_18' title="bbox 1980 816 3572 889; baseline -0.004 -16"><span class='ocrx_word' id='word_1_125' title='bbox 1980 819 2214 884; x_wconf 84' lang='lat' dir='ltr'><strong>Christi,</strong></span> <span class='ocrx_word' id='word_1_126' title='bbox 2247 818 2462 889; x_wconf 91' lang='lat' dir='ltr'><strong>quicum</strong></span> <span class='ocrx_word' id='word_1_127' title='bbox 2493 818 2636 873; x_wconf 87' lang='lat' dir='ltr'><strong>Patri</strong></span> <span class='ocrx_word' id='word_1_128' title='bbox 2667 833 2882 888; x_wconf 89' lang='lat' dir='ltr'><strong>unaque</strong></span> <span class='ocrx_word' id='word_1_129' title='bbox 2899 817 3122 887; x_wconf 88' lang='lat' dir='ltr'><strong>Spiritui</strong></span> <span class='ocrx_word' id='word_1_130' title='bbox 3153 825 3352 872; x_wconf 85' lang='lat' dir='ltr'><strong>saneto</strong></span> <span class='ocrx_word' id='word_1_131' title='bbox 3373 816 3572 886; x_wconf 81' lang='lat' dir='ltr'><strong>gloria,</strong></span> 
     </span>
    </p>
   </div>
   <div class='ocr_carea' id='block_1_19' title="bbox 1983 908 3573 982">
    <p class='ocr_par' dir='ltr' id='par_1_19' title="bbox 1983 908 3573 982">
     <span class='ocr_line' id='line_1_19' title="bbox 1983 908 3573 982; baseline -0.003 -16"><span class='ocrx_word' id='word_1_132' title='bbox 1983 910 2298 980; x_wconf 90' lang='lat' dir='ltr'><strong>imperium,</strong></span> <span class='ocrx_word' id='word_1_133' title='bbox 2333 914 2540 977; x_wconf 82' lang='lat' dir='ltr'><strong>honor,</strong></span> <span class='ocrx_word' id='word_1_134' title='bbox 2590 925 2734 969; x_wconf 88' lang='lat' dir='ltr'><strong>nunc</strong></span> <span class='ocrx_word' id='word_1_135' title='bbox 2783 921 2838 968; x_wconf 89' lang='lat' dir='ltr'><strong>et</strong></span> <span class='ocrx_word' id='word_1_136' title='bbox 2885 925 3138 982; x_wconf 84' lang='lat' dir='ltr'><strong>semper,</strong></span> <span class='ocrx_word' id='word_1_137' title='bbox 3190 919 3247 966; x_wconf 88' lang='lat' dir='ltr'><strong>et</strong></span> <span class='ocrx_word' id='word_1_138' title='bbox 3291 909 3350 966; x_wconf 85' lang='lat' dir='ltr'><strong>in</strong></span> <span class='ocrx_word' id='word_1_139' title='bbox 3383 908 3573 962; x_wconf 58' lang='lat' dir='ltr'><strong>senda</strong></span> 
     </span>
    </p>
   </div>
   <div class='ocr_carea' id='block_1_20' title="bbox 1984 1001 2550 1058">
    <p class='ocr_par' dir='ltr' id='par_1_20' title="bbox 1984 1001 2550 1058">
     <span class='ocr_line' id='line_1_20' title="bbox 1984 1001 2550 1058; baseline 0 0"><span class='ocrx_word' id='word_1_140' title='bbox 1984 1001 2326 1058; x_wconf 83' lang='lat' dir='ltr'><strong>saeculorum.</strong></span> <span class='ocrx_word' id='word_1_141' title='bbox 2357 1002 2550 1058; x_wconf 85' lang='lat' dir='ltr'><strong>Amen.</strong></span> 
     </span>
    </p>
   </div>
   <div class='ocr_carea' id='block_1_21' title="bbox 293 1190 3576 1222">
    <p class='ocr_par' dir='ltr' id='par_1_21' title="bbox 293 1190 3576 1222">
     <span class='ocr_line' id='line_1_21' title="bbox 293 1190 3576 1222; baseline -0.002 0"><span class='ocrx_word' id='word_1_142' title='bbox 293 1190 3576 1222; x_wconf 50' lang='lat' dir='ltr'>MM</span> 
     </span>
    </p>
   </div>
   <div class='ocr_carea' id='block_1_22' title="bbox 1681 1277 2212 1345">
    <p class='ocr_par' dir='ltr' id='par_1_22' title="bbox 1681 1277 2212 1345">
     <span class='ocr_line' id='line_1_22' title="bbox 1681 1277 2212 1345; baseline -0.002 -7"><span class='ocrx_word' id='word_1_143' title='bbox 1681 1277 2031 1340; x_wconf 79' lang='lat' dir='ltr'><strong>HOMILIA</strong></span> <span class='ocrx_word' id='word_1_144' title='bbox 2073 1277 2212 1345; x_wconf 82' lang='lat' dir='ltr'><strong>XL.</strong></span> 
     </span>
    </p>
   </div>
   <div class='ocr_carea' id='block_1_23' title="bbox 293 1419 1883 1493">
    <p class='ocr_par' dir='ltr' id='par_1_23' title="bbox 293 1419 1883 1493">
     <span class='ocr_line' id='line_1_23' title="bbox 293 1419 1883 1493; baseline -0.003 -17"><span class='ocrx_word' id='word_1_145' title='bbox 293 1426 418 1476; x_wconf 57' lang='lat' dir='ltr'><strong>(Tir.</strong></span> <span class='ocrx_word' id='word_1_146' title='bbox 469 1423 554 1477; x_wconf 75' lang='grc'><strong>15.</strong></span> <span class='ocrx_word' id='word_1_147' title='bbox 597 1439 648 1476; x_wconf 93' lang='lat' dir='ltr'><strong>v.</strong></span> <span class='ocrx_word' id='word_1_148' title='bbox 679 1422 770 1477; x_wconf 73' lang='lat'><strong>29.</strong></span> <span class='ocrx_word' id='word_1_149' title='bbox 814 1422 1014 1492; x_wconf 79' lang='lat' dir='ltr'><strong>Alioqui</strong></span> <span class='ocrx_word' id='word_1_150' title='bbox 1041 1421 1164 1492; x_wconf 85' lang='lat' dir='ltr'><strong>quid</strong></span> <span class='ocrx_word' id='word_1_151' title='bbox 1208 1422 1392 1493; x_wconf 79' lang='lat' dir='ltr'><strong>facient</strong></span> <span class='ocrx_word' id='word_1_152' title='bbox 1430 1420 1516 1488; x_wconf 85' lang='lat' dir='ltr'><strong>qui</strong></span> <span class='ocrx_word' id='word_1_153' title='bbox 1561 1419 1883 1488; x_wconf 64' lang='lat' dir='ltr'><strong>baptizantur</strong></span> 
     </span>
    </p>
   </div>
   <div class='ocr_carea' id='block_1_24' title="bbox 368 1511 1882 1588">
    <p class='ocr_par' dir='ltr' id='par_1_24' title="bbox 368 1511 1882 1588">
     <span class='ocr_line' id='line_1_24' title="bbox 368 1511 1882 1588; baseline -0.004 -18"><span class='ocrx_word' id='word_1_154' title='bbox 368 1534 460 1588; x_wconf 86' lang='lat' dir='ltr'><strong>pro</strong></span> <span class='ocrx_word' id='word_1_155' title='bbox 491 1517 730 1583; x_wconf 76' lang='lat' dir='ltr'><strong>mannis,</strong></span> <span class='ocrx_word' id='word_1_156' title='bbox 764 1517 808 1571; x_wconf 80' lang='lat' dir='ltr'><strong>si</strong></span> <span class='ocrx_word' id='word_1_157' title='bbox 837 1516 1042 1570; x_wconf 81' lang='lat' dir='ltr'><strong>omnino</strong></span> <span class='ocrx_word' id='word_1_158' title='bbox 1071 1515 1256 1568; x_wconf 87' lang='lat' dir='ltr'><strong>mortui</strong></span> <span class='ocrx_word' id='word_1_159' title='bbox 1286 1530 1386 1568; x_wconf 88' lang='lat' dir='ltr'><strong>non</strong></span> <span class='ocrx_word' id='word_1_160' title='bbox 1413 1513 1724 1586; x_wconf 83' lang='lat' dir='ltr'><strong>resurgunt?</strong></span> <span class='ocrx_word' id='word_1_161' title='bbox 1760 1511 1882 1582; x_wconf 86' lang='lat' dir='ltr'><strong>quid</strong></span> 
     </span>
    </p>
   </div>
   <div class='ocr_carea' id='block_1_25' title="bbox 367 1606 1053 1678">
    <p class='ocr_par' dir='ltr' id='par_1_25' title="bbox 367 1606 1053 1678">
     <span class='ocr_line' id='line_1_25' title="bbox 367 1606 1053 1678; baseline -0.001 -17"><span class='ocrx_word' id='word_1_162' title='bbox 367 1618 414 1662; x_wconf 86' lang='lat' dir='ltr'><strong>et</strong></span> <span class='ocrx_word' id='word_1_163' title='bbox 443 1608 763 1678; x_wconf 80' lang='lat' dir='ltr'><strong>baptizantur</strong></span> <span class='ocrx_word' id='word_1_164' title='bbox 788 1623 880 1677; x_wconf 83' lang='lat' dir='ltr'><strong>pro</strong></span> <span class='ocrx_word' id='word_1_165' title='bbox 908 1606 1053 1660; x_wconf 82' lang='lat' dir='ltr'><strong>illis?</strong></span> 
     </span>
    </p>
   </div>
   <div class='ocr_carea' id='block_1_26' title="bbox 369 1694 1886 1764">
    <p class='ocr_par' dir='ltr' id='par_1_26' title="bbox 369 1694 1886 1764">
     <span class='ocr_line' id='line_1_26' title="bbox 369 1694 1886 1764; baseline -0.005 -10"><span class='ocrx_word' id='word_1_166' title='bbox 369 1702 423 1754; x_wconf 80' lang='grc'><strong>1.</strong></span> <span class='ocrx_word' id='word_1_167' title='bbox 466 1698 914 1753; x_wconf 79' lang='lat' dir='ltr'><strong>Marcionistarum</strong></span> <span class='ocrx_word' id='word_1_168' title='bbox 957 1698 1104 1752; x_wconf 81' lang='lat' dir='ltr'><strong>ritus.</strong></span> <span class='ocrx_word' id='word_1_169' title='bbox 1151 1727 1225 1738; x_wconf 91' lang='lat'>—</span> <span class='ocrx_word' id='word_1_170' title='bbox 1270 1694 1428 1751; x_wconf 90' lang='lat' dir='ltr'><strong>Aliud</strong></span> <span class='ocrx_word' id='word_1_171' title='bbox 1472 1709 1682 1750; x_wconf 88' lang='lat' dir='ltr'><strong>rursum</strong></span> <span class='ocrx_word' id='word_1_172' title='bbox 1727 1703 1886 1764; x_wconf 91' lang='lat' dir='ltr'><strong>caput</strong></span> 
     </span>
    </p>
   </div>
   <div class='ocr_carea' id='block_1_27' title="bbox 296 1787 1881 1863">
    <p class='ocr_par' dir='ltr' id='par_1_27' title="bbox 296 1787 1881 1863">
     <span class='ocr_line' id='line_1_27' title="bbox 296 1787 1881 1863; baseline -0.002 -18"><span class='ocrx_word' id='word_1_173' title='bbox 296 1791 632 1863; x_wconf 77' lang='lat' dir='ltr'><strong>aggreditur,</strong></span> <span class='ocrx_word' id='word_1_174' title='bbox 660 1790 946 1863; x_wconf 87' lang='lat' dir='ltr'><strong>aliquando</strong></span> <span class='ocrx_word' id='word_1_175' title='bbox 974 1791 1188 1862; x_wconf 86' lang='lat' dir='ltr'><strong>quidem</strong></span> <span class='ocrx_word' id='word_1_176' title='bbox 1217 1806 1283 1846; x_wconf 80' lang='lat' dir='ltr'><strong>ex</strong></span> <span class='ocrx_word' id='word_1_177' title='bbox 1311 1790 1376 1846; x_wconf 90' lang='lat' dir='ltr'><strong>iis</strong></span> <span class='ocrx_word' id='word_1_178' title='bbox 1400 1805 1520 1860; x_wconf 73' lang='lat' dir='ltr'><strong>qnte</strong></span> <span class='ocrx_word' id='word_1_179' title='bbox 1550 1789 1689 1844; x_wconf 88' lang='lat' dir='ltr'><strong>Deus</strong></span> <span class='ocrx_word' id='word_1_180' title='bbox 1720 1787 1881 1854; x_wconf 91' lang='lat' dir='ltr'><strong>facit,</strong></span> 
     </span>
    </p>
   </div>
   <div class='ocr_carea' id='block_1_28' title="bbox 296 1882 1888 1958">
    <p class='ocr_par' dir='ltr' id='par_1_28' title="bbox 296 1882 1888 1958">
     <span class='ocr_line' id='line_1_28' title="bbox 296 1882 1888 1958; baseline -0.004 -17"><span class='ocrx_word' id='word_1_181' title='bbox 296 1885 584 1958; x_wconf 86' lang='lat' dir='ltr'><strong>aliquando</strong></span> <span class='ocrx_word' id='word_1_182' title='bbox 612 1895 790 1940; x_wconf 90' lang='lat' dir='ltr'><strong>autem</strong></span> <span class='ocrx_word' id='word_1_183' title='bbox 821 1901 886 1941; x_wconf 83' lang='lat' dir='ltr'><strong>ex</strong></span> <span class='ocrx_word' id='word_1_184' title='bbox 933 1884 997 1938; x_wconf 87' lang='lat' dir='ltr'><strong>iis</strong></span> <span class='ocrx_word' id='word_1_185' title='bbox 1037 1899 1158 1955; x_wconf 78' lang='lat' dir='ltr'><strong>qua:</strong></span> <span class='ocrx_word' id='word_1_186' title='bbox 1188 1882 1286 1952; x_wconf 83' lang='lat' dir='ltr'><strong>ipsi</strong></span> <span class='ocrx_word' id='word_1_187' title='bbox 1324 1891 1526 1954; x_wconf 84' lang='lat' dir='ltr'><strong>agunt,</strong></span> <span class='ocrx_word' id='word_1_188' title='bbox 1564 1882 1794 1952; x_wconf 88' lang='lat' dir='ltr'><strong>probans</strong></span> <span class='ocrx_word' id='word_1_189' title='bbox 1823 1895 1888 1934; x_wconf 90' lang='lat' dir='ltr'><strong>ea</strong></span> 
     </span>
    </p>
   </div>
   <div class='ocr_carea' id='block_1_29' title="bbox 299 1974 1888 2053">
    <p class='ocr_par' dir='ltr' id='par_1_29' title="bbox 299 1974 1888 2053">
     <span class='ocr_line' id='line_1_29' title="bbox 299 1974 1888 2053; baseline -0.004 -21"><span class='ocrx_word' id='word_1_190' title='bbox 299 1995 418 2053; x_wconf 75' lang='lat' dir='ltr'><strong>qua:</strong></span> <span class='ocrx_word' id='word_1_191' title='bbox 459 1979 728 2047; x_wconf 88' lang='lat' dir='ltr'><strong>dicuntur.</strong></span> <span class='ocrx_word' id='word_1_192' title='bbox 771 1977 868 2034; x_wconf 87' lang='lat' dir='ltr'><strong>Est</strong></span> <span class='ocrx_word' id='word_1_193' title='bbox 909 1987 1086 2033; x_wconf 90' lang='lat' dir='ltr'><strong>autem</strong></span> <span class='ocrx_word' id='word_1_194' title='bbox 1127 1977 1230 2032; x_wconf 87' lang='lat' dir='ltr'><strong>hoc</strong></span> <span class='ocrx_word' id='word_1_195' title='bbox 1271 1977 1336 2030; x_wconf 90' lang='lat' dir='ltr'><strong>ad</strong></span> <span class='ocrx_word' id='word_1_196' title='bbox 1379 1974 1747 2030; x_wconf 85' lang='lat' dir='ltr'><strong>defensionem</strong></span> <span class='ocrx_word' id='word_1_197' title='bbox 1779 1987 1888 2027; x_wconf 90' lang='lat' dir='ltr'><strong>non</strong></span> 
     </span>
    </p>
   </div>
   <div class='ocr_carea' id='block_1_30' title="bbox 302 2064 1886 2143">
    <p class='ocr_par' dir='ltr' id='par_1_30' title="bbox 302 2064 1886 2143">
     <span class='ocr_line' id='line_1_30' title="bbox 302 2064 1886 2143; baseline -0.004 -20"><span class='ocrx_word' id='word_1_198' title='bbox 302 2086 522 2141; x_wconf 88' lang='lat' dir='ltr'><strong>parvum</strong></span> <span class='ocrx_word' id='word_1_199' title='bbox 551 2078 924 2140; x_wconf 81' lang='lat' dir='ltr'><strong>argumentum</strong></span> <span class='ocrx_word' id='word_1_200' title='bbox 952 2110 966 2133; x_wconf 93' lang='lat'><strong>,</strong></span> <span class='ocrx_word' id='word_1_201' title='bbox 998 2067 1212 2143; x_wconf 85' lang='lat' dir='ltr'><strong>quando</strong></span> <span class='ocrx_word' id='word_1_202' title='bbox 1236 2082 1331 2123; x_wconf 91' lang='lat' dir='ltr'><strong>eos</strong></span> <span class='ocrx_word' id='word_1_203' title='bbox 1359 2067 1449 2137; x_wconf 87' lang='lat' dir='ltr'><strong>qui</strong></span> <span class='ocrx_word' id='word_1_204' title='bbox 1477 2064 1847 2122; x_wconf 85' lang='lat' dir='ltr'><strong>contradicunt</strong></span> <span class='ocrx_word' id='word_1_205' title='bbox 1869 2104 1886 2130; x_wconf 95' lang='lat'><strong>,</strong></span> 
     </span>
    </p>
   </div>
   <div class='ocr_carea' id='block_1_31' title="bbox 301 2146 1890 2235">
    <p class='ocr_par' dir='ltr' id='par_1_31' title="bbox 301 2146 1890 2235">
     <span class='ocr_line' id='line_1_31' title="bbox 301 2146 1890 2235; baseline -0.004 -28"><span class='ocrx_word' id='word_1_206' title='bbox 301 2153 518 2210; x_wconf 79' lang='lat' dir='ltr'><strong>adducit</strong></span> <span class='ocrx_word' id='word_1_207' title='bbox 557 2162 720 2208; x_wconf 88' lang='lat' dir='ltr'><strong>testes</strong></span> <span class='ocrx_word' id='word_1_208' title='bbox 760 2168 947 2218; x_wconf 88' lang='lat' dir='ltr'><strong>eorum</strong></span> <span class='ocrx_word' id='word_1_209' title='bbox 987 2169 1108 2235; x_wconf 74' lang='lat' dir='ltr'><strong>qua:</strong></span> <span class='ocrx_word' id='word_1_210' title='bbox 1137 2153 1386 2207; x_wconf 89' lang='lat' dir='ltr'><strong>dicuntur</strong></span> <span class='ocrx_word' id='word_1_211' title='bbox 1409 2192 1425 2219; x_wconf 95' lang='lat'><strong>,</strong></span> <span class='ocrx_word' id='word_1_212' title='bbox 1456 2166 1550 2220; x_wconf 91' lang='lat' dir='ltr'><strong>per</strong></span> <span class='ocrx_word' id='word_1_213' title='bbox 1579 2165 1640 2205; x_wconf 86' lang='lat' dir='ltr'><strong>ea</strong></span> <span class='ocrx_word' id='word_1_214' title='bbox 1669 2165 1786 2219; x_wconf 77' lang='lat' dir='ltr'><strong>qua:</strong></span> <span class='ocrx_word' id='word_1_215' title='bbox 1812 2146 1890 2201; x_wconf 88' lang='lat' dir='ltr'><strong>fa-</strong></span> 
     </span>
    </p>
   </div>
   <div class='ocr_carea' id='block_1_32' title="bbox 301 2241 1890 2316">
    <p class='ocr_par' dir='ltr' id='par_1_32' title="bbox 301 2241 1890 2316">
     <span class='ocr_line' id='line_1_32' title="bbox 301 2241 1890 2316; baseline -0.006 -14"><span class='ocrx_word' id='word_1_216' title='bbox 301 2247 470 2302; x_wconf 90' lang='lat' dir='ltr'><strong>ciunt.</strong></span> <span class='ocrx_word' id='word_1_217' title='bbox 508 2245 645 2314; x_wconf 87' lang='lat' dir='ltr'><strong>Quid</strong></span> <span class='ocrx_word' id='word_1_218' title='bbox 684 2254 766 2302; x_wconf 91' lang='lat' dir='ltr'><strong>est</strong></span> <span class='ocrx_word' id='word_1_219' title='bbox 803 2261 932 2316; x_wconf 82' lang='lat' dir='ltr'><strong>ergo</strong></span> <span class='ocrx_word' id='word_1_220' title='bbox 961 2245 1104 2316; x_wconf 88' lang='lat' dir='ltr'><strong>quod</strong></span> <span class='ocrx_word' id='word_1_221' title='bbox 1145 2244 1318 2300; x_wconf 86' lang='lat' dir='ltr'><strong>dicit?</strong></span> <span class='ocrx_word' id='word_1_222' title='bbox 1360 2259 1429 2298; x_wconf 93' lang='lat' dir='ltr'><strong>an</strong></span> <span class='ocrx_word' id='word_1_223' title='bbox 1461 2242 1622 2299; x_wconf 86' lang='lat' dir='ltr'><strong>vultis</strong></span> <span class='ocrx_word' id='word_1_224' title='bbox 1661 2241 1890 2313; x_wconf 90' lang='lat' dir='ltr'><strong>primum</strong></span> 
     </span>
    </p>
   </div>
   <div class='ocr_carea' id='block_1_33' title="bbox 303 2337 1894 2411">
    <p class='ocr_par' dir='ltr' id='par_1_33' title="bbox 303 2337 1894 2411">
     <span class='ocr_line' id='line_1_33' title="bbox 303 2337 1894 2411; baseline -0.004 -18"><span class='ocrx_word' id='word_1_225' title='bbox 303 2340 501 2405; x_wconf 71' lang='lat' dir='ltr'><strong>dicant,</strong></span> <span class='ocrx_word' id='word_1_226' title='bbox 533 2337 801 2411; x_wconf 92' lang='lat' dir='ltr'><strong>quomodo</strong></span> <span class='ocrx_word' id='word_1_227' title='bbox 828 2338 966 2394; x_wconf 87' lang='lat' dir='ltr'><strong>banc</strong></span> <span class='ocrx_word' id='word_1_228' title='bbox 991 2338 1277 2395; x_wconf 83' lang='lat' dir='ltr'><strong>dictionem</strong></span> <span class='ocrx_word' id='word_1_229' title='bbox 1305 2337 1609 2402; x_wconf 81' lang='lat' dir='ltr'><strong>adulteram</strong></span> <span class='ocrx_word' id='word_1_230' title='bbox 1633 2337 1721 2406; x_wconf 88' lang='lat' dir='ltr'><strong>qui</strong></span> <span class='ocrx_word' id='word_1_231' title='bbox 1750 2349 1894 2390; x_wconf 81' lang='lat' dir='ltr'><strong>mor-</strong></span> 
     </span>
    </p>
   </div>
   <div class='ocr_carea' id='block_1_34' title="bbox 307 2427 1897 2499">
    <p class='ocr_par' dir='ltr' id='par_1_34' title="bbox 307 2427 1897 2499">
     <span class='ocr_line' id='line_1_34' title="bbox 307 2427 1897 2499; baseline -0.004 -12"><span class='ocrx_word' id='word_1_232' title='bbox 307 2435 377 2487; x_wconf 87' lang='lat' dir='ltr'><strong>bo</strong></span> <span class='ocrx_word' id='word_1_233' title='bbox 419 2432 663 2488; x_wconf 84' lang='lat' dir='ltr'><strong>laborant</strong></span> <span class='ocrx_word' id='word_1_234' title='bbox 702 2429 1028 2486; x_wconf 81' lang='lat' dir='ltr'><strong>Marcionis?</strong></span> <span class='ocrx_word' id='word_1_235' title='bbox 1069 2431 1244 2499; x_wconf 87' lang='lat' dir='ltr'><strong>Atque</strong></span> <span class='ocrx_word' id='word_1_236' title='bbox 1286 2431 1398 2484; x_wconf 91' lang='lat' dir='ltr'><strong>scio</strong></span> <span class='ocrx_word' id='word_1_237' title='bbox 1437 2429 1651 2499; x_wconf 89' lang='lat' dir='ltr'><strong>quidem</strong></span> <span class='ocrx_word' id='word_1_238' title='bbox 1693 2427 1808 2482; x_wconf 85' lang='lat' dir='ltr'><strong>fore</strong></span> <span class='ocrx_word' id='word_1_239' title='bbox 1840 2435 1897 2481; x_wconf 90' lang='lat' dir='ltr'><strong>ut</strong></span> 
     </span>
    </p>
   </div>
   <div class='ocr_carea' id='block_1_35' title="bbox 307 2521 1897 2590">
    <p class='ocr_par' dir='ltr' id='par_1_35' title="bbox 307 2521 1897 2590">
     <span class='ocr_line' id='line_1_35' title="bbox 307 2521 1897 2590; baseline -0.003 -12"><span class='ocrx_word' id='word_1_240' title='bbox 307 2525 474 2579; x_wconf 84' lang='lat' dir='ltr'><strong>risum</strong></span> <span class='ocrx_word' id='word_1_241' title='bbox 504 2524 726 2578; x_wconf 89' lang='lat' dir='ltr'><strong>multum</strong></span> <span class='ocrx_word' id='word_1_242' title='bbox 755 2537 1037 2589; x_wconf 88' lang='lat' dir='ltr'><strong>moveam;</strong></span> <span class='ocrx_word' id='word_1_243' title='bbox 1069 2538 1253 2578; x_wconf 90' lang='lat' dir='ltr'><strong>verum</strong></span> <span class='ocrx_word' id='word_1_244' title='bbox 1282 2521 1442 2578; x_wconf 89' lang='lat' dir='ltr'><strong>etiam</strong></span> <span class='ocrx_word' id='word_1_245' title='bbox 1474 2531 1753 2590; x_wconf 90' lang='lat' dir='ltr'><strong>pr0pterea</strong></span> <span class='ocrx_word' id='word_1_246' title='bbox 1784 2534 1897 2581; x_wconf 82' lang='lat' dir='ltr'><strong>ma-</strong></span> 
     </span>
    </p>
   </div>
   <div class='ocr_carea' id='block_1_36' title="bbox 309 2609 1896 2689">
    <p class='ocr_par' dir='ltr' id='par_1_36' title="bbox 309 2609 1896 2689">
     <span class='ocr_line' id='line_1_36' title="bbox 309 2609 1896 2689; baseline -0.005 -20"><span class='ocrx_word' id='word_1_247' title='bbox 309 2618 452 2689; x_wconf 71' lang='lat' dir='ltr'><strong>xime</strong></span> <span class='ocrx_word' id='word_1_248' title='bbox 481 2616 687 2682; x_wconf 85' lang='lat' dir='ltr'><strong>dicam,</strong></span> <span class='ocrx_word' id='word_1_249' title='bbox 712 2622 772 2670; x_wconf 86' lang='lat' dir='ltr'><strong>ut</strong></span> <span class='ocrx_word' id='word_1_250' title='bbox 800 2615 1014 2670; x_wconf 91' lang='lat' dir='ltr'><strong>illorum</strong></span> <span class='ocrx_word' id='word_1_251' title='bbox 1042 2614 1284 2669; x_wconf 91' lang='lat' dir='ltr'><strong>morbum</strong></span> <span class='ocrx_word' id='word_1_252' title='bbox 1311 2611 1476 2682; x_wconf 88' lang='lat' dir='ltr'><strong>magis</strong></span> <span class='ocrx_word' id='word_1_253' title='bbox 1506 2610 1734 2682; x_wconf 85' lang='lat' dir='ltr'><strong>fugiatis.</strong></span> <span class='ocrx_word' id='word_1_254' title='bbox 1765 2609 1896 2664; x_wconf 82' lang='lat' dir='ltr'><strong>Nam</strong></span> 
     </span>
    </p>
   </div>
   <div class='ocr_carea' id='block_1_37' title="bbox 313 2704 1896 2780">
    <p class='ocr_par' dir='ltr' id='par_1_37' title="bbox 313 2704 1896 2780">
     <span class='ocr_line' id='line_1_37' title="bbox 313 2704 1896 2780; baseline -0.004 -18"><span class='ocrx_word' id='word_1_255' title='bbox 313 2719 591 2780; x_wconf 61' lang='grc' dir='ltr'><strong>νπδιιμιςιηι</strong></span> <span class='ocrx_word' id='word_1_256' title='bbox 608 2708 1020 2763; x_wconf 81' lang='lat' dir='ltr'><strong>catechumenos</strong></span> <span class='ocrx_word' id='word_1_257' title='bbox 1036 2706 1297 2778; x_wconf 88' lang='lat' dir='ltr'><strong>quispiam</strong></span> <span class='ocrx_word' id='word_1_258' title='bbox 1315 2704 1454 2777; x_wconf 92' lang='lat' dir='ltr'><strong>apud</strong></span> <span class='ocrx_word' id='word_1_259' title='bbox 1471 2720 1564 2760; x_wconf 92' lang='lat' dir='ltr'><strong>cos</strong></span> <span class='ocrx_word' id='word_1_260' title='bbox 1579 2704 1896 2770; x_wconf 87' lang='lat' dir='ltr'><strong>excesserit,</strong></span> 
     </span>
    </p>
   </div>
   <div class='ocr_carea' id='block_1_38' title="bbox 311 2793 1901 2869">
    <p class='ocr_par' dir='ltr' id='par_1_38' title="bbox 311 2793 1901 2869">
     <span class='ocr_line' id='line_1_38' title="bbox 311 2793 1901 2869; baseline -0.004 -15"><span class='ocrx_word' id='word_1_261' title='bbox 311 2803 413 2865; x_wconf 64' lang='lat' dir='ltr'><strong>sub</strong></span> <span class='ocrx_word' id='word_1_262' title='bbox 432 2802 570 2869; x_wconf 85' lang='lat' dir='ltr'><strong>lecto</strong></span> <span class='ocrx_word' id='word_1_263' title='bbox 591 2801 784 2854; x_wconf 90' lang='lat' dir='ltr'><strong>mortui</strong></span> <span class='ocrx_word' id='word_1_264' title='bbox 807 2800 1070 2855; x_wconf 90' lang='lat' dir='ltr'><strong>absconso</strong></span> <span class='ocrx_word' id='word_1_265' title='bbox 1093 2798 1270 2869; x_wconf 91' lang='lat' dir='ltr'><strong>aliquo</strong></span> <span class='ocrx_word' id='word_1_266' title='bbox 1294 2798 1523 2864; x_wconf 89' lang='lat' dir='ltr'><strong>vivente,</strong></span> <span class='ocrx_word' id='word_1_267' title='bbox 1553 2795 1812 2852; x_wconf 87' lang='lat' dir='ltr'><strong>accedunt</strong></span> <span class='ocrx_word' id='word_1_268' title='bbox 1831 2793 1901 2849; x_wconf 86' lang='lat' dir='ltr'><strong>ad</strong></span> 
     </span>
    </p>
   </div>
   <div class='ocr_carea' id='block_1_39' title="bbox 316 2889 1902 2964">
    <p class='ocr_par' dir='ltr' id='par_1_39' title="bbox 316 2889 1902 2964">
     <span class='ocr_line' id='line_1_39' title="bbox 316 2889 1902 2964; baseline -0.001 -18"><span class='ocrx_word' id='word_1_269' title='bbox 316 2903 580 2947; x_wconf 88' lang='lat' dir='ltr'><strong>mortumn</strong></span> <span class='ocrx_word' id='word_1_270' title='bbox 624 2900 678 2947; x_wconf 92' lang='lat' dir='ltr'><strong>et</strong></span> <span class='ocrx_word' id='word_1_271' title='bbox 721 2893 1061 2961; x_wconf 86' lang='lat' dir='ltr'><strong>alloquuntur</strong></span> <span class='ocrx_word' id='word_1_272' title='bbox 1098 2898 1390 2964; x_wconf 85' lang='lat' dir='ltr'><strong>rogantque</strong></span> <span class='ocrx_word' id='word_1_273' title='bbox 1425 2889 1624 2944; x_wconf 76' lang='lat' dir='ltr'><strong>velitne</strong></span> <span class='ocrx_word' id='word_1_274' title='bbox 1660 2889 1902 2957; x_wconf 88' lang='lat' dir='ltr'><strong>accipere</strong></span> 
     </span>
    </p>
   </div>
   <div class='ocr_carea' id='block_1_40' title="bbox 315 2980 1905 3056">
    <p class='ocr_par' dir='ltr' id='par_1_40' title="bbox 315 2980 1905 3056">
     <span class='ocr_line' id='line_1_40' title="bbox 315 2980 1905 3056; baseline -0.003 -17"><span class='ocrx_word' id='word_1_275' title='bbox 315 2985 633 3056; x_wconf 80' lang='lat' dir='ltr'><strong>baptismum</strong></span> <span class='ocrx_word' id='word_1_276' title='bbox 665 3000 679 3039; x_wconf 87' lang='lat'>:</span> <span class='ocrx_word' id='word_1_277' title='bbox 708 2981 902 3052; x_wconf 86' lang='lat' dir='ltr'><strong>deinde</strong></span> <span class='ocrx_word' id='word_1_278' title='bbox 947 2981 1038 3036; x_wconf 91' lang='lat' dir='ltr'><strong>illo</strong></span> <span class='ocrx_word' id='word_1_279' title='bbox 1079 2980 1211 3036; x_wconf 85' lang='lat' dir='ltr'><strong>nihil</strong></span> <span class='ocrx_word' id='word_1_280' title='bbox 1252 2981 1650 3052; x_wconf 86' lang='lat' dir='ltr'><strong>respondente,</strong></span> <span class='ocrx_word' id='word_1_281' title='bbox 1692 2980 1781 3050; x_wconf 90' lang='lat' dir='ltr'><strong>qui</strong></span> <span class='ocrx_word' id='word_1_282' title='bbox 1821 2987 1905 3035; x_wconf 89' lang='lat' dir='ltr'><strong>est</strong></span> 
     </span>
    </p>
   </div>
   <div class='ocr_carea' id='block_1_41' title="bbox 315 3071 1902 3149">
    <p class='ocr_par' dir='ltr' id='par_1_41' title="bbox 315 3071 1902 3149">
     <span class='ocr_line' id='line_1_41' title="bbox 315 3071 1902 3149; baseline -0.004 -17"><span class='ocrx_word' id='word_1_283' title='bbox 315 3079 610 3149; x_wconf 86' lang='lat' dir='ltr'><strong>absconsus</strong></span> <span class='ocrx_word' id='word_1_284' title='bbox 639 3075 847 3132; x_wconf 87' lang='lat' dir='ltr'><strong>inferne</strong></span> <span class='ocrx_word' id='word_1_285' title='bbox 870 3117 885 3144; x_wconf 95' lang='lat'><strong>,</strong></span> <span class='ocrx_word' id='word_1_286' title='bbox 929 3090 1025 3147; x_wconf 88' lang='lat' dir='ltr'><strong>pro</strong></span> <span class='ocrx_word' id='word_1_287' title='bbox 1067 3073 1160 3129; x_wconf 94' lang='lat' dir='ltr'><strong>illo</strong></span> <span class='ocrx_word' id='word_1_288' title='bbox 1190 3072 1318 3142; x_wconf 87' lang='lat' dir='ltr'><strong>dicit</strong></span> <span class='ocrx_word' id='word_1_289' title='bbox 1347 3088 1407 3129; x_wconf 92' lang='lat' dir='ltr'><strong>se</strong></span> <span class='ocrx_word' id='word_1_290' title='bbox 1436 3073 1573 3129; x_wconf 87' lang='lat' dir='ltr'><strong>velle</strong></span> <span class='ocrx_word' id='word_1_291' title='bbox 1607 3071 1861 3142; x_wconf 87' lang='lat' dir='ltr'><strong>baptizari</strong></span> <span class='ocrx_word' id='word_1_292' title='bbox 1885 3085 1902 3138; x_wconf 89' lang='lat'><strong>;</strong></span> 
     </span>
    </p>
   </div>
   <div class='ocr_carea' id='block_1_42' title="bbox 315 3165 1908 3244">
    <p class='ocr_par' dir='ltr' id='par_1_42' title="bbox 315 3165 1908 3244">
     <span class='ocr_line' id='line_1_42' title="bbox 315 3165 1908 3244; baseline -0.003 -20"><span class='ocrx_word' id='word_1_293' title='bbox 315 3181 372 3224; x_wconf 91' lang='lat' dir='ltr'><strong>et</strong></span> <span class='ocrx_word' id='word_1_294' title='bbox 400 3172 476 3226; x_wconf 86' lang='lat' dir='ltr'><strong>sic</strong></span> <span class='ocrx_word' id='word_1_295' title='bbox 505 3186 625 3225; x_wconf 90' lang='lat' dir='ltr'><strong>eum</strong></span> <span class='ocrx_word' id='word_1_296' title='bbox 658 3169 931 3240; x_wconf 85' lang='lat' dir='ltr'><strong>baptizant</strong></span> <span class='ocrx_word' id='word_1_297' title='bbox 962 3183 1057 3244; x_wconf 87' lang='lat' dir='ltr'><strong>pro</strong></span> <span class='ocrx_word' id='word_1_298' title='bbox 1083 3181 1150 3222; x_wconf 89' lang='lat' dir='ltr'><strong>eo</strong></span> <span class='ocrx_word' id='word_1_299' title='bbox 1178 3166 1266 3241; x_wconf 88' lang='lat' dir='ltr'><strong>qui</strong></span> <span class='ocrx_word' id='word_1_300' title='bbox 1295 3165 1525 3226; x_wconf 88' lang='lat' dir='ltr'><strong>excessit</strong></span> <span class='ocrx_word' id='word_1_301' title='bbox 1548 3205 1563 3229; x_wconf 87' lang='lat'><strong>,</strong></span> <span class='ocrx_word' id='word_1_302' title='bbox 1594 3165 1814 3235; x_wconf 87' lang='lat' dir='ltr'><strong>perinde</strong></span> <span class='ocrx_word' id='word_1_303' title='bbox 1843 3178 1908 3220; x_wconf 90' lang='lat' dir='ltr'><strong>ac</strong></span> 
     </span>
    </p>
   </div>
   <div class='ocr_carea' id='block_1_43' title="bbox 315 3246 1908 3334">
    <p class='ocr_par' dir='ltr' id='par_1_43' title="bbox 315 3246 1908 3334">
     <span class='ocr_line' id='line_1_43' title="bbox 315 3246 1908 3334; baseline -0.005 -17"><span class='ocrx_word' id='word_1_304' title='bbox 315 3280 360 3317; x_wconf 78' lang='grc' dir='ltr'><strong>ει</strong></span> <span class='ocrx_word' id='word_1_305' title='bbox 392 3262 444 3318; x_wconf 91' lang='lat' dir='ltr'><strong>in</strong></span> <span class='ocrx_word' id='word_1_306' title='bbox 475 3277 634 3317; x_wconf 79' lang='lat' dir='ltr'><strong>scena</strong></span> <span class='ocrx_word' id='word_1_307' title='bbox 664 3261 907 3316; x_wconf 88' lang='lat' dir='ltr'><strong>luderent</strong></span> <span class='ocrx_word' id='word_1_308' title='bbox 939 3246 1182 3334; x_wconf 51' lang='lat' dir='ltr'><strong>{tantum</strong></span> <span class='ocrx_word' id='word_1_309' title='bbox 1212 3258 1376 3331; x_wconf 87' lang='lat' dir='ltr'><strong>valuit</strong></span> <span class='ocrx_word' id='word_1_310' title='bbox 1404 3256 1654 3312; x_wconf 89' lang='lat' dir='ltr'><strong>diabolus</strong></span> <span class='ocrx_word' id='word_1_311' title='bbox 1680 3255 1733 3310; x_wconf 90' lang='lat' dir='ltr'><strong>in</strong></span> <span class='ocrx_word' id='word_1_312' title='bbox 1760 3257 1908 3326; x_wconf 84' lang='lat' dir='ltr'><strong>igna-</strong></span> 
     </span>
    </p>
   </div>
   <div class='ocr_carea' id='block_1_44' title="bbox 315 3350 1910 3414">
    <p class='ocr_par' dir='ltr' id='par_1_44' title="bbox 315 3350 1910 3414">
     <span class='ocr_line' id='line_1_44' title="bbox 315 3350 1910 3414; baseline -0.002 -7"><span class='ocrx_word' id='word_1_313' title='bbox 315 3372 504 3411; x_wconf 81' lang='lat' dir='ltr'><strong>verum</strong></span> <span class='ocrx_word' id='word_1_314' title='bbox 531 3355 744 3410; x_wconf 89' lang='lat' dir='ltr'><strong>animis.</strong></span> <span class='ocrx_word' id='word_1_315' title='bbox 772 3351 974 3408; x_wconf 90' lang='lat' dir='ltr'><strong>Deinde</strong></span> <span class='ocrx_word' id='word_1_316' title='bbox 997 3367 1120 3407; x_wconf 90' lang='lat' dir='ltr'><strong>cum</strong></span> <span class='ocrx_word' id='word_1_317' title='bbox 1147 3360 1489 3414; x_wconf 88' lang='lat' dir='ltr'><strong>accusantur,</strong></span> <span class='ocrx_word' id='word_1_318' title='bbox 1513 3350 1785 3404; x_wconf 87' lang='lat' dir='ltr'><strong>adducunt</strong></span> <span class='ocrx_word' id='word_1_319' title='bbox 1808 3350 1910 3404; x_wconf 91' lang='lat' dir='ltr'><strong>boe</strong></span> 
     </span>
    </p>
   </div>
   <div class='ocr_carea' id='block_1_45' title="bbox 317 3441 1912 3521">
    <p class='ocr_par' dir='ltr' id='par_1_45' title="bbox 317 3441 1912 3521">
     <span class='ocr_line' id='line_1_45' title="bbox 317 3441 1912 3521; baseline -0.005 -21"><span class='ocrx_word' id='word_1_320' title='bbox 317 3449 542 3502; x_wconf 81' lang='lat' dir='ltr'><strong>verbum</strong></span> <span class='ocrx_word' id='word_1_321' title='bbox 563 3488 578 3512; x_wconf 94' lang='lat'><strong>,</strong></span> <span class='ocrx_word' id='word_1_322' title='bbox 606 3446 848 3501; x_wconf 89' lang='lat' dir='ltr'><strong>dicentes</strong></span> <span class='ocrx_word' id='word_1_323' title='bbox 867 3446 1180 3521; x_wconf 86' lang='lat' dir='ltr'><strong>Apostolum</strong></span> <span class='ocrx_word' id='word_1_324' title='bbox 1208 3441 1430 3518; x_wconf 80' lang='lat' dir='ltr'><strong>dixisse,</strong></span> <span class='ocrx_word' id='word_1_325' title='bbox 1467 3442 1566 3520; x_wconf 83' lang='lat' dir='ltr'><strong>Qui</strong></span> <span class='ocrx_word' id='word_1_326' title='bbox 1593 3441 1912 3512; x_wconf 78' lang='lat' dir='ltr'><strong>baptizantur</strong></span> 
     </span>
    </p>
   </div>
   <div class='ocr_carea' id='block_1_46' title="bbox 321 3533 1912 3612">
    <p class='ocr_par' dir='ltr' id='par_1_46' title="bbox 321 3533 1912 3612">
     <span class='ocr_line' id='line_1_46' title="bbox 321 3533 1912 3612; baseline -0.003 -19"><span class='ocrx_word' id='word_1_327' title='bbox 321 3559 416 3612; x_wconf 84' lang='lat' dir='ltr'><strong>pro</strong></span> <span class='ocrx_word' id='word_1_328' title='bbox 439 3541 671 3595; x_wconf 77' lang='lat' dir='ltr'><strong>mortuis.</strong></span> <span class='ocrx_word' id='word_1_329' title='bbox 698 3538 940 3594; x_wconf 72' lang='lat' dir='ltr'><strong>Vidistin’</strong></span> <span class='ocrx_word' id='word_1_330' title='bbox 962 3552 1206 3610; x_wconf 81' lang='lat' dir='ltr'><strong>magnam</strong></span> <span class='ocrx_word' id='word_1_331' title='bbox 1229 3535 1571 3591; x_wconf 88' lang='lat' dir='ltr'><strong>irrisionem?</strong></span> <span class='ocrx_word' id='word_1_332' title='bbox 1592 3533 1912 3596; x_wconf 70' lang='lat' dir='ltr'><strong>Convenitne</strong></span> 
     </span>
    </p>
   </div>
   <div class='ocr_carea' id='block_1_47' title="bbox 322 3625 1909 3705">
    <p class='ocr_par' dir='ltr' id='par_1_47' title="bbox 322 3625 1909 3705">
     <span class='ocr_line' id='line_1_47' title="bbox 322 3625 1909 3705; baseline -0.004 -21"><span class='ocrx_word' id='word_1_333' title='bbox 322 3633 580 3688; x_wconf 83' lang='lat' dir='ltr'><strong>adversus</strong></span> <span class='ocrx_word' id='word_1_334' title='bbox 612 3647 671 3686; x_wconf 91' lang='lat' dir='ltr'><strong>ca</strong></span> <span class='ocrx_word' id='word_1_335' title='bbox 709 3630 1048 3704; x_wconf 76' lang='lat' dir='ltr'><strong>disceptare?</strong></span> <span class='ocrx_word' id='word_1_336' title='bbox 1088 3629 1202 3705; x_wconf 73' lang='lat' dir='ltr'><strong>Ego</strong></span> <span class='ocrx_word' id='word_1_337' title='bbox 1240 3627 1454 3698; x_wconf 90' lang='lat' dir='ltr'><strong>quidem</strong></span> <span class='ocrx_word' id='word_1_338' title='bbox 1494 3641 1601 3682; x_wconf 91' lang='lat' dir='ltr'><strong>non</strong></span> <span class='ocrx_word' id='word_1_339' title='bbox 1640 3625 1909 3684; x_wconf 86' lang='lat' dir='ltr'><strong>arbitror:</strong></span> 
     </span>
    </p>
   </div>
   <div class='ocr_carea' id='block_1_48' title="bbox 324 3717 1912 3802">
    <p class='ocr_par' dir='ltr' id='par_1_48' title="bbox 324 3717 1912 3802">
     <span class='ocr_line' id='line_1_48' title="bbox 324 3717 1912 3802; baseline -0.006 -22"><span class='ocrx_word' id='word_1_340' title='bbox 324 3727 427 3802; x_wconf 85' lang='lat' dir='ltr'><strong>nisi</strong></span> <span class='ocrx_word' id='word_1_341' title='bbox 454 3725 720 3780; x_wconf 89' lang='lat' dir='ltr'><strong>disserere</strong></span> <span class='ocrx_word' id='word_1_342' title='bbox 741 3731 987 3794; x_wconf 90' lang='lat' dir='ltr'><strong>oporteat</strong></span> <span class='ocrx_word' id='word_1_343' title='bbox 1009 3737 1130 3778; x_wconf 92' lang='lat' dir='ltr'><strong>cum</strong></span> <span class='ocrx_word' id='word_1_344' title='bbox 1159 3720 1459 3794; x_wconf 84' lang='lat' dir='ltr'><strong>furentibus</strong></span> <span class='ocrx_word' id='word_1_345' title='bbox 1482 3735 1581 3791; x_wconf 87' lang='lat' dir='ltr'><strong>pro</strong></span> <span class='ocrx_word' id='word_1_346' title='bbox 1604 3720 1667 3772; x_wconf 92' lang='lat' dir='ltr'><strong>iis</strong></span> <span class='ocrx_word' id='word_1_347' title='bbox 1687 3734 1804 3789; x_wconf 82' lang='lat' dir='ltr'><strong>quae</strong></span> <span class='ocrx_word' id='word_1_348' title='bbox 1830 3717 1912 3772; x_wconf 89' lang='lat' dir='ltr'><strong>lo-</strong></span> 
     </span>
    </p>
   </div>
   <div class='ocr_carea' id='block_1_49' title="bbox 326 3811 1916 3889">
    <p class='ocr_par' dir='ltr' id='par_1_49' title="bbox 326 3811 1916 3889">
     <span class='ocr_line' id='line_1_49' title="bbox 326 3811 1916 3889; baseline -0.003 -18"><span class='ocrx_word' id='word_1_349' title='bbox 326 3828 562 3888; x_wconf 85' lang='lat' dir='ltr'><strong>quuntur</strong></span> <span class='ocrx_word' id='word_1_350' title='bbox 584 3817 895 3873; x_wconf 85' lang='lat' dir='ltr'><strong>delirantes.</strong></span> <span class='ocrx_word' id='word_1_351' title='bbox 938 3815 1009 3889; x_wconf 84' lang='lat' dir='ltr'><strong>Ut</strong></span> <span class='ocrx_word' id='word_1_352' title='bbox 1039 3829 1195 3870; x_wconf 88' lang='lat' dir='ltr'><strong>nemo</strong></span> <span class='ocrx_word' id='word_1_353' title='bbox 1222 3824 1400 3884; x_wconf 74' lang='lat' dir='ltr'><strong>autem</strong></span> <span class='ocrx_word' id='word_1_354' title='bbox 1430 3815 1670 3884; x_wconf 89' lang='lat' dir='ltr'><strong>capiatur</strong></span> <span class='ocrx_word' id='word_1_355' title='bbox 1695 3827 1761 3868; x_wconf 81' lang='lat' dir='ltr'><strong>ex</strong></span> <span class='ocrx_word' id='word_1_356' title='bbox 1788 3811 1916 3867; x_wconf 89' lang='lat' dir='ltr'><strong>sim-</strong></span> 
     </span>
    </p>
   </div>
   <div class='ocr_carea' id='block_1_50' title="bbox 327 3905 1914 3987">
    <p class='ocr_par' dir='ltr' id='par_1_50' title="bbox 327 3905 1914 3987">
     <span class='ocr_line' id='line_1_50' title="bbox 327 3905 1914 3987; baseline -0.004 -22"><span class='ocrx_word' id='word_1_357' title='bbox 327 3913 663 3984; x_wconf 82' lang='lat' dir='ltr'><strong>plicioribus,</strong></span> <span class='ocrx_word' id='word_1_358' title='bbox 682 3925 903 3966; x_wconf 87' lang='lat' dir='ltr'><strong>necesse</strong></span> <span class='ocrx_word' id='word_1_359' title='bbox 920 3919 1001 3964; x_wconf 89' lang='lat' dir='ltr'><strong>est</strong></span> <span class='ocrx_word' id='word_1_360' title='bbox 1021 3920 1076 3964; x_wconf 90' lang='lat' dir='ltr'><strong>ut</strong></span> <span class='ocrx_word' id='word_1_361' title='bbox 1090 3908 1228 3983; x_wconf 85' lang='lat' dir='ltr'><strong>bane</strong></span> <span class='ocrx_word' id='word_1_362' title='bbox 1246 3922 1458 3987; x_wconf 86' lang='lat' dir='ltr'><strong>quoque</strong></span> <span class='ocrx_word' id='word_1_363' title='bbox 1475 3905 1914 3976; x_wconf 88' lang='lat' dir='ltr'><strong>disceptationem</strong></span> 
     </span>
    </p>
   </div>
   <div class='ocr_carea' id='block_1_51' title="bbox 331 3997 1913 4074">
    <p class='ocr_par' dir='ltr' id='par_1_51' title="bbox 331 3997 1913 4074">
     <span class='ocr_line' id='line_1_51' title="bbox 331 3997 1913 4074; baseline -0.006 -15"><span class='ocrx_word' id='word_1_364' title='bbox 331 4007 591 4061; x_wconf 86' lang='lat' dir='ltr'><strong>adversus</strong></span> <span class='ocrx_word' id='word_1_365' title='bbox 611 4018 705 4059; x_wconf 90' lang='lat' dir='ltr'><strong>eos</strong></span> <span class='ocrx_word' id='word_1_366' title='bbox 731 4002 1092 4057; x_wconf 89' lang='lat' dir='ltr'><strong>instituamus.</strong></span> <span class='ocrx_word' id='word_1_367' title='bbox 1120 3999 1253 4071; x_wconf 89' lang='lat' dir='ltr'><strong>Nam</strong></span> <span class='ocrx_word' id='word_1_368' title='bbox 1276 4000 1319 4054; x_wconf 92' lang='lat' dir='ltr'><strong>si</strong></span> <span class='ocrx_word' id='word_1_369' title='bbox 1348 3998 1448 4071; x_wconf 86' lang='lat' dir='ltr'><strong>boc</strong></span> <span class='ocrx_word' id='word_1_370' title='bbox 1474 3997 1678 4074; x_wconf 82' lang='lat' dir='ltr'><strong>diceret</strong></span> <span class='ocrx_word' id='word_1_371' title='bbox 1699 3997 1913 4066; x_wconf 80' lang='lat' dir='ltr'><strong>l’aulus,</strong></span> 
     </span>
    </p>
   </div>
   <div class='ocr_carea' id='block_1_52' title="bbox 331 4091 1918 4165">
    <p class='ocr_par' dir='ltr' id='par_1_52' title="bbox 331 4091 1918 4165">
     <span class='ocr_line' id='line_1_52' title="bbox 331 4091 1918 4165; baseline -0.006 -13"><span class='ocrx_word' id='word_1_372' title='bbox 331 4113 428 4152; x_wconf 84' lang='lat' dir='ltr'><strong>cur</strong></span> <span class='ocrx_word' id='word_1_373' title='bbox 458 4097 690 4152; x_wconf 88' lang='lat' dir='ltr'><strong>minatus</strong></span> <span class='ocrx_word' id='word_1_374' title='bbox 720 4105 802 4150; x_wconf 78' lang='lat' dir='ltr'><strong>est</strong></span> <span class='ocrx_word' id='word_1_375' title='bbox 829 4094 968 4150; x_wconf 91' lang='lat' dir='ltr'><strong>Deus</strong></span> <span class='ocrx_word' id='word_1_376' title='bbox 993 4094 1042 4150; x_wconf 90' lang='lat' dir='ltr'><strong>ei</strong></span> <span class='ocrx_word' id='word_1_377' title='bbox 1071 4093 1159 4165; x_wconf 91' lang='lat' dir='ltr'><strong>qui</strong></span> <span class='ocrx_word' id='word_1_378' title='bbox 1192 4108 1296 4156; x_wconf 85' lang='lat' dir='ltr'><strong>non</strong></span> <span class='ocrx_word' id='word_1_379' title='bbox 1327 4091 1664 4164; x_wconf 72' lang='lat' dir='ltr'><strong>baptizatur?</strong></span> <span class='ocrx_word' id='word_1_380' title='bbox 1691 4105 1795 4145; x_wconf 90' lang='lat' dir='ltr'><strong>non</strong></span> <span class='ocrx_word' id='word_1_381' title='bbox 1821 4105 1918 4160; x_wconf 86' lang='lat' dir='ltr'><strong>po-</strong></span> 
     </span>
    </p>
   </div>
   <div class='ocr_carea' id='block_1_53' title="bbox 332 4183 1914 4258">
    <p class='ocr_par' dir='ltr' id='par_1_53' title="bbox 332 4183 1914 4258">
     <span class='ocr_line' id='line_1_53' title="bbox 332 4183 1914 4258; baseline -0.005 -13"><span class='ocrx_word' id='word_1_382' title='bbox 332 4199 438 4257; x_wconf 83' lang='lat' dir='ltr'><strong>test</strong></span> <span class='ocrx_word' id='word_1_383' title='bbox 467 4189 610 4244; x_wconf 92' lang='lat' dir='ltr'><strong>enim</strong></span> <span class='ocrx_word' id='word_1_384' title='bbox 641 4189 753 4241; x_wconf 84' lang='lat' dir='ltr'><strong>fieri</strong></span> <span class='ocrx_word' id='word_1_385' title='bbox 785 4195 844 4241; x_wconf 93' lang='lat' dir='ltr'><strong>ut</strong></span> <span class='ocrx_word' id='word_1_386' title='bbox 873 4186 1136 4258; x_wconf 84' lang='lat' dir='ltr'><strong>quispiam</strong></span> <span class='ocrx_word' id='word_1_387' title='bbox 1166 4183 1418 4256; x_wconf 85' lang='lat' dir='ltr'><strong>deinceps</strong></span> <span class='ocrx_word' id='word_1_388' title='bbox 1447 4199 1551 4238; x_wconf 89' lang='lat' dir='ltr'><strong>non</strong></span> <span class='ocrx_word' id='word_1_389' title='bbox 1580 4183 1876 4253; x_wconf 89' lang='lat' dir='ltr'><strong>baptizetur</strong></span> <span class='ocrx_word' id='word_1_390' title='bbox 1898 4223 1914 4250; x_wconf 94' lang='lat'><strong>,</strong></span> 
     </span>
    </p>
   </div>
   <div class='ocr_carea' id='block_1_54' title="bbox 329 4274 1916 4354">
    <p class='ocr_par' dir='ltr' id='par_1_54' title="bbox 329 4274 1916 4354">
     <span class='ocr_line' id='line_1_54' title="bbox 329 4274 1916 4354; baseline -0.004 -19"><span class='ocrx_word' id='word_1_391' title='bbox 329 4285 430 4336; x_wconf 86' lang='lat' dir='ltr'><strong>hoc</strong></span> <span class='ocrx_word' id='word_1_392' title='bbox 456 4279 778 4350; x_wconf 78' lang='lat' dir='ltr'><strong>excogitato.</strong></span> <span class='ocrx_word' id='word_1_393' title='bbox 826 4277 1038 4346; x_wconf 83' lang='lat' dir='ltr'><strong>Alioqui</strong></span> <span class='ocrx_word' id='word_1_394' title='bbox 1069 4291 1197 4332; x_wconf 89' lang='lat' dir='ltr'><strong>vero</strong></span> <span class='ocrx_word' id='word_1_395' title='bbox 1236 4291 1340 4330; x_wconf 89' lang='lat' dir='ltr'><strong>non</strong></span> <span class='ocrx_word' id='word_1_396' title='bbox 1381 4285 1462 4350; x_wconf 86' lang='lat' dir='ltr'><strong>est</strong></span> <span class='ocrx_word' id='word_1_397' title='bbox 1499 4274 1650 4354; x_wconf 87' lang='lat' dir='ltr'><strong>culpa</strong></span> <span class='ocrx_word' id='word_1_398' title='bbox 1683 4274 1796 4344; x_wconf 90' lang='lat' dir='ltr'><strong>ejus</strong></span> <span class='ocrx_word' id='word_1_399' title='bbox 1826 4274 1916 4344; x_wconf 82' lang='lat' dir='ltr'><strong>qui</strong></span> 
     </span>
    </p>
   </div>
   <div class='ocr_carea' id='block_1_55' title="bbox 329 4361 1917 4445">
    <p class='ocr_par' dir='ltr' id='par_1_55' title="bbox 329 4361 1917 4445">
     <span class='ocr_line' id='line_1_55' title="bbox 329 4361 1917 4445; baseline -0.001 -19"><span class='ocrx_word' id='word_1_400' title='bbox 329 4375 582 4439; x_wconf 73' lang='lat' dir='ltr'><strong>excessit,</strong></span> <span class='ocrx_word' id='word_1_401' title='bbox 613 4373 705 4428; x_wconf 90' lang='lat' dir='ltr'><strong>sed</strong></span> <span class='ocrx_word' id='word_1_402' title='bbox 732 4373 848 4444; x_wconf 84' lang='lat' dir='ltr'><strong>ejus</strong></span> <span class='ocrx_word' id='word_1_403' title='bbox 876 4371 965 4444; x_wconf 90' lang='lat' dir='ltr'><strong>qui</strong></span> <span class='ocrx_word' id='word_1_404' title='bbox 994 4371 1147 4430; x_wconf 83' lang='lat' dir='ltr'><strong>vivit.</strong></span> <span class='ocrx_word' id='word_1_405' title='bbox 1179 4369 1508 4443; x_wconf 86' lang='lat' dir='ltr'><strong>Quibusnam</strong></span> <span class='ocrx_word' id='word_1_406' title='bbox 1536 4361 1723 4424; x_wconf 20' lang='lat' dir='ltr'><strong>autem.</strong></span> <span class='ocrx_word' id='word_1_407' title='bbox 1743 4367 1876 4445; x_wconf 76' lang='lat' dir='ltr'><strong>dixit</strong></span> <span class='ocrx_word' id='word_1_408' title='bbox 1901 4409 1917 4445; x_wconf 86' lang='lat'><strong>,</strong></span> 
     </span>
    </p>
   </div>
   <div class='ocr_carea' id='block_1_56' title="bbox 329 4445 1920 4529">
    <p class='ocr_par' dir='ltr' id='par_1_56' title="bbox 329 4445 1920 4529">
     <span class='ocr_line' id='line_1_56' title="bbox 329 4445 1920 4529; baseline -0.004 -9"><span class='ocrx_word' id='word_1_409' title='bbox 329 4464 450 4520; x_wconf 79' lang='lat' dir='ltr'><strong>Nisi</strong></span> <span class='ocrx_word' id='word_1_410' title='bbox 479 4463 792 4519; x_wconf 85' lang='lat' dir='ltr'><strong>eomederitis</strong></span> <span class='ocrx_word' id='word_1_411' title='bbox 818 4445 1024 4517; x_wconf 66' lang='lat' dir='ltr'><strong>carnem</strong></span> <span class='ocrx_word' id='word_1_412' title='bbox 1049 4478 1242 4529; x_wconf 88' lang='lat' dir='ltr'><strong>meam,</strong></span> <span class='ocrx_word' id='word_1_413' title='bbox 1274 4471 1320 4516; x_wconf 90' lang='lat' dir='ltr'><strong>et</strong></span> <span class='ocrx_word' id='word_1_414' title='bbox 1351 4461 1572 4516; x_wconf 84' lang='lat' dir='ltr'><strong>biberitis</strong></span> <span class='ocrx_word' id='word_1_415' title='bbox 1601 4477 1768 4516; x_wconf 87' lang='lat' dir='ltr'><strong>meum</strong></span> <span class='ocrx_word' id='word_1_416' title='bbox 1795 4477 1920 4526; x_wconf 75' lang='lat' dir='ltr'><strong>san-</strong></span> 
     </span>
    </p>
   </div>
   <div class='ocr_carea' id='block_1_57' title="bbox 327 4549 1921 4630">
    <p class='ocr_par' dir='ltr' id='par_1_57' title="bbox 327 4549 1921 4630">
     <span class='ocr_line' id='line_1_57' title="bbox 327 4549 1921 4630; baseline -0.002 -20"><span class='ocrx_word' id='word_1_417' title='bbox 327 4559 564 4630; x_wconf 76' lang='lat' dir='ltr'><strong>guinem,</strong></span> <span class='ocrx_word' id='word_1_418' title='bbox 597 4573 701 4611; x_wconf 86' lang='lat' dir='ltr'><strong>non</strong></span> <span class='ocrx_word' id='word_1_419' title='bbox 739 4554 981 4609; x_wconf 70' lang='lat' dir='ltr'><strong>[rubebitis</strong></span> <span class='ocrx_word' id='word_1_420' title='bbox 1010 4553 1163 4623; x_wconf 67' lang='lat' dir='ltr'><strong>vitam</strong></span> <span class='ocrx_word' id='word_1_421' title='bbox 1202 4553 1254 4607; x_wconf 86' lang='lat' dir='ltr'><strong>in</strong></span> <span class='ocrx_word' id='word_1_422' title='bbox 1281 4553 1417 4622; x_wconf 70' lang='lat' dir='ltr'><strong>vobis</strong></span> <span class='ocrx_word' id='word_1_423' title='bbox 1447 4551 1648 4626; x_wconf 85' lang='lat' dir='ltr'><strong>(Joan.</strong></span> <span class='ocrx_word' id='word_1_424' title='bbox 1677 4551 1729 4607; x_wconf 89' lang='lat'><strong>6.</strong></span> <span class='ocrx_word' id='word_1_425' title='bbox 1761 4552 1830 4608; x_wconf 69' lang='lat'><strong>54</strong></span> <span class='ocrx_word' id='word_1_426' title='bbox 1857 4549 1921 4624; x_wconf 77' lang='lat' dir='ltr'><strong>)‘i</strong></span> 
     </span>
    </p>
   </div>
   <div class='ocr_carea' id='block_1_58' title="bbox 331 4630 1922 4716">
    <p class='ocr_par' dir='ltr' id='par_1_58' title="bbox 331 4630 1922 4716">
     <span class='ocr_line' id='line_1_58' title="bbox 331 4630 1922 4716; baseline -0.006 -12"><span class='ocrx_word' id='word_1_427' title='bbox 331 4651 538 4704; x_wconf 82' lang='lat' dir='ltr'><strong>vivisne</strong></span> <span class='ocrx_word' id='word_1_428' title='bbox 567 4665 633 4703; x_wconf 90' lang='lat' dir='ltr'><strong>an</strong></span> <span class='ocrx_word' id='word_1_429' title='bbox 665 4647 892 4704; x_wconf 92' lang='lat' dir='ltr'><strong>mortuis</strong></span> <span class='ocrx_word' id='word_1_430' title='bbox 911 4689 926 4714; x_wconf 95' lang='lat'><strong>,</strong></span> <span class='ocrx_word' id='word_1_431' title='bbox 960 4645 1046 4702; x_wconf 92' lang='lat' dir='ltr'><strong>dic</strong></span> <span class='ocrx_word' id='word_1_432' title='bbox 1073 4645 1295 4716; x_wconf 71' lang='lat' dir='ltr'><strong>quaeso?</strong></span> <span class='ocrx_word' id='word_1_433' title='bbox 1323 4655 1379 4700; x_wconf 91' lang='lat' dir='ltr'><strong>et</strong></span> <span class='ocrx_word' id='word_1_434' title='bbox 1405 4659 1593 4699; x_wconf 87' lang='lat' dir='ltr'><strong>rursus</strong></span> <span class='ocrx_word' id='word_1_435' title='bbox 1616 4630 1645 4710; x_wconf 21' lang='lat'><strong>,‘</strong></span> <span class='ocrx_word' id='word_1_436' title='bbox 1665 4642 1784 4697; x_wconf 85' lang='lat' dir='ltr'><strong>Nisi</strong></span> <span class='ocrx_word' id='word_1_437' title='bbox 1810 4643 1922 4714; x_wconf 73' lang='lat' dir='ltr'><strong>quis</strong></span> 
     </span>
    </p>
   </div>
   <div class='ocr_carea' id='block_1_59' title="bbox 325 4734 1925 4814">
    <p class='ocr_par' dir='ltr' id='par_1_59' title="bbox 325 4734 1925 4814">
     <span class='ocr_line' id='line_1_59' title="bbox 325 4734 1925 4814; baseline -0.004 -19"><span class='ocrx_word' id='word_1_438' title='bbox 325 4752 650 4813; x_wconf 70' lang='lat' dir='ltr'><strong>regeneratus</strong></span> <span class='ocrx_word' id='word_1_439' title='bbox 676 4741 827 4811; x_wconf 81' lang='lat' dir='ltr'><strong>fuerit</strong></span> <span class='ocrx_word' id='word_1_440' title='bbox 858 4755 921 4794; x_wconf 80' lang='lat' dir='ltr'><strong>ea:</strong></span> <span class='ocrx_word' id='word_1_441' title='bbox 945 4753 1078 4809; x_wconf 81' lang='lat' dir='ltr'><strong>aqua</strong></span> <span class='ocrx_word' id='word_1_442' title='bbox 1106 4746 1152 4792; x_wconf 88' lang='lat' dir='ltr'><strong>et</strong></span> <span class='ocrx_word' id='word_1_443' title='bbox 1183 4736 1420 4814; x_wconf 81' lang='lat' dir='ltr'><strong>Spiritu,</strong></span> <span class='ocrx_word' id='word_1_444' title='bbox 1447 4752 1547 4789; x_wconf 88' lang='lat' dir='ltr'><strong>non</strong></span> <span class='ocrx_word' id='word_1_445' title='bbox 1575 4744 1734 4805; x_wconf 84' lang='lat' dir='ltr'><strong>potest</strong></span> <span class='ocrx_word' id='word_1_446' title='bbox 1757 4734 1925 4808; x_wconf 80' lang='lat' dir='ltr'><strong>videre</strong></span> 
     </span>
    </p>
   </div>
   <div class='ocr_carea' id='block_1_60' title="bbox 328 4827 1919 4906">
    <p class='ocr_par' dir='ltr' id='par_1_60' title="bbox 328 4827 1919 4906">
     <span class='ocr_line' id='line_1_60' title="bbox 328 4827 1919 4906; baseline -0.003 -19"><span class='ocrx_word' id='word_1_447' title='bbox 328 4851 540 4906; x_wconf 71' lang='lat' dir='ltr'><strong>regnum</strong></span> <span class='ocrx_word' id='word_1_448' title='bbox 569 4833 664 4888; x_wconf 87' lang='lat' dir='ltr'><strong>Dei</strong></span> <span class='ocrx_word' id='word_1_449' title='bbox 695 4833 712 4900; x_wconf 92' lang='lat'><strong>(</strong></span> <span class='ocrx_word' id='word_1_450' title='bbox 743 4831 832 4888; x_wconf 88' lang='lat' dir='ltr'><strong>Id.</strong></span> <span class='ocrx_word' id='word_1_451' title='bbox 859 4832 913 4888; x_wconf 78' lang='lat'><strong>3.</strong></span> <span class='ocrx_word' id='word_1_452' title='bbox 943 4831 1064 4903; x_wconf 86' lang='lat'><strong>5)?</strong></span> <span class='ocrx_word' id='word_1_453' title='bbox 1093 4829 1146 4887; x_wconf 90' lang='lat' dir='ltr'><strong>Si</strong></span> <span class='ocrx_word' id='word_1_454' title='bbox 1203 4829 1346 4884; x_wconf 87' lang='lat' dir='ltr'><strong>enim</strong></span> <span class='ocrx_word' id='word_1_455' title='bbox 1399 4828 1503 4898; x_wconf 90' lang='lat' dir='ltr'><strong>boc</strong></span> <span class='ocrx_word' id='word_1_456' title='bbox 1556 4827 1881 4898; x_wconf 90' lang='lat' dir='ltr'><strong>permittitur</strong></span> <span class='ocrx_word' id='word_1_457' title='bbox 1902 4867 1919 4896; x_wconf 92' lang='lat'><strong>,</strong></span> 
     </span>
    </p>
   </div>
   <div class='ocr_carea' id='block_1_61' title="bbox 332 4905 1919 4996">
    <p class='ocr_par' dir='ltr' id='par_1_61' title="bbox 332 4905 1919 4996">
     <span class='ocr_line' id='line_1_61' title="bbox 332 4905 1919 4996; baseline -0.004 -16"><span class='ocrx_word' id='word_1_458' title='bbox 332 4905 433 4980; x_wconf 85' lang='lat' dir='ltr'><strong>nec</strong></span> <span class='ocrx_word' id='word_1_459' title='bbox 461 4939 597 4996; x_wconf 85' lang='lat' dir='ltr'><strong>Opus</strong></span> <span class='ocrx_word' id='word_1_460' title='bbox 633 4934 714 4979; x_wconf 91' lang='lat' dir='ltr'><strong>est</strong></span> <span class='ocrx_word' id='word_1_461' title='bbox 742 4923 1020 4979; x_wconf 86' lang='lat' dir='ltr'><strong>voluntate</strong></span> <span class='ocrx_word' id='word_1_462' title='bbox 1049 4932 1103 4978; x_wconf 90' lang='lat' dir='ltr'><strong>et</strong></span> <span class='ocrx_word' id='word_1_463' title='bbox 1146 4921 1389 4976; x_wconf 88' lang='lat' dir='ltr'><strong>instituto</strong></span> <span class='ocrx_word' id='word_1_464' title='bbox 1415 4919 1532 4990; x_wconf 92' lang='lat' dir='ltr'><strong>ejus</strong></span> <span class='ocrx_word' id='word_1_465' title='bbox 1558 4919 1645 4989; x_wconf 89' lang='lat' dir='ltr'><strong>qui</strong></span> <span class='ocrx_word' id='word_1_466' title='bbox 1686 4905 1919 4996; x_wconf 76' lang='lat' dir='ltr'><strong>accipit,</strong></span> 
     </span>
    </p>
   </div>
   <div class='ocr_carea' id='block_1_62' title="bbox 335 4994 1925 5090">
    <p class='ocr_par' dir='ltr' id='par_1_62' title="bbox 335 4994 1925 5090">
     <span class='ocr_line' id='line_1_62' title="bbox 335 4994 1925 5090; baseline -0.003 -19"><span class='ocrx_word' id='word_1_467' title='bbox 335 5034 438 5072; x_wconf 88' lang='lat' dir='ltr'><strong>nec</strong></span> <span class='ocrx_word' id='word_1_468' title='bbox 467 5031 691 5071; x_wconf 87' lang='lat' dir='ltr'><strong>assensu</strong></span> <span class='ocrx_word' id='word_1_469' title='bbox 718 5015 835 5085; x_wconf 91' lang='lat' dir='ltr'><strong>ejus</strong></span> <span class='ocrx_word' id='word_1_470' title='bbox 859 5016 949 5085; x_wconf 85' lang='lat' dir='ltr'><strong>qui</strong></span> <span class='ocrx_word' id='word_1_471' title='bbox 976 5025 1058 5071; x_wconf 90' lang='lat' dir='ltr'><strong>est</strong></span> <span class='ocrx_word' id='word_1_472' title='bbox 1082 5015 1134 5068; x_wconf 93' lang='lat' dir='ltr'><strong>in</strong></span> <span class='ocrx_word' id='word_1_473' title='bbox 1159 5013 1302 5079; x_wconf 75' lang='lat' dir='ltr'><strong>vita;</strong></span> <span class='ocrx_word' id='word_1_474' title='bbox 1331 5011 1456 5090; x_wconf 88' lang='lat' dir='ltr'><strong>quid</strong></span> <span class='ocrx_word' id='word_1_475' title='bbox 1481 5019 1622 5082; x_wconf 81' lang='lat' dir='ltr'><strong>vetat</strong></span> <span class='ocrx_word' id='word_1_476' title='bbox 1642 4994 1925 5086; x_wconf 75' lang='lat' dir='ltr'><strong>quominus</strong></span> 
     </span>
    </p>
   </div>
   <div class='ocr_carea' id='block_1_63' title="bbox 333 5102 1924 5180">
    <p class='ocr_par' dir='ltr' id='par_1_63' title="bbox 333 5102 1924 5180">
     <span class='ocr_line' id='line_1_63' title="bbox 333 5102 1924 5180; baseline -0.002 -21"><span class='ocrx_word' id='word_1_477' title='bbox 333 5119 390 5162; x_wconf 77' lang='lat' dir='ltr'><strong>et</strong></span> <span class='ocrx_word' id='word_1_478' title='bbox 418 5106 618 5162; x_wconf 88' lang='lat' dir='ltr'><strong>etlmici</strong></span> <span class='ocrx_word' id='word_1_479' title='bbox 647 5115 700 5161; x_wconf 89' lang='lat' dir='ltr'><strong>et</strong></span> <span class='ocrx_word' id='word_1_480' title='bbox 726 5105 896 5161; x_wconf 84' lang='lat' dir='ltr'><strong>Judaei</strong></span> <span class='ocrx_word' id='word_1_481' title='bbox 923 5105 1000 5160; x_wconf 91' lang='lat' dir='ltr'><strong>sic</strong></span> <span class='ocrx_word' id='word_1_482' title='bbox 1024 5105 1153 5159; x_wconf 89' lang='lat' dir='ltr'><strong>fiant</strong></span> <span class='ocrx_word' id='word_1_483' title='bbox 1178 5104 1393 5168; x_wconf 84' lang='lat' dir='ltr'><strong>ﬁdeles,</strong></span> <span class='ocrx_word' id='word_1_484' title='bbox 1422 5103 1540 5158; x_wconf 89' lang='lat' dir='ltr'><strong>aliis</strong></span> <span class='ocrx_word' id='word_1_485' title='bbox 1568 5111 1688 5180; x_wconf 90' lang='lat' dir='ltr'><strong>post</strong></span> <span class='ocrx_word' id='word_1_486' title='bbox 1712 5102 1924 5179; x_wconf 85' lang='lat' dir='ltr'><strong>illorum</strong></span> 
     </span>
    </p>
   </div>
   <div class='ocr_carea' id='block_1_64' title="bbox 335 5194 1925 5272">
    <p class='ocr_par' dir='ltr' id='par_1_64' title="bbox 335 5194 1925 5272">
     <span class='ocr_line' id='line_1_64' title="bbox 335 5194 1925 5272; baseline -0.001 -20"><span class='ocrx_word' id='word_1_487' title='bbox 335 5201 617 5255; x_wconf 85' lang='lat' dir='ltr'><strong>decessum</strong></span> <span class='ocrx_word' id='word_1_488' title='bbox 643 5213 738 5268; x_wconf 91' lang='lat' dir='ltr'><strong>pro</strong></span> <span class='ocrx_word' id='word_1_489' title='bbox 761 5197 867 5251; x_wconf 90' lang='lat' dir='ltr'><strong>illis</strong></span> <span class='ocrx_word' id='word_1_490' title='bbox 888 5196 1005 5252; x_wconf 63' lang='lat' dir='ltr'><strong>bsec</strong></span> <span class='ocrx_word' id='word_1_491' title='bbox 1027 5195 1375 5251; x_wconf 88' lang='lat' dir='ltr'><strong>facientibus?</strong></span> <span class='ocrx_word' id='word_1_492' title='bbox 1393 5194 1498 5268; x_wconf 85' lang='lat' dir='ltr'><strong>Sed</strong></span> <span class='ocrx_word' id='word_1_493' title='bbox 1521 5211 1589 5251; x_wconf 90' lang='lat' dir='ltr'><strong>ne</strong></span> <span class='ocrx_word' id='word_1_494' title='bbox 1606 5209 1925 5272; x_wconf 80' lang='lat' dir='ltr'><strong>aranearum</strong></span> 
     </span>
    </p>
   </div>
   <div class='ocr_carea' id='block_1_65' title="bbox 338 5288 1927 5360">
    <p class='ocr_par' dir='ltr' id='par_1_65' title="bbox 338 5288 1927 5360">
     <span class='ocr_line' id='line_1_65' title="bbox 338 5288 1927 5360; baseline -0.002 -15"><span class='ocrx_word' id='word_1_495' title='bbox 338 5292 475 5345; x_wconf 88' lang='lat' dir='ltr'><strong>telas</strong></span> <span class='ocrx_word' id='word_1_496' title='bbox 500 5290 728 5360; x_wconf 91' lang='lat' dir='ltr'><strong>amplius</strong></span> <span class='ocrx_word' id='word_1_497' title='bbox 752 5288 1181 5353; x_wconf 84' lang='lat' dir='ltr'><strong>conscindentes,</strong></span> <span class='ocrx_word' id='word_1_498' title='bbox 1211 5289 1439 5343; x_wconf 87' lang='lat' dir='ltr'><strong>inaniter</strong></span> <span class='ocrx_word' id='word_1_499' title='bbox 1464 5288 1766 5344; x_wconf 88' lang='lat' dir='ltr'><strong>laboremus</strong></span> <span class='ocrx_word' id='word_1_500' title='bbox 1785 5330 1799 5356; x_wconf 96' lang='lat'><strong>,</strong></span> <span class='ocrx_word' id='word_1_501' title='bbox 1828 5303 1927 5359; x_wconf 82' lang='lat' dir='ltr'><strong>age</strong></span> 
     </span>
    </p>
   </div>
   <div class='ocr_carea' id='block_1_66' title="bbox 335 5363 1927 5455">
    <p class='ocr_par' dir='ltr' id='par_1_66' title="bbox 335 5363 1927 5455">
     <span class='ocr_line' id='line_1_66' title="bbox 335 5363 1927 5455; baseline -0.001 -19"><span class='ocrx_word' id='word_1_502' title='bbox 335 5383 500 5451; x_wconf 82' lang='lat' dir='ltr'><strong>lmjus</strong></span> <span class='ocrx_word' id='word_1_503' title='bbox 522 5381 774 5436; x_wconf 90' lang='lat' dir='ltr'><strong>dictionis</strong></span> <span class='ocrx_word' id='word_1_504' title='bbox 801 5380 907 5435; x_wconf 89' lang='lat' dir='ltr'><strong>vim</strong></span> <span class='ocrx_word' id='word_1_505' title='bbox 931 5381 1277 5455; x_wconf 87' lang='lat' dir='ltr'><strong>explicemus.</strong></span> <span class='ocrx_word' id='word_1_506' title='bbox 1307 5381 1443 5447; x_wconf 88' lang='lat' dir='ltr'><strong>Quid</strong></span> <span class='ocrx_word' id='word_1_507' title='bbox 1472 5396 1598 5450; x_wconf 85' lang='lat' dir='ltr'><strong>ergo</strong></span> <span class='ocrx_word' id='word_1_508' title='bbox 1627 5381 1757 5436; x_wconf 91' lang='lat' dir='ltr'><strong>dicit</strong></span> <span class='ocrx_word' id='word_1_509' title='bbox 1783 5363 1927 5436; x_wconf 8' lang='lat' dir='ltr'><strong>Pau-i</strong></span> 
     </span>
    </p>
   </div>
   <div class='ocr_carea' id='block_1_67' title="bbox 336 5473 1927 5547">
    <p class='ocr_par' dir='ltr' id='par_1_67' title="bbox 336 5473 1927 5547">
     <span class='ocr_line' id='line_1_67' title="bbox 336 5473 1927 5547; baseline -0.003 -15"><span class='ocrx_word' id='word_1_510' title='bbox 336 5476 465 5532; x_wconf 75' lang='lat' dir='ltr'><strong>lus?</strong></span> <span class='ocrx_word' id='word_1_511' title='bbox 495 5475 659 5533; x_wconf 85' lang='lat' dir='ltr'><strong>Vobis</strong></span> <span class='ocrx_word' id='word_1_512' title='bbox 688 5475 941 5546; x_wconf 90' lang='lat' dir='ltr'><strong>primum,</strong></span> <span class='ocrx_word' id='word_1_513' title='bbox 973 5474 1061 5546; x_wconf 91' lang='lat' dir='ltr'><strong>qui</strong></span> <span class='ocrx_word' id='word_1_514' title='bbox 1093 5474 1362 5547; x_wconf 84' lang='lat' dir='ltr'><strong>mysteriis</strong></span> <span class='ocrx_word' id='word_1_515' title='bbox 1387 5473 1516 5528; x_wconf 78' lang='lat' dir='ltr'><strong>estis</strong></span> <span class='ocrx_word' id='word_1_516' title='bbox 1545 5473 1771 5542; x_wconf 89' lang='lat' dir='ltr'><strong>initiati,</strong></span> <span class='ocrx_word' id='word_1_517' title='bbox 1803 5473 1927 5546; x_wconf 83' lang='lat' dir='ltr'><strong>volo</strong></span> 
     </span>
    </p>
   </div>
   <div class='ocr_carea' id='block_1_68' title="bbox 337 5563 1924 5645">
    <p class='ocr_par' dir='ltr' id='par_1_68' title="bbox 337 5563 1924 5645">
     <span class='ocr_line' id='line_1_68' title="bbox 337 5563 1924 5645; baseline -0.002 -21"><span class='ocrx_word' id='word_1_518' title='bbox 337 5570 394 5636; x_wconf 80' lang='lat' dir='ltr'><strong>in</strong></span> <span class='ocrx_word' id='word_1_519' title='bbox 425 5569 737 5625; x_wconf 87' lang='lat' dir='ltr'><strong>memoriam</strong></span> <span class='ocrx_word' id='word_1_520' title='bbox 769 5582 1028 5624; x_wconf 82' lang='lat' dir='ltr'><strong>revocare</strong></span> <span class='ocrx_word' id='word_1_521' title='bbox 1052 5581 1171 5622; x_wconf 89' lang='lat' dir='ltr'><strong>eam</strong></span> <span class='ocrx_word' id='word_1_522' title='bbox 1202 5563 1492 5620; x_wconf 89' lang='lat' dir='ltr'><strong>dictionem</strong></span> <span class='ocrx_word' id='word_1_523' title='bbox 1518 5607 1533 5634; x_wconf 89' lang='lat'><strong>,</strong></span> <span class='ocrx_word' id='word_1_524' title='bbox 1564 5581 1721 5636; x_wconf 79' lang='lat' dir='ltr'><strong>quam</strong></span> <span class='ocrx_word' id='word_1_525' title='bbox 1752 5565 1802 5621; x_wconf 89' lang='lat' dir='ltr'><strong>in</strong></span> <span class='ocrx_word' id='word_1_526' title='bbox 1834 5565 1924 5645; x_wconf 85' lang='lat' dir='ltr'><strong>illa</strong></span> 
     </span>
    </p>
   </div>
   <div class='ocr_carea' id='block_1_69' title="bbox 337 5658 1926 5747">
    <p class='ocr_par' dir='ltr' id='par_1_69' title="bbox 337 5658 1926 5747">
     <span class='ocr_line' id='line_1_69' title="bbox 337 5658 1926 5747; baseline -0.001 -27"><span class='ocrx_word' id='word_1_527' title='bbox 337 5677 557 5736; x_wconf 78' lang='lat' dir='ltr'><strong>vc5pcra</strong></span> <span class='ocrx_word' id='word_1_528' title='bbox 591 5663 781 5742; x_wconf 85' lang='lat' dir='ltr'><strong>jubent</strong></span> <span class='ocrx_word' id='word_1_529' title='bbox 817 5676 911 5718; x_wconf 86' lang='lat' dir='ltr'><strong>vos</strong></span> <span class='ocrx_word' id='word_1_530' title='bbox 951 5660 1128 5720; x_wconf 81' lang='lat' dir='ltr'><strong>dicere</strong></span> <span class='ocrx_word' id='word_1_531' title='bbox 1169 5661 1260 5747; x_wconf 81' lang='lat' dir='ltr'><strong>qui</strong></span> <span class='ocrx_word' id='word_1_532' title='bbox 1304 5659 1558 5738; x_wconf 66' lang='lat' dir='ltr'><strong>mysterio</strong></span> <span class='ocrx_word' id='word_1_533' title='bbox 1597 5658 1838 5730; x_wconf 84' lang='lat' dir='ltr'><strong>initiant,</strong></span> <span class='ocrx_word' id='word_1_534' title='bbox 1871 5669 1926 5734; x_wconf 76' lang='lat' dir='ltr'><strong>et</strong></span> 
     </span>
    </p>
   </div>
   <div class='ocr_carea' id='block_1_70' title="bbox 1993 1418 3582 1505">
    <p class='ocr_par' dir='ltr' id='par_1_70' title="bbox 1993 1418 3582 1505">
     <span class='ocr_line' id='line_1_70' title="bbox 1993 1418 3582 1505; baseline 0.013 -34"><span class='ocrx_word' id='word_1_535' title='bbox 1993 1426 2118 1479; x_wconf 85' lang='lat' dir='ltr'><strong>tunc</strong></span> <span class='ocrx_word' id='word_1_536' title='bbox 2143 1418 2268 1491; x_wconf 87' lang='lat' dir='ltr'><strong>quid</strong></span> <span class='ocrx_word' id='word_1_537' title='bbox 2293 1419 2436 1474; x_wconf 89' lang='lat' dir='ltr'><strong>dicat</strong></span> <span class='ocrx_word' id='word_1_538' title='bbox 2466 1419 2662 1483; x_wconf 82' lang='lat' dir='ltr'><strong>Paulus</strong></span> <span class='ocrx_word' id='word_1_539' title='bbox 2687 1421 2967 1492; x_wconf 83' lang='lat' dir='ltr'><strong>explicabo</strong></span> <span class='ocrx_word' id='word_1_540' title='bbox 2994 1443 3009 1480; x_wconf 88' lang='lat'><strong>:</strong></span> <span class='ocrx_word' id='word_1_541' title='bbox 3036 1426 3117 1483; x_wconf 89' lang='lat' dir='ltr'><strong>sic</strong></span> <span class='ocrx_word' id='word_1_542' title='bbox 3145 1430 3288 1487; x_wconf 89' lang='lat' dir='ltr'><strong>cnim</strong></span> <span class='ocrx_word' id='word_1_543' title='bbox 3319 1432 3428 1490; x_wconf 85' lang='lat' dir='ltr'><strong>hoc</strong></span> <span class='ocrx_word' id='word_1_544' title='bbox 3453 1450 3582 1505; x_wconf 73' lang='lat' dir='ltr'><strong>quo-</strong></span> 
     </span>
    </p>
   </div>
   <div class='ocr_carea' id='block_1_71' title="bbox 1991 1509 3583 1587">
    <p class='ocr_par' dir='ltr' id='par_1_71' title="bbox 1991 1509 3583 1587">
     <span class='ocr_line' id='line_1_71' title="bbox 1991 1509 3583 1587; baseline 0.016 -28"><span class='ocrx_word' id='word_1_545' title='bbox 1991 1524 2097 1584; x_wconf 89' lang='lat' dir='ltr'><strong>que</strong></span> <span class='ocrx_word' id='word_1_546' title='bbox 2124 1511 2278 1566; x_wconf 82' lang='lat' dir='ltr'><strong>vobis</strong></span> <span class='ocrx_word' id='word_1_547' title='bbox 2304 1511 2407 1564; x_wconf 89' lang='lat' dir='ltr'><strong>crit</strong></span> <span class='ocrx_word' id='word_1_548' title='bbox 2449 1509 2755 1567; x_wconf 89' lang='lat' dir='ltr'><strong>dilucidius.</strong></span> <span class='ocrx_word' id='word_1_549' title='bbox 2788 1513 2920 1568; x_wconf 86' lang='lat' dir='ltr'><strong>Nam</strong></span> <span class='ocrx_word' id='word_1_550' title='bbox 2968 1527 3089 1587; x_wconf 89' lang='lat' dir='ltr'><strong>post</strong></span> <span class='ocrx_word' id='word_1_551' title='bbox 3126 1522 3229 1576; x_wconf 88' lang='lat' dir='ltr'><strong>alia</strong></span> <span class='ocrx_word' id='word_1_552' title='bbox 3257 1528 3442 1581; x_wconf 82' lang='lat' dir='ltr'><strong>omnia</strong></span> <span class='ocrx_word' id='word_1_553' title='bbox 3483 1527 3583 1584; x_wconf 67' lang='lat' dir='ltr'><strong>hoc</strong></span> 
     </span>
    </p>
   </div>
   <div class='ocr_carea' id='block_1_72' title="bbox 1992 1603 3584 1690">
    <p class='ocr_par' dir='ltr' id='par_1_72' title="bbox 1992 1603 3584 1690">
     <span class='ocr_line' id='line_1_72' title="bbox 1992 1603 3584 1690; baseline 0.014 -34"><span class='ocrx_word' id='word_1_554' title='bbox 1992 1603 2236 1658; x_wconf 88' lang='lat' dir='ltr'><strong>addimus</strong></span> <span class='ocrx_word' id='word_1_555' title='bbox 2262 1645 2277 1669; x_wconf 94' lang='lat'><strong>,</strong></span> <span class='ocrx_word' id='word_1_556' title='bbox 2306 1604 2446 1675; x_wconf 87' lang='lat' dir='ltr'><strong>quod</strong></span> <span class='ocrx_word' id='word_1_557' title='bbox 2492 1620 2634 1662; x_wconf 90' lang='lat' dir='ltr'><strong>nunc</strong></span> <span class='ocrx_word' id='word_1_558' title='bbox 2674 1607 2805 1662; x_wconf 81' lang='lat' dir='ltr'><strong>dicit</strong></span> <span class='ocrx_word' id='word_1_559' title='bbox 2848 1608 3063 1667; x_wconf 88' lang='lat' dir='ltr'><strong>Paulus.</strong></span> <span class='ocrx_word' id='word_1_560' title='bbox 3107 1613 3178 1669; x_wconf 85' lang='lat' dir='ltr'><strong>Et</strong></span> <span class='ocrx_word' id='word_1_561' title='bbox 3210 1618 3340 1673; x_wconf 87' lang='lat' dir='ltr'><strong>volo</strong></span> <span class='ocrx_word' id='word_1_562' title='bbox 3367 1620 3584 1690; x_wconf 76' lang='lat' dir='ltr'><strong>quidem</strong></span> 
     </span>
    </p>
   </div>
   <div class='ocr_carea' id='block_1_73' title="bbox 1992 1696 3584 1783">
    <p class='ocr_par' dir='ltr' id='par_1_73' title="bbox 1992 1696 3584 1783">
     <span class='ocr_line' id='line_1_73' title="bbox 1992 1696 3584 1783; baseline 0.011 -32"><span class='ocrx_word' id='word_1_563' title='bbox 1992 1706 2177 1766; x_wconf 86' lang='lat' dir='ltr'><strong>aperte</strong></span> <span class='ocrx_word' id='word_1_564' title='bbox 2208 1696 2309 1751; x_wconf 89' lang='lat' dir='ltr'><strong>hoc</strong></span> <span class='ocrx_word' id='word_1_565' title='bbox 2332 1697 2511 1756; x_wconf 91' lang='lat' dir='ltr'><strong>dicere</strong></span> <span class='ocrx_word' id='word_1_566' title='bbox 2539 1715 2553 1751; x_wconf 89' lang='lat'><strong>:</strong></span> <span class='ocrx_word' id='word_1_567' title='bbox 2584 1715 2688 1759; x_wconf 89' lang='lat' dir='ltr'><strong>non</strong></span> <span class='ocrx_word' id='word_1_568' title='bbox 2720 1700 2890 1756; x_wconf 91' lang='lat' dir='ltr'><strong>audeo</strong></span> <span class='ocrx_word' id='word_1_569' title='bbox 2916 1712 3096 1762; x_wconf 87' lang='lat' dir='ltr'><strong>autem</strong></span> <span class='ocrx_word' id='word_1_570' title='bbox 3127 1719 3352 1780; x_wconf 88' lang='lat' dir='ltr'><strong>propter</strong></span> <span class='ocrx_word' id='word_1_571' title='bbox 3375 1728 3471 1768; x_wconf 83' lang='lat' dir='ltr'><strong>eos</strong></span> <span class='ocrx_word' id='word_1_572' title='bbox 3498 1716 3584 1783; x_wconf 84' lang='lat' dir='ltr'><strong>qui</strong></span> 
     </span>
    </p>
   </div>
   <div class='ocr_carea' id='block_1_74' title="bbox 1995 1788 3588 1864">
    <p class='ocr_par' dir='ltr' id='par_1_74' title="bbox 1995 1788 3588 1864">
     <span class='ocr_line' id='line_1_74' title="bbox 1995 1788 3588 1864; baseline 0.012 -22"><span class='ocrx_word' id='word_1_573' title='bbox 1995 1804 2102 1864; x_wconf 85' lang='lat' dir='ltr'><strong>non</strong></span> <span class='ocrx_word' id='word_1_574' title='bbox 2131 1799 2253 1847; x_wconf 84' lang='lat' dir='ltr'><strong>sunt</strong></span> <span class='ocrx_word' id='word_1_575' title='bbox 2281 1788 2473 1848; x_wconf 85' lang='lat' dir='ltr'><strong>initiati</strong></span> <span class='ocrx_word' id='word_1_576' title='bbox 2506 1809 2519 1846; x_wconf 90' lang='lat'><strong>:</strong></span> <span class='ocrx_word' id='word_1_577' title='bbox 2548 1791 2582 1846; x_wconf 90' lang='lat' dir='ltr'><strong>ii</strong></span> <span class='ocrx_word' id='word_1_578' title='bbox 2610 1793 2752 1849; x_wconf 87' lang='lat' dir='ltr'><strong>enim</strong></span> <span class='ocrx_word' id='word_1_579' title='bbox 2783 1797 3172 1864; x_wconf 80' lang='lat' dir='ltr'><strong>expositionem</strong></span> <span class='ocrx_word' id='word_1_580' title='bbox 3202 1802 3362 1858; x_wconf 88' lang='lat' dir='ltr'><strong>nobis</strong></span> <span class='ocrx_word' id='word_1_581' title='bbox 3389 1803 3588 1861; x_wconf 71' lang='lat' dir='ltr'><strong>faciunt</strong></span> 
     </span>
    </p>
   </div>
   <div class='ocr_carea' id='block_1_75' title="bbox 1995 1877 3588 1962">
    <p class='ocr_par' dir='ltr' id='par_1_75' title="bbox 1995 1877 3588 1962">
     <span class='ocr_line' id='line_1_75' title="bbox 1995 1877 3588 1962; baseline 0.011 -29"><span class='ocrx_word' id='word_1_582' title='bbox 1995 1877 2374 1947; x_wconf 74' lang='lat' dir='ltr'><strong>difficiliorem,</strong></span> <span class='ocrx_word' id='word_1_583' title='bbox 2397 1889 2455 1935; x_wconf 89' lang='lat' dir='ltr'><strong>ut</strong></span> <span class='ocrx_word' id='word_1_584' title='bbox 2479 1881 2569 1952; x_wconf 92' lang='lat' dir='ltr'><strong>qui</strong></span> <span class='ocrx_word' id='word_1_585' title='bbox 2594 1897 2693 1937; x_wconf 90' lang='lat' dir='ltr'><strong>nos</strong></span> <span class='ocrx_word' id='word_1_586' title='bbox 2718 1895 2910 1956; x_wconf 84' lang='lat' dir='ltr'><strong>cogant</strong></span> <span class='ocrx_word' id='word_1_587' title='bbox 2930 1887 3013 1943; x_wconf 88' lang='lat' dir='ltr'><strong>vel</strong></span> <span class='ocrx_word' id='word_1_588' title='bbox 3039 1905 3145 1945; x_wconf 91' lang='lat' dir='ltr'><strong>non</strong></span> <span class='ocrx_word' id='word_1_589' title='bbox 3171 1902 3364 1962; x_wconf 85' lang='lat' dir='ltr'><strong>aperte</strong></span> <span class='ocrx_word' id='word_1_590' title='bbox 3387 1895 3588 1960; x_wconf 67' lang='lat' dir='ltr'><strong>dicere,</strong></span> 
     </span>
    </p>
   </div>
   <div class='ocr_carea' id='block_1_76' title="bbox 1996 1972 3592 2057">
    <p class='ocr_par' dir='ltr' id='par_1_76' title="bbox 1996 1972 3592 2057">
     <span class='ocr_line' id='line_1_76' title="bbox 1996 1972 3592 2057; baseline 0.012 -32"><span class='ocrx_word' id='word_1_591' title='bbox 1996 1981 2088 2026; x_wconf 89' lang='lat' dir='ltr'><strong>aut</strong></span> <span class='ocrx_word' id='word_1_592' title='bbox 2126 1972 2204 2026; x_wconf 90' lang='lat' dir='ltr'><strong>eis</strong></span> <span class='ocrx_word' id='word_1_593' title='bbox 2249 1987 2440 2028; x_wconf 85' lang='lat' dir='ltr'><strong>arcana</strong></span> <span class='ocrx_word' id='word_1_594' title='bbox 2480 1975 2782 2032; x_wconf 90' lang='lat' dir='ltr'><strong>enuntiare.</strong></span> <span class='ocrx_word' id='word_1_595' title='bbox 2825 1977 2928 2034; x_wconf 89' lang='lat' dir='ltr'><strong>Sed</strong></span> <span class='ocrx_word' id='word_1_596' title='bbox 2961 1989 3136 2036; x_wconf 86' lang='lat' dir='ltr'><strong>tamen</strong></span> <span class='ocrx_word' id='word_1_597' title='bbox 3168 1983 3345 2040; x_wconf 89' lang='lat' dir='ltr'><strong>dicam</strong></span> <span class='ocrx_word' id='word_1_598' title='bbox 3371 2027 3389 2052; x_wconf 93' lang='lat'><strong>,</strong></span> <span class='ocrx_word' id='word_1_599' title='bbox 3417 1990 3592 2057; x_wconf 81' lang='lat' dir='ltr'><strong>quoad</strong></span> 
     </span>
    </p>
   </div>
   <div class='ocr_carea' id='block_1_77' title="bbox 1997 2063 3595 2149">
    <p class='ocr_par' dir='ltr' id='par_1_77' title="bbox 1997 2063 3595 2149">
     <span class='ocr_line' id='line_1_77' title="bbox 1997 2063 3595 2149; baseline 0.01 -30"><span class='ocrx_word' id='word_1_600' title='bbox 1997 2063 2114 2133; x_wconf 90' lang='lat' dir='ltr'><strong>ejus</strong></span> <span class='ocrx_word' id='word_1_601' title='bbox 2141 2079 2170 2117; x_wconf 91' lang='lat' dir='ltr'><strong>a</strong></span> <span class='ocrx_word' id='word_1_602' title='bbox 2198 2080 2284 2120; x_wconf 91' lang='lat' dir='ltr'><strong>me</strong></span> <span class='ocrx_word' id='word_1_603' title='bbox 2310 2063 2423 2119; x_wconf 82' lang='lat' dir='ltr'><strong>fieri</strong></span> <span class='ocrx_word' id='word_1_604' title='bbox 2455 2067 2668 2138; x_wconf 85' lang='lat' dir='ltr'><strong>poterit,</strong></span> <span class='ocrx_word' id='word_1_605' title='bbox 2699 2076 2839 2125; x_wconf 88' lang='lat' dir='ltr'><strong>tecte</strong></span> <span class='ocrx_word' id='word_1_606' title='bbox 2865 2082 2919 2126; x_wconf 89' lang='lat' dir='ltr'><strong>et</strong></span> <span class='ocrx_word' id='word_1_607' title='bbox 2941 2072 3277 2131; x_wconf 89' lang='lat' dir='ltr'><strong>adumbrate.</strong></span> <span class='ocrx_word' id='word_1_608' title='bbox 3310 2078 3450 2133; x_wconf 82' lang='lat' dir='ltr'><strong>Nam</strong></span> <span class='ocrx_word' id='word_1_609' title='bbox 3480 2093 3595 2149; x_wconf 73' lang='lat' dir='ltr'><strong>post</strong></span> 
     </span>
    </p>
   </div>
   <div class='ocr_carea' id='block_1_78' title="bbox 1998 2157 3598 2228">
    <p class='ocr_par' dir='ltr' id='par_1_78' title="bbox 1998 2157 3598 2228">
     <span class='ocr_line' id='line_1_78' title="bbox 1998 2157 3598 2228; baseline 0.01 -16"><span class='ocrx_word' id='word_1_610' title='bbox 1998 2157 2344 2228; x_wconf 86' lang='lat' dir='ltr'><strong>mysticorum</strong></span> <span class='ocrx_word' id='word_1_611' title='bbox 2375 2158 2586 2214; x_wconf 91' lang='lat' dir='ltr'><strong>illorum</strong></span> <span class='ocrx_word' id='word_1_612' title='bbox 2613 2169 2670 2216; x_wconf 89' lang='lat' dir='ltr'><strong>et</strong></span> <span class='ocrx_word' id='word_1_613' title='bbox 2696 2163 3010 2220; x_wconf 89' lang='lat' dir='ltr'><strong>terribilium</strong></span> <span class='ocrx_word' id='word_1_614' title='bbox 3035 2167 3322 2228; x_wconf 83' lang='lat' dir='ltr'><strong>verborum</strong></span> <span class='ocrx_word' id='word_1_615' title='bbox 3349 2175 3598 2228; x_wconf 72' lang='lat' dir='ltr'><strong>errantia-</strong></span> 
     </span>
    </p>
   </div>
   <div class='ocr_carea' id='block_1_79' title="bbox 2000 2251 3600 2334">
    <p class='ocr_par' dir='ltr' id='par_1_79' title="bbox 2000 2251 3600 2334">
     <span class='ocr_line' id='line_1_79' title="bbox 2000 2251 3600 2334; baseline 0.012 -30"><span class='ocrx_word' id='word_1_616' title='bbox 2000 2251 2222 2316; x_wconf 88' lang='lat' dir='ltr'><strong>tionem,</strong></span> <span class='ocrx_word' id='word_1_617' title='bbox 2251 2261 2305 2305; x_wconf 93' lang='lat' dir='ltr'><strong>ct</strong></span> <span class='ocrx_word' id='word_1_618' title='bbox 2334 2252 2630 2309; x_wconf 86' lang='lat' dir='ltr'><strong>horrendas</strong></span> <span class='ocrx_word' id='word_1_619' title='bbox 2661 2256 2871 2326; x_wconf 82' lang='lat' dir='ltr'><strong>regulas</strong></span> <span class='ocrx_word' id='word_1_620' title='bbox 2899 2258 3233 2329; x_wconf 82' lang='lat' dir='ltr'><strong>dogmatum,</strong></span> <span class='ocrx_word' id='word_1_621' title='bbox 3259 2281 3387 2334; x_wconf 64' lang='lat' dir='ltr'><strong>qua:</strong></span> <span class='ocrx_word' id='word_1_622' title='bbox 3410 2283 3445 2321; x_wconf 89' lang='lat' dir='ltr'><strong>e</strong></span> <span class='ocrx_word' id='word_1_623' title='bbox 3467 2269 3600 2322; x_wconf 66' lang='lat' dir='ltr'><strong>cato</strong></span> 
     </span>
    </p>
   </div>
   <div class='ocr_carea' id='block_1_80' title="bbox 2001 2343 3600 2425">
    <p class='ocr_par' dir='ltr' id='par_1_80' title="bbox 2001 2343 3600 2425">
     <span class='ocr_line' id='line_1_80' title="bbox 2001 2343 3600 2425; baseline 0.011 -30"><span class='ocrx_word' id='word_1_624' title='bbox 2001 2353 2124 2396; x_wconf 90' lang='lat' dir='ltr'><strong>sunt</strong></span> <span class='ocrx_word' id='word_1_625' title='bbox 2153 2343 2408 2405; x_wconf 83' lang='lat' dir='ltr'><strong>demissa.</strong></span> <span class='ocrx_word' id='word_1_626' title='bbox 2453 2344 2558 2400; x_wconf 86' lang='lat' dir='ltr'><strong>hoc</strong></span> <span class='ocrx_word' id='word_1_627' title='bbox 2594 2361 2806 2416; x_wconf 87' lang='lat' dir='ltr'><strong>quoque</strong></span> <span class='ocrx_word' id='word_1_628' title='bbox 2845 2349 2895 2402; x_wconf 92' lang='lat' dir='ltr'><strong>in</strong></span> <span class='ocrx_word' id='word_1_629' title='bbox 2929 2349 3032 2406; x_wconf 87' lang='lat' dir='ltr'><strong>fine</strong></span> <span class='ocrx_word' id='word_1_630' title='bbox 3055 2353 3308 2410; x_wconf 88' lang='lat' dir='ltr'><strong>addimus</strong></span> <span class='ocrx_word' id='word_1_631' title='bbox 3331 2396 3346 2416; x_wconf 93' lang='lat'><strong>.</strong></span> <span class='ocrx_word' id='word_1_632' title='bbox 3385 2362 3600 2425; x_wconf 61' lang='lat' dir='ltr'><strong>quamn</strong></span> 
     </span>
    </p>
   </div>
   <div class='ocr_carea' id='block_1_81' title="bbox 2001 2435 3666 2510">
    <p class='ocr_par' dir='ltr' id='par_1_81' title="bbox 2001 2435 3666 2510">
     <span class='ocr_line' id='line_1_81' title="bbox 2001 2435 3666 2510; baseline 0.011 -22"><span class='ocrx_word' id='word_1_633' title='bbox 2001 2448 2188 2490; x_wconf 88' lang='lat' dir='ltr'><strong>sumus</strong></span> <span class='ocrx_word' id='word_1_634' title='bbox 2228 2435 2525 2507; x_wconf 85' lang='lat' dir='ltr'><strong>baptizandi</strong></span> <span class='ocrx_word' id='word_1_635' title='bbox 2552 2479 2566 2504; x_wconf 92' lang='lat'><strong>,</strong></span> <span class='ocrx_word' id='word_1_636' title='bbox 2591 2438 2843 2508; x_wconf 88' lang='lat' dir='ltr'><strong>jubentes</strong></span> <span class='ocrx_word' id='word_1_637' title='bbox 2871 2440 3051 2498; x_wconf 89' lang='lat' dir='ltr'><strong>dicere</strong></span> <span class='ocrx_word' id='word_1_638' title='bbox 3074 2486 3090 2510; x_wconf 94' lang='lat'><strong>,</strong></span> <span class='ocrx_word' id='word_1_639' title='bbox 3117 2446 3299 2502; x_wconf 82' lang='lat' dir='ltr'><strong>Credo</strong></span> <span class='ocrx_word' id='word_1_640' title='bbox 3329 2451 3386 2502; x_wconf 89' lang='lat' dir='ltr'><strong>in</strong></span> <span class='ocrx_word' id='word_1_641' title='bbox 3420 2465 3600 2504; x_wconf 66' lang='grc' dir='ltr'><strong>ηιατ-</strong></span> <span class='ocrx_word' id='word_1_642' title='bbox 3661 2449 3666 2456; x_wconf 83' lang='grc'><em>’</em></span> 
     </span>
    </p>
   </div>
   <div class='ocr_carea' id='block_1_82' title="bbox 2004 2528 3599 2609">
    <p class='ocr_par' dir='ltr' id='par_1_82' title="bbox 2004 2528 3599 2609">
     <span class='ocr_line' id='line_1_82' title="bbox 2004 2528 3599 2609; baseline 0.008 -28"><span class='ocrx_word' id='word_1_643' title='bbox 2004 2528 2295 2586; x_wconf 88' lang='lat' dir='ltr'><strong>rectionem</strong></span> <span class='ocrx_word' id='word_1_644' title='bbox 2343 2539 2677 2584; x_wconf 89' lang='lat' dir='ltr'><strong>mortuorum</strong></span> <span class='ocrx_word' id='word_1_645' title='bbox 2708 2548 2721 2584; x_wconf 92' lang='lat'><strong>:</strong></span> <span class='ocrx_word' id='word_1_646' title='bbox 2750 2541 2805 2586; x_wconf 91' lang='lat' dir='ltr'><strong>et</strong></span> <span class='ocrx_word' id='word_1_647' title='bbox 2847 2533 2899 2588; x_wconf 91' lang='lat' dir='ltr'><strong>in</strong></span> <span class='ocrx_word' id='word_1_648' title='bbox 2947 2533 3047 2591; x_wconf 83' lang='lat' dir='ltr'><strong>bac</strong></span> <span class='ocrx_word' id='word_1_649' title='bbox 3095 2535 3202 2592; x_wconf 87' lang='lat' dir='ltr'><strong>fide</strong></span> <span class='ocrx_word' id='word_1_650' title='bbox 3238 2539 3599 2609; x_wconf 84' lang='lat' dir='ltr'><strong>baptizamur.</strong></span> 
     </span>
    </p>
   </div>
   <div class='ocr_carea' id='block_1_83' title="bbox 2006 2619 3602 2700">
    <p class='ocr_par' dir='ltr' id='par_1_83' title="bbox 2006 2619 3602 2700">
     <span class='ocr_line' id='line_1_83' title="bbox 2006 2619 3602 2700; baseline 0.009 -26"><span class='ocrx_word' id='word_1_651' title='bbox 2006 2619 2291 2689; x_wconf 86' lang='lat' dir='ltr'><strong>Postquam</strong></span> <span class='ocrx_word' id='word_1_652' title='bbox 2322 2623 2463 2676; x_wconf 88' lang='lat' dir='ltr'><strong>enim</strong></span> <span class='ocrx_word' id='word_1_653' title='bbox 2496 2621 2597 2677; x_wconf 90' lang='lat' dir='ltr'><strong>boc</strong></span> <span class='ocrx_word' id='word_1_654' title='bbox 2622 2624 2852 2680; x_wconf 86' lang='lat' dir='ltr'><strong>confessi</strong></span> <span class='ocrx_word' id='word_1_655' title='bbox 2895 2641 3078 2683; x_wconf 87' lang='lat' dir='ltr'><strong>sumus</strong></span> <span class='ocrx_word' id='word_1_656' title='bbox 3112 2644 3238 2684; x_wconf 90' lang='lat' dir='ltr'><strong>cum</strong></span> <span class='ocrx_word' id='word_1_657' title='bbox 3280 2633 3408 2686; x_wconf 84' lang='lat' dir='ltr'><strong>aliis</strong></span> <span class='ocrx_word' id='word_1_658' title='bbox 3430 2675 3447 2700; x_wconf 92' lang='lat'><strong>,</strong></span> <span class='ocrx_word' id='word_1_659' title='bbox 3481 2645 3602 2689; x_wconf 67' lang='lat' dir='ltr'><strong>tum</strong></span> 
     </span>
    </p>
   </div>
   <div class='ocr_carea' id='block_1_84' title="bbox 2005 2709 3600 2779">
    <p class='ocr_par' dir='ltr' id='par_1_84' title="bbox 2005 2709 3600 2779">
     <span class='ocr_line' id='line_1_84' title="bbox 2005 2709 3600 2779; baseline 0.009 -14"><span class='ocrx_word' id='word_1_660' title='bbox 2005 2709 2338 2773; x_wconf 88' lang='lat' dir='ltr'><strong>demittimur</strong></span> <span class='ocrx_word' id='word_1_661' title='bbox 2367 2712 2420 2772; x_wconf 92' lang='lat' dir='ltr'><strong>in</strong></span> <span class='ocrx_word' id='word_1_662' title='bbox 2449 2713 2650 2769; x_wconf 89' lang='lat' dir='ltr'><strong>fontem</strong></span> <span class='ocrx_word' id='word_1_663' title='bbox 2686 2729 2961 2771; x_wconf 85' lang='lat' dir='ltr'><strong>sacrorum</strong></span> <span class='ocrx_word' id='word_1_664' title='bbox 2992 2718 3209 2775; x_wconf 91' lang='lat' dir='ltr'><strong>illorum</strong></span> <span class='ocrx_word' id='word_1_665' title='bbox 3249 2721 3600 2779; x_wconf 76' lang='lat' dir='ltr'><strong>ﬂuentorum.</strong></span> 
     </span>
    </p>
   </div>
   <div class='ocr_carea' id='block_1_85' title="bbox 2008 2802 3602 2879">
    <p class='ocr_par' dir='ltr' id='par_1_85' title="bbox 2008 2802 3602 2879">
     <span class='ocr_line' id='line_1_85' title="bbox 2008 2802 3602 2879; baseline 0.008 -21"><span class='ocrx_word' id='word_1_666' title='bbox 2008 2802 2121 2858; x_wconf 91' lang='lat' dir='ltr'><strong>lloc</strong></span> <span class='ocrx_word' id='word_1_667' title='bbox 2148 2819 2275 2875; x_wconf 83' lang='lat' dir='ltr'><strong>ergo</strong></span> <span class='ocrx_word' id='word_1_668' title='bbox 2305 2804 2358 2858; x_wconf 91' lang='lat' dir='ltr'><strong>in</strong></span> <span class='ocrx_word' id='word_1_669' title='bbox 2388 2805 2702 2860; x_wconf 88' lang='lat' dir='ltr'><strong>memoriam</strong></span> <span class='ocrx_word' id='word_1_670' title='bbox 2737 2821 2998 2864; x_wconf 90' lang='lat' dir='ltr'><strong>revocans</strong></span> <span class='ocrx_word' id='word_1_671' title='bbox 3026 2808 3242 2866; x_wconf 90' lang='lat' dir='ltr'><strong>dicebat</strong></span> <span class='ocrx_word' id='word_1_672' title='bbox 3270 2811 3478 2868; x_wconf 81' lang='lat' dir='ltr'><strong>Paulus</strong></span> <span class='ocrx_word' id='word_1_673' title='bbox 3498 2855 3515 2879; x_wconf 92' lang='lat'><strong>,</strong></span> <span class='ocrx_word' id='word_1_674' title='bbox 3545 2815 3602 2870; x_wconf 82' lang='lat' dir='ltr'><strong>Si</strong></span> 
     </span>
    </p>
   </div>
   <div class='ocr_carea' id='block_1_86' title="bbox 2009 2896 3599 2974">
    <p class='ocr_par' dir='ltr' id='par_1_86' title="bbox 2009 2896 3599 2974">
     <span class='ocr_line' id='line_1_86' title="bbox 2009 2896 3599 2974; baseline 0.008 -25"><span class='ocrx_word' id='word_1_675' title='bbox 2009 2911 2110 2949; x_wconf 90' lang='lat' dir='ltr'><strong>non</strong></span> <span class='ocrx_word' id='word_1_676' title='bbox 2140 2905 2211 2950; x_wconf 85' lang='lat' dir='ltr'><strong>est</strong></span> <span class='ocrx_word' id='word_1_677' title='bbox 2238 2896 2558 2962; x_wconf 79' lang='lat' dir='ltr'><strong>resurrectio,</strong></span> <span class='ocrx_word' id='word_1_678' title='bbox 2588 2913 2677 2950; x_wconf 86' lang='lat' dir='ltr'><strong>cur</strong></span> <span class='ocrx_word' id='word_1_679' title='bbox 2704 2898 2978 2970; x_wconf 73' lang='lat' dir='ltr'><strong>baptizaris</strong></span> <span class='ocrx_word' id='word_1_680' title='bbox 3007 2917 3101 2970; x_wconf 86' lang='lat' dir='ltr'><strong>pro</strong></span> <span class='ocrx_word' id='word_1_681' title='bbox 3127 2905 3392 2960; x_wconf 76' lang='lat' dir='ltr'><strong>mortuis!</strong></span> <span class='ocrx_word' id='word_1_682' title='bbox 3421 2906 3474 2960; x_wconf 88' lang='lat' dir='ltr'><strong>id</strong></span> <span class='ocrx_word' id='word_1_683' title='bbox 3502 2917 3599 2974; x_wconf 83' lang='lat' dir='ltr'><strong>est,</strong></span> 
     </span>
    </p>
   </div>
   <div class='ocr_carea' id='block_1_87' title="bbox 2011 2988 3603 3064">
    <p class='ocr_par' dir='ltr' id='par_1_87' title="bbox 2011 2988 3603 3064">
     <span class='ocr_line' id='line_1_87' title="bbox 2011 2988 3603 3064; baseline 0.009 -24"><span class='ocrx_word' id='word_1_684' title='bbox 2011 3002 2110 3059; x_wconf 87' lang='lat' dir='ltr'><strong>pro</strong></span> <span class='ocrx_word' id='word_1_685' title='bbox 2135 2988 2470 3058; x_wconf 91' lang='lat' dir='ltr'><strong>corporibus.</strong></span> <span class='ocrx_word' id='word_1_686' title='bbox 2504 2989 2732 3060; x_wconf 87' lang='lat' dir='ltr'><strong>Propter</strong></span> <span class='ocrx_word' id='word_1_687' title='bbox 2757 2990 2860 3048; x_wconf 91' lang='lat' dir='ltr'><strong>boc</strong></span> <span class='ocrx_word' id='word_1_688' title='bbox 2885 2992 3026 3047; x_wconf 91' lang='lat' dir='ltr'><strong>enim</strong></span> <span class='ocrx_word' id='word_1_689' title='bbox 3053 2994 3382 3064; x_wconf 83' lang='lat' dir='ltr'><strong>baptizaris,</strong></span> <span class='ocrx_word' id='word_1_690' title='bbox 3413 2999 3603 3054; x_wconf 83' lang='lat' dir='ltr'><strong>mortui</strong></span> 
     </span>
    </p>
   </div>
   <div class='ocr_carea' id='block_1_88' title="bbox 2012 3079 3604 3159">
    <p class='ocr_par' dir='ltr' id='par_1_88' title="bbox 2012 3079 3604 3159">
     <span class='ocr_line' id='line_1_88' title="bbox 2012 3079 3604 3159; baseline 0.01 -25"><span class='ocrx_word' id='word_1_691' title='bbox 2012 3079 2256 3149; x_wconf 80' lang='lat' dir='ltr'><strong>corporis</strong></span> <span class='ocrx_word' id='word_1_692' title='bbox 2295 3079 2522 3134; x_wconf 90' lang='lat' dir='ltr'><strong>credens</strong></span> <span class='ocrx_word' id='word_1_693' title='bbox 2566 3083 3012 3140; x_wconf 86' lang='lat' dir='ltr'><strong>resurrectionem</strong></span> <span class='ocrx_word' id='word_1_694' title='bbox 3036 3125 3053 3152; x_wconf 93' lang='lat'><strong>,</strong></span> <span class='ocrx_word' id='word_1_695' title='bbox 3083 3101 3283 3157; x_wconf 87' lang='lat' dir='ltr'><strong>nempe</strong></span> <span class='ocrx_word' id='word_1_696' title='bbox 3311 3090 3464 3159; x_wconf 81' lang='lat' dir='ltr'><strong>quod</strong></span> <span class='ocrx_word' id='word_1_697' title='bbox 3504 3105 3604 3150; x_wconf 73' lang='lat' dir='ltr'><strong>non</strong></span> 
     </span>
    </p>
   </div>
   <div class='ocr_carea' id='block_1_89' title="bbox 2013 3172 3606 3246">
    <p class='ocr_par' dir='ltr' id='par_1_89' title="bbox 2013 3172 3606 3246">
     <span class='ocr_line' id='line_1_89' title="bbox 2013 3172 3606 3246; baseline 0.006 -19"><span class='ocrx_word' id='word_1_698' title='bbox 2013 3181 2225 3227; x_wconf 88' lang='lat' dir='ltr'><strong>maneat</strong></span> <span class='ocrx_word' id='word_1_699' title='bbox 2252 3179 2541 3226; x_wconf 90' lang='lat' dir='ltr'><strong>mortuum.</strong></span> <span class='ocrx_word' id='word_1_700' title='bbox 2573 3172 2639 3227; x_wconf 86' lang='lat' dir='ltr'><strong>Et</strong></span> <span class='ocrx_word' id='word_1_701' title='bbox 2665 3181 2721 3227; x_wconf 93' lang='lat' dir='ltr'><strong>tu</strong></span> <span class='ocrx_word' id='word_1_702' title='bbox 2745 3173 2960 3245; x_wconf 86' lang='lat' dir='ltr'><strong>quidem</strong></span> <span class='ocrx_word' id='word_1_703' title='bbox 2987 3191 3084 3246; x_wconf 90' lang='lat' dir='ltr'><strong>per</strong></span> <span class='ocrx_word' id='word_1_704' title='bbox 3108 3177 3275 3234; x_wconf 84' lang='lat' dir='ltr'><strong>verba</strong></span> <span class='ocrx_word' id='word_1_705' title='bbox 3302 3179 3446 3236; x_wconf 83' lang='lat' dir='ltr'><strong>dicis</strong></span> <span class='ocrx_word' id='word_1_706' title='bbox 3467 3197 3606 3236; x_wconf 80' lang='lat' dir='ltr'><strong>mor-</strong></span> 
     </span>
    </p>
   </div>
   <div class='ocr_carea' id='block_1_90' title="bbox 2015 3264 3607 3343">
    <p class='ocr_par' dir='ltr' id='par_1_90' title="bbox 2015 3264 3607 3343">
     <span class='ocr_line' id='line_1_90' title="bbox 2015 3264 3607 3343; baseline 0.006 -25"><span class='ocrx_word' id='word_1_707' title='bbox 2015 3272 2226 3319; x_wconf 91' lang='lat' dir='ltr'><strong>tuorum</strong></span> <span class='ocrx_word' id='word_1_708' title='bbox 2255 3264 2700 3320; x_wconf 90' lang='lat' dir='ltr'><strong>resurrectionem</strong></span> <span class='ocrx_word' id='word_1_709' title='bbox 2729 3283 2743 3319; x_wconf 89' lang='lat'><strong>:</strong></span> <span class='ocrx_word' id='word_1_710' title='bbox 2771 3266 3024 3324; x_wconf 89' lang='lat' dir='ltr'><strong>sacerdos</strong></span> <span class='ocrx_word' id='word_1_711' title='bbox 3047 3277 3228 3325; x_wconf 85' lang='lat' dir='ltr'><strong>autem</strong></span> <span class='ocrx_word' id='word_1_712' title='bbox 3255 3282 3536 3343; x_wconf 77' lang='lat' dir='ltr'><strong>tamquam</strong></span> <span class='ocrx_word' id='word_1_713' title='bbox 3557 3275 3607 3328; x_wconf 80' lang='lat' dir='ltr'><strong>in</strong></span> 
     </span>
    </p>
   </div>
   <div class='ocr_carea' id='block_1_91' title="bbox 2016 3353 3609 3429">
    <p class='ocr_par' dir='ltr' id='par_1_91' title="bbox 2016 3353 3609 3429">
     <span class='ocr_line' id='line_1_91' title="bbox 2016 3353 3609 3429; baseline 0.007 -20"><span class='ocrx_word' id='word_1_714' title='bbox 2016 3353 2242 3424; x_wconf 88' lang='lat' dir='ltr'><strong>quadam</strong></span> <span class='ocrx_word' id='word_1_715' title='bbox 2274 3354 2524 3425; x_wconf 80' lang='lat' dir='ltr'><strong>imagine,</strong></span> <span class='ocrx_word' id='word_1_716' title='bbox 2553 3370 2673 3426; x_wconf 66' lang='lat' dir='ltr'><strong>quae</strong></span> <span class='ocrx_word' id='word_1_717' title='bbox 2701 3355 2974 3412; x_wconf 89' lang='lat' dir='ltr'><strong>credidisti</strong></span> <span class='ocrx_word' id='word_1_718' title='bbox 3002 3368 3057 3415; x_wconf 93' lang='lat' dir='ltr'><strong>et</strong></span> <span class='ocrx_word' id='word_1_719' title='bbox 3080 3375 3179 3429; x_wconf 85' lang='lat' dir='ltr'><strong>per</strong></span> <span class='ocrx_word' id='word_1_720' title='bbox 3206 3362 3375 3420; x_wconf 77' lang='lat' dir='ltr'><strong>verba</strong></span> <span class='ocrx_word' id='word_1_721' title='bbox 3401 3379 3466 3420; x_wconf 85' lang='lat' dir='ltr'><strong>es</strong></span> <span class='ocrx_word' id='word_1_722' title='bbox 3489 3379 3609 3419; x_wconf 81' lang='lat' dir='ltr'><strong>eou-</strong></span> 
     </span>
    </p>
   </div>
   <div class='ocr_carea' id='block_1_92' title="bbox 2018 3444 3611 3527">
    <p class='ocr_par' dir='ltr' id='par_1_92' title="bbox 2018 3444 3611 3527">
     <span class='ocr_line' id='line_1_92' title="bbox 2018 3444 3611 3527; baseline 0.006 -28"><span class='ocrx_word' id='word_1_723' title='bbox 2018 3444 2192 3500; x_wconf 88' lang='lat' dir='ltr'><strong>fessus</strong></span> <span class='ocrx_word' id='word_1_724' title='bbox 2215 3486 2230 3512; x_wconf 94' lang='lat'><strong>,</strong></span> <span class='ocrx_word' id='word_1_725' title='bbox 2264 3445 2424 3500; x_wconf 88' lang='lat' dir='ltr'><strong>etiam</strong></span> <span class='ocrx_word' id='word_1_726' title='bbox 2455 3460 2552 3516; x_wconf 88' lang='lat' dir='ltr'><strong>per</strong></span> <span class='ocrx_word' id='word_1_727' title='bbox 2581 3461 2668 3502; x_wconf 90' lang='lat' dir='ltr'><strong>res</strong></span> <span class='ocrx_word' id='word_1_728' title='bbox 2699 3447 2841 3517; x_wconf 87' lang='lat' dir='ltr'><strong>ipsas</strong></span> <span class='ocrx_word' id='word_1_729' title='bbox 2869 3449 3124 3506; x_wconf 90' lang='lat' dir='ltr'><strong>ostendit.</strong></span> <span class='ocrx_word' id='word_1_730' title='bbox 3155 3451 3390 3521; x_wconf 87' lang='lat' dir='ltr'><strong>Quando</strong></span> <span class='ocrx_word' id='word_1_731' title='bbox 3415 3457 3611 3527; x_wconf 81' lang='lat' dir='ltr'><strong>absque</strong></span> 
     </span>
    </p>
   </div>
   <div class='ocr_carea' id='block_1_93' title="bbox 2019 3537 3612 3618">
    <p class='ocr_par' dir='ltr' id='par_1_93' title="bbox 2019 3537 3612 3618">
     <span class='ocr_line' id='line_1_93' title="bbox 2019 3537 3612 3618; baseline 0.008 -27"><span class='ocrx_word' id='word_1_732' title='bbox 2019 3537 2170 3608; x_wconf 88' lang='lat' dir='ltr'><strong>signo</strong></span> <span class='ocrx_word' id='word_1_733' title='bbox 2194 3537 2398 3601; x_wconf 83' lang='lat' dir='ltr'><strong>credis,</strong></span> <span class='ocrx_word' id='word_1_734' title='bbox 2428 3546 2554 3593; x_wconf 90' lang='lat' dir='ltr'><strong>tunc</strong></span> <span class='ocrx_word' id='word_1_735' title='bbox 2581 3537 2676 3598; x_wconf 83' lang='lat' dir='ltr'><strong>tibi</strong></span> <span class='ocrx_word' id='word_1_736' title='bbox 2703 3540 2864 3595; x_wconf 90' lang='lat' dir='ltr'><strong>etiam</strong></span> <span class='ocrx_word' id='word_1_737' title='bbox 2893 3541 3096 3612; x_wconf 60' lang='lat' dir='ltr'><strong>prabet</strong></span> <span class='ocrx_word' id='word_1_738' title='bbox 3120 3543 3338 3615; x_wconf 81' lang='lat' dir='ltr'><strong>signum</strong></span> <span class='ocrx_word' id='word_1_739' title='bbox 3366 3563 3382 3602; x_wconf 90' lang='lat'>:</span> <span class='ocrx_word' id='word_1_740' title='bbox 3405 3549 3612 3618; x_wconf 83' lang='lat' dir='ltr'><strong>quando</strong></span> 
     </span>
    </p>
   </div>
   <div class='ocr_carea' id='block_1_94' title="bbox 2019 3631 3614 3710">
    <p class='ocr_par' dir='ltr' id='par_1_94' title="bbox 2019 3631 3614 3710">
     <span class='ocr_line' id='line_1_94' title="bbox 2019 3631 3614 3710; baseline 0.01 -27"><span class='ocrx_word' id='word_1_741' title='bbox 2019 3645 2140 3700; x_wconf 77' lang='lat' dir='ltr'><strong>qua:</strong></span> <span class='ocrx_word' id='word_1_742' title='bbox 2184 3639 2270 3684; x_wconf 91' lang='lat' dir='ltr'><strong>tua</strong></span> <span class='ocrx_word' id='word_1_743' title='bbox 2313 3639 2440 3685; x_wconf 92' lang='lat' dir='ltr'><strong>sunt</strong></span> <span class='ocrx_word' id='word_1_744' title='bbox 2481 3631 2673 3686; x_wconf 89' lang='lat' dir='ltr'><strong>feceris</strong></span> <span class='ocrx_word' id='word_1_745' title='bbox 2697 3674 2712 3697; x_wconf 95' lang='lat'><strong>,</strong></span> <span class='ocrx_word' id='word_1_746' title='bbox 2753 3640 2881 3690; x_wconf 89' lang='lat' dir='ltr'><strong>tunc</strong></span> <span class='ocrx_word' id='word_1_747' title='bbox 2923 3635 3066 3691; x_wconf 91' lang='lat' dir='ltr'><strong>Deus</strong></span> <span class='ocrx_word' id='word_1_748' title='bbox 3101 3653 3322 3710; x_wconf 85' lang='lat' dir='ltr'><strong>quoque</strong></span> <span class='ocrx_word' id='word_1_749' title='bbox 3355 3649 3408 3696; x_wconf 86' lang='lat' dir='ltr'><strong>te</strong></span> <span class='ocrx_word' id='word_1_750' title='bbox 3447 3642 3614 3698; x_wconf 84' lang='lat' dir='ltr'><strong>reddit</strong></span> 
     </span>
    </p>
   </div>
   <div class='ocr_carea' id='block_1_95' title="bbox 2019 3720 3614 3799">
    <p class='ocr_par' dir='ltr' id='par_1_95' title="bbox 2019 3720 3614 3799">
     <span class='ocr_line' id='line_1_95' title="bbox 2019 3720 3614 3799; baseline 0.006 -22"><span class='ocrx_word' id='word_1_751' title='bbox 2019 3721 2330 3777; x_wconf 89' lang='lat' dir='ltr'><strong>certiorem.</strong></span> <span class='ocrx_word' id='word_1_752' title='bbox 2376 3720 2701 3788; x_wconf 87' lang='lat' dir='ltr'><strong>Quomodo?</strong></span> <span class='ocrx_word' id='word_1_753' title='bbox 2750 3723 2853 3778; x_wconf 87' lang='lat' dir='ltr'><strong>Per</strong></span> <span class='ocrx_word' id='word_1_754' title='bbox 2894 3740 3106 3796; x_wconf 89' lang='lat' dir='ltr'><strong>aquam.</strong></span> <span class='ocrx_word' id='word_1_755' title='bbox 3159 3729 3430 3799; x_wconf 82' lang='lat' dir='ltr'><strong>Baptizari</strong></span> <span class='ocrx_word' id='word_1_756' title='bbox 3477 3734 3614 3787; x_wconf 78' lang='lat' dir='ltr'><strong>enim</strong></span> 
     </span>
    </p>
   </div>
   <div class='ocr_carea' id='block_1_96' title="bbox 2022 3812 3617 3896">
    <p class='ocr_par' dir='ltr' id='par_1_96' title="bbox 2022 3812 3617 3896">
     <span class='ocr_line' id='line_1_96' title="bbox 2022 3812 3617 3896; baseline 0.009 -28"><span class='ocrx_word' id='word_1_757' title='bbox 2022 3823 2077 3868; x_wconf 91' lang='lat' dir='ltr'><strong>et</strong></span> <span class='ocrx_word' id='word_1_758' title='bbox 2099 3812 2358 3884; x_wconf 88' lang='lat' dir='ltr'><strong>demergi,</strong></span> <span class='ocrx_word' id='word_1_759' title='bbox 2390 3813 2583 3872; x_wconf 87' lang='lat' dir='ltr'><strong>deinde</strong></span> <span class='ocrx_word' id='word_1_760' title='bbox 2611 3832 2824 3872; x_wconf 79' lang='lat' dir='ltr'><strong>sursum</strong></span> <span class='ocrx_word' id='word_1_761' title='bbox 2857 3835 3100 3876; x_wconf 87' lang='lat' dir='ltr'><strong>remeare</strong></span> <span class='ocrx_word' id='word_1_762' title='bbox 3128 3832 3178 3876; x_wconf 93' lang='lat' dir='ltr'><strong>ct</strong></span> <span class='ocrx_word' id='word_1_763' title='bbox 3209 3839 3516 3896; x_wconf 78' lang='lat' dir='ltr'><strong>emergere,</strong></span> <span class='ocrx_word' id='word_1_764' title='bbox 3539 3835 3617 3881; x_wconf 60' lang='lat' dir='ltr'><strong>at</strong></span> 
     </span>
    </p>
   </div>
   <div class='ocr_carea' id='block_1_97' title="bbox 2022 3905 3618 3978">
    <p class='ocr_par' dir='ltr' id='par_1_97' title="bbox 2022 3905 3618 3978">
     <span class='ocr_line' id='line_1_97' title="bbox 2022 3905 3618 3978; baseline 0.009 -19"><span class='ocrx_word' id='word_1_765' title='bbox 2022 3905 2323 3977; x_wconf 85' lang='lat' dir='ltr'><strong>symbolum</strong></span> <span class='ocrx_word' id='word_1_766' title='bbox 2359 3921 2454 3961; x_wconf 91' lang='lat' dir='ltr'><strong>seu</strong></span> <span class='ocrx_word' id='word_1_767' title='bbox 2491 3908 2700 3978; x_wconf 78' lang='lat' dir='ltr'><strong>signum</strong></span> <span class='ocrx_word' id='word_1_768' title='bbox 2732 3909 3038 3972; x_wconf 75' lang='lat' dir='ltr'><strong>descensus,</strong></span> <span class='ocrx_word' id='word_1_769' title='bbox 3065 3912 3387 3976; x_wconf 78' lang='lat' dir='ltr'><strong>ad.inferos</strong></span> <span class='ocrx_word' id='word_1_770' title='bbox 3414 3927 3472 3972; x_wconf 86' lang='lat' dir='ltr'><strong>et</strong></span> <span class='ocrx_word' id='word_1_771' title='bbox 3502 3917 3618 3972; x_wconf 83' lang='lat' dir='ltr'><strong>inde</strong></span> 
     </span>
    </p>
   </div>
   <div class='ocr_carea' id='block_1_98' title="bbox 2023 3999 3618 4076">
    <p class='ocr_par' dir='ltr' id='par_1_98' title="bbox 2023 3999 3618 4076">
     <span class='ocr_line' id='line_1_98' title="bbox 2023 3999 3618 4076; baseline 0.008 -24"><span class='ocrx_word' id='word_1_772' title='bbox 2023 4013 2297 4054; x_wconf 89' lang='lat' dir='ltr'><strong>ascensus.</strong></span> <span class='ocrx_word' id='word_1_773' title='bbox 2327 3999 2686 4065; x_wconf 84' lang='lat' dir='ltr'><strong>Quamobrem</strong></span> <span class='ocrx_word' id='word_1_774' title='bbox 2718 4001 2912 4056; x_wconf 84' lang='lat' dir='ltr'><strong>Paulus</strong></span> <span class='ocrx_word' id='word_1_775' title='bbox 2937 4019 3148 4075; x_wconf 88' lang='lat' dir='ltr'><strong>quoque</strong></span> <span class='ocrx_word' id='word_1_776' title='bbox 3177 4005 3512 4076; x_wconf 85' lang='lat' dir='ltr'><strong>baptismum</strong></span> <span class='ocrx_word' id='word_1_777' title='bbox 3537 4023 3618 4063; x_wconf 81' lang='lat' dir='ltr'><strong>se-</strong></span> 
     </span>
    </p>
   </div>
   <div class='ocr_carea' id='block_1_99' title="bbox 2025 4090 3620 4166">
    <p class='ocr_par' dir='ltr' id='par_1_99' title="bbox 2025 4090 3620 4166">
     <span class='ocr_line' id='line_1_99' title="bbox 2025 4090 3620 4166; baseline 0.007 -22"><span class='ocrx_word' id='word_1_778' title='bbox 2025 4090 2265 4160; x_wconf 90' lang='lat' dir='ltr'><strong>pulcrum</strong></span> <span class='ocrx_word' id='word_1_779' title='bbox 2303 4099 2490 4156; x_wconf 88' lang='lat' dir='ltr'><strong>vocat,</strong></span> <span class='ocrx_word' id='word_1_780' title='bbox 2529 4091 2758 4148; x_wconf 89' lang='lat' dir='ltr'><strong>dicens:</strong></span> <span class='ocrx_word' id='word_1_781' title='bbox 2788 4092 3080 4166; x_wconf 79' lang='lat' dir='ltr'><strong>Comepulti</strong></span> <span class='ocrx_word' id='word_1_782' title='bbox 3115 4097 3251 4151; x_wconf 85' lang='lat' dir='ltr'><strong>enim</strong></span> <span class='ocrx_word' id='word_1_783' title='bbox 3290 4116 3474 4155; x_wconf 69' lang='lat' dir='ltr'><strong>sum:</strong></span> <span class='ocrx_word' id='word_1_784' title='bbox 3510 4117 3620 4154; x_wconf 70' lang='lat' dir='ltr'><strong>eam</strong></span> 
     </span>
    </p>
   </div>
   <div class='ocr_carea' id='block_1_100' title="bbox 2024 4183 3618 4260">
    <p class='ocr_par' dir='ltr' id='par_1_100' title="bbox 2024 4183 3618 4260">
     <span class='ocr_line' id='line_1_100' title="bbox 2024 4183 3618 4260; baseline 0.009 -23"><span class='ocrx_word' id='word_1_785' title='bbox 2024 4183 2116 4254; x_wconf 80' lang='lat' dir='ltr'><strong>illo</strong></span> <span class='ocrx_word' id='word_1_786' title='bbox 2135 4200 2225 4253; x_wconf 88' lang='lat' dir='ltr'><strong>per</strong></span> <span class='ocrx_word' id='word_1_787' title='bbox 2243 4183 2546 4255; x_wconf 81' lang='lat' dir='ltr'><strong>baptismum</strong></span> <span class='ocrx_word' id='word_1_788' title='bbox 2566 4187 2618 4240; x_wconf 90' lang='lat' dir='ltr'><strong>in</strong></span> <span class='ocrx_word' id='word_1_789' title='bbox 2638 4196 2848 4240; x_wconf 88' lang='lat' dir='ltr'><strong>mortem</strong></span> <span class='ocrx_word' id='word_1_790' title='bbox 2863 4187 3041 4256; x_wconf 82' lang='lat' dir='ltr'><strong>(Rom.</strong></span> <span class='ocrx_word' id='word_1_791' title='bbox 3063 4191 3118 4244; x_wconf 88' lang='lat'><strong>6.</strong></span> <span class='ocrx_word' id='word_1_792' title='bbox 3141 4191 3223 4260; x_wconf 75' lang='grc'><strong>4).</strong></span> <span class='ocrx_word' id='word_1_793' title='bbox 3249 4193 3330 4247; x_wconf 81' lang='lat' dir='ltr'><strong>Ex</strong></span> <span class='ocrx_word' id='word_1_794' title='bbox 3358 4209 3428 4249; x_wconf 82' lang='lat' dir='ltr'><strong>eo</strong></span> <span class='ocrx_word' id='word_1_795' title='bbox 3445 4206 3618 4252; x_wconf 79' lang='lat' dir='ltr'><strong>autem</strong></span> 
     </span>
    </p>
   </div>
   <div class='ocr_carea' id='block_1_101' title="bbox 2026 4273 3619 4352">
    <p class='ocr_par' dir='ltr' id='par_1_101' title="bbox 2026 4273 3619 4352">
     <span class='ocr_line' id='line_1_101' title="bbox 2026 4273 3619 4352; baseline 0.008 -22"><span class='ocrx_word' id='word_1_796' title='bbox 2026 4291 2140 4330; x_wconf 90' lang='lat' dir='ltr'><strong>rem</strong></span> <span class='ocrx_word' id='word_1_797' title='bbox 2169 4273 2402 4330; x_wconf 86' lang='lat' dir='ltr'><strong>futuram</strong></span> <span class='ocrx_word' id='word_1_798' title='bbox 2431 4291 2643 4346; x_wconf 89' lang='lat' dir='ltr'><strong>quoque</strong></span> <span class='ocrx_word' id='word_1_799' title='bbox 2670 4276 2798 4332; x_wconf 91' lang='lat' dir='ltr'><strong>facit</strong></span> <span class='ocrx_word' id='word_1_800' title='bbox 2825 4278 3134 4335; x_wconf 88' lang='lat' dir='ltr'><strong>credibilem</strong></span> <span class='ocrx_word' id='word_1_801' title='bbox 3152 4321 3168 4348; x_wconf 95' lang='lat'><strong>,</strong></span> <span class='ocrx_word' id='word_1_802' title='bbox 3198 4297 3517 4352; x_wconf 86' lang='lat' dir='ltr'><strong>corporum,</strong></span> <span class='ocrx_word' id='word_1_803' title='bbox 3544 4288 3619 4342; x_wconf 80' lang='lat' dir='ltr'><strong>in-</strong></span> 
     </span>
    </p>
   </div>
   <div class='ocr_carea' id='block_1_102' title="bbox 2026 4369 3617 4447">
    <p class='ocr_par' dir='ltr' id='par_1_102' title="bbox 2026 4369 3617 4447">
     <span class='ocr_line' id='line_1_102' title="bbox 2026 4369 3617 4447; baseline 0.008 -27"><span class='ocrx_word' id='word_1_804' title='bbox 2026 4383 2209 4438; x_wconf 87' lang='lat' dir='ltr'><strong>quam,</strong></span> <span class='ocrx_word' id='word_1_805' title='bbox 2233 4370 2704 4427; x_wconf 89' lang='lat' dir='ltr'><strong>resurrectionem.</strong></span> <span class='ocrx_word' id='word_1_806' title='bbox 2724 4369 2826 4441; x_wconf 79' lang='lat' dir='ltr'><strong>Est</strong></span> <span class='ocrx_word' id='word_1_807' title='bbox 2852 4371 2995 4425; x_wconf 90' lang='lat' dir='ltr'><strong>enim</strong></span> <span class='ocrx_word' id='word_1_808' title='bbox 3022 4372 3180 4444; x_wconf 79' lang='lat' dir='ltr'><strong>longe</strong></span> <span class='ocrx_word' id='word_1_809' title='bbox 3203 4375 3384 4445; x_wconf 88' lang='lat' dir='ltr'><strong>majus</strong></span> <span class='ocrx_word' id='word_1_810' title='bbox 3408 4390 3617 4447; x_wconf 79' lang='lat' dir='ltr'><strong>peccata</strong></span> 
     </span>
    </p>
   </div>
   <div class='ocr_carea' id='block_1_103' title="bbox 2028 4459 3616 4530">
    <p class='ocr_par' dir='ltr' id='par_1_103' title="bbox 2028 4459 3616 4530">
     <span class='ocr_line' id='line_1_103' title="bbox 2028 4459 3616 4530; baseline 0.006 -15"><span class='ocrx_word' id='word_1_811' title='bbox 2028 4459 2249 4529; x_wconf 83' lang='lat' dir='ltr'><strong>delere,</strong></span> <span class='ocrx_word' id='word_1_812' title='bbox 2295 4475 2454 4530; x_wconf 88' lang='lat' dir='ltr'><strong>quam</strong></span> <span class='ocrx_word' id='word_1_813' title='bbox 2503 4475 2697 4529; x_wconf 87' lang='lat' dir='ltr'><strong>corpus</strong></span> <span class='ocrx_word' id='word_1_814' title='bbox 2745 4461 3027 4518; x_wconf 88' lang='lat' dir='ltr'><strong>suscitare.</strong></span> <span class='ocrx_word' id='word_1_815' title='bbox 3075 4464 3142 4519; x_wconf 87' lang='lat' dir='ltr'><strong>Et</strong></span> <span class='ocrx_word' id='word_1_816' title='bbox 3185 4463 3294 4521; x_wconf 82' lang='lat' dir='ltr'><strong>hoc</strong></span> <span class='ocrx_word' id='word_1_817' title='bbox 3335 4471 3616 4523; x_wconf 67' lang='lat' dir='ltr'><strong>enuntiatus</strong></span> 
     </span>
    </p>
   </div>
   <div class='ocr_carea' id='block_1_104' title="bbox 2027 4551 3616 4627">
    <p class='ocr_par' dir='ltr' id='par_1_104' title="bbox 2027 4551 3616 4627">
     <span class='ocr_line' id='line_1_104' title="bbox 2027 4551 3616 4627; baseline 0.004 -19"><span class='ocrx_word' id='word_1_818' title='bbox 2027 4551 2272 4608; x_wconf 88' lang='lat' dir='ltr'><strong>Cbristus</strong></span> <span class='ocrx_word' id='word_1_819' title='bbox 2293 4552 2504 4608; x_wconf 89' lang='lat' dir='ltr'><strong>dicebat</strong></span> <span class='ocrx_word' id='word_1_820' title='bbox 2528 4569 2540 4604; x_wconf 90' lang='lat'><strong>:</strong></span> <span class='ocrx_word' id='word_1_821' title='bbox 2569 4552 2703 4620; x_wconf 84' lang='lat' dir='ltr'><strong>Quid</strong></span> <span class='ocrx_word' id='word_1_822' title='bbox 2724 4554 2864 4608; x_wconf 91' lang='lat' dir='ltr'><strong>enim</strong></span> <span class='ocrx_word' id='word_1_823' title='bbox 2887 4564 2958 4608; x_wconf 77' lang='lat' dir='ltr'><strong>est</strong></span> <span class='ocrx_word' id='word_1_824' title='bbox 2987 4556 3191 4627; x_wconf 75' lang='lat' dir='ltr'><strong>{acilius</strong></span> <span class='ocrx_word' id='word_1_825' title='bbox 3215 4557 3412 4625; x_wconf 84' lang='lat' dir='ltr'><strong>dicere,</strong></span> <span class='ocrx_word' id='word_1_826' title='bbox 3438 4561 3616 4615; x_wconf 54' lang='lat' dir='ltr'><strong>Raris</strong></span> 
     </span>
    </p>
   </div>
   <div class='ocr_carea' id='block_1_105' title="bbox 2031 4643 3616 4718">
    <p class='ocr_par' dir='ltr' id='par_1_105' title="bbox 2031 4643 3616 4718">
     <span class='ocr_line' id='line_1_105' title="bbox 2031 4643 3616 4718; baseline 0.004 -20"><span class='ocrx_word' id='word_1_827' title='bbox 2031 4653 2206 4713; x_wconf 76' lang='lat' dir='ltr'><strong>tantur</strong></span> <span class='ocrx_word' id='word_1_828' title='bbox 2235 4643 2322 4714; x_wconf 84' lang='lat' dir='ltr'><strong>tibi</strong></span> <span class='ocrx_word' id='word_1_829' title='bbox 2349 4652 2574 4714; x_wconf 78' lang='lat' dir='ltr'><strong>peccata,</strong></span> <span class='ocrx_word' id='word_1_830' title='bbox 2600 4660 2666 4697; x_wconf 90' lang='lat' dir='ltr'><strong>an</strong></span> <span class='ocrx_word' id='word_1_831' title='bbox 2691 4645 2877 4710; x_wconf 85' lang='lat' dir='ltr'><strong>dicere,</strong></span> <span class='ocrx_word' id='word_1_832' title='bbox 2912 4645 3054 4700; x_wconf 82' lang='lat' dir='ltr'><strong>Tolle</strong></span> <span class='ocrx_word' id='word_1_833' title='bbox 3078 4647 3384 4718; x_wconf 80' lang='lat' dir='ltr'><strong>grabbatum</strong></span> <span class='ocrx_word' id='word_1_834' title='bbox 3410 4662 3549 4703; x_wconf 69' lang='lat' dir='ltr'><strong>(nam</strong></span> <span class='ocrx_word' id='word_1_835' title='bbox 3575 4661 3616 4704; x_wconf 78' lang='lat' dir='ltr'><strong>et</strong></span> 
     </span>
    </p>
   </div>
   <div class='ocr_carea' id='block_1_106' title="bbox 2029 4735 3617 4812">
    <p class='ocr_par' dir='ltr' id='par_1_106' title="bbox 2029 4735 3617 4812">
     <span class='ocr_line' id='line_1_106' title="bbox 2029 4735 3617 4812; baseline 0.006 -23"><span class='ocrx_word' id='word_1_836' title='bbox 2029 4735 2231 4790; x_wconf 87' lang='lat' dir='ltr'><strong>ambula</strong></span> <span class='ocrx_word' id='word_1_837' title='bbox 2279 4737 2301 4808; x_wconf 92' lang='lat'>(</span> <span class='ocrx_word' id='word_1_838' title='bbox 2323 4735 2508 4792; x_wconf 80' lang='lat' dir='ltr'><strong>Matth.</strong></span> <span class='ocrx_word' id='word_1_839' title='bbox 2539 4735 2593 4795; x_wconf 88' lang='lat'><strong>9.</strong></span> <span class='ocrx_word' id='word_1_840' title='bbox 2621 4735 2673 4791; x_wconf 86' lang='lat'><strong>5.</strong></span> <span class='ocrx_word' id='word_1_841' title='bbox 2700 4737 2731 4792; x_wconf 86' lang='grc' dir='ltr'><strong>ϐ</strong></span> <span class='ocrx_word' id='word_1_842' title='bbox 2756 4737 2814 4808; x_wconf 83' lang='lat'><strong>)?</strong></span> <span class='ocrx_word' id='word_1_843' title='bbox 2854 4735 2986 4791; x_wconf 80' lang='lat' dir='ltr'><strong>Illud</strong></span> <span class='ocrx_word' id='word_1_844' title='bbox 3017 4737 3231 4808; x_wconf 87' lang='lat' dir='ltr'><strong>quidem</strong></span> <span class='ocrx_word' id='word_1_845' title='bbox 3253 4781 3270 4806; x_wconf 95' lang='lat'><strong>,</strong></span> <span class='ocrx_word' id='word_1_846' title='bbox 3301 4741 3517 4812; x_wconf 86' lang='lat' dir='ltr'><strong>inquit,</strong></span> <span class='ocrx_word' id='word_1_847' title='bbox 3543 4752 3617 4798; x_wconf 81' lang='lat' dir='ltr'><strong>est</strong></span> 
     </span>
    </p>
   </div>
   <div class='ocr_carea' id='block_1_107' title="bbox 2029 4827 3614 4907">
    <p class='ocr_par' dir='ltr' id='par_1_107' title="bbox 2029 4827 3614 4907">
     <span class='ocr_line' id='line_1_107' title="bbox 2029 4827 3614 4907; baseline 0.005 -25"><span class='ocrx_word' id='word_1_848' title='bbox 2029 4827 2302 4899; x_wconf 76' lang='lat' dir='ltr'><strong>difficilius</strong></span> <span class='ocrx_word' id='word_1_849' title='bbox 2326 4845 2340 4882; x_wconf 88' lang='lat'><strong>:</strong></span> <span class='ocrx_word' id='word_1_850' title='bbox 2367 4829 2620 4900; x_wconf 86' lang='lat' dir='ltr'><strong>quoniam</strong></span> <span class='ocrx_word' id='word_1_851' title='bbox 2643 4837 2820 4884; x_wconf 84' lang='lat' dir='ltr'><strong>autem</strong></span> <span class='ocrx_word' id='word_1_852' title='bbox 2850 4828 2901 4883; x_wconf 92' lang='lat' dir='ltr'><strong>id</strong></span> <span class='ocrx_word' id='word_1_853' title='bbox 2930 4831 3106 4886; x_wconf 89' lang='lat' dir='ltr'><strong>minus</strong></span> <span class='ocrx_word' id='word_1_854' title='bbox 3129 4832 3378 4901; x_wconf 84' lang='lat' dir='ltr'><strong>creditis,</strong></span> <span class='ocrx_word' id='word_1_855' title='bbox 3407 4845 3465 4890; x_wconf 90' lang='lat' dir='ltr'><strong>ut</strong></span> <span class='ocrx_word' id='word_1_856' title='bbox 3487 4835 3614 4907; x_wconf 82' lang='lat' dir='ltr'><strong>quod</strong></span> 
     </span>
    </p>
   </div>
   <div class='ocr_carea' id='block_1_108' title="bbox 2031 4919 3614 4997">
    <p class='ocr_par' dir='ltr' id='par_1_108' title="bbox 2031 4919 3614 4997">
     <span class='ocr_line' id='line_1_108' title="bbox 2031 4919 3614 4997; baseline 0.004 -23"><span class='ocrx_word' id='word_1_857' title='bbox 2031 4935 2140 4997; x_wconf 85' lang='lat' dir='ltr'><strong>npn</strong></span> <span class='ocrx_word' id='word_1_858' title='bbox 2165 4921 2234 4975; x_wconf 91' lang='lat' dir='ltr'><strong>sit</strong></span> <span class='ocrx_word' id='word_1_859' title='bbox 2264 4919 2483 4975; x_wconf 86' lang='lat' dir='ltr'><strong>evidens</strong></span> <span class='ocrx_word' id='word_1_860' title='bbox 2505 4959 2522 4988; x_wconf 91' lang='lat'><strong>,</strong></span> <span class='ocrx_word' id='word_1_861' title='bbox 2554 4929 2609 4976; x_wconf 89' lang='lat' dir='ltr'><strong>et</strong></span> <span class='ocrx_word' id='word_1_862' title='bbox 2633 4919 2775 4991; x_wconf 87' lang='lat' dir='ltr'><strong>quod</strong></span> <span class='ocrx_word' id='word_1_863' title='bbox 2815 4929 2900 4976; x_wconf 90' lang='lat' dir='ltr'><strong>est</strong></span> <span class='ocrx_word' id='word_1_864' title='bbox 2928 4920 3136 4978; x_wconf 86' lang='lat' dir='ltr'><strong>facilius</strong></span> <span class='ocrx_word' id='word_1_865' title='bbox 3163 4938 3263 4993; x_wconf 94' lang='lat' dir='ltr'><strong>pro</strong></span> <span class='ocrx_word' id='word_1_866' title='bbox 3287 4924 3497 4980; x_wconf 86' lang='lat' dir='ltr'><strong>difficili</strong></span> <span class='ocrx_word' id='word_1_867' title='bbox 3529 4927 3614 4980; x_wconf 80' lang='lat' dir='ltr'><strong>ba-</strong></span> 
     </span>
    </p>
   </div>
   <div class='ocr_carea' id='block_1_109' title="bbox 2031 5012 3613 5083">
    <p class='ocr_par' dir='ltr' id='par_1_109' title="bbox 2031 5012 3613 5083">
     <span class='ocr_line' id='line_1_109' title="bbox 2031 5012 3613 5083; baseline 0.003 -15"><span class='ocrx_word' id='word_1_868' title='bbox 2031 5012 2206 5082; x_wconf 75' lang='lat' dir='ltr'><strong>betis,</strong></span> <span class='ocrx_word' id='word_1_869' title='bbox 2249 5027 2441 5083; x_wconf 89' lang='lat' dir='ltr'><strong>nempe</strong></span> <span class='ocrx_word' id='word_1_870' title='bbox 2483 5015 2765 5082; x_wconf 85' lang='lat' dir='ltr'><strong>potestatis</strong></span> <span class='ocrx_word' id='word_1_871' title='bbox 2808 5027 2943 5067; x_wconf 77' lang='lat' dir='ltr'><strong>mea:</strong></span> <span class='ocrx_word' id='word_1_872' title='bbox 2980 5015 3386 5081; x_wconf 85' lang='lat' dir='ltr'><strong>ostensionem;</strong></span> <span class='ocrx_word' id='word_1_873' title='bbox 3429 5033 3499 5072; x_wconf 87' lang='lat' dir='ltr'><strong>ne</strong></span> <span class='ocrx_word' id='word_1_874' title='bbox 3527 5019 3613 5072; x_wconf 77' lang='lat' dir='ltr'><strong>bne</strong></span> 
     </span>
    </p>
   </div>
   <div class='ocr_carea' id='block_1_110' title="bbox 2032 5103 3614 5176">
    <p class='ocr_par' dir='ltr' id='par_1_110' title="bbox 2032 5103 3614 5176">
     <span class='ocr_line' id='line_1_110' title="bbox 2032 5103 3614 5176; baseline 0.001 -19"><span class='ocrx_word' id='word_1_875' title='bbox 2032 5103 2248 5176; x_wconf 83' lang='lat' dir='ltr'><strong>quidem</strong></span> <span class='ocrx_word' id='word_1_876' title='bbox 2272 5103 2524 5172; x_wconf 80' lang='lat' dir='ltr'><strong>iudicium</strong></span> <span class='ocrx_word' id='word_1_877' title='bbox 2552 5103 2812 5159; x_wconf 89' lang='lat' dir='ltr'><strong>recusabo</strong></span> <span class='ocrx_word' id='word_1_878' title='bbox 2839 5104 2992 5159; x_wconf 85' lang='lat' dir='ltr'><strong>vobis</strong></span> <span class='ocrx_word' id='word_1_879' title='bbox 3019 5105 3303 5161; x_wconf 79' lang='lat' dir='ltr'><strong>exhibere.</strong></span> <span class='ocrx_word' id='word_1_880' title='bbox 3334 5105 3482 5160; x_wconf 73' lang='lat' dir='ltr'><strong>Tum:</strong></span> <span class='ocrx_word' id='word_1_881' title='bbox 3507 5109 3614 5160; x_wconf 76' lang='lat' dir='ltr'><strong>dicit</strong></span> 
     </span>
    </p>
   </div>
   <div class='ocr_carea' id='block_1_111' title="bbox 2033 5195 3615 5277">
    <p class='ocr_par' dir='ltr' id='par_1_111' title="bbox 2033 5195 3615 5277">
     <span class='ocr_line' id='line_1_111' title="bbox 2033 5195 3615 5277; baseline 0.001 -26"><span class='ocrx_word' id='word_1_882' title='bbox 2033 5197 2336 5277; x_wconf 76' lang='lat' dir='ltr'><strong>paralytico,</strong></span> <span class='ocrx_word' id='word_1_883' title='bbox 2363 5197 2549 5268; x_wconf 82' lang='lat' dir='ltr'><strong>Surge,</strong></span> <span class='ocrx_word' id='word_1_884' title='bbox 2579 5195 2701 5268; x_wconf 80' lang='lat' dir='ltr'><strong>tolle</strong></span> <span class='ocrx_word' id='word_1_885' title='bbox 2724 5196 2906 5251; x_wconf 81' lang='lat' dir='ltr'><strong>lectum</strong></span> <span class='ocrx_word' id='word_1_886' title='bbox 2931 5206 3094 5264; x_wconf 84' lang='lat' dir='ltr'><strong>tuum,</strong></span> <span class='ocrx_word' id='word_1_887' title='bbox 3116 5209 3164 5252; x_wconf 84' lang='lat' dir='ltr'><strong>et</strong></span> <span class='ocrx_word' id='word_1_888' title='bbox 3187 5198 3317 5252; x_wconf 81' lang='lat' dir='ltr'><strong>vade</strong></span> <span class='ocrx_word' id='word_1_889' title='bbox 3339 5201 3395 5252; x_wconf 82' lang='lat' dir='ltr'><strong>in</strong></span> <span class='ocrx_word' id='word_1_890' title='bbox 3422 5201 3615 5253; x_wconf 67' lang='lat' dir='ltr'><strong>domm</strong></span> 
     </span>
    </p>
   </div>
   <div class='ocr_carea' id='block_1_112' title="bbox 2034 5299 2196 5363">
    <p class='ocr_par' dir='ltr' id='par_1_112' title="bbox 2034 5299 2196 5363">
     <span class='ocr_line' id='line_1_112' title="bbox 2034 5299 2196 5363; baseline -0.006 -20"><span class='ocrx_word' id='word_1_891' title='bbox 2034 5299 2196 5363; x_wconf 80' lang='lat' dir='ltr'><strong>tuam.</strong></span> 
     </span>
    </p>
   </div>
   <div class='ocr_carea' id='block_1_113' title="bbox 2103 5378 3612 5450">
    <p class='ocr_par' dir='ltr' id='par_1_113' title="bbox 2103 5378 3612 5450">
     <span class='ocr_line' id='line_1_113' title="bbox 2103 5378 3612 5450; baseline 0.001 -16"><span class='ocrx_word' id='word_1_892' title='bbox 2103 5379 2158 5435; x_wconf 75' lang='grc'><strong>2.</strong></span> <span class='ocrx_word' id='word_1_893' title='bbox 2201 5380 2270 5435; x_wconf 88' lang='lat' dir='ltr'><strong>Et</strong></span> <span class='ocrx_word' id='word_1_894' title='bbox 2305 5378 2576 5450; x_wconf 86' lang='lat' dir='ltr'><strong>quomodo</strong></span> <span class='ocrx_word' id='word_1_895' title='bbox 2613 5387 2692 5441; x_wconf 89' lang='lat' dir='ltr'><strong>est</strong></span> <span class='ocrx_word' id='word_1_896' title='bbox 2716 5419 2733 5444; x_wconf 95' lang='lat'><strong>,</strong></span> <span class='ocrx_word' id='word_1_897' title='bbox 2775 5379 3020 5449; x_wconf 88' lang='lat' dir='ltr'><strong>inquies,</strong></span> <span class='ocrx_word' id='word_1_898' title='bbox 3061 5379 3280 5435; x_wconf 86' lang='lat' dir='ltr'><strong>difficile</strong></span> <span class='ocrx_word' id='word_1_899' title='bbox 3303 5422 3320 5448; x_wconf 95' lang='lat'><strong>,</strong></span> <span class='ocrx_word' id='word_1_900' title='bbox 3351 5396 3478 5436; x_wconf 88' lang='lat' dir='ltr'><strong>cum</strong></span> <span class='ocrx_word' id='word_1_901' title='bbox 3521 5381 3612 5436; x_wconf 72' lang='lat' dir='ltr'><strong>hoc</strong></span> 
     </span>
    </p>
   </div>
   <div class='ocr_carea' id='block_1_114' title="bbox 2033 5469 3610 5543">
    <p class='ocr_par' dir='ltr' id='par_1_114' title="bbox 2033 5469 3610 5543">
     <span class='ocr_line' id='line_1_114' title="bbox 2033 5469 3610 5543; baseline -0.001 -17"><span class='ocrx_word' id='word_1_902' title='bbox 2033 5471 2240 5543; x_wconf 90' lang='lat' dir='ltr'><strong>possint</strong></span> <span class='ocrx_word' id='word_1_903' title='bbox 2260 5469 2437 5526; x_wconf 90' lang='lat' dir='ltr'><strong>facere</strong></span> <span class='ocrx_word' id='word_1_904' title='bbox 2457 5480 2510 5524; x_wconf 89' lang='lat' dir='ltr'><strong>et</strong></span> <span class='ocrx_word' id='word_1_905' title='bbox 2533 5483 2688 5541; x_wconf 77' lang='lat' dir='ltr'><strong>reges</strong></span> <span class='ocrx_word' id='word_1_906' title='bbox 2709 5478 2765 5532; x_wconf 85' lang='lat' dir='ltr'><strong>et</strong></span> <span class='ocrx_word' id='word_1_907' title='bbox 2786 5469 3088 5540; x_wconf 74' lang='lat' dir='ltr'><strong>principes?</strong></span> <span class='ocrx_word' id='word_1_908' title='bbox 3111 5470 3389 5527; x_wconf 78' lang='lat' dir='ltr'><strong>adulteros</strong></span> <span class='ocrx_word' id='word_1_909' title='bbox 3409 5473 3546 5527; x_wconf 83' lang='lat' dir='ltr'><strong>enim</strong></span> <span class='ocrx_word' id='word_1_910' title='bbox 3563 5480 3610 5525; x_wconf 86' lang='lat' dir='ltr'><strong>et</strong></span> 
     </span>
    </p>
   </div>
   <div class='ocr_carea' id='block_1_115' title="bbox 2036 5547 3604 5643">
    <p class='ocr_par' dir='ltr' id='par_1_115' title="bbox 2036 5547 3604 5643">
     <span class='ocr_line' id='line_1_115' title="bbox 2036 5547 3604 5643; baseline -0.002 -25"><span class='ocrx_word' id='word_1_911' title='bbox 2036 5547 2330 5643; x_wconf 71' lang='lat' dir='ltr'><strong>bomicidas</strong></span> <span class='ocrx_word' id='word_1_912' title='bbox 2357 5563 2432 5618; x_wconf 90' lang='lat' dir='ltr'><strong>illi</strong></span> <span class='ocrx_word' id='word_1_913' title='bbox 2459 5561 2756 5618; x_wconf 89' lang='lat' dir='ltr'><strong>dimittunt.</strong></span> <span class='ocrx_word' id='word_1_914' title='bbox 2781 5561 2966 5630; x_wconf 81' lang='lat' dir='ltr'><strong>Ludis,</strong></span> <span class='ocrx_word' id='word_1_915' title='bbox 2990 5578 3025 5618; x_wconf 95' lang='lat' dir='ltr'><strong>o</strong></span> <span class='ocrx_word' id='word_1_916' title='bbox 3049 5561 3232 5629; x_wconf 88' lang='lat' dir='ltr'><strong>homo,</strong></span> <span class='ocrx_word' id='word_1_917' title='bbox 3261 5563 3380 5618; x_wconf 61' lang='lat' dir='ltr'><strong>haec</strong></span> <span class='ocrx_word' id='word_1_918' title='bbox 3404 5565 3604 5618; x_wconf 75' lang='lat' dir='ltr'><strong>dicens:</strong></span> 
     </span>
    </p>
   </div>
   <div class='ocr_carea' id='block_1_116' title="bbox 2037 5655 3603 5738">
    <p class='ocr_par' dir='ltr' id='par_1_116' title="bbox 2037 5655 3603 5738">
     <span class='ocr_line' id='line_1_116' title="bbox 2037 5655 3603 5738; baseline -0.003 -20"><span class='ocrx_word' id='word_1_919' title='bbox 2037 5675 2159 5738; x_wconf 72' lang='lat' dir='ltr'><strong>nam</strong></span> <span class='ocrx_word' id='word_1_920' title='bbox 2208 5673 2353 5716; x_wconf 68' lang='lat' dir='ltr'><strong>sonus</strong></span> <span class='ocrx_word' id='word_1_921' title='bbox 2399 5656 2614 5733; x_wconf 83' lang='lat' dir='ltr'><strong>quidem</strong></span> <span class='ocrx_word' id='word_1_922' title='bbox 2657 5656 2797 5726; x_wconf 84' lang='lat' dir='ltr'><strong>Deus</strong></span> <span class='ocrx_word' id='word_1_923' title='bbox 2835 5665 3009 5729; x_wconf 76' lang='lat' dir='ltr'><strong>potest</strong></span> <span class='ocrx_word' id='word_1_924' title='bbox 3049 5665 3268 5730; x_wconf 83' lang='lat' dir='ltr'><strong>peccata</strong></span> <span class='ocrx_word' id='word_1_925' title='bbox 3306 5655 3603 5714; x_wconf 63' lang='lat' dir='ltr'><strong>remittere:</strong></span> 
     </span>
    </p>
   </div>
  </div>
