3802 6308
175 273 272 332 367

173 384 549 452 διασωζόντων
583 385 896 458 δεομινους,
934 385 1032 441 καὶ
1065 385 1471 460 ἐπιθυμοῦντας
1499 389 1600 461 τῆς
1647 405 1752 444 κα-

173 479 488 542 ταστάσεως
519 477 758 549 ἐκείνης,
805 479 864 532 ἐν
968 478 1098 550 πρὶν
1131 479 1166 552 ἢ
1197 477 1749 553 διαρραγῆναι-ἦσαν.

171 570 442 642 Καθάπερ
462 569 574 642 7&9
599 571 656 624 αί
682 570 910 624 κύουσαι
935 569 1047 624 τῶν
1071 571 1371 640 γυναικῶν,
1393 571 1538 626 οὕτω
1561 569 1755 643 βαρού-

175 679 323 730 μενοι
361 659 466 724 τὰς
499 660 780 732 γαστέρας
831 660 1240 732 περιφέρονται,
1291 661 1386 716 καὶ
1429 661 1582 732 μόλις
1630 663 1752 715 ἐπι-

170 753 438 815 σαίνουσι,
466 754 561 806 καὶ
593 751 748 822 μόλις
777 751 1056 823 βλέπουσι,
1093 754 1187 807 καὶ
1218 752 1370 824 μόλις
1400 752 1749 824 φθέγγονται,

170 847 260 899 καὶ
295 844 481 899 πάντα
531 844 705 915 μόλις.
728 845 846 904 ,Ἂν
873 843 930 897 δέ
971 843 1170 915 μικρὸν
1197 845 1393 907 αὐτοὺς
1419 844 1559 915 τύχῃ
1583 861 1753 898 κατα·

167 937 409 1008 διρθεῖν,
443 936 703 1008 ὀνείρατα
732 936 897 990 πάλιν
939 936 1117 990 ἄτοπα
1147 937 1242 989 καὶ
1271 936 1482 1008 μυρίων
1514 937 1754 1007 γέμοντα

168 1027 487 1098 φαντασιῶν
518 1027 708 1097 δρῶσι.
734 1027 800 1080 Τί
833 1026 901 1080 ἀν
922 1043 1007 1090 τις
1028 1028 1173 1080 είποι
1199 1027 1300 1097 τὴν
1329 1027 1521 1098 ἑτέραν
1545 1026 1752 1081 τούτων

174 1115 393 1186 μανίαν,
416 1117 516 1188 τὴν
537 1115 644 1169 τῶν
664 1116 994 1187 ἀφροδισίων
1020 1114 1196 1184 λέγω;
1222 1116 1332 1170 Καὶ⁵
1356 1115 1466 1188 γὰρ
1491 1117 1586 1171 καὶ
1612 1113 1752 1187 αὕτη

168 1209 264 1272 τάς
295 1209 482 1278 πηγάς
519 1207 774 1262 ἐντεῦθεν
819 1207 934 1280 ἔχει
953 1224 969 1240 ο
1003 1207 1099 1262 καὶ
1126 1206 1377 1280 καθάπερ
1407 1209 1561 1262 ἵπποι
1589 1207 1754 1277 θηλυ-

172 1303 383 1368 μανεῖς,
429 1298 576 1353 οῦτω
632 1298 710 1370 τῷ
753 1299 956 1370 οῐστρῳ
1003 1297 1106 1368 τῆς
1165 1296 1336 1368 μέθης
1383 1296 1754 1367 κεντούμενοι,

171 1391 339 1444 πᾶσιν
395 1390 756 1462 ἐπιπηδῶσιν,
818 1389 1160 1462 ἀλογώτερον
1221 1389 1318 1443 καὶ
1386 1389 1758 1460 μανικώτερον

167 1480 394 1537 ἐκείνων
418 1481 774 1554 σκιρτῶντες,
800 1480 1088 1536 καὶπολλὰ
1111 1480 1274 1552 ἐτερα
1298 1478 1754 1552 ἀσχημονοῦντες,

1268 270 1336 328 IN
1372 270 1594 329 EPIST.
1636 272 1657 328 l
1729 270 1820 327 AD
1856 269 2018 329 (ΞΟΠ.
2053 269 2293 335 ,ιιοιιιμ
2335 268 2448 324 XL.

3331 262 3440 320 368

1857 387 1894 443 ἀ
1925 388 2059 461 μηδέ
2097 388 2272 442 εἰπεῖν
2318 385 2499 455 θέμις.
2530 382 2664 439 Οὐδὲ
2693 383 2804 456 7&9
2838 384 2986 436 ἴσασι
3015 376 3206 434 λοιπῆν
3233 376 3358 434 οὔτε
3401 376 3440 431 ἃ

1859 481 2186 551 πάσχουσιν,
2219 475 2343 532 οὔτε
2375 477 2413 532 ἀ
2438 477 2791 550 πράττουσιν.
2838 473 2981 528 Ἀλλ’
3011 473 3110 542 οὐχ
3137 473 3166 526 6
3206 469 3282 542 μὴ
3306 487 3440 541 τρυ-

1859 571 1999 641 φῶν,
2019 569 2280 634 τοιοῦτος·
2308 569 2422 623 ἀλλ’
2447 570 2506 623 ἐν
2527 568 2706 639 λιμένι
2726 567 2962 637 κάθηται
2981 563 3050 617 τὰ
3074 563 3277 632 ἐτέρων
3298 559 3440 631 ὁρῶν

1859 663 2116 732 ναυάγια,
2140 661 2234 717 καὶ
2253 661 2449 732 ἡδονῆς
2474 659 2744 715 ἀπολαύειν
2765 657 3010 728 καθαρᾶς
3039 654 3136 709 καὶ
3160 651 3437 723 διαρκοῦς,

1857 756 1958 825 τὴν
1986 754 2256 825 ἐλευθέρῳ
2285 754 2673 824 προσήκουσαν
2705 751 2850 821 ζωὴν
2885 746 3106 820 μετιών.
3133 745 3300 798 Ταῦτ’
3346 739 3440 797 οὖν

1862 844 2016 918 [578]
2039 843 2268 910 είδότες,
2302 841 2566 913 φύγωμεν
2594 842 2662 896 τά
2691 843 2905 912 πονηρὰ
2929 839 3029 902 τῆς
3061 835 3275 908 τρυφῆς
3299 849 3441 902 συμ-

1859 934 2044 1002 πόσια,
2082 936 2179 990 καὶ
2204 935 2358 1006 λιτῆς
2385 933 2741 1004 ἀντεχώμεθα
2765 930 3068 1002 τραπέζης,
3105 928 3191 980 ἵνα
3219 925 3313 978 καὶ
3339 922 3438 994 τὴν

1858 1025 2035 1097 ψυχὴν
2064 1025 2159 1080 καὶ
2189 1023 2252 1077 τὸ
2283 1023 2442 1094 σῶμα
2468 1018 2526 1076 εὗ
2569 1021 2924 1092 διακείμενοι,
2959 1015 3141 1072 πᾶσάν
3173 1031 3232 1068 τε
3273 1015 3439 1083 ἐργα-

1862 1115 2088 1188 σώμεθα
2151 1115 2371 1187 ἀρετὴν,
2418 1115 2512 1169 καὶ
2558 1114 2666 1168 τῶν
2729 1111 3035 1184 μελλόντων
3090 1105 3438 1175 ἐπιτύχωμεν

1857 1207 2098 1277 ἀγαθῶν,
2129 1207 2312 1278 χάριτι
2355 1206 2448 1260 καὶ
2478 1205 2862 1277 φιλανθρωπία⁵
2895 1202 2988 1256 τοῦ
3033 1198 3238 1272 Κυρίου
3277 1193 3442 1266 ἡμῶν

1871 1298 2045 1369 Ἰησοῦ
2095 1297 2354 1369 Χριστοῦ,
2401 1296 2522 1369 μεθ’
2575 1291 2637 1351 οῦ
2691 1295 2769 1364 τῷ
2814 1294 2992 1366 Πατρῖ⁵
3026 1293 3141 1363 ἀμα
3192 1287 3270 1358 τῷ
3297 1283 3440 1354 ἀγίῳ

1861 1389 2140 1460 Πνεύματι
2183 1389 2332 1455 δόξα,
2362 1389 2584 1461 κράτος,
2637 1389 2790 1460 τιμὴ,
2821 1388 2916 1442 νῦν
2949 1387 3045 1440 καὶ
3079 1384 3186 1450 ἀεὶ,
3229 1379 3325 1435 καὶ
3358 1377 3442 1440 είς

1859 1480 1988 1543 τοὺς
2014 1479 2216 1544 αἰῶνας
2247 1479 2355 1533 τῶν
2393 1479 2625 1533 αἰώνων.
2675 1479 2866 1549 Ἀμήν.

1235 1611 3415 1630 .1-———-——_———-———_—-——_—.————_

1667 1713 1913 1768 OMIAIA
1949 1713 2040 1768 M'.

177 1830 339 1886 Ἐπεὶ
380 1831 440 1885 τί
476 1830 846 1898 ποιήσουσιν
891 1832 948 1886 οἱ
974 1827 1398 1898 ,ϐαπτιζόμενοι
1444 1827 1751 1898 ὺπέρίτῶν

229 1900 490 1970 νεκρῶν,
522 1905 574 1955 ει
605 1896 761 1968 ὅλως
792 1900 994 1969 νεκροί
1031 1896 1532 1970 οὺκγέγῖείρονταω
1568 1897 1626 1952 τί
1652 1896 1751 1952 καὶ

223 1971 624 2036 βαπτίζονται
650 1974 804 2040 ὑπὲρ
830 1972 950 2026 τῶν
974 1969 1236 2038 νεκρῶν;

231 2090 298 2136 α’.
335 2083 547 2156 Ἐτέρῳ
577 2085 738 2139 πάλιν
771 2085 1038 2158 ἐπιχειρεῖ
1074 2082 1374 2156 κεφαλαίῳ,
1399 2085 1528 2140 ποτέ
1559 2084 1657 2156 μὲν
1685 2083 1745 2150 ἐξ

163 2161 235 2220 ὧν
262 2170 291 2222 6
318 2169 456 2232 Θεδς
486 2173 649 2235 ποιεῖ,
686 2171 815 2223 ποτὲ
845 2171 900 2224 δὲ
933 2171 992 2236 ἐξ
1029 2170 1206 2224 αὐτῶν
1227 2163 1301 2224 ὧν
1322 2171 1642 2241 πράττουσι,
1676 2169 1745 2224 τὰ

162 2250 438 2320 λεγόμενα
469 2254 915 2315 κατασκευάζων.
949 2253 1024 2306 06
1056 2252 1250 2324 μικρὸν
1285 2252 1339 2306 δὲ
1371 2251 1644 2306 καὶτοῦτο
1673 2255 1753 2316 είς

167 2335 504 2404 συνηγορίαν
523 2335 818 2407 δικαίωμα,
841 2336 971 2389 ὅταν
991 2337 1118 2400 τοὺς
1148 2335 1530 2404 ἀντιλέγοντας
1556 2337 1753 2400 αὐτοὺς

169 2419 463 2488 μάρτυρας
491 2420 810 2492 παραγάγῃ,
845 2418 912 2472 δι’
933 2411 1009 2472 ὧν
1036 2419 1271 2483 ποιοῦσι,
1295 2419 1404 2472 τῶν
1423 2419 1750 2490 λεγομένων.

165 2502 229 2553 Τί
260 2498 361 2556 οὖν
391 2505 543 2556 ἐστιν
571 2503 599 2556 6
630 2518 831 2570 φησιν;
864 2501 896 2571 ῆ
923 2501 1173 2571 βούλεσθε
1205 2501 1420 2572 πρῶτον
1453 2503 1610 2569 είπω,
1635 2500 1755 2565 πῶς

167 2584 542 2654 παραποιοῦσι
571 2584 671 2654 τὴν
705 2585 864 2653 ῥῆσιν
897 2586 1103 2654 ταύτην
1130 2585 1180 2637 οί
1202 2583 1271 2637 τὰ
1310 2585 1635 2656 Μαρκίωνος
1663 2601 1754 2637 νο-

170 2667 424 2734 σοῦντεςς
480 2671 590 2722 Καὶ
642 2663 760 2721 οἴδα
798 2667 898 2738 μὲν
923 2669 1006 2721 ὅτι
1058 2667 1224 2723 πολὺν
1271 2669 1477 2740 κινήσω
1520 2668 1752 2736 γέλωτα,

168 2749 307 2820 πλὴν
340 2750 480 2803 ἀλλά
509 2751 602 2803 καὶ
637 2750 724 2803 διά
750 2749 908 2803 τοῦτο
939 2748 1175 2820 μάλιστα
1204 2749 1334 2820 ἐρῶ.
1373 2751 1459 2803 ἵνα
1494 2748 1755 2820 μειζόνως

167 2833 348 2884 αὐτῶν
380 2831 591 2902 φύγητε
622 2835 722 2903 τὴν
743 2834 918 2887 νόσον.
964 2834 1216 2886 Ἐπειδὰν
1247 2833 1354 2901 γάρ
1381 2851 1461 2896 τις
1485 2833 1754 2904 κατηχού-

171 2932 330 2984 μενος
360 2915 577 2988 ἀπέλθῃ
609 2917 739 2988 παρ⁹
762 2917 965 2979 αὐτοῖς,
993 2916 1083 2970 τὸν
1120 2915 1296 2980 ζῶντα
1325 2916 1428 2968 ὑπὸ
1449 2915 1544 2985 τὴν
1567 2915 1756 2986 κλίνην

169 2997 257 3050 τοῦ
300 2998 759 3068 τετελευτηκότος
805 2998 1131 3069 κρύψαντες,
1172 2999 1426 3070 προσίασι
1461 2997 1537 3069 τῷ
1578 2997 1755 3068 νεκρῷ

170 3079 255 3129 καὶ
278 3077 632 3146 διαλέγονται
673 3078 766 3132 καὶ
801 3077 1186 3140 πυνθάνονται,
1223 3079 1272 3130 εί
1308 3077 1548 3146 βούλοιτο
1569 3077 1754 3130 λαϐεῖν

166 3161 226 3212 16
257 3160 587 3231 βάπτισμα·
621 3156 742 3214 εἶτα
776 3160 987 3215 ἐκείνου
1036 3161 1204 3231 μηδὲν
1246 3160 1699 3232 ἀποκρινομένου,
1728 3161 1756 3212 6

167 3247 558 3317 κεκρυμμένος
596 3244 843 3300 κάτωθεν
898 3246 1014 3299 ἀντ’
1066 3246 1275 3298 ἐκείνου
1333 3246 1517 3317 φησὶν,
1570 3246 1650 3298 ὅτι
1691 3244 1756 3316 δὴ

170 3330 417 3398 βούλοιτο
454 3329 848 3400 βαπτισθῆναι·
883 3331 978 3382 καὶ
1021 3329 1164 3382 οῦτω
1200 3329 1550 3399 βαπτίζουσιν
1595 3329 1757 3382 αὐτὸν

167 3414 284 3467 ἀντὶ
317 3413 416 3466 τοῦ
471 3412 820 3477 ἀπελθόντος,
857 3411 1109 3482 καθάπερ
1137 3413 1231 3465 ἐπὶ
1256 3411 1353 3481 τῆς
1382 3413 1586 3482 σκηνῆς
1627 3411 1755 3463 παί-

169 3494 353 3558 ζοντες
375 3512 390 3525 ·
425 3494 680 3548 τοσοῦτον
715 3494 906 3565 ἴσχυσε
946 3498 1065 3559 ταῖς
1087 3496 1196 3548 τῶν
1226 3493 1486 3565 ῥᾳθύμων
1511 3493 1708 3563 ψυχαῖς
1728 3493 1758 3546 6

167 3579 438 3642 διάϐολος.
497 3575 634 3633 Εἶτα
683 3579 1092 3651 ἐγκαλούμενοι,
1135 3580 1283 3645 τουτὶ
1341 3579 1648 3648 παράγουσι
1697 3577 1757 3630 16

171 3663 322 3732 ῥῆμα
353 3663 634 3729 λέγοντες,
686 3663 770 3738 ῥτι
826 3663 919 3717 καὶ
963 3665 992 3716 6
1036 3661 1358 3722 Ἀπόστολος
1405 3661 1648 3731 εἴρηκεν·
1692 3661 1756 3712 Οἱ

162 3745 592 3816 βαπτιζόμενοι
629 3746 776 3815 ὑπὲρ
805 3745 924 3798 τῶν
944 3744 1191 3814 νεκρῶν.
1228 3741 1375 3808 Εἶδες
1399 3745 1490 3798 τὸν
1517 3744 1757 3813 καταγέ-

168 3829 309 3882 λωτα
344 3831 440 3888 16v
465 3829 660 3896 πολύν;
681 3826 768 3882 ἇο⁹
790 3825 882 3883 οὖν
908 3830 1042 3900 7:96;
1067 3829 1239 3882 ταῦτα
1271 3830 1545 3881 ἀντειπεῖν
1571 3826 1753 3894 ἀξιον;

169 3916 278 3967 υύκ
319 3915 505 3982 ἔγωγε
545 3909 731 3985 οἶμαι·
765 3915 906 3985 πλὴν
938 3915 986 3966 εί
1020 3913 1093 3985 μὴ
1129 3914 1355 3976 καὶτοῖς
1391 3913 1754 3983 μαινομένοις,

168 4000 305 4070 ὺπέρ
339 3992 418 4051 ὢν
459 3999 868 4067 παραπαίοντες
906 3997 1255 4066 φθέγγονται,
1280 3996 1622 4065 διαλέγεσθαι
1655 3997 1752 4052 δεῖ,

169 4083 282 4136 Ἵνα
318 4083 381 4134 δέ
423 4083 614 4153 μηδεὶς
634 4082 742 4136 τῶν
771 4081 974 4155 σφόδρα
995 4081 1374 4152 ἀφελεστέρων
1412 4080 1542 4151 ἁλῷ,
1587 4083 1755 4152 ἀναγ-

168 4169 322 4219 καῖον
370 4167 666 4234 ὑπομεῖναι
711 4166 808 4218 καὶ
850 4165 950 4235 τὴν
980 4165 1117 4232 πρὸς
1145 4163 1368 4228 τούτους
1411 4165 1753 4236 ἀντίρρησιν.

169 4249 228 4302 El
257 4250 380 4319 γὰρ
404 4247 568 4300 τοῦτο
608 4248 761 4316 ἐλεγε
805 4247 1040 4311 Παῦλος,
1077 4256 1220 4310 τινος
1246 4247 1434 4300 ἐνεκεν
1461 4248 1756 4319 ἠπείλησεν

167 4335 194 4384 6
224 4331 373 4394 Θεὸς
413 4329 494 4400 τῷ
547 4330 622 4401 μὴ
677 4330 1091 4402 βαπτιζομένῳ,
1123 4331 1199 4384 Ού
1226 4329 1334 4400 γὰρ
1381 4329 1496 4383 ἐστι
1534 4331 1656 4383 τινὰ
1678 4331 1752 4402 μὴ

170 4413 544 4484 βαπτισθῆναι
577 4414 761 4467 λοιπὸν
796 4413 1172 4484 ἐπινοηθέντος
1227 4413 1446 4466 τούτου·
1477 4413 1653 4477 ἄλλως
1699 4415 1759 4470 δὲ

168 4498 224 4551 τὸ
247 4497 514 4566 ἔγκλημα
536 4497 719 4550 ούκέτι
750 4498 901 4568 παρά
926 4499 1017 4551 τὸν
1035 4496 1340 4552 ἀπελθόντα
1363 4497 1593 4567 γίνεται,
1623 4496 1757 4552 ἀλλά

169 4582 313 4651 παρά
365 4580 459 4632 τὸν
507 4579 707 4643 ζῶντα.
741 4581 863 4633 Τίσι
914 4580 971 4633 δὲ
1003 4580 1208 4648 ἔλεγεν,
1258 4579 1394 4633 Ἐὰν
1409 4579 1496 4652 μὴ
1530 4579 1759 4650 φάγητέ

164 4682 276 4730 μου
303 4663 429 4730 τὴν
458 4662 677 4730 σάρκα,
699 4663 799 4718 καί
827 4663 1003 4730 πίητέ
1021 4680 1138 4732 μου
1169 4662 1236 4716 τὸ
1264 4658 1426 4731 αἷμα,
1453 4665 1562 4716 οὐκ
1589 4662 1758 4732 ἔχετε

170 4746 318 4816 ζωὴν
345 4748 418 4800 ἐν
439 4746 716 4812 έαυτοῖς;
744 4748 856 4812 τοῖς
884 4747 1071 4812 ζῶσιν,
1099 4747 1130 4818 ἢ
1153 4749 1266 4810 τοῖς
1293 4745 1754 4819 τετελευτηκόσιν,

169 4831 286 4884 είπέ
328 4847 463 4898 μοι;
515 4831 610 4882 καὶ
653 4829 839 4894 πάλιν,
882 4833 982 4884 Ἂν
1022 4829 1108 4899 μή
1153 4847 1244 4896 τις
1288 4830 1670 4900 ἁναγεννηθῇ
1691 4830 1760 4895 ἐξ

170 4914 391 4980 ὕδατος
414 4912 513 4966 καί
549 4915 915 4982 Πνεύματος,
943 4915 1015 4966 οὐ
1041 4913 1291 4966 δύναται
1326 4913 1476 4967 ίόεῗν
1498 4912 1614 4982 τὴν
1640 4914 1758 4978 ,βα-

169 5000 415 5052 σιλείαν
453 4995 562 5050 τοῦ
599 4995 787 5056 Θεοῦ;
826 4995 891 5049 Εἰ
931 4996 1039 5066 γὰρ
1071 4995 1229 5049 τοῦτο
1281 4997 1513 5065 ἐφεῖται,
1561 4997 1656 5050 καὶ
1693 4997 1754 5050 ού

169 5087 325 5148 χρεία
363 5077 598 5150 γνώμης
636 5079 737 5147 τῆς
762 5078 856 5132 τοῦ
887 5077 1275 5148 λαμδάνοντος,
1324 5080 1446 5133 ούδέ
1477 5096 1755 5148 συγκατα-

171 5165 374 5228 θέσεως
411 5164 513 5233 τῆς
554 5164 614 5215 ἐν
646 5163 723 5233 τῷ
761 5161 882 5234 ζῇν,
914 5163 968 5215 τί
1001 5163 1199 5217 κωλύει
1234 5165 1328 5218 καὶ
1361 5164 1629 5236 Ἕλληνας
1657 5166 1754 5218 καὶ

181 5248 476 5309 Ἰουδαίους
503 5245 648 5298 οῦτω
677 5246 932 5314 γενέσθαι
965 5248 1210 5311 πιστοὺς,
1249 5247 1450 5318 ἐτέρων
1492 5248 1629 5318 μετὰ
1661 5248 1758 5319 τὴν

171 5331 430 5399 τελευτὴν
482 5329 708 5383 ἐκείνων
760 5330 899 5402 ὑπὲρ
945 5330 1171 5385 ἐκείνων
1218 5331 1388 5384 ταῦτα
1425 5330 1757 5400 ποιούντων;

185 5413 320 5466 Ἀλλ’
375 5414 466 5465 ῖνο.
506 5411 583 5483 μὴ
629 5413 886 5466 ἐπιπλέον
935 5413 1004 5467 τά
1049 5415 1337 5484 ἀραχνίδια
1371 5415 1758 5480 διακόπτοντες

1857 1827 1907 1880 οί
1945 1827 2434 1899 μυσταγωγοῦντες
2471 1827 2616 1897 ὑμᾶς
2657 1822 2837 1896 λέγειν
2865 1825 3168 1893 κελεύουσι,
3198 1823 3294 1880 καὶ
3316 1823 3446 1877 τότε

1857 1910 1968 1982 ἐρῶ
2005 1911 2102 1964 καὶ
2139 1910 2200 1964 16
2241 1911 2336 1964 τοῦ
2378 1909 2628 1963 Παύλου·
2665 1909 2810 1963 οῦτω
2851 1911 2960 1982 γάρ
2995 1911 3123 1981 ὑμῖν
3153 1909 3249 1963 καὶ
3279 1905 3448 1960 τοῦτο

1858 1993 2011 2048 ἔσται
2043 1993 2396 2064 σαφέστερον.
2444 1993 2597 2046 Μετὰ
2645 1993 2755 2063 γὰρ
2801 1985 3030 2047 τάάλλα
3065 1993 3242 2048 πάντα
3277 1989 3437 2044 τοῦτο

1858 2078 2244 2150 προστίθεμεν,
2291 2079 2319 2132 6
2351 2077 2446 2132 νῦν
2491 2079 2520 2130 6
2570 2077 2782 2140 Παῦλος
2825 2077 2996 2145 λέγει.
3030 2077 3141 2130 Καὶ
3177 2074 3444 2145 βούλομαι.

1863 2163 1961 2234 μὲν
1988 2162 2176 2232 σαφῶς
2203 2163 2334 2216 αὐτὸ
2365 2165 2561 2228 εἰπεῖν,
2591 2163 2651 2216 ού
2680 2161 2863 2233 τολμῶ
2886 2161 2943 2215 δέ
2967 2159 3056 2215 διὰ
3081 2161 3204 2222 τοὺς
3259 2158 3439 2229 ἀμυή-

1859 2264 1984 2308 τους
2005 2262 2018 2276 ·
2049 2241 2192 2301 οὗτοι
2219 2246 2327 2317 7&9
2352 2246 2764 2317 δυσκολωτέραν
2807 2247 2939 2316 ἡμῖν
2971 2242 3184 2298 ποιοῦσι
3222 2241 3322 2312 τὴν
3350 2241 3436 2306 ἐξ·

1859 2324 2082 2402 ήγησιν,
2112 2331 2516 2398 ἀναγκάζοντες
2545 2330 2577 2401 ἢ
2608 2331 2681 2401 μὴ
2708 2329 2886 2397 λέγειν
2916 2329 3124 2397 σαφῶς,
3153 2326 3188 2398 ἢ
3224 2327 3304 2387 είς
3341 2323 3440 2378 a6-

1858 2413 1985 2477 τοὺς
2013 2414 2268 2484 ἐκφέρειν
2291 2413 2360 2466 τά
2379 2413 2688 2485 ἀπόρρητα.
2724 2411 2870 2484 Πλὴν
2893 2412 3010 2465 ἀλλ’
3043 2411 3118 2474 ώς
3143 2409 3209 2464 ἂν
3229 2404 3342 2470 οἷός
3377 2422 3439 2460 τε

1860 2490 1927 2559 ὧ,
1954 2497 2435 2567 συνεσκιασμένως
2467 2496 2599 2567 ἐρῶ.
2648 2495 2804 2549 Μετὰ
2839 2495 2943 2566 7&9
2967 2495 3067 2566 τὴν
3098 2490 3441 2561 ἀπαγγελίαν

1859 2579 1968 2633 τῶν
1993 2579 2282 2650 ,μυστικῶν
2327 2580 2590 2651 ῥημάτων
2644 2579 2867 2632 ἐκείνων
2904 2579 3003 2632 καὶ
3042 2575 3310 2648 φοϐερῶν,
3346 2571 3442 2627 καὶ

1861 2666 1987 2729 τοὺς
2017 2667 2280 2734 φρικτοὺς
2307 2666 2540 2728 κανόνας
2567 2665 2677 2718 τῶν
2707 2667 2772 2718 ἐκ
2802 2663 2896 2717 τοῦ
2918 2661 3150 2733 ούρανοῦ
3177 2673 3439 2728 κατενεχδ

1863 2749 2062 2802 θέντων
2098 2747 2404 2819 δογμάτων,
2447 2750 2542 2802 καὶ
2580 2749 2738 2802 τοῦτο
2781 2747 2917 2818 πρὸς
2945 2746 3023 2817 τῷ
3047 2745 3190 2799 τέλει
3215 2734 3442 2815 προστί-
3551 2756 3554 2759 ·

1862 2831 2046 2900 θεμεν,
2084 2832 2208 2884 ὅταν
2238 2831 2520 2901 μέλλωμεν
2552 2831 2859 2902 βαπτίζειν.
2885 2829 3198 2892 κελεύοντες
3232 2827 3437 2894 λέγειν,

1861 2916 1944 2968 ὅτι
1971 2914 2219 2968 Πιστεύω
2249 2917 2330 2976 είς
2356 2914 2565 2984 νεκρῶν
2590 2915 2907 2978 ἀνάστασιν,
2934 2913 3028 2967 καὶ
3053 2911 3146 2965 ἐπὶ
3166 2913 3230 2982 τῇ
3260 2908 3441 2962 πίστει

1861 2999 2034 3072 ταύτῃ
2069 2997 2462 3068 βαπτιζόμεθα.
2494 2997 2648 3051 Μετά
2688 2998 2794 3068 γὰρ
2822 2997 2882 3050 16
2921 2995 3252 3066 ὁμολογῆσαι
3279 2993 3440 3047 τοῦτο

1867 3084 2008 3154 μετὰ
2039 3083 2148 3135 τῶν
2175 3083 2370 3146 ἄλλων,
2405 3083 2524 3136 τότε
2563 3082 2862 3152 καθιέμεθα
2883 3083 2962 3144 είς
2989 3081 3086 3153 τὴν
3121 3079 3302 3150 πηγὴν
3329 3077 3441 3132 τῶν

1868 3166 2026 3238 ίερῶν
2051 3167 2307 3236 ναμάτων
2337 3165 2580 3218 ἐκείνων.
2616 3165 2786 3218 Τοῦτο
2805 3166 2984 3218 τοίνυν
3007 3163 3438 3234 ἀναμιμνήσκων

1863 3251 1891 3302 6
1925 3247 2135 3312 Παῦλος
2180 3249 2398 3316 ἔλεγεν·
2439 3250 2506 3301 El
2533 3247 2619 3316 μὴ
2649 3249 2821 3301 ἐστιν
2847 3246 3200 3312 ἀνάστασις.
3237 3246 3296 3298 τί
3336 3243 3440 3298 καὶ

1857 3333 2115 3401 ,ϐαπτίζῃ
2147 3332 2295 3399 ὑπὲρ
2315 3331 2433 3384 τῶν
2449 3331 2710 3398 νεκρῶν;
2726 3332 2992 3395 τουτέστι,
3017 3331 3125 3384 τῶν
3145 3330 3436 3398 σωμάτων.

1863 3417 1974 3470 Καὶ
2020 3416 2129 3486 γάρ
2171 3417 2263 3468 ἐπὶ
2299 3414 2474 3484 τούτῳ
2529 3413 2785 3487 βαπτίζῃ,
2820 3415 2916 3468 τοῦ
2957 3413 3150 3487 νεκροῦ
3187 3411 3446 3483 σώματος

1863 3499 2158 3553 ἀνάστασιν
2200 3497 2490 3560 πιστεύων,
2534 3499 2615 3551 ὅτι
2661 3498 2844 3552 οὐκέτι
2895 3499 3044 3569 μένει
3083 3496 3296 3568 νεκρόν.
3326 3494 3442 3549 Καὶ

1865 3583 1930 3636 σὺ
1967 3583 2064 3651 μὲν
2105 3581 2191 3634 διά
2217 3579 2325 3633 τῶν
2363 3581 2623 3657 ῥημάτων
2647 3579 2827 3648 λέγεις
2868 3579 3078 3649 νεκρῶν
3104 3581 3436 3634 ἀνάστασιν·

1862 3665 1892 3718 6
1919 3665 1975 3719 δέ
2007 3665 2206 3735 ἱερεὺς,
2237 3663 2425 3734 ὥσπερ
2459 3665 2517 3717 ἐν
2551 3664 2720 3718 εἰκόνι
2755 3664 2881 3728 τινὶ,
2924 3665 3069 3736 ἀπερ
3111 3663 3441 3725 ἐπίστευσας

1863 3747 1958 3801 καὶ
1999 3747 2085 3800 διὰ
2113 3747 2222 3800 τῶν
2256 3747 2514 3818 ρημάτων
2543 3746 2920 3817 ὡμολόγησας,
2944 3743 3184 3800 δείκνυσί
3230 3762 3313 3798 σοι
3342 3742 3440 3798 καὶ

1861 3829 1951 3883 διὰ
1987 3831 2095 3883 τῶν
2142 3830 2480 3901 πραγμάτων
2514 3829 2720 3884 αὐτῶν.
2775 3832 2942 3884 Ὅταν
2987 3829 3157 3900 χωρὶς
3209 3826 3438 3898 σημείου

1863 3913 2144 3984 πιστεύῃς,
2173 3913 2293 3966 τότε
2335 3931 2414 3967 σοι
2445 3915 2539 3967 καὶ
2568 3913 2628 3966 16
2673 3916 2898 3984 σημεῖον
2926 3913 3180 3986 παρέχει·
3216 3912 3344 3966 ὅταν
3371 3907 3440 3962 τά

1865 3997 2063 4052 σαυτοῦ
2115 3999 2369 4071 ποιήσῃς,
2412 3999 2533 4052 τότε
2589 3998 2683 4052 καὶ
2732 4001 2760 4052 6
2793 3997 2925 4061 Θεός
2981 4015 3038 4052 σε
3079 3989 3450 4066 πληροφορεῇ

1863 4081 1987 4145 Πῶς
2013 4082 2107 4135 καὶ
2133 4083 2240 4135 τίνι
2273 4081 2493 4153 τρόπῳ;
2516 4080 2612 4140 Διά
2637 4080 2731 4133 τοῦ
2765 4080 2973 4144 ὓδατος.
3003 4081 3079 4132 T6
3106 4079 3214 4151 7&9
3243 4077 3438 4148 βαπτίὸ

1863 4165 2051 4229 ζεσθαι
2096 4167 2191 4219 καὶ
2247 4165 2632 4228 καταδύεσθαι,
2687 4160 2807 4218 εἶτα
2865 4163 3169 4225 ἀνανεύειν,
3216 4161 3319 4230 τῆς
3358 4160 3440 4223 είς

1862 4246 1989 4318 ᾅδου
2035 4247 2390 4311 καταδάσεώς
2448 4249 2564 4300 ἐστι
2616 4246 2884 4316 σύμϐολον
2939 4245 3182 4314 καὶτῆς
3230 4241 3444 4296 ἐκεῖθεν

1861 4329 2072 4383 ἀνόδου.
2121 4329 2213 4382 Διὸ
2256 4330 2351 4383 καὶ
2377 4330 2548 4399 τάφον
2577 4331 2636 4383 16
2671 4329 2952 4400 βάπτισμα
2979 4329 3008 4381 6
3044 4327 3252 4388 Παῦλος
3286 4325 3449 4379 καλεί

1859 4415 2056 4486 λέγων·
2100 4414 2529 4485 Συνετάφημεν
2569 4412 2682 4471 οὖν
2728 4415 2889 4481 αὐτῷ
2925 4415 3024 4469 διὰ
3066 4414 3171 4468 τοῦ
3215 4413 3446 4478 βαπτί-

1861 4515 2089 4568 σματος
2125 4501 2212 4565 είς
2240 4499 2347 4552 τὸν
2381 4498 2658 4553 θάνατον.
2701 4499 2834 4553 Ἀπὸ
2861 4499 3051 4553 τούτου
3082 4499 3177 4552 καὶ
3215 4497 3276 4550 τὸ
3307 4495 3441 4566 μέλρ

1861 4581 1952 4636 λον
1994 4581 2305 4647 ἀξιόπιστον
2350 4585 2513 4647 ποιεῖ,
2559 4583 2666 4634 τῶν
2712 4584 2982 4653 σωμάτων
3013 4581 3155 4649 λέγω
3182 4578 3280 4649 τὴν
3305 4578 3439 4632 ἀνά,

1863 4682 2070 4719 στασιν.
2121 4665 2228 4718 Τοῦ
2267 4665 2373 4738 7&9
2410 4666 2567 4737 σῶμα
2599 4667 2898 4735 ἀναστῆσαι
2946 4663 3125 4734 πολλῷ
3161 4663 3342 4734 μεῖζον
3378 4662 3448 4722 16

1863 4751 2234 4823 ἁμαρτήματα
2263 4749 2546 4818 ἀφανίσαι.
2580 4752 2686 4804 Καὶ
2710 4749 2868 4804 τοῦτο
2886 4751 2914 4802 6
2938 4747 3172 4820 Χριστὸς
3198 4749 3440 4814 ἀποφαιε

1855 4834 2098 4904 νόμενος,
2126 4835 2310 4904 ἔλεγεν
2327 4851 2340 4866 ο
2383 4836 2442 4889 Τί
2468 4835 2578 4905 γάρ
2599 4836 2768 4888 ἐστιν
2793 4832 3202 4902 εὐκοπώτερον
3224 4831 3445 4898 ειπεῖν,⁸

1867 4922 2181 4992 Ἀφέωνταί
2221 4938 2321 4978 σοι
2367 4926 2427 4977 al
2475 4922 2774 4991 ἁμαρτίαι.
2802 4921 2840 4992 ἢ
2874 4919 3087 4986 εἰπεῖν,
3118 4916 3298 4986 Ἆρον
3329 4915 3442 4970 τὸν

1853 5007 2186 5074 κράδὸατόν
2234 5025 2371 5073 σου,
2421 5008 2516 5060 καί
2560 5005 2902 5074 περιπάτει;
2959 5004 3031 5057 Τὸ
3097 5003 3196 5074 μέν
3244 5001 3438 5055 δυσκο-

1852 5089 2089 5160 λώτερον
2141 5092 2337 5154 ἐκεῖνο,
2401 5089 2596 5159 φησίν·
2657 5088 2842 5159 ἐπειδὴ
2896 5088 2953 5142 δέ
3011 5088 3291 5141 ἀπιστεῖτε
3340 5085 3436 5139 άτε

1861 5172 2039 5242 ἀδήλῳ
2059 5173 2192 5232 δντι,
2223 5173 2318 5224 καὶ
2351 5171 2411 5224 16
2435 5172 2799 5242 εὐκολώτερον
2833 5171 2952 5226 ἀντὶ
2980 5170 3239 5224 δυσκόλου
3270 5169 3439 5222 ποιεῖ-

1864 5254 1958 5308 σθε
2000 5256 2098 5323 τῆς
2140 5256 2278 5326 ἐμῆς
2304 5255 2586 5324 δυνάμεως
2627 5255 2922 5320 ἀπόδειξιν,
2961 5255 3081 5308 οὐδὲ
3111 5253 3271 5307 τοῦτο
3299 5269 3441 5321 παρ-

1859 5340 2158 5408 αιτήσομαι
2231 5341 2534 5409 παρασχεῖν
2588 5339 2716 5410 ὑμῖν
2742 5338 2803 5391 τὸ
2834 5338 3053 5408 δεῖγμα.
3091 5338 3229 5392 Τότε
3275 5335 3439 5404 λέγει

1859 5419 1940 5485 τῷ
1961 5421 2369 5490 παραλυτικῷ·
2413 5422 2710 5491 Ἐγερθεὶς
2736 5415 2883 5491 ἆρον
2915 5422 3032 5490 τὴν
3051 5423 3269 5489 κλίνην
3295 5435 3435 5482 σου,

139 5567 143 5570 .
177 5497 652 5566 ματαιοπονῶμεν,
709 5495 842 5566 φέρε
889 5495 989 5564 τῆς
1026 5497 1238 5568 ρήσεως
1275 5497 1479 5567 ταύτης
1513 5500 1610 5570 τὴν
1661 5498 1755 5552 δύ-

87 5583 137 5637 .)
174 5577 420 5644 Παῦλος
446 5580 671 5650 Πρῶτον
703 5579 759 5632 δὲ
782 5580 1090 5649 ἀναμνῆσαι
1115 5578 1371 5650 βούλομαι
1393 5583 1517 5644 τοὺς
1547 5599 1756 5653 μεμνη-

92 5668 132 5738 ζ
175 5679 338 5731 ναμιν
387 5661 542 5734 [579]
596 5662 725 5732 ύμῖν
772 5661 1188 5733 ἀναπτύξωμεν.
1249 5663 1315 5714 Τί
1370 5659 1463 5716 οὖν
1513 5681 1679 5735 φησιν
1727 5665 1756 5718 6

179 5745 371 5811 μένους
404 5745 550 5816 ὑμᾶς
590 5745 822 5818 ῥήσεως,
865 5747 930 5817 ἣν
976 5745 1120 5803 κατὰ
1151 5747 1251 5817 τὴν
1277 5745 1516 5818 ἑσπέραν
1547 5748 1759 5821 ἐκείνην

79 5835 126 5902 -ί

1855 5505 1954 5558 καὶ
1984 5504 2173 5573 ὕπαγε
2208 5507 2293 5572 εὶς
2322 5506 2426 5560 τὸν
2447 5502 2614 5559 οἶκόν
2634 5523 2770 5559 σου.

1935 5587 2002 5658 β’.
2029 5589 2138 5641 Καὶ
2170 5587 2284 5652 πῶς
2317 5588 2478 5642 τοῦτο
2504 5589 2780 5656 δύσκολον,
2803 5587 2988 5658 φησὶν,
3009 5588 3140 5646 ὅταν
3162 5583 3252 5638 καὶ
3281 5585 3436 5656 βασι-

1861 5671 2014 5724 λεῦσι
2041 5673 2136 5724 καὶ
2174 5672 2401 5745 ἄρχουσι
2441 5671 2666 5728 δυνατὸν
2695 5667 2766 5746 ᾖ;
2805 5672 2900 5726 καὶ
2943 5669 3052 5744 7&9
3084 5669 3305 5740 μοιχοὺς
3339 5665 3436 5722 καὶ

1866 5755 2220 5826 ἀνδροφόνους
2273 5757 2500 5828 ἀφιᾶσιν
2553 5755 2774 5811 ἐκεῖνοι.
2836 5750 3096 5820 Παίζεις,
3153 5749 3430 5822 ἄνθρωπε,
