3802 6370
150 307 233 365 589

149 420 375 495 principes
400 422 579 471 autem
608 419 663 468 et
690 423 867 481 reges,
894 406 1107 463 etiamsi
1132 404 1403 463 dimittant
1429 414 1486 461 et
1508 404 1691 460 absol-

148 525 249 569 rant
266 508 525 565 adulteros
548 513 604 560 et
630 499 927 558 homicidas
948 540 963 567 ,
990 514 1020 553 a
1046 497 1295 569 prtescnti
1318 495 1532 567 quidem
1561 496 1695 550 libe-

145 615 244 662 rant
264 600 535 673 supplicio,
556 611 744 652 eorum
767 601 944 648 autem
973 598 1248 661 peceatum
1274 604 1378 645 non
1400 588 1693 644 emundant

144 709 187 752 ct
223 696 451 763 expiant;
500 698 556 745 et
597 688 643 743 si
688 685 940 741 dimissos
983 682 1197 753 quidem
1242 681 1583 752 provexerint
1623 677 1691 733 ad

142 789 475 859 magistratus,
508 792 562 836 et
587 780 670 836 vel
699 778 812 849 ipsa
846 776 1116 831 induerint
1145 788 1377 844 purpura
1401 813 1417 837 ,
1445 780 1497 827 et
1525 773 1694 841 impo-

142 881 315 936 suerint
348 878 425 931 eis
459 872 741 936 diadema;
786 883 942 939 reges
979 866 1196 937 quidem
1235 864 1314 920 sic
1351 863 1631 927 fecerunt,
1660 877 1692 916 a

142 970 341 1042 peccatis
366 976 541 1022 autem
568 979 675 1019 non
705 961 1002 1017 liberarunt
1032 980 1045 1016 :
1074 958 1222 1013 solus
1249 956 1392 1012 enim
1425 956 1561 1011 Deus
1589 953 1691 1010 hoc

141 1064 259 1116 facit.
287 1058 429 1126 Quod
464 1055 680 1127 quidem
717 1060 970 1121 cperatur
1002 1050 1055 1104 in
1097 1048 1309 1103 lavacro
1332 1047 1694 1117 regeneratio-

142 1155 207 1207 nis
229 1171 242 1207 :
265 1155 422 1223 ipsam
450 1150 593 1204 enim
624 1146 858 1202 animam
890 1143 1056 1212 tangit
1083 1142 1249 1211 gratia
1271 1181 1287 1207 ,
1316 1150 1370 1195 et
1395 1140 1539 1194 illinc
1564 1152 1692 1209 pec-

139 1261 288 1302 catum
317 1244 497 1301 evellit
535 1241 809 1296 radicitus.
854 1239 1139 1307 Propterea
1171 1235 1289 1304 ejus
1318 1233 1530 1303 quidem
1557 1274 1571 1300 ,
1600 1232 1691 1303 qui

139 1352 204 1394 est
228 1340 463 1394 dimissus
491 1351 521 1389 a
554 1349 682 1404 rege
706 1375 720 1399 ,
751 1330 1021 1387 sordidam
1051 1327 1233 1383 videre
1266 1327 1389 1382 licet
1416 1326 1648 1380 animam
1674 1341 1688 1378 :

138 1435 234 1503 ejus
267 1440 432 1485 autem
473 1428 563 1499 qui
606 1436 689 1482 est
729 1425 1025 1494 baptizatus
1050 1462 1065 1486 ,
1096 1420 1315 1475 minime
1337 1459 1352 1484 ,
1382 1418 1477 1474 sed
1517 1419 1690 1487 ipsum

138 1526 244 1579 solis
264 1522 418 1578 radiis
444 1523 736 1589 puriorem,
760 1526 815 1571 et
836 1515 1005 1586 qualis
1027 1513 1124 1568 fuit
1146 1521 1396 1582 generata
1420 1512 1487 1567 ab
1509 1510 1689 1577 initio;

138 1616 227 1669 imo
252 1628 374 1669 vero
401 1612 490 1667 illa
531 1623 743 1680 quoque
782 1607 941 1676 longe
980 1604 1255 1659 meliorem
1286 1620 1299 1655 :
1330 1602 1521 1657 fruitur
1549 1602 1691 1656 enim

138 1709 307 1777 Spiritu
343 1706 429 1776 qui
470 1719 591 1759 eam
618 1700 766 1756 omni
796 1715 864 1754 ex
903 1705 1054 1769 parte
1094 1694 1424 1759 inflammat,
1453 1702 1505 1749 et
1533 1700 1695 1764 auget

137 1800 460 1857 sanctitatem.
490 1797 556 1852 Et
579 1796 720 1850 sicut
745 1807 933 1848 aurum
960 1799 1053 1845 aut
1075 1799 1353 1860 argentum
1380 1787 1690 1855 refundens,

140 1910 299 1965 purum
324 1902 377 1947 et
401 1905 600 1946 novum
629 1886 759 1942 facis
783 1885 959 1940 denuo
987 1899 1002 1939 :
1032 1883 1102 1937 ita
1126 1881 1286 1937 etiam
1314 1880 1543 1950 Spiritus
1568 1895 1694 1935 san-

136 1998 231 2042 ctus
251 1988 299 2040 in
325 1984 588 2053 baptismo
616 1990 882 2049 tamquam
910 1976 964 2031 in
992 1975 1209 2029 fornace
1233 1987 1352 2027 eam
1377 1969 1690 2037 refundens,

137 2095 181 2135 et
213 2088 409 2150 peccata
448 2087 778 2131 consumens
801 2111 817 2138 ,
859 2068 1022 2125 efficit
1063 2077 1121 2122 ut
1160 2066 1352 2138 quovis
1389 2079 1522 2119 auro
1560 2079 1694 2133 puro

138 2173 293 2242 purius
337 2168 559 2238 fulgeat.
614 2165 855 2234 Itemque
901 2174 1190 2230 corporum
1240 2156 1693 2212 resurrectionem

139 2264 239 2316 hinc
262 2274 465 2331 quoque
509 2271 697 2313 rursus
742 2253 837 2308 tibi
884 2252 1008 2307 facit
1047 2264 1168 2306 esse
1197 2248 1530 2305 credibilem.
1558 2248 1691 2331 iam

137 2355 352 2424 quoniam
394 2361 675 2422 peccatum
716 2354 941 2401 mortem
972 2344 1191 2410 intulit,
1222 2342 1485 2397 exsiccata
1514 2342 1695 2396 radice

140 2460 224 2499 non
246 2453 321 2499 est
344 2442 576 2513 amplius
597 2437 950 2495 dubitandum
975 2435 1043 2491 de
1067 2433 1270 2489 fructus
1296 2432 1533 2488 interitu.
1561 2431 1697 2486 Pro-

139 2546 286 2603 pterea
312 2550 428 2589 cum
462 2533 612 2602 prius
641 2530 874 2585 dixisses
903 2526 1275 2581 remissionem
1310 2532 1650 2594 peccatorum
1676 2563 1693 2589 ,

139 2639 242 2680 tunc
259 2623 529 2679 conﬁteris
548 2621 708 2677 etiam
732 2630 1067 2674 mortuorum
1086 2614 1553 2677 resurrectionem,
1575 2613 1698 2667 hinc

137 2720 190 2773 ad
213 2718 326 2773 illud
346 2717 631 2772 deductus.
657 2710 858 2768 Deinde
877 2709 1129 2780 quoniam
1154 2723 1261 2763 non
1283 2706 1480 2761 sufficit
1499 2721 1696 2760 nomen

137 2809 516 2866 resurrectionis
536 2806 604 2862 ad
626 2805 931 2861 universum
950 2800 1339 2857 ostendendum
1358 2800 1529 2870 (multi
1550 2800 1695 2854 enim

138 2904 209 2971 qui
235 2908 632 2956 resurrexerant
656 2911 845 2952 rursus
868 2901 1237 2954 excesserunt,
1264 2902 1321 2946 ut
1344 2893 1431 2962 qui
1464 2907 1698 2947 resurre-

138 3004 302 3048 xerunt
331 2995 379 3048 in
406 2992 613 3056 Veteri,
642 2999 700 3044 ut
725 2989 979 3053 Lazarus,
1009 2994 1066 3040 ut
1090 2985 1180 3055 qui
1212 2994 1452 3054 tempore
1476 2983 1695 3054 erucis),

137 3086 263 3153 jubet
282 3086 453 3141 dicere
478 3126 497 3151 ,
530 3084 596 3138 Et
624 3082 676 3137 in
705 3082 867 3135 vitam
898 3090 1154 3135 aeternam
1179 3119 1194 3140 ,
1227 3092 1295 3131 ne
1323 3078 1443 3147 quis
1470 3077 1699 3145 amplius

138 3181 403 3247 suspicetur
446 3184 679 3233 mortem
727 3183 850 3245 post
894 3172 1362 3228 resurrectionem.
1407 3169 1533 3224 lhec
1570 3185 1699 3239 ergo

140 3272 274 3324 verba
302 3272 350 3325 in
380 3270 700 3326 memoriam
732 3281 989 3321 revocans
1020 3264 1216 3319 Paulus
1244 3264 1374 3319 dicit
1406 3282 1419 3317 :
1452 3263 1589 3330 Quid
1619 3268 1700 3332 fa-

139 3366 247 3415 cient
278 3365 357 3433 qui
392 3363 723 3433 baptiznntur
758 3375 851 3429 pro
890 3357 1135 3411 mortuis?
1173 3355 1304 3410 Nam
1344 3355 1388 3410 si
1429 3372 1534 3409 nuit
1576 3363 1696 3423 est,

140 3456 283 3523 inquit
301 3497 315 3521 ,
345 3452 691 3515 resurrectio,
723 3450 838 3504 huic
865 3448 1025 3505 verba
1058 3449 1212 3516 plane
1241 3457 1366 3501 sunt
1395 3446 1552 3502 ludus
1577 3462 1699 3503 sce-

141 3553 281 3603 nTeus.
308 3550 363 3604 Si
389 3564 499 3603 non
528 3556 611 3602 est
634 3543 989 3607 resurrectio,
1015 3540 1285 3611 quomodo
1310 3541 1388 3595 eis
1414 3539 1702 3595 suademus

142 3652 187 3691 nl
210 3641 416 3694 credant
443 3653 571 3710 quae
600 3651 707 3692 non
738 3634 963 3690 danms?
994 3642 1052 3687 nt
1080 3633 1125 3687 si
1160 3631 1283 3702 quis
1314 3632 1511 3701 jubens
1538 3631 1703 3687 edere

144 3731 418 3787 scltcdulam
476 3729 626 3802 quod
680 3728 783 3783 hoc
834 3736 891 3781 et
943 3724 1075 3781 illud
1128 3725 1433 3794 acceperit,
1484 3724 1703 3779 minime

141 3824 318 3880 dederit
357 3841 478 3896 qua:
530 3823 587 3878 in
632 3836 695 3878 ea
739 3821 935 3889 scripta
977 3826 1138 3884 sunt;
1185 3817 1377 3872 deinde
1424 3826 1701 3887 postquam

139 3918 408 3988 subscripta
455 3916 623 3971 fuerit
663 3912 957 3978 schedula,
1000 3911 1185 3980 exigat
1225 3926 1345 3980 quae
1387 3909 1439 3962 in
1478 3925 1539 3962 ea
1580 3916 1705 3962 sunt

140 4010 326 4078 scripta.
354 4009 495 4076 Quid
520 4007 665 4061 enim
687 4004 754 4059 de
773 4012 972 4060 stetere
998 4001 1157 4057 faciet
1180 4002 1224 4055 is
1244 4002 1334 4071 qui
1356 4000 1701 4069 subscripsit,

139 4116 240 4156 cum
263 4117 319 4158 se
344 4102 567 4172 quidem
594 4098 894 4154 debitorem
920 4095 1279 4159 constituerit,
1309 4109 1416 4148 non
1442 4093 1707 4163 acceperit

140 4203 289 4248 autem
315 4209 378 4249 ea
402 4210 532 4264 qua:
560 4189 840 4247 confessus
868 4196 952 4244 est
980 4203 1042 4241 se
1066 4185 1377 4255 accepisse?
1422 4184 1535 4239 lloc
1564 4183 1704 4239 enim

142 4284 211 4340 hic
230 4301 437 4357 quoque
459 4283 596 4341 dicit
619 4282 687 4338 de
711 4282 776 4338 iis
798 4280 888 4351 qui
913 4280 1251 4349 baptizantur
1273 4293 1288 4331 :
1311 4277 1447 4345 Quid
1475 4276 1671 4332 facient
1688 4316 1703 4343 ,

142 4377 321 4447 inquies
340 4420 355 4445 ,
384 4380 478 4449 qui
512 4377 851 4446 baptizantur
869 4415 885 4440 ,
912 4373 1004 4443 qui
1033 4370 1465 4439 subscripserunt
1492 4368 1707 4438 quidem

142 4474 571 4528 resurrectionem
601 4480 929 4523 mortuorum
959 4477 1246 4533 corporum
1267 4503 1283 4529 ,
1311 4478 1417 4517 non
1447 4462 1711 4532 recipiunt

142 4574 294 4620 autem
312 4606 328 4632 ,
360 4566 459 4621 sed
489 4561 868 4633 decipiuntur?
901 4557 1025 4628 quid
1055 4557 1274 4612 omnino
1302 4566 1417 4610 erat
1446 4571 1581 4625 opus
1610 4554 1710 4609 hac

142 4659 454 4715 confessione
476 4698 494 4724 ,
528 4658 573 4712 si
616 4670 705 4710 res
733 4669 840 4708 non
870 4650 1230 4722 sequebatur?
1259 4648 1349 4704 50.
1387 4648 1517 4714 Quid
1547 4656 1592 4701 et
1619 4664 1711 4701 nos

144 4752 465 4815 periclitamur
494 4748 637 4804 enini
676 4746 843 4800 hora?
885 4745 976 4800 3i.
1008 4742 1246 4808 Quotidie
1284 4740 1474 4794 morior
1508 4748 1713 4809 propter

144 4855 332 4895 restrain
372 4842 597 4912 gloriam
619 4880 635 4905 ,
662 4854 816 4908 quam
859 4836 1017 4889 habeo
1058 4836 1112 4888 in
1154 4833 1354 4887 Christo
1392 4830 1539 4885 Jesu.
1586 4830 1713 4886 Vide

144 4946 308 4988 rursus
336 4935 612 4989 undenam
640 4932 834 5000 dogma
876 4926 1216 4999 aggrediatur
1256 4924 1484 4994 probare
1507 4963 1523 4987 ,
1554 4939 1583 4978 a
1614 4938 1714 4978 suo

145 5026 405 5097 suffragio;
432 5027 545 5081 imo
569 5038 698 5079 vero
720 5035 825 5078 non
852 5022 1023 5076 solum
1050 5034 1167 5088 suo,
1190 5019 1287 5074 sed
1302 5020 1465 5073 etiam
1490 5028 1715 5073 czetero-

146 5120 652 5189 rum‘apostolorum.
680 5116 774 5171 Est
792 5123 968 5170 autem
990 5114 1091 5168 hoc
1111 5124 1322 5183 quoque
1344 5126 1449 5165 non
1472 5124 1713 5181 parvum,

147 5210 392 5268 adducere
432 5213 687 5267 doctores
729 5209 821 5280 qui
859 5207 928 5262 de
962 5221 1031 5262 eo
1058 5206 1212 5260 valde
1240 5214 1444 5259 certam
1488 5203 1720 5257 habeant

150 5305 532 5369 persuasionem
559 5343 576 5369 ,
607 5310 663 5357 et
695 5300 797 5355 hoc
835 5310 945 5354 non
984 5299 1158 5353 solum
1190 5296 1368 5351 verbis
1392 5336 1408 5363 ,
1437 5295 1532 5349 sed
1559 5295 1718 5350 etiam

150 5394 289 5449 rebus
323 5395 637 5451 ostendant.
680 5394 969 5464 Propterea
1000 5405 1106 5445 non
1140 5389 1272 5445 dicit
1303 5389 1548 5444 absolute
1570 5429 1584 5453 ,
1614 5387 1721 5443 Nos

150 5498 341 5556 quoque
386 5488 438 5543 id
493 5486 752 5541 habemus
795 5498 1140 5555 persuasum;
1187 5497 1361 5553 neque
1407 5483 1549 5537 enim
1593 5481 1724 5535 satis

151 5591 250 5631 erat
287 5581 386 5637 hoc
414 5584 593 5636 solum
624 5580 978 5651 persuadere;
1025 5578 1121 5634 sed
1150 5578 1309 5632 etiam
1338 5593 1434 5647 per
1463 5592 1551 5631 res
1581 5579 1724 5644 ipsas

152 5670 913 5730 exhibetdemonstrationem:
940 5671 1163 5741 perinde
1188 5684 1250 5725 ac
1266 5670 1311 5724 si
1339 5671 1565 5725 diceret:
1590 5669 1723 5723 Ver-

158 5760 223 5817 bis
259 5764 368 5822 haec
409 5767 656 5825 confiteri
693 5765 825 5823 nihil
860 5765 1010 5821 vobis
1051 5758 1186 5820 forte
1221 5764 1429 5820 videtur
1464 5780 1582 5819 esse
1619 5765 1719 5820 tui-

1160 290 1229 348 [Ν
1268 290 1481 349 EPIST.
1521 288 1543 345 ι
1604 288 1699 344 AD
1734 284 1892 347 C03.
1933 285 2166 344 iIOMIL.
2210 289 2324 346 XL.

3281 297 3386 353 550

1795 403 2057 470 randum;
2097 406 2144 469 si
2183 417 2361 463 autem
2400 406 2561 461 etiam
2596 422 2625 461 a
2663 408 2826 463 rebus
2862 398 2993 477 ipsis
3020 426 3205 468 vocem
3235 414 3388 469 vobis

1797 493 2185 562 exhibeamus,
2226 497 2353 567 quid
2399 497 2467 552 ad
2515 498 2631 553 hmo
2678 500 2924 569 poteritis
2974 502 3387 559 contradicere?

1796 585 1991 640 Audite
2011 601 2142 657 ergo
2160 589 2430 657 quomodo
2449 589 2608 643 etiam
2637 606 2729 658 per
2758 591 2989 660 pericula
3012 591 3127 647 haec
3145 595 3387 663 quotidie
3448 616 3453 621 λ

1796 678 2167 733 confiteantur.
2198 680 2262 734 Et
2289 696 2396 735 non
2424 681 2560 736 dixit
2579 721 2593 746 ,
2626 681 2762 753 Ego.
2794 682 2921 747 sed,
2947 683 3079 749 Nos,
3108 700 3386 743 assumens

1797 782 1983 823 omnes
2013 770 2171 825 simul
2198 774 2493 841 apostolos,
2524 782 2578 829 et
2606 788 2667 829 ea
2700 777 2906 829 ratione
2931 777 3174 833 modeste
3202 794 3262 833 se
3290 795 3387 848 ge-

1798 875 1923 915 rens
1946 901 1962 927 ,
1993 877 2057 917 ac
2085 861 2190 918 fide
2219 863 2435 934 dignam
2478 866 2676 921 faciens
2714 868 3036 923 orationem.
3075 868 3211 935 Quid
3242 872 3387 926 enim

1795 951 1976 1008 dicere
2018 956 2340 1025 potueritis?
2368 958 2509 1027 quod
2544 973 2640 1014 vos
2678 958 3008 1030 decipiamns
3046 960 3161 1016 lucc
3188 962 3386 1031 Insidi-

1795 1055 2016 1112 cantes,
2063 1056 2117 1102 et
2173 1056 2389 1118 propter
2444 1048 2656 1104 inanem
2699 1051 2922 1120 gloriam
2977 1050 3095 1106 haec
3135 1052 3385 1122 dogntata

1795 1140 2131 1195 statuamus?
2178 1141 2284 1197 Sed
2328 1142 2463 1197 hanc
2504 1144 2824 1198 sententiam
2865 1143 3007 1199 ferre
3052 1159 3159 1199 non
3203 1146 3386 1201 sinunt

1796 1232 2030 1321 pericula
2062 1251 2074 1284 :
2106 1234 2228 1304 quis
2265 1235 2407 1289 enim
2449 1250 2541 1289 sua
2587 1246 2779 1306 sponte
2820 1236 3049 1292 voluerit
3093 1237 3289 1293 frustra
3328 1250 3385 1292 et

1796 1332 1999 1377 temere
2026 1324 2174 1379 adire
2204 1326 2481 1393 pericula?
2512 1326 2579 1381 Et
2620 1327 2745 1383 ideo
2768 1329 3016 1393 dicebat,
3054 1330 3191 1398 Quid
3216 1341 3264 1386 et
3293 1347 3385 1387 nos

1796 1415 2141 1483 periclitamur
2168 1419 2305 1471 omni
2336 1418 2502 1474 hora?
2543 1419 2675 1475 Nam
2704 1433 2758 1476 et
2799 1423 2842 1476 si
2872 1424 2992 1493 quis
3023 1433 3241 1494 propter
3267 1425 3386 1479 ina-

1796 1521 1916 1562 nem
1942 1508 2164 1577 gloriam
2192 1509 2295 1565 hoe
2315 1525 2410 1565 sua
2438 1521 2630 1582 sponte
2654 1513 2897 1582 elegerit,
2924 1516 3089 1570 semel
3112 1526 3165 1571 et
3191 1517 3385 1572 iterum

1795 1600 1897 1656 hoc
1934 1600 2127 1669 faciet,
2161 1618 2269 1658 non
2311 1606 2457 1659 omni
2499 1614 2740 1675 tempore
2772 1609 2911 1662 sicut
2942 1624 3041 1664 nos
3070 1624 3083 1662 :
3112 1626 3211 1665 nos
3239 1613 3382 1667 enim

1797 1699 1961 1747 totam
1991 1693 2152 1747 vitam
2195 1693 2318 1749 huic
2358 1696 2436 1751 rei
2464 1696 2782 1752 addicimus.
2817 1698 3054 1766 Quotidie
3082 1703 3269 1756 morior
3296 1719 3388 1773 per

1793 1793 2008 1839 vestram
2047 1786 2399 1856 gforiationem
2423 1829 2438 1853 ,
2478 1805 2628 1860 quam
2674 1791 2830 1845 habeo
2873 1792 2927 1847 in
2971 1792 3171 1849 Christo
3212 1793 3385 1861 Iesu;

1794 1876 2165 1947 gloriationem
2199 1879 2285 1933 hic
2309 1879 2494 1935 dicens
2520 1896 2707 1936 eorum
2740 1883 3056 1953 profectum.
3084 1886 3217 1941 Nam
3243 1902 3386 1958 quo-

1795 1969 1937 2025 niam
1966 1971 2128 2026 multa
2155 1973 2390 2029 ostendit
2416 1989 2537 2030 esse
2563 1977 2829 2045 pericula;
2858 1995 2925 2033 ne
2949 1980 3218 2035 videretur
3245 1992 3384 2035 tam-

1794 2076 1954 2130 quam
1996 2061 2202 2119 defleus
2242 2064 2356 2120 hate
2392 2065 2573 2122 dicere
2595 2107 2611 2132 ,
2641 2067 2755 2123 Non
2796 2070 3002 2134 solum,
3038 2071 3245 2142 inquit,
3277 2089 3385 2128 non

1795 2151 1986 2217 doleo,
2021 2152 2118 2208 sed
2149 2154 2309 2209 etiam
2336 2155 2539 2225 glorior
2562 2157 2703 2227 quod
2743 2173 2839 2227 pro
2864 2160 3016 2216 vobis
3050 2160 3164 2216 haec
3193 2164 3384 2232 patiar.

1795 2244 2003 2314 Duplicr
2033 2254 2211 2302 autem
2242 2249 2449 2304 ratione
2477 2265 2537 2307 se
2563 2250 2692 2305 dicit
2717 2252 2968 2322 gloriari,
3002 2263 3055 2311 et
3085 2256 3225 2326 quod
3257 2272 3388 2328 pro-

1798 2345 1915 2407 pter
1944 2338 2087 2406 irsos
2112 2341 2344 2409 pericula
2373 2342 2549 2406 adeat,
2580 2354 2632 2398 et
2658 2346 2799 2415 quod
2830 2346 2977 2416 ipsos
3006 2349 3183 2404 videat
3212 2351 3391 2407 inere-

1796 2440 2034 2485 mentum
2076 2432 2372 2502 suscipere.
2416 2434 2619 2490 Deinde
2655 2436 2858 2493 faciens
2901 2439 2952 2494 id
2994 2440 3135 2510 quod
3174 2452 3256 2499 est
3286 2442 3389 2498 sibi

1796 2521 2033 2588 solitum,
2052 2524 2303 2592 quoniam
2327 2540 2515 2595 magna
2539 2535 2622 2581 est
2642 2528 2908 2598 loquutus,
2933 2542 3155 2604 utraque
3175 2533 3394 2589 Christo

1798 2613 2000 2669 tribuit.
2030 2614 2310 2682 Quomodo
2332 2628 2511 2671 autem
2536 2620 2762 2673 moritur
2782 2622 3055 2691 quotidie?
3082 2626 3255 2680 Animi
3277 2626 3393 2681 ala-

1797 2707 2007 2771 critate,
2037 2715 2091 2760 et
2117 2706 2257 2775 quod
2286 2707 2352 2761 ad
2381 2707 2481 2762 hoc
2505 2710 2574 2763 sit
2598 2721 2834 2778 paratus.
2868 2713 2936 2766 Et
2961 2729 3057 2769 cur
3085 2715 3200 2772 haec
3228 2716 3391 2772 dicit?

1796 2800 2004 2854 Rursus
2043 2813 2140 2868 per
2180 2799 2294 2853 hmc
2324 2815 2538 2869 quoque
2578 2802 2902 2858 confirmans
2932 2807 3074 2876 quod
3100 2808 3296 2864 dicitur
3323 2807 3393 2864 de

1800 2890 2214 2946 resurrectione.
2244 2890 2374 2956 Quis
2399 2892 2563 2959 enim,
2594 2893 2781 2963 inquit,
2813 2898 3033 2967 elegerit
3062 2896 3393 2955 tam'multas

1798 2984 1981 3038 subire
2025 2992 2263 3050 mortes,
2294 2984 2339 3038 si
2379 3000 2447 3039 ne
2484 2987 2555 3040 sit
2588 2988 2801 3057 quidem
2845 3001 3027 3060 postea
3070 2996 3392 3050 resurrectio

1799 3090 1973 3144 neque
2002 3076 2148 3129 vita?
2190 3075 2321 3129 Nam
2361 3077 2404 3130 si
2450 3078 2541 3147 qui
2584 3080 2815 3136 credunt
2851 3089 3229 3143 resurrectioni
3256 3130 3269 3153 ,
3297 3088 3386 3142 vix

1799 3183 1899 3237 pro
1927 3181 1988 3221 ea
2020 3167 2256 3236 pericula
2285 3167 2515 3223 adierint
2544 3170 2643 3225 nisi
2675 3173 2781 3227 sint
2810 3174 2977 3231 fortes
3009 3193 3071 3233 ac
3099 3180 3344 3248 generosi
3372 3197 3386 3233 :

1800 3260 1969 3315 multo
1995 3261 2162 3330 magis
2187 3261 2233 3315 is
2258 3263 2345 3330 qui
2372 3277 2477 3316 non
2500 3263 2689 3328 credit,
2717 3282 2821 3321 non
2851 3276 2956 3322 tam
2985 3272 3179 3327 multas
3204 3281 3258 3326 et
3282 3283 3388 3325 tam

1799 3368 1989 3423 graves
2014 3367 2076 3407 ac
2099 3352 2346 3409 difficiles
2369 3365 2568 3409 mortes
2589 3356 2829 3427 elegerit.
2858 3359 3065 3416 Etenim
3090 3362 3208 3417 vide
3229 3378 3393 3432 quatt-

1804 3460 1912 3502 ttnn
1936 3449 2186 3517 paulatim
2205 3447 2361 3503 faciat
2378 3449 2781 3506 incrementum.
2808 3453 2972 3520 Dixit,
2996 3454 3392 3524 Pcriclitanmr;

1802 3541 2043 3609 addidit,
2089 3541 2241 3596 Omni
2282 3543 2446 3605 liora;
2479 3543 2674 3599 deinde
2697 3585 2712 3609 ,
2752 3546 3030 3615 Quotidie;
3068 3561 3249 3620 postea
3286 3568 3392 3608 non

1802 3637 1974 3692 solum
2015 3635 2182 3701 dicit,
2231 3636 2547 3703 Periclitor,
2593 3638 2687 3691 sed
2731 3640 3154 3708 etiam,Morior.
3193 3646 3395 3702 Deinde

1804 3726 2038 3782 ostendit
2062 3736 2115 3780 et
2141 3737 2269 3796 quot
2295 3740 2516 3790 mortes,
2544 3728 2621 3783 sic
2646 3729 2831 3785 dicens
2861 3750 2875 3787 :
2903 3733 2993 3788 52.
3028 3734 3089 3790 Si
3117 3739 3393 3793 secundum

1806 3820 2056 3873 hominem
2080 3820 2149 3873 ad
2175 3819 2357 3873 bestias
2379 3820 2609 3890 pugnari
2626 3820 2835 3891 Ephesi,
2859 3825 2983 3893 quid
3006 3826 3132 3879 mihi
3156 3828 3355 3897 prodest
3371 3829 3397 3882 2

1876 3914 1929 3967 '5.
1969 3911 2105 3980 Quid
2135 3922 2249 3978 est,
2282 3912 2344 3967 Si
2368 3913 2646 3966 secundum
2684 3915 2980 3970 hominem?
3006 3918 3161 3986 Quod
3189 3921 3255 3974 ad
3286 3921 3387 3976 ho-

1806 4007 1979 4062 mines
2006 4005 2218 4070 attinet,
2267 4006 2494 4076 pugnavi
2538 4021 2659 4061 cum
2702 4008 2909 4063 bestiis.
2964 4010 3104 4076 Quid
3158 4014 3300 4068 enim
3350 4016 3399 4071 si

1807 4115 1895 4155 me
1928 4099 2067 4153 Deus
2095 4098 2291 4168 eripuit
2328 4114 2357 4151 a
2387 4098 2679 4168 periculis?
2717 4099 2897 4167 Quare
2923 4103 3010 4172 qui
3040 4118 3136 4172 pro
3164 4103 3247 4159 his
3277 4122 3397 4160 ma-

1807 4193 1953 4247 xime
1980 4191 2155 4246 debeo
2178 4205 2301 4245 esse
2326 4189 2608 4257 sollicitus,
2654 4206 2755 4260 ego
2785 4206 2925 4258 sum,
2959 4195 3050 4264 qui
3084 4204 3189 4249 tam
3233 4196 3398 4253 multa

1808 4284 2050 4339 sustineo
2096 4284 2351 4352 pericula,
2395 4292 2451 4338 et
2489 4283 2663 4338 adhuc
2693 4284 2889 4339 nullam
2918 4287 3100 4358 accepi
3140 4304 3397 4346 remune-

1810 4375 2094 4430 rationem.
2137 4372 2270 4428 Nam
2301 4375 2345 4427 si
2372 4389 2475 4427 non
2508 4373 2728 4429 advenit
2764 4387 2973 4445 tempus
3002 4381 3399 4435 remuneratio-

1812 4469 1917 4534 nis,
1945 4466 2038 4522 sed
2069 4466 2206 4521 intra
2252 4480 2489 4536 praesens
2518 4476 2727 4536 tempus
2758 4481 2847 4522 res
2890 4476 3089 4523 uostrm
3120 4481 3244 4524 sunt
3272 4486 3402 4527 con-

1811 4562 1994 4625 clusa),
2024 4575 2124 4614 nos
2145 4558 2314 4629 majus
2345 4558 2599 4613 damnum
2626 4560 2874 4628 patimur.
2905 4560 3038 4617 Nam
3063 4578 3159 4619 vos
3186 4565 3401 4636 quidem

1812 4653 1943 4708 citra
1990 4650 2283 4721 periculum
2326 4649 2630 4706 credidistis
2676 4668 2689 4704 :
2735 4666 2832 4707 nos
2874 4663 3051 4708 autem
3106 4666 3404 4713 mactamur

1815 4744 2070 4814 quotidie.
2105 4742 2232 4798 Herc
2252 4752 2428 4796 autem
2457 4744 2635 4797 omnia
2662 4742 2894 4810 dicebat,
2929 4760 3034 4798 non
3066 4746 3316 4816 quoniant
3344 4749 3400 4807 in

1816 4838 2068 4908 patiendo
2096 4838 2299 4893 nullam
2328 4836 2548 4891 haberet
2575 4835 2880 4910 utilitatem,
2912 4835 3006 4891 sed
3031 4848 3249 4908 propter
3275 4840 3405 4895 mul-

1819 4942 1993 4987 torum
2032 4928 2478 4991 imbecillitatem,
2508 4936 2563 4981 et
2589 4936 2648 4981 ut
2678 4928 2823 4997 ipsos
2860 4929 3211 4986 confirmaret
3240 4932 3292 4986 in
3317 4950 3406 4988 ra-

1820 5026 1965 5079 tione
1992 5021 2403 5078 resurrectionis
2436 5039 2448 5071 :
2483 5035 2589 5073 non
2620 5019 2763 5089 quod
2792 5021 2907 5090 ipse
2926 5034 3169 5079 curreret
3192 5037 3411 5098 propter

1820 5115 2122 5172 mercedem
2154 5121 2310 5169 :erat
2352 5111 2493 5167 enim
2530 5112 2801 5166 sufficiens
2827 5112 2877 5166 ei
2910 5118 3272 5172 remuneratio
3292 5161 3307 5186 ,
3355 5119 3409 5176 id

1822 5208 1997 5264 facere
2025 5205 2166 5277 quod
2194 5206 2302 5260 Deo
2328 5204 2581 5273 placeret.
2628 5203 2984 5271 Quamobrem
3011 5206 3169 5263 etiam
3196 5211 3410 5280 quando

1823 5300 1972 5367 dicit,
2007 5298 2066 5352 Si
2088 5303 2140 5352 in
2165 5298 2259 5351 hac
2286 5298 2387 5349 vita
2414 5310 2676 5364 speramus
2702 5298 2754 5349 in
2783 5296 2984 5352 Christo
3012 5308 3229 5366 tantum,
3261 5305 3413 5356 misc-

1825 5391 2087 5447 rabiliores
2126 5390 2356 5443 omnibus
2385 5388 2671 5441 hominibus
2698 5406 2895 5442 sumus.
2934 5390 3109 5445 Etiam
3149 5393 3258 5447 illic
3299 5412 3417 5448 rur-

1827 5498 1922 5539 sus
1948 5491 2165 5552 propter
2191 5479 2333 5544 illos,
2381 5487 2440 5534 ut
2481 5490 2627 5533 metu
2665 5479 2822 5550 hujus
2854 5481 3085 5537 miseria:
3115 5499 3304 5538 eorum
3346 5486 3415 5539 de

1828 5577 2224 5633 resurrectione
2267 5574 2500 5644 exagitet
2545 5573 3007 5641 incredulitatem,
3040 5584 3096 5629 et
3132 5577 3197 5629 ad
3231 5594 3416 5630 Cut'nttt

1828 5670 2244 5727 imbecillitatem
2270 5683 2329 5721 se
2355 5665 2678 5731 demittens,
2710 5665 2789 5721 sic
2811 5666 3048 5737 loquitur
3076 5682 3091 5719 :
3129 5666 3226 5721 Est
3273 5669 3415 5720 enim

1830 5777 2016 5835 magna
2056 5773 2299 5832 merces,
2345 5758 2561 5815 Christo
2592 5755 2807 5829 placere
2849 5757 2901 5811 iu
2931 5758 3181 5813 omnibus
3215 5757 3418 5815 :ctiam
