3802 6214
400 377 608 446 absque
649 366 1118 429 remuneratione,
1160 379 1352 435 magna
1395 373 1480 418 est
1520 375 1728 416 merces
1767 368 1992 430 propter

403 469 576 538 ipsum
609 463 759 520 adire
784 461 1041 535 pericula.
1085 459 1146 515 Si
1172 458 1359 512 mortui
1384 473 1485 510 non
1509 465 1777 526 resurgunt
1797 495 1814 520 ,
1845 472 1992 509 man-

335 575 340 580 '
403 563 648 616 ducemus
683 568 731 614 et
769 557 996 613 bibamus
1034 567 1055 609 :
1093 569 1207 608 cras
1234 553 1366 606 enim
1396 551 1686 604 moriemur.
1728 549 1840 604 lloc
1877 549 1987 616 jam

402 653 623 707 verbum
653 658 735 706 est
762 646 1052 703 irridentis.
1078 643 1438 712 Quamobrem
1463 657 1568 694 non
1596 640 1698 694 hoc
1717 655 1784 694 ex
1805 655 1864 694 se
1889 638 1988 692 ad-

403 743 578 811 duxit,
609 741 700 797 sed
731 735 1374 810 magniloquentissimum
1407 731 1718 801 prophetam
1742 729 1989 801 produxit

404 836 618 898 Isaiam,
645 833 734 903 qui
762 832 831 888 de
876 831 940 884 iis
964 871 976 891 .
1005 828 1093 898 qui
1118 841 1332 881 omnem
1355 839 1571 879 sensum
1597 823 1797 876 doloris
1825 837 1990 877 exue-

406 936 535 982 runt
559 935 615 980 et
643 931 769 978 sunt
796 919 1080 990 deplorati,
1103 917 1316 972 dicebat
1351 915 1467 970 hate
1502 914 1662 968 verba
1697 931 1710 966 :
1744 914 1844 980 Qui
1874 929 1986 966 nta-

404 1029 543 1074 ctant
571 1017 755 1072 vitulos
777 1023 826 1068 et
850 1014 1142 1080 sacriﬁcant
1177 1025 1312 1076 oves,
1357 1018 1617 1079 utcarnes
1644 1006 1908 1060 comedunt
1940 1016 1988 1060 et

403 1116 572 1168 uinum
595 1111 764 1165 bibant
793 1125 812 1165 :
836 1109 923 1179 qui
943 1107 1134 1172 dicunt,
1161 1104 1494 1160 Contedamus
1519 1112 1564 1154 ct
1589 1102 1849 1160 bibamus:
1874 1117 1987 1154 cras

402 1205 536 1259 enim
565 1202 860 1255 moriemur.
900 1199 1025 1252 llaec
1063 1207 1180 1251 sunt
1215 1207 1390 1265 aperta
1429 1195 1481 1247 in
1528 1195 1737 1247 auribus
1781 1192 1986 1247 Domini

403 1294 633 1351 Sabaoth
664 1309 683 1346 :
717 1301 763 1346 et
789 1307 889 1344 non
921 1290 1202 1344 remittetur
1230 1285 1366 1340 vobis
1394 1285 1488 1338 hoc
1519 1295 1794 1355 peccatum,
1827 1282 1986 1336 donec

402 1386 602 1457 [ueritis
649 1383 835 1437 mortui
874 1379 1048 1451 (lsai.
1071 1378 1282 1434 22.13.
1320 1377 1386 1431 ib
1410 1378 1452 1444 ).
1509 1375 1565 1431 Si
1603 1384 1783 1429 autem
1827 1375 1984 1429 venia

401 1489 527 1532 tunc
552 1476 765 1530 fuerunt
793 1473 982 1545 privati
1008 1472 1098 1541 qui
1139 1471 1254 1524 haec
1289 1468 1574 1534 dicebant,
1607 1468 1778 1522 multo
1810 1467 1984 1538 magis

401 1571 454 1624 in
485 1570 676 1640 gratia.
713 1565 910 1620 Deinde
932 1579 1000 1620 ne
1018 1563 1348 1632 asperiorem
1378 1559 1630 1616 redderet
1657 1561 1978 1625 orationem,

401 1678 507 1715 non
530 1659 760 1728 amplius
792 1657 1109 1710 immoratur
1132 1654 1183 1708 iu
1204 1651 1526 1706 adductione
1553 1651 1619 1705 ad
1651 1651 1980 1717 absurdum;

399 1753 494 1809 sed
540 1755 837 1806 orationem
881 1763 1070 1804 rursus
1107 1747 1374 1802 Convertit
1418 1744 1486 1799 ad
1531 1746 1980 1812 cxlnrtationem,

396 1847 620 1900 dicens:
655 1845 744 1901 55.
796 1842 970 1896 Nolite
993 1841 1169 1895 seduci
1198 1856 1217 1894 :
1244 1848 1579 1908 corrumpunt
1618 1838 1774 1892 bonos
1819 1854 1984 1892 mores

396 1938 651 2004 colloquia
691 1951 870 2005 prava.
919 1933 1045 1988 llaec
1093 1940 1271 1986 autem
1311 1930 1545 1996 diccbat,
1578 1929 1734 1984 simul
1765 1929 1978 1999 quidem

397 2043 492 2083 eos
518 2028 794 2081 insectans
816 2032 1086 2093 tamquam
1113 2022 1454 2091 insipientes;
1489 2022 1657 2074 bonos
1676 2019 1818 2074 enim
1838 2019 1984 2074 beni-

395 2134 497 2190 gna
542 2133 606 2172 ac
650 2117 763 2170 ιιιίιί
805 2114 1162 2185 appellatione
1209 2113 1295 2166 hic
1316 2112 1658 2181 significavit,
1705 2112 1794 2181 qui
1819 2112 1981 2166 facile

399 2219 624 2281 possunt
649 2208 868 2276 decipi;
896 2207 1182 2276 simulque,
1207 2213 1464 2275 quantum
1497 2204 1684 2273 potuit,
1719 2219 1814 2273 pro
1841 2218 1982 2272 prte-

397 2303 711 2358 cedentibus
775 2302 904 2369 ipsis
944 2298 1156 2353 veniant
1207 2296 1546 2360 concedens,
1593 2303 1648 2350 et
1693 2295 1978 2349 maximam

399 2406 602 2463 partem
631 2393 914 2448 criminum
941 2391 1008 2445 ab
1030 2390 1111 2444 eis
1141 2389 1454 2458 propulsans
1478 2395 1534 2441 et
1558 2388 1610 2442 in
1640 2388 1776 2441 alios
1807 2399 1980 2441 trans-

396 2487 600 2550 ferens,
652 2494 710 2538 ut
739 2483 838 2537 hac
859 2497 1072 2552 quoque
1102 2483 1310 2534 ratione
1335 2493 1430 2534 eos
1453 2478 1750 2533 attraheret
1771 2479 1836 2533 ad
1862 2495 1976 2549 pte-

397 2577 694 2632 uitentiam.
723 2575 875 2641 Quod
917 2574 1081 2628 etiam
1111 2573 1164 2626 in
1207 2572 1443 2641 Epistula
1473 2571 1539 2626 ad
1569 2571 1784 2628 Galatas
1814 2572 1975 2638 facit,

395 2671 583 2724 dicens
616 2685 630 2722 :
663 2667 761 2731 Qui
795 2675 962 2718 autem
991 2679 1076 2718 vos
1105 2663 1392 2723 conturbat,
1435 2662 1651 2733 portabit
1682 2663 1974 2734 judicium,

396 2761 622 2830 quisquis
651 2758 737 2811 ille
755 2757 818 2810 sit
840 2753 983 2825 (Gal.
1007 2753 1196 2822 5.10).
1230 2753 1318 2808 δι.
1350 2751 1602 2824 Evigilate
1617 2755 1780 2824 juste,
1811 2764 1860 2808 et
1886 2771 1980 2808 uo-

395 2856 484 2908 lite
511 2867 736 2921 peccare.
755 2850 1048 2918 Tamquam
1077 2847 1242 2902 ebriis
1269 2846 1400 2900 dicit
1429 2857 1483 2900 et
1509 2845 1830 2901 furentibus.
1846 2846 1975 2901 Nam

395 2945 576 3000 oumia
606 2941 764 2998 simul
808 2950 864 2996 et
909 2948 1128 3008 repente
1170 2954 1201 2992 e
1245 2938 1492 2992 manibus
1532 2937 1749 3006 ejicere,
1797 2938 1976 2993 ebrio-

393 3053 512 3093 rum
555 3043 671 3092 erat
710 3043 763 3089 et
799 3032 1109 3097 furentium,
1158 3045 1224 3084 eo
1277 3031 1418 3100 quod
1467 3046 1571 3084 non
1613 3031 1842 3100 amplius
1890 3031 1974 3086 vi-

393 3131 557 3185 deant
589 3143 710 3198 qua:
751 3126 1034 3187 viderunt,
1069 3137 1241 3192 neque
1286 3122 1508 3176 credant
1557 3121 1621 3176 iis
1659 3138 1780 3192 qua:
1830 3124 1978 3192 prius

390 3222 624 3276 confessi
656 3227 800 3274 sunt.
853 3217 991 3283 Quid
1039 3225 1122 3270 est
1168 3223 1374 3272 autem.
1405 3214 1599 3268 Jaste?
1634 3216 1714 3270 Ad
1751 3217 1801 3270 id
1833 3218 1975 3286 quod

390 3313 644 3370 conducit
679 3320 735 3367 et
778 3319 856 3364 est
892 3309 1041 3364 utile.
1093 3308 1186 3361 Est
1216 3308 1357 3360 enim
1391 3307 1588 3375 injuste
1626 3307 1878 3378 evigilare
1923 3319 1978 3364 et

390 3403 713 3476 expergisci,
759 3400 970 3471 quando
1009 3400 1274 3468 quispiam
1304 3398 1463 3451 fuerit
1487 3399 1750 3452 excitatus
1776 3400 1841 3452 ad
1884 3401 1977 3455 de-

393 3499 704 3552 trimentum
734 3510 845 3547 sure
872 3493 1086 3546 animm.
1137 3491 1303 3546 Recte
1342 3501 1520 3545 autem
1562 3491 1766 3546 addidit
1805 3493 1931 3548 illud
1957 3536 1972 3561 ,

395 3589 572 3643 Nolite
604 3601 846 3655 peccare,
891 3581 1182 3637 ostendens
1227 3581 1370 3649 quod
1407 3581 1530 3635 hinc
1575 3583 1684 3636 sint
1729 3583 1857 3652 ipsis
1884 3600 1974 3639 se-

393 3682 533 3734 mina
567 3674 970 3731 incredulitatis.
1007 3672 1119 3726 lloc
1152 3685 1366 3740 quoque
1404 3671 1527 3726 alibi
1570 3673 1728 3728 tacite
1766 3674 1974 3744 signiti-

390 3781 514 3835 cat,
555 3767 694 3839 quod
742 3768 846 3819 vita
885 3773 1134 3832 corrupta
1181 3763 1319 3816 mala
1367 3763 1548 3834 gignat
1591 3764 1840 3835 dogmata
1874 3784 1888 3822 :
1921 3775 1976 3821 ιιι

391 3859 605 3932 quando
647 3858 811 3923 dicit,
863 3856 1036 3910 Radix
1077 3856 1302 3908 omnium
1329 3857 1577 3912 malorttm
1605 3868 1677 3911 est
1711 3860 1925 3912 avaritia
1952 3876 1972 3914 :

390 3969 540 4023 quam
568 3952 774 4022 quidam
801 3958 1089 4019 appetentes
1115 3950 1468 4003 aberraverunt
1500 3968 1532 4003 a
1560 3951 1662 4019 ﬁde
1707 3953 1724 4022 (
1750 3954 1800 4007 1.
1837 3952 1966 4008 Tim.

390 4047 445 4100 6.
483 4045 610 4116 10).
659 4043 804 4098 Multi
853 4043 996 4097 enim
1049 4041 1188 4096 male
1226 4042 1325 4096 sibi
1357 4043 1576 4108 conscii,
1607 4060 1706 4099 nec
1731 4047 1974 4103 volentes

389 4138 521 4196 dare
552 4150 758 4207 poenas,
788 4135 857 4188 ab
899 4133 1000 4187 hoc
1033 4143 1177 4189 metu
1209 4132 1473 4198 laeduntur
1501 4133 1554 4189 in
1594 4134 1696 4191 fide
1725 4153 1972 4194 resurre-

388 4229 620 4294 ctionis;
653 4228 791 4281 sicut
831 4225 865 4280 ii
903 4225 1115 4295 quidem
1146 4235 1292 4281 certe
1322 4226 1412 4296 qui
1440 4226 1606 4282 multa
1633 4238 1686 4283 et
1713 4231 1971 4298 prteclara
2009 4215 2024 4228 ’

387 4330 535 4377 recte
561 4328 861 4391 gesserunt,
894 4317 1132 4386 quotidie
1157 4317 1380 4388 cupiunt
1415 4319 1598 4376 videre
1627 4322 1771 4377 illum
1803 4323 1968 4379 diem.

386 4411 746 4484 Ignorantiam
770 4410 904 4464 enim
941 4407 1039 4462 Dei
1063 4409 1270 4478 quidam
1300 4410 1517 4476 habent;
1553 4412 1622 4466 ad
1647 4414 1893 4484 pudorem
1917 4417 1972 4470 id

383 4505 521 4558 vobis
547 4503 680 4556 dico.
711 4501 844 4556 Vide
873 4501 1140 4570 quomodo
1176 4517 1360 4557 rursus
1383 4505 1606 4560 crimina
1636 4507 1888 4565 transfert
1919 4511 1971 4566 in

383 4596 538 4650 alios.
587 4593 703 4648 Non
750 4595 892 4648 enim
941 4593 1110 4657 dixit,
1161 4592 1377 4650 Habetis
1427 4595 1804 4667 ignorantiam,
1848 4603 1966 4667 sed,

384 4684 741 4755 Ignorantiam
770 4684 976 4754 quidam
1003 4683 1207 4736 habent.
1257 4684 1389 4738 Nam
1415 4703 1520 4741 non
1549 4688 1770 4745 credere
1792 4705 1972 4747 resur-

386 4775 613 4830 rectioni
633 4817 648 4840 ,
675 4783 759 4830 est
783 4774 898 4845 ejus
923 4775 1015 4844 qui
1057 4775 1351 4864 uonyalde
1375 4776 1477 4830 scit
1505 4778 1968 4850 inexpugnabilem

387 4869 482 4924 Dei
515 4869 764 4922 virtutem
795 4878 850 4923 et
887 4868 952 4923 ad
992 4869 1174 4923 omnia
1205 4868 1582 4926 sufficientem.
1616 4871 1744 4927 Nam
1775 4875 1820 4928 si
1851 4893 1970 4946 qua:

385 4970 512 5015 sunt
545 4960 672 5016 fecit
695 4977 761 5016 ex
789 4963 851 5016 iis
881 4978 999 5031 qua:
1029 4978 1133 5017 non
1166 4975 1340 5028 erant,
1383 4965 1555 5019 multo
1585 4968 1752 5035 magis
1768 4971 1968 5038 poterit

383 5051 622 5106 excitare
647 5061 700 5105 et
728 5053 1005 5108 restituere
1031 5069 1094 5109 ea
1117 5070 1236 5123 qua:
1276 5063 1403 5108 sunt
1429 5054 1709 5111 dissoluta.
1741 5059 1807 5113 Et
1830 5077 1969 5130 quo-

386 5143 530 5197 niam
560 5156 656 5198 eos
679 5142 1021 5200 vehementer
1059 5146 1232 5216 tetigit
1256 5156 1311 5202 et
1338 5163 1682 5218 summopere
1716 5166 1811 5207 eos
1845 5168 1968 5208 car-

383 5234 512 5304 psit,
541 5235 942 5305 reprehendens
969 5253 1064 5292 eos
1103 5239 1169 5294 de
1205 5240 1457 5311 ingluvie,
1486 5241 1553 5296 de
1579 5245 1875 5312 ignorantia
1915 5257 1970 5303 et

382 5336 605 5398 stupore
631 5345 646 5388 ;
692 5329 941 5398 mitigans
971 5345 1033 5384 ea
1066 5347 1187 5400 qua:
1211 5332 1351 5389 dicta
1381 5345 1524 5402 sunt,
1551 5337 1682 5392 dicit
1710 5357 1723 5393 :
1755 5340 1835 5392 Ad
1863 5359 1977 5408 ρει-

382 5420 560 5474 dorem
584 5419 724 5475 vobis
751 5419 963 5491 loquor;
1009 5421 1112 5478 hoc
1141 5433 1243 5490 est,
1295 5433 1352 5478 ιιι
1380 5428 1670 5498 corrigam,
1721 5439 1779 5485 ut
1807 5430 1968 5487 redu-

380 5527 520 5579 cam,
551 5523 610 5569 ut
638 5529 738 5568 vos
776 5513 976 5584 pudore
1021 5515 1196 5571 affecti
1246 5517 1545 5575 reddamiui
1578 5523 1844 5578 meliores.
1876 5525 1968 5580 Ti-

382 5605 514 5658 muit
541 5605 684 5660 enim
723 5621 791 5663 ne
813 5649 826 5674 ,
857 5605 900 5662 si
931 5607 1228 5680 plusquam
1258 5623 1354 5679 par
1382 5620 1526 5667 esset
1549 5627 1641 5668 eos
1669 5615 1929 5672 xccuisset
1949 5658 1964 5683 ,

380 5695 667 5755 resiliunt.

1078 240 1137 300 S.
1173 238 1449 300 )OANNIS
1467 238 1950 296 ,οιιιιῖδοετοιιι

2127 240 2318 300 ιιιΕΡ..
2343 244 2871 308 CONSTANTINOP.

3067 155 3092 176 ο

3533 317 3550 328 .
3589 261 3681 322 33!

2164 363 2219 417 4.
2264 363 2404 432 Quos
2445 366 2642 424 Paulus
2682 371 2945 441 increpare
2975 371 3266 430 intenderit.
3293 374 3452 431 Diues
3472 395 3544 432 ex
3559 382 3677 435 alis-

2091 469 2207 507 rum
2223 455 2432 525 jactura
2462 459 2600 513 dives
2620 461 2848 530 efﬁcitur.
2867 463 3076 520 —Ha:c
3105 477 3284 522 autem
3312 471 3677 529 existimemus

2093 563 2199 602 non
2233 551 2337 605 illis
2359 553 2512 619 solis,
2540 554 2634 608 sed
2665 570 2805 610 nunc
2829 572 3043 626 quoque
3072 559 3214 614 dicta
3246 576 3374 618 esse
3402 567 3673 632 omnibus,

2090 641 2179 708 qui
2209 642 2399 696 eodem
2442 644 2630 698 morbo
2658 645 2898 701 laborant
2922 691 2935 711 ,
2967 658 3022 703 et
3061 666 3290 720 quorum
3323 655 3433 707 vita
3466 666 3556 710 est
3577 674 3658 713 enr

2090 742 2264 800 rupta.
2303 732 2418 787 Non
2449 736 2591 791 enim
2637 737 2670 790 ii
2701 738 2875 792 solum
2909 739 2997 809 qui
3041 742 3176 796 mala
3216 743 3422 800 habent
3461 747 3672 817 dogm-

2091 829 2140 874 ta
2160 862 2174 884 ,
2206 823 2301 877 sed
2334 823 2370 876 ii
2397 826 2557 879 etiam
2589 828 2678 896 qui
2702 830 2953 898 gravibus
2981 840 3230 889 tenentur
3257 839 3508 903 peccatis
3529 880 3546 901 ,
3571 855 3677 895 sunt

2088 915 2220 970 ebrii
2269 925 2323 970 ct
2367 917 2654 986 desipiunt.
2685 921 3043 989 Quamobrem
3072 925 3176 980 illis
3222 943 3449 998 quoque
3487 931 3673 987 dictum

2089 1005 2248 1060 fuerit
2275 1007 2428 1075 illud,
2460 1009 2720 1080 Evigilate
2746 1027 2841 1068 seu
2868 1017 3300 1084 expergiscimini
3322 1035 3340 1085 ;
3370 1032 3430 1075 et
3455 1026 3673 1081 maxime

2089 1097 2153 1152 iis
2181 1101 2268 1169 qui
2297 1110 2423 1155 sunt
2447 1105 2650 1173 gravati
2677 1114 2901 1161 veterno
2923 1110 3180 1175 avaritize,
3212 1111 3279 1166 iis
3303 1113 3405 1182 qui
3439 1115 3674 1181 improbe

2089 1191 2323 1259 rapiunt.
2357 1191 2451 1247 Est
2482 1194 2624 1248 enim
2656 1194 2792 1249 bona
2821 1197 3026 1266 rapina,
3061 1215 3258 1271 nempe
3296 1205 3498 1273 rapina
3530 1211 3674 1260 c210-

2088 1297 2204 1335 rttm
2235 1298 2353 1352 quae
2377 1284 2507 1338 nihil
2539 1285 2701 1340 linil.
2729 1286 2862 1341 Nam
2892 1289 2944 1342 in
2974 1293 3214 1358 pecuniis
3239 1295 3468 1357 quidem
3507 1301 3676 1366 nequit

2089 1373 2198 1427 fieri
2228 1385 2284 1427 ut
2313 1375 2575 1444 quispiam
2601 1377 2795 1432 evadat
2818 1379 2968 1433 dives
2987 1421 3001 1445 ,
3033 1383 3134 1437 nisi
3163 1383 3307 1439 alius
3330 1387 3492 1455 prius
3520 1385 3676 1444 factas

2085 1463 2154 1517 sit
2185 1478 2418 1534 pauper;
2471 1467 2522 1520 in
2565 1469 2930 1538 Spiritualibus
2976 1483 3156 1529 autem
3203 1491 3314 1531 non
3346 1478 3423 1531 ita
3452 1490 3570 1544 est,
3596 1483 3675 1536 sed

2087 1561 2255 1608 totum
2286 1557 2615 1612 contrarium
2647 1575 2660 1612 :
2697 1558 2811 1614 fieri
2843 1576 2949 1616 non
2979 1572 3156 1632 potest
3186 1576 3247 1621 ut
3285 1570 3576 1640 quispiam
3603 1571 3678 1629 iu

2084 1643 2272 1711 dives,
2321 1647 2424 1702 nisi
2465 1648 2693 1703 alterum
2738 1650 2928 1707 fecerit
2965 1655 3281 1723 opulentum
3331 1677 3348 1714 :
3403 1663 3676 1719 etenimsi

2083 1737 2280 1790 nemini
2322 1740 2618 1808 profueris,
2663 1757 2766 1794 non
2798 1745 2998 1812 poteris
3021 1745 3161 1801 eftici
3189 1751 3524 1817 opulentus.
3559 1755 3676 1810 Nam

2083 1827 2136 1881 in
2164 1831 2532 1898 corporalibus
2551 1832 2764 1901 quidem
2791 1838 3028 1907 erogatio
3048 1838 3210 1894 efficit
3233 1842 3673 1912 diminutionem;

2084 1920 2136 1974 in
2167 1922 2538 1991 spiritualibus
2576 1936 2753 1980 autem
2797 1929 3036 2000 erogatio
3080 1944 3348 2001 operatur
3399 1938 3678 1993 abunda.

2086 2013 2248 2080 tiam,
2277 2023 2334 2069 et
2361 2031 2468 2071 non
2501 2016 2824 2086 impertiisse
2845 2059 2860 2084 ,
2914 2019 3016 2076 hoc
3042 2023 3267 2078 multam
3296 2029 3531 2082 conficit
3566 2046 3679 2100 pau-

2085 2113 2344 2172 pertatem
2384 2115 2440 2160 et
2474 2106 2637 2162 infert
2677 2109 2918 2165 ultimum
2953 2115 3302 2183 supplicium.
3352 2118 3478 2174 Hoc
3507 2135 3674 2176 autc-tu

2081 2197 2316 2280 ostendit
2341 2197 2386 2251 is
2409 2199 2498 2268 qui
2529 2199 2715 2256 infudit
2745 2203 3022 2261 talentum.
3047 2207 3262 2263 Etenim
3288 2212 3388 2280 qui
3420 2216 3674 2270 rationein

2082 2271 2244 2344 habet
2283 2295 2576 2362 sapientize,
2608 2305 2664 2349 et
2699 2295 2792 2350 alii
2825 2298 3101 2368 impertiit,
3148 2312 3316 2373 auget
3342 2307 3584 2375 copias,
3629 2321 3676 2363 ιι

2082 2381 2171 2449 qui
2201 2383 2394 2438 tnultos
2422 2383 2608 2440 fecerit
2633 2389 2939 2457 sapientes:
2964 2392 3050 2460 qui
3077 2405 3258 2450 autem
3286 2395 3447 2451 domi
3469 2401 3672 2456 absona

2079 2473 2178 2540 dit,
2201 2478 2434 2546 seipsum
2467 2480 2692 2547 privavit
2720 2483 2911 2553 copiis,
2946 2494 3004 2539 ut
3031 2489 3120 2556 qui
3157 2504 3266 2542 non
3297 2493 3518 2560 pararit
3549 2497 3673 2548 mal-

2081 2576 2256 2623 toruut
2307 2571 2611 2626 utilitatem.
2660 2574 2868 2629 Rursus
2916 2578 3004 2646 qui
3051 2579 3151 2632 alia
3201 2579 3374 2636 habet
3430 2583 3597 2651 dona,
3637 2591 3672 2641 si

2080 2662 2276 2717 multos
2314 2667 2609 2730 curaverit,
2665 2668 3007 2737 amplificavit
3054 2671 3416 2730 donationem
3450 2695 3467 2732 :
3497 2689 3554 2732 et
3592 2695 3674 2734 nec

2079 2757 2390 2823 erogatioue
2433 2757 2530 2811 fuit
2573 2759 2688 2828 ipse
2735 2761 3064 2826 exinanitus,
3112 2773 3168 2818 et
3199 2767 3416 2822 multos
3450 2770 3674 2838 implevit

2079 2847 2341 2915 Spirituali
2373 2849 2684 2907 donatione.
2717 2853 2783 2906 Et
2811 2854 2863 2907 in
2897 2855 3146 2909 omnibus
3175 2859 3570 2924 Spiritnalibus
3595 2862 3674 2916 lir—

2079 2953 2165 2992 ma
2195 2950 2246 2993 et
2273 2939 2482 2994 stabilis
2511 2954 2788 3010 permanet
2815 2943 2932 2999 haec
2955 2947 3157 3015 regula.
3192 2947 3269 3002 lla
3309 2951 3490 3006 etiam
3520 2955 3574 3007 iu
3599 2971 3674 3010 re-

2078 3046 2206 3101 gno,
2235 3032 2326 3101 qui
2358 3033 2439 3086 sui
2469 3035 2612 3104 regni
2647 3035 2844 3091 multos
2871 3037 3042 3093 reddit
3071 3042 3366 3113 participes
3388 3085 3408 3110 ,
3447 3046 3552 3100 hac
3574 3064 3675 3101 rur-

2078 3138 2171 3178 sus
2192 3124 2396 3178 ratione
2425 3140 2491 3179 eo
2523 3126 2639 3195 ipse
2663 3128 2833 3197 magis
2854 3127 3060 3184 fruetur
3088 3149 3100 3183 :
3129 3134 3220 3202 qui
3247 3147 3446 3190 autem
3478 3139 3673 3194 nullan

2078 3217 2256 3272 studet
2287 3218 2485 3274 habere
2507 3221 2710 3274 socium
2732 3235 2794 3275 ac
2822 3223 3154 3292 participem,
3190 3226 3312 3295 ipse
3341 3245 3574 3300 quoque
3595 3249 3675 3285 ex-

2078 3309 2221 3363 cidet
2246 3325 2276 3363 a
2303 3312 2510 3379 magnis
2540 3311 2646 3365 illis
2672 3312 2844 3367 bonis.
2901 3313 2955 3368 Si
2987 3316 3128 3369 enim
3155 3317 3433 3386 sapientia
3468 3324 3671 3378 sursilis

2078 3414 2184 3453 non
2207 3402 2544 3455 consumitur
2570 3402 3045 3459 innumerabilibus
3071 3407 3424 3477 rapientibus
3443 3455 3461 3476 ,
3511 3431 3674 3486 nequ

2077 3489 2269 3544 artifex
2297 3492 2496 3546 multos
2519 3491 2762 3548 efficiens
2787 3495 3019 3551 artifices
3048 3499 3224 3568 perdit
3247 3510 3435 3558 artem
3471 3523 3487 3557 :
3517 3510 3672 3562 multa

2077 3582 2246 3651 magis
2290 3584 2380 3651 qui
2431 3598 2652 3654 regnum
2702 3587 2875 3656 rapit,
2926 3589 3104 3644 minus
3131 3591 3262 3648 illud
3292 3610 3405 3649 non
3438 3597 3670 3662 efﬁciet.

2076 3674 2171 3728 sed
2201 3685 2326 3728 tunc
2353 3676 2504 3729 nobis
2533 3677 2764 3747 majores
2783 3689 2944 3734 erunt
2964 3682 3186 3750 divitiae,
3220 3688 3452 3757 quando
3480 3693 3673 3748 multos

2075 3765 2142 3819 ad
2175 3765 2225 3819 id
2270 3769 2654 3823 vocaverimus.
2683 3770 2972 3840 Rapiamus
2997 3790 3127 3846 ergo
3151 3793 3214 3835 ea
3241 3794 3367 3848 quae
3396 3796 3516 3837 non
3547 3800 3672 3839 cea-

2075 3866 2358 3912 sumuntur
2377 3900 2392 3924 ,
2434 3859 2526 3913 sed
2555 3859 2679 3914 dntn
2711 3863 2990 3931 rapiuntur
3015 3869 3183 3936 magis
3210 3869 3509 3928 abundant
3537 3893 3554 3930 :
3585 3891 3666 3929 ra-

2075 3947 2286 4016 piamus
2309 3964 2372 4002 ea
2399 3965 2517 4018 qua:
2543 3951 2746 4006 nullum
2775 3952 2975 4010 habent
3011 3957 3467 4017 ealumniatorem
3489 4007 3507 4029 ,
3557 3968 3672 4021 nul~

2075 4041 2186 4096 lum
2225 4042 2314 4111 qui
2354 4042 2608 4098 invideat.
2641 4043 2854 4100 Etenim
2896 4048 2940 4101 si
2986 4049 3108 4103 auri
3157 4050 3312 4107 locus
3362 4066 3521 4110 esset
3553 4072 3672 4125 per-

2073 4149 2269 4189 cnuem
2315 4134 2519 4190 habens
2569 4135 2770 4191 fontem
2818 4139 3220 4204 scaturientem,
3273 4151 3334 4198 et
3379 4159 3457 4199 eo
3505 4150 3670 4220 magis

2074 4227 2339 4293 afllueret,
2370 4243 2476 4298 quo
2506 4230 2672 4298 magis
2691 4229 3098 4300 exhauriretur;
3137 4235 3276 4290 alius
3305 4245 3500 4294 autem
3531 4251 3670 4296 esset

2074 4323 2224 4378 locus
2246 4323 2447 4378 habens
2477 4324 2782 4379 thesaurum
2815 4326 3072 4382 infossum
3097 4345 3112 4380 :
3139 4344 3205 4384 ex
3236 4339 3361 4386 utro
3386 4334 3569 4390 velles
3591 4335 3668 4388 di-

2044 4479 2047 4481 ί
2077 4420 2281 4470 tescere
2302 4418 2325 4467 Υ
2348 4429 2416 4468 an
2449 4430 2552 4470 non
2582 4430 2647 4471 ex
2674 4416 2804 4471 illo?
2841 4417 2937 4472 Est
2961 4429 3109 4474 certe
3138 4422 3520 4492 perspicuum.
3568 4425 3668 4481 Sed

2075 4521 2143 4561 ne
2168 4507 2344 4561 verbis
2375 4507 2477 4562 hoc
2499 4508 2671 4562 solum
2699 4507 3033 4580 elliugamus,
3059 4511 3203 4581 quod
3227 4513 3437 4569 dictum
3474 4527 3562 4572 est
3583 4533 3666 4572 eo-

2073 4601 2236 4672 gitate
2275 4602 2327 4655 in
2367 4616 2493 4656 aere
2515 4610 2571 4658 et
2592 4601 2646 4655 in
2676 4603 2791 4658 sole
2823 4621 2838 4657 :
2870 4618 2932 4658 ea
2959 4605 3104 4659 enim
3129 4607 3415 4676 rapiuntur
3445 4611 3525 4664 ab
3553 4626 3666 4664 οιιιο

2074 4695 2252 4757 nibus,
2295 4703 2349 4750 ct
2377 4709 2564 4750 omnes
2595 4695 2861 4765 implent:
2893 4696 2987 4751 sed
3027 4697 3142 4753 ha'c
3181 4699 3398 4769 quidem
3445 4712 3668 4758 manus:

2073 4785 2288 4852 similia,
2317 4801 2346 4839 a
2377 4785 2673 4841 fruentibus
2700 4795 2753 4841 ct
2774 4801 2878 4841 non
2906 4788 3203 4845 [ruentibus
3239 4807 3347 4847 non
3376 4793 3664 4849 diminuta.

2074 4879 2225 4948 Quod
2253 4888 2430 4933 autem
2453 4879 2560 4932 dixi
2589 4888 2670 4934 est
2700 4880 2868 4934 multo
2893 4879 3085 4950 majus.
3126 4881 3242 4936 Non
3281 4885 3427 4938 enim
3487 4895 3665 4940 manet

2074 4972 2265 5027 similis
2315 4971 2606 5041 spiritualis
2653 4972 2948 5041 sapientia,
3001 4973 3045 5027 si
3085 4973 3442 5031 distribuatur
3473 4988 3536 5033 et
3564 4993 3661 5032 nos

2073 5064 2444 5128 distribuatur,
2489 5062 2582 5118 sed
2633 5065 2802 5134 magis
2831 5073 3052 5134 augetur
3087 5066 3133 5119 si
3173 5066 3578 5124 distribuatur.“
3611 5071 3662 5124 Si

2073 5157 2194 5226 quis
2219 5165 2394 5209 autem
2428 5169 2535 5209 non
2564 5154 2703 5209 ferat
2731 5170 2794 5209 ea
2824 5172 2943 5225 qua:
2973 5155 3112 5211 dicta
3156 5167 3283 5212 sunt
3305 5200 3321 5222 ,
3353 5160 3445 5214 sed
3489 5159 3664 5215 adhuc

2073 5265 2252 5306 rerum
2281 5249 2346 5304 ad
2375 5251 2577 5304 victum
2606 5249 2985 5318 pertinentium
3013 5249 3205 5304 afﬁxus
3232 5251 3304 5305 sit
3331 5251 3557 5323 inopia,
3603 5268 3660 5305 ea

2074 5356 2192 5411 qua:
2218 5340 2479 5394 diminuta
2507 5349 2631 5393 sunt
2657 5339 2906 5409 rapiens;
2939 5339 2990 5393 in
3020 5339 3124 5394 hoc
3153 5355 3369 5410 quoque
3394 5357 3591 5396 rursus
3613 5343 3660 5393 in

2075 5435 2387 5490 memoriam
2435 5440 2652 5487 revocet
2701 5446 2910 5485 manna:
2959 5431 3306 5498 alimentum,
3376 5443 3426 5487 et
3477 5435 3662 5488 timeat

2075 5525 2379 5595 exemplum
2410 5523 2676 5594 supplicii.
2698 5521 2850 5590 Quod
2878 5522 3020 5578 enim
3046 5523 3098 5576 in
3121 5523 3212 5576 illo
3237 5524 3541 5620 accidebat,
3565 5525 3660 5576 hoc
3685 5593 3698 5620 ι

2076 5621 2236 5675 etiam
2283 5617 2466 5676 videre
2511 5617 2633 5672 licet
2676 5617 2730 5672 in
2772 5616 2838 5672 iis
2879 5615 2968 5688 qui
3009 5632 3152 5672 nunc
3199 5616 3656 5688 supraltundaat.
