3802 6214
111 276 157 328 ἰι
255 329 264 338 ,
1004 277 1069 332 ΙΝ
1107 276 1324 333 εριδτ.
1368 278 1385 332 Ι
1442 274 1533 332 AD

1648 278 1730 336 ιιι.
1775 279 2016 339 HOMIL.
2059 284 2174 341 XL.

109 386 199 457 ὒτῴ
224 386 438 451 ἀντίδοσις
460 388 518 467 τὸ
547 389 770 459 ποιῆσαι
799 390 860 443 τὸ
892 391 1083 446 δοκοῦν
1107 393 1183 463 τῷ
1219 393 1359 465 Θεῷ.
1396 395 1559 450 Ὥστε

109 480 149 531 ιὶ
170 481 277 532 ὅταν
309 478 520 550 λέγῃ,Ει
578 480 650 534 ἐν
704 480 779 549 τῇ
840 482 951 551 ζωῇ
1004 486 1187 553 ταύτῃ
1242 486 1562 554 ἠλπικότες

3129 307 3237 364 353

1667 398 1991 464 διαπιστεῖν,
2016 402 2079 455 οὐ
2104 402 2311 474 σφόδρα
2337 405 2541 472 είδότος
2578 408 2696 463 ἐστὶ
2724 409 2824 483 τὴν
2852 416 2948 468 τοῦ
2980 415 3116 472 Θεοῦ
3142 420 3236 475 δύ-

1663 509 1825 563 ναμιν
1868 494 1971 563 τὴν
1994 495 2205 566 ἄμαχον
2257 497 2351 552 καὶ
2386 500 2523 572 πρὸς
2581 503 2759 558 πάντα
2784 518 2811 547 ι
2841 507 3136 578 ἀρκοῦσαν.
3170 513 3235 568 Et

109 573 227 671 ιμεν
269 570 327 624 ἐν
354 569 560 671 {pm-ti)
608 574 822 671 μόνον,
875 575 1261 671 έάεεινότεροι
1320 577 1565 671 πάντων
1662 586 1771 657 γὰρ
1797 587 1856 651 ἐξ
1879 588 1980 642 οὐκ
2008 590 2177 645 ὄντων
2202 591 2274 645 τὰ
2299 569 2695 667 δνταέποίησε,
2730 569 2909 670 πολλῶ
2938 603 3136 671 μᾶλλον
3166 605 3236 659 τά

110 660 337 728 ⁴θριίιπων
372 662 575 731 ἐσμέν·
616 664 778 717 κάκεῖ
829 666 990 719 πάλιν
1031 667 1098 720 δι’
1124 668 1383 732 ἐκείνους,
1418 668 1559 722 ὥστε

110 752 121 801 ὀ
152 754 282 824 φόϐῳ
301 754 386 823 τῆς
419 754 726 823 ἀθλιότητος
758 756 963 827 ταύτης
1011 760 1331 812 κατασεῖσαι
1378 760 1560 815 αὐτῶν

110 862 133 893 ν
166 843 493 915 ἀπιστίαντὴν
540 847 793 916 περὶτῆς
849 849 1215 915 ἀναστάσεως,
1270 850 1365 903 καί⁵
1424 850 1560 921 πρὸς

109 952 131 983 ν
152 935 397 988 ἀσθένειαν
414 935 582 988 αὐτῶν
610 938 1076 1005 συγκαταϐαίνων,
1102 939 1244 993 οὔτω
1264 941 1417 1009 φησί.
1450 942 1559 993 Καὶ

110 1041 140 1093 ρ
170 1026 196 1076 ὁ
224 1026 371 1095 μέγας
394 1025 593 1095 μισθὸς,
622 1026 685 1079 τὸ
705 1028 961 1099 ἀρέσκειν
982 1029 1275 1093 διαπαντὸς
1308 1030 1384 1100 τῷ
1422 1032 1557 1101 Χρι-

110 1117 160 1185 ξν
192 1118 276 1170 καί
308 1118 449 1188 χωρὶς
472 1119 569 1188 τῆς
597 1117 939 1182 ἀντιδόσεως,
985 1119 1215 1191 μεγίστη
1265 1120 1464 1192 ἀμοιϐὴ
1493 1122 1554 1175 τὸ

112 1208 264 1261 αὑτὸν
285 1207 601 1262 κινδυνεύειν.
667 1212 738 1263 Et
787 1210 986 1279 νεκροί
1042 1212 1155 1265 οὐκ
1204 1212 1550 1279 ἐγείρονται,

110 1316 287 1367 γωμεν
318 1299 400 1352 καὶ
426 1300 667 1369 πίωμεν·
698 1302 908 1370 αὔριον
935 1303 1043 1371 γὰρ
1066 1302 1547 1374 ἀποθνήσκομεν.

109 1391 187 1443 ito
215 1391 375 1445 λοιπὸν
398 1392 450 1445 τὸ
496 1393 647 1462 ῥῆμα
684 1394 777 1447 καὶ¹
824 1393 1212 1465 κωμῳδοῦντός
1267 1396 1403 1449 ἐστι.
1463 1394 1554 1448 Διὸ

110 1484 133 1535 ἐ
191 1484 377 1536 οἴκοθεν
425 1485 551 1537 αὐτὸ
599 1486 941 1555 παρήγαγεν,
979 1486 1114 1540 ἀλλὰ
1142 1486 1231 1540 τὸν
1269 1488 1553 1559 προφήτην

108 1591 274 1645 ηστησε
320 1575 400 1627 τὸν
449 1576 964 1645 μεγαλοφωνότατον
1010 1578 1256 1645 Ἠσαίαν,
1308 1577 1368 1643 ὂς
1424 1580 1552 1651 περί

108 1684 171 1718 υν
215 1666 583 1737 ἀπηλγηκότων
613 1668 996 1738 διαλεγόμενος
1049 1671 1144 1724 καὶ
1197 1671 1555 1743 ἀπεγνωσμέ-

108 1778 128 1818 ι,
151 1758 299 1827 ἔλεγε
314 1759 449 1811 ταυτὶ
468 1758 537 1812 τὰ
563 1762 805 1831 ῥήματα·
828 1765 889 1816 Ol
910 1762 1235 1831 σφάζοντες
1251 1765 1547 1834 μόσχους,

125 1850 354 1916 θύοντες
383 1851 655 1919 πρόϐατα,
680 1850 836 1906 ὥστε
856 1854 1071 1923 φαγεῖν
1101 1854 1247 1923 κρέα
1266 1858 1365 1909 καὶ
1394 1858 1553 1909 πιεῖν

108 1957 188 1993 σν·
219 1944 271 1995 οι
295 1941 576 2010 λέγοντες·
612 1943 893 2014 Φάγωμεν
920 1946 1019 1999 καί
1053 1946 1299 2015 πίωμεν·
1339 1948 1553 2015 αὔριον

179 2034 643 2103 ἀποθνήσκομεν.
729 2035 1288 2106 Ἀνακεκαλυμμένα
1362 2038 1553 2093 ταῦτά

108 2141 160 2175 ιν
224 2127 304 2189 εὶς
361 2125 425 2177 τὰ
482 2121 604 2179 ὦτα
667 2127 890 2193 Κυρίου
930 2126 1206 2182 Σαϐαὼθ·
1274 2128 1376 2182 καὶ
1436 2132 1549 2184 οὐκ

107 2214 347 2283 θήσεται
406 2215 543 2284 ὑμῖν
604 2216 641 2284 ἠ
708 2217 963 2285 άμαρτία
1023 2218 1175 2286 αὕτη
1211 2259 1226 2285 ,
1296 2220 1407 2287 ἕως
1472 2220 1551 2275 ἂν

108 2306 341 2375 θάνητε.
375 2309 433 2361 Εἰ
454 2308 507 2361 δὲ
541 2308 662 2360 τότε
710 2310 1041 2382 συγγνώμης
1068 2308 1209 2382 ἦσαν
1238 2313 1546 2385 ἀπεστερη-

108 2417 133 2450 ιι
161 2402 215 2451 οὶ
248 2398 405 2452 ταῦτα
432 2399 697 2467 λέγοντες,
731 2401 910 2473 πολλῴ
942 2403 1141 2473 μᾶλλον
1161 2403 1255 2456 ἐπὶ⁸
1275 2407 1375 2475 τῆς
1394 2405 1549 2475 χάρι-

120 2485 259 2541 [ﬁta
291 2491 371 2542 ἵνα
405 2488 475 2559 μὴ
519 2489 853 2561 τραχύτερον
885 2494 1086 2563 ποιήσῃ
1116 2492 1207 2545 τὸν
1239 2493 1414 2561 λόγον,
1445 2495 1547 2548 οὐκ

107 2583 242 2633 πολὺ
264 2586 325 2652 τῇ
349 2584 422 2645 εἰς
448 2584 647 2636 ἄτοπον
673 2584 942 2655 ἀπαγωγῇ
975 2585 1242 2656 ἐπιμένει,
1272 2586 1407 2640 ἀλλά
1437 2589 1544 2642 πά-

108 2675 185 2725 ,πὶ
246 2673 548 2743 παραίνεσιν
602 2674 795 2745 τρέπει
845 2676 939 2729 τὸν
993 2676 1172 2746 λόγον,
1223 2678 1415 2747 λέγων·
1444 2679 1543 2748 Μὴ

108 2764 307 2826 νᾱσθε.
331 2765 676 2834 φθείρουσιν
694 2767 809 2835 ἤθη
840 2769 1073 2837 χρηστὰ
1102 2772 1326 2838 ὁμιλίαι
1343 2771 1541 2827 κακαί.

108 2875 154 2909 τα
188 2856 250 2908 δὲ
285 2856 484 2925 ἔλεγεν,
515 2857 648 2928 ὁμοῦ
678 2860 779 2929 μὲν
807 2860 985 2913 αὐτῶν
1018 2860 1432 2932 καθαπτόμενος
1468 2861 1545 2925 ὼς

107 2964 240 3002 των·
270 2950 477 3018 χρηστά
503 2950 611 3021 γὰρ
635 2951 872 3006 ἐνταῦθα
892 2952 1153 3024 εὐφήμως
1176 2953 1243 3007 τὰ
1273 2952 1545 3018 εὐεξαπά-

123 3041 409 3099 ἐκάλεσεν·
438 3042 574 3111 ὁμοῦ
599 3042 656 3096 δὲ
686 3043 761 3107 ὡς
785 3038 895 3097 οίόν
921 3044 983 3097 τέ
1024 3046 1141 3097 ἐστι
1174 3044 1269 3097 καὶ
1300 3045 1544 3113 συγγνώ-

105 3133 253 3202 3πὲρ
276 3134 383 3187 τῶν
406 3132 715 3207 ἔμπροσθεν
760 3136 946 3199 αὐτοῖς
995 3137 1330 3207 μεταδιδοὺς,
1363 3140 1455 3191 καὶ
1482 3139 1544 3192 τὸ

105 3244 117 3274 ο
159 3225 279 3277 τῶν
312 3226 674 3297 ἐγκλημάτων
712 3228 1225 3297 ἀποσκευαζόμενος
1273 3231 1365 3282 ἀπ’
1396 3231 1541 3284 ὲκεί-

105 3319 195 3371 ιαὶ
225 3320 305 3382 είς
335 3320 558 3388 ἑτέρους
593 3314 920 3390 μετατιθεὶς,
956 3320 1094 3373 ὥστε
1124 3324 1217 3374 καὶ
1256 3322 1427 3394 ταύτῃ
1462 3325 1543 3387 είς

106 3429 259 3464 «οιαν
300 3412 498 3474 αὐτοὺς
526 3412 951 3481 ἐφελκύσασθαι.
989 3416 1053 3467 Ὀ
1086 3415 1178 3468 καὶ
1208 3416 1265 3467 ἐν
1299 3417 1361 3485 τῇ
1405 3415 1541 3485 πρὸς

105 3520 204 3564 τας
232 3503 523 3574 Ἐπιστολῇ
577 3506 722 3557 ποιεῖ
772 3503 963 3571 λέγων·
1000 3505 1061 3557 '0
1107 3504 1175 3557 δὲ
1223 3506 1543 3574 ταράσσων

119 3594 445 3657 ,ϐαστάσει
479 3595 544 3648 τὸ
583 3595 778 3663 κρῖμα,
807 3593 976 3660 ὅστις
1007 3595 1084 3648 ἂν
1108 3590 1167 3666 ᾖ.
1207 3594 1541 3663 Ἐκνήψιιτε

106 3706 214 3752 υς,
264 3687 364 3739 καὶ
417 3686 507 3755 μὴ
556 3687 940 3755 ἁμαρτάνετε·
968 3688 1044 3751 ὡς
1070 3688 1205 3758 πρὸς
1243 3688 1541 3758 μεθύοντας

105 3778 471 3846 πινομένους.
532 3778 605 3829 Τὸ
658 3778 767 3848 γὰρ
809 3777 1002 3847 ἀθρόον
1034 3778 1212 3831 πάντα
1268 3780 1377 3833 ἀπὸ
1431 3778 1540 3831 τῶν

106 3890 128 3921 ν
172 3870 366 3940 ῥῖψαι,
415 3871 725 3939 μεθυόντων
782 3873 875 3925 καὶ
932 3872 1270 3941 μαινομένων
1315 3869 1405 3943 ἦν,
1462 3871 1540 3941 τῷ

108 3983 125 4014 ι
170 3965 320 4033 ὀρᾷν
349 3962 386 4015 ἃ.
413 3962 622 4032 ἐώρων,
652 3963 785 4034 μηδέ
834 3964 1107 4016 πιστεύειν
1131 3958 1211 4026 οἷς
1233 3964 1539 4034 ἔμπροσθεν

106 4073 189 4123 γη
203 4071 335 4107 σαν.
371 4055 438 4106 Τί
472 4054 530 4106 δέ
562 4056 699 4115 ἐστι,
731 4055 1013 4120 Δικαίως;
1060 4056 1181 4107 Ἐπὶ
1208 4055 1538 4125 συμφέροντι

106 4146 357 4213 »ησίμῳ.
399 4145 559 4197 Ἔστι
602 4145 710 4218 γὰρ
762 4145 961 4207 ἀδίκως
1010 4148 1221 4215 νήφειν,
1274 4146 1404 4198 ὅταν
1446 4145 1539 4198 ἐπὶ

123 4237 251 4305 τῆς
276 4236 485 4289 ἑαυτοῦ
508 4238 685 4307 ψυχῆς
707 4237 1128 4307 διεγηγερμένος
1147 4254 1232 4300 τις
1343 4236 1539 4299 Καλῶς

119 4328 227 4387 τὸ,
269 4327 376 4393 Μὴ
413 4328 799 4395 ἁμαρτάνετε,
842 4328 1168 4399 προσέθηκε,
1214 4327 1427 4390 δεικνὺς
1456 4328 1539 4381 ὅτι

106 4437 170 4470 εν
214 4417 421 4480 αὐτοῖς
475 4418 546 4469 τὰ
600 4418 891 4489 σπέρματα
941 4420 1039 4486 τῆς
1092 4418 1368 4482 ἀπιστίας.
1428 4419 1540 4473 Καὶ

105 4509 199 4578 ςοῦ
231 4508 414 4561 τοῦτο
476 4509 795 4572 αἰνίττεται,
846 4512 927 4563 ὅτι
981 4510 1092 4579 βίος
1147 4509 1540 4580 διεφθαρμένος

105 4622 115 4654 ι
156 4600 366 4653 τίκτει
400 4600 671 4671 δόγματα·
700 4601 775 4665 ῶς
797 4603 921 4656 ὅταν
949 4602 1101 4673 λέγῃ,
1119 4601 1273 4661 Ῥίζα
1299 4602 1540 4655 πάντων

105 4692 282 4747 ικῶν
338 4695 383 4761 ἡ
435 4698 815 4764 φιλαργυρία,
864 4690 940 4763 ἧς
985 4711 1143 4760 τινες
1180 4694 1532 4762 ὀρεγόμενοι,

105 4784 485 4852 ανήθησαν
512 4785 622 4855 τῆς
654 4786 930 4851 πίστεως.
955 4784 1063 4837 Καὶ
1087 4784 1194 4854 γὰρ
1220 4784 1404 4838 πολλοὶ
1431 4784 1539 4838 τῶν

105 4896 111 4927 :
192 4877 555 4929 συνειδότων
620 4879 852 4943 ἑαυτοῖς,
923 4877 1018 4930 καὶ
1076 4877 1137 4929 ού
1200 4876 1537 4946 βουλομένων

106 4968 332 5037 δίκην,
368 4968 491 5021 ἀπὸ
513 4968 605 5022 τοῦ
635 4970 801 5038 φόϐου
837 4970 1027 5023 τούτου
1055 4969 1149 5021 καὶ
1179 4970 1260 5031 είς
1284 4968 1383 5039 τὴν
1411 4968 1538 5038 περὶ

105 5061 445 5124 κισ-τάσεως
476 5062 962 5133 παραὸλάπτονται
996 5062 1197 5113 πίστιν·
1228 5059 1415 5130 ῶσπερ
1445 5055 1537 5112 οὖν

106 5151 237 5203 ἀλα
311 5152 726 5222 κατορθοῦντες
783 5152 879 5205 καὶ
936 5150 1057 5204 καθ’
1088 5150 1323 5220 ἑκάστην
1368 5150 1537 5220 αὐτὴν

105 5243 246 5295 >ῦσι
278 5244 404 5312 τὴν
438 5245 653 5316 ἡμέραν
684 5243 830 5297 ἰδεῖν.
880 5243 1205 5311 Ἀγνωσίαν
1238 5243 1348 5311 γὰρ
1388 5241 1536 5295 Θεοῦ

110 5349 345 5401 κουσι
382 5351 399 5365 ·
444 5335 599 5403 πρὸς
650 5333 951 5403 ἐντροπὴν
1002 5334 1148 5404 ὑμῖν
1185 5335 1358 5404 λέγω.
1397 5335 1537 5405 Ὅρα

105 5425 208 5477 λιν
252 5425 617 5497 μετατίθησι
668 5426 737 5480 τὰ
789 5426 1111 5498 ἐγκλήματα
1161 5427 1241 5489 είς
1291 5425 1532 5495 ἐτέρους.

105 5533 136 5586 ρ
208 5512 432 5583 εἶπεν,
484 5519 568 5571 ὅτι
609 5519 909 5589 ’Δγνωσίαν
969 5519 1139 5590 ἔχετε,
1192 5519 1335 5590 [585]
1397 5518 1533 5584 ἀλλ’,

106 5610 244 5661 ’ίαν
317 5611 509 5675 τινὲς
557 5612 787 5682 ἔχουσι.
821 5612 894 5665 Τὸ
948 5612 1058 5683 γὰρ
1120 5616 1184 5683 τῇ
1242 5612 1535 5666 ἀναστάσει

106 5710 304 5765 fi'ulur
336 5711 533 5768 ταῦτα.

1659 677 1977 734 διαλυθέντα
2002 682 2289 753 δυνήσεται
2318 686 2645 757 ἀναστῆσαι.
2674 690 2784 744 Καὶ
2804 693 2989 764 ἐπειδὴ
3026 695 3236 766 σφόδρα

1660 769 1837 823 αὐτῶν
1878 772 2184 843 καθήψατο,
2215 777 2311 829 καὶ
2348 777 2466 847 μεθ’
2495 780 2803 853 ὑπερϐολῆς
2843 786 3230 857 ἐκωμῴδησεν,

1658 860 1739 921 είς
1789 864 2263 933 γαστριμαργίαν,
2319 867 2399 929 είς
2456 869 2662 935 ἄνοιαν,
2711 873 2789 934 είς
2849 876 3232 946 παραπληξίαν

1656 946 1995 1015 διαϐάλλων,
2055 955 2549 1025 παραμυθούμενος
2601 961 2671 1014 τά
2723 962 3014 1032 είρημένα,
3072 965 3227 1035 φησί·

1656 1039 1813 1104 Πρὸς
1843 1039 2147 1110 ἐντροπὴν
2175 1046 2317 1111 ὑμῖν
2349 1046 2524 1116 λέγω,
2572 1051 2873 1115 τουτέστιν,
2899 1052 3039 1106 ὥστε
3085 1054 3231 1125 διορ-

1658 1127 1850 1195 θῶσαι,
1907 1130 2048 1186 ὥστε
2082 1135 2473 1204 ἐπαναγαγεῖν,
2497 1137 2636 1193 ὥστε
2670 1141 3060 1209 αἰσχυνθέντας
3085 1143 3230 1213 ὑμᾶς

1657 1217 1909 1285 γενέσθαι
1941 1220 2200 1289 βελτίους.
2232 1223 2447 1277 Δέδοικε
2484 1226 2590 1297 γὰρ
2624 1228 2699 1299 μὴ
2732 1230 2874 1301 πέρα
2896 1230 2989 1285 τοῦ
3018 1231 3229 1297 δέοντος

1655 1307 1858 1377 τεμὼν,
1888 1310 2292 1384 ἀποσκιρτῆσαι
2327 1318 2548 1387 ποιήσῃ.

1724 1400 1787 1453 δ’.
1821 1401 2006 1455 Ταῦτα
2032 1404 2089 1457 δὲ
2116 1406 2190 1477 μὴ
2210 1406 2346 1478 πρὸς
2371 1408 2611 1473 ἐκείνους
2638 1412 2887 1482 εἰρῆσθαι
2917 1417 3227 1490 νομίζωμεν

1658 1491 1840 1561 μόνον,
1870 1493 2007 1548 ἀλλά
2032 1495 2127 1550 καὶ
2160 1497 2255 1551 νῦν
2282 1499 2536 1568 εἰρῆσθαι
2568 1501 2706 1571 πρὸς
2731 1502 2977 1563 ἅπαντας
3004 1508 3129 1571 τοὺς
3158 1509 3227 1565 τὰ

1653 1582 1793 1639 αύτά
1823 1584 2131 1652 νοσοῦντας,
2154 1589 2249 1643 καὶ
2278 1588 2404 1653 τοὺς
2426 1590 2539 1659 βίον
2569 1591 2957 1665 διεφθαρμένον
2984 1597 3222 1668 ἔχοντας.

1652 1676 1764 1729 Καὶ
1799 1677 1908 1749 γὰρ
1936 1678 2032 1748 οὐχ
2079 1681 2129 1732 οί
2172 1679 2241 1734 τά
2276 1683 2486 1753 πονηρὰ
2523 1683 2766 1756 δόγματα
2798 1686 3013 1758 ἔχοντες
3042 1692 3224 1761 μόνον,

1652 1767 1789 1822 ἀλλά
1860 1769 1954 1823 καὶ
2025 1771 2076 1822 οἱ
2157 1771 2449 1842 ἁμαρτίαις
2517 1778 2867 1848 κατεχόμενοι
2936 1781 3223 1851 χαλεπαῖς,

1656 1858 1911 1928 μεθύουσι
1935 1877 1994 1914 τε
2024 1860 2121 1914 καὶ
2156 1863 2552 1933 παραπαίουσι.
2602 1868 2693 1922 Διὸ
2718 1870 2814 1923 καὶ
2854 1873 2991 1943 πρὸς
3027 1875 3226 1939 αὐτοὺς

1654 1948 1720 2001 ἂν
1740 1949 1954 2022 λεχθείη
1978 1951 2199 2017 δικαίως
2215 1954 2295 2022 τὸ,
2334 1956 2684 2026 Ἐκνιὶιί-ατε,
2709 1962 2803 2015 καὶ
2835 1964 3068 2032 μάλιστα
3089 1968 3225 2038 πρὸς

1650 2042 1773 2105 τοὺς
1828 2042 1905 2114 τῷ
1940 2046 2095 2116 κάρῳ
2129 2046 2228 2117 τῆς
2277 2046 2584 2113 πλεονεξίας
2624 2050 3050 2124 βεδαρημένους,
3098 2060 3225 2123 τοὺς

1651 2132 1835 2197 κακῶς
1872 2135 2238 2206 ἁρπάζοντας.
2285 2140 2440 2192 Ἔστι
2470 2141 2579 2211 γὰρ
2611 2142 2833 2215 ἁρπαγὴ
2872 2145 3011 2217 καλὴ
3042 2148 3074 2218 ἠ
3113 2149 3225 2203 τῶν

1649 2222 1893 2293 οὐρανῶν
1917 2226 2161 2298 ἁρπαγὴ,
2208 2230 2242 2298 ἡ
2278 2228 2444 2299 μηδὲν
2472 2230 2801 2300 βλάπτουσα.
2846 2236 2935 2292 Ἐν
2977 2238 3076 2307 μέν
3112 2241 3223 2311 γὰρ

1646 2316 1761 2375 τοῖς
1787 2315 2064 2385 χρήμασιν
2102 2318 2201 2371 οὐκ
2238 2318 2386 2373 ἔστιν
2417 2320 2603 2392 ἕτερον
2638 2325 2890 2391 γενέσθαι
2943 2328 3218 2395 πλούσιον,

1651 2404 1723 2474 μὴ
1756 2405 1943 2477 ἑτέρου
1981 2408 2242 2480 πρότερον
2277 2411 2569 2481 γενομένου
2611 2415 2870 2484 πένητος·
2907 2419 2998 2471 ἐπὶ
3033 2420 3089 2473 δὲ
3111 2421 3221 2475 τῶν

1647 2496 2034 2565 πνευματικῶν
2070 2500 2169 2552 οὐκ
2206 2499 2284 2553 ένι
2318 2501 2495 2568 τοῦτο,
2532 2504 2667 2560 ἀλλά
2706 2507 3011 2563 τούναντίον
3050 2512 3221 2578 ἀπαν,

1645 2585 1744 2637 οὐκ
1769 2584 1880 2639 ἔστι
1906 2586 2027 2640 τινὰ
2047 2589 2297 2655 γενέσθαι
2316 2590 2589 2655 πλούσιον,
2619 2593 2692 2665 μὴ
2712 2596 2896 2666 ἕτερον
2920 2599 3222 2670 ποιήσαντα

1645 2672 1904 2745 εὔπορον·
1937 2675 2002 2727 ἂν
2036 2677 2146 2747 γὰρ
2187 2678 2389 2748 μηδένα
2432 2678 2743 2753 ὠφελήσῃς,
2789 2684 2849 2735 οὐ
2888 2684 3094 2757 δυνήσῃ
3128 2702 3222 2754 γε·

1645 2765 1827 2848 νέσθαι
1858 2766 2107 2839 εὔπορος.
2146 2769 2232 2823 Ἐν
2269 2772 2365 2840 μὲν
2394 2772 2500 2843 γὰρ
2536 2776 2645 2836 τοῖς
2679 2778 3011 2844 σωματικοῖς
3044 2779 3077 2846 ὴ
3123 2794 3222 2848 με-

1645 2846 1856 2929 τάδοσις
1896 2859 2123 2930 μείωσιν
2163 2865 2309 2917 ποιεῖ
2350 2880 2363 2894 ·
2399 2865 2457 2917 ἐν
2493 2864 2549 2918 δέ
2587 2868 2700 2929 τοῖς
2754 2846 3145 2937 πνευματικοῖς
3182 2873 3217 2941 ἡ

1648 2953 1931 3023 μετάδοσις
1975 2954 2311 3025 πλεονασμὸν
2354 2957 2675 3027 ἐργάζεται,
2717 2960 2812 3012 καὶ
2846 2960 2905 3012 τὸ
2942 2960 3015 3031 μὴ
3050 2978 3219 3032 μετα-

1643 3044 1844 3109 δοῦναι,
1873 3044 2028 3102 τοῦτο
2070 3045 2267 3116 πολλὴν
2298 3047 2489 3101 πενίαν
2537 3049 2959 3114 κατασκευάζει,
3000 3051 3096 3104 καὶ
3125 3051 3220 3105 κό-

1644 3135 1798 3191 λασιν
1828 3136 2062 3205 ἐσχάτην
2090 3136 2305 3204 ἐπάγει.
2355 3140 2464 3192 Καὶ
2502 3134 2737 3193 δείκνυσι
2783 3141 2939 3194 τοῦτο
2969 3144 2997 3195 ό
3026 3143 3087 3196 τὸ
3119 3145 3220 3199 τάς

1643 3226 1833 3281 λαντον
1857 3227 2179 3298 κατορύξας.
2213 3230 2319 3282 Καὶ
2350 3230 2457 3299 γὰρ
2480 3232 2507 3282 ὁ
2531 3231 2685 3299 λόγον
2711 3232 2851 3302 ἔχων
2876 3235 3089 3304 σοφίας,
3113 3255 3215 3307 με-

1643 3315 1835 3378 ταδοὺς
1897 3316 2091 3387 ἑτέρῳ,
2152 3316 2354 3388 ηὔξησε
2429 3319 2526 3389 τὴν
2594 3322 2930 3391 περιουσίαν,
2988 3324 3218 3389 πολλοὺς

1644 3409 1875 3477 ποιήσας
1903 3409 2029 3471 τοὺς
2057 3409 2252 3477 σοφούς
2276 3427 2289 3439 ·
2322 3411 2455 3468 οἴκοι
2483 3411 2540 3467 δὲ
2571 3414 2948 3484 κατακρύψας,
2983 3416 3217 3469 ἀπεστέ-

1644 3514 1807 3567 ρησεν
1852 3498 2044 3551 ἐαυτὸν
2091 3498 2192 3567 τῆς
2240 3500 2579 3568 περιουσίας,
2631 3502 2691 3556 ού
2736 3504 3076 3573 κτησάμενος
3116 3504 3216 3578 τὴν

1640 3589 1748 3655 τῶν
1780 3588 1987 3641 πολλῶν
2008 3590 2294 3658 ὠφέλειαν.
2336 3591 2505 3645 Πάλιν
2536 3594 2562 3645 ὁ
2588 3594 2901 3665 χαρίσματα
2929 3596 3067 3664 ἔχων
3099 3597 3217 3650 ἔτεη

1642 3698 1733 3752 ρα,
1788 3681 2015 3746 πολλοὺς
2065 3682 2355 3752 ἰασάμενος
2396 3684 2629 3749 ἐξέτεινε
2682 3685 2781 3757 τὴν
2826 3686 3066 3757 δωρεάν·
3119 3690 3215 3742 καί⁵

1639 3771 1762 3825 οὔτε
1808 3774 1969 3836 αὐτὸς
2028 3773 2329 3844 ἐξεκενώθη
2374 3778 2436 3846 τῇ
2489 3775 2807 3845 μεταδόσει,
2845 3778 2938 3830 καὶ
2986 3778 3214 3842 πολλοὺς

1640 3866 1857 3935 ἐτέρους
1888 3865 2149 3935 ἐνέπλησε
2184 3866 2283 3935 τῆς
2312 3869 2689 3939 πνευματικῆς
2714 3868 2939 3940 δωρεᾶς.
2982 3871 3091 3923 Καὶ
3118 3872 3213 3929 ἐπὶ

1640 3955 1857 4013 πάντων
1913 3955 2021 4007 τῶν
2065 3956 2450 4025 πνευματικῶν
2477 3958 2730 4029 ἀκίνητος
2758 3954 2911 4023 οὗτος
2945 3961 2975 4013 ό
3032 3960 3213 4014 κανὼν

1639 4047 1899 4116 διαμένει.
1938 4047 2095 4100 Οὖτω
2125 4049 2219 4101 καὶ
2246 4050 2337 4101 ἐπὶ
2365 4050 2463 4119 τῆς
2503 4050 2799 4120 βασιλείας,
2828 4055 2856 4106 ό
2883 4052 2981 4122 μὲν
3015 4070 3213 4108 κοινω-

1641 4138 1761 4199 νοὺς
1806 4138 2032 4201 πολλοὺς
2072 4140 2494 4205 κατασκευάζων
2541 4143 2719 4213 ἑαυτῷ
2751 4144 2849 4214 τῆς
2898 4144 3211 4215 βασιλείας,

1640 4230 1811 4301 ταύτῃ
1854 4230 2115 4301 μειζόνως
2144 4233 2313 4303 αὐτῆς
2338 4234 2700 4287 ἀπολαύσεται
2736 4235 2898 4294 πάλιν
2917 4253 2931 4267 ·
2956 4239 2986 4289 ό
3010 4237 3066 4290 δὲ
3103 4255 3211 4307 μη·-

1639 4323 1762 4376 δένα
1793 4323 2105 4387 σπουδάζων
2131 4324 2313 4377 λαόεῖν
2349 4326 2621 4391 κοινωνὸν,
2651 4328 2744 4379 καὶ
2775 4326 2937 4391 αὐτὸς
2961 4330 3215 4382 ἐκπεσεῖ-

1639 4433 1728 4468 ται
1756 4416 1863 4467 τῶν
1897 4415 2106 4469 πολλῶν
2136 4416 2357 4485 ἀγαθῶν
2402 4418 2642 4471 ἐκείνων.
2687 4419 2750 4471 Et
2783 4419 2891 4489 γὰρ
2918 4421 2951 4487 ἡ
2987 4421 3146 4487 σοφία
3179 4422 3214 4493 ἡ

1640 4509 1870 4580 αἰσθητὴ
1903 4509 1961 4562 ού
1995 4509 2321 4575 δαπανᾶται,
2355 4510 2562 4582 μυρίων
2600 4512 2973 4581 ἁρπαζόντων,
3019 4512 3141 4566 οὕτε
3187 4517 3216 4566 ό
3330 4526 3336 4534 ·

1639 4602 1889 4673 τεχνίτης
1917 4601 2143 4665 πολλοὺς
2172 4603 2296 4666 τοὺς
2330 4603 2579 4672 τεχνίτας
2619 4604 2788 4657 ποιῶν
2825 4604 3086 4657 ἀπόλλυσι
3115 4606 3217 4675 τὴν

1578 4698 1591 4711 ⁸
1639 4691 1854 4761 τέχνην,
1888 4692 2067 4762 πολλῷ
2088 4693 2289 4762 μᾶλλον
2319 4696 2346 4747 ό
2366 4695 2462 4763 τήν
2487 4693 2763 4763 βασιλείαν
2788 4694 3048 4767 ἁρπάζων
3069 4696 3220 4750 ἐλάτ-

1638 4800 1770 4837 τονα
1821 4786 1922 4837 οὐκ
1979 4785 2312 4855 ἐργάζεται,
2369 4786 2507 4839 ἀλλὰ
2560 4786 2681 4839 τότε
2735 4785 2934 4839 πλείων
2986 4787 3138 4840 ἔσται
3187 4788 3218 4841 ὁ

1638 4877 1865 4940 πλοῦτος
1886 4879 2039 4948 ἡμῖν,
2068 4878 2195 4931 ὅταν
2219 4877 2443 4940 πολλοὺς
2463 4878 2557 4932 ἐπὶ
2586 4878 2744 4932 τοῦτο
2770 4878 3042 4947 καλῶμεν.
3086 4880 3216 4951 Ἀρ-

1641 4971 2112 5039 πάσωμεν.τοίνυν
2145 4970 2215 5027 τὰ
2251 4970 2325 5041 μὴ
2360 4970 2782 5041 ἀναλισκόμενα,
2814 4970 2950 5024 ἀλλὰ
2982 4970 3216 5025 πλεονά-

1640 5059 1800 5125 ζοντα
1823 5063 1880 5113 ὲν
1901 5061 1978 5133 τῷ
2005 5062 2367 5131 ἁρπάζεσθαι·
2394 5061 2545 5134 [584]
2566 5064 2901 5135 ἀρπάσωμεν
2922 5063 2990 5115 τά
3013 5062 3215 5132 μηδένα

1640 5155 1831 5222 ἔχοντα
1873 5152 2236 5220 συκοφάντην,
2289 5153 2493 5222 μηδένα
2534 5153 2821 5221 βάσκανον.
2866 5151 2977 5204 Καὶ
3013 5151 3122 5220 γὰρ
3166 5152 3217 5203 εί

1639 5238 1864 5307 χρυσίου
1894 5238 2057 5300 τόπος
2103 5234 2171 5307 ἦν
2218 5238 2402 5308 πηγὴν
2446 5238 2585 5309 ἔχων
2628 5239 3036 5302 ἀναϐλύζουσαν
3087 5240 3217 5292 ἀέν-

1640 5348 1783 5394 ναον,
1824 5330 1920 5383 καὶ
1946 5329 2183 5399 τοσούτῳ
2212 5330 2371 5383 πλέον
2409 5332 2651 5401 ἐπέρρει,
2694 5332 2805 5401 ὅσῳ
2847 5331 3009 5383 πλέον
3055 5331 3216 5398 ἐξην-

1641 5424 1837 5488 τλεῖτο,
1874 5423 2056 5493 ἕτερος
2101 5422 2158 5475 δὲ
2205 5422 2368 5485 τόπος
2398 5418 2466 5493 ἦν
2498 5425 2769 5495 θησαυρὸν
2806 5423 2946 5494 ἔχων
2975 5440 3218 5493 κατορω-

1643 5516 1930 5587 ρυγμένον,
1974 5514 2138 5567 πόθεν
2174 5514 2240 5567 ἂν
2282 5514 2551 5585 ἠθέλησας
2579 5519 2863 5583 πλουτείνς
2909 5514 3029 5583 ούχὶ
3075 5516 3218 5565 ἐκεί-

1639 5607 1767 5674 θεν;
1809 5607 1995 5676 Δῆλον.
2050 5608 2210 5671 Ἀλλ’,
2260 5610 2347 5663 ἵνα
2381 5611 2454 5680 μὴ
2489 5608 2632 5679 λόγῳ
2664 5607 2823 5660 τοῦτο
2873 5606 3034 5676 μόνον
3078 5602 3212 5654 ἁνα-

1645 5700 1957 5770 πλάσωμεν,
1984 5700 2269 5771 λογίσασθε
2297 5702 2386 5759 ἐπὶ
2408 5702 2501 5755 τοῦ
2531 5700 2689 5772 ἀέρος
2720 5700 2780 5752 τὸ
2804 5696 3092 5769 εἰρημένον
3120 5692 3215 5752 καὶ
