3802 6324
469 302 577 358 $53

463 415 561 469 ἐπὶ
585 412 681 467 τοῦ
705 410 893 486 ἡλίου·
923 411 1099 467 ταῦτα
1132 411 1241 483 7&9
1280 410 1584 483 ἀρπάζεται
1618 408 1771 481 παρά
1796 408 2040 471 πάντων,

461 504 558 560 καὶ
586 505 794 568 πάντας
826 504 1024 575 πληροῖ
1048 520 1062 534 ·
1088 502 1229 557 ἀλλά
1256 501 1429 556 ταῦτα
1460 500 1580 572 μὲν,
1622 501 1717 555 καὶ
1743 498 2045 555 ἀπολαυόν-

459 613 572 651 των
602 599 696 652 καὶ
733 596 807 668 μὴ
853 595 1262 656 ἀπολαυόντων,
1295 595 1458 663 ὅμοια
1497 592 1647 663 μένει
1685 591 1759 662 μὴ
1794 589 2046 644 ἐλαττού-

463 706 623 759 μονα.
661 691 727 742 Ὃ
751 688 811 741 δὲ
838 687 950 756 ἐγὼ
979 681 1156 751 εἶπον,
1202 684 1383 755 πολλῷ
1418 683 1603 755 μεῖζόν
1631 685 1800 737 ἐστιν.
1830 684 1904 737 Οὐ
1934 684 2045 753 γάρ

458 780 622 850 ὁμοία
653 779 802 850 μένει
831 781 866 851 ἡ
899 779 1245 849 πνευματικὴ
1277 776 1437 846 σοφία
1468 774 1809 845 διαδιδομένη
1838 775 1935 827 καὶ
1967 774 2042 846 μὴ

461 870 827 941 διαδιδομένη,
855 869 973 923 ἀλλ’
1006 867 1232 933 αὔξεται
1260 867 1461 938 μᾶλλον
1484 866 1846 936 διαδιδομένη.
1893 864 1957 917 Εἰ
1982 864 2041 917 δέ

460 980 550 1028 τις
580 964 681 1017 οὐκ
710 963 968 1033 ἀνέχεται
1019 960 1127 1014 τῶν
1173 960 1500 1032 εἰρημένων,
1546 960 1663 1014 ἀλλ’
1692 958 1773 1012 ἔτι
1820 960 1887 1029 τῇ
1935 958 2045 1011 τῶν

463 1054 732 1125 βιωτικῶν
760 1053 1101 1124 προστέτηκε
1131 1052 1293 1124 πενία
1319 1052 1585 1123 ἁρπάζων
1614 1051 1682 1104 τὰ
1712 1050 2043 1120 ἐλαττούμε-

460 1163 548 1206 να,
582 1147 685 1198 κάν
742 1144 920 1215 τούτῳ
955 1144 1116 1198 πάλιν
1152 1142 1652 1214 ἀναμιμνηηέσθω
1695 1142 1799 1211 τῆς
1838 1142 2046 1213 τροφῆς

459 1236 556 1290 τοῦ
606 1236 800 1307 μάννα,
842 1236 938 1289 καὶ
976 1234 1247 1305 φοϐείσθω
1273 1236 1336 1288 τὸ
1366 1234 1716 1304 παράδειγμα
1752 1234 1852 1303 τῆς
1893 1234 2047 1287 κολάο

461 1342 621 1389 σεως.
659 1326 838 1397 Ὅπερ
886 1325 995 1395 7&9
1038 1324 1125 1377 ἐπ’
1158 1324 1373 1393 ἐκείνης
1422 1323 1723 1389 συνέϐαινε,
1754 1323 1912 1377 τοῦτο
1949 1322 2046 1377 καὶ

461 1412 680 1465 ἐπὶτῶν
700 1413 1169 1467 πλεονεκτούντων
1185 1410 1279 1467 νῦν
1299 1412 1551 1465 ἐκϐαῖνον
1572 1412 1721 1466 ἐστιν
1738 1412 1958 1466 ἰδεῖν.Τί
1983 1414 2043 1465 δέ

456 1494 579 1547 τότε
604 1496 912 1562 συνέϐαινε;
928 1495 1219 1565 Σκὼληκες
1239 1494 1432 1567 ἔϐρυον
1454 1496 1560 1549 ἀπὸ
1576 1497 1672 1567 τῆς
1707 1495 2042 1562 πλεονεξίας.

528 1605 701 1658 Τοῦτο
746 1605 840 1658 καὶ
879 1603 978 1659 νῦν
1021 1604 1232 1673 γίνεται
1272 1604 1365 1656 ἐπί⁹
1403 1602 1628 1657 τούτων.
1664 1603 1749 1666 ,Τὸ
1796 1604 1894 1671 μέν
1933 1601 2043 1674 7&9

460 1697 660 1769 μέτρον
684 1696 785 1765 τῆς
833 1693 1042 1765 τροφῆς
1079 1694 1141 1746 τὸ
1166 1692 1302 1746 αὐτὸ
1340 1692 1546 1745 ἅπασι·
1583 1690 1714 1760 μίαν
1757 1690 1867 1759 7&9
1902 1690 2042 1760 πλη-

458 1788 662 1860 ροῦμεν
680 1787 927 1857 γαστέρα
951 1801 964 1816 ⁶
995 1788 1028 1857 ἡ
1070 1785 1128 1837 δὲ
1172 1785 1380 1854 κόπρος
1593 1783 1677 1835 σοὶ
1725 1780 1927 1835 πλείων
1962 1779 2043 1852 τῷ

454 1880 751 1952 τρυφῶντι.
789 1879 900 1933 Kal
950 1876 1204 1948 καθάπερ
1244 1878 1363 1930 ἐκεῖ
1402 1879 1460 1930 ἐν
1488 1878 1609 1939 ταῖς
1649 1876 1852 1938 οἰκίαις
1888 1872 1939 1929 οἰ
1980 1875 2041 1927 τὸ

455 1971 620 2024 πλέον
646 1969 741 2022 τοῦ
779 1967 1168 2039 νενομισμένου
1198 1966 1566 2035 συλλέγοντες,
1595 1966 1655 2019 οὐ
1698 1965 1877 2037 μάννα
1909 1981 2041 2019 συν·

453 2061 611 2131 ἦγον,
652 2060 788 2115 ἀλλὰ
831 2059 1119 2129 σκώληκας
1163 2059 1381 2123 πλείους
1425 2060 1518 2113 καὶ
1554 2058 1855 2129 σηπεδόνα·
1896 2057 2041 2111 οὕτω

459 2151 526 2220 δὴ
554 2150 649 2203 καὶ
671 2150 728 2201 ἐν
757 2151 822 2218 τῇ
850 2148 1029 2218 τρυφῇ
1069 2148 1164 2200 καί⁵
1200 2149 1257 2200 ἐν
1303 2148 1369 2218 τῇ
1406 2146 1708 2218 πλεονεξία,
1738 2148 1798 2201 ού
1826 2146 2037 2217 τροφὴν

454 2241 697 2303 πλείονα,
723 2240 860 2293 ἀλλά
887 2241 1096 2313 φθορὰν
1125 2241 1342 2294 πλείονα
1372 2241 1699 2309 συνάγουσιν
1727 2238 1780 2293 οι
1808 2254 2039 2310 γαστρι-

454 2331 673 2401 ζόμενοι
702 2334 793 2386 καὶ
821 2332 1131 2402 μεθύοντες.
1187 2333 1325 2386 Ἀλλ’
1351 2334 1502 2405 ὅμως
1547 2333 1790 2402 τοσούτῳ
1820 2332 2037 2403 χείρους

453 2420 679 2473 ἐκείνων
704 2422 751 2473 οἰ
773 2420 887 2487 νῦν,
905 2423 1015 2491 ὅσῳ
1037 2423 1234 2475 ἐκεῖνοι
1268 2423 1366 2491 μὲν
1396 2420 1542 2485 ama
1562 2421 1823 2483 παθόντες
1854 2417 2033 2486 τοῦτο,

453 2507 968 2578 ἐσωφρονίσθησανο
1004 2504 1147 2563 οὗτοι
1175 2509 1232 2563 δέ
1261 2507 1383 2561 καθ’
1418 2509 1656 2579 εκάστην
1695 2508 1907 2579 ἡμέραν
1943 2507 2036 2560 τὸν

454 2598 714 2669 σκώληκα
740 2599 927 2652 τοῦτον
958 2601 1167 2654 ἐκείνου
1202 2598 1382 2670 πολλῷ
1409 2600 1787 2670 χαλεπώτερον
1827 2601 1909 2662 εἰς
1936 2599 2035 2663 τὰς

451 2689 630 2752 οἰκίας
658 2690 756 2753 τὰς
777 2690 985 2744 ἑαυτῶν
1012 2691 1344 2759 εἰσάγοντες,
1369 2692 1493 2744 οὕτε
1521 2690 1884 2756 αἰσθάνονται,
1911 2690 2035 2743 οὕτε

451 2780 823 2852 κορέννυνται.
862 2782 984 2833 Ὅτι
1017 2782 1125 2851 γάρ
1162 2781 1337 2835 ταῦτα
1358 2783 1586 2845 ἐκείνοις
1608 2781 1751 2834 ἔοικε
1784 2782 1925 2835 κατὰ
1944 2781 2034 2834 τὸν

450 2872 552 2943 τῆς
594 2872 980 2942 ματαιοπονίας
1030 2872 1187 2942 λόγον
1269 2873 1353 2945 (τῇ
1404 2873 1514 2944 7&9
1564 2874 1804 2945 τιμωρίᾳ.
1852 2872 2035 2942 πολλῷ

448 2967 620 3021 ταῦτα
657 2967 1055 3039 χαλεπώτερα),
1093 2968 1345 3023 ἐντεῦθεν
1379 2970 1590 3021 σκόπει.
1618 2969 1737 3022 Τίνι
1767 2968 1876 3039 γὰρ
1913 2968 2032 3022 δια-

451 3058 607 3130 φέρει
642 3062 669 3113 ὁ
702 3060 957 3123 πλούσιος
1002 3060 1096 3113 τοῦ
1136 3062 1394 3131 πένητος;
1438 3061 1535 3130 οὐχ
1578 3059 1636 3112 ἓν
1681 3059 1839 3130 σῶμα
1875 3076 2033 3131 περι-

448 3151 666 3217 ϐάλλει;
715 3152 775 3204 ού
822 3152 951 3222 μίαν
991 3152 1180 3222 τρέφει
1228 3151 1508 3222 γαστέρα;
1560 3152 1667 3204 τίνι
1711 3148 1803 3206 οῦν
1838 3152 2031 3206 πλεον-

448 3246 597 3295 εκτεῖ
637 3260 650 3307 ;
701 3244 831 3307 Ταῖς
881 3244 1145 3313 φροντίσι,
1203 3242 1279 3312 τῷ
1330 3243 1690 3306 δαπανᾶσθαι,
1758 3244 1837 3313 τῷ
1892 3261 2035 3316 παρ·-

450 3333 671 3387 ακούειν
698 3334 853 3399 Θεοῦ,
881 3334 957 3403 τῷ
997 3333 1331 3405 διαφθείρειν
1365 3334 1462 3405 τὴν
1492 3335 1690 3405 σάρκα,
1724 3336 1802 3404 τῷ
1834 3336 2034 3407 λυμαί-

449 3424 639 3475 νεσθαι
664 3423 761 3493 τὴν
793 3424 990 3493 ψυχήν.
1024 3424 1212 3476 Ταῦτα
1253 3423 1361 3497 γάρ
1403 3427 1568 3487 ἐστιν,
1604 3422 1685 3489 οἷς
1714 3427 2034 3485 πλεονεκτεῖ

447 3514 540 3566 τὸν
570 3514 812 3584 πένητα·
866 3514 938 3579 ὼς
973 3515 1026 3567 εί
1060 3532 1122 3583 γε
1168 3515 1395 3579 πολλοὺς
1438 3516 1679 3588 ἐπλήρου
1731 3522 2026 3592 γαστέρας.

447 3605 585 3674 τάχα
620 3622 670 3658 τι
702 3607 795 3658 καὶ
836 3605 1015 3674 λέγειν
1061 3602 1225 3677 εἶχεν,
1274 3602 1383 3660 οἷον
1412 3608 1493 3661 ὅτι
1531 3609 1730 3663 πλείων
1780 3613 1813 3682 ἡ
1850 3613 2027 3682 χρεία,

448 3698 544 3751 καὶ
577 3697 775 3767 μείζων
809 3700 841 3768 ὴ
882 3698 980 3767 τῆς
1025 3698 1272 3769 δαπάνης
1309 3700 1543 3770 ἀνάγκη.
1598 3702 1761 3756 Ἀλλά
1798 3706 1891 3757 καὶ
1934 3705 2030 3759 νῦν

448 3786 652 3859 έχουσι,
683 3791 866 3860 φησὶν,
898 3792 1092 3857 εἰπεῖν,
1129 3791 1210 3844 ὅτι
1236 3792 1438 3856 πολλὰς
1470 3793 1759 3865 πληροῦσι,
1784 3796 1882 3860 τὰς
1918 3797 2029 3850 τῶν

447 3880 694 3942 οἰκετῶν,
724 3882 821 3946 τὰς
844 3882 951 3937 τῶν
986 3882 1399 3953 θεραπαινίδων.
1445 3884 1585 3938 Ἀλλ’
1615 3890 1676 3940 ού
1706 3889 1893 3959 χρείας
1923 3890 2031 3942 ἐνε·

449 3987 564 4038 κεν,
595 3972 718 4026 ούδέ
764 3973 1175 4045 φιλανθρωπίας
1208 3976 1365 4029 τοῦτο
1404 3977 1610 4045 γίνεται
1637 4021 1652 4043 ,
1692 3980 1827 4033 ἀλλά
1858 3981 2027 4049 τύφου

451 4062 631 4133 μόνον.
652 4061 778 4115 ὅθεν
788 4063 900 4117 οὐδ’
916 4063 981 4117 ἂν
997 4064 1283 4136 ἀνάσχοιτό
1299 4084 1381 4130 τις
1394 4067 1493 4137 τῆς
1516 4069 1811 4139 ἀπολογίας
1824 4072 2024 4128 αὐτῶν.

518 4225 579 4272 ε’.
611 4218 711 4271 Διά
737 4218 790 4272 τί
820 4217 928 4291 γὰρ
951 4218 1178 4283 πολλοὺς
1201 4218 1311 4290 ἔχει
1333 4220 1547 4286 οἰκέτας
1567 4239 1581 4288 ;
1600 4223 1811 4296 ’Ὠσπερ
1833 4225 1941 4297 γὰρ
1970 4228 2028 4281 ἐν

449 4310 684 4380 ἱματίοις
709 4310 807 4381 τὴν
831 4314 1018 4383 χρείαν
1046 4310 1264 4366 διώκειν
1294 4312 1375 4365 δεῖ
1403 4314 1582 4384 μόνον,
1610 4319 1701 4369 καὶ
1733 4319 1791 4370 ἐν
1821 4320 2028 4386 τραπέ-

445 4404 537 4477 ζῃ,
568 4402 709 4456 οὔτω
736 4404 831 4456 καὶ
852 4407 909 4457 ἐν
938 4404 1198 4466 οἰκέταις.
1231 4407 1327 4469 Τίς
1358 4403 1451 4460 οὖν
1489 4410 1522 4477 ὴ
1555 4410 1751 4479 χρείας
1782 4411 1896 4463 Ούκ
1936 4410 2026 4464 ἐσ-

441 4514 526 4550 τιν
554 4497 803 4567 οὐδεμία.
839 4498 949 4550 Kal
974 4499 1083 4570 γὰρ
1122 4500 1202 4552 ἐνὶ
1234 4501 1323 4553 τὸν
1358 4502 1453 4554 ’ἐνα
1484 4502 1723 4573 χρῆσθαι
1758 4504 2026 4577 δεσπότην

438 4591 627 4661 οἰκέτῃ
657 4591 814 4660 μόνον
846 4592 1040 4661 ἐχρῆν·
1076 4592 1275 4661 μᾶλλον
1299 4593 1355 4647 δέ
1384 4595 1479 4648 καὶ
1498 4596 1591 4649 δύο
1628 4598 1725 4651 καὶ
1758 4602 1903 4669 τρεῖς
1938 4600 2026 4654 δε-

445 4683 648 4745 σπότας
682 4684 761 4735 ἐνὶ
788 4682 994 4753 οἰκέτῃ.
1032 4685 1096 4737 Εἰ
1128 4683 1185 4736 δὲ
1233 4685 1370 4756 βαρὺ
1405 4687 1584 4753 τοῦτο,
1616 4689 1866 4760 ἐννόησον
1899 4694 2026 4757 τοὺς
2078 4712 2083 4719 ’

440 4773 562 4825 οὐδὲ
595 4774 690 4827 Eva
714 4774 956 4844 ἐχοντας,
982 4775 1074 4829 καὶ
1110 4776 1486 4849 εύκολωτέρας
1512 4781 1887 4848 ἀπολαύοντας
1939 4785 2027 4839 θε-

442 4866 672 4935 ραπείας
707 4882 719 4896 ’
750 4868 843 4920 καὶ
872 4867 980 4937 7&9
1003 4868 1301 4939 αὐτάρκεις
1332 4872 1397 4941 τῇ
1426 4870 1675 4944 διακονίᾳ
1714 4878 1781 4946 τῇ
1813 4878 2023 4931 ἑαυτῶν

442 4954 696 5024 ἐποίησεν
735 4957 766 5008 ὁ
804 4958 960 5022 θεὸς,
1002 4958 1202 5029 μᾶλλον
1232 4959 1288 5011 δέ
1325 4960 1420 5012 καὶ
1447 4964 1511 5031 τῇ
1543 4963 1635 5015 τοῦ
1678 4965 1923 5035 πλησίον.
1960 4970 2023 5022 Εἰ

442 5042 500 5095 δέ
519 5043 786 5107 ἀπιστεῖς.
821 5047 982 5100 ἄκουε
1012 5049 1223 5103 Παύλου
1273 5049 1525 5118 λέγοντος
1562 5067 1576 5082 ·
1634 5054 1765 5120 Ταῖς
1796 5060 2024 5125 χρείαις

436 5151 578 5200 μου,
620 5136 719 5188 καί
749 5136 899 5209 [585]
941 5139 1062 5205 τοῖς
1090 5136 1233 5195 οὖσι
1266 5144 1393 5211 μετ’
1443 5144 1591 5215 ἐμοῦ
1632 5148 2025 5216 ὑπηρέτησαν

439 5228 500 5278 αἰ
530 5226 723 5295 χεᾷὶες
758 5226 955 5286 αὗται.
1010 5230 1144 5287 Εἶτα
1186 5236 1213 5287 ὁ
1252 5236 1352 5305 μὲν
1380 5238 1479 5308 τῆς
1512 5240 1837 5312 οἰκουμένης
1876 5243 2022 5298 διδά-

442 5319 637 5383 σκαλος
666 5322 757 5375 καὶ
783 5322 891 5375 τῶν
916 5324 1158 5394 ούρανῶν
1186 5328 1336 5393 ἄξιος
1370 5331 1470 5383 οὐκ
1519 5332 1781 5402 ᾐσχύνετο
1809 5335 2025 5405 μυρίοις

441 5413 729 5482 ὑπηρετῶν
757 5430 771 5445 ο
807 5416 871 5468 σὺ
902 5415 979 5481 δέ,
1022 5419 1070 5470 εἰ
1108 5420 1183 5489 μὴ
1212 5420 1414 5484 πολλάς
1455 5424 1774 5493 περιφέρεις
1822 5428 2022 5498 ἀνδρα-

437 5506 617 5559 πόδων
643 5506 865 5574 ἀγέλας,
892 5510 1115 5579 αἰσχρὸν
1146 5507 1283 5564 εἶναι
1316 5513 1574 5583 νομίζεις,
1615 5518 1715 5569 ούκ
1752 5518 1907 5582 εἰδὼς
1938 5522 2019 5575 ὅτι

436 5597 594 5651 τοῦτο
622 5597 720 5670 μὲν
747 5595 839 5653 οὖν
864 5600 1100 5670 μάλιστά
1137 5604 1253 5657 ἐστι
1290 5604 1350 5657 τὸ
1392 5608 1749 5677 καταισχῦνόν
1776 5628 1864 5675 aa;
1911 5614 2021 5666 Kal

440 5690 547 5763 γὰρ
569 5690 659 5745 διὰ
696 5690 856 5747 τοῦτο
895 5694 988 5748 καὶ
1030 5695 1220 5767 χεῖρας
1267 5696 1400 5767 ἡμῖν
1447 5697 1644 5751 ἔδωκεν
1686 5701 1713 5754 ό
1754 5702 1885 5767 Θεὸς
1927 5706 2019 5761 καὶ

1181 296 1239 351 S.
1275 291 1561 350 JOANNIS
1597 287 2084 357 CHRYSOSTOMI
2122 287 2450 347 ARCIHEP.
2490 290 3045 351 CONSTANTINOP.

3532 304 3720 359 *356

2152 406 2342 469 πόδας,
2392 407 2478 461 ἵνα
2523 408 2599 479 μὴ
2643 408 2891 480 δεώμεθα
2932 410 3175 465 οἰκετῶν.
3206 412 3341 466 Ούδέ
3378 414 3494 487 ,γὰρ
3539 420 3721 489 χρείας

2145 494 2331 549 ἕνεκεν
2358 496 2419 549 τὸ
2465 497 2575 551 τῶν
2619 498 2821 553 δούλων
2863 501 3162 573 ὲπεισήχθη
3214 504 3407 572 γένος,
3440 508 3565 561 ἐπεὶ
3590 514 3718 580 μετά

2144 586 2239 641 τοῦ
2285 588 2456 660 Ἀδὰμ
2490 590 2736 662 ἐπλάσθη
2776 591 2845 646 ἀν
2885 595 2982 648 καὶ
3015 594 3203 660 δοῦλος
3240 614 3256 627 ·
3291 598 3407 653 ἀλλ’
3448 601 3716 674 ἁμαρτίας

2146 680 2262 732 ἐστὶ
2285 680 2347 733 τὸ
2376 682 2672 751 ἐπιτίμιον,
2708 684 2806 739 καί⁵
2845 686 2945 756 τῆς
2986 688 3275 757 παρακοῆς
3305 692 3339 760 ή
3376 692 3615 758 κόλασις.
3662 696 3716 748 '0

2146 771 2202 825 δέ
2231 774 2467 843 Χριστὸς
2508 777 2971 847 παραγενόμενος,
3003 779 3101 832 καὶ
3140 780 3299 833 τοῦτο
3341 781 3569 836 ἔλυσεν·
3622 786 3721 839 ἐν-

2145 862 2257 932 γὰρ
2285 866 2515 933 Χριστῷ
2556 865 2760 933 Ἰησοῦ
2788 870 2900 921 οὐκ
2923 870 3055 923 ἐστι
3079 869 3303 937 δοῦλος
3332 872 3476 926 οὐδὲ
3493 875 3720 930 ἐλεύθε-

2138 970 2270 1020 ρος.
2298 955 2459 1009 Ὥστε
2478 956 2581 1011 οὐκ
2604 958 2899 1026 ἀναγκαῖον
2926 959 2990 1013 τὸ
3015 958 3201 1014 δοῦλον
3230 962 3377 1033 ἔχειν
3398 981 3413 995 ·
3452 967 3503 1017 εἰ
3544 967 3602 1020 δέ
3626 970 3719 1021 καὶ

2146 1043 2465 1111 ἀναγκαῖον,
2494 1046 2594 1102 ἐνα
2617 1064 2720 1100 που
2757 1049 2938 1118 μόνον,
2973 1049 3006 1119 ἢ
3054 1050 3116 1103 τὸ
3151 1051 3289 1105 πολὺ
3336 1053 3612 1125 δεύτερον.
3654 1057 3719 1108 Τί

2149 1132 2493 1204 βούλεταιτά
2536 1139 2717 1209 σμήνη
2755 1139 2867 1192 τῶν
2910 1140 3169 1204 οἰκετῶν;
3215 1141 3484 1213 Καθάπερ
3525 1144 3631 1215 γὰρ
3671 1146 3719 1198 οἱ

2148 1226 2565 1297 προϐατοπῶὶαι
2604 1232 2699 1283 καί⁸
2721 1232 2770 1284 οί
2812 1231 3292 1303 σωματοκάπηλοι,
3320 1234 3497 1299 οὕτως
3538 1238 3597 1290 ἐν
3626 1236 3719 1305 βα-

2147 1314 2359 1387 λανείῳ,
2410 1318 2584 1382 οὕτως
2622 1320 2682 1373 ἐν
2718 1322 2897 1394 ἀγορᾷ
2932 1324 3210 1395 περιίασιν
3246 1326 3297 1377 οἰ
3344 1325 3715 1387 πλουτοῦντες.

2148 1405 2294 1476 Πλὴν
2322 1406 2437 1460 ἀλλ’
2457 1409 2609 1464 οὐδὲν
2646 1411 3111 1484 ἀκριϐολογοῦμαι
3138 1429 3151 1444 ⁵
3185 1414 3326 1469 ἔστω
3358 1433 3443 1470 σοι
3478 1418 3573 1471 καὶ
3611 1418 3719 1471 δεύ-

2145 1512 2301 1566 τερος
2326 1497 2545 1568 οἰκέτης
2576 1517 2589 1530 ο
2619 1501 2666 1553 εἰ
2692 1502 2749 1554 δὲ
2774 1501 2999 1567 πολλοὺς
3024 1505 3298 1573 συνάγεις,
3328 1508 3387 1559 οὐ
3418 1507 3719 1579 φιλανθρω-

2146 1588 2278 1653 πίας
2303 1590 2487 1644 ἕνεκεν
2522 1592 2681 1646 τοῦτο
2721 1598 2915 1661 ποιεῖς,
2963 1596 3099 1649 ἀλλά
3133 1596 3509 1670 θρυπτόμενος
3532 1616 3546 1632 '
3572 1602 3714 1665 ἐπεὶ,

2146 1683 2194 1733 εἰ
2232 1682 2549 1752 κηδόμενος,
2582 1686 2786 1755 μηδένα
2805 1688 2883 1750 εἰς
2909 1687 3186 1742 διακονίαν
3215 1690 3603 1763 ἀπασχολήσῃς

2147 1772 2267 1841 σὴν,
2300 1772 2417 1824 ἀλλ’
2438 1774 2735 1844 ἀγοράσας,
2773 1776 2869 1829 καὶ
2888 1776 3083 1847 τέχνας
3114 1778 3332 1845 διδάξας
3354 1779 3499 1833 ὥστε
3528 1784 3715 1852 ἀρκεῖν

2146 1864 2379 1928 ἑαυτοῖς,
2407 1864 2542 1933 ἄφες
2576 1865 2917 1937 ἐλευθέρους.
2959 1870 3125 1922 Ὅταν
3168 1870 3227 1923 δὲ
3259 1874 3550 1943 μαστίζῃς,
3593 1875 3717 1927 ὅταν

2142 1951 2432 2025 δεσμεύῃς,
2478 1953 2662 2008 οὐκέτι
2700 1955 3107 2028 φιλανθρωπίας
3139 1959 3197 2011 τὸ
3234 1958 3413 2030 ἔργον.
3450 1962 3561 2014 Καὶ
3606 1958 3717 2016 οἶδα

2146 2043 2242 2111 μὲν
2270 2043 2350 2095 ὃτι
2384 2045 2638 2112 φορτικός
2659 2046 2776 2114 εἰμι
2798 2048 2913 2109 τοῖς
2942 2047 3231 2103 ἀκούουσιν
3254 2066 3268 2081 ’
3293 2050 3427 2104 ἀλλά
3446 2051 3500 2104 τί
3527 2054 3711 2118 πάθως

2142 2134 2235 2197 Εἰς
2264 2134 2420 2188 τοῦτο
2444 2138 2650 2205 κεῖμαι,
2691 2137 2786 2191 καὶ
2823 2138 2885 2191 ού
2915 2140 3194 2211 παύσομαι
3232 2141 3403 2195 ταῦτα
3429 2142 3622 2211 λέγων,
3656 2146 3714 2199 ἄν

2139 2244 2200 2279 τε
2226 2227 2449 2297 γένηταί
2466 2244 2518 2281 τι
2544 2226 2728 2290 πλέον,
2750 2229 2816 2282 ἄν
2840 2245 2901 2282 τε
2924 2230 3115 2300 μηδέν.
3144 2232 3209 2284 Τί
3230 2233 3336 2303 γάρ
3361 2250 3443 2285 σοι
3468 2233 3713 2303 βούλεται

2139 2319 2200 2373 τὸ
2237 2319 2416 2374 σοϐεῖν
2460 2320 2554 2373 ἐπὶ
2588 2320 2687 2393 τῆς
2737 2321 2976 2392 ἀγορᾶςς
3020 2324 3093 2395 μὴ
3136 2323 3243 2395 γὰρ
3277 2327 3482 2395 μεταξὺ
3513 2326 3711 2397 θηρίων

2141 2414 2485 2483 περιπατεῖς.
2515 2413 2597 2467 ὅτι
2629 2413 2957 2478 ἀπελαύνεις
2979 2417 3107 2479 τοὺς
3140 2417 3598 2487 ἐντυγχάνονταςς
3626 2420 3712 2489 Μὴ

2140 2504 2381 2575 φοϐηθῇς
2401 2520 2415 2535 ⁸
2443 2505 2619 2569 οὐδεὶς
2637 2506 2821 2561 δάκνει
2846 2507 2953 2561 τῶν
2979 2509 3335 2579 προσιόντων,
3365 2511 3459 2563 καὶ
3494 2509 3711 2580 πλησίον

2141 2612 2224 2649 σοι
2274 2594 2615 2665 βαδιζόντων.
2674 2598 2813 2651 Ἀλλ’
2855 2597 3012 2669 ὓϐριν
3055 2602 3161 2670 ἡγῇ
3213 2600 3274 2653 τὸ
3311 2602 3449 2669 μετά
3500 2602 3711 2655 πάντων

2141 2686 2524 2756 συμϐαδίζεινς
2561 2688 2673 2741 Καὶ
2709 2689 2878 2760 πόσης
2905 2690 3079 2744 ταῦτα
3116 2691 3330 2760 μανίας,
3360 2694 3532 2762 πόσης
3564 2710 3711 2764 τεραο

2137 2777 2386 2843 τωδείας,
2418 2778 2508 2831 τὸν
2556 2780 2655 2849 μέν
2686 2781 2848 2833 ἱππον
2892 2781 3118 2852 πλησίον
3148 2784 3414 2853 ἑπόμενον
3446 2787 3523 2855 μὴ
3566 2788 3708 2855 νομί-

2139 2868 2251 2933 ζειν
2275 2869 2461 2941 φέρειν
2505 2871 2682 2942 ὓϐριν,
2713 2874 2997 2941 ἄνθρωπον
3042 2875 3121 2942 δέ,
3158 2876 3208 2928 εἰ
3241 2877 3315 2947 μὴ
3358 2878 3465 2930 ἀπὸ
3509 2880 3706 2949 μυρίαν

2138 2960 2419 3016 ἐλαύνοιτο
2446 2963 2696 3032 σταδίων,
2724 2966 3104 3037 καταισχύνειν
3130 2968 3413 3037 ήγεῖσθαις
3454 2972 3518 3022 Τί
3547 2971 3599 3023 δὲ
3622 2972 3706 3025 καὶ

2137 3054 2331 3116 παῖδας
2368 3054 2695 3125 ῥαϐδούχους
2728 3056 2892 3125 ἔχεις,
2923 3058 2997 3121 ὠς
3016 3058 3221 3122 δούλοις
3248 3062 3585 3131 κεχρημένος
3603 3065 3705 3125 τοῖς

2137 3144 2463 3214 ἐλευθέροις,
2494 3147 2698 3216 μᾶλλον
2725 3146 2781 3199 δέ
2805 3148 2967 3211 αὐτὸς
2995 3150 3193 3213 παντὸς
3221 3151 3545 3223 ἀτιμότερον
3570 3154 3703 3206 οἰκέ-

2136 3255 2228 3291 του
2252 3236 2360 3301 ζῶν
2384 3255 2399 3303 ;
2430 3240 2524 3291 καὶ
2540 3240 2648 3310 γὰρ
2670 3241 2869 3304 παντὸς
2887 3241 3267 3313 εὐτελέστερος
3295 3244 3509 3298 οἰκέτου
3537 3247 3565 3297 ό
3586 3262 3702 3298 τοσ-

2136 3330 2295 3383 οῦτον
2351 3334 2664 3403 περιφέρων
2692 3332 2880 3402 τῦφον.
2909 3334 3012 3387 ma
3041 3334 3199 3388 τοῦτο
3228 3336 3349 3390 ούδέ
3370 3337 3587 3406 ὄψονται
3615 3339 3702 3406 τὴν

2134 3419 2305 3483 ὅντως
2342 3420 2654 3491 ἐλευθερῶν
2691 3422 2741 3473 οἰ
2775 3420 2852 3491 τῷ
2898 3422 3121 3493 χαλεπῴ
3150 3424 3327 3493 τούτῳ
3376 3425 3701 3478 καταδουλώο

2137 3527 2327 3573 σαντες
2361 3512 2586 3575 ἑαυτοὺς
2616 3512 2797 3566 πάθει.
2833 3513 2897 3565 Εἰ
2920 3512 3029 3583 γὰρ
3060 3513 3384 3568 ἀπελαύνειν
3409 3515 3585 3584 βούλει
3617 3516 3701 3570 καὶ

2136 3602 2337 3665 σοϐεῖν,
2381 3604 2456 3673 μὴ
2477 3604 2603 3666 τοὺς
2638 3604 2979 3676 προσιόντας,
3013 3604 3147 3659 ἀλλά
3172 3604 3264 3659 τὸν
3305 3605 3472 3674 τῦφον
3503 3608 3700 3660 ἀπέλα-

2136 3712 2227 3748 σον
2250 3712 2263 3727 ·
2300 3695 2375 3765 μὴ
2410 3694 2499 3748 διὰ
2540 3693 2634 3748 τοῦ
2678 3696 2889 3761 παιδὸς,
2926 3696 3061 3751 ἀλλά
3090 3696 3179 3750 διὰ
3211 3698 3438 3753 σεαυτοῦ
3470 3714 3481 3726 ·
3519 3700 3594 3770 μὴ
3637 3701 3695 3769 τῇ

2138 3785 2363 3855 μάστιγι
2393 3784 2585 3857 ταύτῃ,
2636 3786 2774 3841 ἀλλὰ
2804 3790 2870 3859 τῇ
2904 3792 3269 3859 πνευματικῇ.
3306 3789 3419 3843 Νῦν
3461 3792 3558 3861 μὲν
3600 3793 3697 3861 γάρ

2136 3895 2229 3931 σου
2276 3880 2305 3931 ὁ
2357 3882 2487 3941 παῖς
2536 3879 2830 3934 ἀπελαύνει
2876 3883 3001 3945 τοὺς
3046 3882 3495 3949 συμϐαδίζοντας,
3545 3886 3604 3939 σὲ
3646 3884 3696 3936 δὲ

2133 3964 2338 4018 ἄνωθεν
2380 3968 2413 4037 η
2454 3968 2682 4022 ἀπόνοια
2713 3969 3084 4041 αἰσχρότερον,
3122 3972 3153 4041 ἢ
3195 3973 3412 4043 οἰκέτης
3449 3974 3539 4027 τὸν
3573 3976 3697 4044 πλη-

2136 4058 2271 4112 σίον.
2309 4059 2405 4112 Ἂν
2430 4059 2487 4112 δέ
2522 4060 2629 4113 ἀπὸ
2654 4060 2747 4113 τοῦ
2785 4062 2951 4115 ἵππου
2990 4064 3253 4127 καταϐὰς,
3302 4065 3500 4137 ἐλάσῃς
3538 4068 3695 4137 αὐτὴν

2131 4149 2221 4202 διὰ
2251 4150 2349 4220 τῆς
2374 4152 2899 4223 ταπεινοφροσύνης,
2931 4153 3260 4225 ὑψηλότερον
3298 4156 3497 4227 καθεδῇ
3531 4159 3620 4210 καὶ
3644 4161 3693 4209 ἐν

2135 4240 2343 4311 μείζονι
2375 4242 2571 4296 σαυτὸν
2611 4243 2976 4313 καταστήσεις
3017 4246 3171 4314 τιμῇ,
3213 4244 3364 4298 οὐδὲν
3393 4245 3486 4297 τοῦ
3519 4247 3692 4307 παιδὸς

2131 4334 2213 4395 εἰς
2244 4331 2403 4386 τοῦτο
2433 4333 2704 4405 δεόμενος.
2738 4335 2903 4387 Ὅταν
2925 4334 3034 4405 γὰρ
3058 4335 3274 4405 μέτριος
3298 4338 3584 4407 γενόμενος
3604 4356 3692 4407 x3.-

2135 4424 2235 4493 μαὶ
2270 4423 2514 4495 βαδίζῃς,
2540 4424 2631 4477 ἐπὶ
2658 4424 2749 4477 τοῦ
2782 4426 3057 4495 ὀχήματος
3091 4427 3288 4497 καθεδῇ
3314 4430 3415 4497 τῆς
3457 4444 3690 4480 ταπεινο-

2133 4515 2406 4586 φροσύνης
2431 4516 2524 4570 τοῦ
2554 4517 2714 4587 μέχρι
2744 4518 2853 4571 τῶν
2884 4519 3128 4589 οὐρανῶν
3162 4535 3219 4571 σε
3253 4519 3565 4587 ἀνάγοντος,
3604 4519 3687 4572 τοῦ

2131 4610 2367 4678 πτηνοὺς
2395 4608 2609 4679 ἔχοντος
2658 4612 2892 4675 ἵππους·
2932 4612 2997 4665 ἂν
3026 4612 3082 4664 δὲ
3126 4611 3417 4664 ἀποπεσὼν
3469 4612 3685 4675 ἐκείνου,

2130 4702 2209 4765 εἰς
2234 4701 2295 4753 τὸ
2325 4702 2421 4771 τῆς
2449 4702 2597 4774 [586]
2623 4704 2940 4768 ἀλαζονείας
2972 4703 3235 4773 μεταϐῇς,
3263 4704 3369 4756 τῶν
3397 4706 3566 4775 χαμαὶ
3600 4721 3685 4756 συ-

2134 4791 2375 4861 ρομένων
2406 4795 2655 4864 ἑρπετῶν
2677 4795 2831 4847 οὐδὲν
2859 4795 3082 4864 ἄμεινον
3117 4794 3410 4857 διάκεισαι,
3444 4796 3573 4848 ἀλλά
3600 4796 3685 4846 καὶ

2129 4882 2456 4955 ἀθλιώτερον
2486 4884 2662 4955 πολλῷ
2685 4886 2783 4938 καὶ
2806 4884 3184 4956 ἐλεεινότερον.
3228 4886 3365 4949 Τοὺς
3391 4886 3489 4956 μὲν
3517 4886 3614 4956 7&9
3652 4886 3681 4953 ἡ

2130 4975 2224 5027 τοῦ
2257 4976 2508 5045 σώματος
2535 4979 2782 5046 πήρωσις
2811 4976 2954 5030 οὕτω
2984 4976 3386 5044 καταναγκάζει
3422 4978 3679 5048 σύρεσθαι,

2129 5066 2189 5119 σέ
2217 5067 2274 5119 δὲ
2308 5068 2339 5136 ή
2373 5066 2473 5135 τῆς
2496 5067 2813 5132 ἀλαζονείας
2836 5069 3007 5132 νόσος.
3037 5069 3144 5122 Kal
3173 5069 3279 5138 7&9
3314 5069 3441 5136 Πᾶς
3468 5074 3499 5124 ό
3524 5067 3682 5137 ὑψῶν

2125 5158 2362 5224 ἑαυτὸν,
2401 5160 2554 5229 φησὶ,
2587 5162 3116 5228 ταπεινωθήσεται.
3161 5162 3256 5214 Ἰν’
3279 5157 3373 5215 οὖν
3403 5166 3477 5231 μὴ
3509 5178 3681 5213 ταπει-

2127 5250 2408 5319 νωθῶμεν,
2432 5251 2567 5305 ἀλλὰ
2587 5252 2910 5323 ύψωθῶμεν,
2939 5255 3030 5306 ἐπί
3054 5253 3113 5306 τὸ
3136 5253 3262 5322 ὕψος
3295 5253 3530 5322 ἔλθωμεν
3552 5252 3678 5303 ἐκεῖ-

2126 5360 2204 5398 νο.
2232 5344 2388 5398 Οὕτω
2410 5346 2645 5416 γὰρκαὶ
2688 5347 2995 5401 ἀνάπαυσιν
3023 5347 3328 5416 εὑρήσομεν
3358 5348 3476 5408 ταῖς
3499 5344 3678 5412 ψυχαῖς

2126 5437 2281 5507 ἡμῶν
2310 5438 2451 5491 κατὰ
2468 5438 2559 5491 τὸν
2587 5437 2729 5492 θεῖον
2758 5438 3024 5511 χρησμὸν,
3072 5438 3164 5491 καὶ
3191 5438 3290 5507 τῆς
3326 5435 3550 5507 ἀληθοῦς
3593 5432 3676 5483 καὶ

2124 5528 2465 5601 ύψηλοτάτης
2497 5527 2893 5599 ἐπιτευξόμεθα
2916 5530 3080 5598 τιμῆς
3102 5543 3114 5555 ·
3143 5522 3210 5597 ἦς
3244 5526 3450 5594 γένοιτο
3486 5528 3676 5580 πάντας

2124 5620 2270 5688 ἡμᾶς
2328 5622 2625 5692 ἐπιτυχεῖν,
2682 5622 2863 5693 χάριτι
2897 5622 2994 5675 καὶ
3046 5618 3448 5690 φιλανθρωπία,
3490 5614 3574 5669 καὶ
3615 5612 3676 5664 τά

2126 5711 2270 5782 ἑξῆς.
