3802 6214
122 285 177 339 53
1020 256 1087 313 rx
1126 254 1343 312 artsr.
1386 252 1405 308 l
1474 251 1569 307 AD
1605 248 1759 307 con.
1805 247 2038 307 nontL.
2080 212 2192 307 xc.

121 396 201 460 mut
223 401 358 446 autem
382 397 475 442 tunc
497 379 804 438 accidebat?
848 377 929 433 Ex
954 391 1019 433 eo
1040 373 1185 446 quod
1210 369 1552 443 superabun-

121 490 232 549 ahat,
257 480 468 539 scatebaut
490 491 713 532 vermes.

146 575 391 630 Deliciarum
433 573 606 641 fructus
652 566 907 633 corruptio
959 568 1055 615 est.
1084 585 1161 600 —-
1186 558 1298 615 lloc
1343 569 1558 628 quoque

122 668 254 722 incin
272 666 336 719 his
352 662 629 732 experimur.
655 652 909 711 Alimenti
930 656 1073 707 enim
1098 663 1348 705 mensura
1367 644 1557 701 eadem

121 772 146 815 .t
173 758 397 819 omnibus;
421 767 561 808 unum
589 748 732 805 enim
762 754 1006 801 ventrem
1052 742 1338 810 implemus
1370 756 1383 793 :
1416 736 1557 808 apud

145 859 310 912 autem,
333 846 403 917 qui
428 842 640 914 expleris
666 837 894 901 deliciis,
925 843 1005 890 est
1039 832 1155 903 plus
1176 830 1455 886 stercoris.
1490 827 1559 882 Et

122 950 190 994 :ut
212 940 299 994 illic
319 938 361 992 in
385 933 603 990 domibus
628 930 717 1001 qui
747 929 865 998 plus
890 923 1229 994 colligebant,
1260 936 1417 992 quam
1446 927 1563 977 erat

122 1032 381 1096 institutum,
420 1042 506 1082 non
545 1037 739 1079 manna
779 1015 1193 1089 eongregabant,
1247 1014 1341 1069 sed
1386 1012 1565 1084 plures

127 1140 252 1179 rmes
272 1132 316 1179 et
341 1119 636 1193 putredinem
667 1134 680 1169 :
706 1115 776 1169 ita
808 1112 969 1167 etiam
1003 1110 1054 1163 in
1081 1107 1287 1164 deliciis
1316 1114 1370 1163 et
1393 1106 1443 1161 in
1473 1121 1567 1160 su-

125 1213 424 1270 rabundantia
446 1226 536 1265 non
560 1208 679 1279 plus
705 1203 966 1267 alimenti,
990 1199 1085 1255 sed
1116 1199 1233 1269 plus
1260 1198 1565 1265 corruptio-

121 1313 433 1379 ;congregant
465 1302 544 1373 qui
574 1298 747 1355 ventri
781 1295 1058 1363 indulgent
1107 1301 1161 1345 et
1209 1288 1564 1344 inebriantur.

123 1404 151 1457 d
178 1412 330 1457 tamen
355 1398 429 1469 qui
467 1410 599 1451 nunc
643 1401 787 1456 sunt,
836 1398 983 1443 tanto
1026 1393 1152 1441 sunt
1196 1384 1300 1438 illis
1333 1383 1567 1453 pejores.

121 1495 177 1550 od
220 1493 283 1548 illi
311 1490 492 1563 quidem
530 1487 631 1541 hoc
671 1483 839 1539 semel
872 1480 1035 1552 passi,
1081 1477 1323 1549 castigati
1367 1476 1477 1529 sint
1514 1483 1569 1529 et

128 1588 139 1640 i
181 1583 508 1656 temperarint;
546 1579 633 1633 isti
661 1586 839 1632 autem
866 1572 1105 1645 quotidie
1146 1570 1289 1625 hunc
1331 1584 1570 1624 vermem

121 1702 125 1725 ι
156 1679 309 1732 ιηιιιιο
332 1673 625 1746 graviorem,
673 1668 725 1722 in
766 1667 957 1722 domos
985 1678 1109 1719 suas
1141 1661 1567 1727 introdueentes,

121 1785 199 1840 [uc
224 1768 429 1823 sentiunt
452 1776 615 1832 neque
642 1760 922 1814 satiantur.
955 1755 1089 1811 Nam
1118 1753 1261 1825 quod
1298 1754 1413 1808 haec
1462 1751 1571 1807 illis

121 1859 354 1925 tsimilia,
386 1854 512 1926 quod
535 1852 599 1907 ad
631 1850 804 1906 inanis
835 1848 1038 1904 laboris
1081 1848 1272 1901 attinet
1307 1845 1570 1900 rationem

121 1950 303 2021 pplicio
328 1948 451 2003 enim
476 1944 585 1999 bzcc
609 1950 734 1999 sunt
766 1940 937 1995 multo
966 1937 1260 2010 graviora),
1292 1937 1416 1993 hinc
1442 1951 1575 1990 con-

122 2058 215 2097 :ra.
247 2040 295 2095 ln
323 2054 417 2110 quo
456 2038 592 2093 enim
623 2033 802 2090 differt
828 2031 980 2087 dives
1006 2046 1039 2086 a
1072 2030 1345 2101 paupere?
1392 2044 1573 2084 nonne

122 2150 179 2185 un
210 2131 366 2186 induit
393 2143 596 2198 corpus,
650 2139 831 2180 nonne
877 2139 1039 2177 unum
1069 2122 1162 2176 alit
1191 2120 1472 2177 ventrem?
1520 2120 1572 2173 in

149 2241 274 2296 ergo
297 2224 401 2294 plus
420 2218 681 2276 abundat?
708 2216 762 2271 In
795 2212 1266 2276 sollicitudinibus,
1290 2212 1339 2267 in
1374 2227 1574 2267 consu-

122 2320 230 2384 nlo,
260 2318 306 2370 iu
324 2332 389 2408 po
414 2312 546 2384 quod
571 2313 683 2367 Deo
711 2324 818 2365 non
851 2313 1036 2380 parcat
1071 2315 1123 2362 et
1149 2304 1390 2367 obediat,
1425 2304 1476 2357 in
1509 2318 1575 2358 eo

121 2410 151 2464 cl
181 2394 387 2463 car'ném
417 2410 739 2473 corrumpat,
786 2402 838 2455 in
865 2412 933 2456 eo
959 2398 1099 2470 quod
1125 2397 1320 2451 anima:
1349 2394 1573 2450 exitium

121 2511 215 2555 rat.
246 2498 362 2553 limo
378 2498 513 2552 enim
532 2502 656 2549 sunt
684 2508 767 2557 ea,
794 2493 845 2546 in
873 2491 1065 2562 quibus
1090 2490 1205 2559 plus
1232 2487 1392 2543 habet
1414 2502 1574 2558 quam

122 2609 230 2659 per.
267 2590 388 2644 Nam
435 2588 478 2643 si
529 2585 725 2641 multos
768 2582 1016 2653 impleret
1063 2590 1304 2642 ventres,
1353 2579 1579 2634 haberet

122 2700 239 2739 1558
277 2680 466 2749 aliquid
496 2678 637 2751 quod
679 2676 902 2742 diceret,
946 2690 1137 2744 nempe
1180 2673 1422 2742 pluribus
1456 2687 1579 2728 esse

121 2794 153 2841 ς.
207 2787 263 2833 et
308 2783 544 2844 sumptus
587 2770 842 2841 majorem
894 2783 1015 2824 esse
1056 2768 1457 2823 necessitatem.
1511 2767 1580 2820 At

121 2886 137 2923 :
168 2883 401 2940 quoque,
427 2865 615 2936 inquit,
646 2862 847 2918 habent
874 2858 1016 2931 quod
1058 2859 1256 2924 dicant,
1288 2857 1430 2929 quod
1459 2857 1580 2927 plu-

130 2960 371 3031 mpleant
405 2968 641 3023 ventres,
674 2968 869 3023 nempe
896 2953 1217 3007 famulorum
1263 2960 1316 3006 et
1357 2950 1581 3005 ancilla-

121 3093 127 3106 .
161 3052 274 3108 Sed
305 3066 408 3106 non
436 3064 503 3105 ex
534 3046 857 3104 necessitate
882 3058 1056 3116 neque
1080 3054 1301 3117 promer
1339 3041 1584 3112 benigni-

121 3163 149 3201 n
204 3154 266 3201 et
312 3142 694 3198 humanitatem
743 3138 846 3195 hoc
886 3138 965 3204 lit,
1011 3137 1106 3192 sed
1150 3135 1321 3191 solum
1367 3145 1585 3208 propter

123 3255 181 3292 in
218 3246 277 3292 et
299 3234 605 3306 superbiam
639 3251 653 3288 :
686 3231 829 3305 unde
859 3244 959 3285 nec
998 3229 1208 3285 admitti
1243 3237 1438 3299 potest.

144 3332 435 3387 Serrorum
477 3327 749 3381 multitudo
777 3326 1104 3395 vituperatur.
1152 3321 1341 3377 Contra
1379 3338 1464 3376 eos
1494 3321 1582 3394 qui

121 3421 444 3475 fanrulorum
472 3418 675 3490 agmine
700 3415 957 3471 incedunt.
983 3442 1058 3456 —-
1083 3413 1192 3468 Cur
1220 3411 1362 3467 enim
1390 3416 1586 3467 multos

121 3524 135 3569 t
162 3510 489 3568 ministros?
516 3510 667 3565 Sicut
691 3509 837 3564 enim
866 3507 923 3562 in
950 3506 1188 3563 vestibus
1215 3513 1270 3559 et
1297 3504 1350 3558 in
1400 3520 1585 3559 mensa

168 3619 312 3659 usus
356 3611 443 3659 est
469 3599 854 3667 attendendus,
903 3600 975 3653 ita
1011 3598 1172 3653 etiam
1204 3596 1259 3651 in
1299 3596 1581 3651 ministris.

143 3703 244 3751 est
283 3709 420 3764 ergo
465 3692 634 3749 usus?
661 3690 851 3747 Nullus
879 3690 1133 3761 penitus:
1165 3703 1271 3744 uno
1316 3689 1459 3743 enim
1505 3689 1588 3743 l'a-

130 3805 318 3845 unum
347 3787 636 3844 dominum
665 3785 841 3841 solum
870 3784 944 3840 uti
973 3791 1270 3854 oporteret,
1298 3782 1384 3837 vel
1411 3781 1588 3853 potius

121 3894 187 3939 ct
222 3891 341 3937 tres
371 3880 630 3937 dominos
670 3891 777 3933 uno
807 3875 1026 3931 famulo.
1054 3873 1108 3931 Si
1153 3882 1331 3930 autem
1363 3873 1465 3928 hoc
1506 3881 1590 3929 est

121 4018 132 4038 ,
173 3973 371 4043 cogita
404 3986 510 4028 eos
546 3971 635 4043 qui
663 3970 870 4025 nullum
902 3968 1122 4033 habent,
1156 3966 1380 4021 faciliori
1403 3973 1585 4019 autem

121 4064 407 4137 peditiori
442 4064 702 4119 fruuntur
728 4060 1028 4117 ministerio
1058 4076 1073 4114 :
1101 4060 1243 4114 Deus
1286 4058 1430 4113 enim
1462 4057 1590 4113 fecit

122 4162 166 4215 ri
203 4160 552 4215 sufficerent
580 4172 699 4223 suo,
724 4156 833 4211 imo
855 4170 983 4210 vero
1010 4162 1063 4208 et
1088 4152 1316 4222 proximi
1350 4152 1592 4206 ministe—

122 4256 145 4307 i
203 4260 414 4307 autem
458 4265 574 4305 non
613 4248 810 4313 credis,
857 4245 979 4301 audi
1025 4244 1244 4299 Paulum
1281 4243 1587 4298 dicentem:

121 4343 390 4398 ritatibus
416 4341 573 4407 meis,
598 4351 644 4395 et
669 4339 731 4393 iis
756 4338 841 4408 qui
863 4352 1055 4391 mecum
1076 4343 1215 4401 sunt,
1240 4335 1590 4390 ministrarum

121 4451 268 4489 mm
304 4432 461 4506 (Act.
494 4432 591 4487 20.
620 4431 731 4499 54).
762 4429 976 4485 Siccine
1009 4426 1171 4483 totius
1200 4425 1415 4497 quidem
1442 4426 1592 4480 orbis

122 4548 124 4557 υ
176 4535 251 4582 et
283 4526 509 4595 dignus
548 4523 693 4579 caelis
734 4537 840 4577 non
886 4519 1240 4577 erubescebat
1283 4518 1593 4573 ministrare

121 4617 481 4674 erabilibns
508 4631 527 4682 ;
572 4624 628 4670 tu
657 4622 835 4670 autem
863 4623 1017 4684 turpe
1039 4626 1163 4668 esse
1191 4610 1364 4678 ducis,
1408 4611 1452 4665 si
1486 4626 1593 4666 non

121 4711 326 4766 πῖθι-ιε
385 4707 607 4763 multos
651 4721 841 4778 greges
887 4703 1300 4775 mancipiorum,
1345 4702 1594 4757 nesciens

126 4822 146 4857 ι
206 4802 335 4857 hoc
367 4816 513 4856 esse
553 4799 696 4870 quod
738 4807 791 4854 te
816 4798 1050 4853 maximo
1092 4794 1259 4851 afllcit
1288 4794 1598 4850 dedecore?

126 4909 246 4950 rea
280 4895 462 4949 enim
492 4891 650 4950 dedit
679 4890 832 4946 nobis
856 4892 995 4946 Deus
1017 4897 1074 4945 et
1102 4903 1291 4943 manus
1331 4896 1385 4943 et
1411 4887 1597 4958 pedes,

129 5003 165 5042 s
208 4986 598 5041 haberemus
626 4983 857 5039 famulis.
898 4980 1083 5053 Neque
1127 4981 1273 5036 enim
1320 4994 1407 5046 eo,
1452 4979 1595 5049 quod

122 5094 295 5150 lpus,
335 5078 740 5134 introductum
767 5074 863 5131 fuit
887 5090 1054 5145 genus
1079 5072 1435 5139 fainulorum;
1472 5088 1594 5127 nam

155 5187 323 5227 cum
364 5170 608 5226 Adamo
635 5174 847 5224 creatus
881 5166 1069 5221 fuisset
1097 5165 1363 5229 famulus;
1396 5163 1489 5219 sed
1517 5172 1602 5218 est

121 5265 376 5323 ηοωιί
405 5274 478 5322 et
508 5256 1126 5320 maletainobedientiar.
1155 5256 1398 5349 gliristus
1422 5265 1602 5313 autem

3134 218 3247 313 ast

1660 380 1782 422 cum
1814 366 2139 432 advenisset,
2171 367 2272 422 hoc
2301 380 2515 439 quoque
2550 366 2711 422 solvit
2745 385 2758 422 :
2786 366 2923 422 Nam
2953 368 3005 424 in
3049 369 3250 427 Christo
3292 354 3297 359 ’

1658 455 1791 513 Just
1811 474 1912 513 non
1942 468 2014 514 est
2052 476 2229 513 servus
2255 476 2414 528 neque
2438 460 2563 515 liber
2591 460 2790 531 (Colat.
2822 462 2875 517 3.
2907 461 3023 533 28).
3055 463 3255 530 Quam-

1664 549 1851 603 obrem
1882 564 1989 604 non
2017 558 2099 603 est
2124 564 2343 604 necesse
2371 549 2569 605 habere
2592 564 2848 607 servum:
2875 553 2919 608 si
2951 564 3127 607 autem
3154 567 3255 608 ne-

1664 655 1818 696 cesse
1833 649 1935 706 est,
1960 657 2147 705 unum,
2176 650 2269 695 aut
2294 641 2580 711 plurimum
2599 642 2754 700 duos.
2778 643 2915 711 Quid
2942 644 3044 699 sibi
3068 645 3252 700 volunt

1666 734 1909 787 examina
1934 733 2336 787 ministrorum?
2357 733 2487 788 Nam
2516 735 2654 788 sicut
2680 736 2767 805 qui
2793 736 3026 792 vendunt
3047 751 3174 790 oves
3198 744 3255 790 et

1667 825 1754 892 qui
1783 838 2006 893 corpora
2051 834 2451 895 cauponantur;
2486 826 2553 883 ita
2598 826 2650 881 in
2697 827 2912 891 balneo,
2945 827 3016 881 ita
3051 827 3104 882 in
3134 829 3254 882 foro

1667 917 1965 987 procedunt
2010 927 2062 974 et
2107 918 2308 973 obeunt
2336 918 2550 974 divites.
2594 918 2701 975 Sed
2742 936 2953 974 summo
2976 920 3098 990 jure
3146 938 3253 975 non

1667 1023 1767 1078 ago
1795 1025 1810 1065 :
1840 1009 1910 1063 sit
1936 1009 2026 1064 tibi
2048 1010 2205 1063 etiam
2228 1008 2497 1065 secundus
2525 1011 2804 1066 minister:
2834 1011 2879 1065 si
2904 1021 3080 1066 autem
3106 1012 3251 1065 mul-

1671 1110 1755 1157 tos
1782 1115 2099 1174 congregas,
2134 1118 2239 1157 non
2267 1102 2367 1157 hoc
2389 1102 2519 1158 facis
2546 1104 2884 1174 benignitatis
2916 1113 2970 1160 et
3000 1104 3251 1159 humani-

1672 1198 1794 1252 tatis
1833 1211 2015 1262 causa,
2060 1196 2155 1251 sed
2199 1198 2304 1252 tuis
2345 1197 2587 1252 serviens
2628 1197 2852 1252 deliciis.
2887 1198 3019 1252 Nam
3065 1198 3109 1251 si
3151 1197 3255 1252 hoc

1672 1287 1801 1344 facis
1823 1303 2009 1343 eorum
2030 1303 2213 1343 curam
2238 1304 2450 1359 gerens,
2476 1289 2528 1343 in
2553 1298 2643 1345 tuo
2668 1289 2967 1345 ministerio
2990 1290 3258 1345 neminem

1672 1398 1925 1453 occupes,
1956 1384 2051 1440 sed
2101 1401 2223 1440 cum
2271 1385 2469 1440 emeris
2506 1392 2560 1439 et
2601 1392 2744 1439 artes
2776 1383 3024 1439 docueris
3055 1393 3113 1438 ut
3156 1384 3260 1439 sibi

1672 1474 1942 1529 sul‘liciant
1972 1475 2039 1531 ad
2070 1477 2265 1531 victum
2298 1474 2615 1545 parandum,
2645 1490 2738 1528 eos
2764 1474 3099 1531 manumitte.
3128 1474 3259 1530 Cum

1671 1578 1851 1623 autem
1881 1566 2061 1639 ﬂagris
2104 1568 2302 1633 caedas,
2351 1585 2473 1623 cum
2521 1568 2572 1623 in
2601 1567 2813 1623 vincula
2842 1567 3123 1636 conjicias,
3153 1584 3261 1622 non

1674 1670 1755 1716 est
1786 1660 1970 1730 utique
1995 1675 2129 1730 opus
2153 1659 2255 1714 hoc
2298 1658 2663 1715 humanitatis.
2698 1659 2764 1715 Et
2793 1660 2904 1713 scio
2933 1659 3147 1730 quidem
3177 1674 3265 1713 me

1673 1768 1794 1809 esse
1820 1754 2105 1808 molestum
2142 1752 2475 1809 auditoribus
2511 1752 2644 1808 :sed
2676 1752 2805 1822 quid
2847 1752 3040 1823 agam?
3074 1752 3128 1807 In
3161 1753 3265 1811 hoc

1675 1847 1883 1918 positus
1920 1861 2063 1913 sum,
2110 1861 2284 1916 neque
2331 1846 2555 1901 cessabo
2585 1845 2701 1900 bme
2739 1846 2943 1913 dicere,
2988 1847 3105 1903 sive
3134 1848 3263 1917 quid

1676 1940 1962 2011 profecere
2007 1941 2123 1996 sive
2154 1957 2282 1995 non.
2313 1938 2453 2006 Quid
2481 1939 2625 1994 enim
2656 1939 2758 1995 sibi
2791 1940 2901 1993 vult
2932 1940 2983 1995 in
3014 1940 3129 1995 loro
3170 1955 3265 1995 su-

1677 2035 1842 2107 perbe
1872 2034 2157 2090 incedere?
2182 2048 2308 2088 num
2339 2033 2476 2087 inter
2502 2031 2644 2087 feras
2686 2032 2955 2099 ambulas,
2982 2032 3127 2103 quod
3165 2033 3267 2087 ob—

1677 2130 1801 2185 vios
1824 2129 2100 2200 expellas?
2144 2128 2222 2183 Ne
2268 2128 2489 2192 timeas;
2537 2125 2715 2180 nullus
2750 2133 2799 2180 te
2830 2124 3043 2181 mordet
3080 2141 3268 2181 eorum

1679 2222 1768 2294 qui
1805 2220 2089 2285 accedunt,
2132 2228 2187 2275 et
2216 2234 2383 2290 prope
2425 2228 2474 2273 te
2517 2216 2857 2288 gradiuntur.
2904 2219 2975 2272 At
3020 2218 3268 2287 injuriam

1680 2313 1957 2369 existimas
1983 2312 2143 2368 simul
2171 2311 2423 2367 inuadere
2445 2309 2882 2393 cum-“omnibus?
2912 2309 2983 2365 Et
3004 2326 3161 2381 quam
3191 2322 3273 2366 est

1679 2410 1784 2467 hoc
1842 2411 2113 2475 insanum,
2167 2423 2328 2480 quam
2375 2388 2763 2478 prodigiosum,
2803 2422 3011 2477 equum
3049 2406 3267 2478 quidem

1682 2517 1850 2572 prope
1889 2510 2207 2572 sequentem
2236 2516 2341 2555 non
2371 2500 2685 2556 exiStimare
2730 2497 2924 2555 all‘erre
2973 2498 3224 2569 injuriam
3253 2515 3267 2564 ;

1681 2591 1955 2647 hominem
1983 2601 2184 2656 autem,
2216 2590 2320 2645 nisi
2348 2590 2531 2645 multis
2560 2590 2805 2661 abigatur
2833 2589 3042 2655 stadiis,
3077 2602 3268 2659 putare

1683 2685 1952 2742 dedecore
1975 2684 2227 2741 allicere?
2254 2682 2391 2752 Quid
2420 2698 2549 2739 vero
2574 2682 2804 2740 famulos
2833 2681 2999 2737 habes
3030 2683 3269 2748 lictores,

1685 2777 1869 2833 liberis
1900 2786 2056 2831 utens
2103 2783 2381 2845 tamquam
2410 2774 2618 2841 servis;
2652 2774 2759 2829 imo
2782 2788 2913 2829 vero
2942 2774 3055 2842 ipse
3085 2773 3276 2843 quovis

1683 2883 1844 2925 servo
1871 2868 2056 2923 vivens
2100 2864 2545 2937 ignominiosiusi
2587 2875 2672 2922 est
2713 2865 2855 2921 enim
2884 2865 3076 2934 quovis
3115 2880 3277 2921 servo

1685 2959 1844 3015 vilior
1882 2965 1939 3015 et
1988 2957 2396 3029 ignominiosior
2448 2957 2537 3029 qui
2592 2967 2793 3013 tantum
2842 2955 3151 3011 circumfert
3189 2955 3272 3011 fa-

1686 3063 1851 3107 stum.
1878 3051 2173 3123 Propterea
2199 3065 2302 3108 nec
2329 3064 2510 3104 veram
2534 3049 2790 3103 videbunt
2825 3048 3149 3112 libertatem,
3180 3049 3271 3119 qui

1686 3159 1747 3203 se
1788 3144 1912 3199 huic
1950 3143 2099 3214 gravi
2144 3142 2309 3197 animi
2340 3142 2470 3197 vitio
2498 3142 2888 3212 manciparent.
2933 3140 2990 3197 Si
3017 3141 3160 3195 enim
3196 3143 3277 3199 vis

1687 3237 1979 3308 expellere,
2022 3234 2364 3306 superbeque
2401 3240 2457 3289 et
2497 3232 2775 3301 magniﬁce
2828 3233 3098 3297 incedere,
3161 3249 3269 3287 non

1687 3329 2030 3395 accedentes,
2070 3326 2168 3383 sed
2201 3325 2396 3381 fastum
2441 3325 2682 3394 expelle;
2723 3339 2828 3378 non
2856 3341 2953 3395 per
2992 3324 3270 3392 famulum,

1688 3420 1783 3475 sed
1806 3435 1902 3491 per
1924 3420 2181 3489 teipsum;
2207 3432 2311 3471 non
2331 3416 2432 3471 hoc
2452 3416 2686 3485 ﬂagello.
2719 3415 2813 3470 Sed
2836 3417 3123 3485 spirituali.
3145 3416 3278 3471 Nam

1691 3527 1835 3567 nunc
1866 3511 2083 3581 quidem
2112 3508 2343 3565 famulus
2386 3517 2512 3563 tuus
2552 3507 2778 3577 expellit
2826 3522 2921 3562 eos
2966 3507 3057 3577 qui
3100 3516 3276 3565 tecum

1690 3605 1989 3671 incedunt;
2022 3610 2075 3657 te
2101 3611 2278 3659 autem
2309 3600 2377 3654 ab
2404 3599 2516 3655 alto
2542 3600 2843 3669 arrogantia
2870 3598 3024 3670 pellit
3052 3602 3277 3671 turpius,

1690 3713 1849 3769 quam
1880 3696 2110 3752 famulus
2136 3695 2464 3766 proximum.
2493 3693 2551 3747 Si
2580 3703 2759 3747 autem
2787 3694 2854 3747 ab
2883 3709 3021 3763 equo
3050 3693 3278 3748 descen-

1691 3790 1827 3846 dens
1850 3805 1969 3845 eam
1989 3787 2236 3859 abegeris
2261 3800 2361 3858 per
2390 3786 2769 3850 humilitatem,
2801 3785 2960 3840 altius
2985 3786 3198 3841 sedebis
3224 3798 3279 3842 et

1693 3884 1748 3940 in
1794 3882 1984 3953 majori
2028 3880 2236 3937 honore
2280 3880 2508 3949 teipsum
2555 3877 2871 3943 conStitues,
2921 3877 2989 3931 ad
3030 3878 3130 3933 hoc
3172 3896 3279 3934 non

1692 3990 1829 4047 opus
1871 3974 2076 4031 habens
2112 3972 2330 4030 famulo.
2363 3968 2588 4040 Quando
2631 3969 2773 4025 enim
2816 3970 3089 4025 modestus
3118 3969 3277 4025 lnnni

1693 4066 1936 4131 incedcs,
1960 4064 2173 4122 sedebis
2195 4065 2247 4119 in
2273 4078 2436 4119 curru
2464 4061 2800 4125 humilitatis,
2818 4062 2907 4132 qui
2937 4072 2988 4116 te
3018 4062 3069 4116 in
3091 4063 3280 4119 caelum

1697 4160 1857 4225 tollit,
1886 4158 1972 4229 qui
2004 4171 2172 4227 equos
2202 4155 2363 4210 habet
2388 4154 2562 4210 alatos
2594 4170 2608 4205 :
2642 4153 2724 4207 sin
2754 4163 2934 4207 autem
2976 4153 3043 4206 ab
3070 4154 3161 4207 illo
3187 4171 3276 4208 ce-

1695 4253 1911 4319 cideris,
1955 4260 2011 4306 et
2052 4252 2104 4305 in
2145 4248 2466 4319 arrogantia:
2507 4262 2724 4301 currum
2768 4246 3065 4311 transieris,
3111 4247 3283 4303 nihilo

1696 4345 1889 4401 melius
1916 4341 2165 4397 afﬁcicris
2192 4355 2351 4411 quam
2380 4346 2656 4407 serpentes
2691 4336 2838 4390 humi
2869 4348 3140 4405 repentes,
3174 4337 3285 4393 imo

1700 4452 1831 4493 vero
1874 4436 2047 4490 multo
2075 4434 2234 4489 vilius
2260 4440 2315 4487 et
2345 4429 2723 4485 miserabilius.
2751 4427 2883 4482 Nam
2920 4427 3041 4483 illos
3069 4429 3282 4498 quidem

1698 4534 1777 4589 sic
1806 4538 2017 4602 reptare
2047 4528 2189 4597 cogit
2208 4524 2474 4581 mutilatio
2495 4521 2759 4591 corporis,
2785 4528 2836 4573 te
2861 4527 3038 4574 autem
3067 4521 3287 4575 morbus

1700 4624 2040 4693 arrogantia
2077 4618 2257 4674 Omnis
2281 4617 2423 4672 enim
2452 4615 2538 4687 qui
2566 4631 2620 4670 se
2643 4611 2861 4679 extollit,
2892 4612 3084 4681 inquit,
3116 4613 3284 4666 Immi-

1701 4713 1907 4769 liabitur
1951 4711 2168 4783 (Matth.
2195 4709 2284 4765 23.
2322 4707 2436 4778 l2).
2483 4706 2563 4763 Ne
2609 4720 2739 4776 ergo
2779 4703 3151 4771 humiliemur,
3187 4703 3281 4759 sed

1703 4807 2044 4875 extollantur,
2075 4806 2350 4861 veniamus
2373 4802 2439 4857 ad
2469 4801 2612 4857 illam
2638 4798 2995 4855 altitudinem.
3024 4799 3110 4854 Sic
3138 4800 3284 4854 enim

1706 4900 2038 4956 inveniemus
2092 4898 2288 4953 nostris
2342 4895 2536 4951 animis
2595 4894 2852 4965 quietem,
2902 4893 3278 4947 convenienter

1706 4994 1887 5049 divino
1926 4992 2165 5058 oraculo,
2214 5002 2510 5059 verumque
2559 4994 2616 5043 et
2662 4986 2980 5041 altissimum
3028 4985 3290 5040 htmorem

1707 5100 2138 5156 consequemur:
2168 5098 2329 5154 quem
2373 5081 2529 5137 detur
2570 5078 2729 5136 nobis
2768 5078 3017 5138 omnibus
3054 5080 3290 5150 assequi,

1707 5180 1875 5252 gratia
1901 5187 1957 5234 ct
1982 5177 2330 5249 benignitate,
2357 5181 2465 5230 etc.
