3802 6214
1167 252 1224 311 S.
1266 248 1546 334 JOANNIS
1573 245 2047 306 CllRYSOSTOMt
2085 242 2405 302 ABCIIIEP.
2444 245 2981 309 CONSTANTINOP.
3669 266 3746 321 5.»

454 399 2452 430 _____________________________

2453 404 3745 432 Ἥ

1775 473 2126 539 HOMILIA
2168 472 2331 536 XLI.

457 633 586 690 CAP.
617 633 705 691 15.
734 649 789 689 v.
816 634 906 690 35.
931 631 1039 690 Sed
1061 631 1194 688 dicet
1230 626 1414 702 aliquis
1443 646 1461 685 :
1486 629 1751 697 Quomodo
1776 632 2045 698 resurgunt

530 727 759 783 mortui?
781 727 920 797 quali
946 733 1115 780 autem
1141 739 1352 794 corpore
1375 721 1621 776 veniunt?
1644 721 1732 776 56.
1768 717 1794 774 1
1800 721 2042 790 nsipiens,

531 826 586 873 tu
613 819 750 890 quod
773 819 1012 884 seminus,
1039 833 1140 872 non
1161 817 1462 884 viviﬁcatur,
1487 813 1586 868 nisi
1610 813 1751 880 prius
1779 811 2045 866 moriatur.

534 910 588 966 1.
630 913 762 966 Cum
790 911 985 982 ubique
1023 911 1167 964 mitis
1191 919 1245 965 et
1273 908 1488 962 humilis
1524 907 1594 962 sit
1618 906 1928 976 Apostolus,
1959 905 2046 960 hic

460 1001 655 1058 acriori
685 1002 849 1056 utitur
873 1002 1136 1066 oratione,
1167 1010 1385 1070 propter
1433 989 1816 1053 absurditatem
1848 1008 2040 1052 eorum

459 1093 550 1163 qui
576 1091 1037 1147 contradieebant.
1065 1091 1250 1161 Neque
1279 1101 1453 1145 tamen
1495 1097 1579 1143 est
1603 1087 1703 1142 hoc
1733 1096 2044 1154 contentus,

461 1183 557 1238 sed
579 1191 634 1238 et
667 1186 905 1238 rationes
931 1182 1148 1238 adducit
1172 1189 1225 1237 et
1256 1181 1519 1250 eXempla,
1547 1195 1611 1234 ea
1644 1181 1852 1234 ratione
1882 1179 2044 1233 etiam

459 1289 726 1345 quemque
750 1273 907 1328 valde
932 1268 1323 1328 contentiosum
1352 1272 1672 1340 reprimens.
1701 1263 1769 1323 Et
1797 1269 2045 1338 superius

461 1365 680 1436 quidem
709 1365 836 1420 dicit
868 1383 881 1419 :
917 1364 1170 1432 Quoniam
1195 1380 1283 1433 per
1307 1360 1558 1416 hominem
1581 1379 1735 1424 mors,
1764 1371 1808 1414 et
1841 1378 1930 1430 per
1956 1359 2047 1414 Ito-

460 1456 650 1510 minem
686 1457 985 1509 resurrectio
1012 1469 1032 1509 :
1061 1454 1146 1508 hic
1172 1469 1300 1508 vero
1346 1452 1508 1507 solvit
1534 1452 1894 1522 objectionem
1924 1468 2046 1522 quze

462 1548 622 1603 ﬁebat
648 1562 677 1601 a
699 1547 968 1618 gentibus.
1004 1545 1132 1601 Vide
1157 1555 1336 1599 autem
1367 1559 1553 1599 rursus
1584 1543 1856 1613 quomodo
1886 1543 2044 1597 diuti-

460 1648 591 1694 nuat
616 1638 1009 1694 vehementiam
1061 1635 1519 1706 reprehensionis.
1551 1633 1664 1690 Non
1693 1633 1828 1688 dixit
1874 1635 2038 1700 cnim,

465 1729 573 1785 Sed
604 1729 832 1784 fortasse
869 1728 1092 1793 dicetis;
1125 1727 1220 1782 sed
1246 1742 1367 1782 eum
1395 1726 1484 1796 qui
1515 1725 1837 1781 contradicit
1867 1725 2046 1794 posuit

461 1821 760 1890 indeﬁnite,
794 1837 859 1877 ne
889 1822 1059 1877 libere
1085 1830 1138 1876 et
1165 1822 1373 1875 acriore
1401 1829 1558 1874 utens
1585 1818 1848 1884 oratione,
1883 1817 2038 1873 audi-

465 1916 612 1970 tores
643 1913 798 1969 valde
826 1914 1164 1984 percelleret.
1200 1913 1354 1968 Ponit
1379 1921 1559 1967 autem
1581 1911 1715 1967 duas
1741 1911 2035 1966 dubitatio-

460 2020 578 2072 nes,
612 2005 755 2061 modi
795 2005 1207 2060 resurrectionis
1250 2011 1306 2060 et
1331 2004 1602 2074 qualitatis
1628 2018 1936 2073 corporum.
1971 2003 2046 2058 De

459 2099 706 2166 utrisque
731 2097 873 2152 enim
910 2096 1224 2152 dubitabant
1250 2096 1491 2151 dicentes
1519 2111 1535 2151 :
1568 2095 1847 2162 Quomodo
1874 2095 2046 2150 susci-

460 2199 604 2245 tatur
625 2189 676 2244 id
694 2187 833 2258 quod
853 2196 935 2242 est
961 2187 1316 2243 dissolutum?
1343 2196 1418 2254 et,
1447 2188 1559 2255 Quo
1578 2204 1790 2258 corpore
1805 2187 2046 2242 veniunt?

459 2282 596 2352 Quid
621 2292 703 2336 est
731 2289 931 2347 autem,
967 2280 1079 2348 Quo
1109 2281 1358 2352 corpore?
1379 2279 1579 2349 Nempe
1611 2281 1713 2334 hoc
1737 2279 1876 2350 quod
1909 2279 2046 2334 inte-

459 2374 570 2440 riit,
598 2371 738 2444 quod
768 2372 944 2442 periit,
986 2386 1054 2426 an
1097 2371 1277 2441 aliquo
1315 2371 1464 2426 alio?
1497 2370 1702 2426 Deinde
1748 2369 2044 2426 ostendens

460 2465 603 2538 quod
644 2478 750 2518 non
781 2469 1025 2533 qumrant
1053 2477 1136 2527 ea,
1171 2461 1240 2516 de
1269 2462 1460 2532 quibus
1498 2461 1789 2528 dubitatur,
1837 2462 1934 2517 sed
1979 2476 2043 2516 ea

457 2573 580 2627 quae
609 2557 660 2609 in
702 2554 951 2609 confesso
979 2561 1124 2618 sunt,
1169 2553 1346 2608 acrius
1374 2553 1610 2607 occurrit
1637 2552 1823 2608 dicens
1858 2570 1872 2606 :
1901 2550 2044 2634 lusi-

460 2651 624 2720 piens,
654 2657 706 2701 tu
734 2646 870 2717 quod
898 2646 1140 2712 seminus,
1183 2661 1284 2699 non
1312 2644 1616 2714 viviﬁcatur,
1645 2644 1746 2699 nisi
1785 2653 2045 2697 mortuum

463 2742 636 2813 fuerit.
668 2739 819 2806 Quod
850 2753 949 2793 nos
975 2752 1187 2808 quoque
1213 2737 1447 2792 solemus
1477 2737 1652 2793 facere
1676 2753 1801 2808 erga
1830 2753 1928 2794 eos
1955 2738 2044 2808 qui

462 2832 838 2888 contradicunt
866 2832 932 2887 iis
957 2831 1024 2886 tle
1051 2830 1243 2900 quibus
1289 2840 1520 2886 constat.
1555 2831 1620 2885 Et
1656 2845 1753 2886 cur
1791 2847 1899 2886 non
1931 2840 2044 2886 sta-

464 2926 562 2981 tim
612 2925 851 2996 confugit
896 2925 964 2980 ad
1007 2924 1098 2980 Dei
1143 2923 1497 2994 potestatem?
1539 2922 1802 2992 Quoniam
1831 2925 2048 2981 disserit

463 3034 588 3074 cum
619 3016 924 3072 inﬁdelibus
953 3035 966 3071 :
999 3032 1120 3071 nam
1151 3017 1364 3087 quando
1392 3018 1550 3072 verba
1581 3016 1709 3072 facit
1734 3017 1877 3088 apttd
1908 3017 2044 3075 ﬁde-

463 3112 563 3180 les,
615 3127 722 3166 non
765 3109 1054 3166 admodum
1104 3125 1239 3180 Opus
1287 3110 1448 3165 habet
1491 3111 1806 3166 ratiociniis.
1851 3112 2048 3179 Quant-

462 3205 646 3260 obrem
669 3219 792 3259 cum
819 3204 940 3258 alibi
963 3203 1209 3268 dixisset,
1237 3202 1640 3274 Transﬁgurabit
1665 3221 1851 3273 corpus
1876 3205 2047 3258 Immi-

463 3299 622 3354 iitatis
659 3307 855 3363 vestrm,
887 3308 940 3350 ut
967 3297 1031 3350 sit
1058 3295 1378 3367 conﬁgurata
1415 3297 1617 3366 corpori
1660 3297 1907 3351 claritatis
1941 3307 2049 3352 sua:

464 3390 729 3460 (Philipp.
761 3391 816 3444 5.
845 3388 960 3459 21),
983 3395 1040 3442 et
1057 3387 1383 3444 ostendisset
1413 3388 1612 3457 aliquid
1636 3389 1866 3458 amplius
1887 3400 2047 3461 quam

462 3482 535 3537 sit
582 3480 938 3544 resurrectio;
974 3493 1078 3533 non
1110 3478 1289 3549 posuit
1314 3478 1582 3548 exempla,
1629 3479 1725 3535 sed
1754 3493 1851 3550 pro
1895 3481 2044 3537 omni

462 3573 919 3630 demonstratione
947 3571 1037 3627 Dei
1065 3579 1384 3641 potestatem
1435 3571 1662 3627 adduxit
1690 3573 1741 3626 in
1788 3573 2044 3641 medium,

467 3666 674 3721 addens
717 3673 772 3721 et
816 3665 1044 3720 dicens:
1075 3663 1368 3720 Secundum
1415 3665 1763 3733 operationem
1806 3668 1917 3739 ejus
1961 3669 2049 3739 qui

468 3758 624 3829 possit
648 3757 892 3827 subjicere
913 3755 1009 3810 sibi
1035 3755 1226 3809 omnia.
1251 3755 1346 3809 llic
1368 3765 1545 3811 autem
1574 3755 1851 3812 ratiocinia
1876 3759 2046 3828 ponit.

465 3849 598 3904 Nam
645 3848 895 3917 quoniam
947 3847 1048 3901 hoc
1086 3845 1419 3902 conﬁrmavit
1465 3863 1530 3902 ex
1579 3847 1888 3918 Scripluris,
1934 3849 2049 3906 lucc

469 3956 680 4012 quoque
705 3939 854 3994 addit
879 3954 943 3994 ex
971 3939 1296 3994 abundantia
1323 3955 1450 4011 erga
1480 3957 1574 3997 eos
1599 3943 1688 4012 qui
1723 3960 1826 3998 non
1855 3956 2048 4015 parent

469 4031 780 4103 Scripturis,
827 4042 880 4086 et
902 4031 1030 4086 dicit
1061 4049 1074 4086 :
1112 4030 1381 4102 lnsipiens,
1407 4042 1460 4086 tu
1487 4035 1624 4104 quod
1667 4037 1906 4092 seminus.
1936 4037 2050 4094 Hoc

466 4134 568 4192 est,
599 4124 749 4194 Apud
777 4125 1002 4195 teipsum
1031 4123 1220 4178 horum
1249 4125 1414 4180 habes
1442 4126 1830 4195 probationem,
1864 4145 1960 4199 per
1986 4145 2050 4186 ea

470 4237 592 4292 qua:
628 4219 758 4274 facis
781 4217 1040 4288 quotidie,
1082 4226 1136 4271 et
1165 4216 1343 4273 adhuc
1387 4219 1649 4290 ambigis?
1676 4221 1965 4292 Propterea
2001 4233 2051 4280 te

471 4327 605 4368 voco
651 4311 1014 4381 insipientem,
1046 4308 1186 4378 quod
1235 4309 1448 4380 ignores
1496 4327 1560 4366 ea
1599 4328 1720 4381 qua:
1765 4323 1879 4369 ate
1919 4315 2052 4370 ﬁunt

469 4403 742 4478 quotidie;
787 4409 843 4456 et
870 4415 989 4455 eum
1037 4399 1152 4471 ipse
1189 4401 1263 4454 sis
1291 4401 1470 4471 upifex
1513 4405 1952 4471 resurrectionis,
1982 4405 2049 4461 de

470 4498 582 4553 Deo
618 4494 850 4550 dubitas.
889 4491 1178 4564 Propterea
1223 4508 1344 4548 cunt
1377 4509 1566 4565 magna
1595 4495 1732 4551 dixit
1779 4497 2044 4567 emphasi,

471 4588 549 4643 Tn
569 4585 706 4658 quod
730 4584 949 4639 seminus
976 4599 994 4638 :
1021 4593 1075 4638 tu
1107 4585 1196 4655 qui
1224 4599 1284 4641 es
1311 4587 1554 4642 mortalis
1579 4597 1632 4643 et
1655 4590 1816 4658 peris.
1842 4590 1908 4644 Et
1932 4592 2052 4647 vide

472 4677 740 4752 quomodo
771 4687 951 4732 utatur
976 4676 1297 4734 dictionibus
1322 4679 1561 4749 subjecto
1587 4692 1903 4752 argumento
1925 4699 2054 4740 Con—

471 4769 806 4842 gruentibus.
850 4766 971 4821 Non
1011 4769 1296 4837 viviﬁcutur
1339 4769 1507 4838 enim,
1541 4771 1730 4842 inquit,
1775 4774 1875 4828 nisi
1913 4792 2053 4830 mor-

472 4872 614 4915 tuum
641 4862 814 4933 fuerit.
849 4860 1088 4931 Propriis
1135 4862 1278 4916 enim
1309 4863 1573 4918 seminum
1621 4867 1826 4923 relictis
1857 4869 2052 4924 dictio-

472 4955 650 5019 nibus,
682 4968 873 5022 nempe
894 4953 1182 5023 germinat,
1210 4954 1450 5023 pullulat,
1484 4961 1745 5024 putrescit
1774 4971 1826 5015 et
1854 4961 2052 5017 dissol-

478 5049 656 5112 vitur;
701 5046 972 5115 adaptavit
1001 5063 1092 5102 eas
1120 5064 1238 5118 qua:
1267 5051 1415 5104 carni
1465 5063 1661 5107 nostra:
1706 5055 2049 5121 conveniunt,

476 5151 668 5204 nempe
704 5134 1002 5205 Viviﬁcatur
1049 5147 1105 5194 et
1150 5138 1411 5194 Mortuum
1439 5143 1612 5212 fuerit,
1651 5145 1794 5214 quod
1836 5147 2053 5214 quidem

476 5244 582 5283 non
613 5236 696 5282 est
722 5230 992 5298 proprium
1033 5233 1318 5298 seminum,
1363 5233 1455 5289 sed
1497 5250 1806 5306 corporum.
1840 5238 1907 5293 Et
1947 5255 2054 5294 non

473 5319 655 5374 dixit:
691 5319 979 5390 Postquam
1021 5332 1290 5378 mortuum
1340 5325 1518 5390 fuerit,
1551 5329 1716 5393 vivit;
1751 5331 1865 5397 sed,
1913 5332 2055 5402 quod

399 5479 412 5492 .
472 5419 557 5466 est
599 5411 794 5482 majus,
824 5422 1106 5484 propterea
1133 5417 1280 5482 vivit,
1313 5419 1564 5489 quoniam
1611 5424 1857 5479 moritur.
1891 5423 2057 5481 Vides

470 5506 635 5578 quod,
675 5509 814 5563 sicut
859 5507 1167 5580 frequenter
1193 5511 1335 5578 dico,
1368 5515 1665 5571 orationem
1696 5532 1912 5588 semper
1935 5535 2058 5574 ver-

471 5609 549 5656 tat
594 5601 645 5656 in
694 5603 1045 5659 contrarium.
1095 5604 1247 5674 Quod
1276 5607 1421 5663 enim
1467 5609 1543 5664 illi
1592 5625 1697 5665 non
1738 5615 2056 5685 resurgeudi

474 5693 779 5752 statuebant
807 5709 928 5754 esse
965 5695 1245 5769 indicium,
1293 5698 1396 5757 hoc
1423 5700 1548 5758 facit
1588 5716 1707 5760 esse
1737 5714 1938 5762 certam
1972 5722 2060 5763 re-

2157 625 2407 695 snrgendi
2435 626 2946 689 demonstrationem
2977 651 2992 690 :
3027 635 3280 693 dicebant
3328 639 3485 696 enim
3525 656 3642 699 non
3681 661 3744 699 rc-

2155 726 2397 785 surgere,
2429 717 2795 788 quoniam'est
2825 736 3119 782 mortuum.
3147 730 3287 797 Qttid
3315 741 3516 788 autem
3546 741 3745 804 opponi:

2155 805 2288 860 ille?
2312 809 2471 878 Atqui
2495 811 2540 866 si
2559 827 2666 867 non
2689 825 2832 870 esset
2854 827 3150 888 mortuum,
3181 837 3289 877 non
3324 827 3742 880 resurrexisset:

2155 906 2208 952 et
2236 909 2516 970 propterea
2549 907 2796 977 resurgit,
2845 911 3095 979 quoniam
3141 922 3226 968 est
3269 927 3590 972 mortuum.
3623 919 3742 974 Siet;

2155 993 2298 1048 enim
2339 995 2587 1053 Christus
2631 1002 2871 1070 apertius
2918 1005 2970 1059 id
3015 1007 3188 1074 ipsum
3236 1011 3519 1074 ostendit,
3555 1013 3738 1080 dicens,

2157 1079 2388 1139 Granum
2414 1089 2677 1158 frumenti,
2717 1095 2760 1146 si
2801 1095 2986 1149 cadens
3025 1099 3076 1151 in
3110 1108 3298 1154 terram
3342 1119 3452 1156 non
3508 1118 3738 1158 martum

2154 1175 2328 1246 fuerit,
2354 1178 2521 1263 ipsum
2552 1183 2713 1236 solum
2736 1197 2903 1241 manet
2929 1203 2949 1240 :
2978 1191 3056 1243 sin
3079 1199 3247 1245 autem
3275 1204 3561 1247 mortuum
3590 1201 3737 1263 funt.

2152 1268 2370 1322 multant
2409 1265 2631 1340 fructum
2670 1267 2820 1343 a/Tert
2868 1277 3048 1347 (Joan.
3095 1281 3183 1336 i2.
3213 1283 3311 1349 24)
3344 1301 3360 1334 :
3391 1285 3560 1340 illinc
3605 1295 3738 1342 etiam

2153 1359 2351 1416 Paulus
2398 1363 2620 1420 trahens
2665 1371 3008 1439 exemplum,
3058 1389 3162 1428 non
3213 1376 3355 1431 dixit
3384 1396 3402 1432 :
3431 1378 3565 1432 Non
3615 1383 3736 1438 vitia

2151 1451 2270 1519 sed,
2300 1453 2422 1508 Non
2465 1457 2786 1526 vivi/icatur;
2835 1478 3021 1518 rursus
3050 1465 3144 1520 Dei
3192 1481 3494 1524 assumens
3528 1484 3738 1540 potesta-

2142 1543 2280 1608 tem,
2311 1554 2367 1601 et
2393 1548 2686 1606 ostendens
2711 1553 2854 1622 quod
2899 1571 3007 1610 non
3054 1567 3246 1614 natura
3281 1570 3474 1627 teme,
3515 1567 3620 1619 sed
3649 1567 3738 1636 ipse

2152 1637 2463 1694 universum
2493 1651 2768 1709 operatur.
2803 1645 2868 1699 Et
2907 1661 3003 1702 cur
3028 1665 3133 1704 non
3163 1651 3398 1708 adduxit
3435 1657 3493 1709 in
3524 1659 3736 1711 medim

2151 1725 2204 1781 id
2229 1729 2370 1798 quod
2399 1734 2515 1785 erat
2544 1735 2952 1792 convenientius
2993 1749 3049 1795 et
3095 1745 3268 1812 magis
3301 1748 3623 1815 prepr‘ium,
3667 1768 3736 1805 δια

2149 1834 2293 1884 men,
2339 1820 2576 1891 inquam,
2613 1823 2944 1884 humanum?
2973 1846 3093 1886 nam
3125 1843 3280 1890 ortus
3307 1851 3545 1907 quoque
3585 1855 3741 1896 [mehr

2149 1908 2339 1980 incipit
2362 1927 2392 1966 a
2423 1919 2770 1986 corrUptione
2791 1921 2929 1976 sicut
2952 1935 3006 1978 et
3031 1923 3312 1982 frumenti.
3343 1929 3630 1998 Quoniam
3651 1953 3735 1987 me

2149 2012 2274 2058 sunt
2297 2001 2414 2062 haec
2444 2009 2613 2077 paria,
2654 2003 2751 2066 sed
2780 2013 2882 2068 hoc
2907 2026 2989 2071 est
3013 2019 3208 2088 majus.
3241 2021 3466 2087 Qumrit
3492 2029 3637 2080 enim
3660 2033 3738 2080 ali-

2149 2095 2276 2164 quid
2310 2097 2593 2169 integrum,
2628 2104 2771 2172 quod
2797 2120 3207 2180 corrumpatur;
3244 2114 3384 2170 illud
3416 2129 3605 2173 autem
3632 2138 3731 2189 pars

2150 2191 2689 2258 eratzquamobrem
2734 2194 2836 2251 hoc
2883 2198 3034 2255 allert
3082 2202 3136 2256 in
3184 2205 3470 2265 medium.
3518 2213 3734 2280 Alieqtia

2149 2286 2327 2333 autem
2369 2280 2498 2336 illud
2537 2284 2752 2354 quidem
2780 2291 3023 2358 procedit
3067 2307 3095 2345 a
3129 2295 3384 2364 vivente,
3436 2311 3496 2356 et
3553 2304 3606 2356 in
3631 2321 3734 2358 vce-

2149 2379 2286 2427 trem
2309 2373 2494 2430 incidit
2518 2379 2816 2437 viventem:
2847 2383 2934 2438 hic
2961 2394 3139 2442 autem
3163 2405 3272 2444 non
3305 2391 3362 2446 iu
3389 2407 3638 2462 carnem,
3664 2405 3734 2453 sed

2149 2461 2204 2520 in
2235 2475 2430 2522 terram
2459 2474 2718 2528 sementis
2745 2474 3011 2545 dejicitur,
3057 2490 3111 2535 et
3159 2483 3214 2537 in
3260 2498 3394 2540 eam
3426 2461 3732 2552 dissolvitur.

2149 2556 2290 2614 sicut
2317 2575 2512 2632 corpus
2542 2576 2834 2622 mortuum.
2878 2570 3238 2636 Quamobrem
3289 2577 3398 2633 hac
3431 2597 3647 2652 quoque
3673 2603 3735 2638 rs-

2151 2651 2296 2708 tione
2321 2663 2437 2709 erat
2460 2659 2764 2728 exemplum
2802 2665 3232 2724 convenientius.
3265 2670 3361 2726 ‘57.
3404 2671 3476 2727 Et
3500 2651 3590 2743 qui
3611 2695 3734 2729 sear-

2150 2754 2259 2811 nat,
2289 2763 2390 2801 non
2427 2764 2614 2820 corpus
2651 2752 2788 2822 quod
2815 2756 3043 2824 futurum
3074 2769 3147 2812 est
3190 2763 3447 2817 seminat.
3483 2765 3618 2820 Nam
3641 2786 3736 2837 qu:

2153 2837 2301 2906 prius
2332 2839 2548 2908 quidem
2577 2841 2720 2897 dicta
2749 2853 2896 2912 sunt,
2926 2858 3173 2917 spectant
3197 2852 3265 2906 ad
3296 2855 3603 2912 dicendum
3625 2877 3736 2929 qus-

2151 2929 2311 2984 modo
2364 2943 2687 3004 resurgant;
2735 2935 2839 2992 hoc
2878 2947 3056 2995 autem
3099 2943 3167 2998 ad
3209 2944 3589 3004 dubitandum
3637 2967 3734 3006 cm

2151 3023 2292 3092 quali
2319 3039 2544 3095 corpore
2569 3029 2807 3084 veniant.
2837 3031 2974 3099 Quid
3021 3044 3103 3090 est
3148 3047 3362 3106 autem,
3399 3040 3536 3096 Non
3579 3062 3736 3114 corpu

2150 3115 2285 3180 quod
2303 3115 2533 3184 futurum
2558 3127 2630 3173 est
2649 3122 2904 3177 seminus?
2930 3124 3047 3180 Non
3073 3128 3282 3198 spicam
3317 3133 3623 3204 integram,
3653 3154 3736 3190 nos

2153 3205 2477 3264 frumentum
2507 3226 2719 3268 recens.
2751 3213 2847 3270 Hic
2885 3218 3028 3272 enim
3061 3235 3166 3274 non
3193 3225 3449 3294 amplius
3489 3227 3562 3281 ad
3591 3246 3740 3284 resur-

2152 3298 2448 3354 rectionem
2477 3313 2686 3372 speetat
2712 3307 2904 3375 oratio,
2928 3301 3022 3364 sed
3053 3311 3119 3366 ad
3142 3313 3370 3369 modum
3402 3324 3688 3376 resurrecti
3713 3351 3740 3362 ρ

2152 3391 2256 3455 nis,
2285 3392 2582 3463 cujusmodi
2627 3407 2708 3452 est
2737 3413 2934 3468 corpus
2963 3402 3104 3471 quod
3144 3414 3229 3460 est
3268 3421 3735 3466 resurrecturum:

2152 3499 2347 3555 nempe
2384 3501 2454 3540 an
2483 3484 2608 3555 tale,
2649 3502 2716 3543 an
2751 3490 2941 3546 melius
2989 3503 3042 3548 et
3071 3495 3315 3565 clarius;
3369 3510 3429 3554 et
3462 3502 3537 3557 ab
3577 3506 3735 3558 eodem

2151 3577 2398 3646 exemplo
2431 3581 2594 3634 sumit
2625 3589 2931 3653 utrumque,
2960 3586 3254 3644 ostendens
3285 3592 3444 3660 quod
3493 3595 3550 3649 id
3579 3597 3644 3650 sit
3665 3613 3738 3650 re-

2151 3665 2514 3724 8urrecturuttt
2545 3672 2711 3727 multo
2739 3674 2947 3730 melius.

2221 3761 2276 3815 2.
2311 3761 2499 3817 Contra
2528 3764 2788 3820 Ita'reticos
2811 3770 2897 3839 qui
2925 3769 3154 3825 dicebant
3189 3773 3343 3828 aliud
3369 3793 3576 3847 corpus
3600 3798 3739 3834 rem.

2151 3870 2288 3924 gere.
2314 3885 2386 3895 —-
2411 3856 2516 3911 Sed
2546 3857 2782 3913 hmretiei
2807 3861 2937 3915 niltil
2965 3861 3154 3917 horum
3183 3866 3576 3938 intelligentes
3601 3875 3738 3927 insul-

2154 3953 2298 4012 tant,
2348 3956 2403 4002 et
2445 3947 2629 4004 dicunt
2666 3966 2680 4002 :
2723 3953 2965 4008 Alterum
2992 3971 3186 4026 corpus
3214 3960 3360 4013 cadit
3384 4002 3400 4026 ,
3435 3973 3502 4017 et
3529 3967 3734 4022 alterum

2152 4037 2407 4109 resurgit.
2439 4039 2721 4107 Quomodo
2747 4058 2877 4115 ergo
2904 4050 3267 4104 resurrectio?
3289 4051 3413 4122 ejus
3440 4055 3601 4110 enim
3621 4063 3734 4125 qna-tl

2153 4131 2348 4186 cecidit
2399 4141 2483 4187 est
2522 4137 2866 4191 resurrectio.
2914 4137 3013 4193 Ubi
3060 4149 3144 4195 est
3184 4151 3369 4197 autem
3413 4145 3735 4202 admirati-Is

2156 4224 2244 4278 illa
2267 4235 2321 4280 et
2345 4241 2464 4296 qua:
2492 4227 2804 4296 opinionem
2831 4241 3049 4300 superat
3093 4233 3359 4290 adversus
3399 4250 3644 4295 mortem
3679 4245 3735 4292 ri-

2155 4319 2322 4372 ctoria
2351 4358 2366 4384 ,
2397 4319 2440 4373 si
2473 4320 2613 4375 aliud
2647 4321 2789 4376 cadit
2829 4333 2884 4379 et
2925 4324 3066 4380 aliud
3097 4328 3371 4398 resurgit?
3398 4346 3592 4401 neque
3619 4335 3734 4388 enen

2156 4409 2246 4464 illa
2269 4411 2448 4481 utique
2467 4422 2717 4468 cernetur
2739 4414 3034 4473 reddidisse
3053 4419 3321 4488 captivum
3346 4424 3502 4493 quod
3532 4437 3730 4493 accept.

2157 4503 2434 4569 Quomodo
2461 4515 2638 4560 autem
2671 4507 2734 4561 iis
2760 4525 2878 4578 qua:
2903 4507 3041 4564 dicta
3069 4519 3192 4565 sunt
3217 4517 3732 4571 conveneritexem-

2163 4604 2348 4673 plum?
2378 4621 2481 4659 non
2508 4605 2650 4660 enim
2673 4607 2773 4662 alia
2796 4608 3010 4678 quidem
3042 4611 3340 4667 seminatur
3356 4619 3629 4674 essentia.
3653 4621 3730 4667 sla

2158 4683 2335 4752 autem
2367 4699 2617 4769 resurgit,
2649 4699 2745 4754 sed
2785 4701 2972 4756 eadem
2999 4703 3203 4758 melior.
3247 4704 3356 4760 Sed
3384 4721 3578 4777 neque
3601 4707 3732 4763 Chri-

2159 4797 2273 4842 stus
2304 4787 2442 4843 idem
2473 4804 2667 4858 corpus
2696 4793 3008 4860 susceperit,
3035 4793 3126 4864 qui
3154 4793 3251 4850 fuit
3285 4796 3550 4866 primitiae
3575 4815 3730 4854 resur-

2157 4881 2396 4950 gentium
2423 4898 2438 4947 ;
2467 4883 2559 4938 sed
2583 4924 2598 4948 ,
2627 4884 2918 4940 secundum
2943 4901 3040 4942 vos
3062 4927 3078 4954 ,
3111 4888 3242 4943 illud
3265 4891 3491 4959 quidem
3521 4892 3728 4962 abjec't,

2157 4963 2370 5028 etiamsi
2401 4974 2532 5029 nihil
2561 4987 2876 5045 peccasset,
2909 4980 3116 5050 accepit
3159 4989 3338 5035 autem
3376 4982 3558 5038 aliud.
3604 4985 3728 5040 [auc

2161 5080 2290 5136 ergo
2315 5066 2496 5120 aliud?
2525 5083 2644 5121 nam
2677 5067 2777 5123 hoc
2801 5069 3012 5138 quidem
3043 5085 3109 5126 ex
3148 5071 3375 5141 virgine,
3409 5073 3549 5129 illud
3575 5086 3727 5128 autem

2163 5155 2337 5211 unde?
2370 5155 2550 5210 \‘idcn‘
2575 5157 2640 5210 ad
2676 5169 2926 5227 quantam
2955 5160 3338 5216 absurditatem
3375 5162 3629 5218 devoluta
3665 5177 3728 5219 at

2163 5247 2374 5303 oratio?
2403 5248 2510 5302 Cur
2535 5250 2678 5303 enim
2720 5251 2954 5306 ostendit
2983 5251 3178 5324 ﬁguras
3201 5263 3256 5308 et
3297 5255 3529 5325 vestigia
3571 5259 3728 5312 clare-

2163 5339 2323 5394 rum?
2351 5355 2527 5394 annon
2570 5339 2670 5396 hoc
2693 5341 2876 5396 volens
2903 5344 3189 5398 ostendere
3213 5385 3227 5407 ,
3260 5345 3389 5398 illud
3420 5347 3599 5414 ipsum
3628 5364 3725 5401 esse

2167 5433 2307 5504 quod
2337 5434 2478 5488 cruci
2507 5433 2605 5488 fuit
2627 5435 2872 5500 afﬁxum,
2901 5446 2958 5492 et
2985 5438 3158 5507 ipsum
3186 5442 3592 5497 resurresisse?
3613 5442 3726 5509 Quid

2165 5528 2264 5582 sibi
2296 5528 2406 5582 vult
2428 5543 2640 5599 quoque
2667 5529 2832 5600 ﬁgura
2857 5529 3041 5585 Jonze?
3072 5549 3177 5586 non
3204 5533 3345 5588 enim
3368 5533 3508 5588 alius
3535 5537 3727 5606 quidem

2168 5619 2266 5675 fuit
2297 5621 2580 5691 absorptus
2602 5663 2618 5689 ,
2645 5622 2784 5677 alius
2818 5633 2996 5678 autem
3027 5624 3078 5678 in
3113 5633 3305 5680 terram
3327 5627 3536 5694 t-jt-ctns
3562 5628 3726 5681 Jonas.

2166 5711 2301 5780 Quid
2333 5713 2491 5768 etiam
2519 5711 2726 5768 dicebat
2748 5754 2763 5781 ,
2793 5712 2986 5771 Solvite
3015 5715 3258 5788 templum
3287 5717 3402 5784 lter,
3437 5729 3484 5772 et
3515 5721 3569 5773 in
3588 5717 3726 5772 tribu
