3802 6214
129 263 211 322 555
1057 241 1124 298 IN
1164 237 1386 297 EPIST.
1431 235 1450 290 Ι
1513 232 1606 292 AD
1646 229 1807 288 COR.
1856 223 2094 283 IIOMIL.
2132 225 2276 281 XLI.

1223 359 3254 390 Μ

133 381 1219 415 W

3139 227 3272 286 356

1454 451 1705 508 OMIAIA
1743 447 1882 501 MA’.

131 569 255 624 am
275 566 469 636 έρεττις.
495 561 625 627 πῶς
657 558 984 636 ἐγείρονται
1011 547 1496 636 augmen.“on
1527 543 1596 636 εξ
1695 537 1877 636 W-
1911 534 1982 636 ’9
2013 533 2161 636 γάρ-
2185 529 2466 636 me“?
2496 533 2695 636 έκετγοι
2729 531 3036 636 mw?"
3065 531 3280 636 “535.”:

173 616 640 708 6gpvart—l-iévhéftdi
661 616 709 708 ᾗ.
735 616 984 708 ’Ᾰφρογν
1015 624 1096 678 σὺ
1129 623 1160 676 ὃ
1189 616 1477 690 ἀπείρεις,
1521 616 1594 668 οὐ
1694 626 2037 690 ἀνίστασθαι,
2069 625 2225 678 τοῦτο
2249 623 2345 678 τοῦ
2376 622 2697 678 ἀνίστασθαι
2715 625 2952 676 ποιεῖται
2979 623 3278 703 ἀπόδειξιν·

180 693 478 773 ζωοποιεῐτίιῖξ
494 703 601 756 ἐὰν
621 699 708 770 μὴ
739 693 1035 763 ἀποθάνῃ.
1377 748 1388 756 κ

172 822 229 870 α’,
254 813 449 881 Ἥμερος
474 803 542 856 ὢν
569 800 773 870 σφόδρα
806 798 900 850 καὶ
935 791 1190 855 ταπεινὸς
1218 793 1246 844 6
1271 784 1596 847 Ἀπόστολος

121 877 352 972 πανταχοῦ,
365 877 563 951 ἐνταῦθα
583 889 675 943 καὶ
697 883 1133 959 πληκτικώτερον
1150 879 1226 952 τῷ
1241 879 1384 972 λόγῳ
1405 877 1599 946 κέχρη-

121 1015 182 1050 ται
207 969 283 1047 διά
299 989 379 1060 τήν
400 982 605 1040 ἀτοπίαν
655 979 764 1032 τῶν
792 975 1204 1044 ἀντιλεγόντων.
1239 971 1314 1024 Οὐ
1349 969 1456 1040 μὴν
1490 969 1596 1037 ἀρ-

121 1091 253 1141 ιεῖται
275 1080 435 1149 τούτῳ,
455 1074 578 1128 ἀλλά
621 1071 716 1126 καὶ
743 1069 1036 1138 λογισμοὺς
1064 1065 1159 1119 καὶ
1178 1061 1598 1134 παραδείγματα

121 1179 272 1248 τίθησι,
301 1172 379 1226 καὶ
412 1167 489 1221 τὸν
511 1164 720 1235 σφόδρα
761 1160 1064 1231 φιλόνεικον
1301 1151 1492 1248 χειρού
1504 1167 1600 1220 με-

121 1239 206 1329 Ioc:
224 1263 314 1316 Καὶ
330 1256 552 1327 ἀνωτέρω
588 1251 686 1324 μέν
717 1264 901 1320 φησιν·
921 1245 1160 1312 Ἐπειδὴ
1183 1244 1255 1297 δι’
1281 1239 1598 1309 ἀνθρώπου

121 1355 375 1416 ςθὰνατος,
398 1348 481 1402 καί
498 1345 570 1399 δι’
587 1340 903 1410 ἀνθρώπου
929 1338 966 1405 ἠ
989 1335 1346 1399 ἀνάστασις·
1365 1331 1600 1386 ἐνταῦθα

122 1452 144 1503 ὲ
169 1444 400 1502 ἀντίθεσιν
424 1439 528 1492 λύει
557 1438 689 1507 παρ’
741 1432 1010 1503 Ἐλλήνων
1036 1427 1426 1498 εἰσαγομένην.
1490 1423 1600 1476 Καὶ

121 1558 180 1613 ρα
203 1536 304 1600 πῶς
320 1533 458 1588 πάλιν
484 1527 850 1596 ὑποτέμνεται
869 1522 929 1575 τὸ
961 1514 1597 1613 σφοδρὸν-τῆςδιαϐολῆς.

121 1608 157 1684 ίὺ
187 1632 280 1700 γὰρ
325 1621 475 1687 εἶπεν,
534 1619 672 1672 Ἀλλ’
706 1616 837 1679 ἴσως
885 1615 1079 1684 ἐρεῖτε,
1151 1609 1265 1663 ἀλλ’
1299 1608 1602 1675 ἀδιόριστον

121 1722 274 1775 έθεικε
311 1717 390 1770 τὸν
415 1711 768 1780 ἀντιλέγοντα,
828 1705 915 1758 ἵνα
969 1705 1110 1774 μετά
1146 1700 1332 1764 ἀδείας
1361 1713 1603 1766 καταφο-

122 1808 479 1883 ικῷχρὼμενος
516 1802 594 1874 τῷ
639 1801 804 1868 λόγῳ.
855 1796 934 1866 μὴ
989 1794 1193 1866 σφόδρα
1254 1791 1436 1863 πλήξῃ
1475 1791 1603 1883 τοὺς

121 1882 365 1966 κούονταςο
397 1899 478 1954 καὶ
499 1896 679 1967 τίθησι
705 1893 797 1946 δύο
829 1888 928 1952 τάς
959 1888 1352 1959 ὲπαπορήσεις,
1371 1883 1464 1937 τοῦ
1483 1882 1607 1954 τρό-

121 2017 174 2052 ου
226 1996 315 2064 τῆς
342 1991 671 2051 ἀναστάσεως
689 2027 703 2052 ,
733 1985 829 2039 καὶ
857 1987 959 2057 τῆς
985 1983 1270 2052 ποιότητος
1295 1977 1404 2032 τῶν
1428 1977 1608 2048 σωμά-

122 2106 195 2141 υν.
249 2086 349 2139 Καὶ
394 2081 493 2152 γὰρ
537 2078 665 2149 περί
703 2076 1030 2148 ἀμφοτέρων
1059 2073 1301 2145 ἡπόρουν
1335 2068 1604 2137 λέγοντες·

121 2180 189 2242 ῶς
219 2175 466 2245 ἐγείρεται
502 2171 561 2224 τὸ
592 2168 873 2234 διαλυθέν;
905 2167 1022 2230 καὶ,
1056 2166 1210 2231 Ποίῳ
1258 2161 1483 2231 σώματι
1511 2158 1606 2226 ἕρ-

121 2280 302 2329 rrtat,‘
338 2261 465 2316 Τίδέ
496 2262 630 2324 ἐστι,
659 2259 816 2326 Ποίῳ
851 2256 1118 2327 σώματι;
1178 2248 1301 2307 Οἷον
1331 2251 1507 2320 τούτῳ
1533 2247 1610 2318 τῷ

121 2359 329 2430 ὶαρέντι,
359 2353 432 2425 τῷ
459 2350 776 2414 ἀπολωλότι,
809 2349 842 2421 ἢ
873 2347 1044 2420 ἑτέρῳ
1065 2345 1209 2414 τινί;
1237 2341 1370 2398 Εἶτα
1399 2342 1611 2404 δεικνὺς

124 2451 217 2504 ιού
251 2448 316 2502 τά
344 2442 779 2517 ἀμφιϐαλλόμενα
827 2439 1102 2510 ζητοῦσιν,
1149 2435 1288 2490 ἀλλά
1313 2435 1382 2489 τὰ
1406 2434 1614 2505 ὡμολο-

122 2541 300 2612 μένα,
375 2535 570 2598 εὐθέως
623 2531 1068 2604 πληκτικώτερον
1129 2530 1346 2599 ἀπαντᾷ
1414 2527 1609 2595 λέγων·

121 2645 304 2699 φρον,
366 2625 444 2679 σὺ
491 2623 523 2678 ὃ
578 2623 848 2690 σπείρεις
895 2623 967 2674 οὑ
990 2619 1367 2682 ζωοποιεῖται,
1402 2617 1510 2670 ἐὰν
1525 2616 1612 2685 μὴ

121 2717 339 2785 ποθάνῃ.
370 2715 540 2786 Ὅπερ
570 2715 660 2767 καί
682 2714 845 2784 ἡμεῖς
878 2710 1150 2782 εἰώθαμεν
1193 2711 1367 2762 ποιεῖν
1392 2706 1616 2760 ἐπὶτῶν

121 2815 159 2874 ἴς
189 2807 621 2880 ὡμολογημένοις
653 2803 1060 2874 ἀντιλεγόντων.
1101 2802 1212 2855 Καὶ
1240 2799 1384 2864 τίνος
1430 2798 1618 2852 ἕνεκεν

121 2920 144 2954 ιι
178 2899 380 2963 εὐθέως
433 2898 524 2952 ἐπὶ
556 2896 654 2968 τὴν
692 2895 923 2965 δύναμιν
959 2891 1053 2947 τοῦ
1087 2891 1221 2944 Θεοῦ
1262 2890 1570 2959 κατέφυγεν
1600 2906 1616 2956 ;

121 3011 167 3045 τι
200 2991 447 3054 ἀπίστοις
478 2988 803 3056 διαλέγεται.
843 2986 1010 3038 Ὅταν
1043 2984 1143 3055 μὲν
1193 2982 1300 3054 γὰρ
1335 2981 1471 3051 πρὸς
1526 2999 1620 3034 πι-

121 3085 202 3148 ›ὺς
237 3081 386 3153 αὐτῴ
417 3083 446 3134 6
469 3080 626 3149 λόγος
651 3076 709 3152 ᾖ,
756 3079 817 3131 οὺ
843 3076 1048 3148 σφόδρα
1099 3075 1270 3129 δεῖται
1319 3072 1637 3143 λογισμῶν..

121 3177 242 3246 ἱπερ
304 3172 475 3226 εἰπὼν
535 3168 793 3240 ἀλλαχοῦ,
849 3169 931 3222 ὅτι
985 3166 1510 3234 Μετασχηματίσει
1556 3165 1623 3216 τὸ

121 3284 209 3337 μα
233 3264 341 3335 τῆς
364 3262 779 3327 ταπεινώσεως
796 3259 964 3329 ὑμῶν
984 3261 1070 3324 εἰς
1093 3257 1157 3312 τὸ
1180 3256 1457 3327 γενέσθαι
1473 3255 1625 3323 σύμ-

121 3378 269 3431 )ρον
290 3357 373 3424 τῷ
405 3357 631 3426 σώματι
655 3353 765 3422 τῆς
790 3352 977 3421 δόξης
1001 3351 1209 3412 αὑτοῦ,
1256 3349 1350 3403 καὶ
1384 3347 1545 3401 πλέον
1571 3365 1624 3400 τι

121 3451 518 3512 ἀναστάσεως
551 3445 945 3515 ἐνδειξάμενος,
981 3444 1042 3496 οὐ
1095 3443 1306 3496 τέθεικε
1363 3440 1624 3512 παραδεί-

121 3561 242 3605 ιτα,
275 3538 398 3594 ἀλλ’
423 3537 550 3591 ἀντὶ
598 3536 780 3605 πάσης
816 3533 1147 3597 ἀποδείξεως
1201 3529 1295 3583 τοῦ
1351 3530 1487 3583 Θεοῦ
1527 3529 1626 3599 τὴν

121 3649 263 3703 αμιν
289 3632 375 3694 εἰς
429 3627 597 3700 μέσον
623 3627 800 3698 ἡγαγε
827 3624 1088 3696 προσθεὶς
1118 3623 1212 3676 καὶ
1243 3621 1436 3685 εἰπὼν,
1467 3621 1628 3674 Κατὰ

122 3741 135 3753 ·
161 3721 494 3791 ἐνέργειαν
521 3718 626 3772 τοῦ
653 3716 950 3770 δύνασθαι
983 3713 1172 3768 αὑτὸν
1199 3713 1299 3768 καί
1327 3711 1627 3775 ὑποτάξαι

121 3813 184 3879 ’ᾧ
222 3814 298 3866 τὰ
322 3799 554 3865 πάντα.
602 3807 869 3864 Ἐνταῦθα
913 3807 970 3860 δὲ
1005 3807 1098 3859 καὶ
1117 3805 1410 3876 λογισμοὺς
1466 3805 1624 3858 κινεῖ.

121 3907 262 3978 τειδὴ
299 3906 421 3977 γὰρ
467 3903 582 3958 ἀπὸ
626 3902 736 3957 τῶν
791 3900 1026 3972 Γραφῶν
1064 3900 1195 3953 αὐτὸ
1233 3897 1626 3962 κατεσκεύασε,

129 3998 328 4054 ταῦτα
370 3993 742 4066 προστίθησιν
795 4010 861 4046 εκ
908 3991 1232 4061 περιουσίας
1261 3989 1452 4042 λοιπὸν
1490 3989 1630 4059 πρὸς

121 4109 131 4149 :
162 4089 237 4142 οὐ
261 4085 640 4156 πειθομένους
678 4079 830 4154 [387]
867 4081 987 4144 ταῖς
1019 4080 1057 4131 Γ
1063 4081 1284 4150 ραφαῖς,
1319 4077 1410 4131 καί
1443 4092 1626 4148 φησιν’

121 4195 280 4248 ρον,
317 4175 410 4232 σὺ
453 4173 489 4228 ὃ
539 4175 826 4242 σπείρεις.
877 4170 1159 4234 Τουτέστι,
1216 4171 1372 4239 Παρά
1428 4166 1629 4222 σαυτοῦ

167 4268 488 4334 ἀπόδειξιν
540 4266 684 4337 ἔχεις
719 4263 950 4326 τούτων,
984 4263 1052 4318 δι’
1096 4256 1171 4315 ὧν
1200 4261 1460 4334 πράττεις
1510 4261 1630 4315 καθ’

121 4377 263 4431 ι-την
321 4359 582 4430 ἡμέραν,
640 4357 736 4410 καὶ
769 4353 1132 4427 ἀμφιϐάλλεις
1168 4353 1284 4418 En;
1323 4354 1421 4406 Διὶ
1459 4351 1634 4406 ταῦτά

122 4470 330 4525 φρονα
380 4450 572 4516 καλῶ,
600 4451 680 4504 ὅτι
712 4449 781 4502 τά
811 4447 932 4501 καθ’
963 4446 1181 4518 ἡμέραν
1237 4446 1340 4500 ὑπὸ
1371 4445 1464 4498 σοῦ
1486 4447 1632 4514 γινό-

121 4564 133 4598 ι
167 4545 454 4612 ἀγνοεῖς,
476 4543 576 4596 καί⁹
598 4541 758 4603 αὐτὸς
798 4539 1132 4610 δημιουργὸς
1185 4537 1534 4600 ἀναστάσεως
1556 4536 1634 4591 ὢν

133 4634 306 4690 Θεοῦ
342 4632 748 4705 ἀμφιϐάλλεις.
785 4631 876 4684 Διὸ
901 4631 1104 4702 σφόδρα
1128 4629 1473 4702 ἐμφαντικῶς
1498 4625 1638 4694 εἷπε,

121 4725 520 4792 ὅσπείρεις,
555 4724 619 4777 σὺ
657 4725 685 4776 6
716 4721 908 4793 θνητὸς
968 4723 1063 4774 καί⁹
1089 4721 1482 4792 ἀπολλύμενος.
1531 4721 1642 4774 Καὶ

121 4817 265 4879 πῶς
305 4819 455 4878 ταῖς
487 4814 700 4880 λέξεσιν
733 4813 950 4876 οἰκείως
977 4815 1042 4883 τῇ
1076 4813 1413 4886 ὑποκειμένῃ
1445 4812 1645 4884 κέχρη-

133 4907 442 4962 πσθέσει.
468 4906 559 4957 Οὐ
587 4901 947 4964 ζωοποιεῖται
1006 4902 1136 4974 γὰρ,
1167 4904 1353 4973 φησὶν,
1403 4903 1514 4956 ἐὰν
1553 4902 1642 4972 μὴ

121 5001 325 5067 ῖὰνῃ.
372 4998 510 5060 Τάς
568 4996 676 5067 γάρ
704 4994 910 5058 οίκείας
942 4993 1120 5060 λέξεις
1150 4995 1260 5049 τῶν
1313 4995 1646 5066 σπερμάτων

121 5111 171 5156 ;,
211 5087 360 5143 οἷον
399 5089 477 5142 τὸ
521 5087 835 5158 βλαστάνει,
874 5087 970 5140 καὶ
1003 5087 1222 5157 φύεται,
1254 5088 1349 5140 καὶ
1385 5088 1644 5157 σήπεται,

128 5183 480 5247 ωιλύεται,
510 5181 613 5245 τάς
645 5180 1009 5251 καταλλήλους
1041 5181 1252 5252 ἥρμοσε
1309 5183 1373 5250 τῇ
1396 5181 1558 5250 σαρκὶ
1581 5183 1644 5250 τῇ

121 5281 285 5350 ἐρα,
337 5277 418 5330 τὸ
459 5274 842 5329 Ζωοποιεῖται
905 5274 998 5327 καὶ
1035 5271 1354 5341 Ἀποθάνῃ,
1390 5272 1527 5344 ὅπερ
1586 5273 1647 5324 ού

121 5371 374 5441 μάτων
411 5367 637 5438 κυρίως
662 5367 830 5428 ἐστὶν,
860 5364 997 5418 ἀλλά
1043 5363 1332 5435 σωμάτων.
1389 5363 1498 5415 Καὶ
1551 5363 1650 5416 οὐκ

133 5506 153 5529 ,
179 5464 291 5514 ὅτι
337 5460 532 5514 Μετά
550 5459 609 5512 τὸ
625 5457 919 5512 ἀποθανεῖν
941 5455 1034 5528 ζῇ,
1054 5456 1190 5522 ἀλλ’,
1220 5455 1248 5508 ὃ
1273 5455 1456 5526 μεῖζόν
1482 5457 1650 5522 ἐστιν,

121 5554 197 5606 ιὰ
242 5551 463 5605 τοῦτο
520 5550 633 5623 ζῇ,
690 5550 880 5620 ἐπειδὴ
935 5548 1293 5621 ἀποθνήσκει.
1331 5549 1496 5622 Ὁρᾷς
1547 5549 1652 5614 ὅτι,

1697 721 1790 775 καὶ
1817 719 1930 790 γὰρ
1957 719 2142 786 ἔλεγον
2171 716 2270 770 οὐκ
2309 715 2648 779 ἀνίστασθαι,
2682 713 2874 784 ἐπειδὴ
2904 712 3168 767 ἀπέθανε.
3216 713 3283 766 Τί

1695 808 1787 866 οῦν
1822 811 1985 874 αὐτὸς
2014 808 2377 881 ἀντιστρέψας
2433 807 2602 878 φησί;
2649 805 2759 859 Καὶ
2805 804 2911 875 μὴν
2940 806 2988 856 εί
3028 803 3104 875 μὴ
3171 805 3283 857 ἀπ-

1698 901 1910 964 έθανεν,
1961 901 2063 954 οὐκ
2108 899 2172 954 ἂν
2205 900 2444 967 ἀνέστηο
2497 897 2592 950 καὶ
2648 895 2737 948 διὰ
2769 895 2928 948 τοῦτο
2976 894 3284 956 ἀνίσταται,

1698 993 1887 1064 ἐπειδὴ
1914 992 2172 1054 ἀπέθανε.
2213 989 2600 1060 Καθάπεργάρ
2619 990 2647 1041 6
2681 987 2913 1058 Χριστὸς
2943 987 3284 1056 σαφέστερον

1698 1085 1829 1138 αὐτὸ
1870 1085 2030 1138 τοῦτο
2059 1082 2391 1136 ἐνδείκνυται
2420 1080 2615 1151 λέγων·
2663 1080 2726 1132 '0
2785 1080 3007 1144 κόκκος
3038 1077 3146 1132 τοῦ
3188 1078 3285 1130 σί-

1709 1192 1840 1242 του,
1874 1175 1982 1229 ἐὰν
2006 1174 2212 1229 πεσὼν
2240 1175 2326 1238 είς
2351 1172 2466 1238 τὴν
2487 1171 2604 1242 γῆν
2641 1169 2727 1241 μὴ
2778 1167 3072 1237 ἀποθάνῃ,
3104 1170 3288 1235 αὐτὸς

1701 1265 1887 1333 μόνος
1908 1263 2097 1332 μένει·
2133 1261 2243 1316 ἐὰν
2287 1260 2355 1314 δὲ
2375 1259 2886 1328 ἀποθάνῃ,πολὺν
2929 1259 3164 1327 καρπὸν
3182 1258 3287 1326 φέ-

1704 1371 1827 1422 ρει⁶
1882 1353 2091 1407 ἐκεῖθεν
2144 1355 2289 1408 καὶὸ
2333 1351 2543 1415 Παῦλος
2598 1351 2661 1404 τὸ
2715 1352 3070 1423 παράδειγμα
3125 1350 3289 1404 τοῦτο

1701 1446 1955 1510 ἑλκύσας,
1984 1448 2084 1501 οὐκ
2108 1443 2284 1509 εἶπεν,
2314 1445 2394 1498 ὅτι
2420 1444 2494 1496 υύ
2517 1442 2606 1515 ζῇ,
2639 1443 2776 1506 ἀλλ’,
2795 1445 2877 1496 Οὐ
2903 1441 3285 1506 ζωοποιεῖται,

1702 1537 1867 1592 πάλιν
1901 1536 1996 1590 τοῦ
2049 1536 2185 1589 Θεοῦ
2227 1535 2325 1606 τὴν
2383 1534 2612 1605 δύναμιν
2662 1534 3132 1606 παραλαμϐάνων,
3189 1533 3289 1588 καὶ

1701 1630 1913 1691 δεικνὺς
1942 1630 2022 1682 ὅτι
2057 1628 2156 1697 οὐχ
2177 1629 2209 1698 ἡ
2233 1628 2328 1698 τῆς
2351 1626 2452 1696 γῆς
2481 1625 2664 1696 φύσις,
2720 1625 2835 1690 ἀλλ’
2870 1625 3032 1690 αὐτὸ,
3064 1625 3125 1679 τὸ
3180 1627 3290 1679 πᾶν

1704 1719 2020 1790 ἐργάζεται.
2065 1716 2178 1771 Καὶ
2205 1715 2258 1767 τί
2289 1715 2489 1785 δήποτε
2538 1715 2637 1786 οὐχ
2663 1716 2800 1786 ὅπερ
2838 1715 3165 1785 οἰκειότερον
3199 1710 3290 1786 ἦν.

1709 1810 1870 1864 τοῦτο
1920 1810 2128 1879 ἡγαγεν
2158 1808 2238 1870 εἰς
2265 1806 2451 1876 μέσον,
2481 1806 2541 1858 τὸ
2570 1808 2790 1877 σπέρμα
2815 1805 2958 1874 λέγω
2991 1805 3050 1858 τὸ
3077 1805 3292 1876 ἀνθρὼ-

1713 1917 1900 1964 πινον;
1929 1900 2039 1954 Καὶ
2067 1901 2174 1970 γάρ
2201 1901 2296 1951 καὶ
2318 1899 2350 1968 ἡ
2370 1897 2616 1968 ἡμετέρα
2647 1899 2902 1967 γέννησις
2939 1899 3046 1952 ἀπὸ
3085 1898 3293 1969 φθορᾶς

1713 1994 1959 2064 ἄρχεται,
1980 1990 2170 2061 ὥσπερ
2207 1993 2240 2058 ἡ
2273 1989 2365 2042 τοῦ
2395 1989 2563 2044 σίτου.
2600 1989 2722 2041 ’Ότι
2755 1989 2855 2041 οὐκ
2884 1985 2956 2060 ἦν
2989 1989 3124 2053 ἴσον,
3154 1989 3294 2042 ἀλλά

1713 2083 1871 2137 τοῦτο
1895 2083 2078 2136 πλέον.
2123 2081 2449 2152 Ὀλόκληρον
2504 2081 2613 2152 γάρ
2644 2099 2694 2134 τι
2725 2079 2879 2152 ζητεῖ
2911 2081 3292 2152 φθειρόμενον,

1715 2175 1892 2226 ἐκεῖνο
1925 2173 1980 2225 δὲ
2007 2171 2172 2242 μέρος
2193 2168 2284 2243 ἦν’
2303 2171 2491 2242 διόπερ
2509 2171 2669 2224 τοῦτο
2690 2171 2770 2234 εἰς
2796 2171 2960 2241 μέσον
2990 2171 3135 2240 ἄγει.
3168 2172 3298 2225 Ἀλ-

1716 2264 1824 2329 λως
1851 2265 1930 2327 δὲ,
1971 2267 2149 2317 ἐκεῖνο
2183 2264 2283 2334 μὲν
2312 2266 2404 2317 καὶ
2432 2265 2540 2317 ἀπὸ
2567 2263 2768 2327 ζῶντος
2793 2264 3030 2335 πρόεισι,
3083 2265 3180 2319 καὶ
3213 2267 3296 2327 είς

1718 2356 1898 2421 ζῶσαν
1922 2355 2185 2425 ἐμπίπτει
2210 2355 2476 2426 γαστέρα’
2503 2354 2738 2410 ἐνταῦθα
2770 2356 2826 2408 δὲ
2861 2357 2960 2409 οὐκ
2987 2358 3067 2420 εἰς
3093 2357 3296 2428 σάρκα,

1719 2445 1836 2499 ἀλλ’
1868 2447 1948 2508 εἰς
1975 2445 2072 2516 τὴν
2102 2445 2204 2515 γῆν
2227 2447 2254 2498 ὁ
2278 2446 2477 2516 σπόρος
2504 2446 2925 2511 καταϐάλλεται,
2968 2449 3062 2500 καὶ
3089 2449 3170 2511 εἰς
3195 2450 3299 2503 αύ-

1719 2537 1820 2607 τὴν
1847 2537 2140 2599 διαλύεται,
2172 2536 2422 2608 καθάπερ
2476 2537 2536 2590 τὺ
2567 2538 2725 2609 σῶμα
2755 2539 2816 2592 τδ
2864 2539 3146 2610 τεθνηκός.
3208 2542 3303 2594 Διὸ

1722 2629 1816 2682 καὶ
1845 2628 2014 2700 ταύτῃ
2047 2627 2371 2699 οἰκειότερον
2401 2624 2470 2698 ἦν
2492 2625 2562 2680 ττὸ
2587 2629 2910 2699 ὑπόδειγμα.
2945 2631 3098 2684 Καὶό
3129 2631 3303 2685 σπεί-

1716 2738 1865 2790 ρων,
1892 2722 1965 2774 οὺ
1992 2720 2057 2772 τὸ
2077 2719 2249 2789 σῶμα
2282 2718 2348 2772 τὸ
2380 2720 2792 2789 γενησόμενον
2815 2722 3068 2790 σπείρει.
3093 2723 3176 2776 Τά
3201 2722 3302 2793 μὲν

1691 2808 1703 2819 ⁸
1724 2813 1833 2882 γὰρ
1870 2811 2178 2882 ἔμπροσθεν
2205 2811 2490 2881 εἰρημένα,
2553 2811 2688 2882 πρὸς
2722 2811 2782 2864 τὸ
2803 2811 2983 2881 λέγειν
3007 2814 3124 2877 πῶς
3154 2814 3303 2883 ἐγεί-

1695 2967 1698 2972 _
1731 2921 1933 2976 ρονται·
1961 2903 2120 2956 τοῦτο
2156 2903 2234 2965 δὲ,
2292 2902 2428 2972 πρὸς
2477 2902 2538 2956 τὸ
2593 2903 2871 2974 διαπορεῖν
2902 2905 3039 2976 ποίῳ
3087 2906 3304 2977 σώματι

1727 2994 1995 3068 ἔρχονται.
2031 2996 2094 3047 Τί
2123 2995 2180 3047 δέ
2213 2997 2381 3061 ἐστιν,
2429 2996 2512 3048 Οὺ
2560 2995 2626 3048 τὸ
2655 2994 2828 3064 σῶμα
2866 2996 2931 3049 τὸ
2981 2999 3309 3066 γενησόμε-

1729 3103 1842 3140 νον
1879 3086 2181 3153 σπείρειςς
2235 3086 2307 3138 Ού
2370 3086 2571 3156 στάχυν
2618 3086 2932 3156 ὁλόκληρον,
2986 3088 3108 3141 οὐδὲ
3159 3090 3308 3142 σῖτον

1731 3178 1870 3231 νέον.
1915 3177 2178 3230 Ἐνταῦθα
2203 3177 2310 3248 γὰρ
2339 3178 2524 3231 ούκέτι
2555 3178 2688 3248 πρὸς
2711 3177 2811 3249 τὴν
2851 3180 3148 3234 ἀνάστασιν
3171 3181 3200 3232 6
3223 3180 3311 3234 λό-

1703 3272 1706 3276 ‘
1730 3287 1844 3340 γος,
1874 3269 2010 3323 ἀλλά
2045 3269 2182 3340 πρὸς
2208 3271 2299 3322 τὸν
2332 3271 2532 3340 τρόπον
2557 3270 2658 3340 τῆς
2670 3271 3042 3338 ἀναστάσεως,
3060 3273 3307 3327 ποταπὸν

1729 3361 1791 3414 τὸ
1823 3361 1980 3431 σῶμα
2003 3361 2062 3414 τὸ
2096 3361 2286 3430 μέλλον
2311 3360 2653 3426 ἀνίστασθαι,
2719 3357 2832 3415 οἷον
2861 3366 2911 3416 εἰ
2961 3362 3222 3428 τοιοῦτον,
3274 3365 3312 3436 ἡ

1735 3453 1944 3525 βέλτιον
2000 3453 2092 3506 καὶ
2117 3453 2515 3525 λαμπρότερον·
2568 3453 2664 3508 καὶ
2721 3455 3009 3526 ἀμφότερα
3056 3456 3169 3509 ἀπὸ
3212 3457 3310 3510 τοῦ

1734 3543 1899 3598 αὑτοῦ
1958 3544 2354 3615 ὑποδείγματος
2397 3543 2688 3615 λαμϐάνει,
2741 3544 2956 3609 δεικνὺς
2997 3546 3082 3600 ὅτι
3129 3546 3315 3620 πολλῷ

1735 3635 1966 3706 βέλτιον.

1807 3725 1872 3795 β’.
1892 3725 2029 3779 Ἀλλ’
2054 3726 2104 3779 οἰ
2126 3725 2395 3798 αἱρετικοί
2419 3726 2583 3798 μηδὲν
2599 3726 2804 3780 τούτων
2822 3728 3093 3793 συνιέντες
3113 3731 3316 3800 έπιπηυ

1732 3817 1886 3886 δῶσι,
1917 3819 2010 3872 καὶ
2038 3818 2310 3888 λέγουσιν,
2360 3819 2442 3871 ὅτι
2471 3818 2702 3890 Ἕτερον
2749 3819 2906 3890 σῶμα
2946 3819 3173 3888 πίπτει,
3217 3823 3314 3874 καὶ

1735 3912 1921 3983 ἕτερον
1948 3912 2107 3983 σῶμα
2135 3912 2440 3965 ἀνίσταται.
2487 3910 2611 3974 Πῶς
2665 3905 2760 3965 οὖν
2816 3912 3152 3979 ἀνάστασις;
3216 3912 3312 3967 τοῦ

1735 4004 1845 4074 γάρ
1877 4001 2025 4074 [388]
2084 4004 2341 4064 πεσόντος
2401 4003 2607 4074 ἐστὶνή
2641 4003 2955 4067 ἀνάστασις.
3009 4005 3120 4058 Ποῦ
3150 4005 3206 4058 δὲ
3249 4006 3312 4059 τὸ

1737 4095 2046 4167 θαυμαστὸν
2068 4098 2162 4149 καὶ
2194 4095 2498 4167 παράδοξον
2535 4095 2676 4150 κατά
2701 4096 2794 4150 τοῦ
2821 4096 3052 4151 θανάτου
3079 4098 3310 4169 νικητὴ·

1739 4189 1936 4260 ριον,εἰ
1971 4187 2097 4241 ἀλλο
2124 4188 2334 4252 πίπτει,
2366 4188 2460 4241 καὶ
2489 4187 2618 4241 ἀλλο
2650 4189 2965 4254 ἀνίσταται;
2999 4188 3182 4242 οὐκέτι
3207 4188 3319 4259 γὰρ

1740 4281 2038 4351 φανήσεται
2065 4281 2269 4341 ἐκεῖνος
2297 4279 2531 4340 ἀποδοὺς
2559 4279 2694 4349 ὅπερ
2721 4277 2912 4331 ἔλαϐεν
2940 4277 3313 4348 αἰχμάλωτον.

1739 4371 1865 4435 Πῶς
1893 4371 1950 4424 δὲ
1981 4371 2042 4424 τὸ
2068 4370 2368 4441 ὑπόδειγμα
2389 4370 2680 4440 ἀρμόσειεν
2713 4369 2778 4422 ἂν
2800 4372 2910 4432 τοῖς
2963 4369 3277 4440 εἰρημένοις
3301 4387 3316 4435 ;

1737 4465 1798 4518 οὐ
1829 4465 1937 4534 γάρ
1965 4462 2099 4532 άλλη
2138 4462 2236 4533 μὲν
2258 4464 2415 4516 οὐσία
2448 4463 2751 4532 σπείρεται,
2775 4461 2908 4532 άλλη
2935 4460 2992 4513 δὲ
3015 4461 3318 4529 ἐγείρεται,

1737 4547 1852 4601 ἀλλ’
1893 4545 2094 4617 ἡαύτὴ
2126 4545 2369 4614 βελτίων.
2433 4544 2627 4599 Ἔσται
2673 4544 2730 4596 δὲ
2759 4544 2881 4596 οὐδὲ
2921 4544 2949 4595 ὁ
2974 4543 3207 4614 Χριστὸς
3260 4543 3324 4596 τὸ

1739 4629 1870 4683 αὐτὸ
1895 4627 2055 4698 σῶμα
2081 4625 2410 4698 ἀνειληφὼς,
2449 4626 2672 4699 ἀπαρχὴ
2692 4625 2799 4679 τῶν
2823 4626 3200 4696 ἀνισταμένων
3231 4643 3325 4694 γε·

1739 4721 1984 4788 νόμενος·
2015 4719 2150 4774 ἀλλά
2170 4719 2292 4772 καθ’
2325 4719 2469 4791 ὑμᾶς
2492 4721 2668 4771 έκεῖνο
2700 4717 2798 4788 μὲν
2822 4717 3038 4789 ἔρριψε,
3061 4718 3237 4772 καίτοι
3259 4735 3323 4787 γε

1739 4814 1894 4868 οὐδὲν
1931 4813 2280 4884 ἡμαρτηκδς,
2323 4812 2508 4884 ἕτερον
2544 4811 2601 4865 δὲ
2650 4810 2862 4865 ἔλαϐεν.
2919 4811 3090 4865 Πόθεν
3127 4812 3234 4882 ἄρα
3262 4812 3325 4866 τὸ

1741 4907 1927 4975 ἕτερον
1953 4922 1966 4970 ;
1997 4904 2155 4958 τοῦτο
2187 4903 2287 4974 μὲν
2319 4905 2428 4975 γὰρ
2453 4905 2518 4958 ὲκ
2543 4903 3025 4975 παρθένου,ὲκεῖνο
3041 4903 3100 4956 δὲ.
3131 4903 3323 4970 πόθεν;

1755 4995 1918 5067 Ὁρᾷς
1949 4995 2028 5059 εἰς
2053 4995 2185 5066 ὅσην
2219 4995 2451 5048 ἀτοπίαν
2479 4997 2507 5049 ό
2538 4995 2696 5065 λόγος
2725 4993 3042 5066 ἐξεκυλίσθη
3070 5011 3085 5060 ;
3138 4997 3238 5050 Διά
3271 4996 3325 5050 τί

1745 5086 1855 5158 γὰρ
1885 5087 1978 5139 καὶ
2006 5087 2135 5149 τοὺς
2163 5085 2367 5149 τύπους
2409 5086 2652 5140 δείκνυσι
2682 5087 2790 5139 τῶν
2822 5087 3002 5159 ῆλων;
3031 5085 3152 5156 οὐχὶ
3168 5085 3326 5140 τοῦτο

1746 5180 2023 5244 ἀποδεῖξαι
2050 5178 2218 5233 θέλων
2239 5221 2254 5245 ,
2284 5180 2366 5233 ὅτι
2392 5179 2523 5232 αὐτὸ
2554 5179 2728 5234 ἐκεῖνό
2755 5181 2870 5233 ἐστι
2923 5180 2985 5232 τὸ
3033 5178 3326 5233 ἀνασκολο-

1751 5273 1960 5342 πισθὲν,
1995 5272 2086 5326 καὶ
2116 5271 2248 5325 αὐτὸ
2299 5271 2462 5326 πάλιν
2517 5271 2752 5344 ἀνέστης
2810 5271 2875 5324 Τί
2905 5272 2961 5325 δὲ
2991 5272 3084 5324 καὶ
3111 5275 3137 5325 6
3157 5272 3328 5332 τύπος

1753 5367 2000 5440 βούλεται
2032 5361 2180 5434 αὐτῷ
2208 5367 2236 5419 6
2257 5365 2352 5418 τοῦ
2395 5366 2550 5419 Ἴωνᾶ
2571 5383 2586 5432 ;
2610 5367 2669 5420 οὐ
2701 5367 2812 5437 γάρ
2837 5365 3008 5436 δήπου
3041 5363 3200 5426 ἄλλος
3228 5363 3349 5450 μὲν.

1752 5456 2051 5527 κατεπόθη,
2081 5455 2237 5520 ἀλλος
2274 5457 2330 5510 δὲ
2361 5459 2440 5521 εἰς
2472 5459 2572 5528 τὴν
2605 5458 2710 5528 γῆν
2734 5455 2995 5528 ἐξηνέχθη
3033 5457 3238 5518 Ἰωνᾶς.
3262 5454 3328 5506 Τί

1754 5552 1925 5606 δὲκαὶ
1955 5549 2129 5618 ἔλεγε,
2164 5549 2401 5604 Λύσατε
2431 5551 2538 5604 τὸν
2554 5550 2704 5605 ναὸν
2729 5550 2966 5610 τοῦτον,
2997 5547 3094 5600 καὶ
3121 5546 3190 5599 ἐν
3214 5562 3330 5611 τρι-

150 5642 277 5696 ἁεὶ
319 5641 528 5710 λέγω,
574 5641 656 5705 εἰς
689 5638 1001 5697 τούναντίον
1046 5639 1133 5695 ἀεὶ
1165 5639 1488 5716 περιτρέπει
1511 5652 1537 5683 α
1562 5641 1654 5695 τὸν
1757 5646 1863 5701 σὶν
1884 5643 2130 5714 ἡμέραις
2157 5643 2337 5716 ἐγερῶ
2353 5641 2690 5708 αὐτόν;τδν
2714 5640 2820 5710 γὰρ
2847 5639 3108 5709 λυόμενον
3137 5635 3328 5706 δηλον-

121 5746 440 5812 rgebalur
464 5747 742 5810 προτρέπει.

1759 5738 1841 5792 ότι
1873 5735 2060 5792 τοῦτον
2093 5739 2189 5794 καὶ
2222 5736 2435 5806 ἀνίστη.
2487 5733 2576 5788 Διό
2607 5733 2700 5787 καὶ
2740 5729 3078 5801 προσέθηκεν
3103 5728 3132 5781 6
3163 5725 3326 5794 εὐαγο
