3802 6318
398 311 507 376 35⁸1

396 432 674 505 γελιστής,
715 431 797 486 ὅτι
838 425 1098 492 Ἐκεῖνος
1120 425 1189 479 δὲ
1217 425 1391 496 ἔλεγε
1413 421 1548 493 περῖ
1566 421 1674 476 τοῦ
1699 418 1850 475 ναοῦ
1871 413 1978 470 τοῦ

1065 305 1125 362 S.
1161 297 1453 362 JOANNIS
1486 289 1978 359 CHRYSOSTOMI
2015 288 2340 350 ARCIIIEP.
2381 291 2936 352 CONSTANTINOP.

3557 300 3660 356 3338

2083 429 2220 482 νης,
2253 414 2356 469 καὶ
2410 416 2568 483 ἄλλη
2605 417 2756 482 δόξα
2789 417 3080 487 ἀστέρων·
3121 419 3318 488 ἀστὴρ
3343 421 3456 489 γὰρ
3484 421 3662 478 ἀστέ-

396 502 674 596 σώματος
735 520 946 577 αὑτοῦ.
1005 519 1072 572 Τί
1117 513 1210 572 οῦν
1251 534 1437 589 φησιν,
1495 517 1578 569 Οὐ
1615 513 1683 567 τὸ
1715 510 1886 581 σῶμα
1913 507 1980 565 τὸ
2074 519 2188 570 ρος
2205 502 2754 596 διαφέρειένδόξῃ.

398 617 812 689 γενησόμενον
833 611 1134 680 σπείρεις;
1163 602 1480 674 Τουτέστιν,
1507 605 1571 659 οὐ
1597 605 1688 659 τὸν
1717 603 1979 672 ἀσταχυν·

398 711 495 764 καὶ
524 708 634 778 γὰρ
669 705 832 768 αὐτός
853 705 992 768 ἐστι,
1020 701 1116 756 καὶ
1147 701 1248 754 οὐκ
1301 698 1483 761 αὐτός·
1510 695 1673 758 αὐτὸς
1698 694 1844 778 μὲν,
1899 691 1982 744 ὅτι

398 801 538 871 αὐτὴ
566 777 806 869 ήούσία·
842 796 943 847 οὑκ
973 793 1132 855 αὐτὸς
1162 791 1242 855 δέ,
1278 790 1358 842 ὅτι
1386 787 1610 859 βελτίων
1647 777 1826 846 οὗτος,
1885 781 1984 852 τῆς

403 896 503 968 μὲν
532 892 704 958 αὐτῆς
740 890 928 950 οὐσίας
966 884 1257 954 μενούσης,
1285 881 1532 954 μείζονος
1560 879 1618 931 δὲ
1655 877 1752 947 τῆς
1791 875 1984 968 εύπρεο

401 985 563 1047 πείας
595 981 911 1052 γινομένης,
939 978 1032 1031 καὶ
1062 975 1250 1030 καινοῦ
1275 973 1368 1027 τοῦ
1395 969 1563 1025 αὑτοῦ
1591 967 1974 1038 ἀνισταμένου·

403 1075 592 1144 ἐπειδὴ
615 1075 664 1126 εί
693 1072 768 1143 μὴ
794 1071 952 1124 τοῦτο
971 1065 1060 1140 ἦν,
1097 1067 1216 1121 ούδέ
1247 1063 1600 1126 ἀναστάσεως
1648 1060 1778 1125 ἔδει,
1810 1059 1860 1112 εἰ
1907 1057 1982 1130 μὴ

403 1167 613 1239 βέλτιον
651 1163 974 1218 ἀνίστασθαι
1002 1160 1216 1230 ἔμελλε.
1259 1157 1323 1210 Τί
1348 1157 1455 1228 γὰρ
1483 1155 1576 1208 καὶ
1603 1154 1832 1225 καθῄρει
1884 1149 1984 1221 τὴν

401 1258 600 1320 οίκίαν,
629 1258 676 1308 εί
721 1257 794 1326 μὴ
817 1251 1206 1324 λαμπροτέραν
1237 1247 1428 1320 ἔμελλε
1454 1245 1789 1314 οἰκοδομεῖν;
1816 1240 1986 1294 Τοῦτο

401 1349 583 1404 τοίνυν
613 1348 749 1420 πρὸς
776 1348 903 1408 τοὺς
933 1343 1250 1414 νομίζοντας
1275 1341 1376 1409 τὴν
1398 1338 1566 1408 αὐτὴν
1609 1333 1746 1389 εἶναι
1780 1333 1986 1404 φθοράν

404 1440 579 1497 εἶπεν.
607 1438 762 1504 Εἶτα,
789 1440 875 1493 ἵνα
904 1439 978 1510 μὴ
1008 1436 1134 1490 ἀλλο
1166 1453 1248 1498 τις
1285 1433 1446 1488 πάλιν
1473 1429 1794 1501 ὑποπτεύσῃ
1824 1427 1986 1495 σῶμα

405 1533 653 1588 ἐντεῦθεν
671 1530 942 1606 εἰρῆσθαι,
967 1525 1373 1599 παραμυθεῖται
1399 1525 1459 1577 τὸ
1489 1524 1737 1592 αἴνιγμα,
1763 1519 1857 1574 καὶ
1887 1517 1987 1572 αύ-

404 1626 496 1690 τὺς
512 1623 803 1696 ἐρμηνεύει
827 1622 887 1674 τὸ
909 1619 1220 1692 εἰρημένον,
1241 1617 1315 1688 μὴ
1335 1615 1631 1687 συγχωρῶν
1654 1612 1730 1683 τῷ
1746 1610 1984 1680 ἀκροατῇ

405 1714 642 1788 ἀλλαχοῦ
673 1713 956 1786 περιάγειν
994 1712 1094 1782 τὴν
1125 1709 1338 1764 ἔννοιαν
1369 1707 1466 1777 τὴν
1491 1704 1758 1760 ἐντεῦθεν.
1786 1702 1851 1754 Τί
1880 1700 1990 1754 τοί-

405 1817 502 1861 νυν
520 1804 603 1857 δεῖ
623 1802 734 1856 τῶν
759 1802 1043 1873 ἡμετέρων
1074 1800 1286 1868 λόγων;
1366 1797 1630 1849 ’Ᾱκουσον
1673 1791 1838 1847 αὐτοῦ
1899 1789 1989 1843 λέ-

405 1913 595 1968 γοντος
620 1896 715 1949 καὶ
740 1892 1138 1966 ἐρμηνεύοντος
1185 1889 1238 1944 τί
1287 1890 1450 1942 ἐστιν·
1485 1889 1567 1941 Οὐ
1598 1886 1665 1939 τὸ
1698 1883 1870 1954 σῶμα
1919 1882 1989 1936 τὸ

405 1989 820 2060 γενησόμενον
884 1984 1172 2052 σπείρεις.
1234 1979 1451 2043 Εὐθέως
1509 1979 1618 2050 γὰρ
1688 1977 1987 2048 ἐπήγαγεν,

421 2079 601 2135 Ἀλλά
616 2077 849 2149 γυμνὸν
877 2077 1104 2130 κόκκον
1122 2075 1174 2127 ει
1207 2073 1378 2142 τύχοι
1399 2070 1594 2135 σίτου,
1627 2068 1667 2137 ἦ
1690 2085 1852 2133 τινος
1873 2064 1992 2120 τῶν

409 2173 698 2227 τοιούτων
724 2167 1098 2237 σπερμάτων.
1135 2164 1450 2228 Τουτέστιν,
1486 2161 1560 2214 Ού
1617 2159 1680 2212 τὸ
1724 2157 1886 2229 σῶμα
1929 2155 1993 2208 τὸ

410 2260 798 2333 γενησόμενον·
828 2255 939 2311 οἷον
959 2257 1056 2327 ούχ
1084 2256 1228 2309 οὕτω
1246 2271 1311 2307 πε
1322 2251 1728 2325 ριῦεόλημένον,
1751 2248 1870 2303 ούδέ
1893 2265 1993 2301 κα-

411 2353 595 2424 λάμην
638 2351 830 2420 ἔχοντα
867 2351 961 2403 καὶ
991 2347 1304 2419 ἁνθέρικας,
1351 2343 1526 2398 Ἀλλὰ
1572 2341 1807 2411 γυμνὸν
1855 2339 1994 2393 κόκ-

413 2461 547 2511 κον,
575 2445 630 2497 εί
656 2443 829 2512 τύχοι
863 2441 1056 2505 σίτου,
1089 2439 1130 2508 ἦ
1178 2455 1344 2504 τινος
1398 2435 1518 2490 τῶν
1546 2434 1852 2488 τοιούτων.
1883 2431 1995 2486 Kal

414 2539 449 2592 ό
480 2536 628 2602 Θεὸς
659 2534 820 2600 αὑτῷ
849 2533 1056 2586 δίδωσι
1089 2530 1282 2600 σῶμα,
1302 2527 1499 2593 καθὼς
1527 2525 1816 2594 ἠθέλησε.
1862 2525 1993 2587 Ναὶ,

415 2630 602 2701 φησὶν,
634 2627 749 2682 ἀλλ’
783 2628 898 2679 ἐκεῖ
926 2627 1023 2696 τῆς
1055 2623 1272 2693 φύσεως
1317 2621 1380 2673 τὺ
1433 2619 1593 2690 ἔργον
1629 2618 1765 2673 ἐστί.
1826 2616 1995 2680 Ποίας

416 2723 633 2794 φύσεως
653 2761 667 2785 ,
703 2719 821 2773 εἰπέ
849 2734 971 2789 μοις
1024 2719 1120 2770 καὶ
1143 2716 1255 2786 γάρ
1288 2717 1382 2769 καὶ
1407 2717 1523 2768 ἐκεῖ
1558 2712 1619 2766 τὸ
1672 2711 1782 2764 πᾶν
1807 2711 1835 2763 ὁ
1864 2709 1998 2773 Θεδς

417 2812 731 2886 ἐργάζεται,
767 2809 865 2878 οὐχ
911 2809 944 2877 ή
975 2806 1136 2876 φύσις
1165 2806 1285 2861 οὐδὲ
1310 2807 1344 2877 ἡ
1372 2805 1442 2876 γῆ
1470 2804 1592 2858 οὒδέ
1614 2805 1642 2856 ὁ
1674 2802 1849 2866 ὑετός.
1882 2800 2001 2853 Διό-

417 2923 526 2976 περ
561 2904 657 2959 καὶ
683 2901 845 2963 αὐτὸς
869 2897 1040 2953 ταῦτα
1067 2897 1264 2967 δηλῶν,
1298 2897 1394 2951 καὶ
1427 2895 1534 2967 γῆν
1574 2895 1669 2950 καὶ
1693 2893 1848 2948 ὑετὸν
1903 2892 1998 2946 καὶ

418 2998 558 3069 ἀέρα
579 2997 672 3050 καὶ
701 2995 852 3067 ἥλιον
881 2995 974 3048 καὶ
1008 2995 1197 3064 χεῖρας
1245 2990 1558 3060 γεωργικὰς
1579 2989 1759 3059 ἀφεὶς,
1790 2987 2002 3058 ἐπήγα-

418 3107 536 3160 γεν,
550 3089 633 3142 ὅτι
653 3087 716 3141 '0
731 3085 876 3152 Θεὸς
893 3082 1052 3149 αὑτῷ
1068 3083 1273 3137 δίδωσι
1293 3081 1484 3152 σῶμα,
1503 3081 1697 3146 καθὼς
1712 3077 1998 3147 ἠθέλησε.

419 3177 514 3250 Μὴ
563 3177 740 3231 τοίνυν
797 3169 1167 3245 περιεργάζου
1200 3170 1334 3241 μηδέ
1384 3169 1857 3240 πολυπραγμόνει,
1883 3167 2002 3230 πῶς

422 3271 520 3324 καὶ
539 3267 646 3321 τίνι
666 3265 874 3337 τρόπῳ,
900 3264 1028 3316 ὅταν
1049 3259 1183 3314 Θεοῦ
1212 3261 1446 3332 δύναμιν
1475 3261 1570 3314 καὶ
1602 3259 1815 3330 Θέλημα
1835 3255 2003 3310 ἀκούς

425 3379 546 3438 σῃς.
579 3360 688 3417 Kal
717 3357 954 3424 ἑκάστῳ
971 3354 1093 3409 τῶν
1113 3354 1471 3424 σπερμάτων
1511 3353 1578 3406 τὸ
1606 3352 1762 3406 ιδιον
1809 3349 2000 3419 σῶμα.

424 3454 540 3511 Ποῦ
577 3451 756 3506 τοίνυν
777 3448 840 3502 τὸ
864 3447 1178 3519 ἀλλότριον;
1215 3446 1277 3499 τὸ
1302 3444 1412 3516 γὰρ
1437 3444 1566 3499 ῐδιον
1594 3441 2004 3498 δίδωσιν.Ὥστε

426 3546 554 3598 ὅταν
577 3542 734 3614 λέγῃ,
753 3541 837 3594 Οὐ
870 3537 939 3592 τὸ
970 3538 1382 3609 γενησόμενον
1424 3535 1715 3604 σπείρεις,
1755 3533 1817 3587 οὐ
1847 3532 2006 3587 τοῦτο

427 3635 601 3704 λέγει,
636 3633 718 3685 ὅτι
743 3628 876 3700 άλλη
899 3629 1022 3684 ἀντὶ
1043 3627 1208 3700 ἀλλης
1223 3626 1746 3692 οὐσίαςὰνίσταται,
1784 3622 1900 3679 ἀλλ’
1922 3625 2006 3678 ὅτι

431 3723 580 3799 [589]
599 3723 844 3795 βελτίων,
867 3722 949 3775 ὅτι
973 3719 1354 3792 λαμπροτέρα.
1390 3716 1662 3785 Ἐκάστῳ
1691 3716 1822 3787 γὰρ,
1845 3713 2004 3786 φησὶ,

428 3817 548 3873 τῶν
571 3814 928 3884 σπερμάτων
944 3813 1012 3866 τὸ
1037 3812 1193 3866 tam
1209 3810 1398 3881 σῶμα.
1415 3809 1694 3864 Ἐντεῦθεν
1707 3808 1896 3862 λοιπὺν
1911 3807 2006 3861 καὶ

427 3911 527 3982 τὴν
554 3907 817 3980 διαφορὰν
843 3907 1052 3976 εἰσάγει
1077 3904 1178 3976 τῆς
1200 3905 1322 3958 τότε
1344 3901 1608 3976 ἐσομένης
1631 3903 2000 3966 ἀναστάσεως.

428 4001 522 4071 Μὴ
554 3999 682 4070 γὰρ,
716 3997 903 4068 ἐπειδὴ
935 3998 1081 4060 σῖτος
1104 3995 1388 4066 σπείρεται
1422 3995 1518 4049 καὶ
1549 3994 1750 4058 πάντες
1768 3994 2004 4064 στάχυες

431 4090 771 4164 ἀνέρχονται,
803 4088 893 4142 διὰ
922 4087 1080 4142 τοῦτο
1133 4087 1362 4162 νομίσῃς
1390 4087 1485 4141 καὶ
1511 4087 1570 4141 ἐν
1594 4089 1660 4159 τῇ
1709 4088 2003 4141 ἀναστάσει

434 4183 704 4254 ίσοτιμίαν
725 4177 884 4236 εἶναι.
911 4181 1158 4236 Μάλιστα
1185 4181 1286 4253 μὲν
1313 4181 1422 4252 γάρ
1448 4179 1570 4233 οὐδὲ
1601 4183 1658 4234 ἐν
1688 4183 1802 4243 τοῖς
1838 4179 2005 4249 σπέρ-

435 4293 568 4348 μασι
587 4276 685 4348 μία
709 4275 884 4343 τὰξις,
914 4275 1052 4330 ἀλλά
1077 4273 1145 4328 τά
1175 4275 1274 4346 μὲν
1303 4273 1626 4348 τιμιώτερα,
1652 4276 1721 4328 τὰ
1751 4274 1807 4327 δέ
1839 4291 2007 4328 καταο

429 4365 706 4437 δεέστερα.
732 4365 822 4416 Διὸ
843 4367 937 4418 καὶ
971 4365 1273 4436 ἐπήγαγεν,
1313 4364 1581 4432 Ἐκάστῳ
1606 4363 1672 4417 τὸ
1713 4364 1868 4418 ἴδιον
1890 4363 2008 4418 σῶ-

424 4474 530 4527 μα.
557 4457 701 4529 Πλὴν
727 4457 844 4511 ἀλλ’
867 4458 966 4510 ούκ
998 4459 1250 4527 ἀρκεῖται
1279 4457 1474 4528 τούτῳ,
1525 4456 1641 4510 ἀλλ’
1672 4457 1866 4529 ἑτέραν
1905 4455 2005 4527 ζηο

428 4548 789 4621 τεῖδιαφοράν
828 4549 1051 4618 μείζονα
1103 4549 1198 4602 καὶ
1242 4549 1602 4621 σαφεστέραν.
1631 4549 1748 4602 Ἵνα
1796 4550 1905 4620 γὰρ
1931 4549 2006 4621 μὴ

429 4639 688 4704 ἀκούσας,
721 4640 857 4711 ὅπερ
896 4638 1054 4710 ἔφην,
1086 4639 1169 4692 ὅτι
1195 4638 1394 4703 πάντες
1430 4640 1766 4703 ἀνίστανται,
1797 4641 2006 4704 πάντας

429 4732 539 4785 τῶν
559 4732 736 4786 αὐτῶν
785 4731 1079 4786 ἀπολαύειν
1116 4731 1364 4802 νομίσῃς,
1411 4731 1849 4801 προκατεϐάλετο
1905 4733 2006 4803 μὲν

433 4823 528 4877 καὶ
564 4824 622 4877 ἐν
651 4825 761 4887 τοῖς
783 4823 1093 4896 ἔμπροσθεν
1119 4823 1218 4890 τῆς
1252 4823 1459 4886 ἐννοίας
1485 4822 1690 4893 ταύτης
1723 4823 1791 4876 τὰ
1843 4825 2008 4895 σπέρο

438 4930 602 4984 ματα,
640 4913 829 4966 είπὼν·
852 4914 1154 4980 Ἕκαστος
1179 4911 1247 4966 δὲ
1265 4913 1335 4966 ἐν
1351 4910 1430 4977 τῷ
1456 4911 1583 4977 ίδίῳ
1607 4912 1874 4982 τάγματι.
1893 4912 2010 4985 Ἐρ-

434 5003 659 5072 γάζεται
680 5004 737 5056 δέ
761 5006 889 5059 αὐτὸ
919 5007 1247 5079 σαφέστερον
1276 5007 1369 5059 καὶ
1385 5005 1619 5060 ἐνταῦθα
1638 5006 1796 5059 πάλιν
1812 5005 2008 5075 λέγων·

429 5097 512 5148 Οὐ
547 5093 715 5148 πᾶσα
743 5097 901 5164 σὰρξ
932 5098 970 5165 ὴ
1000 5097 1153 5166 αὺτὴ
1182 5098 1360 5167 σάρξ.
1389 5097 1454 5151 Τί
1476 5097 1620 5168 λέγω
1651 5096 1781 5169 γὰρ,
1822 5099 2007 5170 φησὶν,

435 5185 527 5238 ἐπί
549 5185 656 5239 τῶν
688 5189 1048 5260 σπερμάτων;
1084 5190 1304 5244 ἐπὶτῶν
1343 5192 1610 5262 σωμάτων
1642 5191 2011 5262 γυμνάσωμεν

435 5275 569 5329 αύτδ
599 5277 778 5340 τοῦτο,
798 5280 927 5349 περὶ
955 5273 1030 5332 ὧν
1057 5281 1086 5332 ὁ
1113 5280 1268 5349 λόγος
1290 5283 1420 5352 ἡμῖν
1442 5282 1557 5335 νῦν.
1589 5283 1678 5335 Διὸ
1696 5281 1789 5335 καὶ
1818 5281 2012 5350 ἐπάγει

435 5365 636 5433 λέγων’
668 5367 860 5434 ’Λλλη
883 5369 1001 5436 μὲν
1022 5367 1181 5438 σὰρξ
1214 5370 1558 5438 ἀνθρώπων,
1582 5370 1740 5439 ἁλοίη
1775 5370 1844 5424 δὲ
1873 5389 2013 5439 κτη-

387 5511 402 5526 ,
435 5452 582 5516 νῶν,
629 5454 724 5508 καί
762 5453 919 5522 ἄλλη
953 5454 1230 5522 πτηνῶν,
1289 5456 1387 5509 καὶ
1439 5456 1600 5524 άλλη
1631 5457 1872 5526 ἰχθύων.
1899 5457 2010 5512 Kal

436 5541 680 5612 σώματα
729 5543 1076 5613 ἐπουράνια,
1127 5544 1224 5597 καὶ
1273 5543 1517 5615 σώματα
1561 5546 1810 5616 ἐπίγεια·
1871 5551 2012 5604 ἀλλ’

435 5633 607 5700 ἑτέρα
628 5633 743 5702 μὲν
759 5635 796 5703 ἡ
824 5634 942 5688 τῶν
959 5634 1334 5702 ἐπουρανίων
1363 5635 1534 5702 δόξα,
1559 5637 1728 5707 ἑτέρα
1751 5639 1818 5692 δὲ
1838 5640 1876 5708 ἡ
1897 5639 2016 5694 τῶν

435 5724 731 5798 ἐπιγείων·
760 5725 920 5798 ἄλλη
946 5725 1093 5793 δόξα
1115 5727 1423 5798 ἡλίουκαὶ
1462 5729 1620 5802 ἄλλη
1649 5731 1798 5800 δόξα
1823 5734 2010 5803 σελή-

2153 599 2222 663 γ’.
2241 596 2351 649 Καὶ
2365 596 2418 648 τί
2433 594 2682 665 βούλεται
2704 597 2852 665 αὐτῷ
2868 597 3026 651 ταυτὶ
3040 597 3108 651 τά
3126 599 3348 670 ῥήματα
3365 601 3540 665 ;τίνος
3549 603 3654 657 ἐνε-

2083 701 2180 739 κεν
2193 686 2258 738 ἐκ
2282 686 2383 756 τῆς
2407 688 2755 752 ἀναστάσεως
2777 689 2881 759 τῆς
2907 688 3015 742 τῶν
3046 691 3314 760 σωμάτων
3332 694 3413 756 είς
3425 692 3515 746 τὸν
3540 696 3664 765 περὶ

2083 776 2326 848 ἀστέρων
2381 777 2476 831 καὶ
2507 779 2662 849 ἡλίου
2706 779 2862 848 λόγον
2912 779 3202 846 ἐξέπεσεν;
3233 783 3348 835 Οὐκ
3382 783 3660 850 ἐξέπεσεν,

2083 867 2206 920 οὐδὲ
2235 870 2524 941 ἀπεβράγη
2547 870 2645 940 τῆς
2673 870 3000 936 ὑποθέσεως,
3021 873 3218 942 ἄπαγε,
3247 874 3364 928 ἀλλ’
3388 874 3470 928 έτι
3498 876 3664 948 αὐτῆς

2085 960 2286 1031 ἔχεται.
2335 963 2554 1032 Ἐπειδὴ
2577 964 2685 1036 γὰρ
2714 964 2804 1018 τὸν
2836 966 2963 1036 περὶ
2984 965 3085 1036 τῆς
3122 968 3477 1033 ἀναστάσεως
3529 987 3665 1022 κατ⁸

2085 1054 2350 1108 εσκεύασε
2373 1055 2548 1124 λόγον,
2579 1055 2820 1110 δείκνυσι
2851 1057 3037 1111 λοιπὸν
3059 1059 3140 1112 ὅτι
3168 1059 3336 1132 πολλὴ
3361 1061 3462 1133 τῆς
3509 1061 3663 1131 δόξης

2085 1147 2206 1200 τότε
2229 1146 2530 1218 ήδιαφορά,
2551 1150 2597 1200 εί
2612 1148 2751 1220 καὶὴ
2781 1149 3076 1214 ἀνάστασις
3101 1151 3219 1222 μία·
3255 1153 3351 1205 καὶ
3371 1153 3572 1224 διαιρεῖ
3589 1157 3664 1218 εἰς

2085 1238 2184 1292 δύο
2208 1239 2270 1292 τὸ
2292 1240 2401 1292 πᾶν
2426 1239 2587 1304 τέως,
2611 1243 2690 1304 είς
2711 1241 2780 1294 τά
2829 1243 3130 1314 ἐπουράνια
3189 1244 3285 1297 καὶ
3324 1244 3392 1298 τά
3423 1247 3661 1313 ἐπίγεια.

2089 1331 2211 1384 Ὅτι
2239 1331 2338 1402 μὲν
2375 1331 2483 1404 γάρ
2507 1331 2575 1386 τά
2611 1331 2841 1404 σώματα
2879 1335 3186 1400 ἀνίσταται,
3229 1335 3397 1401 ἔδειξε
3446 1336 3534 1392 διὰ
3570 1337 3664 1391 τοῦ

2091 1423 2259 1476 σίτου·
2285 1424 2368 1477 ὅτι
2400 1425 2456 1477 δὲ
2481 1424 2580 1477 ούκ
2614 1426 2671 1478 ἐν
2705 1428 2771 1497 τῇ
2804 1426 2940 1497 αὐτῇ
2982 1426 3106 1497 δόξῃ
3135 1427 3314 1481 πάντα
3334 1468 3349 1493 ,
3395 1428 3666 1483 δείκνυσιν

2090 1513 2360 1568 ἐντεῦθεν.
2409 1516 2618 1587 Ὠσπερ
2671 1516 2781 1588 γάρ
2830 1517 2893 1571 τὸ
2947 1519 3198 1571 ἀπιστεῖν
3236 1521 3302 1590 τῇ
3371 1521 3668 1574 ἀναστάσει

2091 1606 2315 1670 ὑπτίους
2341 1608 2502 1672 ποιεῖ,
2523 1607 2664 1661 οὕτω
2687 1609 2847 1662 πάλιν
2871 1608 3150 1680 ῥᾳθύμους
3169 1612 3231 1664 τὸ
3257 1612 3500 1683 νομίζειν
3536 1615 3666 1668 πάνο

2091 1715 2190 1761 τας
2216 1698 2324 1750 τῶν
2353 1698 2848 1766 αύτῶνὰξιοῦσῦαι.
2884 1702 3083 1773 Διόπερ
3119 1703 3401 1775 ἀμφότερα
3419 1705 3667 1778 διορθοῦ-

2091 1805 2200 1842 ται·
2232 1789 2327 1843 καὶ
2345 1788 2413 1844 τά
2443 1790 2541 1860 μὲν
2563 1792 2746 1856 ἐντοῖς
2779 1791 3090 1866 ἔμπροσθεν
3128 1796 3418 1867 ἀπήρτισε,
3475 1799 3666 1854 τούτου

2091 1883 2147 1936 δὲ
2164 1884 2388 1954 ἄρχεται
2417 1883 2531 1936 νῦν·
2561 1884 2654 1938 καὶ
2685 1886 2920 1957 ποιήσας
2938 1886 3030 1940 δύο
3059 1888 3315 1958 τάγματα
3355 1889 3584 1944 δικαίων
3608 1909 3668 1946 τε

2091 1975 2188 2028 καὶ
2215 1974 2577 2047 ἁμαρτωλῶν,
2613 1977 2753 2031 αύτά
2779 1977 2849 2031 τὰ
2870 1978 2964 2032 δύο
2998 1979 3171 2032 ταῦτα
3201 1980 3280 2044 είς
3313 1981 3484 2034 πολλὰ
3509 1983 3668 2038 πάλιν

2093 2067 2421 2138 κατατέμνει
2442 2070 2606 2142 μέρη,
2637 2070 2849 2136 δεικνὺς
2885 2071 3109 2126 ὃτιοῦτε
3129 2073 3325 2127 δίκαιοι
3359 2076 3454 2128 καὶ
3489 2077 3668 2144 ἁμαρ⁴

2090 2161 2250 2215 τωλοὶ
2277 2161 2386 2215 τῶν
2408 2161 2588 2216 αὐτῶν
2608 2163 2913 2230 τεύξονται,
2946 2163 3074 2218 οὔτε
3127 2165 3325 2219 δίκαιοι
3361 2167 3563 2232 πάντες
3591 2168 3668 2220 διο

2093 2253 2269 2318 καίοις
2296 2253 2515 2325 ὁμοίως,
2560 2252 2683 2308 οὒτε
2723 2256 3034 2328 ἁμαρτωλοὶ
3094 2258 3460 2330 ἁμαρτωλοῖς.
3520 2260 3669 2315 Ποιεῖ

2092 2345 2272 2398 τοίνυν
2300 2344 2522 2416 πρώτην
2545 2346 2674 2419 μίαν
2715 2347 2886 2419 τομὴν
2905 2347 3131 2402 δικαίων
3181 2349 3278 2404 καὶ
3323 2352 3666 2422 ἁμαρτωλῶν

2095 2435 2287 2504 λέγων·
2313 2435 2560 2506 Σώματα
2605 2437 2952 2506 ἐπουράνια,
2997 2440 3095 2494 καί
3138 2439 3383 2511 σώματα
3413 2443 3664 2511 ἐπίγεια·

2096 2527 2182 2582 διά
2213 2527 2312 2599 μὲν
2332 2527 2439 2583 τῶν
2467 2529 2723 2598 ἐπιγείων
2739 2530 2961 2596 τούτους
2978 2534 3361 2605 αίνιττόμενος,
3377 2535 3467 2588 διὰ
3485 2535 3541 2590 δὲ
3563 2535 3670 2590 τῶν

2098 2618 2437 2690 ἐπουρανίων
2467 2620 2728 2684 ἐκείνους.
2769 2618 2899 2676 Είτα
2941 2623 3126 2678 λοιπὸν
3169 2624 3277 2678 τῶν
3327 2626 3668 2697 ἁμαρτωλῶν

2097 2709 2362 2781 διαφορὰν
2397 2711 2530 2783 πρὸς
2561 2713 2915 2785 ἁμαρτωλοὺς
2936 2713 3374 2783 είσάγει,λέγων·
3402 2719 3485 2770 Οὐ
3507 2715 3672 2771 πᾶσα

2099 2802 2256 2873 σὰρξ
2271 2805 2309 2873 ἡ
2339 2805 2492 2874 αὑτὴ
2522 2805 2701 2874 σάρξ·
2729 2808 2888 2862 ἀλλὰ
2910 2807 3068 2875 άλλη
3099 2806 3213 2878 μὲν
3248 2809 3492 2878 ίχθύων,
3513 2811 3672 2876 άλλη

2099 2893 2169 2947 δὲ
2199 2894 2446 2963 πτηνῶν
2478 2897 2578 2951 καὶ
2623 2896 2882 2968 κτηνῶν.
2927 2899 3119 2953 Καίτοι
3185 2900 3362 2954 πάντα
3418 2899 3672 2972 σώματα,

2102 2986 2238 3040 ἀλλὰ
2263 2987 2331 3040 τὰ
2369 2987 2550 3058 μὲνέν
2585 2990 2811 3056 πλείονι,
2839 2990 2907 3044 τὰ
2933 2989 2990 3044 δὲ
3025 2991 3081 3044 ἐν
3119 2990 3359 3044 ἐλάττονι
3404 2991 3671 3062 εὐτελείᾳ.

2103 3078 2214 3131 Καὶ
2252 3080 2310 3132 ἐν
2333 3077 2446 3151 ζωῇ
2467 3080 2524 3132 δὲ
2571 3081 2788 3151 ὁμοίως,
2831 3083 2926 3136 καὶ
2974 3083 3032 3136 ἐν
3056 3083 3191 3154 αὐτῇ
3225 3086 3292 3155 τῇ
3338 3085 3673 3153 κατασκευῇ.

2104 3171 2214 3225 Καὶ
2234 3169 2404 3225 είπὼν
2423 3171 2600 3238 τοῦτο,
2649 3173 2930 3227 ἀναϐαίνει
2975 3175 3135 3229 πάλιν
3187 3176 3268 3239 είς
3315 3175 3409 3229 τὸν
3445 3175 3678 3246 οὐρανὸν

2104 3254 2297 3324 λέγων·
2325 3257 2518 3324 ’Ἄλλη
2545 3255 2691 3328 [590]
2731 3257 2881 3322 δόξα
2928 3259 3128 3326 ἡλίου,
3181 3259 3280 3314 καί
3325 3259 3486 3327 ἄλλη
3526 3260 3678 3324 δόξα

2104 3345 2396 3414 σελήνης.
2423 3347 2634 3418 Ὥσπερ
2652 3347 2760 3417 γὰρ
2783 3349 2840 3401 ἐν
2870 3351 2981 3413 τοῖς
3016 3349 3283 3419 ἐπιγείοις
3320 3349 3538 3420 σώμασι
3560 3351 3678 3402 δια-

2107 3430 2270 3501 φορὰ,
2300 3429 2441 3484 οὕτω
2466 3431 2560 3484 καὶ
2581 3432 2638 3483 ἐν
2667 3433 2776 3495 τοῖς
2804 3430 3163 3502 ἐπουρανίοις,
3186 3435 3278 3485 καὶ
3300 3432 3554 3504 διαφορὰ,
3578 3434 3677 3502 οὐχ

2107 3521 2142 3593 ή
2174 3520 2432 3594 τυχοῦσα,
2481 3520 2616 3575 ἀλλὰ
2642 3520 2737 3574 καὶ
2771 3521 2931 3592 μέχρι
2983 3522 3093 3576 τῶν
3131 3523 3392 3594 ἐσχάτων.
3443 3523 3522 3576 Ού
3567 3524 3678 3595 γὰρ

2108 3615 2246 3688 ήλίῳ
2271 3615 2407 3687 πρὸς
2435 3613 2687 3686 σελήνην,
2741 3615 2862 3668 οὐδὲ
2902 3613 3094 3686 σελήνῃ
3119 3615 3253 3686 πρὸς
3296 3615 3531 3686 ἀστέρας
3561 3616 3679 3669 δια-

2108 3704 2251 3778 φορὰ
2276 3704 2457 3776 μόνον,
2487 3703 2623 3758 ἀλλὰ
2643 3704 2735 3756 καὶ
2756 3704 2988 3775 ἀστράσι
3027 3703 3165 3774 πρὸς
3202 3701 3457 3774 ἀστέρας.
3483 3704 3547 3757 El
3567 3706 3676 3776 γάρ

2107 3798 2200 3850 καὶ
2229 3796 2404 3850 πάντα
2433 3796 2490 3849 ἐν
2514 3793 2748 3864 οὐρανῷ,
2783 3793 2920 3849 ἀλλὰ
2942 3794 3012 3848 τά
3046 3795 3148 3866 μὲν
3199 3794 3461 3860 πλείονος,
3499 3797 3568 3850 τὰ
3623 3797 3679 3850 δὲ

2106 3891 2386 3953 ἐλάττονος
2406 3888 2620 3960 μετέχει
2635 3886 2814 3960 δόξης.
2836 3888 2900 3941 Τί
2916 3887 3094 3941 τοίνυν
3121 3887 3370 3941 ἐντεῦθεν
3392 3906 3681 3960 καταμαν-

2107 3984 2338 4053 θάνομεν
2367 3999 2381 4048 ;
2410 3981 2532 4035 Ὅτι
2570 3983 2618 4035 εἰ
2645 3981 2740 4035 καὶ
2765 3983 2823 4034 ἐν
2853 3979 3098 4052 βασιλείᾳ⁴
3131 3981 3352 4043 πάντες,
3386 3979 3447 4032 ού
3475 3981 3681 4046 πάντες

2105 4077 2214 4130 τῶν
2236 4075 2416 4128 αὐτῶν
2447 4073 2862 4128 ἀπολαύσονται·
2892 4072 2986 4126 καὶ
3011 4072 3061 4124 εί
3083 4071 3282 4135 πάντες
3321 4073 3378 4125 ἐν
3403 4071 3601 4144 γεέννῃ
3628 4075 3678 4126 οἱ

2108 4167 2445 4241 ἁμαρτωλοὶ,
2474 4167 2537 4221 ού
2564 4166 2762 4230 πάντες
2793 4165 2862 4218 τά
2892 4165 3032 4220 αύτά
3055 4163 3405 4234 ὑπομενοῦσι.
3439 4163 3534 4217 Διδ
3584 4167 3679 4220 καὶ

2106 4263 2408 4334 ἐπήγαγεν·
2446 4259 2609 4313 Οὕτω
2652 4257 2750 4313 καί
2795 4258 2832 4325 ἡ
2876 4256 3212 4324 ἀνάστασις
3249 4255 3368 4311 τῶν
3421 4254 3676 4325 νεκρῶν.

2109 4353 2294 4416 Οὕτω,
2325 4350 2472 4417 πῶς;
2531 4349 2620 4402 Ἐν
2641 4347 2876 4420 διαφορᾷ
2913 4347 3104 4418 πολλῇ.
3141 4344 3275 4399 Εῐτα
3301 4346 3458 4415 ἀφεὶς
3490 4344 3678 4399 τοῦτον

2107 4444 2197 4497 τὸν
2223 4442 2378 4512 λόγον
2403 4441 2479 4506 ὡς
2503 4439 2810 4512 ἀρκούντως
2842 4438 3246 4508 ἀποδειχθέντα,
3275 4436 3434 4490 πάλιν
3467 4437 3557 4490 ἐπ’
3579 4437 3678 4489 αύ-

2107 4535 2206 4608 τήν
2237 4539 2334 4608 τῆς
2383 4534 2730 4595 ἀναστάσεως
2767 4529 2866 4601 τὴν
2897 4530 3171 4595 ἀπόδειξιν
3211 4530 3304 4582 καὶ
3333 4530 3425 4582 τὸν
3477 4529 3679 4601 τρόπον

2109 4633 2348 4706 ἐρχεται,
2372 4630 2563 4700 λέγων·
2584 4626 2891 4697 Σπείρεται
2917 4624 2989 4678 ἐν
3031 4619 3240 4693 φθορᾷ,
3280 4621 3565 4690 ἐτειρεται
3610 4622 3680 4673 ἐν

2111 4724 2434 4794 ἀφθαρσίᾳ.
2452 4723 2562 4776 Καὶ
2574 4721 2670 4776 θέα
2688 4719 2925 4774 σύνεσιν·
2943 4713 3066 4770 Ἐπὶ
3089 4715 3188 4785 μὲν
3209 4712 3320 4766 τῶν
3349 4712 3679 4782 σπερμάτων

2111 4816 2188 4889 τῷ
2209 4816 2316 4870 τῶν
2346 4813 2610 4884 σωμάτων
2639 4813 2909 4883 ἐχρήσατο
2939 4809 3160 4880 ὀνόματι
3189 4805 3378 4874 λέγων·
3429 4808 3511 4858 Οὐ
3547 4804 3677 4867 ζωο-

2111 4908 2381 4975 ποιεῖται,
2411 4907 2519 4962 ἐὰν
2544 4906 2632 4978 μὴ
2661 4903 2957 4973 ἀποθάνῃ·
2986 4901 3078 4957 ἐπὶ
3115 4901 3170 4955 δέ
3185 4899 3292 4954 τῶν
3321 4899 3588 4970 σωμάτων
3612 4900 3673 4967 τῇ

2109 5002 2218 5056 τῶν
2245 5001 2573 5074 σπερμάτων
2602 4999 2941 5072 προσηγορίᾳ
2960 5039 2976 5062 ,
3021 4996 3196 5064 λέγων
3217 5011 3232 5026 ·
3265 4994 3574 5060 Σπείρεται
3613 4993 3678 5044 ἐν

2111 5092 2321 5164 φθορᾷ,
2351 5092 2632 5162 ἐγείρεται
2661 5091 2730 5145 ἐν
2755 5090 3079 5160 ἀφθαρσίᾳ.
3127 5087 3240 5141 Ούκ
3289 5080 3435 5149 εἷπε,
3461 5084 3675 5146 Φύεται,

2114 5187 2201 5238 ἵνα
2237 5183 2312 5255 μὴ
2361 5183 2458 5253 τῆς
2503 5184 2604 5252 γῆς
2637 5183 2794 5253 ἔργον
2845 5181 3102 5254 νομίσῃς,
3143 5177 3281 5242 ἀλλ’,
3341 5177 3672 5246 Ἐγεῲετιιι.

2114 5275 2332 5346 Σπορὰν
2360 5274 2417 5328 δέ
2438 5273 2692 5338 ἐνταῦθα,
2723 5274 2784 5326 ού
2814 5273 2914 5342 τὴν
2967 5272 3180 5341 γένεσιν
3209 5268 3365 5340 ήμῶν
3398 5267 3548 5336 λέγει
3583 5265 3674 5334 τήν

2115 5369 2172 5421 ἐν
2199 5369 2398 5440 μήτρᾳ,
2424 5365 2559 5421 ἀλλά
2579 5366 2677 5437 τὴν
2699 5364 2874 5437 ταφὴν
2900 5362 2996 5435 τὴν
3026 5365 3083 5416 ὲν
3110 5365 3178 5434 τῇ
3199 5364 3269 5432 γῇ
3298 5359 3409 5413 τῶν
3437 5359 3676 5412 τετελευ-

2114 5459 2358 5532 τηκότων
2396 5458 2686 5528 σωμάτων,
2739 5456 2838 5527 τὴν
2881 5455 3142 5517 διάλυσιν,
3190 5453 3287 5523 τὴν
3315 5452 3542 5522 τέφραν.
3593 5445 3678 5500 Διὸ

2115 5550 2304 5618 εἰπὼν,
2343 5551 2647 5618 Σπείρεται
2682 5549 2751 5602 ἐν
2775 5544 2987 5617 φθορᾷ,
3033 5545 3320 5614 ἐγείρεται
3367 5542 3438 5595 ἐν
3463 5542 3676 5609 ἀφθαρ-

2115 5643 2242 5712 σίᾳ,
2272 5643 2540 5713 ἐπήγαγε·
2572 5639 2878 5706 Σπείρεται
2909 5637 2980 5690 ἐν
3010 5635 3228 5703 ἀτιμίᾳ.
3247 5633 3312 5684 Τί
3340 5628 3677 5703 γάρείξεχίιές

2121 5754 2308 5809 στερον
2353 5731 2546 5804 νεκροῦ
2588 5730 2967 5802 δισρρυέντοςς
3026 5724 3338 5799 Ἐπεζρεται
3384 5723 3454 5776 ἐν
3512 5719 3677 5787 δόξῃ.
