3802 6214
131 271 184 323 ξ’]
1061 265 1127 325 IN
1162 268 1376 325 EPIST.
1420 269 1440 324 Ι
1503 269 1596 323 AD
1632 267 1784 328 COR.
1831 273 2064 332 HOMIL.
2108 277 2244 334 XLI.

127 385 233 437 fellas
253 379 457 437 mintho
493 382 659 453 ipsum
691 383 712 454 (
733 381 889 436 Joan.
913 382 969 436 ἱ.
1000 381 1087 436 l9.
1115 381 1178 436 2!
1207 381 1228 453 )
1253 383 1276 434 ἲ
1304 397 1424 436 nam
1472 383 1611 450 quod

127 472 443 539 issolvebatur,
467 474 518 528 id
545 475 753 529 scilicet
776 474 1049 529 excitavit.
1077 473 1440 540 Quamobrem
1468 474 1614 527 addi-

128 570 150 621 ⁷ι
179 566 467 634 evangelista
486 606 502 631 ,
533 564 632 619 Ille
659 575 824 619 autem
861 565 1054 619 dicebat
1083 566 1146 619 de
1175 567 1358 634 templo
1387 567 1465 620 sui
1494 582 1612 619 eor-

127 659 214 712 tris.
238 657 356 724 Quid
389 673 513 726 ergo
538 658 698 720 dicit,
737 658 859 711 Non
884 674 1069 726 corpus
1098 659 1232 729 quod
1267 665 1493 729 futurum
1539 668 1611 712 est

127 749 294 801 minas?
319 745 420 802 lloc
460 757 577 811 est,
620 765 724 802 non
758 750 958 818 spicam
990 765 1002 802 :
1033 759 1115 803 est
1155 751 1296 804 enim
1323 750 1506 804 eadem
1555 761 1609 804 et

127 856 165 893 in
189 839 352 893 eadem
383 860 395 894 :
421 839 606 894 eadem
631 841 868 909 quidem,
896 841 1149 910 quoniam
1181 841 1368 894 eadem
1398 848 1480 896 est
1517 855 1606 895 es-

127 929 243 992 ntia;
270 944 362 982 noo
385 930 593 990 eadem,
637 931 886 999 quoniam
914 931 1029 985 haec
1055 940 1136 984 est
1174 933 1381 994 melior,
1415 931 1602 986 eadem

130 1023 251 1076 idem
274 1031 510 1078 manente
534 1025 765 1077 essentia
785 1065 801 1090 ,
831 1023 1020 1094 majori
1051 1032 1228 1078 autem
1259 1025 1394 1078 facta
1425 1025 1606 1094 specie

139 1115 331 1174 decore.
361 1129 480 1169 cum
509 1131 643 1169 nova
671 1117 741 1170 sit
776 1135 789 1172 :
814 1117 1064 1187 quoniam
1091 1119 1189 1171 nisi
1219 1117 1319 1172 hoc
1346 1127 1507 1180 esset,
1537 1131 1604 1171 ne

127 1217 184 1263 tet
204 1208 400 1277 quidem
425 1212 767 1276 resurrectio,
799 1211 901 1266 nisi
931 1222 1075 1265 esset
1105 1212 1297 1265 melius
1325 1224 1602 1264 resurrec-

127 1316 180 1352 'a.
221 1300 320 1353 Cur
354 1301 493 1354 enim
525 1301 739 1355 domum
768 1311 912 1356 esset
939 1302 1245 1366 diruturus,
1279 1303 1377 1355 nisi
1409 1302 1604 1371 splen-

127 1393 288 1444 liorem
314 1403 453 1447 esset
491 1392 898 1448 tediﬁcalurus?
934 1394 1046 1448 lloc
1083 1395 1244 1464 igitur
1283 1393 1418 1447 dixit
1457 1395 1560 1446 illis
1584 1433 1601 1460 ,

153 1483 510 1538 existimabant
539 1485 787 1540 eumdem
818 1500 940 1540 esse
969 1487 1244 1539 interitum
1295 1501 1357 1540 ac
1397 1499 1601 1538 corru—

127 1591 281 1629 )nem.
306 1575 503 1631 Deinde
531 1593 599 1631 ue
625 1578 885 1648 quispiam
911 1593 1096 1632 rursus
1113 1578 1444 1632 existimaret
1475 1576 1599 1631 hinc

127 1677 224 1719 tum
249 1681 363 1722 esse
405 1667 549 1723 aliud
592 1683 785 1737 corpus
810 1710 825 1734 ,
855 1668 1040 1723 datum
1083 1670 1306 1738 atnigma
1349 1669 1514 1734 lenit,
1544 1675 1599 1721 et

127 1771 401 1828 :rpretatur
427 1761 569 1831 quod
602 1761 801 1816 dictum
841 1772 945 1826 est,
976 1776 1085 1815 non
1118 1761 1420 1815 concedens
1448 1759 1600 1813 audi-

168 1864 223 1907 ut
269 1864 493 1908 mentem
539 1854 644 1908 alio
675 1854 982 1910 transferat.
1034 1853 1168 1921 Quid
1226 1869 1354 1922 ergo
1399 1852 1597 1906 nostris

131 1961 153 1996 s
183 1954 266 1998 est
290 1945 497 2000 verbis?
520 1945 654 2001 Audi
680 1948 872 2016 ipsum,
898 1947 984 2016 qui
1012 1947 1160 2013 dicit,
1181 1945 1308 2014 quid
1336 1947 1405 2000 sit
1433 1945 1598 1999 inter-

127 2049 312 2092 fantem
351 2055 364 2091 :
398 2037 519 2093 Non
575 2056 758 2109 corpus
801 2040 935 2107 quod
967 2040 1194 2109 futurum
1240 2049 1312 2093 est
1355 2040 1589 2094 seminus.

133 2133 198 2183 itu
227 2133 366 2185 enim
395 2133 668 2202 subjunxit
703 2151 716 2186 :
743 2133 848 2187 Sed
885 2133 1079 2186 nudum
1110 2149 1361 2203 granum,
1395 2142 1446 2184 ut
1469 2148 1592 2202 pum

127 2225 182 2286 εἰ,
211 2235 301 2276 aut
326 2225 543 2290 alicuius
582 2226 875 2294 Itujusntodi
914 2226 1180 2278 seminum.
1213 2225 1324 2278 Hoc
1353 2232 1454 2289 est,
1485 2239 1590 2276 non

127 2330 198 2366 ius
229 2313 371 2383 quod
402 2323 485 2369 est
522 2314 757 2368 futurum
780 2359 792 2378 ,
826 2330 1016 2384 nempe
1057 2333 1162 2368 non
1191 2317 1268 2369 sic
1297 2318 1543 2368 Vestitum
1571 2354 1586 2380 ,

127 2422 170 2460 te
229 2408 465 2461 culmum
506 2407 709 2462 habens
745 2416 799 2461 et
829 2408 1018 2461 aristas
1051 2423 1064 2459 :
1113 2406 1220 2462 Sed
1251 2407 1439 2459 nudum
1470 2422 1590 2475 gra-

127 2545 132 2560 .
157 2512 213 2553 ut
234 2511 360 2570 puta
383 2502 572 2567 tritici,
602 2512 688 2554 aut
716 2503 935 2572 alicujus
961 2519 1022 2555 ea:
1041 2503 1102 2554 iis
1130 2517 1243 2573 qum
1261 2512 1375 2554 sunt
1402 2502 1586 2570 hujus-

128 2597 146 2645 “.
201 2593 297 2648 58.
344 2593 480 2647 Deus
528 2606 696 2647 autent
743 2595 830 2646 dat
880 2595 959 2648 illi
994 2611 1176 2664 corpus
1235 2595 1363 2647 sicut
1406 2595 1581 2647 voluit.

127 2701 182 2750 ξ,
219 2686 430 2755 inquit;
465 2687 558 2741 sed
591 2687 696 2739 illic
722 2697 802 2740 est
839 2703 974 2756 Opus
1005 2699 1229 2741 naturae.
1261 2686 1427 2756 Cujus
1451 2728 1465 2751 ,
1499 2687 1584 2741 dic

127 2797 192 2842 .o,
228 2779 476 2833 naturae?
522 2796 642 2833 nam
683 2781 793 2834 illic
833 2797 1046 2851 quoque
1095 2781 1233 2834 Deus
1294 2781 1584 2834 fabricatur

127 2885 304 2924 :rsum
333 2912 347 2933 ,
392 2885 498 2924 non
539 2882 729 2924 natura
771 2887 942 2941 neque
985 2881 1126 2924 terra
1165 2886 1340 2940 neque
1380 2870 1574 2939 pluvia.

131 2963 352 3016 tobrem
402 2963 516 3031 ipse
548 2962 660 3018 haec
707 2963 1016 3034 significans
1040 3005 1055 3029 ,
1088 2965 1308 3018 dimissa
1337 2973 1475 3019 terra
1528 2975 1577 3020 et

133 3066 189 3108 et
235 3055 422 3124 pluvia
449 3067 500 3109 et
528 3056 881 3126 agricolarum
920 3057 1166 3112 manibus
1195 3100 1208 3120 ,
1242 3059 1514 3128 subjunxit
1562 3077 1575 3112 :

138 3150 235 3200 dat
271 3148 354 3202 illi
387 3165 572 3219 corpus
603 3150 729 3206 sicut
765 3150 941 3204 voluit.
980 3150 1101 3205 Noli
1142 3167 1271 3222 ergo
1307 3153 1579 3223 inquirere

128 3241 326 3310 lagare
352 3242 621 3311 quomodo
646 3252 700 3297 et
721 3259 948 3314 quanam
978 3247 1204 3312 ratione,
1236 3262 1357 3299 cum
1390 3247 1577 3301 audie-

127 3332 178 3385 ci
214 3333 518 3400 potentiam
563 3343 618 3388 et
642 3336 991 3388 voluntatem.
1024 3333 1093 3388 Et
1136 3338 1403 3408 unicuique
1428 3341 1577 3392 semi-

128 3425 416 3493 propriunt
460 3443 664 3494 corpus.
693 3426 793 3483 Ubi
841 3445 969 3498 ergo
999 3429 1269 3484 alienum?
1296 3432 1386 3485 dat
1430 3434 1573 3487 enim

127 3518 270 3570 ittm.
307 3520 670 3584 Quamobrem
701 3521 913 3590 quando
938 3521 1087 3589 dicit,
1122 3521 1240 3577 Non
1271 3525 1404 3594 quod
1428 3528 1572 3596 [utu-

127 3622 189 3663 rst
221 3612 492 3676 seminus,
523 3629 627 3666 non
675 3613 777 3668 hoc
804 3613 966 3681 dicit,
994 3616 1136 3686 quod
1176 3617 1279 3670 alia
1324 3633 1421 3686 pro
1465 3619 1572 3674 alia

127 3713 209 3769 {at
234 3704 512 3766 essentia,
536 3703 628 3758 sed
651 3705 792 3774 quod
819 3707 1024 3771 melior,
1054 3709 1196 3778 quod
1221 3707 1568 3778 splendidior.

127 3797 255 3863 ique
298 3799 440 3850 enim
477 3800 724 3852 seminum
761 3801 1023 3869 proprium
1057 3819 1260 3872 corpus.
1298 3803 1434 3858 Hinc
1456 3805 1569 3874 jam

132 3891 259 3944 ucit
295 3891 464 3944 etiam
494 3891 849 3947 differentiam
882 3897 1292 3953 resurrectionis
1335 3909 1461 3955 tunc
1487 3899 1572 3955 fu-

131 3981 224 4036 Ne
258 3982 416 4037 enim
438 4023 455 4047 ,
485 3985 736 4054 quoniam
767 3987 1062 4042 seminatur
1084 4003 1268 4044 semen
1294 4001 1348 4046 et
1383 4006 1570 4048 omnes

127 4075 261 4128 lunt
313 4078 483 4144 Spicze
507 4119 523 4142 ,
559 4087 838 4150 propterea
869 4083 1144 4138 existimes
1175 4100 1355 4152 parem
1406 4087 1567 4141 etiam

128 4186 213 4223 2m
251 4185 394 4223 esse
414 4171 463 4222 in
489 4173 900 4227 resurrectione.
930 4174 1141 4228 Etenim
1174 4193 1241 4230 ne
1269 4179 1319 4231 in
1345 4181 1567 4233 semiui-

130 4262 305 4315 itlem
333 4277 472 4316 unus
495 4272 575 4316 est
598 4264 762 4318 ordo:
784 4265 915 4318 Nam
937 4268 1036 4320 alia
1054 4268 1267 4337 quidem
1289 4283 1410 4325 sunt
1433 4289 1570 4339 prte-

133 4371 200 4405 ra
222 4362 290 4407 et
312 4354 762 4418 lt0ttestiora,alia
778 4375 902 4410 vero
920 4359 1182 4414 deteriora
1205 4379 1396 4432 :quare
1409 4366 1565 4418 etiam

133 4450 225 4501 xit.
266 4465 284 4500 :
329 4448 403 4500 Et
446 4450 711 4514 unicuique
751 4454 1018 4520 proprium
1064 4470 1266 4523 corpus.
1302 4453 1563 4514 Cicterum

127 4555 134 4595 l
172 4542 305 4595 hoc
338 4551 648 4607 contentus,
675 4544 767 4598 sed
790 4545 946 4598 aliam
971 4547 1161 4615 quatrit
1186 4547 1560 4616 differentiam,

135 4653 194 4686 lll
237 4645 312 4688 et
349 4633 793 4690 manifestioreut.
825 4636 954 4692 Nam
986 4656 1052 4692 ne
1081 4654 1200 4693 cum
1230 4642 1524 4698 audivisses
1546 4682 1561 4708 ,

128 4726 235 4788 ixi,
279 4725 436 4793 quod
464 4741 651 4779 omnes
677 4738 975 4798 resurgant,
1009 4730 1347 4786 existimares
1374 4750 1562 4790 omnes

143 4817 449 4884 consequi
481 4828 534 4869 et
558 4817 746 4871 iisdem
786 4818 915 4885 frui,
947 4822 1091 4889 prius
1111 4823 1323 4890 quidem
1351 4823 1480 4893 jecit
1511 4826 1562 4885 iu

137 4910 404 4963 cutibus
460 4911 662 4964 semina
720 4911 876 4978 hujus
928 4917 1248 4980 sententia},
1303 4918 1490 4973 dicens
1545 4936 1558 4973 :

132 5007 325 5074 isque
359 5013 530 5056 autent
553 5005 603 5057 in
625 5006 832 5074 proprio
857 5007 1051 5060 ordine.
1077 5007 1225 5063 Facit
1250 5018 1427 5064 autem
1460 5012 1558 5065 hoc

127 5117 153 5143 τι
192 5097 310 5148 hic
352 5109 569 5164 quoque
614 5111 821 5163 rursus,
848 5096 1072 5152 dicens:
1107 5100 1194 5153 59.
1239 5100 1358 5155 Non
1398 5099 1586 5158 omnis'

128 5191 266 5244 dem
307 5205 461 5241 caro.
491 5189 626 5253 Quid
654 5190 794 5243 enim
817 5231 831 5255 ,
878 5192 1081 5260 inquit,
1104 5193 1224 5248 dico
1253 5195 1303 5249 in
1336 5199 1557 5253 semini—

130 5301 189 5338 te
252 5284 454 5353 ipsum
501 5282 762 5351 agitemus
805 5285 964 5338 etiam
1010 5286 1060 5338 in
1103 5290 1451 5356 corporibus,
1493 5292 1559 5345 de

139 5391 176 5428 τι
233 5373 427 5426 nobis
464 5388 604 5426 nunc
633 5376 820 5442 agitur.
857 5374 1213 5440 Quamobrem
1239 5380 1508 5451 subjungit
1537 5423 1552 5444 ,

180 5466 328 5522 Sed
371 5465 472 5516 alia
495 5465 696 5534 quidem
722 5482 840 5519 caro
867 5475 936 5520 est
962 5467 1240 5536 hominum,
1267 5471 1370 5524 alia
1391 5485 1556 5528 autem

127 5578 166 5626 μ,
227 5557 382 5612 alia
411 5557 702 5621 volucrum,
735 5555 839 5609 alia
867 5567 1034 5612 autem
1073 5561 1304 5630 piscium.
1353 5565 1441 5618 40.
1488 5565 1556 5620 Et

147 5647 439 5704 scelestia
457 5690 471 5710 ,
499 5657 544 5700 et
569 5664 781 5714 corpora
802 5652 1054 5703 terrestria
1082 5668 1100 5704 :
1127 5653 1215 5708 sed
1237 5655 1339 5707 alia
1359 5656 1556 5722 quidem

127 5761 184 5795 »η
233 5740 440 5812 gloria
466 5781 480 5799 ,
526 5741 627 5792 alia
667 5750 830 5792 autem
860 5745 1166 5798 terrestrium
1195 5761 1214 5798 :
1239 5746 1327 5800 41.
1356 5747 1458 5802 alia
1482 5760 1555 5803 est

269 5835 578 5894 PATnOL.
627 5834 740 5894 Gn.
791 5837 942 5898 LXI.

3197 299 3302 356 358

1721 386 1886 454 gloria
1912 389 2054 454 solis,
2083 401 2131 444 et
2167 393 2271 447 alia
2296 404 2369 448 est
2396 397 2560 467 gloria
2592 398 2725 454 lume
2744 443 2758 468 ,
2788 413 2836 456 et
2863 407 2968 459 alia
2993 410 3157 480 gloria
3186 421 3305 472 stel-

1721 477 1886 530 larum
1916 494 1934 530 :
1961 481 2108 534 stella
2137 484 2270 535 enim
2310 502 2341 537 a
2365 486 2511 541 stella
2541 490 2711 558 di/fert
2739 495 2792 546 in
2819 477 3005 565 gloria.

1790 567 1844 621 5.
1888 569 1952 622 Ει
2013 572 2138 640 quid
2169 575 2268 628 sibi
2318 578 2500 632 volunt
2542 579 2655 636 hare
2698 586 2906 639 verba?
2953 607 3183 660 quanam
3233 599 3300 655 de

1717 671 1874 712 causa
1903 674 1930 712 a
1960 666 2354 721 resurrectione
2381 683 2668 740 corporum
2694 677 2892 732 excidit
2918 681 2970 736 in
2998 687 3297 747 orationem

1718 750 1784 804 de
1814 752 1984 807 stetiis
2010 764 2063 810 et
2106 758 2259 813 sole?
2287 760 2402 816 Non
2432 765 2666 834 excidit,
2699 785 2872 840 neque
2906 775 3166 836 abductus
3202 783 3302 842 fuit

1714 842 1783 897 ab
1821 859 2134 916 argumento
2155 890 2170 914 ,
2199 853 2367 922 absit,
2396 858 2488 912 sed
2533 858 2585 914 in
2613 877 2679 917 eo
2708 865 2883 921 adhuc
2922 868 3108 928 lueret.
3131 880 3138 883 ’
3161 876 3294 935 Nam

1714 937 1965 1003 quoniam
1994 941 2238 1007 probavit
2266 945 2408 1015 quod
2433 948 2631 1006 dictum
2659 963 2742 1009 est
2769 956 2838 1012 de
2863 966 3258 1026 resurrectione
3277 1013 3294 1034 ,

1712 1028 1945 1128 ostendit
1979 1031 2122 1099 jam,
2171 1035 2312 1104 quod
2363 1047 2488 1094 tunc
2526 1041 2720 1100 futurae
2763 1047 2946 1118 gloria:
2989 1070 3181 1128 magna
3227 1028 3296 1116 sil

1711 1117 2010 1176 differentia
2033 1165 2048 1190 ,
2078 1125 2176 1178 etsi
2207 1142 2309 1182 una
2339 1140 2422 1186 cst
2446 1117 2818 1194 resurrectio:
2852 1151 2907 1198 et
2934 1144 2986 1200 in
3017 1117 3123 1204 duo
3151 1151 3293 1210 inte-

1710 1208 1810 1262 rim
1845 1211 2034 1268 dividit
2061 1217 2399 1286 universum,
2431 1240 2626 1295 nempe
2653 1229 2706 1284 in
2749 1233 2983 1292 caelestia
3014 1227 3068 1294 et
3095 1251 3292 1302 terres-

1711 1299 1995 1398 tria.-Nam
2025 1307 2168 1376 quod
2215 1324 2440 1381 corpora
2467 1318 2682 1386 quidem
2714 1337 3028 1398 resurgant,
3060 1299 3294 1392 ostendit

1709 1404 1804 1485 per
1838 1392 2160 1452 frumentum
2212 1418 2227 1457 :
2270 1405 2410 1474 quod
2451 1418 2628 1465 autem
2670 1427 2776 1469 nou
2807 1422 2983 1476 omnia
3021 1421 3071 1478 in
3103 1429 3288 1485 eadem

1707 1483 1897 1553 gloria,
1916 1485 2040 1542 hinc
2059 1493 2311 1548 ostendit.
2327 1495 2476 1553 Sicut
2490 1501 2630 1556 enim
2656 1520 2761 1559 non
2783 1510 3002 1568 credere
3020 1483 3292 1578 resurrec:

1706 1576 1859 1642 tioni,
1888 1581 2106 1650 supinos
2126 1584 2289 1640 facit:
2318 1589 2390 1644 ita
2411 1592 2570 1647 etiam
2594 1597 2921 1669 negligentes
2942 1608 3114 1664 reddlt
3134 1621 3187 1665 et
3203 1576 3290 1667 so-

1705 1669 1931 1736 cordes,
1958 1673 2265 1733 existimare
2302 1694 2490 1738 omnes
2516 1687 2702 1742 eadem
2739 1698 2990 1767 consequi
3020 1709 3072 1754 ct
3099 1703 3283 1760 iisdem

1705 1757 1829 1812 frui.
1856 1760 2211 1827 Quamobrem
2250 1780 2530 1843 utrumque
2565 1781 2785 1852 corrigit
2811 1801 2824 1836 :
2848 1757 3038 1843 et-alia
3069 1794 3283 1861 quidem

1701 1850 1931 1906 absolvit
1951 1853 2002 1907 in
2025 1859 2466 1931 praecedentibus,
2491 1867 2558 1921 ab
2583 1869 2683 1925 hoc
2701 1850 2876 1929 autem
2899 1894 3040 1935 nunc
3061 1850 3280 1955 incipit

1702 1955 1755 2050 et
1775 1963 1894 2002 cum
1919 1951 2052 2006 duos
2076 1952 2292 2012 fecisset
2312 1960 2528 2017 ordines
2543 1963 2808 2033 justorum
2827 1980 2880 2026 et
2899 1951 3240 2042 peccatorum
3265 2024 3280 2050 ,

1700 2035 1798 2092 hos
1818 2040 1960 2132 ipsos
1981 2059 2166 2099 rursus
2186 2058 2332 2103 secat
2346 2051 2396 2104 in
2413 2053 2595 2122 plures
2612 2069 2816 2126 partes:
2837 2067 3124 2123 ostendens
3140 2035 3279 2142 quod

1699 2125 1876 2201 neque
1893 2134 2043 2203 justi,
2066 2153 2236 2208 neque
2255 2155 2560 2209 peccatores
2577 2151 2763 2206 eadem
2786 2125 3170 2228 assequentur;
3186 2183 3280 2221 ne-

1696 2237 1802 2322 que
1822 2223 1946 2292 justi
1973 2242 2160 2284 omnes
2182 2234 2364 2290 eadem
2386 2239 2648 2310 quaejusti
2664 2245 2954 2318 alii,ueque
2969 2267 3280 2322 peccatores

1695 2313 1887 2404 eadem
1906 2331 2023 2387 qua:
2035 2332 2366 2389 peccatores.
2393 2327 2684 2404 Facitergo
2700 2313 2930 2404 primum
2968 2313 3124 2399 unam
3153 2313 3275 2404 sec-

1694 2403 1890 2461 tionem
1902 2409 2167 2477 justorum
2181 2423 2232 2469 et
2245 2425 3046 2504 peccatorum,dieens;Corpora
3058 2439 3277 2495 ctelestia

1690 2505 1738 2548 et
1753 2512 1970 2568 corpora
1985 2508 2266 2573 terrestria;
2281 2526 2377 2580 per
2401 2519 2671 2572 terrestria
2693 2521 2907 2591 quidem
2926 2526 3025 2584 hos
3036 2531 3275 2589 subindi-

1690 2601 1942 2659 eans,per
1957 2595 2190 2652 caelestia
2208 2611 2385 2657 autem
2405 2606 2544 2662 illos.
2567 2609 2770 2669 Deinde
2790 2615 2858 2672 de
2879 2629 3076 2678 czetero
3103 2625 3272 2684 intro-

1687 2679 1834 2736 ducit
1860 2684 2213 2744 diﬂ‘erentiam
2243 2706 2582 2763 peccatorum
2596 2717 2622 2754 a
2638 2709 3026 2777 peccatoribus,
3046 2679 3236 2774 dicetis
3250 2737 3267 2774 :

1689 2771 1812 2827 Non
1838 2779 2001 2831 omnis
2025 2797 2144 2835 caro
2168 2786 2340 2838 eadem
2366 2805 2515 2857 caro,
2539 2793 2630 2846 sed
2650 2797 2753 2850 alia
2783 2801 2984 2868 quidem
3013 2808 3223 2876 piscium
3249 2853 3265 2878 ,

1685 2866 1788 2920 alia
1813 2879 1979 2923 autem
2000 2873 2256 2928 volucrum
2279 2888 2325 2931 et
2347 2898 2604 2949 pecorum.
2629 2866 2930 2957 Atqui-sunt
2950 2866 3126 2954 omnia
3148 2866 3270 2958 cor:

1685 2976 1835 3029 pora,
1861 2964 1952 3018 sed
1975 2966 2077 3020 alia
2107 2969 2320 3037 quidem
2365 2975 2546 3030 viliora
2570 2988 2624 3033 et
2659 2983 2970 3054 abjcetiora,
3011 2991 3115 3045 alia
3140 3010 3266 3050 vero

1683 3054 1878 3106 minus.
1909 3054 1963 3109 lu
1990 3057 2091 3111 vita
2119 3076 2332 3132 quoque
2353 3065 2598 3124 similiter
2619 3081 2671 3126 et
2692 3073 2743 3127 itt
2771 3077 2957 3132 eadem
2990 3085 3265 3140 constitu—

1682 3148 1844 3201 tione.
1872 3149 2076 3204 Etcum
2107 3153 2208 3208 hoc
2229 3154 2471 3224 dixisset,
2495 3164 2737 3219 ascendit
2759 3183 2945 3226 rursus
2972 3172 3022 3226 in
3046 3176 3259 3243 caelum,

1679 3237 1860 3294 dicens
1882 3258 1896 3294 :
1922 3242 2038 3296 Alia
2060 3245 2222 3315 gloria
2236 3249 2377 3316 solis,
2405 3262 2451 3306 et
2474 3253 2578 3308 alia
2591 3257 2758 3326 gloria
2779 3261 2931 3317 Iunce.
2956 3263 3104 3320 Sicut
3119 3237 3260 3324 enim

1678 3331 1730 3386 in
1751 3335 2091 3390 terrestribus
2125 3343 2438 3410 corporibus
2463 3355 2546 3400 est
2571 3347 2894 3422 differentia,
2924 3356 2992 3411 ita
3021 3357 3181 3416 etiam
3205 3364 3258 3417 in

1675 3425 1975 3482 caelestibus
1991 3437 2075 3484 est
2089 3430 2408 3502 differentia,
2422 3452 2590 3507 eaque
2603 3457 2706 3496 non
2722 3445 2972 3516 vulgaris,
2987 3453 3080 3506 sed
3100 3455 3257 3510 etiam

1676 3519 1923 3587 usquead
1945 3530 2204 3580 extrema.
2224 3525 2337 3581 Non
2355 3529 2527 3584 solum
2545 3533 2684 3587 enim
2703 3547 2785 3592 est
2803 3538 3099 3600 differentia
3130 3549 3258 3604 solis

1673 3623 1702 3660 a
1719 3608 1863 3676 luna,
1883 3627 2056 3682 neque
2074 3614 2211 3670 lunae
2226 3620 2458 3686 astellis,
2478 3623 2572 3678 sed
2589 3625 2748 3682 etiam
2776 3631 3049 3690 stellarum
3072 3653 3101 3692 a
3127 3643 3259 3696 stel-

1674 3700 1756 3755 lis.
1777 3701 1907 3756 Nam
1926 3705 2134 3763 etiamsi
2156 3710 2333 3764 omnia
2357 3713 2465 3768 sint
2493 3717 2546 3770 in
2572 3717 2724 3785 caelo,
2747 3720 2849 3777 alia
2883 3735 3057 3783 tamen
3086 3733 3255 3802 majo-

1672 3807 1806 3872 rem,
1821 3796 1923 3849 alia
1944 3813 2068 3852 vero
2086 3800 2344 3858 minorem
2363 3803 2560 3862 habent
2575 3809 2818 3879 gloriam.
2834 3815 2968 3883 Quid
2988 3835 3115 3892 ergo
3133 3796 3256 3881 hinc

1670 3886 1964 3944 discimus?
1983 3891 2132 3958 Quod
2151 3896 2358 3951 etiamsi
2380 3914 2566 3954 omnes
2587 3902 2695 3957 sint
2725 3904 2775 3958 in
2807 3921 2990 3978 regno,
3010 3886 3116 3968 non
3139 3931 3255 3972 om-

1673 3995 1767 4033 nes
1793 3991 1967 4037 tamen
2005 3985 2190 4041 eadem
2220 4003 2621 4060 consequentur
2648 4005 2703 4049 et
2726 3997 2915 4055 iisdem
2968 4003 3247 4065 fruentur:

1671 4073 1876 4127 etiamsi
1923 4089 2112 4131 omnes
2156 4091 2465 4149 peccatores
2503 4086 2555 4138 in
2599 4087 2839 4156 gehenna
2865 4133 2880 4156 ,
2933 4111 3038 4151 non
3064 4115 3252 4158 omnes

1671 4165 1855 4218 eadem
1903 4168 2260 4226 sustinebunt.
2293 4173 2360 4228 Et
2419 4175 2540 4231 ideo
2595 4179 2869 4249 subjuuxit
2915 4204 2928 4239 :
2961 4190 3049 4244 42.
3079 4191 3168 4246 Sic
3203 4207 3250 4248 et

1668 4260 1967 4312 resurrectio
2021 4270 2370 4322 mortuorum.
2432 4269 2550 4338 Sic,
2607 4281 2917 4346 quomodo?
2975 4286 3029 4339 in
3087 4287 3249 4342 multa

1668 4348 1992 4406 differentia.
2041 4355 2242 4410 Deinde
2292 4356 2394 4414 hac
2445 4369 2714 4430 tamquam
2763 4369 2979 4432 probata
3029 4372 3247 4432 dimissa

1668 4443 1928 4509 oratione,
1953 4461 2137 4501 rursus
2158 4449 2302 4503 venit
2327 4451 2393 4504 ad
2419 4451 2928 4516 demonstrationem
2953 4474 3008 4519 et
3029 4467 3246 4526 modum

1669 4537 1836 4604 ipsius
1888 4541 2326 4608 resurrectionis,
2361 4542 2588 4600 dicens:
2625 4548 2922 4605 Sentinatur
2965 4557 3018 4610 in
3069 4575 3242 4614 corru-

1665 4628 1860 4696 ptione,
1894 4639 2062 4701 surget
2091 4631 2142 4684 in
2169 4633 2564 4702 incorruptione.
2615 4639 2745 4695 Vide
2783 4654 2958 4700 autem
3005 4649 3243 4717 pruden-

1668 4721 1794 4773 tiam
1826 4737 1839 4773 :
1875 4721 1926 4774 in
1958 4723 2254 4778 seminibus
2281 4725 2497 4794 quidem
2533 4744 2661 4785 usus
2687 4742 2771 4786 est
2801 4737 3022 4794 nomine
3051 4755 3245 4812 corpo-

1665 4826 1806 4875 rum,
1836 4810 2019 4867 dicens
2067 4831 2081 4867 :
2131 4813 2254 4868 Non
2283 4816 2598 4886 viviﬁcatur,
2631 4823 2731 4876 nisi
2770 4828 2922 4896 fuerit
2957 4810 3246 4898 mortuum;

1666 4900 1718 4956 itt
1745 4904 2061 4972 corporibus
2082 4915 2260 4960 autem
2288 4911 2648 4978 appellatione
2669 4917 2933 4972 seminum
2962 4962 2976 4988 ,
3006 4923 3196 4981 dicens
3227 4947 3241 4980 :

1670 4995 1957 5051 Sentinatur
1982 4998 2034 5050 in
2058 5002 2409 5070 corruptione,
2437 5007 2596 5076 surgit
2621 5008 2674 5060 in
2701 5010 3096 5083 incorruptione.
3125 5019 3242 5077 Non

1664 5087 1824 5154 dicit,
1851 5089 2118 5156 Nascitur,
2145 5108 2214 5147 ne
2241 5095 2515 5151 existimes
2555 5113 2676 5154 esse
2717 5117 2851 5171 opus
2883 5114 3074 5174 terrae,
3118 5113 3237 5181 sed,

1665 5181 1864 5252 Surgit.
1894 5181 2314 5242 Semiuationem
2336 5197 2516 5243 autem
2552 5191 2639 5246 hic
2665 5193 2794 5249 dicit
2813 5238 2828 5260 ,
2859 5215 2966 5254 non
3005 5214 3240 5260 nostram

1663 5273 1713 5326 in
1755 5274 1972 5327 matrice
2000 5276 2432 5344 generationem,
2470 5281 2565 5336 sed
2591 5282 2968 5345 defunctorum
3008 5293 3059 5347 in
3098 5305 3241 5353 terra

1661 5367 2009 5434 sepulturam,
2051 5367 2494 5436 dissolutionem,
2552 5375 2809 5432 cinerem.
2881 5382 3239 5450 Quamobrem

1659 5476 1780 5513 cum
1806 5461 2061 5529 dixisset,
2096 5463 2388 5518 Sentinatur
2417 5467 2471 5520 in
2507 5473 2863 5541 corruptione,
2893 5479 3054 5546 surgit
3082 5481 3136 5532 in
3161 5482 3240 5534 in-
3264 5514 3276 5522 --

1660 5554 1998 5622 corruptione,
2031 5555 2310 5624 subjunxit
2341 5575 2352 5610 :
2383 5559 2476 5614 45.
2506 5561 2800 5620 Seminatur
2826 5567 2879 5619 in
2903 5568 3236 5637 ignobilitate.

1659 5647 1796 5716 Quid
1822 5651 1963 5706 enim
1990 5659 2075 5707 est
2103 5651 2220 5706 visu
2241 5655 2447 5723 turpius
2469 5671 2628 5726 quam
2654 5674 2850 5728 corpus
2879 5663 3019 5731 quod
3052 5664 3232 5720 disso.

1663 5749 1826 5800 lutum
1852 5750 1970 5804 est?
2001 5751 2178 5822 Surgit
2209 5749 2261 5800 in
2292 5747 2456 5816 gloria
2485 5764 2502 5802 :
2535 5751 2812 5803 seminatur
2838 5752 2889 5803 in
2924 5754 3225 5821 infirmitate.

2787 5842 2864 5900 23
