3802 6316
396 283 500 338 559

395 396 640 454 Nondum
662 392 802 448 enim
822 399 948 445 sunt
969 387 1181 457 triginta
1202 383 1340 445 dies.
1360 389 1414 435 et
1439 379 1595 448 periit
1613 389 1916 431 universum
1943 390 1957 426 :

399 503 500 546 nec
547 493 720 555 potest
755 494 880 537 caro
924 493 984 533 se
1021 475 1334 538 continere,
1394 483 1564 539 neque
1615 481 1779 521 unum
1821 462 1960 521 diem

399 583 612 637 durare.
644 575 820 646 Surgit
842 572 896 626 in
923 571 1116 624 uirtute.
1149 565 1299 621 Tunc
1345 563 1485 617 enim
1533 559 1648 630 ejus
1692 556 1823 658 nihil
1853 570 1967 658 Isn-

403 673 603 744 pererit
658 668 941 737 reliquum.
1009 662 1296 730 Propterea
1340 667 1395 712 et
1442 654 1546 708 illis
1599 666 1732 720 Opus
1781 648 1965 744 habuit

401 738 684 833 exemplis,
717 776 783 814 ne
813 756 963 812 multi
994 754 1109 806 hare
1135 749 1436 811 audientes,
1464 758 1656 812 nempe
1683 738 1822 810 quod
1853 754 1971 792 sur-

404 863 535 926 gittit
566 856 618 907 in
644 846 1040 918 incorruptione
1086 849 1142 896 et
1164 840 1332 911 gloria
1373 846 1427 891 et
1467 836 1694 926 virtute,
1725 838 1972 900 putarent

406 923 791 1014 resurgentium
821 935 1015 992 nullam
1047 946 1166 986 esse
1194 926 1566 985 differentiam.
1612 923 1742 978 Nam
1778 934 1972 1025 omnes

407 1035 619 1103 quidem
646 1036 947 1100 resurgunt,
973 1036 1028 1081 et
1053 1025 1105 1079 in
1131 1023 1324 1078 virtute
1345 1029 1398 1072 et
1425 1020 1477 1072 in
1502 1018 1898 1112 incorruptione
1919 1019 1975 1065 et

409 1127 462 1180 in
494 1122 660 1194 gloria
691 1122 789 1174 hac
814 1112 1224 1183 incorruptionis
1245 1153 1258 1175 ,
1286 1124 1393 1164 non
1423 1118 1593 1160 tamen
1624 1116 1811 1156 omnes
1831 1117 1975 1203 eius-

409 1215 530 1270 dem
556 1212 774 1267 honoris
798 1217 852 1263 et
871 1204 1189 1261 securitatis.
1217 1201 1309 1256 44.
1345 1199 1638 1254 Sentinatur
1663 1208 1845 1262 corpus
1865 1199 1977 1243 ani-

412 1306 560 1364 male.
587 1301 746 1372 surgit
777 1313 959 1368 corpus
988 1292 1268 1363 spirituale.
1301 1287 1392 1342 Est
1418 1303 1598 1354 corpus
1634 1283 1851 1337 animale
1869 1305 1885 1346 ι
1928 1289 1977 1333 et

412 1405 483 1451 est
508 1409 690 1463 corpus
727 1388 1008 1459 spirituale.
1053 1382 1192 1452 Quid
1223 1379 1394 1436 dicis?
1423 1377 1525 1432 hoc
1575 1385 1752 1430 autem
1804 1387 1980 1426 nonne

419 1497 500 1543 est
525 1482 841 1555 spirituale?
883 1476 1169 1550 Spirituale
1212 1468 1595 1563 quidem,‘sed
1635 1465 1761 1563 illud
1811 1463 1976 1563 multo

421 1579 607 1647 magis.
636 1573 766 1630 Nam
793 1585 931 1626 nunc
955 1567 1168 1639 quidem
1195 1578 1337 1632 saepe
1365 1560 1539 1614 avolat
1565 1557 1788 1626 Spiritus
1810 1557 1979 1608 sancti

418 1668 579 1722 multa
624 1663 788 1734 gratia
826 1659 1088 1730 aliquibus
1120 1668 1308 1724 magna
1349 1647 1694 1746 peccantibus
1715 1687 1730 1711 ,
1759 1655 1812 1746 et
1841 1659 1982 1746 praef

418 1767 570 1814 sonte
598 1767 807 1825 quoque
833 1751 1021 1820 spiritu
1051 1746 1262 1806 animze,
1301 1741 1478 1794 avolat
1519 1738 1625 1792 vita
1666 1738 1878 1799 carnis;
1926 1742 1982 1787 et

421 1847 562 1918 quod
601 1855 683 1900 εει
718 1838 1052 1912 hujusmodi,
1096 1836 1296 1904 absque
1335 1831 1435 1884 hoc
1478 1835 1562 1882 est
1611 1827 1766 1925 inane
1812 1840 1826 1877 :
1859 1835 1984 1925 tunc

422 1949 597 1992 autem
629 1950 735 1989 non
766 1933 869 1994 sic,
894 1928 987 1984 sed
1031 1933 1286 1996 perpetuo
1334 1927 1609 1992 permanet
1640 1918 1692 1970 in
1719 1929 1878 1970 carne
1897 1918 1987 1984 ju-

428 2040 653 2090 storuiu,
685 2036 739 2079 et
778 2023 893 2093 ejus
918 2021 1020 2075 erit
1049 2025 1283 2088 potestas
1309 2022 1362 2068 et
1400 2012 1678 2080 imperium
1730 2015 1992 2077 praesente

423 2133 634 2190 quoque
661 2117 856 2169 anima.
886 2115 991 2167 Aut
1017 2110 1159 2164 enim
1201 2106 1304 2160 tale
1331 2104 1454 2175 quid
1487 2101 1840 2157 subindicavit
1860 2141 1874 2166 ,
1913 2098 1993 2153 di-

435 2175 562 2265 cens
589 2206 901 2279 Spirituale;
925 2209 1017 2256 aut
1051 2198 1191 2270 quod
1228 2197 1460 2251 futurum
1489 2195 1558 2248 sit
1585 2195 1753 2249 levius
1780 2201 1834 2247 et
1862 2191 1992 2245 suh-
2035 2175 2039 2177 ’

427 2302 590 2365 tilius,
613 2308 668 2353 et
694 2295 836 2366 quod
867 2293 1031 2364 possit
1066 2291 1224 2345 etiam
1257 2288 1374 2341 vehi
1407 2286 1460 2340 in
1490 2301 1650 2348 aere;
1683 2285 1768 2339 vel
1813 2284 1991 2353 potius

430 2402 727 2459 utrumque.
761 2387 816 2440 Si
846 2397 1022 2440 autem
1051 2397 1154 2436 non
1182 2380 1356 2435 credis
1381 2379 1427 2433 ei
1459 2378 1598 2448 quod
1625 2377 1842 2440 dicitur,
1873 2373 1996 2428 vide

428 2496 652 2553 corpora
682 2475 916 2534 caelestia
956 2487 1075 2545 qua:
1104 2481 1225 2526 sunt
1248 2480 1352 2525 tam
1384 2468 1662 2538 splendida
1701 2477 1754 2522 et
1782 2465 1999 2520 durabi-

431 2576 519 2636 lia,
560 2581 614 2627 et
644 2575 952 2640 permanent
1000 2567 1053 2619 in
1090 2562 1393 2619 conditione
1430 2576 1534 2614 non
1562 2559 1907 2623 senescendi;
1948 2568 2002 2612 et

433 2664 556 2719 hinc
582 2660 708 2718 cred
721 2675 772 2722 e,
803 2657 940 2728 quod
971 2656 1106 2710 Deus
1129 2662 1303 2724 potest
1324 2652 1495 2706 facere
1520 2650 1632 2706 haec
1655 2664 1864 2720 quoque
1884 2664 2003 2704 cor-

431 2753 701 2824 ruptibilia
747 2745 1164 2818 incorruptibilia
1218 2744 1330 2799 fieri
1359 2783 1373 2806 ,
1442 2751 1497 2796 et
1569 2742 1737 2796 multo
1784 2741 2002 2794 meliora

433 2850 499 2901 iis
524 2862 640 2915 qua:
667 2851 975 2898 cernuntur.
1006 2839 1099 2894 ιδ.
1133 2838 1278 2893 Sicut
1303 2835 1545 2906 scriptum
1571 2845 1643 2888 est
1669 2849 1688 2888 :
1721 2834 1912 2888 Fartus
1933 2844 2006 2888 est

433 2937 622 3007 primus
645 2935 792 2988 homo
814 2936 866 2985 in
891 2931 1112 2984 animam
1138 2929 1376 2982 viventem
1398 2943 1417 2992 ;
1443 2925 1740 2979 novissimus
1771 2924 1932 2978 Adam
1955 2926 2007 2977 in

438 3027 670 3097 spiritum
710 3023 1060 3091 viviﬁcantem.
1100 3020 1258 3087 Atqui
1312 3014 1442 3071 illud
1484 3014 1696 3085 quidem
1753 3015 2005 3083 scriptum

436 3128 517 3176 est
549 3115 700 3190 (Gen.
725 3113 780 3169 2.
807 3114 898 3185 7),
927 3112 1029 3166 hoc
1053 3119 1230 3165 autem
1260 3125 1365 3163 non
1387 3116 1470 3162 est
1520 3106 1773 3174 scriptum
1818 3122 1832 3159 :
1874 3119 2006 3174 quo-

445 3209 605 3264 modo
625 3219 755 3277 ergo
778 3203 912 3260 dixit
930 3242 947 3269 ,
975 3201 1232 3272 Scriptum
1260 3199 1371 3253 est?
1394 3199 1439 3252 A
1466 3213 1645 3251 rerum
1690 3207 1880 3251 eventu
1910 3196 2012 3251 hoc

443 3302 818 3369 interpretatus
850 3312 862 3348 :
889 3291 1029 3364 quod
1062 3291 1199 3345 solet
1233 3287 1448 3344 assidue
1503 3286 1699 3342 facere.
1728 3287 1822 3341 Est
1869 3289 2011 3341 enim

446 3391 532 3444 hic
558 3403 674 3443 mos
702 3385 975 3456 propheta:
1003 3398 1017 3433 :
1048 3381 1244 3437 etenim
1283 3378 1577 3436 Jerusalem
1619 3378 1885 3432 civitatem
1923 3378 2012 3446 ju-

453 3482 612 3537 stitiaa
646 3478 938 3533 vocandam
963 3475 1078 3529 fore
1108 3473 1239 3529 dixit
1269 3473 1525 3542 propheta
1558 3470 1739 3542 (Zach.
1769 3473 1822 3526 8.
1851 3471 1929 3542 5),
1961 3481 2015 3527 et

449 3588 552 3627 non
582 3582 662 3626 est
688 3577 893 3625 vocata.
921 3565 1057 3634 Quid
1083 3563 1243 3635 ergo?
1267 3562 1528 3618 falsumne
1556 3563 1691 3617 dixit
1719 3562 2016 3632 propheta?

451 3665 788 3734 Nequaquam
820 3675 836 3713 :
864 3673 984 3712 nam
1013 3657 1153 3711 illam
1184 3655 1398 3725 quidem
1427 3654 1505 3709 sic
1540 3655 1834 3708 vocandam
1882 3653 2016 3708 dixit

454 3771 547 3824 per
575 3767 751 3807 rerum
792 3757 1059 3805 eventum.
1089 3746 1356 3801 Christum
1396 3761 1610 3816 quoque
1645 3746 1780 3800 dixit
1820 3760 2008 3800 vocan-

453 3847 579 3902 dum
607 3841 1006 3899 Emmanuelem
1039 3836 1190 3907 (lsai.
1217 3838 1270 3892 7.
1302 3833 1425 3908 14);
1453 3847 1507 3891 et
1546 3851 1645 3892 nec
1673 3837 1785 3906 ipse
1809 3853 2018 3907 quoque

456 3940 534 3992 sic
571 3943 657 3990 est
686 3941 924 3992 vocatus.
957 3928 1052 3983 sed
1080 3943 1166 3982 res
1197 3928 1325 3999 ipsze
1354 3926 1493 3981 hanc
1521 3942 1708 3982 vocem
1746 3929 2014 3983 emittunt.

452 4031 529 4086 lta
546 4028 631 4081 hic
639 4038 850 4096 quoque
863 4018 1342 4076 NovissimusAdam
1357 4019 1410 4072 in
1422 4019 1653 4088 spiritum
1670 4020 2016 4089 vivificantem.

522 4119 576 4173 4.
599 4117 725 4172 Haec
761 4121 935 4168 autem
962 4111 1115 4177 dixit,
1144 4118 1205 4164 ut
1228 4110 1424 4175 discas,
1479 4109 1619 4179 quod
1649 4119 1701 4165 et
1730 4112 1848 4165 vita:
1877 4127 2020 4181 prce-

459 4206 627 4264 sentis
651 4213 705 4260 et
730 4202 918 4257 fotum
941 4199 1050 4270 jam
1078 4207 1340 4254 venerunt
1365 4200 1515 4270 signa
1543 4209 1595 4253 ct
1628 4202 1864 4271 pignora:
1895 4217 2023 4272 prae.

460 4297 627 4354 sentis
655 4294 868 4366 quidem
917 4291 1104 4355 Adam,
1133 4289 1324 4344 futuras
1369 4299 1547 4345 autem
1589 4289 1852 4346 Christus.
1891 4293 2020 4348 Nam

461 4389 710 4461 quoniam
741 4399 860 4457 quas
906 4391 1030 4437 sunt
1078 4382 1302 4437 meliora
1352 4383 1502 4451 ponit
1535 4382 1588 4436 in
1624 4397 1752 4452 Spe,
1795 4387 2026 4440 ostendit

462 4479 776 4554 principium
802 4477 910 4548 jam
930 4475 1194 4539 evenisse,
1213 4486 1267 4530 et
1287 4477 1518 4530 radicem
1547 4485 1601 4530 et
1635 4476 1834 4533 fontem
1859 4495 2022 4549 appa-

466 4573 659 4628 ruisse.
681 4569 736 4624 Si
758 4577 933 4622 autem
951 4566 1099 4621 radix
1121 4575 1175 4621 et
1192 4565 1310 4621 fons
1330 4575 1412 4621 est
1427 4567 1673 4622 omnibus
1691 4568 2024 4640 manifestus,

466 4662 597 4718 nihil
613 4670 695 4716 est
714 4658 1062 4714 dubitandum
1084 4656 1151 4712 de
1171 4656 1447 4711 fructibus.
1466 4657 1533 4711 Et
1546 4657 1665 4714 ideo
1684 4660 1836 4727 dicit,
1852 4659 1904 4714 Ν
1908 4662 2031 4716 ovis-

465 4755 622 4808 simus
649 4752 814 4805 Adam
841 4751 896 4803 in
924 4749 1160 4820 spiritum
1203 4748 1537 4816 viviﬁcantem
1554 4761 1643 4806 :et
1663 4753 1787 4806 alibi
1816 4769 2030 4825 quoque

469 4846 618 4911 dicit,
654 4843 938 4912 Vioiﬁcabit
966 4840 1200 4895 mortalia
1216 4856 1432 4912 corpora
1453 4852 1614 4896 vestra
1635 4861 1724 4915 per
1737 4847 2031 4903 inhabitan-

471 4947 570 4989 tem
596 4933 846 5005 Spiritum
873 4935 928 4987 in
954 4931 1093 4987 vobis
1114 4929 1290 5004 (Rom.
1309 4932 1364 4986 8.
1386 4933 1496 5004 ll).
1527 4933 1624 4988 Est
1650 4951 1778 5005 ergo
1802 4936 2032 5008 Spiritus

469 5025 760 5082 vivificare.
786 5025 986 5080 Deinde
1007 5039 1076 5080 ne
1096 5024 1358 5095 quispiam
1385 5023 1620 5092 diceret,
1651 5027 1760 5083 Cur
1780 5042 1905 5086 sunt
1933 5048 2032 5086 an-

471 5119 698 5188 tiquiora
739 5131 800 5171 ea
840 5132 958 5186 quae
1001 5125 1126 5171 sunt
1169 5115 1392 5187 pejora;
1429 5125 1484 5172 et
1520 5134 1638 5188 qua:
1666 5131 1791 5176 sunt
1821 5125 2033 5194 quidem

474 5208 744 5274 animalia,
761 5217 868 5262 tota
898 5219 1212 5276 evenerunt,
1228 5225 1328 5269 nec
1343 5218 1547 5266 tantum
1568 5229 1732 5284 usque
1757 5215 1820 5269 ad
1851 5219 2038 5286 primi-

479 5301 602 5365 tias,
621 5315 739 5370 qme
762 5309 942 5354 autem
965 5301 1280 5369 spiritualia,
1309 5317 1414 5358 non
1440 5303 1541 5359 nisi
1569 5321 1735 5376 usque
1761 5309 1825 5362 ad
1857 5311 2039 5379 primi-

479 5392 614 5445 tias?
637 5390 868 5445 ostendit
885 5391 1162 5462 utriusque
1180 5393 1436 5462 principia
1451 5393 1520 5449 ita
1548 5394 1712 5452 fuisse
1728 5401 2036 5458 constituta.

473 5482 565 5539 46.
594 5482 700 5538 Sed
742 5499 844 5536 non
888 5483 1065 5551 prius,
1109 5485 1301 5554 inquit,
1349 5487 1483 5556 quod
1539 5490 1803 5560 spirituale
1827 5503 1918 5557 est,
1950 5495 2038 5550 sed

475 5573 609 5642 quod
636 5573 897 5628 animale:
936 5573 1116 5628 deinde
1158 5575 1294 5647 quod
1333 5577 1615 5647 spirituale.
1649 5581 1761 5637 Non
1793 5585 1922 5640 dicit
1944 5602 2038 5642 au-

477 5677 607 5731 tem,
633 5682 817 5737 quare,
861 5667 956 5725 sed
980 5675 1062 5724 est
1101 5677 1386 5727 contentus
1412 5671 1510 5728 Dei
1536 5675 1869 5736 ordinatione
1891 5723 1906 5747 ,
1941 5683 2022 5738 ha-

1097 271 1153 326 S.
1189 265 1460 325 JOANNIS
1495 259 1971 321 CHRYSOSTOMI
2009 255 2320 312 ARCHIEP.
2359 257 2890 320 CONSTANTINOP.

2070 371 2200 427 hens
2245 375 2565 428 sententiam
2595 391 2714 445 quae
2738 378 2980 447 procedit
3003 394 3032 433 a
3055 381 3215 437 rebus
3236 424 3255 451 ,
3279 385 3637 442 testimonium

2068 459 2326 517 ferentem
2366 463 2581 531 Optima:
2626 467 2722 521 Dei
2765 467 3236 538 administrationi,
3270 485 3325 530 et
3352 477 3638 533 ostendens

2069 550 2209 620 quod
2227 567 2315 607 res
2331 562 2528 608 nostra:
2548 569 2760 625 semper
2781 557 3076 628 procedunt
3093 562 3161 616 ad
3180 563 3232 617 id
3255 566 3399 634 quod
3425 577 3511 622 est
3529 585 3636 624 me-

2071 642 2175 696 lius
2191 658 2254 698 ac
2272 644 2609 713 praestantius
2640 663 2652 699 :
2676 647 2836 702 simul
2867 650 3032 704 etiam
3060 650 3182 706 hinc
3197 669 3412 725 quoque
3431 659 3480 711 ei
3505 660 3642 727 quod

2071 733 2198 787 dicit
2211 733 2368 788 (idem
2387 733 2607 790 faciens.
2627 736 2758 791 Nam
2772 739 2816 792 si
2837 755 2957 809 quae
2972 753 3094 796 sunt
3109 745 3312 800 minora
3327 762 3643 818 evenerunt,

2074 826 2418 896 multomagis
2445 843 2565 896 qua:
2591 839 2714 882 sunt
2745 831 2966 886 meliora
2995 843 3120 889 sunt
3140 839 3520 905 exspectanda.

2147 917 2338 971 Μονιηὶ
2359 935 2459 972 non
2479 921 2626 974 nimis
2652 922 2875 993 lugendi,
2897 927 2988 978 sed
3015 927 3242 996 precibus
3279 941 3324 983 at
3355 933 3499 986 bonis
3527 950 3643 1003 ope-

2076 1006 2212 1062 ribus
2249 1009 2488 1078 juvandi.
2534 1040 2605 1051 —
2649 1011 2782 1066 Cum
2827 1030 2955 1084 ergo
2989 1015 3225 1072 futurum
3265 1021 3337 1075 sit
3364 1030 3423 1074 ut
3461 1024 3652 1078 talibus

2079 1099 2318 1155 fruamur
2341 1101 2517 1167 bonis,
2544 1119 2644 1157 nos
2673 1107 2725 1158 in
2754 1105 2858 1161 hoc
2899 1107 3087 1163 ordine
3137 1111 3487 1179 collocemus,
3509 1125 3564 1169 et
3587 1132 3654 1170 ne

2080 1190 2371 1246 deﬂeamus
2391 1208 2485 1248 eos
2510 1196 2598 1263 qui
2625 1195 2907 1259 excedunt,
2936 1199 3030 1252 sed
3071 1215 3164 1254 eos
3201 1203 3290 1269 qui
3321 1203 3487 1257 vitam
3520 1207 3654 1259 male

2081 1268 2289 1338 finiunt.
2323 1284 2454 1338 Nam
2475 1294 2529 1338 et
2550 1287 2782 1355 agricola
2801 1301 2920 1342 cum
2951 1289 3145 1346 viderit
3167 1268 3387 1346 dissolvi
3419 1293 3658 1350 frumen-

2083 1383 2220 1441 tum,
2245 1389 2350 1428 uon
2374 1375 2716 1441 lamentatur,
2749 1377 2845 1432 sed
2867 1381 3119 1447 quamdiu
3151 1383 3366 1451 quidem
3400 1385 3550 1439 videt
3575 1401 3661 1439 so-

2084 1464 2246 1519 lidum
2265 1481 2486 1521 manere
2508 1467 2558 1520 in
2585 1478 2746 1530 terra,
2771 1479 2986 1524 veretur
3011 1480 3066 1526 et
3080 1477 3444 1528 contremiscit
3467 1491 3484 1540 ;
3519 1486 3661 1545 post-

2085 1571 2241 1624 quam
2269 1565 2445 1610 autem
2478 1555 2634 1610 fuerit
2658 1556 2995 1627 dissolutum,
3026 1560 3254 1616 laetatur.
3281 1563 3498 1618 Initium
3521 1568 3660 1620 enim

2088 1646 2278 1700 futurae
2303 1647 2560 1702 sementis
2585 1657 2666 1702 est
2695 1648 2995 1703 dissolutio.
3048 1653 3136 1707 Sic
3164 1669 3262 1708 nos
3290 1672 3510 1725 quoque
3541 1669 3663 1714 tunc

2091 1738 2352 1804 Iretemur,
2381 1753 2500 1793 cum
2522 1740 2784 1795 ceciderit
2816 1743 3005 1797 domus
3028 1742 3078 1796 in
3110 1759 3266 1814 quam
3311 1749 3458 1802 cadit
3485 1750 3668 1804 interi-

2093 1838 2179 1884 tus
2202 1870 2219 1896 ,
2271 1830 2482 1899 quando
2523 1832 2682 1886 homo
2723 1831 2883 1888 fuerit
2913 1837 3221 1891 seminatus.
3267 1837 3376 1894 Nec
3404 1843 3621 1896 mireris
3649 1886 3665 1905 .

2092 1923 2136 1976 si
2157 1922 2482 1991 sepulturam
2510 1923 2714 1976 vocarit
2739 1935 3034 1979 sementem
3059 1941 3075 1990 ;
3109 1942 3170 1980 ea
3191 1929 3333 1982 enim
3365 1941 3450 1984 est
3477 1933 3668 1986 melior

2094 2014 2368 2067 sementis.
2395 2012 2525 2068 Nam
2548 2014 2622 2068 illi
2653 2016 2867 2085 quidem
2895 2018 3134 2072 succedit
3164 2035 3309 2075 mors
3334 2033 3391 2075 et
3413 2022 3660 2086 labores,

2097 2106 2330 2175 pericula
2357 2116 2411 2161 et
2431 2121 2574 2161 curas
2606 2125 2620 2162 :
2650 2108 2773 2162 huic
2813 2119 3013 2173 autem,
3037 2111 3082 2165 si
3104 2123 3246 2167 recte
3276 2115 3557 2181 vivamus,
3582 2131 3669 2170 co-

2098 2212 2244 2251 rona:
2272 2206 2327 2252 ct
2358 2203 2609 2266 prinmia:
2641 2209 2696 2254 et
2719 2200 2794 2253 illi
2816 2201 3028 2270 quidem
3057 2206 3324 2272 corruptio
3347 2208 3672 2262 acinteritus

2100 2299 2155 2344 et
2184 2305 2359 2353 mors;
2391 2289 2514 2344 huic
2531 2299 2707 2345 autem
2739 2292 2956 2346 interitu
3001 2309 3206 2360 carere,
3253 2297 3588 2369 incorruptio
3621 2312 3672 2354 et

2101 2381 2492 2446 immortalitas,
2515 2391 2570 2436 et
2597 2381 2733 2436 bona
2764 2384 3166 2440 innumerabilia
3197 2405 3212 2442 :
3246 2389 3296 2442 in
3327 2389 3418 2443 illa
3449 2396 3670 2446 semina.

2104 2472 2246 2528 tione
2295 2482 2419 2527 sunt
2449 2473 2763 2544 complexus
2810 2485 2864 2529 et
2899 2477 3197 2544 voluptates
3241 2489 3290 2533 et
3331 2496 3594 2548 somnus;
3623 2484 3670 2538 in

2105 2561 2203 2618 hac
2227 2572 2407 2617 autem
2437 2579 2538 2617 vox
2569 2565 2743 2618 solum
2772 2580 2803 2620 e
2828 2567 2974 2620 caelis
3001 2568 3332 2624 descendens
3354 2613 3371 2637 ,
3402 2583 3459 2626 et
3498 2576 3669 2628 omnia

2105 2653 2258 2708 simul
2288 2663 2508 2723 repente
2538 2655 2903 2724 perficiuntur.
2933 2657 2996 2710 Et
3028 2659 3115 2726 qui
3141 2662 3394 2730 resurgit.
3419 2677 3531 2716 non
3560 2679 3669 2716 am-

2108 2746 2246 2815 plius
2269 2743 2518 2814 deinceps
2537 2745 2818 2798 adducitur
2839 2745 2905 2799 ad
2933 2749 3092 2801 vitam
3121 2749 3460 2816 laboriosam,
3491 2754 3586 2808 sed
3609 2756 3671 2808 ad

2109 2853 2226 2890 eam
2257 2836 2398 2891 unde
2429 2835 2609 2906 effugit
2636 2837 2811 2901 dolor,
2846 2838 3018 2893 luctus
3045 2850 3098 2892 et
3126 2841 3374 2909 gemitus.
3409 2845 3464 2896 Si
3497 2855 3672 2898 autem

2111 2929 2475 2982 defensionem
2528 2929 2756 2997 requiris
2778 2938 2832 2983 et
2862 2931 3229 2998 patrocinium,
3284 2944 3340 2987 et
3391 2946 3671 3004 propterea

2110 3019 2279 3073 virum
2305 3017 2492 3084 deﬂes,
2521 3019 2745 3089 confuge
2772 3019 2837 3073 ad
2868 3022 3103 3076 omnium
3134 3038 3474 3081 communem
3505 3041 3679 3099 patro-

2112 3127 2260 3178 num,
2277 3109 2632 3178 defensorem,
2651 3121 2972 3166 servatorem
2999 3122 3054 3167 et
3075 3114 3462 3172 benefactorem
3488 3120 3676 3188 Deum,

2113 3203 2180 3258 ad
2231 3203 2638 3272 inexpugnabile
2686 3204 2938 3257 auxilium
2963 3246 2977 3271 ,
3007 3204 3073 3259 ad
3119 3206 3272 3262 facile
3292 3216 3346 3263 et
3375 3223 3679 3280 promptum

2115 3294 2500 3365 adjumentum,
2532 3293 2599 3347 ad
2629 3304 2938 3364 perpetuam
2991 3312 3109 3367 qua:
3162 3315 3376 3371 semper
3406 3311 3461 3356 et
3490 3305 3682 3374 ubique

2115 3387 2266 3442 adest
2295 3387 2701 3457 protectionem.
2729 3403 2828 3448 nos
2852 3388 3081 3464 undique
3103 3391 3445 3448 munientem.
3467 3399 3529 3448 At
3558 3410 3683 3451 eou-

2117 3481 2342 3537 suetudo
2371 3497 2457 3537 res
2483 3494 2565 3538 est
2588 3483 2956 3539 desiderabilis
2975 3497 3027 3540 et
3053 3488 3313 3542 amabilis.
3341 3487 3453 3557 Ego
3473 3504 3683 3559 quoque

2119 3575 2171 3628 id
2191 3575 2338 3640 scio;
2369 3574 2463 3630 sed
2489 3577 2531 3630 si
2561 3577 2754 3631 rationi
2784 3588 2985 3632 motum
3011 3580 3171 3634 animi
3226 3585 3565 3638 commiseris
3586 3627 3603 3648 ,
3632 3594 3684 3639 et

2121 3665 2262 3734 apud
2295 3676 2346 3720 te
2375 3669 2705 3736 reputaveris
2752 3669 2870 3738 quis
2891 3671 2962 3724 sit
2989 3671 3078 3740 qui
3113 3675 3355 3743 accepit,
3389 3686 3442 3729 et
3465 3678 3608 3745 quod
3639 3680 3685 3732 si

2121 3757 2242 3811 forti
2263 3758 2442 3812 animo
2471 3758 2674 3824 tuleris,
2705 3760 2815 3815 Deo
2843 3774 3074 3818 mentem
3106 3773 3268 3819 totam
3297 3767 3456 3822 offers
3485 3771 3686 3822 sacrifi-

2121 3848 2260 3902 cium
2285 3865 2301 3915 ;
2333 3846 2476 3903 hunc
2501 3864 2712 3921 quoque
2767 3850 2982 3908 ﬂuctum
3027 3855 3225 3924 poteris
3253 3857 3438 3922 vitare,
3467 3870 3524 3914 et
3548 3862 3686 3929 quod

2125 3948 2334 4011 tempus
2383 3940 2586 4008 efficit,
2615 3941 2720 3998 hoc
2768 3942 2925 3999 faciet
2975 3947 3327 4016 philosophia.
3371 3948 3464 4005 Sin
3510 3963 3687 4006 autem

2123 4031 2302 4085 mollis
2343 4030 2506 4086 fueris
2524 4043 2578 4087 et
2600 4045 2905 4100 enervatus,
2960 4045 3200 4105 tempore
3245 4039 3452 4108 quidem
3483 4039 3695 4096 desinet

2127 4122 2290 4177 animi
2322 4125 2680 4192 perturbatio,
2714 4125 2806 4180 tibi
2837 4136 3013 4181 autem
3042 4128 3241 4183 nullam
3265 4131 3451 4186 afferet
3491 4149 3694 4190 merce-

2128 4215 2272 4270 dem.
2303 4215 2435 4270 Cum
2459 4215 2541 4270 his
2570 4218 2864 4271 rationibus
2893 4218 3083 4289 collige
3109 4221 3268 4274 etiam
3300 4223 3543 4291 exempla
3577 4241 3694 4294 qua:

2130 4319 2256 4363 sunt
2279 4311 2328 4363 in
2354 4310 2600 4379 praesenti
2630 4311 2756 4377 vita,
2783 4326 2901 4380 qua:
2927 4323 3048 4365 sunt
3071 4313 3120 4365 iu
3149 4312 3341 4368 divinis
3366 4315 3693 4384 Scripturis:

2131 4401 2304 4470 cogita
2331 4400 2472 4469 quod
2502 4399 2769 4454 Abraham
2798 4417 2952 4456 suum
2971 4403 3228 4472 jugulavit
3250 4405 3498 4471 tilium,et
3526 4425 3698 4480 neque

2132 4491 2282 4547 flevit
2325 4507 2498 4562 neque
2527 4493 2744 4547 verbum
2775 4495 2952 4549 emisit
2996 4497 3245 4551 acerbum
3271 4498 3289 4567 (
3320 4497 3524 4552 6:72.22
3557 4503 3597 4569 ).
3631 4502 3700 4555 At

2135 4585 2245 4647 ille,
2277 4583 2506 4654 inquies,
2553 4595 2669 4639 erat
2698 4585 2989 4640 Abraham.
3037 4588 3195 4658 Atqui
3224 4600 3278 4642 tu
3305 4601 3528 4645 vocatus
3555 4607 3613 4646 es
3643 4604 3700 4647 ut

2138 4676 2337 4745 majora
2364 4685 2514 4746 septa
2539 4677 2904 4732 transcendas.
2929 4677 3032 4734 Job
3051 4691 3226 4734 autem
3259 4690 3460 4735 tantum
3483 4683 3696 4752 quidem

2138 4769 2327 4834 doluit,
2385 4779 2639 4840 quantum
2667 4780 2750 4825 est
2783 4781 3198 4829 consentaneum
3242 4787 3446 4844 patrem
3504 4777 3698 4833 liberos

2141 4869 2438 4928 amantem,
2467 4871 2520 4916 et
2549 4877 2790 4932 magnam
2835 4878 3015 4918 curam
3052 4877 3326 4935 gerentem
3373 4883 3560 4922 eorum
3612 4871 3700 4939 qui

2145 4961 2506 5007 excesserant.
2536 4953 2666 5007 Nam
2693 4969 2812 5023 qua:
2858 4969 2956 5009 nos
3000 4956 3212 5026 quidem
3255 4974 3394 5012 nunc
3433 4957 3657 5014 facimus
3682 5002 3696 5023 ,

2145 5053 2268 5098 sunt
2299 5045 2632 5099 inimicorum
2655 5055 2710 5100 et
2738 5045 2989 5100 hostium.
3037 5047 3216 5116 Neque
3252 5051 3416 5116 enim,
3449 5052 3494 5105 si
3524 5053 3702 5122 aliquo

2144 5134 2196 5187 in
2220 5135 2417 5205 regiam
2457 5135 2684 5190 abducto
2711 5143 2765 5190 et
2787 5149 3044 5191 coronato
3071 5140 3346 5208 plangeres
3372 5152 3427 5195 et
3447 5142 3701 5199 lamenta-

2145 5226 2299 5292 reris,
2347 5234 2398 5280 te
2439 5226 2661 5280 dixerim
2689 5242 2806 5282 esse
2835 5229 3072 5284 coronati
3114 5233 3362 5297 amicum,
3417 5235 3510 5289 sed
3559 5237 3702 5289 valde

2146 5321 2417 5375 inimicum
2447 5330 2501 5375 et
2523 5321 2751 5374 hostem.
2797 5322 2866 5375 At
2895 5315 2998 5376 non
3040 5323 3181 5378 illum
3206 5366 3222 5391 ,
3251 5327 3475 5395 inquies,
3514 5329 3664 5399 lugeo
3685 5370 3700 5395 ,

2147 5413 2240 5467 sed
2273 5427 2358 5467 me
2403 5413 2596 5482 ipsum.
2627 5412 2732 5467 Sed
2756 5405 2928 5482 neque
2961 5414 3060 5468 hoc
3087 5425 3170 5469 est
3197 5420 3443 5485 amantis,
3478 5422 3613 5476 velle
3641 5423 3700 5477 il-

2148 5503 2257 5558 lum
2285 5514 2502 5574 propter
2525 5511 2578 5558 te
2598 5504 2717 5574 angi
2748 5515 2802 5559 et
2825 5506 3007 5560 vexari
3031 5516 3085 5561 et
3114 5509 3315 5562 incerto
3347 5511 3523 5568 futuro
3552 5513 3702 5582 subji-

2149 5597 2219 5660 ci,
2247 5611 2366 5651 cum
2400 5595 2536 5651 adsit
2564 5596 2812 5652 coronari
2841 5608 2895 5652 et
2921 5598 2986 5652 ad
3014 5609 3222 5668 portum
3249 5601 3504 5666 tendere;
3547 5615 3636 5657 aut
3657 5607 3703 5659 in

2150 5691 2284 5744 mari
2301 5689 2511 5759 jactari,
2537 5704 2659 5746 cum
2685 5689 2841 5744 liceat
2866 5703 2984 5745 esse
3007 5690 3057 5744 in
3083 5699 3259 5762 portu.
3301 5694 3369 5749 At
3394 5695 3598 5766 nescio,
3630 5696 3707 5749 iu-
