  <div class='ocr_page' id='page_1' title='image "/cluster/home/n/w/nwhite01/storage/ocr_20150623/61/hvd.32044019190461/366.png"; bbox 0 0 3802 6214; ppageno 0'>
   <div class='ocr_carea' id='block_1_1' title="bbox 143 265 2248 331">
    <p class='ocr_par' dir='ltr' id='par_1_1' title="bbox 143 265 2248 331">
     <span class='ocr_line' id='line_1_1' title="bbox 143 265 2248 331; baseline -0.006 -1"><span class='ocrx_word' id='word_1_1' title='bbox 143 273 218 331; x_wconf 76' lang='grc'>559</span> <span class='ocrx_word' id='word_1_2' title='bbox 565 267 572 277; x_wconf 77' lang='grc'><strong><em>“</em></strong></span> <span class='ocrx_word' id='word_1_3' title='bbox 1088 267 1157 322; x_wconf 80' lang='lat' dir='ltr'>IN</span> <span class='ocrx_word' id='word_1_4' title='bbox 1196 267 1412 324; x_wconf 77' lang='lat' dir='ltr'>EPIST.</span> <span class='ocrx_word' id='word_1_5' title='bbox 1453 269 1473 323; x_wconf 91' lang='grc'><strong>1</strong></span> <span class='ocrx_word' id='word_1_6' title='bbox 1506 269 1597 323; x_wconf 76' lang='lat' dir='ltr'>AD</span> <span class='ocrx_word' id='word_1_7' title='bbox 1630 266 1788 324; x_wconf 80' lang='lat' dir='ltr'>COR.</span> <span class='ocrx_word' id='word_1_8' title='bbox 1832 265 2070 324; x_wconf 67' lang='lat' dir='ltr'>HOMILL</span> <span class='ocrx_word' id='word_1_9' title='bbox 2111 265 2248 321; x_wconf 78' lang='lat' dir='ltr'>XLI.</span> 
     </span>
    </p>
   </div>
   <div class='ocr_carea' id='block_1_2' title="bbox 143 367 1614 456">
    <p class='ocr_par' dir='ltr' id='par_1_2' title="bbox 143 367 1614 456">
     <span class='ocr_line' id='line_1_2' title="bbox 143 367 1614 456; baseline -0.003 -13"><span class='ocrx_word' id='word_1_10' title='bbox 143 383 439 453; x_wconf 66' lang='grc' dir='ltr'>επεῲεταιέν</span> <span class='ocrx_word' id='word_1_11' title='bbox 464 383 762 451; x_wconf 75' lang='grc' dir='ltr'>ἀσθενείᾳ.</span> <span class='ocrx_word' id='word_1_12' title='bbox 796 367 962 436; x_wconf 71' lang='grc' dir='ltr'>Οὖπίυ</span> <span class='ocrx_word' id='word_1_13' title='bbox 988 382 1092 455; x_wconf 80' lang='grc' dir='ltr'>γάρ</span> <span class='ocrx_word' id='word_1_14' title='bbox 1131 385 1332 456; x_wconf 79' lang='grc' dir='ltr'>ἡμέραι</span> <span class='ocrx_word' id='word_1_15' title='bbox 1366 385 1614 456; x_wconf 80' lang='grc' dir='ltr'>τριάκον·</span> 
     </span>
    </p>
   </div>
   <div class='ocr_carea' id='block_1_3' title="bbox 143 475 1616 548">
    <p class='ocr_par' dir='ltr' id='par_1_3' title="bbox 143 475 1616 548">
     <span class='ocr_line' id='line_1_3' title="bbox 143 475 1616 548; baseline -0.004 -14"><span class='ocrx_word' id='word_1_16' title='bbox 143 498 195 538; x_wconf 77' lang='grc' dir='ltr'>τα.</span> <span class='ocrx_word' id='word_1_17' title='bbox 226 476 298 531; x_wconf 74' lang='grc' dir='ltr'>καὶ</span> <span class='ocrx_word' id='word_1_18' title='bbox 330 475 380 528; x_wconf 80' lang='grc' dir='ltr'>τὺ</span> <span class='ocrx_word' id='word_1_19' title='bbox 398 477 490 528; x_wconf 79' lang='grc' dir='ltr'>πᾶν</span> <span class='ocrx_word' id='word_1_20' title='bbox 541 476 808 531; x_wconf 85' lang='grc' dir='ltr'>ἀπώλετο·</span> <span class='ocrx_word' id='word_1_21' title='bbox 854 477 946 529; x_wconf 63' lang='grc' dir='ltr'>καὶ⁸</span> <span class='ocrx_word' id='word_1_22' title='bbox 992 480 1288 548; x_wconf 77' lang='grc' dir='ltr'>κατασχεῖν</span> <span class='ocrx_word' id='word_1_23' title='bbox 1343 477 1542 548; x_wconf 81' lang='grc' dir='ltr'>ἑαυτὴν</span> <span class='ocrx_word' id='word_1_24' title='bbox 1581 479 1616 548; x_wconf 75' lang='grc' dir='ltr'>η</span> 
     </span>
    </p>
   </div>
   <div class='ocr_carea' id='block_1_4' title="bbox 143 565 1609 641">
    <p class='ocr_par' dir='ltr' id='par_1_4' title="bbox 143 565 1609 641">
     <span class='ocr_line' id='line_1_4' title="bbox 143 565 1609 641; baseline 0.001 -22"><span class='ocrx_word' id='word_1_25' title='bbox 143 569 230 641; x_wconf 72' lang='grc' dir='ltr'>τὰρξ</span> <span class='ocrx_word' id='word_1_26' title='bbox 260 567 307 620; x_wconf 80' lang='grc' dir='ltr'>οὐ</span> <span class='ocrx_word' id='word_1_27' title='bbox 330 565 543 631; x_wconf 86' lang='grc' dir='ltr'>δύναται,</span> <span class='ocrx_word' id='word_1_28' title='bbox 583 567 703 620; x_wconf 74' lang='grc' dir='ltr'>οὐδὲ</span> <span class='ocrx_word' id='word_1_29' title='bbox 732 567 869 636; x_wconf 82' lang='grc' dir='ltr'>πρὸς</span> <span class='ocrx_word' id='word_1_30' title='bbox 909 566 1038 637; x_wconf 90' lang='grc' dir='ltr'>μίαν</span> <span class='ocrx_word' id='word_1_31' title='bbox 1091 568 1324 637; x_wconf 80' lang='grc' dir='ltr'>ἀρκέσαι</span> <span class='ocrx_word' id='word_1_32' title='bbox 1371 568 1609 639; x_wconf 79' lang='grc' dir='ltr'>ἡμέραν.</span> 
     </span>
    </p>
   </div>
   <div class='ocr_carea' id='block_1_5' title="bbox 144 655 1616 728">
    <p class='ocr_par' dir='ltr' id='par_1_5' title="bbox 144 655 1616 728">
     <span class='ocr_line' id='line_1_5' title="bbox 144 655 1616 728; baseline -0.001 -16"><span class='ocrx_word' id='word_1_33' title='bbox 144 656 737 727; x_wconf 76' lang='grc' dir='ltr'>Εγείρεταιὲνδυνὰμει.</span> <span class='ocrx_word' id='word_1_34' title='bbox 767 656 900 709; x_wconf 83' lang='grc' dir='ltr'>Τότε</span> <span class='ocrx_word' id='word_1_35' title='bbox 929 656 1038 727; x_wconf 85' lang='grc' dir='ltr'>γὰρ</span> <span class='ocrx_word' id='word_1_36' title='bbox 1064 655 1231 710; x_wconf 78' lang='grc' dir='ltr'>αὐτοῦ</span> <span class='ocrx_word' id='word_1_37' title='bbox 1256 656 1410 710; x_wconf 78' lang='grc' dir='ltr'>οὐδὲν</span> <span class='ocrx_word' id='word_1_38' title='bbox 1462 675 1616 728; x_wconf 89' lang='grc' dir='ltr'>περι-</span> 
     </span>
    </p>
   </div>
   <div class='ocr_carea' id='block_1_6' title="bbox 146 748 1617 820">
    <p class='ocr_par' dir='ltr' id='par_1_6' title="bbox 146 748 1617 820">
     <span class='ocr_line' id='line_1_6' title="bbox 146 748 1617 820; baseline 0 -17"><span class='ocrx_word' id='word_1_39' title='bbox 146 767 238 804; x_wconf 84' lang='grc' dir='ltr'>σται</span> <span class='ocrx_word' id='word_1_40' title='bbox 253 749 417 801; x_wconf 88' lang='grc' dir='ltr'>λοιπόν.</span> <span class='ocrx_word' id='word_1_41' title='bbox 437 749 532 801; x_wconf 87' lang='grc' dir='ltr'>Διά</span> <span class='ocrx_word' id='word_1_42' title='bbox 545 749 608 820; x_wconf 83' lang='grc' dir='ltr'>δὴ</span> <span class='ocrx_word' id='word_1_43' title='bbox 626 748 781 801; x_wconf 84' lang='grc' dir='ltr'>τοῦτο</span> <span class='ocrx_word' id='word_1_44' title='bbox 798 749 888 802; x_wconf 75' lang='grc' dir='ltr'>καὶ</span> <span class='ocrx_word' id='word_1_45' title='bbox 908 749 1132 802; x_wconf 80' lang='grc' dir='ltr'>ἐκείνων</span> <span class='ocrx_word' id='word_1_46' title='bbox 1150 749 1342 820; x_wconf 84' lang='grc' dir='ltr'>ἐδεήθη</span> <span class='ocrx_word' id='word_1_47' title='bbox 1359 750 1467 802; x_wconf 84' lang='grc' dir='ltr'>τῶν</span> <span class='ocrx_word' id='word_1_48' title='bbox 1486 751 1515 802; x_wconf 83' lang='grc' dir='ltr'>ύ</span> <span class='ocrx_word' id='word_1_49' title='bbox 1529 768 1617 803; x_wconf 80' lang='grc' dir='ltr'>πο-</span> 
     </span>
    </p>
   </div>
   <div class='ocr_carea' id='block_1_7' title="bbox 143 840 1614 912">
    <p class='ocr_par' dir='ltr' id='par_1_7' title="bbox 143 840 1614 912">
     <span class='ocr_line' id='line_1_7' title="bbox 143 840 1614 912; baseline -0.001 -17"><span class='ocrx_word' id='word_1_50' title='bbox 143 841 377 912; x_wconf 80' lang='grc' dir='ltr'>ειγμάτων,</span> <span class='ocrx_word' id='word_1_51' title='bbox 405 842 479 893; x_wconf 82' lang='grc' dir='ltr'>ἵνα</span> <span class='ocrx_word' id='word_1_52' title='bbox 513 842 587 912; x_wconf 84' lang='grc' dir='ltr'>μὴ</span> <span class='ocrx_word' id='word_1_53' title='bbox 621 840 794 894; x_wconf 87' lang='grc' dir='ltr'>ταῦτα</span> <span class='ocrx_word' id='word_1_54' title='bbox 824 840 1114 904; x_wconf 87' lang='grc' dir='ltr'>ἀκούοντες</span> <span class='ocrx_word' id='word_1_55' title='bbox 1161 841 1368 904; x_wconf 73' lang='grc' dir='ltr'>πολλοὶ,</span> <span class='ocrx_word' id='word_1_56' title='bbox 1435 843 1514 895; x_wconf 82' lang='grc' dir='ltr'>ὅτι</span> <span class='ocrx_word' id='word_1_57' title='bbox 1556 843 1614 894; x_wconf 92' lang='grc' dir='ltr'>ἐν</span> 
     </span>
    </p>
   </div>
   <div class='ocr_carea' id='block_1_8' title="bbox 143 932 1612 1005">
    <p class='ocr_par' dir='ltr' id='par_1_8' title="bbox 143 932 1612 1005">
     <span class='ocr_line' id='line_1_8' title="bbox 143 932 1612 1005; baseline 0.001 -19"><span class='ocrx_word' id='word_1_58' title='bbox 143 932 335 1004; x_wconf 67' lang='grc' dir='ltr'>φθαρσίᾳ</span> <span class='ocrx_word' id='word_1_59' title='bbox 359 933 438 985; x_wconf 79' lang='grc' dir='ltr'>καὶ</span> <span class='ocrx_word' id='word_1_60' title='bbox 462 933 586 1004; x_wconf 82' lang='grc' dir='ltr'>δόξῃ</span> <span class='ocrx_word' id='word_1_61' title='bbox 620 935 712 986; x_wconf 69' lang='grc' dir='ltr'>καὶ</span> <span class='ocrx_word' id='word_1_62' title='bbox 739 933 967 1004; x_wconf 80' lang='grc' dir='ltr'>δυνάμει</span> <span class='ocrx_word' id='word_1_63' title='bbox 991 935 1315 1005; x_wconf 82' lang='grc' dir='ltr'>ἐγείρονται,</span> <span class='ocrx_word' id='word_1_64' title='bbox 1349 935 1612 1005; x_wconf 87' lang='grc' dir='ltr'>νομίσωσι</span> 
     </span>
    </p>
   </div>
   <div class='ocr_carea' id='block_1_9' title="bbox 143 1021 1614 1097">
    <p class='ocr_par' dir='ltr' id='par_1_9' title="bbox 143 1021 1614 1097">
     <span class='ocr_line' id='line_1_9' title="bbox 143 1021 1614 1097; baseline 0 -17"><span class='ocrx_word' id='word_1_65' title='bbox 143 1025 330 1097; x_wconf 76' lang='grc' dir='ltr'>ηδεμίαν</span> <span class='ocrx_word' id='word_1_66' title='bbox 362 1021 483 1078; x_wconf 76' lang='grc' dir='ltr'>εἶναι</span> <span class='ocrx_word' id='word_1_67' title='bbox 507 1025 772 1097; x_wconf 78' lang='grc' dir='ltr'>διαφορὰν</span> <span class='ocrx_word' id='word_1_68' title='bbox 816 1027 925 1079; x_wconf 84' lang='grc' dir='ltr'>τῶν</span> <span class='ocrx_word' id='word_1_69' title='bbox 968 1027 1366 1097; x_wconf 87' lang='grc' dir='ltr'>ἀνισταμένων.</span> <span class='ocrx_word' id='word_1_70' title='bbox 1407 1029 1614 1091; x_wconf 82' lang='grc' dir='ltr'>Πάντες</span> 
     </span>
    </p>
   </div>
   <div class='ocr_carea' id='block_1_10' title="bbox 143 1117 1614 1191">
    <p class='ocr_par' dir='ltr' id='par_1_10' title="bbox 143 1117 1614 1191">
     <span class='ocr_line' id='line_1_10' title="bbox 143 1117 1614 1191; baseline 0 -19"><span class='ocrx_word' id='word_1_71' title='bbox 143 1117 292 1185; x_wconf 72' lang='grc' dir='ltr'>ἐνγάρ</span> <span class='ocrx_word' id='word_1_72' title='bbox 310 1117 623 1180; x_wconf 80' lang='grc' dir='ltr'>ἀνίστανται,</span> <span class='ocrx_word' id='word_1_73' title='bbox 656 1119 751 1170; x_wconf 73' lang='grc' dir='ltr'>καὶ</span> <span class='ocrx_word' id='word_1_74' title='bbox 785 1121 841 1172; x_wconf 87' lang='grc' dir='ltr'>ἐν</span> <span class='ocrx_word' id='word_1_75' title='bbox 871 1119 1099 1190; x_wconf 76' lang='grc' dir='ltr'>δυνάμει</span> <span class='ocrx_word' id='word_1_76' title='bbox 1126 1121 1221 1173; x_wconf 71' lang='grc' dir='ltr'>καὶ</span> <span class='ocrx_word' id='word_1_77' title='bbox 1252 1122 1308 1172; x_wconf 90' lang='grc' dir='ltr'>ἐν</span> <span class='ocrx_word' id='word_1_78' title='bbox 1332 1119 1614 1191; x_wconf 67' lang='grc' dir='ltr'>ἀφθαρσίᾳ</span> 
     </span>
    </p>
   </div>
   <div class='ocr_carea' id='block_1_11' title="bbox 143 1208 1613 1283">
    <p class='ocr_par' dir='ltr' id='par_1_11' title="bbox 143 1208 1613 1283">
     <span class='ocr_line' id='line_1_11' title="bbox 143 1208 1613 1283; baseline 0.002 -21"><span class='ocrx_word' id='word_1_79' title='bbox 143 1211 176 1262; x_wconf 79' lang='grc' dir='ltr'>ιὶ</span> <span class='ocrx_word' id='word_1_80' title='bbox 208 1213 258 1262; x_wconf 87' lang='grc' dir='ltr'>ἐν</span> <span class='ocrx_word' id='word_1_81' title='bbox 277 1208 383 1278; x_wconf 79' lang='grc' dir='ltr'>δόξῃ</span> <span class='ocrx_word' id='word_1_82' title='bbox 403 1209 566 1280; x_wconf 86' lang='grc' dir='ltr'>ταύτῃ</span> <span class='ocrx_word' id='word_1_83' title='bbox 601 1213 666 1280; x_wconf 84' lang='grc' dir='ltr'>τῇ</span> <span class='ocrx_word' id='word_1_84' title='bbox 697 1211 799 1280; x_wconf 84' lang='grc' dir='ltr'>τῆς</span> <span class='ocrx_word' id='word_1_85' title='bbox 845 1211 1176 1281; x_wconf 87' lang='grc' dir='ltr'>ἀφθαρσίας,</span> <span class='ocrx_word' id='word_1_86' title='bbox 1209 1213 1268 1265; x_wconf 87' lang='grc' dir='ltr'>ού</span> <span class='ocrx_word' id='word_1_87' title='bbox 1305 1213 1491 1283; x_wconf 88' lang='grc' dir='ltr'>μέντοι</span> <span class='ocrx_word' id='word_1_88' title='bbox 1518 1214 1613 1283; x_wconf 74' lang='grc' dir='ltr'>τῆς</span> 
     </span>
    </p>
   </div>
   <div class='ocr_carea' id='block_1_12' title="bbox 143 1302 1615 1374">
    <p class='ocr_par' dir='ltr' id='par_1_12' title="bbox 143 1302 1615 1374">
     <span class='ocr_line' id='line_1_12' title="bbox 143 1302 1615 1374; baseline 0.003 -21"><span class='ocrx_word' id='word_1_89' title='bbox 143 1305 234 1373; x_wconf 84' lang='grc' dir='ltr'>μῆς</span> <span class='ocrx_word' id='word_1_90' title='bbox 259 1302 345 1370; x_wconf 81' lang='grc' dir='ltr'>τῆς</span> <span class='ocrx_word' id='word_1_91' title='bbox 372 1303 530 1373; x_wconf 80' lang='grc' dir='ltr'>αὐτῆς</span> <span class='ocrx_word' id='word_1_92' title='bbox 559 1303 680 1356; x_wconf 77' lang='grc' dir='ltr'>οὐδὲ</span> <span class='ocrx_word' id='word_1_93' title='bbox 707 1304 806 1374; x_wconf 81' lang='grc' dir='ltr'>τῆς</span> <span class='ocrx_word' id='word_1_94' title='bbox 835 1303 1135 1371; x_wconf 81' lang='grc' dir='ltr'>ἀσφαλείας</span> <span class='ocrx_word' id='word_1_95' title='bbox 1180 1304 1402 1368; x_wconf 91' lang='grc' dir='ltr'>πάντες.</span> <span class='ocrx_word' id='word_1_96' title='bbox 1443 1306 1615 1358; x_wconf 79' lang='grc' dir='ltr'>Σπεί-</span> 
     </span>
    </p>
   </div>
   <div class='ocr_carea' id='block_1_13' title="bbox 147 1391 1611 1465">
    <p class='ocr_par' dir='ltr' id='par_1_13' title="bbox 147 1391 1611 1465">
     <span class='ocr_line' id='line_1_13' title="bbox 147 1391 1611 1465; baseline 0.001 -19"><span class='ocrx_word' id='word_1_97' title='bbox 147 1410 222 1446; x_wconf 83' lang='grc' dir='ltr'>ται</span> <span class='ocrx_word' id='word_1_98' title='bbox 242 1391 392 1460; x_wconf 80' lang='grc' dir='ltr'>σῶμα</span> <span class='ocrx_word' id='word_1_99' title='bbox 408 1395 487 1461; x_wconf 61' lang='lat'>1,01,-</span> <span class='ocrx_word' id='word_1_100' title='bbox 491 1393 686 1462; x_wconf 78' lang='grc' dir='ltr'>χικὸν,</span> <span class='ocrx_word' id='word_1_101' title='bbox 700 1395 982 1465; x_wconf 72' lang='grc' dir='ltr'>ἐγείρεται</span> <span class='ocrx_word' id='word_1_102' title='bbox 998 1394 1170 1464; x_wconf 85' lang='grc' dir='ltr'>σῶμα</span> <span class='ocrx_word' id='word_1_103' title='bbox 1191 1398 1611 1465; x_wconf 81' lang='grc' dir='ltr'>πνευματικόν.</span> 
     </span>
    </p>
   </div>
   <div class='ocr_carea' id='block_1_14' title="bbox 144 1483 1610 1558">
    <p class='ocr_par' dir='ltr' id='par_1_14' title="bbox 144 1483 1610 1558">
     <span class='ocr_line' id='line_1_14' title="bbox 144 1483 1610 1558; baseline 0.001 -20"><span class='ocrx_word' id='word_1_104' title='bbox 144 1488 231 1538; x_wconf 79' lang='grc' dir='ltr'>’στι</span> <span class='ocrx_word' id='word_1_105' title='bbox 250 1483 402 1552; x_wconf 79' lang='grc' dir='ltr'>σῶμα</span> <span class='ocrx_word' id='word_1_106' title='bbox 420 1487 702 1554; x_wconf 69' lang='grc' dir='ltr'>ψυχικὸν,</span> <span class='ocrx_word' id='word_1_107' title='bbox 725 1486 820 1541; x_wconf 83' lang='grc' dir='ltr'>καὶ</span> <span class='ocrx_word' id='word_1_108' title='bbox 845 1488 978 1541; x_wconf 77' lang='grc' dir='ltr'>ἐστι</span> <span class='ocrx_word' id='word_1_109' title='bbox 994 1486 1166 1555; x_wconf 83' lang='grc' dir='ltr'>σῶμα</span> <span class='ocrx_word' id='word_1_110' title='bbox 1187 1490 1610 1558; x_wconf 76' lang='grc' dir='ltr'>πνευματικόν.</span> 
     </span>
    </p>
   </div>
   <div class='ocr_carea' id='block_1_15' title="bbox 162 1575 1613 1650">
    <p class='ocr_par' dir='ltr' id='par_1_15' title="bbox 162 1575 1613 1650">
     <span class='ocr_line' id='line_1_15' title="bbox 162 1575 1613 1650; baseline 0.004 -23"><span class='ocrx_word' id='word_1_111' title='bbox 162 1576 348 1643; x_wconf 87' lang='grc' dir='ltr'>λέγεις;</span> <span class='ocrx_word' id='word_1_112' title='bbox 401 1575 549 1628; x_wconf 85' lang='grc' dir='ltr'>τοῦτο</span> <span class='ocrx_word' id='word_1_113' title='bbox 595 1577 650 1630; x_wconf 80' lang='grc' dir='ltr'>δὲ</span> <span class='ocrx_word' id='word_1_114' title='bbox 685 1578 744 1630; x_wconf 86' lang='grc' dir='ltr'>οὐ</span> <span class='ocrx_word' id='word_1_115' title='bbox 773 1580 1175 1649; x_wconf 86' lang='grc' dir='ltr'>πνευματικόν;</span> <span class='ocrx_word' id='word_1_116' title='bbox 1237 1580 1613 1650; x_wconf 76' lang='grc' dir='ltr'>Πνευματικὸν</span> 
     </span>
    </p>
   </div>
   <div class='ocr_carea' id='block_1_16' title="bbox 143 1645 1614 1742">
    <p class='ocr_par' dir='ltr' id='par_1_16' title="bbox 143 1645 1614 1742">
     <span class='ocr_line' id='line_1_16' title="bbox 143 1645 1614 1742; baseline 0.004 -22"><span class='ocrx_word' id='word_1_117' title='bbox 143 1685 182 1728; x_wconf 88' lang='grc' dir='ltr'>ν,</span> <span class='ocrx_word' id='word_1_118' title='bbox 215 1665 318 1718; x_wconf 83' lang='grc' dir='ltr'>ἀλλ’</span> <span class='ocrx_word' id='word_1_119' title='bbox 347 1668 509 1719; x_wconf 85' lang='grc' dir='ltr'>ἐκεῖνο</span> <span class='ocrx_word' id='word_1_120' title='bbox 541 1668 721 1739; x_wconf 84' lang='grc' dir='ltr'>πολλῷ</span> <span class='ocrx_word' id='word_1_121' title='bbox 754 1645 936 1724; x_wconf 34' lang='grc' dir='ltr'>πλέον..</span> <span class='ocrx_word' id='word_1_122' title='bbox 969 1670 1084 1725; x_wconf 91' lang='grc' dir='ltr'>Νῦν</span> <span class='ocrx_word' id='word_1_123' title='bbox 1117 1671 1218 1741; x_wconf 88' lang='grc' dir='ltr'>μέν</span> <span class='ocrx_word' id='word_1_124' title='bbox 1253 1671 1362 1742; x_wconf 89' lang='grc' dir='ltr'>γὰρ</span> <span class='ocrx_word' id='word_1_125' title='bbox 1385 1645 1480 1725; x_wconf 70' lang='grc' dir='ltr'>καὶ</span> <span class='ocrx_word' id='word_1_126' title='bbox 1509 1645 1614 1742; x_wconf 52' lang='grc' dir='ltr'>ἀφζ</span> 
     </span>
    </p>
   </div>
   <div class='ocr_carea' id='block_1_17' title="bbox 143 1757 1612 1835">
    <p class='ocr_par' dir='ltr' id='par_1_17' title="bbox 143 1757 1612 1835">
     <span class='ocr_line' id='line_1_17' title="bbox 143 1757 1612 1835; baseline 0.004 -25"><span class='ocrx_word' id='word_1_127' title='bbox 143 1775 269 1811; x_wconf 80' lang='grc' dir='ltr'>ταται</span> <span class='ocrx_word' id='word_1_128' title='bbox 297 1757 386 1811; x_wconf 88' lang='grc' dir='ltr'>τοῦ</span> <span class='ocrx_word' id='word_1_129' title='bbox 413 1759 724 1830; x_wconf 88' lang='grc' dir='ltr'>Πνεύματος</span> <span class='ocrx_word' id='word_1_130' title='bbox 758 1761 851 1814; x_wconf 88' lang='grc' dir='ltr'>τοῦ</span> <span class='ocrx_word' id='word_1_131' title='bbox 884 1762 1042 1830; x_wconf 87' lang='grc' dir='ltr'>ἁγίου</span> <span class='ocrx_word' id='word_1_132' title='bbox 1087 1762 1352 1826; x_wconf 81' lang='grc' dir='ltr'>πολλάκις</span> <span class='ocrx_word' id='word_1_133' title='bbox 1380 1765 1413 1835; x_wconf 86' lang='grc' dir='ltr'>ἡ</span> <span class='ocrx_word' id='word_1_134' title='bbox 1445 1762 1612 1835; x_wconf 83' lang='grc' dir='ltr'>πολλὴ</span> 
     </span>
    </p>
   </div>
   <div class='ocr_carea' id='block_1_18' title="bbox 143 1851 1611 1926">
    <p class='ocr_par' dir='ltr' id='par_1_18' title="bbox 143 1851 1611 1926">
     <span class='ocr_line' id='line_1_18' title="bbox 143 1851 1611 1926; baseline 0.005 -24"><span class='ocrx_word' id='word_1_135' title='bbox 143 1868 229 1919; x_wconf 73' lang='grc' dir='ltr'>οις,</span> <span class='ocrx_word' id='word_1_136' title='bbox 247 1851 652 1922; x_wconf 81' lang='grc' dir='ltr'>ἁμαρτανόντων</span> <span class='ocrx_word' id='word_1_137' title='bbox 676 1853 888 1924; x_wconf 86' lang='grc' dir='ltr'>μεγάλα</span> <span class='ocrx_word' id='word_1_138' title='bbox 908 1853 1092 1918; x_wconf 88' lang='grc' dir='ltr'>τινῶν,</span> <span class='ocrx_word' id='word_1_139' title='bbox 1111 1855 1205 1908; x_wconf 80' lang='grc' dir='ltr'>καὶ</span> <span class='ocrx_word' id='word_1_140' title='bbox 1235 1855 1330 1909; x_wconf 88' lang='grc' dir='ltr'>τοῦ</span> <span class='ocrx_word' id='word_1_141' title='bbox 1361 1854 1495 1909; x_wconf 89' lang='grc' dir='ltr'>πνεύ</span> <span class='ocrx_word' id='word_1_142' title='bbox 1503 1874 1611 1926; x_wconf 84' lang='grc' dir='ltr'>μα-</span> 
     </span>
    </p>
   </div>
   <div class='ocr_carea' id='block_1_19' title="bbox 157 1941 1612 2016">
    <p class='ocr_par' dir='ltr' id='par_1_19' title="bbox 157 1941 1612 2016">
     <span class='ocr_line' id='line_1_19' title="bbox 157 1941 1612 2016; baseline 0.001 -23"><span class='ocrx_word' id='word_1_143' title='bbox 157 1941 208 1994; x_wconf 88' lang='grc' dir='ltr'>δὲ</span> <span class='ocrx_word' id='word_1_144' title='bbox 232 1941 486 2011; x_wconf 82' lang='grc' dir='ltr'>παρόντος</span> <span class='ocrx_word' id='word_1_145' title='bbox 511 1941 611 2012; x_wconf 81' lang='grc' dir='ltr'>τῆς</span> <span class='ocrx_word' id='word_1_146' title='bbox 639 1941 818 2014; x_wconf 75' lang='grc' dir='ltr'>ψυχῆς</span> <span class='ocrx_word' id='word_1_147' title='bbox 843 1945 876 2014; x_wconf 80' lang='grc' dir='ltr'>ἡ</span> <span class='ocrx_word' id='word_1_148' title='bbox 900 1944 1014 2016; x_wconf 79' lang='grc' dir='ltr'>ζωὴ</span> <span class='ocrx_word' id='word_1_149' title='bbox 1037 1944 1136 2015; x_wconf 85' lang='grc' dir='ltr'>τῆς</span> <span class='ocrx_word' id='word_1_150' title='bbox 1160 1943 1359 2016; x_wconf 88' lang='grc' dir='ltr'>σαρκός</span> <span class='ocrx_word' id='word_1_151' title='bbox 1379 1961 1393 1975; x_wconf 88' lang='grc'><strong>·</strong></span> <span class='ocrx_word' id='word_1_152' title='bbox 1427 1943 1522 1997; x_wconf 77' lang='grc' dir='ltr'>καὶ</span> <span class='ocrx_word' id='word_1_153' title='bbox 1551 1943 1612 1996; x_wconf 84' lang='grc' dir='ltr'>τὸ</span> 
     </span>
    </p>
   </div>
   <div class='ocr_carea' id='block_1_20' title="bbox 143 2033 1610 2107">
    <p class='ocr_par' dir='ltr' id='par_1_20' title="bbox 143 2033 1610 2107">
     <span class='ocr_line' id='line_1_20' title="bbox 143 2033 1610 2107; baseline -0.001 -19"><span class='ocrx_word' id='word_1_154' title='bbox 143 2034 250 2088; x_wconf 65' lang='grc' dir='ltr'>οῦτο</span> <span class='ocrx_word' id='word_1_155' title='bbox 280 2033 425 2087; x_wconf 83' lang='grc' dir='ltr'>κενόν</span> <span class='ocrx_word' id='word_1_156' title='bbox 451 2036 566 2088; x_wconf 89' lang='grc' dir='ltr'>ἐστι</span> <span class='ocrx_word' id='word_1_157' title='bbox 591 2034 784 2088; x_wconf 89' lang='grc' dir='ltr'>τούτου</span> <span class='ocrx_word' id='word_1_158' title='bbox 823 2037 1012 2107; x_wconf 56' lang='grc' dir='ltr'>χωρίς</span> <span class='ocrx_word' id='word_1_159' title='bbox 1037 2037 1159 2090; x_wconf 88' lang='grc' dir='ltr'>τότε</span> <span class='ocrx_word' id='word_1_160' title='bbox 1188 2037 1244 2090; x_wconf 83' lang='grc' dir='ltr'>δὲ</span> <span class='ocrx_word' id='word_1_161' title='bbox 1270 2037 1369 2106; x_wconf 87' lang='grc' dir='ltr'>ούχ</span> <span class='ocrx_word' id='word_1_162' title='bbox 1415 2035 1610 2100; x_wconf 84' lang='grc' dir='ltr'>οὕτως,</span> 
     </span>
    </p>
   </div>
   <div class='ocr_carea' id='block_1_21' title="bbox 145 2125 1614 2198">
    <p class='ocr_par' dir='ltr' id='par_1_21' title="bbox 145 2125 1614 2198">
     <span class='ocr_line' id='line_1_21' title="bbox 145 2125 1614 2198; baseline -0.003 -18"><span class='ocrx_word' id='word_1_163' title='bbox 145 2129 175 2180; x_wconf 79' lang='grc' dir='ltr'>ὰ</span> <span class='ocrx_word' id='word_1_164' title='bbox 205 2125 461 2196; x_wconf 76' lang='grc' dir='ltr'>διηνεκῶς</span> <span class='ocrx_word' id='word_1_165' title='bbox 488 2126 798 2197; x_wconf 84' lang='grc' dir='ltr'>παραμένει</span> <span class='ocrx_word' id='word_1_166' title='bbox 823 2129 889 2198; x_wconf 84' lang='grc' dir='ltr'>τῇ</span> <span class='ocrx_word' id='word_1_167' title='bbox 917 2127 1080 2198; x_wconf 79' lang='grc' dir='ltr'>σαρκὶ</span> <span class='ocrx_word' id='word_1_168' title='bbox 1101 2126 1208 2180; x_wconf 92' lang='grc' dir='ltr'>τῶν</span> <span class='ocrx_word' id='word_1_169' title='bbox 1238 2125 1484 2187; x_wconf 88' lang='grc' dir='ltr'>δικαίων,</span> <span class='ocrx_word' id='word_1_170' title='bbox 1519 2125 1614 2176; x_wconf 76' lang='grc' dir='ltr'>καὶ</span> 
     </span>
    </p>
   </div>
   <div class='ocr_carea' id='block_1_22' title="bbox 143 2216 1611 2290">
    <p class='ocr_par' dir='ltr' id='par_1_22' title="bbox 143 2216 1611 2290">
     <span class='ocr_line' id='line_1_22' title="bbox 143 2216 1611 2290; baseline 0.001 -22"><span class='ocrx_word' id='word_1_171' title='bbox 143 2216 201 2269; x_wconf 90' lang='grc' dir='ltr'>οῦ</span> <span class='ocrx_word' id='word_1_172' title='bbox 241 2216 474 2270; x_wconf 76' lang='grc' dir='ltr'>ἔσται-τὸ</span> <span class='ocrx_word' id='word_1_173' title='bbox 502 2218 701 2290; x_wconf 85' lang='grc' dir='ltr'>κράτος</span> <span class='ocrx_word' id='word_1_174' title='bbox 723 2217 1004 2290; x_wconf 82' lang='grc' dir='ltr'>παρούσης</span> <span class='ocrx_word' id='word_1_175' title='bbox 1025 2218 1120 2271; x_wconf 75' lang='grc' dir='ltr'>καὶ</span> <span class='ocrx_word' id='word_1_176' title='bbox 1152 2218 1250 2288; x_wconf 80' lang='grc' dir='ltr'>τῆς</span> <span class='ocrx_word' id='word_1_177' title='bbox 1299 2217 1498 2288; x_wconf 77' lang='grc' dir='ltr'>ψυχῆς.</span> <span class='ocrx_word' id='word_1_178' title='bbox 1539 2217 1611 2268; x_wconf 81' lang='grc' dir='ltr'>’Ἡ</span> 
     </span>
    </p>
   </div>
   <div class='ocr_carea' id='block_1_23' title="bbox 171 2309 1612 2382">
    <p class='ocr_par' dir='ltr' id='par_1_23' title="bbox 171 2309 1612 2382">
     <span class='ocr_line' id='line_1_23' title="bbox 171 2309 1612 2382; baseline 0 -20"><span class='ocrx_word' id='word_1_179' title='bbox 171 2329 220 2362; x_wconf 92' lang='grc' dir='ltr'>τι</span> <span class='ocrx_word' id='word_1_180' title='bbox 250 2310 488 2363; x_wconf 86' lang='grc' dir='ltr'>τοιοῦτον</span> <span class='ocrx_word' id='word_1_181' title='bbox 526 2310 766 2382; x_wconf 73' lang='grc' dir='ltr'>ᾐνίξατο,</span> <span class='ocrx_word' id='word_1_182' title='bbox 795 2309 985 2374; x_wconf 82' lang='grc' dir='ltr'>εἰπὼν,</span> <span class='ocrx_word' id='word_1_183' title='bbox 1015 2310 1446 2380; x_wconf 81' lang='grc' dir='ltr'>Πνευματικὸν,</span> <span class='ocrx_word' id='word_1_184' title='bbox 1469 2309 1502 2380; x_wconf 78' lang='grc' dir='ltr'><strong>ἢ</strong></span> <span class='ocrx_word' id='word_1_185' title='bbox 1529 2309 1612 2363; x_wconf 83' lang='grc' dir='ltr'>ὅτι</span> 
     </span>
    </p>
   </div>
   <div class='ocr_carea' id='block_1_24' title="bbox 143 2397 1611 2476">
    <p class='ocr_par' dir='ltr' id='par_1_24' title="bbox 143 2397 1611 2476">
     <span class='ocr_line' id='line_1_24' title="bbox 143 2397 1611 2476; baseline 0.001 -22"><span class='ocrx_word' id='word_1_186' title='bbox 143 2403 361 2474; x_wconf 68' lang='grc' dir='ltr'>ρότερον</span> <span class='ocrx_word' id='word_1_187' title='bbox 399 2401 552 2456; x_wconf 78' lang='grc' dir='ltr'>ἔσται</span> <span class='ocrx_word' id='word_1_188' title='bbox 587 2404 681 2457; x_wconf 77' lang='grc' dir='ltr'>καὶ</span> <span class='ocrx_word' id='word_1_189' title='bbox 719 2404 1066 2476; x_wconf 90' lang='grc' dir='ltr'>λεπτότερον,</span> <span class='ocrx_word' id='word_1_190' title='bbox 1115 2405 1211 2457; x_wconf 69' lang='grc' dir='ltr'>κα)⁵</span> <span class='ocrx_word' id='word_1_191' title='bbox 1244 2397 1355 2456; x_wconf 73' lang='grc' dir='ltr'>οἷον</span> <span class='ocrx_word' id='word_1_192' title='bbox 1399 2405 1493 2456; x_wconf 77' lang='grc' dir='ltr'>καὶ</span> <span class='ocrx_word' id='word_1_193' title='bbox 1524 2403 1611 2456; x_wconf 85' lang='grc' dir='ltr'>ἐπ’</span> 
     </span>
    </p>
   </div>
   <div class='ocr_carea' id='block_1_25' title="bbox 143 2495 1613 2569">
    <p class='ocr_par' dir='ltr' id='par_1_25' title="bbox 143 2495 1613 2569">
     <span class='ocr_line' id='line_1_25' title="bbox 143 2495 1613 2569; baseline 0.001 -21"><span class='ocrx_word' id='word_1_194' title='bbox 143 2513 186 2559; x_wconf 69' lang='grc' dir='ltr'>ις</span> <span class='ocrx_word' id='word_1_195' title='bbox 218 2495 488 2567; x_wconf 81' lang='grc' dir='ltr'>ὀχεῖσθαι,</span> <span class='ocrx_word' id='word_1_196' title='bbox 525 2498 725 2568; x_wconf 86' lang='grc' dir='ltr'>μᾶλλον</span> <span class='ocrx_word' id='word_1_197' title='bbox 760 2497 816 2551; x_wconf 86' lang='grc' dir='ltr'>δὲ</span> <span class='ocrx_word' id='word_1_198' title='bbox 848 2499 1158 2569; x_wconf 75' lang='grc' dir='ltr'>ἀμφότερα.</span> <span class='ocrx_word' id='word_1_199' title='bbox 1190 2496 1252 2551; x_wconf 81' lang='grc' dir='ltr'><strong>Εἰ</strong></span> <span class='ocrx_word' id='word_1_200' title='bbox 1276 2497 1332 2552; x_wconf 82' lang='grc' dir='ltr'>δὲ</span> <span class='ocrx_word' id='word_1_201' title='bbox 1363 2498 1613 2559; x_wconf 86' lang='grc' dir='ltr'>ἀπιστεῖς</span> 
     </span>
    </p>
   </div>
   <div class='ocr_carea' id='block_1_26' title="bbox 144 2589 1615 2660">
    <p class='ocr_par' dir='ltr' id='par_1_26' title="bbox 144 2589 1615 2660">
     <span class='ocr_line' id='line_1_26' title="bbox 144 2589 1615 2660; baseline 0.001 -19"><span class='ocrx_word' id='word_1_202' title='bbox 144 2589 290 2659; x_wconf 83' lang='grc' dir='ltr'>.όγῳ,</span> <span class='ocrx_word' id='word_1_203' title='bbox 311 2589 414 2660; x_wconf 81' lang='grc' dir='ltr'>ὅρα</span> <span class='ocrx_word' id='word_1_204' title='bbox 455 2589 522 2642; x_wconf 75' lang='grc' dir='ltr'>τὰ</span> <span class='ocrx_word' id='word_1_205' title='bbox 549 2590 846 2659; x_wconf 77' lang='grc' dir='ltr'>ἐπουράνια</span> <span class='ocrx_word' id='word_1_206' title='bbox 880 2591 1107 2660; x_wconf 88' lang='grc' dir='ltr'>σώματα</span> <span class='ocrx_word' id='word_1_207' title='bbox 1129 2589 1197 2647; x_wconf 75' lang='grc' dir='ltr'>τὰ</span> <span class='ocrx_word' id='word_1_208' title='bbox 1221 2589 1364 2642; x_wconf 82' lang='grc' dir='ltr'>οὕτω</span> <span class='ocrx_word' id='word_1_209' title='bbox 1385 2589 1615 2660; x_wconf 88' lang='grc' dir='ltr'>λαμπρά</span> 
     </span>
    </p>
   </div>
   <div class='ocr_carea' id='block_1_27' title="bbox 143 2682 1612 2754">
    <p class='ocr_par' dir='ltr' id='par_1_27' title="bbox 143 2682 1612 2754">
     <span class='ocr_line' id='line_1_27' title="bbox 143 2682 1612 2754; baseline 0.001 -20"><span class='ocrx_word' id='word_1_210' title='bbox 143 2683 342 2754; x_wconf 78' lang='grc' dir='ltr'>διαρκῆ</span> <span class='ocrx_word' id='word_1_211' title='bbox 395 2682 537 2745; x_wconf 84' lang='grc' dir='ltr'>τέως</span> <span class='ocrx_word' id='word_1_212' title='bbox 566 2684 662 2737; x_wconf 71' lang='grc' dir='ltr'>καὶ</span> <span class='ocrx_word' id='word_1_213' title='bbox 692 2684 749 2734; x_wconf 92' lang='grc' dir='ltr'>ἐν</span> <span class='ocrx_word' id='word_1_214' title='bbox 780 2684 1045 2754; x_wconf 86' lang='grc' dir='ltr'>ἀγηράτῳ</span> <span class='ocrx_word' id='word_1_215' title='bbox 1073 2683 1222 2753; x_wconf 80' lang='grc' dir='ltr'>λήξει</span> <span class='ocrx_word' id='word_1_216' title='bbox 1268 2683 1612 2754; x_wconf 78' lang='grc' dir='ltr'>διαμένοντα,</span> 
     </span>
    </p>
   </div>
   <div class='ocr_carea' id='block_1_28' title="bbox 151 2769 1615 2840">
    <p class='ocr_par' dir='ltr' id='par_1_28' title="bbox 151 2769 1615 2840">
     <span class='ocr_line' id='line_1_28' title="bbox 151 2769 1615 2840; baseline -0.002 -15"><span class='ocrx_word' id='word_1_217' title='bbox 151 2774 454 2825; x_wconf 81' lang='grc' dir='ltr'>πίστευσον</span> <span class='ocrx_word' id='word_1_218' title='bbox 488 2772 770 2835; x_wconf 91' lang='grc' dir='ltr'>ἐντεῦθεν,</span> <span class='ocrx_word' id='word_1_219' title='bbox 803 2773 883 2825; x_wconf 83' lang='grc' dir='ltr'>ὃτι</span> <span class='ocrx_word' id='word_1_220' title='bbox 916 2771 1139 2824; x_wconf 85' lang='grc' dir='ltr'>δύναται</span> <span class='ocrx_word' id='word_1_221' title='bbox 1166 2773 1193 2823; x_wconf 86' lang='lat'>6</span> <span class='ocrx_word' id='word_1_222' title='bbox 1223 2769 1354 2834; x_wconf 76' lang='grc' dir='ltr'>Θεὸς</span> <span class='ocrx_word' id='word_1_223' title='bbox 1392 2770 1615 2840; x_wconf 81' lang='grc' dir='ltr'>ποιῆσαι</span> 
     </span>
    </p>
   </div>
   <div class='ocr_carea' id='block_1_29' title="bbox 143 2862 1615 2937">
    <p class='ocr_par' dir='ltr' id='par_1_29' title="bbox 143 2862 1615 2937">
     <span class='ocr_line' id='line_1_29' title="bbox 143 2862 1615 2937; baseline 0.001 -21"><span class='ocrx_word' id='word_1_224' title='bbox 143 2865 310 2917; x_wconf 71' lang='grc' dir='ltr'>ταῦτα</span> <span class='ocrx_word' id='word_1_225' title='bbox 347 2864 421 2918; x_wconf 87' lang='grc' dir='ltr'>τὰ</span> <span class='ocrx_word' id='word_1_226' title='bbox 451 2862 663 2937; x_wconf 87' lang='grc' dir='ltr'>φθαρτά</span> <span class='ocrx_word' id='word_1_227' title='bbox 692 2864 946 2936; x_wconf 78' lang='grc' dir='ltr'>ἄφθαρτα</span> <span class='ocrx_word' id='word_1_228' title='bbox 973 2866 1066 2918; x_wconf 75' lang='grc' dir='ltr'>καὶ</span> <span class='ocrx_word' id='word_1_229' title='bbox 1095 2865 1273 2937; x_wconf 82' lang='grc' dir='ltr'>πολλῷ</span> <span class='ocrx_word' id='word_1_230' title='bbox 1297 2865 1491 2936; x_wconf 80' lang='grc' dir='ltr'>βελτίω</span> <span class='ocrx_word' id='word_1_231' title='bbox 1509 2867 1615 2919; x_wconf 92' lang='grc' dir='ltr'>τῶν</span> 
     </span>
    </p>
   </div>
   <div class='ocr_carea' id='block_1_30' title="bbox 144 2955 1616 3028">
    <p class='ocr_par' dir='ltr' id='par_1_30' title="bbox 144 2955 1616 3028">
     <span class='ocr_line' id='line_1_30' title="bbox 144 2955 1616 3028; baseline 0.003 -19"><span class='ocrx_word' id='word_1_232' title='bbox 144 2955 160 3026; x_wconf 90' lang='grc'>]</span> <span class='ocrx_word' id='word_1_233' title='bbox 193 2957 530 3027; x_wconf 83' lang='grc' dir='ltr'>ὁρωμένων.</span> <span class='ocrx_word' id='word_1_234' title='bbox 557 2957 720 3010; x_wconf 82' lang='grc' dir='ltr'>Οὒτω</span> <span class='ocrx_word' id='word_1_235' title='bbox 759 2957 856 3010; x_wconf 78' lang='grc' dir='ltr'>καὶ</span> <span class='ocrx_word' id='word_1_236' title='bbox 890 2957 1230 3028; x_wconf 66' lang='grc' dir='ltr'>γέγραπτίιν</span> <span class='ocrx_word' id='word_1_237' title='bbox 1276 2959 1548 3028; x_wconf 77' lang='grc' dir='ltr'>Ἐγένετο</span> <span class='ocrx_word' id='word_1_238' title='bbox 1583 2963 1616 3014; x_wconf 83' lang='grc' dir='ltr'><em>ὁ</em></span> 
     </span>
    </p>
   </div>
   <div class='ocr_carea' id='block_1_31' title="bbox 143 3049 1616 3120">
    <p class='ocr_par' dir='ltr' id='par_1_31' title="bbox 143 3049 1616 3120">
     <span class='ocr_line' id='line_1_31' title="bbox 143 3049 1616 3120; baseline 0.004 -17"><span class='ocrx_word' id='word_1_239' title='bbox 143 3069 243 3115; x_wconf 72' lang='lat' dir='ltr'>mc</span> <span class='ocrx_word' id='word_1_240' title='bbox 301 3049 628 3118; x_wconf 82' lang='grc' dir='ltr'>ἅνθρωπος</span> <span class='ocrx_word' id='word_1_241' title='bbox 667 3051 848 3118; x_wconf 77' lang='grc' dir='ltr'>Ἀδὰμ</span> <span class='ocrx_word' id='word_1_242' title='bbox 903 3054 991 3118; x_wconf 80' lang='grc' dir='ltr'>εις</span> <span class='ocrx_word' id='word_1_243' title='bbox 1035 3051 1247 3120; x_wconf 70' lang='grc' dir='ltr'>ψυχὴν</span> <span class='ocrx_word' id='word_1_244' title='bbox 1315 3052 1530 3112; x_wconf 76' lang='grc' dir='ltr'>ζῶσαν·</span> <span class='ocrx_word' id='word_1_245' title='bbox 1583 3057 1616 3109; x_wconf 85' lang='grc' dir='ltr'>ό</span> 
     </span>
    </p>
   </div>
   <div class='ocr_carea' id='block_1_32' title="bbox 143 3143 1617 3212">
    <p class='ocr_par' dir='ltr' id='par_1_32' title="bbox 143 3143 1617 3212">
     <span class='ocr_line' id='line_1_32' title="bbox 143 3143 1617 3212; baseline 0.003 -16"><span class='ocrx_word' id='word_1_246' title='bbox 143 3162 270 3209; x_wconf 84' lang='grc' dir='ltr'>ιτος</span> <span class='ocrx_word' id='word_1_247' title='bbox 308 3143 506 3212; x_wconf 80' lang='grc' dir='ltr'>Ἀδὰμ</span> <span class='ocrx_word' id='word_1_248' title='bbox 538 3146 623 3209; x_wconf 82' lang='grc' dir='ltr'>εὶς</span> <span class='ocrx_word' id='word_1_249' title='bbox 651 3143 887 3212; x_wconf 79' lang='grc' dir='ltr'>πνεῦμα</span> <span class='ocrx_word' id='word_1_250' title='bbox 935 3143 1276 3204; x_wconf 82' lang='grc' dir='ltr'>ζωοποιοῦν.</span> <span class='ocrx_word' id='word_1_251' title='bbox 1306 3147 1500 3200; x_wconf 83' lang='grc' dir='ltr'>Καίτοι</span> <span class='ocrx_word' id='word_1_252' title='bbox 1555 3146 1617 3200; x_wconf 77' lang='grc' dir='ltr'>τὸ</span> 
     </span>
    </p>
   </div>
   <div class='ocr_carea' id='block_1_33' title="bbox 143 3237 1612 3309">
    <p class='ocr_par' dir='ltr' id='par_1_33' title="bbox 143 3237 1612 3309">
     <span class='ocr_line' id='line_1_33' title="bbox 143 3237 1612 3309; baseline 0.002 -18"><span class='ocrx_word' id='word_1_253' title='bbox 143 3239 504 3309; x_wconf 75' lang='grc' dir='ltr'>γέγραπται,</span> <span class='ocrx_word' id='word_1_254' title='bbox 539 3237 599 3290; x_wconf 81' lang='grc' dir='ltr'>τὺ</span> <span class='ocrx_word' id='word_1_255' title='bbox 623 3237 677 3291; x_wconf 87' lang='grc' dir='ltr'>δὲ</span> <span class='ocrx_word' id='word_1_256' title='bbox 710 3238 770 3290; x_wconf 85' lang='grc' dir='ltr'>ού</span> <span class='ocrx_word' id='word_1_257' title='bbox 803 3239 1135 3308; x_wconf 88' lang='grc' dir='ltr'>γέγραπται·</span> <span class='ocrx_word' id='word_1_258' title='bbox 1167 3239 1284 3302; x_wconf 91' lang='grc' dir='ltr'>πῶς</span> <span class='ocrx_word' id='word_1_259' title='bbox 1318 3237 1410 3294; x_wconf 73' lang='grc' dir='ltr'>οὖν</span> <span class='ocrx_word' id='word_1_260' title='bbox 1437 3237 1612 3305; x_wconf 84' lang='grc' dir='ltr'>εἶπεν,</span> 
     </span>
    </p>
   </div>
   <div class='ocr_carea' id='block_1_34' title="bbox 143 3331 1614 3404">
    <p class='ocr_par' dir='ltr' id='par_1_34' title="bbox 143 3331 1614 3404">
     <span class='ocr_line' id='line_1_34' title="bbox 143 3331 1614 3404; baseline 0.002 -18"><span class='ocrx_word' id='word_1_261' title='bbox 143 3331 503 3400; x_wconf 76' lang='grc' dir='ltr'>ἑγραπται;</span> <span class='ocrx_word' id='word_1_262' title='bbox 550 3331 683 3384; x_wconf 79' lang='grc' dir='ltr'>Ἀπὸ</span> <span class='ocrx_word' id='word_1_263' title='bbox 704 3332 800 3402; x_wconf 83' lang='grc' dir='ltr'>τῆς</span> <span class='ocrx_word' id='word_1_264' title='bbox 824 3331 930 3385; x_wconf 91' lang='grc' dir='ltr'>τῶν</span> <span class='ocrx_word' id='word_1_265' title='bbox 961 3333 1305 3404; x_wconf 85' lang='grc' dir='ltr'>πραγμάτων</span> <span class='ocrx_word' id='word_1_266' title='bbox 1335 3335 1614 3402; x_wconf 87' lang='grc' dir='ltr'>ἐκϐάσεως</span> 
     </span>
    </p>
   </div>
   <div class='ocr_carea' id='block_1_35' title="bbox 146 3424 1612 3497">
    <p class='ocr_par' dir='ltr' id='par_1_35' title="bbox 146 3424 1612 3497">
     <span class='ocr_line' id='line_1_35' title="bbox 146 3424 1612 3497; baseline 0.003 -20"><span class='ocrx_word' id='word_1_267' title='bbox 146 3425 560 3496; x_wconf 83' lang='grc' dir='ltr'>μετέφρασεν·</span> <span class='ocrx_word' id='word_1_268' title='bbox 611 3425 746 3495; x_wconf 81' lang='grc' dir='ltr'>ὅπερ</span> <span class='ocrx_word' id='word_1_269' title='bbox 784 3424 904 3488; x_wconf 81' lang='grc' dir='ltr'>ἔθος</span> <span class='ocrx_word' id='word_1_270' title='bbox 947 3425 1097 3496; x_wconf 76' lang='grc' dir='ltr'>αὐτῷ</span> <span class='ocrx_word' id='word_1_271' title='bbox 1146 3427 1387 3497; x_wconf 87' lang='grc' dir='ltr'>συνεχῶς</span> <span class='ocrx_word' id='word_1_272' title='bbox 1419 3431 1612 3482; x_wconf 86' lang='grc' dir='ltr'>ποιεῖν.</span> 
     </span>
    </p>
   </div>
   <div class='ocr_carea' id='block_1_36' title="bbox 144 3515 1614 3592">
    <p class='ocr_par' dir='ltr' id='par_1_36' title="bbox 144 3515 1614 3592">
     <span class='ocr_line' id='line_1_36' title="bbox 144 3515 1614 3592; baseline 0.001 -22"><span class='ocrx_word' id='word_1_273' title='bbox 144 3517 231 3588; x_wconf 72' lang='grc' dir='ltr'>ἀρ</span> <span class='ocrx_word' id='word_1_274' title='bbox 264 3517 408 3580; x_wconf 74' lang='grc' dir='ltr'>ἔθος</span> <span class='ocrx_word' id='word_1_275' title='bbox 431 3515 594 3568; x_wconf 86' lang='grc' dir='ltr'>τοῦτο</span> <span class='ocrx_word' id='word_1_276' title='bbox 623 3518 925 3588; x_wconf 88' lang='grc' dir='ltr'>προφήτου.</span> <span class='ocrx_word' id='word_1_277' title='bbox 953 3519 1060 3572; x_wconf 82' lang='grc' dir='ltr'>Καὶ</span> <span class='ocrx_word' id='word_1_278' title='bbox 1079 3519 1187 3590; x_wconf 83' lang='grc' dir='ltr'>γὰρ</span> <span class='ocrx_word' id='word_1_279' title='bbox 1217 3519 1313 3590; x_wconf 79' lang='grc' dir='ltr'>τὴν</span> <span class='ocrx_word' id='word_1_280' title='bbox 1343 3520 1614 3592; x_wconf 86' lang='grc' dir='ltr'>Ἰερουσα-</span> 
     </span>
    </p>
   </div>
   <div class='ocr_carea' id='block_1_37' title="bbox 143 3607 1620 3684">
    <p class='ocr_par' dir='ltr' id='par_1_37' title="bbox 143 3607 1620 3684">
     <span class='ocr_line' id='line_1_37' title="bbox 143 3607 1620 3684; baseline 0.002 -21"><span class='ocrx_word' id='word_1_281' title='bbox 143 3611 301 3663; x_wconf 86' lang='grc' dir='ltr'>τόλιν</span> <span class='ocrx_word' id='word_1_282' title='bbox 339 3607 707 3680; x_wconf 83' lang='grc' dir='ltr'>δικαιοσύνης</span> <span class='ocrx_word' id='word_1_283' title='bbox 733 3609 933 3682; x_wconf 74' lang='grc' dir='ltr'>ἔφησεν</span> <span class='ocrx_word' id='word_1_284' title='bbox 974 3613 1002 3664; x_wconf 97' lang='lat'>6</span> <span class='ocrx_word' id='word_1_285' title='bbox 1030 3613 1317 3683; x_wconf 77' lang='grc' dir='ltr'>προφήτης</span> <span class='ocrx_word' id='word_1_286' title='bbox 1357 3613 1620 3684; x_wconf 85' lang='grc' dir='ltr'>κληθήσε-</span> 
     </span>
    </p>
   </div>
   <div class='ocr_carea' id='block_1_38' title="bbox 153 3699 1614 3776">
    <p class='ocr_par' dir='ltr' id='par_1_38' title="bbox 153 3699 1614 3776">
     <span class='ocr_line' id='line_1_38' title="bbox 153 3699 1614 3776; baseline 0.01 -21"><span class='ocrx_word' id='word_1_287' title='bbox 153 3705 265 3756; x_wconf 75' lang='grc' dir='ltr'>καὶ</span> <span class='ocrx_word' id='word_1_288' title='bbox 292 3704 417 3755; x_wconf 79' lang='grc' dir='ltr'>οὐκ</span> <span class='ocrx_word' id='word_1_289' title='bbox 451 3700 762 3773; x_wconf 83' lang='grc' dir='ltr'>ἐκλήθη.Τί</span> <span class='ocrx_word' id='word_1_290' title='bbox 791 3699 913 3766; x_wconf 84' lang='grc' dir='ltr'>οῦν;</span> <span class='ocrx_word' id='word_1_291' title='bbox 949 3703 1218 3774; x_wconf 73' lang='grc' dir='ltr'>ἐψεύσατο</span> <span class='ocrx_word' id='word_1_292' title='bbox 1244 3707 1272 3758; x_wconf 91' lang='lat'>6</span> <span class='ocrx_word' id='word_1_293' title='bbox 1298 3707 1614 3776; x_wconf 75' lang='grc' dir='ltr'>προφήτηςς</span> 
     </span>
    </p>
   </div>
   <div class='ocr_carea' id='block_1_39' title="bbox 143 3792 1612 3864">
    <p class='ocr_par' dir='ltr' id='par_1_39' title="bbox 143 3792 1612 3864">
     <span class='ocr_line' id='line_1_39' title="bbox 143 3792 1612 3864; baseline 0.004 -19"><span class='ocrx_word' id='word_1_294' title='bbox 143 3795 280 3856; x_wconf 86' lang='grc' dir='ltr'>ιῶς·</span> <span class='ocrx_word' id='word_1_295' title='bbox 317 3793 441 3864; x_wconf 84' lang='grc' dir='ltr'>τὴν</span> <span class='ocrx_word' id='word_1_296' title='bbox 461 3792 574 3862; x_wconf 82' lang='grc' dir='ltr'>γάρ</span> <span class='ocrx_word' id='word_1_297' title='bbox 596 3792 683 3846; x_wconf 83' lang='grc' dir='ltr'>διὰ</span> <span class='ocrx_word' id='word_1_298' title='bbox 698 3793 807 3846; x_wconf 88' lang='grc' dir='ltr'>τῶν</span> <span class='ocrx_word' id='word_1_299' title='bbox 831 3795 1173 3864; x_wconf 81' lang='grc' dir='ltr'>πραγμάτων</span> <span class='ocrx_word' id='word_1_300' title='bbox 1195 3795 1416 3849; x_wconf 79' lang='grc' dir='ltr'>ἔκϐασιν</span> <span class='ocrx_word' id='word_1_301' title='bbox 1443 3796 1612 3864; x_wconf 89' lang='grc' dir='ltr'>λέγει.</span> 
     </span>
    </p>
   </div>
   <div class='ocr_carea' id='block_1_40' title="bbox 143 3884 1617 3956">
    <p class='ocr_par' dir='ltr' id='par_1_40' title="bbox 143 3884 1617 3956">
     <span class='ocr_line' id='line_1_40' title="bbox 143 3884 1617 3956; baseline 0.001 -17"><span class='ocrx_word' id='word_1_302' title='bbox 143 3887 250 3939; x_wconf 78' lang='grc' dir='ltr'>τὸν</span> <span class='ocrx_word' id='word_1_303' title='bbox 295 3884 566 3955; x_wconf 84' lang='grc' dir='ltr'>Χριστὸν</span> <span class='ocrx_word' id='word_1_304' title='bbox 616 3884 672 3938; x_wconf 82' lang='grc' dir='ltr'>δὲ</span> <span class='ocrx_word' id='word_1_305' title='bbox 738 3885 1104 3956; x_wconf 81' lang='grc' dir='ltr'>Ἐμμανουήλ·</span> <span class='ocrx_word' id='word_1_306' title='bbox 1149 3887 1242 3939; x_wconf 75' lang='grc' dir='ltr'>καὶ</span> <span class='ocrx_word' id='word_1_307' title='bbox 1276 3887 1393 3940; x_wconf 74' lang='grc' dir='ltr'>οὐδὲ</span> <span class='ocrx_word' id='word_1_308' title='bbox 1454 3888 1617 3950; x_wconf 76' lang='grc' dir='ltr'>αὐτὸς</span> 
     </span>
    </p>
   </div>
   <div class='ocr_carea' id='block_1_41' title="bbox 143 3977 1614 4051">
    <p class='ocr_par' dir='ltr' id='par_1_41' title="bbox 143 3977 1614 4051">
     <span class='ocr_line' id='line_1_41' title="bbox 143 3977 1614 4051; baseline -0.001 -18"><span class='ocrx_word' id='word_1_309' title='bbox 143 3981 492 4049; x_wconf 76' lang='grc' dir='ltr'>κέκληται,</span> <span class='ocrx_word' id='word_1_310' title='bbox 545 3977 683 4032; x_wconf 86' lang='grc' dir='ltr'>ἀλλά</span> <span class='ocrx_word' id='word_1_311' title='bbox 728 3978 796 4031; x_wconf 86' lang='grc' dir='ltr'>τά</span> <span class='ocrx_word' id='word_1_312' title='bbox 827 3980 1128 4050; x_wconf 89' lang='grc' dir='ltr'>πράγματα</span> <span class='ocrx_word' id='word_1_313' title='bbox 1178 3979 1382 4051; x_wconf 82' lang='grc' dir='ltr'>ταύτην</span> <span class='ocrx_word' id='word_1_314' title='bbox 1418 3981 1614 4050; x_wconf 82' lang='grc' dir='ltr'>ἀφίησι</span> 
     </span>
    </p>
   </div>
   <div class='ocr_carea' id='block_1_42' title="bbox 143 4069 1614 4143">
    <p class='ocr_par' dir='ltr' id='par_1_42' title="bbox 143 4069 1614 4143">
     <span class='ocr_line' id='line_1_42' title="bbox 143 4069 1614 4143; baseline 0 -17"><span class='ocrx_word' id='word_1_315' title='bbox 143 4075 329 4143; x_wconf 79' lang='grc' dir='ltr'>ονήν.</span> <span class='ocrx_word' id='word_1_316' title='bbox 364 4069 547 4124; x_wconf 74' lang='grc' dir='ltr'>Οὕτω</span> <span class='ocrx_word' id='word_1_317' title='bbox 581 4074 675 4124; x_wconf 79' lang='grc' dir='ltr'>καὶ</span> <span class='ocrx_word' id='word_1_318' title='bbox 701 4072 1026 4137; x_wconf 82' lang='grc' dir='ltr'>ἐνταῦθα,’0</span> <span class='ocrx_word' id='word_1_319' title='bbox 1047 4072 1308 4142; x_wconf 83' lang='grc' dir='ltr'>ἔσχατος</span> <span class='ocrx_word' id='word_1_320' title='bbox 1340 4074 1509 4143; x_wconf 81' lang='grc' dir='ltr'>Ἀδὰμ</span> <span class='ocrx_word' id='word_1_321' title='bbox 1526 4076 1614 4138; x_wconf 82' lang='grc' dir='ltr'>εὶς</span> 
     </span>
    </p>
   </div>
   <div class='ocr_carea' id='block_1_43' title="bbox 143 4164 646 4224">
    <p class='ocr_par' dir='ltr' id='par_1_43' title="bbox 143 4164 646 4224">
     <span class='ocr_line' id='line_1_43' title="bbox 143 4164 646 4224; baseline -0.002 -5"><span class='ocrx_word' id='word_1_322' title='bbox 143 4184 205 4219; x_wconf 78' lang='grc' dir='ltr'>ια</span> <span class='ocrx_word' id='word_1_323' title='bbox 247 4164 646 4224; x_wconf 73' lang='grc' dir='ltr'>ᾰοοποιοῦν.</span> 
     </span>
    </p>
   </div>
   <div class='ocr_carea' id='block_1_44' title="bbox 144 4252 1612 4332">
    <p class='ocr_par' dir='ltr' id='par_1_44' title="bbox 144 4252 1612 4332">
     <span class='ocr_line' id='line_1_44' title="bbox 144 4252 1612 4332; baseline 0.002 -21"><span class='ocrx_word' id='word_1_324' title='bbox 144 4259 353 4312; x_wconf 75' lang='grc' dir='ltr'>ἀὕτα</span> <span class='ocrx_word' id='word_1_325' title='bbox 383 4256 458 4309; x_wconf 87' lang='grc' dir='ltr'>δὲ</span> <span class='ocrx_word' id='word_1_326' title='bbox 483 4252 656 4320; x_wconf 82' lang='grc' dir='ltr'>εἶπεν,</span> <span class='ocrx_word' id='word_1_327' title='bbox 674 4257 763 4310; x_wconf 76' lang='grc' dir='ltr'>ἵνα</span> <span class='ocrx_word' id='word_1_328' title='bbox 787 4257 964 4330; x_wconf 87' lang='grc' dir='ltr'>μάθῃς</span> <span class='ocrx_word' id='word_1_329' title='bbox 984 4258 1066 4311; x_wconf 86' lang='grc' dir='ltr'>ὃτι</span> <span class='ocrx_word' id='word_1_330' title='bbox 1089 4259 1184 4312; x_wconf 74' lang='grc' dir='ltr'>καὶ</span> <span class='ocrx_word' id='word_1_331' title='bbox 1205 4260 1303 4330; x_wconf 76' lang='grc' dir='ltr'>τῆς</span> <span class='ocrx_word' id='word_1_332' title='bbox 1329 4261 1612 4332; x_wconf 79' lang='grc' dir='ltr'>παρούσης</span> 
     </span>
    </p>
   </div>
   <div class='ocr_carea' id='block_1_45' title="bbox 156 4348 1615 4424">
    <p class='ocr_par' dir='ltr' id='par_1_45' title="bbox 156 4348 1615 4424">
     <span class='ocr_line' id='line_1_45' title="bbox 156 4348 1615 4424; baseline 0.003 -21"><span class='ocrx_word' id='word_1_333' title='bbox 156 4351 281 4403; x_wconf 74' lang='grc' dir='ltr'>καὶ</span> <span class='ocrx_word' id='word_1_334' title='bbox 349 4350 478 4418; x_wconf 79' lang='grc' dir='ltr'>τῆς</span> <span class='ocrx_word' id='word_1_335' title='bbox 531 4348 828 4420; x_wconf 82' lang='grc' dir='ltr'>μελλούσης</span> <span class='ocrx_word' id='word_1_336' title='bbox 859 4351 927 4402; x_wconf 73' lang='grc' dir='ltr'>τὰ</span> <span class='ocrx_word' id='word_1_337' title='bbox 958 4349 1202 4420; x_wconf 86' lang='grc' dir='ltr'>σύμϐολα</span> <span class='ocrx_word' id='word_1_338' title='bbox 1246 4353 1346 4424; x_wconf 68' lang='grc' dir='ltr'>ἤδη</span> <span class='ocrx_word' id='word_1_339' title='bbox 1395 4355 1491 4406; x_wconf 79' lang='grc' dir='ltr'>καὶ</span> <span class='ocrx_word' id='word_1_340' title='bbox 1548 4356 1615 4408; x_wconf 77' lang='grc' dir='ltr'>τά</span> 
     </span>
    </p>
   </div>
   <div class='ocr_carea' id='block_1_46' title="bbox 143 4443 1614 4520">
    <p class='ocr_par' dir='ltr' id='par_1_46' title="bbox 143 4443 1614 4520">
     <span class='ocr_line' id='line_1_46' title="bbox 143 4443 1614 4520; baseline 0.003 -22"><span class='ocrx_word' id='word_1_341' title='bbox 143 4464 181 4498; x_wconf 82' lang='grc' dir='ltr'>α.</span> <span class='ocrx_word' id='word_1_342' title='bbox 223 4444 523 4514; x_wconf 79' lang='grc' dir='ltr'>ἔφθασε,</span> <span class='ocrx_word' id='word_1_343' title='bbox 551 4443 650 4514; x_wconf 81' lang='grc' dir='ltr'>τῆς</span> <span class='ocrx_word' id='word_1_344' title='bbox 682 4443 780 4514; x_wconf 89' lang='grc' dir='ltr'>μὲν</span> <span class='ocrx_word' id='word_1_345' title='bbox 812 4444 1096 4514; x_wconf 85' lang='grc' dir='ltr'>παρούσης</span> <span class='ocrx_word' id='word_1_346' title='bbox 1125 4447 1153 4498; x_wconf 93' lang='lat'>6</span> <span class='ocrx_word' id='word_1_347' title='bbox 1197 4447 1388 4518; x_wconf 73' lang='grc' dir='ltr'>Ἀδὰμ,</span> <span class='ocrx_word' id='word_1_348' title='bbox 1425 4450 1525 4520; x_wconf 81' lang='grc' dir='ltr'>τῆς</span> <span class='ocrx_word' id='word_1_349' title='bbox 1556 4450 1614 4502; x_wconf 85' lang='grc' dir='ltr'>δὲ</span> 
     </span>
    </p>
   </div>
   <div class='ocr_carea' id='block_1_47' title="bbox 149 4536 1615 4614">
    <p class='ocr_par' dir='ltr' id='par_1_47' title="bbox 149 4536 1615 4614">
     <span class='ocr_line' id='line_1_47' title="bbox 149 4536 1615 4614; baseline 0.004 -24"><span class='ocrx_word' id='word_1_350' title='bbox 149 4555 284 4606; x_wconf 81' lang='grc' dir='ltr'>σης</span> <span class='ocrx_word' id='word_1_351' title='bbox 325 4537 364 4588; x_wconf 85' lang='grc' dir='ltr'>ὁ</span> <span class='ocrx_word' id='word_1_352' title='bbox 403 4536 676 4606; x_wconf 81' lang='grc' dir='ltr'>Χριστός.</span> <span class='ocrx_word' id='word_1_353' title='bbox 715 4536 931 4607; x_wconf 81' lang='grc' dir='ltr'>Ἐπειδὴ</span> <span class='ocrx_word' id='word_1_354' title='bbox 958 4538 1068 4606; x_wconf 84' lang='grc' dir='ltr'>γὰρ</span> <span class='ocrx_word' id='word_1_355' title='bbox 1093 4539 1162 4592; x_wconf 83' lang='grc' dir='ltr'>τὰ</span> <span class='ocrx_word' id='word_1_356' title='bbox 1191 4541 1529 4614; x_wconf 87' lang='grc' dir='ltr'>χρηστότερα</span> <span class='ocrx_word' id='word_1_357' title='bbox 1557 4545 1615 4596; x_wconf 87' lang='grc' dir='ltr'>ἐν</span> 
     </span>
    </p>
   </div>
   <div class='ocr_carea' id='block_1_48' title="bbox 161 4615 1614 4704">
    <p class='ocr_par' dir='ltr' id='par_1_48' title="bbox 161 4615 1614 4704">
     <span class='ocr_line' id='line_1_48' title="bbox 161 4615 1614 4704; baseline 0.002 -21"><span class='ocrx_word' id='word_1_358' title='bbox 161 4631 452 4698; x_wconf 80' lang='grc' dir='ltr'>τίθησι,</span> <span class='ocrx_word' id='word_1_359' title='bbox 488 4627 726 4680; x_wconf 88' lang='grc' dir='ltr'>δείκνυσι</span> <span class='ocrx_word' id='word_1_360' title='bbox 755 4615 1057 4700; x_wconf 80' lang='grc' dir='ltr'>τὴνάρχὴν</span> <span class='ocrx_word' id='word_1_361' title='bbox 1091 4632 1193 4703; x_wconf 77' lang='grc' dir='ltr'>ἤδη</span> <span class='ocrx_word' id='word_1_362' title='bbox 1227 4633 1614 4704; x_wconf 88' lang='grc' dir='ltr'>ἐκϐεϐηκυῖαν,</span> 
     </span>
    </p>
   </div>
   <div class='ocr_carea' id='block_1_49' title="bbox 143 4719 1618 4799">
    <p class='ocr_par' dir='ltr' id='par_1_49' title="bbox 143 4719 1618 4799">
     <span class='ocr_line' id='line_1_49' title="bbox 143 4719 1618 4799; baseline 0.007 -29"><span class='ocrx_word' id='word_1_363' title='bbox 143 4742 157 4770; x_wconf 70' lang='grc' dir='ltr'><strong><em>ρ</em></strong></span> <span class='ocrx_word' id='word_1_364' title='bbox 207 4722 434 4793; x_wconf 74' lang='grc' dir='ltr'>ῥίζαν</span> <span class='ocrx_word' id='word_1_365' title='bbox 478 4720 571 4773; x_wconf 72' lang='grc' dir='ltr'>καὶ</span> <span class='ocrx_word' id='word_1_366' title='bbox 596 4719 693 4791; x_wconf 80' lang='grc' dir='ltr'>τὴν</span> <span class='ocrx_word' id='word_1_367' title='bbox 720 4721 902 4791; x_wconf 85' lang='grc' dir='ltr'>πηγὴν</span> <span class='ocrx_word' id='word_1_368' title='bbox 933 4726 1214 4791; x_wconf 86' lang='grc' dir='ltr'>φανεῖσαν.</span> <span class='ocrx_word' id='word_1_369' title='bbox 1242 4726 1304 4778; x_wconf 81' lang='grc' dir='ltr'>Εἰ</span> <span class='ocrx_word' id='word_1_370' title='bbox 1336 4726 1390 4779; x_wconf 84' lang='grc' dir='ltr'>δὲ</span> <span class='ocrx_word' id='word_1_371' title='bbox 1429 4729 1462 4798; x_wconf 81' lang='grc' dir='ltr'>ἡ</span> <span class='ocrx_word' id='word_1_372' title='bbox 1491 4727 1618 4799; x_wconf 75' lang='grc' dir='ltr'>ῥίζα</span> 
     </span>
    </p>
   </div>
   <div class='ocr_carea' id='block_1_50' title="bbox 143 4813 1619 4893">
    <p class='ocr_par' dir='ltr' id='par_1_50' title="bbox 143 4813 1619 4893">
     <span class='ocr_line' id='line_1_50' title="bbox 143 4813 1619 4893; baseline -0.004 -24"><span class='ocrx_word' id='word_1_373' title='bbox 143 4816 324 4886; x_wconf 77' lang='grc' dir='ltr'>τηγὴ</span> <span class='ocrx_word' id='word_1_374' title='bbox 378 4813 548 4866; x_wconf 74' lang='grc' dir='ltr'>πᾶσι</span> <span class='ocrx_word' id='word_1_375' title='bbox 581 4813 899 4881; x_wconf 86' lang='grc' dir='ltr'>κατάδηλος,</span> <span class='ocrx_word' id='word_1_376' title='bbox 921 4815 1071 4868; x_wconf 78' lang='grc' dir='ltr'>οὐδὲν</span> <span class='ocrx_word' id='word_1_377' title='bbox 1098 4816 1179 4871; x_wconf 90' lang='grc' dir='ltr'>δεῖ</span> <span class='ocrx_word' id='word_1_378' title='bbox 1203 4819 1456 4890; x_wconf 74' lang='grc' dir='ltr'>περὶτῶν</span> <span class='ocrx_word' id='word_1_379' title='bbox 1487 4839 1619 4893; x_wconf 81' lang='grc' dir='ltr'>καρ.</span> 
     </span>
    </p>
   </div>
   <div class='ocr_carea' id='block_1_51' title="bbox 143 4903 1618 4979">
    <p class='ocr_par' dir='ltr' id='par_1_51' title="bbox 143 4903 1618 4979">
     <span class='ocr_line' id='line_1_51' title="bbox 143 4903 1618 4979; baseline 0.005 -22"><span class='ocrx_word' id='word_1_380' title='bbox 143 4904 568 4975; x_wconf 75' lang='grc' dir='ltr'>ιφιὸἀλ&gt;.ειν.</span> <span class='ocrx_word' id='word_1_381' title='bbox 607 4903 697 4956; x_wconf 86' lang='grc' dir='ltr'>Διὸ</span> <span class='ocrx_word' id='word_1_382' title='bbox 727 4903 891 4970; x_wconf 84' lang='grc' dir='ltr'>λέγει’</span> <span class='ocrx_word' id='word_1_383' title='bbox 931 4906 984 4956; x_wconf 91' lang='lat'>&#39;0</span> <span class='ocrx_word' id='word_1_384' title='bbox 1021 4906 1280 4976; x_wconf 77' lang='grc' dir='ltr'>ἔσχατος</span> <span class='ocrx_word' id='word_1_385' title='bbox 1329 4909 1501 4979; x_wconf 81' lang='grc' dir='ltr'>Ἀδὰμ</span> <span class='ocrx_word' id='word_1_386' title='bbox 1531 4914 1618 4976; x_wconf 82' lang='grc' dir='ltr'>είς</span> 
     </span>
    </p>
   </div>
   <div class='ocr_carea' id='block_1_52' title="bbox 143 4995 1620 5069">
    <p class='ocr_par' dir='ltr' id='par_1_52' title="bbox 143 4995 1620 5069">
     <span class='ocr_line' id='line_1_52' title="bbox 143 4995 1620 5069; baseline 0.003 -16"><span class='ocrx_word' id='word_1_387' title='bbox 143 5020 162 5053; x_wconf 85' lang='grc' dir='ltr'>ι</span> <span class='ocrx_word' id='word_1_388' title='bbox 203 4995 644 5060; x_wconf 76' lang='grc' dir='ltr'>ζωοποιοῦν·</span> <span class='ocrx_word' id='word_1_389' title='bbox 677 4997 770 5049; x_wconf 79' lang='grc' dir='ltr'>καὶ</span> <span class='ocrx_word' id='word_1_390' title='bbox 795 4996 1028 5067; x_wconf 82' lang='grc' dir='ltr'>ἀλλαχοῦ</span> <span class='ocrx_word' id='word_1_391' title='bbox 1052 4998 1129 5065; x_wconf 88' lang='grc' dir='ltr'>δέ,</span> <span class='ocrx_word' id='word_1_392' title='bbox 1151 5001 1519 5069; x_wconf 72' lang='grc' dir='ltr'>Ζωοποιήσει</span> <span class='ocrx_word' id='word_1_393' title='bbox 1547 5006 1620 5057; x_wconf 84' lang='grc' dir='ltr'>τὰ</span> 
     </span>
    </p>
   </div>
   <div class='ocr_carea' id='block_1_53' title="bbox 145 5086 1617 5160">
    <p class='ocr_par' dir='ltr' id='par_1_53' title="bbox 145 5086 1617 5160">
     <span class='ocr_line' id='line_1_53' title="bbox 145 5086 1617 5160; baseline 0.003 -15"><span class='ocrx_word' id='word_1_394' title='bbox 145 5093 509 5160; x_wconf 81' lang='grc' dir='ltr'>σώματα</span> <span class='ocrx_word' id='word_1_395' title='bbox 539 5086 705 5157; x_wconf 83' lang='grc' dir='ltr'>ὑμῶν</span> <span class='ocrx_word' id='word_1_396' title='bbox 745 5089 842 5143; x_wconf 72' lang='grc' dir='ltr'>διὰ</span> <span class='ocrx_word' id='word_1_397' title='bbox 879 5089 985 5143; x_wconf 89' lang='grc' dir='ltr'>τοῦ</span> <span class='ocrx_word' id='word_1_398' title='bbox 1019 5091 1400 5160; x_wconf 79' lang='grc' dir='ltr'>ἐνοικοῦντος</span> <span class='ocrx_word' id='word_1_399' title='bbox 1429 5096 1617 5150; x_wconf 84' lang='grc' dir='ltr'>αὐτοῦ</span> 
     </span>
    </p>
   </div>
   <div class='ocr_carea' id='block_1_54' title="bbox 143 5178 1620 5254">
    <p class='ocr_par' dir='ltr' id='par_1_54' title="bbox 143 5178 1620 5254">
     <span class='ocr_line' id='line_1_54' title="bbox 143 5178 1620 5254; baseline 0.003 -18"><span class='ocrx_word' id='word_1_400' title='bbox 143 5201 323 5248; x_wconf 65' lang='lat' dir='ltr'>stoc</span> <span class='ocrx_word' id='word_1_401' title='bbox 395 5180 504 5233; x_wconf 79' lang='grc' dir='ltr'>ἐν</span> <span class='ocrx_word' id='word_1_402' title='bbox 536 5178 696 5247; x_wconf 75' lang='grc' dir='ltr'>ὑμῖν.</span> <span class='ocrx_word' id='word_1_403' title='bbox 727 5181 868 5251; x_wconf 82' lang='grc' dir='ltr'>Ἀρα</span> <span class='ocrx_word' id='word_1_404' title='bbox 903 5181 996 5234; x_wconf 83' lang='grc' dir='ltr'>τοῦ</span> <span class='ocrx_word' id='word_1_405' title='bbox 1032 5183 1347 5254; x_wconf 85' lang='grc' dir='ltr'>Πνεύματος</span> <span class='ocrx_word' id='word_1_406' title='bbox 1384 5187 1444 5238; x_wconf 85' lang='grc' dir='ltr'>τὸ</span> <span class='ocrx_word' id='word_1_407' title='bbox 1485 5187 1620 5250; x_wconf 80' lang='grc' dir='ltr'>ζωο-</span> 
     </span>
    </p>
   </div>
   <div class='ocr_carea' id='block_1_55' title="bbox 145 5271 1620 5350">
    <p class='ocr_par' dir='ltr' id='par_1_55' title="bbox 145 5271 1620 5350">
     <span class='ocr_line' id='line_1_55' title="bbox 145 5271 1620 5350; baseline 0.005 -24"><span class='ocrx_word' id='word_1_408' title='bbox 145 5271 346 5326; x_wconf 80' lang='grc' dir='ltr'>Εἷτοι</span> <span class='ocrx_word' id='word_1_409' title='bbox 400 5271 527 5323; x_wconf 80' lang='grc' dir='ltr'>ἵνα</span> <span class='ocrx_word' id='word_1_410' title='bbox 557 5274 628 5340; x_wconf 82' lang='grc' dir='ltr'>μή</span> <span class='ocrx_word' id='word_1_411' title='bbox 663 5288 746 5334; x_wconf 89' lang='grc' dir='ltr'>τις</span> <span class='ocrx_word' id='word_1_412' title='bbox 773 5273 921 5344; x_wconf 72' lang='grc' dir='ltr'>εἴπῃ,</span> <span class='ocrx_word' id='word_1_413' title='bbox 960 5273 1060 5326; x_wconf 85' lang='grc' dir='ltr'>Διά</span> <span class='ocrx_word' id='word_1_414' title='bbox 1091 5275 1143 5327; x_wconf 90' lang='grc' dir='ltr'>τί</span> <span class='ocrx_word' id='word_1_415' title='bbox 1169 5277 1513 5350; x_wconf 81' lang='grc' dir='ltr'>πρεσϐύτερα</span> <span class='ocrx_word' id='word_1_416' title='bbox 1551 5281 1620 5335; x_wconf 83' lang='grc' dir='ltr'>τά</span> 
     </span>
    </p>
   </div>
   <div class='ocr_carea' id='block_1_56' title="bbox 195 5363 1618 5445">
    <p class='ocr_par' dir='ltr' id='par_1_56' title="bbox 195 5363 1618 5445">
     <span class='ocr_line' id='line_1_56' title="bbox 195 5363 1618 5445; baseline -0.001 -23"><span class='ocrx_word' id='word_1_417' title='bbox 195 5367 341 5422; x_wconf 80' lang='grc' dir='ltr'>καὶ</span> <span class='ocrx_word' id='word_1_418' title='bbox 398 5363 509 5418; x_wconf 66' lang='grc' dir='ltr'>τὰ</span> <span class='ocrx_word' id='word_1_419' title='bbox 543 5363 639 5433; x_wconf 80' lang='grc' dir='ltr'>μὲν</span> <span class='ocrx_word' id='word_1_420' title='bbox 671 5366 766 5418; x_wconf 83' lang='grc' dir='ltr'>ὅλα</span> <span class='ocrx_word' id='word_1_421' title='bbox 805 5365 966 5436; x_wconf 80' lang='grc' dir='ltr'>ἐξέϐη</span> <span class='ocrx_word' id='word_1_422' title='bbox 1002 5368 1070 5420; x_wconf 76' lang='grc' dir='ltr'>τά</span> <span class='ocrx_word' id='word_1_423' title='bbox 1096 5369 1322 5440; x_wconf 75' lang='grc' dir='ltr'>ψυχικά,</span> <span class='ocrx_word' id='word_1_424' title='bbox 1355 5374 1416 5426; x_wconf 78' lang='grc' dir='ltr'>ού</span> <span class='ocrx_word' id='word_1_425' title='bbox 1456 5374 1618 5445; x_wconf 80' lang='grc' dir='ltr'>μέχρι</span> 
     </span>
    </p>
   </div>
   <div class='ocr_carea' id='block_1_57' title="bbox 143 5456 1620 5535">
    <p class='ocr_par' dir='ltr' id='par_1_57' title="bbox 143 5456 1620 5535">
     <span class='ocr_line' id='line_1_57' title="bbox 143 5456 1620 5535; baseline 0.009 -28"><span class='ocrx_word' id='word_1_426' title='bbox 143 5461 420 5535; x_wconf 76' lang='grc' dir='ltr'>ιρχῆς,</span> <span class='ocrx_word' id='word_1_427' title='bbox 469 5456 555 5508; x_wconf 82' lang='grc' dir='ltr'>τὰ</span> <span class='ocrx_word' id='word_1_428' title='bbox 581 5457 637 5511; x_wconf 87' lang='grc' dir='ltr'>δέ</span> <span class='ocrx_word' id='word_1_429' title='bbox 670 5458 773 5521; x_wconf 77' lang='grc' dir='ltr'>ἕως</span> <span class='ocrx_word' id='word_1_430' title='bbox 806 5461 908 5530; x_wconf 74' lang='grc' dir='ltr'>τῆς</span> <span class='ocrx_word' id='word_1_431' title='bbox 934 5461 1189 5532; x_wconf 80' lang='grc' dir='ltr'>ἀπαρχῆς</span> <span class='ocrx_word' id='word_1_432' title='bbox 1227 5464 1388 5533; x_wconf 90' lang='grc' dir='ltr'>μόνον</span> <span class='ocrx_word' id='word_1_433' title='bbox 1415 5477 1478 5533; x_wconf 68' lang='lat'>8;</span> <span class='ocrx_word' id='word_1_434' title='bbox 1508 5467 1620 5520; x_wconf 82' lang='grc' dir='ltr'>δεί-</span> 
     </span>
    </p>
   </div>
   <div class='ocr_carea' id='block_1_58' title="bbox 143 5620 1618 5698">
    <p class='ocr_par' dir='ltr' id='par_1_58' title="bbox 143 5620 1618 5698">
     <span class='ocr_line' id='line_1_58' title="bbox 143 5620 1618 5698; baseline 0.001 -24"><span class='ocrx_word' id='word_1_435' title='bbox 143 5625 461 5689; x_wconf 59' lang='grc' dir='ltr'>ίιιέειϐεπι</span> <span class='ocrx_word' id='word_1_436' title='bbox 528 5621 575 5668; x_wconf 83' lang='grc' dir='ltr'>ἱη</span> <span class='ocrx_word' id='word_1_437' title='bbox 604 5620 740 5698; x_wconf 59' lang='grc' dir='ltr'>ρρτξε</span> <span class='ocrx_word' id='word_1_438' title='bbox 769 5623 1136 5698; x_wconf 47' lang='lat' dir='ltr'>gesjiierqlnpllr,</span> <span class='ocrx_word' id='word_1_439' title='bbox 1170 5637 1283 5698; x_wconf 57' lang='lat' dir='ltr'>qm»2</span> <span class='ocrx_word' id='word_1_440' title='bbox 1306 5624 1378 5673; x_wconf 80' lang='lat' dir='ltr'>sic</span> <span class='ocrx_word' id='word_1_441' title='bbox 1421 5629 1618 5698; x_wconf 54' lang='lat' dir='ltr'>yestjtyj</span> 
     </span>
    </p>
   </div>
   <div class='ocr_carea' id='block_1_59' title="bbox 143 5686 1616 5749">
    <p class='ocr_par' dir='ltr' id='par_1_59' title="bbox 143 5686 1616 5749">
     <span class='ocr_line' id='line_1_59' title="bbox 143 5686 1616 5749; baseline 0.003 -14"><span class='ocrx_word' id='word_1_442' title='bbox 143 5686 348 5737; x_wconf 72' lang='lat' dir='ltr'>ientu</span> <span class='ocrx_word' id='word_1_443' title='bbox 365 5700 400 5733; x_wconf 84' lang='lat' dir='ltr'><strong>r</strong></span> <span class='ocrx_word' id='word_1_444' title='bbox 451 5704 468 5732; x_wconf 91' lang='lat'><strong>:</strong></span> <span class='ocrx_word' id='word_1_445' title='bbox 511 5687 634 5749; x_wconf 21' lang='grc' dir='ltr'>*καὶ*</span> <span class='ocrx_word' id='word_1_446' title='bbox 661 5687 720 5731; x_wconf 79' lang='grc' dir='ltr'>τὰ</span> <span class='ocrx_word' id='word_1_447' title='bbox 745 5686 826 5746; x_wconf 83' lang='grc' dir='ltr'>μὲν</span> <span class='ocrx_word' id='word_1_448' title='bbox 850 5687 938 5733; x_wconf 77' lang='grc' dir='ltr'>ὅλα</span> <span class='ocrx_word' id='word_1_449' title='bbox 980 5687 1112 5744; x_wconf 81' lang='grc' dir='ltr'>ἐξέϐη</span> <span class='ocrx_word' id='word_1_450' title='bbox 1157 5686 1216 5733; x_wconf 82' lang='grc' dir='ltr'>τὰ</span> <span class='ocrx_word' id='word_1_451' title='bbox 1259 5689 1456 5749; x_wconf 76' lang='grc' dir='ltr'>ψυχικά·</span> <span class='ocrx_word' id='word_1_452' title='bbox 1481 5691 1541 5738; x_wconf 76' lang='grc' dir='ltr'>τά</span> <span class='ocrx_word' id='word_1_453' title='bbox 1561 5689 1616 5739; x_wconf 68' lang='grc' dir='ltr'>δὲ</span> 
     </span>
    </p>
   </div>
   <div class='ocr_carea' id='block_1_60' title="bbox 143 5745 1612 5822">
    <p class='ocr_par' dir='ltr' id='par_1_60' title="bbox 143 5745 1612 5811">
     <span class='ocr_line' id='line_1_60' title="bbox 143 5745 1612 5811; baseline 0.003 -15"><span class='ocrx_word' id='word_1_454' title='bbox 143 5755 233 5806; x_wconf 62' lang='grc' dir='ltr'>μά,</span> <span class='ocrx_word' id='word_1_455' title='bbox 305 5749 403 5797; x_wconf 77' lang='grc' dir='ltr'>τὰ</span> <span class='ocrx_word' id='word_1_456' title='bbox 444 5745 562 5809; x_wconf 75' lang='grc' dir='ltr'>μὲν</span> <span class='ocrx_word' id='word_1_457' title='bbox 589 5746 641 5795; x_wconf 83' lang='grc' dir='ltr'>οὐ</span> <span class='ocrx_word' id='word_1_458' title='bbox 667 5745 799 5811; x_wconf 79' lang='grc' dir='ltr'>μέχρι</span> <span class='ocrx_word' id='word_1_459' title='bbox 850 5753 934 5806; x_wconf 85' lang='grc' dir='ltr'>τῆς</span> <span class='ocrx_word' id='word_1_460' title='bbox 976 5745 1291 5811; x_wconf 81' lang='grc' dir='ltr'>άπαρχῆς,τά</span> <span class='ocrx_word' id='word_1_461' title='bbox 1311 5745 1362 5798; x_wconf 80' lang='grc' dir='ltr'>δέ</span> <span class='ocrx_word' id='word_1_462' title='bbox 1404 5751 1492 5810; x_wconf 79' lang='grc' dir='ltr'>ἕως</span> <span class='ocrx_word' id='word_1_463' title='bbox 1528 5759 1612 5811; x_wconf 82' lang='grc' dir='ltr'>τῆς</span> 
     </span>
    </p>
   </div>
   <div class='ocr_carea' id='block_1_61' title="bbox 144 5830 1060 5862">
    <p class='ocr_par' dir='ltr' id='par_1_61' title="bbox 144 5830 1060 5862">
     <span class='ocr_line' id='line_1_61' title="bbox 144 5830 1060 5862; baseline -0.007 0"><span class='ocrx_word' id='word_1_464' title='bbox 144 5830 388 5862; x_wconf 64' lang='grc' dir='ltr'>ιονον.</span> <span class='ocrx_word' id='word_1_465' title='bbox 1058 5853 1060 5856; x_wconf 78' lang='grc'>.</span> 
     </span>
    </p>
   </div>
   <div class='ocr_carea' id='block_1_62' title="bbox 3192 264 3298 318">
    <p class='ocr_par' dir='ltr' id='par_1_62' title="bbox 3192 264 3298 318">
     <span class='ocr_line' id='line_1_62' title="bbox 3192 264 3298 318; baseline 0 0"><span class='ocrx_word' id='word_1_466' title='bbox 3192 264 3298 318; x_wconf 78' lang='grc'>560</span> 
     </span>
    </p>
   </div>
   <div class='ocr_carea' id='block_1_63' title="bbox 1722 371 3297 454">
    <p class='ocr_par' dir='ltr' id='par_1_63' title="bbox 1722 371 3297 454">
     <span class='ocr_line' id='line_1_63' title="bbox 1722 371 3297 454; baseline -0.002 -17"><span class='ocrx_word' id='word_1_467' title='bbox 1722 401 1911 437; x_wconf 89' lang='grc' dir='ltr'>κνυσιν</span> <span class='ocrx_word' id='word_1_468' title='bbox 1946 385 2029 437; x_wconf 81' lang='grc' dir='ltr'>ὅτι</span> <span class='ocrx_word' id='word_1_469' title='bbox 2062 384 2156 436; x_wconf 73' lang='grc' dir='ltr'>καὶ</span> <span class='ocrx_word' id='word_1_470' title='bbox 2185 385 2238 436; x_wconf 86' lang='grc' dir='ltr'>αἱ</span> <span class='ocrx_word' id='word_1_471' title='bbox 2264 383 2432 454; x_wconf 72' lang='grc' dir='ltr'>ἀρχαὶ</span> <span class='ocrx_word' id='word_1_472' title='bbox 2466 382 2740 453; x_wconf 76' lang='grc' dir='ltr'>ἑκατέρων</span> <span class='ocrx_word' id='word_1_473' title='bbox 2776 371 2919 434; x_wconf 65' lang='grc' dir='ltr'>οὕτω</span> <span class='ocrx_word' id='word_1_474' title='bbox 2949 379 3297 449; x_wconf 81' lang='grc' dir='ltr'>διετάγησαν.</span> 
     </span>
    </p>
   </div>
   <div class='ocr_carea' id='block_1_64' title="bbox 1722 470 3299 544">
    <p class='ocr_par' dir='ltr' id='par_1_64' title="bbox 1722 470 3299 544">
     <span class='ocr_line' id='line_1_64' title="bbox 1722 470 3299 544; baseline -0.003 -17"><span class='ocrx_word' id='word_1_475' title='bbox 1722 477 1804 528; x_wconf 85' lang='grc' dir='ltr'>Οὐ</span> <span class='ocrx_word' id='word_1_476' title='bbox 1845 475 1956 543; x_wconf 81' lang='grc' dir='ltr'>γὰρ</span> <span class='ocrx_word' id='word_1_477' title='bbox 1995 473 2249 542; x_wconf 75' lang='grc' dir='ltr'>πρῶτον,</span> <span class='ocrx_word' id='word_1_478' title='bbox 2287 475 2445 544; x_wconf 77' lang='grc' dir='ltr'>φησὶ,</span> <span class='ocrx_word' id='word_1_479' title='bbox 2480 473 2547 526; x_wconf 81' lang='grc' dir='ltr'>τὸ</span> <span class='ocrx_word' id='word_1_480' title='bbox 2583 471 3009 541; x_wconf 77' lang='grc' dir='ltr'>πνευματικὸν,</span> <span class='ocrx_word' id='word_1_481' title='bbox 3040 471 3199 524; x_wconf 80' lang='grc' dir='ltr'>ἀλλὰ</span> <span class='ocrx_word' id='word_1_482' title='bbox 3230 470 3299 522; x_wconf 83' lang='grc' dir='ltr'>τὸ</span> 
     </span>
    </p>
   </div>
   <div class='ocr_carea' id='block_1_65' title="bbox 1716 561 3302 636">
    <p class='ocr_par' dir='ltr' id='par_1_65' title="bbox 1716 561 3302 636">
     <span class='ocr_line' id='line_1_65' title="bbox 1716 561 3302 636; baseline -0.004 -16"><span class='ocrx_word' id='word_1_483' title='bbox 1716 566 2004 636; x_wconf 72' lang='grc' dir='ltr'>ψυχικὸν,</span> <span class='ocrx_word' id='word_1_484' title='bbox 2028 566 2235 619; x_wconf 78' lang='grc' dir='ltr'>ἔπειτα</span> <span class='ocrx_word' id='word_1_485' title='bbox 2257 566 2322 619; x_wconf 75' lang='grc' dir='ltr'>τὸ</span> <span class='ocrx_word' id='word_1_486' title='bbox 2351 565 2774 634; x_wconf 76' lang='grc' dir='ltr'>πνευματικόν.</span> <span class='ocrx_word' id='word_1_487' title='bbox 2801 562 2909 614; x_wconf 78' lang='grc' dir='ltr'>Καὶ</span> <span class='ocrx_word' id='word_1_488' title='bbox 2930 562 2988 613; x_wconf 82' lang='grc' dir='ltr'>ού</span> <span class='ocrx_word' id='word_1_489' title='bbox 3014 561 3182 629; x_wconf 83' lang='grc' dir='ltr'>λέγει,</span> <span class='ocrx_word' id='word_1_490' title='bbox 3211 561 3302 614; x_wconf 78' lang='grc' dir='ltr'>διὰ</span> 
     </span>
    </p>
   </div>
   <div class='ocr_carea' id='block_1_66' title="bbox 1716 651 3300 727">
    <p class='ocr_par' dir='ltr' id='par_1_66' title="bbox 1716 651 3300 727">
     <span class='ocr_line' id='line_1_66' title="bbox 1716 651 3300 727; baseline -0.004 -19"><span class='ocrx_word' id='word_1_491' title='bbox 1716 655 1789 716; x_wconf 87' lang='grc' dir='ltr'>τί,</span> <span class='ocrx_word' id='word_1_492' title='bbox 1818 654 1933 707; x_wconf 85' lang='grc' dir='ltr'>ἀλλ’</span> <span class='ocrx_word' id='word_1_493' title='bbox 1958 657 2208 726; x_wconf 86' lang='grc' dir='ltr'>ἀρκεῖται</span> <span class='ocrx_word' id='word_1_494' title='bbox 2237 658 2302 727; x_wconf 79' lang='grc' dir='ltr'>τῇ</span> <span class='ocrx_word' id='word_1_495' title='bbox 2339 657 2433 708; x_wconf 82' lang='grc' dir='ltr'>τοῦ</span> <span class='ocrx_word' id='word_1_496' title='bbox 2471 654 2606 708; x_wconf 79' lang='grc' dir='ltr'>Θεοῦ</span> <span class='ocrx_word' id='word_1_497' title='bbox 2643 653 2907 718; x_wconf 79' lang='grc' dir='ltr'>διατάξει,</span> <span class='ocrx_word' id='word_1_498' title='bbox 2941 651 3040 722; x_wconf 79' lang='grc' dir='ltr'>τὴν</span> <span class='ocrx_word' id='word_1_499' title='bbox 3062 651 3170 704; x_wconf 83' lang='grc' dir='ltr'>ἀπὸ</span> <span class='ocrx_word' id='word_1_500' title='bbox 3193 651 3300 704; x_wconf 85' lang='grc' dir='ltr'>τῶν</span> 
     </span>
    </p>
   </div>
   <div class='ocr_carea' id='block_1_67' title="bbox 1717 739 3298 817">
    <p class='ocr_par' dir='ltr' id='par_1_67' title="bbox 1717 739 3298 817">
     <span class='ocr_line' id='line_1_67' title="bbox 1717 739 3298 817; baseline -0.004 -19"><span class='ocrx_word' id='word_1_501' title='bbox 1717 743 2058 816; x_wconf 84' lang='grc' dir='ltr'>πραγμάτων</span> <span class='ocrx_word' id='word_1_502' title='bbox 2087 747 2265 817; x_wconf 72' lang='grc' dir='ltr'>ψῆφον</span> <span class='ocrx_word' id='word_1_503' title='bbox 2296 745 2434 814; x_wconf 76' lang='grc' dir='ltr'>ἔχων</span> <span class='ocrx_word' id='word_1_504' title='bbox 2469 743 2858 814; x_wconf 75' lang='grc' dir='ltr'>μαρτυροῦσαν</span> <span class='ocrx_word' id='word_1_505' title='bbox 2887 744 2950 813; x_wconf 80' lang='grc' dir='ltr'>τῇ</span> <span class='ocrx_word' id='word_1_506' title='bbox 2977 742 3172 812; x_wconf 90' lang='grc' dir='ltr'>ἀρίστῃ</span> <span class='ocrx_word' id='word_1_507' title='bbox 3204 739 3298 792; x_wconf 90' lang='grc' dir='ltr'>τοῦ</span> 
     </span>
    </p>
   </div>
   <div class='ocr_carea' id='block_1_68' title="bbox 1716 833 3302 910">
    <p class='ocr_par' dir='ltr' id='par_1_68' title="bbox 1716 833 3302 910">
     <span class='ocr_line' id='line_1_68' title="bbox 1716 833 3302 910; baseline -0.003 -20"><span class='ocrx_word' id='word_1_508' title='bbox 1716 838 1851 890; x_wconf 83' lang='grc' dir='ltr'>Θεοῦ</span> <span class='ocrx_word' id='word_1_509' title='bbox 1879 839 2183 910; x_wconf 75' lang='grc' dir='ltr'>οἰκονομίᾳ,</span> <span class='ocrx_word' id='word_1_510' title='bbox 2212 839 2305 890; x_wconf 73' lang='grc' dir='ltr'>καὶ</span> <span class='ocrx_word' id='word_1_511' title='bbox 2334 838 2546 896; x_wconf 80' lang='grc' dir='ltr'>δεικνὺς</span> <span class='ocrx_word' id='word_1_512' title='bbox 2573 838 2653 890; x_wconf 85' lang='grc' dir='ltr'>ὃτι</span> <span class='ocrx_word' id='word_1_513' title='bbox 2683 836 2776 888; x_wconf 69' lang='grc' dir='ltr'>ἐπὶ</span> <span class='ocrx_word' id='word_1_514' title='bbox 2801 835 2861 887; x_wconf 80' lang='grc' dir='ltr'>τὸ</span> <span class='ocrx_word' id='word_1_515' title='bbox 2891 834 3095 904; x_wconf 88' lang='grc' dir='ltr'>βέλτιον</span> <span class='ocrx_word' id='word_1_516' title='bbox 3119 833 3206 886; x_wconf 69' lang='grc' dir='ltr'>ἀεὶ</span> <span class='ocrx_word' id='word_1_517' title='bbox 3231 833 3302 886; x_wconf 80' lang='grc' dir='ltr'>τά</span> 
     </span>
    </p>
   </div>
   <div class='ocr_carea' id='block_1_69' title="bbox 1715 925 3300 1002">
    <p class='ocr_par' dir='ltr' id='par_1_69' title="bbox 1715 925 3300 1002">
     <span class='ocr_line' id='line_1_69' title="bbox 1715 925 3300 1002; baseline -0.005 -19"><span class='ocrx_word' id='word_1_518' title='bbox 1715 931 1964 1002; x_wconf 81' lang='grc' dir='ltr'>ἡμέτερα</span> <span class='ocrx_word' id='word_1_519' title='bbox 1998 932 2266 1001; x_wconf 79' lang='grc' dir='ltr'>πρόεισιν,</span> <span class='ocrx_word' id='word_1_520' title='bbox 2310 931 2426 1000; x_wconf 80' lang='grc' dir='ltr'>ἅμα</span> <span class='ocrx_word' id='word_1_521' title='bbox 2469 929 2763 983; x_wconf 81' lang='grc' dir='ltr'>κάντεῦθεν</span> <span class='ocrx_word' id='word_1_522' title='bbox 2813 927 3176 998; x_wconf 83' lang='grc' dir='ltr'>πιστούμενος</span> <span class='ocrx_word' id='word_1_523' title='bbox 3209 925 3300 978; x_wconf 77' lang='grc' dir='ltr'>τὸν</span> 
     </span>
    </p>
   </div>
   <div class='ocr_carea' id='block_1_70' title="bbox 1715 1020 3301 1094">
    <p class='ocr_par' dir='ltr' id='par_1_70' title="bbox 1715 1020 3301 1094">
     <span class='ocr_line' id='line_1_70' title="bbox 1715 1020 3301 1094; baseline -0.001 -20"><span class='ocrx_word' id='word_1_524' title='bbox 1715 1021 1891 1090; x_wconf 87' lang='grc' dir='ltr'>λόγον.</span> <span class='ocrx_word' id='word_1_525' title='bbox 1925 1024 1985 1076; x_wconf 81' lang='grc' dir='ltr'>ΕΞ</span> <span class='ocrx_word' id='word_1_526' title='bbox 2027 1023 2135 1094; x_wconf 73' lang='grc' dir='ltr'>γὰρ</span> <span class='ocrx_word' id='word_1_527' title='bbox 2174 1023 2243 1076; x_wconf 80' lang='grc' dir='ltr'>τὰ</span> <span class='ocrx_word' id='word_1_528' title='bbox 2275 1024 2533 1077; x_wconf 86' lang='grc' dir='ltr'>ἐλάττονα</span> <span class='ocrx_word' id='word_1_529' title='bbox 2559 1021 2743 1092; x_wconf 80' lang='grc' dir='ltr'>ἐξέϐη,</span> <span class='ocrx_word' id='word_1_530' title='bbox 2782 1021 2964 1092; x_wconf 79' lang='grc' dir='ltr'>πολλῷ</span> <span class='ocrx_word' id='word_1_531' title='bbox 2996 1020 3194 1091; x_wconf 85' lang='grc' dir='ltr'>μᾶλλον</span> <span class='ocrx_word' id='word_1_532' title='bbox 3233 1020 3301 1073; x_wconf 81' lang='grc' dir='ltr'>τά</span> 
     </span>
    </p>
   </div>
   <div class='ocr_carea' id='block_1_71' title="bbox 1718 1113 2402 1186">
    <p class='ocr_par' dir='ltr' id='par_1_71' title="bbox 1718 1113 2402 1186">
     <span class='ocr_line' id='line_1_71' title="bbox 1718 1113 2402 1186; baseline 0.004 -22"><span class='ocrx_word' id='word_1_533' title='bbox 1718 1113 1912 1184; x_wconf 81' lang='grc' dir='ltr'>βελτίω</span> <span class='ocrx_word' id='word_1_534' title='bbox 1947 1115 2252 1186; x_wconf 81' lang='grc' dir='ltr'>προσδοκᾷν</span> <span class='ocrx_word' id='word_1_535' title='bbox 2276 1134 2306 1186; x_wconf 89' lang='grc' dir='ltr'>χ</span> <span class='ocrx_word' id='word_1_536' title='bbox 2314 1117 2402 1186; x_wconf 82' lang='grc' dir='ltr'>ρή.</span> 
     </span>
    </p>
   </div>
   <div class='ocr_carea' id='block_1_72' title="bbox 1801 1193 3296 1269">
    <p class='ocr_par' dir='ltr' id='par_1_72' title="bbox 1801 1193 3296 1269">
     <span class='ocr_line' id='line_1_72' title="bbox 1801 1193 3296 1269; baseline -0.002 -21"><span class='ocrx_word' id='word_1_537' title='bbox 1801 1197 1954 1249; x_wconf 76' lang='grc' dir='ltr'>Ἐπεὶ</span> <span class='ocrx_word' id='word_1_538' title='bbox 1993 1194 2086 1251; x_wconf 79' lang='grc' dir='ltr'>οὖν</span> <span class='ocrx_word' id='word_1_539' title='bbox 2128 1199 2386 1252; x_wconf 83' lang='grc' dir='ltr'>τοιούτων</span> <span class='ocrx_word' id='word_1_540' title='bbox 2431 1198 2698 1269; x_wconf 84' lang='grc' dir='ltr'>μέλλομεν</span> <span class='ocrx_word' id='word_1_541' title='bbox 2731 1194 3025 1249; x_wconf 79' lang='grc' dir='ltr'>ἀπολαύειν</span> <span class='ocrx_word' id='word_1_542' title='bbox 3054 1193 3296 1264; x_wconf 88' lang='grc' dir='ltr'>ἀγαθῶν,</span> 
     </span>
    </p>
   </div>
   <div class='ocr_carea' id='block_1_73' title="bbox 1717 1280 3298 1360">
    <p class='ocr_par' dir='ltr' id='par_1_73' title="bbox 1717 1280 3298 1360">
     <span class='ocr_line' id='line_1_73' title="bbox 1717 1280 3298 1360; baseline -0.001 -19"><span class='ocrx_word' id='word_1_543' title='bbox 1717 1291 1797 1351; x_wconf 78' lang='grc' dir='ltr'>εἰς</span> <span class='ocrx_word' id='word_1_544' title='bbox 1836 1290 2040 1360; x_wconf 87' lang='grc' dir='ltr'>ταύτην</span> <span class='ocrx_word' id='word_1_545' title='bbox 2074 1280 2302 1354; x_wconf 76' lang='grc' dir='ltr'>ἑαυτοὺς</span> <span class='ocrx_word' id='word_1_546' title='bbox 2329 1291 2725 1360; x_wconf 80' lang='grc' dir='ltr'>κατατάξωμεν</span> <span class='ocrx_word' id='word_1_547' title='bbox 2749 1289 2848 1360; x_wconf 79' lang='grc' dir='ltr'>τὴν</span> <span class='ocrx_word' id='word_1_548' title='bbox 2881 1287 3054 1352; x_wconf 83' lang='grc' dir='ltr'>τάξιν,</span> <span class='ocrx_word' id='word_1_549' title='bbox 3097 1290 3191 1340; x_wconf 78' lang='grc' dir='ltr'>καὶ</span> <span class='ocrx_word' id='word_1_550' title='bbox 3222 1287 3298 1359; x_wconf 80' lang='grc' dir='ltr'>μὴ</span> 
     </span>
    </p>
   </div>
   <div class='ocr_carea' id='block_1_74' title="bbox 1717 1380 3298 1452">
    <p class='ocr_par' dir='ltr' id='par_1_74' title="bbox 1717 1380 3298 1452">
     <span class='ocr_line' id='line_1_74' title="bbox 1717 1380 3298 1452; baseline -0.001 -19"><span class='ocrx_word' id='word_1_551' title='bbox 1717 1380 1997 1452; x_wconf 85' lang='grc' dir='ltr'>κλαίωμεν</span> <span class='ocrx_word' id='word_1_552' title='bbox 2037 1383 2166 1447; x_wconf 77' lang='grc' dir='ltr'>τοὺς</span> <span class='ocrx_word' id='word_1_553' title='bbox 2202 1382 2489 1448; x_wconf 83' lang='grc' dir='ltr'>ἀπιόντας,</span> <span class='ocrx_word' id='word_1_554' title='bbox 2526 1383 2659 1437; x_wconf 84' lang='grc' dir='ltr'>ἀλλά</span> <span class='ocrx_word' id='word_1_555' title='bbox 2685 1384 2813 1444; x_wconf 77' lang='grc' dir='ltr'>τοὺς</span> <span class='ocrx_word' id='word_1_556' title='bbox 2855 1382 3038 1445; x_wconf 82' lang='grc' dir='ltr'>κακῶς</span> <span class='ocrx_word' id='word_1_557' title='bbox 3066 1381 3157 1434; x_wconf 71' lang='grc' dir='ltr'>τὸν</span> <span class='ocrx_word' id='word_1_558' title='bbox 3185 1381 3298 1451; x_wconf 83' lang='grc' dir='ltr'>βίον</span> 
     </span>
    </p>
   </div>
   <div class='ocr_carea' id='block_1_75' title="bbox 1716 1475 3300 1549">
    <p class='ocr_par' dir='ltr' id='par_1_75' title="bbox 1716 1475 3300 1549">
     <span class='ocr_line' id='line_1_75' title="bbox 1716 1475 3300 1549; baseline -0.002 -22"><span class='ocrx_word' id='word_1_559' title='bbox 1716 1475 2106 1540; x_wconf 88' lang='grc' dir='ltr'>καταλύοντας.</span> <span class='ocrx_word' id='word_1_560' title='bbox 2151 1477 2304 1529; x_wconf 77' lang='grc' dir='ltr'>Ἐπεὶ</span> <span class='ocrx_word' id='word_1_561' title='bbox 2332 1479 2427 1532; x_wconf 75' lang='grc' dir='ltr'>καὶ</span> <span class='ocrx_word' id='word_1_562' title='bbox 2459 1477 2726 1549; x_wconf 68' lang='grc' dir='ltr'>γεωργὸς,</span> <span class='ocrx_word' id='word_1_563' title='bbox 2758 1479 2886 1530; x_wconf 84' lang='grc' dir='ltr'>ὅταν</span> <span class='ocrx_word' id='word_1_564' title='bbox 2924 1477 3006 1548; x_wconf 76' lang='grc' dir='ltr'>ἴδῃ</span> <span class='ocrx_word' id='word_1_565' title='bbox 3040 1479 3130 1529; x_wconf 59' lang='grc' dir='ltr'>τὶν</span> <span class='ocrx_word' id='word_1_566' title='bbox 3155 1478 3300 1529; x_wconf 85' lang='grc' dir='ltr'>σῖτον</span> 
     </span>
    </p>
   </div>
   <div class='ocr_carea' id='block_1_76' title="bbox 1713 1566 3299 1640">
    <p class='ocr_par' dir='ltr' id='par_1_76' title="bbox 1713 1566 3299 1640">
     <span class='ocr_line' id='line_1_76' title="bbox 1713 1566 3299 1640; baseline 0.001 -22"><span class='ocrx_word' id='word_1_567' title='bbox 1713 1566 2082 1638; x_wconf 86' lang='grc' dir='ltr'>διαλυόμενον,</span> <span class='ocrx_word' id='word_1_568' title='bbox 2111 1569 2171 1621; x_wconf 86' lang='grc' dir='ltr'>ού</span> <span class='ocrx_word' id='word_1_569' title='bbox 2205 1568 2411 1639; x_wconf 91' lang='grc' dir='ltr'>θρηνεῖ,</span> <span class='ocrx_word' id='word_1_570' title='bbox 2441 1570 2557 1623; x_wconf 78' lang='grc' dir='ltr'>ἀλλ’</span> <span class='ocrx_word' id='word_1_571' title='bbox 2585 1571 2689 1633; x_wconf 79' lang='grc' dir='ltr'>ἕως</span> <span class='ocrx_word' id='word_1_572' title='bbox 2721 1569 2820 1638; x_wconf 76' lang='grc' dir='ltr'>μὲν</span> <span class='ocrx_word' id='word_1_573' title='bbox 2861 1567 2924 1621; x_wconf 80' lang='grc' dir='ltr'>ἂν</span> <span class='ocrx_word' id='word_1_574' title='bbox 2955 1567 3131 1640; x_wconf 80' lang='grc' dir='ltr'>βλέπῃ</span> <span class='ocrx_word' id='word_1_575' title='bbox 3175 1584 3299 1619; x_wconf 89' lang='grc' dir='ltr'>στε-</span> 
     </span>
    </p>
   </div>
   <div class='ocr_carea' id='block_1_77' title="bbox 1719 1659 3300 1734">
    <p class='ocr_par' dir='ltr' id='par_1_77' title="bbox 1719 1659 3300 1734">
     <span class='ocr_line' id='line_1_77' title="bbox 1719 1659 3300 1734; baseline -0.001 -21"><span class='ocrx_word' id='word_1_576' title='bbox 1719 1661 1837 1732; x_wconf 87' lang='grc' dir='ltr'>ρεὸν</span> <span class='ocrx_word' id='word_1_577' title='bbox 1861 1662 1918 1714; x_wconf 85' lang='grc' dir='ltr'>ἐν</span> <span class='ocrx_word' id='word_1_578' title='bbox 1947 1665 2014 1734; x_wconf 80' lang='grc' dir='ltr'>τῇ</span> <span class='ocrx_word' id='word_1_579' title='bbox 2046 1665 2117 1734; x_wconf 79' lang='grc' dir='ltr'>γῇ</span> <span class='ocrx_word' id='word_1_580' title='bbox 2145 1663 2394 1733; x_wconf 88' lang='grc' dir='ltr'>μένοντα,</span> <span class='ocrx_word' id='word_1_581' title='bbox 2417 1664 2618 1718; x_wconf 84' lang='grc' dir='ltr'>δέδοικε</span> <span class='ocrx_word' id='word_1_582' title='bbox 2645 1664 2740 1717; x_wconf 75' lang='grc' dir='ltr'>καὶ</span> <span class='ocrx_word' id='word_1_583' title='bbox 2761 1663 2975 1734; x_wconf 83' lang='grc' dir='ltr'>τρέμει·</span> <span class='ocrx_word' id='word_1_584' title='bbox 2999 1660 3217 1714; x_wconf 76' lang='grc' dir='ltr'>ἐπειδὰν</span> <span class='ocrx_word' id='word_1_585' title='bbox 3242 1659 3300 1712; x_wconf 75' lang='grc' dir='ltr'>δὲ</span> 
     </span>
    </p>
   </div>
   <div class='ocr_carea' id='block_1_78' title="bbox 1718 1753 3301 1827">
    <p class='ocr_par' dir='ltr' id='par_1_78' title="bbox 1718 1753 3301 1827">
     <span class='ocr_line' id='line_1_78' title="bbox 1718 1753 3301 1827; baseline 0.006 -21"><span class='ocrx_word' id='word_1_586' title='bbox 1718 1753 1803 1827; x_wconf 77' lang='grc' dir='ltr'>ἴδῃ</span> <span class='ocrx_word' id='word_1_587' title='bbox 1847 1753 2188 1819; x_wconf 88' lang='grc' dir='ltr'>διαλυθέντα,</span> <span class='ocrx_word' id='word_1_588' title='bbox 2229 1755 2431 1826; x_wconf 86' lang='grc' dir='ltr'>χαίρει.</span> <span class='ocrx_word' id='word_1_589' title='bbox 2484 1755 2652 1826; x_wconf 81' lang='grc' dir='ltr'>Ἀρχὴ</span> <span class='ocrx_word' id='word_1_590' title='bbox 2699 1755 2808 1825; x_wconf 80' lang='grc' dir='ltr'>γὰρ</span> <span class='ocrx_word' id='word_1_591' title='bbox 2848 1755 2948 1826; x_wconf 74' lang='grc' dir='ltr'>τῆς</span> <span class='ocrx_word' id='word_1_592' title='bbox 2996 1753 3301 1825; x_wconf 75' lang='grc' dir='ltr'>μελλούσης</span> 
     </span>
    </p>
   </div>
   <div class='ocr_carea' id='block_1_79' title="bbox 1715 1847 3298 1918">
    <p class='ocr_par' dir='ltr' id='par_1_79' title="bbox 1715 1847 3298 1918">
     <span class='ocr_line' id='line_1_79' title="bbox 1715 1847 3298 1918; baseline -0.001 -19"><span class='ocrx_word' id='word_1_593' title='bbox 1715 1847 1924 1918; x_wconf 78' lang='grc' dir='ltr'>σπορᾶς</span> <span class='ocrx_word' id='word_1_594' title='bbox 1963 1848 1995 1918; x_wconf 80' lang='grc' dir='ltr'>ἡ</span> <span class='ocrx_word' id='word_1_595' title='bbox 2026 1847 2292 1912; x_wconf 85' lang='grc' dir='ltr'>διάλυσις.</span> <span class='ocrx_word' id='word_1_596' title='bbox 2325 1848 2480 1902; x_wconf 70' lang='grc' dir='ltr'>οὕτω</span> <span class='ocrx_word' id='word_1_597' title='bbox 2517 1848 2611 1900; x_wconf 75' lang='grc' dir='ltr'>καὶ</span> <span class='ocrx_word' id='word_1_598' title='bbox 2641 1850 2803 1918; x_wconf 79' lang='grc' dir='ltr'>ἡμεῖς</span> <span class='ocrx_word' id='word_1_599' title='bbox 2829 1849 2951 1901; x_wconf 89' lang='grc' dir='ltr'>τότε</span> <span class='ocrx_word' id='word_1_600' title='bbox 2996 1847 3298 1918; x_wconf 85' lang='grc' dir='ltr'>χαίρωμεν,</span> 
     </span>
    </p>
   </div>
   <div class='ocr_carea' id='block_1_80' title="bbox 1711 1939 3298 2014">
    <p class='ocr_par' dir='ltr' id='par_1_80' title="bbox 1711 1939 3298 2014">
     <span class='ocr_line' id='line_1_80' title="bbox 1711 1939 3298 2014; baseline 0.003 -22"><span class='ocrx_word' id='word_1_601' title='bbox 1711 1939 1840 1993; x_wconf 88' lang='grc' dir='ltr'>ὃταν</span> <span class='ocrx_word' id='word_1_602' title='bbox 1865 1940 2006 2013; x_wconf 86' lang='grc' dir='ltr'>πέσῃ</span> <span class='ocrx_word' id='word_1_603' title='bbox 2041 1941 2074 2010; x_wconf 83' lang='grc' dir='ltr'><strong>ἡ</strong></span> <span class='ocrx_word' id='word_1_604' title='bbox 2097 1941 2242 1995; x_wconf 90' lang='grc' dir='ltr'>οἰκία</span> <span class='ocrx_word' id='word_1_605' title='bbox 2263 1943 2296 2012; x_wconf 80' lang='grc' dir='ltr'>ἡ</span> <span class='ocrx_word' id='word_1_606' title='bbox 2319 1939 2554 2012; x_wconf 80' lang='grc' dir='ltr'>φθαρτὴ,</span> <span class='ocrx_word' id='word_1_607' title='bbox 2583 1942 2711 1994; x_wconf 84' lang='grc' dir='ltr'>ὅταν</span> <span class='ocrx_word' id='word_1_608' title='bbox 2737 1945 2920 2014; x_wconf 81' lang='grc' dir='ltr'>σπαρῇ</span> <span class='ocrx_word' id='word_1_609' title='bbox 2942 1945 2970 1996; x_wconf 93' lang='lat'>6</span> <span class='ocrx_word' id='word_1_610' title='bbox 2992 1941 3298 2012; x_wconf 83' lang='grc' dir='ltr'>ἄνθρωπος.</span> 
     </span>
    </p>
   </div>
   <div class='ocr_carea' id='block_1_81' title="bbox 1711 2031 3302 2105">
    <p class='ocr_par' dir='ltr' id='par_1_81' title="bbox 1711 2031 3302 2105">
     <span class='ocr_line' id='line_1_81' title="bbox 1711 2031 3302 2105; baseline 0.003 -21"><span class='ocrx_word' id='word_1_611' title='bbox 1711 2032 1822 2086; x_wconf 77' lang='grc' dir='ltr'>Καὶ</span> <span class='ocrx_word' id='word_1_612' title='bbox 1856 2031 1930 2104; x_wconf 80' lang='grc' dir='ltr'>μὴ</span> <span class='ocrx_word' id='word_1_613' title='bbox 1955 2032 2263 2105; x_wconf 86' lang='grc' dir='ltr'>θαυμάσῃς,</span> <span class='ocrx_word' id='word_1_614' title='bbox 2294 2035 2343 2086; x_wconf 86' lang='grc' dir='ltr'>εἰ</span> <span class='ocrx_word' id='word_1_615' title='bbox 2374 2034 2582 2104; x_wconf 79' lang='grc' dir='ltr'>σποράν</span> <span class='ocrx_word' id='word_1_616' title='bbox 2602 2032 2701 2103; x_wconf 84' lang='grc' dir='ltr'>τὴν</span> <span class='ocrx_word' id='word_1_617' title='bbox 2722 2034 2901 2104; x_wconf 84' lang='grc' dir='ltr'>ταφὴν</span> <span class='ocrx_word' id='word_1_618' title='bbox 2930 2033 3178 2087; x_wconf 88' lang='grc' dir='ltr'>ἐκάλεσε·</span> <span class='ocrx_word' id='word_1_619' title='bbox 3205 2036 3302 2088; x_wconf 62' lang='grc' dir='ltr'>καί⁸</span> 
     </span>
    </p>
   </div>
   <div class='ocr_carea' id='block_1_82' title="bbox 1712 2124 3303 2199">
    <p class='ocr_par' dir='ltr' id='par_1_82' title="bbox 1712 2124 3303 2199">
     <span class='ocr_line' id='line_1_82' title="bbox 1712 2124 3303 2199; baseline 0.002 -22"><span class='ocrx_word' id='word_1_620' title='bbox 1712 2125 1818 2196; x_wconf 85' lang='grc' dir='ltr'>γὰρ</span> <span class='ocrx_word' id='word_1_621' title='bbox 1850 2124 1990 2194; x_wconf 80' lang='grc' dir='ltr'>αῦτη</span> <span class='ocrx_word' id='word_1_622' title='bbox 2027 2125 2303 2197; x_wconf 83' lang='grc' dir='ltr'>βελτίωνὴ</span> <span class='ocrx_word' id='word_1_623' title='bbox 2337 2126 2532 2197; x_wconf 86' lang='grc' dir='ltr'>σπορά.</span> <span class='ocrx_word' id='word_1_624' title='bbox 2580 2127 2826 2196; x_wconf 84' lang='grc' dir='ltr'>Ἐκείνην</span> <span class='ocrx_word' id='word_1_625' title='bbox 2862 2129 2962 2197; x_wconf 82' lang='grc' dir='ltr'>μὲν</span> <span class='ocrx_word' id='word_1_626' title='bbox 2987 2127 3098 2199; x_wconf 80' lang='grc' dir='ltr'>γὰρ</span> <span class='ocrx_word' id='word_1_627' title='bbox 3126 2127 3303 2181; x_wconf 86' lang='grc' dir='ltr'>διαδέ-</span> 
     </span>
    </p>
   </div>
   <div class='ocr_carea' id='block_1_83' title="bbox 1712 2201 3299 2290">
    <p class='ocr_par' dir='ltr' id='par_1_83' title="bbox 1712 2201 3299 2290">
     <span class='ocr_line' id='line_1_83' title="bbox 1712 2201 3299 2290; baseline 0.001 -20"><span class='ocrx_word' id='word_1_628' title='bbox 1712 2234 1896 2288; x_wconf 84' lang='grc' dir='ltr'>χονται</span> <span class='ocrx_word' id='word_1_629' title='bbox 1925 2218 2148 2272; x_wconf 86' lang='grc' dir='ltr'>θάνατοι</span> <span class='ocrx_word' id='word_1_630' title='bbox 2179 2220 2274 2272; x_wconf 69' lang='grc' dir='ltr'>καὶ</span> <span class='ocrx_word' id='word_1_631' title='bbox 2301 2219 2454 2272; x_wconf 83' lang='grc' dir='ltr'>πόνοι</span> <span class='ocrx_word' id='word_1_632' title='bbox 2485 2218 2579 2273; x_wconf 79' lang='grc' dir='ltr'>καὶ</span> <span class='ocrx_word' id='word_1_633' title='bbox 2610 2219 2846 2272; x_wconf 89' lang='grc' dir='ltr'>κίνδυνοι</span> <span class='ocrx_word' id='word_1_634' title='bbox 2870 2219 2966 2274; x_wconf 72' lang='grc' dir='ltr'>καὶ</span> <span class='ocrx_word' id='word_1_635' title='bbox 2997 2201 3299 2290; x_wconf 83' lang='grc' dir='ltr'>φροντίδες,</span> 
     </span>
    </p>
   </div>
   <div class='ocr_carea' id='block_1_84' title="bbox 1712 2309 3298 2385">
    <p class='ocr_par' dir='ltr' id='par_1_84' title="bbox 1712 2309 3298 2385">
     <span class='ocr_line' id='line_1_84' title="bbox 1712 2309 3298 2385; baseline 0.003 -22"><span class='ocrx_word' id='word_1_636' title='bbox 1712 2309 1917 2380; x_wconf 86' lang='grc' dir='ltr'>ταύτην</span> <span class='ocrx_word' id='word_1_637' title='bbox 1950 2310 2028 2372; x_wconf 87' lang='grc' dir='ltr'>δὲ,</span> <span class='ocrx_word' id='word_1_638' title='bbox 2061 2311 2126 2365; x_wconf 86' lang='grc' dir='ltr'>ἂν</span> <span class='ocrx_word' id='word_1_639' title='bbox 2157 2311 2332 2384; x_wconf 78' lang='grc' dir='ltr'>ὀρθῶς</span> <span class='ocrx_word' id='word_1_640' title='bbox 2359 2313 2582 2381; x_wconf 79' lang='grc' dir='ltr'>βιῶμεν,</span> <span class='ocrx_word' id='word_1_641' title='bbox 2625 2314 2880 2382; x_wconf 87' lang='grc' dir='ltr'>στέφανοι</span> <span class='ocrx_word' id='word_1_642' title='bbox 2913 2315 3009 2367; x_wconf 72' lang='grc' dir='ltr'>καὶ</span> <span class='ocrx_word' id='word_1_643' title='bbox 3048 2313 3298 2385; x_wconf 86' lang='grc' dir='ltr'>βραϐεῖα·</span> 
     </span>
    </p>
   </div>
   <div class='ocr_carea' id='block_1_85' title="bbox 1714 2402 3300 2478">
    <p class='ocr_par' dir='ltr' id='par_1_85' title="bbox 1714 2402 3300 2478">
     <span class='ocr_line' id='line_1_85' title="bbox 1714 2402 3300 2478; baseline 0.004 -23"><span class='ocrx_word' id='word_1_644' title='bbox 1714 2404 1807 2456; x_wconf 80' lang='grc' dir='ltr'>καὶ</span> <span class='ocrx_word' id='word_1_645' title='bbox 1834 2403 1933 2473; x_wconf 82' lang='grc' dir='ltr'>τὴν</span> <span class='ocrx_word' id='word_1_646' title='bbox 1976 2404 2075 2472; x_wconf 86' lang='grc' dir='ltr'>μὲν</span> <span class='ocrx_word' id='word_1_647' title='bbox 2111 2402 2287 2475; x_wconf 79' lang='grc' dir='ltr'>φθορὰ</span> <span class='ocrx_word' id='word_1_648' title='bbox 2308 2406 2402 2457; x_wconf 76' lang='grc' dir='ltr'>καὶ</span> <span class='ocrx_word' id='word_1_649' title='bbox 2425 2404 2674 2470; x_wconf 89' lang='grc' dir='ltr'>θάνατος,</span> <span class='ocrx_word' id='word_1_650' title='bbox 2708 2404 2860 2478; x_wconf 72' lang='lat'>[592]</span> <span class='ocrx_word' id='word_1_651' title='bbox 2891 2406 2990 2478; x_wconf 77' lang='grc' dir='ltr'>τὴν</span> <span class='ocrx_word' id='word_1_652' title='bbox 3013 2407 3068 2460; x_wconf 79' lang='grc' dir='ltr'>δὲ</span> <span class='ocrx_word' id='word_1_653' title='bbox 3090 2408 3300 2477; x_wconf 78' lang='grc' dir='ltr'>ἀφθαρο</span> 
     </span>
    </p>
   </div>
   <div class='ocr_carea' id='block_1_86' title="bbox 1715 2495 3303 2568">
    <p class='ocr_par' dir='ltr' id='par_1_86' title="bbox 1715 2495 3303 2568">
     <span class='ocr_line' id='line_1_86' title="bbox 1715 2495 3303 2568; baseline 0.002 -20"><span class='ocrx_word' id='word_1_654' title='bbox 1715 2495 1804 2548; x_wconf 87' lang='grc' dir='ltr'>σία</span> <span class='ocrx_word' id='word_1_655' title='bbox 1839 2495 1934 2549; x_wconf 74' lang='grc' dir='ltr'>καὶ</span> <span class='ocrx_word' id='word_1_656' title='bbox 1961 2495 2232 2550; x_wconf 83' lang='grc' dir='ltr'>ἀθανασία</span> <span class='ocrx_word' id='word_1_657' title='bbox 2283 2498 2382 2551; x_wconf 76' lang='grc' dir='ltr'>καὶ</span> <span class='ocrx_word' id='word_1_658' title='bbox 2415 2498 2486 2551; x_wconf 71' lang='grc' dir='ltr'>τά</span> <span class='ocrx_word' id='word_1_659' title='bbox 2524 2498 2694 2568; x_wconf 89' lang='grc' dir='ltr'>μυρία</span> <span class='ocrx_word' id='word_1_660' title='bbox 2723 2499 2928 2567; x_wconf 82' lang='grc' dir='ltr'>ἀγαθά’</span> <span class='ocrx_word' id='word_1_661' title='bbox 2966 2499 3055 2552; x_wconf 78' lang='grc' dir='ltr'>ἐπ’</span> <span class='ocrx_word' id='word_1_662' title='bbox 3086 2498 3303 2567; x_wconf 83' lang='grc' dir='ltr'>ἐκείνης</span> 
     </span>
    </p>
   </div>
   <div class='ocr_carea' id='block_1_87' title="bbox 1715 2587 3304 2659">
    <p class='ocr_par' dir='ltr' id='par_1_87' title="bbox 1715 2587 3304 2659">
     <span class='ocr_line' id='line_1_87' title="bbox 1715 2587 3304 2659; baseline 0.003 -20"><span class='ocrx_word' id='word_1_663' title='bbox 1715 2589 1811 2654; x_wconf 83' lang='grc' dir='ltr'>τῆς</span> <span class='ocrx_word' id='word_1_664' title='bbox 1853 2589 2062 2658; x_wconf 82' lang='grc' dir='ltr'>σπορᾶς</span> <span class='ocrx_word' id='word_1_665' title='bbox 2109 2587 2423 2658; x_wconf 73' lang='grc' dir='ltr'>συμπλοκαὶ</span> <span class='ocrx_word' id='word_1_666' title='bbox 2479 2589 2575 2642; x_wconf 72' lang='grc' dir='ltr'>καὶ</span> <span class='ocrx_word' id='word_1_667' title='bbox 2621 2590 2810 2659; x_wconf 75' lang='grc' dir='ltr'>ἡδοναὶ</span> <span class='ocrx_word' id='word_1_668' title='bbox 2849 2591 2945 2644; x_wconf 76' lang='grc' dir='ltr'>καὶ</span> <span class='ocrx_word' id='word_1_669' title='bbox 2982 2591 3167 2656; x_wconf 82' lang='grc' dir='ltr'>ὕπνος,</span> <span class='ocrx_word' id='word_1_670' title='bbox 3211 2594 3304 2645; x_wconf 70' lang='grc' dir='ltr'>ἐπὶ</span> 
     </span>
    </p>
   </div>
   <div class='ocr_carea' id='block_1_88' title="bbox 1713 2679 3300 2752">
    <p class='ocr_par' dir='ltr' id='par_1_88' title="bbox 1713 2679 3300 2752">
     <span class='ocr_line' id='line_1_88' title="bbox 1713 2679 3300 2752; baseline 0.004 -19"><span class='ocrx_word' id='word_1_671' title='bbox 1713 2679 1920 2750; x_wconf 84' lang='grc' dir='ltr'>ταύτης</span> <span class='ocrx_word' id='word_1_672' title='bbox 1940 2680 1995 2734; x_wconf 83' lang='grc' dir='ltr'>δὲ</span> <span class='ocrx_word' id='word_1_673' title='bbox 2023 2681 2175 2752; x_wconf 80' lang='grc' dir='ltr'>φωνὴ</span> <span class='ocrx_word' id='word_1_674' title='bbox 2202 2681 2363 2752; x_wconf 89' lang='grc' dir='ltr'>μόνον</span> <span class='ocrx_word' id='word_1_675' title='bbox 2392 2684 2456 2735; x_wconf 87' lang='grc' dir='ltr'>ἐκ</span> <span class='ocrx_word' id='word_1_676' title='bbox 2478 2682 2586 2736; x_wconf 86' lang='grc' dir='ltr'>τῶν</span> <span class='ocrx_word' id='word_1_677' title='bbox 2612 2683 2854 2752; x_wconf 81' lang='grc' dir='ltr'>οὐρανῶν</span> <span class='ocrx_word' id='word_1_678' title='bbox 2877 2684 3300 2747; x_wconf 83' lang='grc' dir='ltr'>καταϐαίνουσα,</span> 
     </span>
    </p>
   </div>
   <div class='ocr_carea' id='block_1_89' title="bbox 1715 2773 3303 2848">
    <p class='ocr_par' dir='ltr' id='par_1_89' title="bbox 1715 2773 3303 2848">
     <span class='ocr_line' id='line_1_89' title="bbox 1715 2773 3303 2848; baseline 0.003 -24"><span class='ocrx_word' id='word_1_679' title='bbox 1715 2773 1810 2826; x_wconf 75' lang='grc' dir='ltr'>καὶ</span> <span class='ocrx_word' id='word_1_680' title='bbox 1839 2773 2017 2826; x_wconf 89' lang='grc' dir='ltr'>πάντα</span> <span class='ocrx_word' id='word_1_681' title='bbox 2044 2773 2258 2843; x_wconf 88' lang='grc' dir='ltr'>ἀθρόως</span> <span class='ocrx_word' id='word_1_682' title='bbox 2285 2773 2711 2846; x_wconf 74' lang='grc' dir='ltr'>τελεσφορεῖται.</span> <span class='ocrx_word' id='word_1_683' title='bbox 2746 2777 2859 2829; x_wconf 74' lang='grc' dir='ltr'>Καὶ</span> <span class='ocrx_word' id='word_1_684' title='bbox 2887 2777 2914 2829; x_wconf 90' lang='lat'>6</span> <span class='ocrx_word' id='word_1_685' title='bbox 2941 2776 3303 2848; x_wconf 88' lang='grc' dir='ltr'>ἀνιστάμενος</span> 
     </span>
    </p>
   </div>
   <div class='ocr_carea' id='block_1_90' title="bbox 1716 2864 3302 2938">
    <p class='ocr_par' dir='ltr' id='par_1_90' title="bbox 1716 2864 3302 2938">
     <span class='ocr_line' id='line_1_90' title="bbox 1716 2864 3302 2938; baseline 0.003 -21"><span class='ocrx_word' id='word_1_686' title='bbox 1716 2864 1902 2918; x_wconf 83' lang='grc' dir='ltr'>οὐκέτι</span> <span class='ocrx_word' id='word_1_687' title='bbox 1929 2865 2118 2918; x_wconf 80' lang='grc' dir='ltr'>λοιπὸν</span> <span class='ocrx_word' id='word_1_688' title='bbox 2145 2866 2237 2917; x_wconf 78' lang='grc' dir='ltr'>ἐπὶ</span> <span class='ocrx_word' id='word_1_689' title='bbox 2268 2865 2380 2936; x_wconf 86' lang='grc' dir='ltr'>βίον</span> <span class='ocrx_word' id='word_1_690' title='bbox 2410 2867 2606 2934; x_wconf 79' lang='grc' dir='ltr'>ἄγεται</span> <span class='ocrx_word' id='word_1_691' title='bbox 2632 2865 2996 2938; x_wconf 86' lang='grc' dir='ltr'>πολύμοχθον,</span> <span class='ocrx_word' id='word_1_692' title='bbox 3028 2867 3143 2922; x_wconf 79' lang='grc' dir='ltr'>ἀλλ’</span> <span class='ocrx_word' id='word_1_693' title='bbox 3173 2869 3302 2922; x_wconf 79' lang='grc' dir='ltr'>ἔνθα</span> 
     </span>
    </p>
   </div>
   <div class='ocr_carea' id='block_1_91' title="bbox 1717 2956 3304 3028">
    <p class='ocr_par' dir='ltr' id='par_1_91' title="bbox 1717 2956 3304 3028">
     <span class='ocr_line' id='line_1_91' title="bbox 1717 2956 3304 3028; baseline 0.003 -18"><span class='ocrx_word' id='word_1_694' title='bbox 1717 2956 1931 3026; x_wconf 86' lang='grc' dir='ltr'>ἀπέδρα</span> <span class='ocrx_word' id='word_1_695' title='bbox 1978 2957 2140 3026; x_wconf 82' lang='grc' dir='ltr'>ὀδύνη</span> <span class='ocrx_word' id='word_1_696' title='bbox 2189 2958 2284 3010; x_wconf 76' lang='grc' dir='ltr'>καὶ</span> <span class='ocrx_word' id='word_1_697' title='bbox 2333 2956 2477 3027; x_wconf 88' lang='grc' dir='ltr'>λύπη</span> <span class='ocrx_word' id='word_1_698' title='bbox 2519 2960 2613 3011; x_wconf 80' lang='grc' dir='ltr'>καὶ</span> <span class='ocrx_word' id='word_1_699' title='bbox 2645 2959 2972 3028; x_wconf 87' lang='grc' dir='ltr'>στεναγμός.</span> <span class='ocrx_word' id='word_1_700' title='bbox 3009 2961 3074 3013; x_wconf 76' lang='grc' dir='ltr'>Εἰ</span> <span class='ocrx_word' id='word_1_701' title='bbox 3113 2959 3171 3013; x_wconf 86' lang='grc' dir='ltr'>δὲ</span> <span class='ocrx_word' id='word_1_702' title='bbox 3210 2963 3304 3014; x_wconf 72' lang='grc' dir='ltr'>καὶ</span> 
     </span>
    </p>
   </div>
   <div class='ocr_carea' id='block_1_92' title="bbox 1718 3049 3305 3122">
    <p class='ocr_par' dir='ltr' id='par_1_92' title="bbox 1718 3049 3305 3122">
     <span class='ocr_line' id='line_1_92' title="bbox 1718 3049 3305 3122; baseline 0.004 -22"><span class='ocrx_word' id='word_1_703' title='bbox 1718 3049 2054 3119; x_wconf 87' lang='grc' dir='ltr'>προστασίαν</span> <span class='ocrx_word' id='word_1_704' title='bbox 2085 3049 2388 3118; x_wconf 78' lang='grc' dir='ltr'>ἐπιζητεῖς,</span> <span class='ocrx_word' id='word_1_705' title='bbox 2417 3049 2512 3102; x_wconf 64' lang='grc' dir='ltr'>καῖ⁵</span> <span class='ocrx_word' id='word_1_706' title='bbox 2543 3049 2629 3103; x_wconf 84' lang='grc' dir='ltr'>διὰ</span> <span class='ocrx_word' id='word_1_707' title='bbox 2664 3049 2823 3104; x_wconf 90' lang='grc' dir='ltr'>τοῦτο</span> <span class='ocrx_word' id='word_1_708' title='bbox 2851 3049 3069 3122; x_wconf 85' lang='grc' dir='ltr'>θρηνεῖς</span> <span class='ocrx_word' id='word_1_709' title='bbox 3095 3052 3188 3106; x_wconf 86' lang='grc' dir='ltr'>τὸν</span> <span class='ocrx_word' id='word_1_710' title='bbox 3213 3053 3305 3106; x_wconf 84' lang='grc' dir='ltr'>ἀν-</span> 
     </span>
    </p>
   </div>
   <div class='ocr_carea' id='block_1_93' title="bbox 1715 3138 3303 3214">
    <p class='ocr_par' dir='ltr' id='par_1_93' title="bbox 1715 3138 3303 3214">
     <span class='ocr_line' id='line_1_93' title="bbox 1715 3138 3303 3214; baseline 0.004 -22"><span class='ocrx_word' id='word_1_711' title='bbox 1715 3138 1837 3210; x_wconf 89' lang='grc' dir='ltr'>δρα,</span> <span class='ocrx_word' id='word_1_712' title='bbox 1874 3140 1972 3192; x_wconf 79' lang='grc' dir='ltr'>ἐπὶ</span> <span class='ocrx_word' id='word_1_713' title='bbox 2001 3139 2094 3192; x_wconf 83' lang='grc' dir='ltr'>τὸν</span> <span class='ocrx_word' id='word_1_714' title='bbox 2127 3139 2304 3193; x_wconf 80' lang='grc' dir='ltr'>κοινὸν</span> <span class='ocrx_word' id='word_1_715' title='bbox 2340 3141 2559 3195; x_wconf 88' lang='grc' dir='ltr'>πάντων</span> <span class='ocrx_word' id='word_1_716' title='bbox 2590 3141 2906 3211; x_wconf 80' lang='grc' dir='ltr'>προστάτην</span> <span class='ocrx_word' id='word_1_717' title='bbox 2943 3142 3038 3196; x_wconf 82' lang='grc' dir='ltr'>καὶ</span> <span class='ocrx_word' id='word_1_718' title='bbox 3083 3145 3303 3214; x_wconf 77' lang='grc' dir='ltr'>σωτῆρα</span> 
     </span>
    </p>
   </div>
   <div class='ocr_carea' id='block_1_94' title="bbox 1715 3229 3304 3304">
    <p class='ocr_par' dir='ltr' id='par_1_94' title="bbox 1715 3229 3304 3304">
     <span class='ocr_line' id='line_1_94' title="bbox 1715 3229 3304 3304; baseline 0.004 -22"><span class='ocrx_word' id='word_1_719' title='bbox 1715 3229 1812 3282; x_wconf 74' lang='grc' dir='ltr'>καὶ</span> <span class='ocrx_word' id='word_1_720' title='bbox 1851 3229 2148 3299; x_wconf 75' lang='grc' dir='ltr'>εὐεργέτην</span> <span class='ocrx_word' id='word_1_721' title='bbox 2193 3229 2481 3299; x_wconf 89' lang='grc' dir='ltr'>κατάφυγε</span> <span class='ocrx_word' id='word_1_722' title='bbox 2517 3230 2610 3283; x_wconf 83' lang='grc' dir='ltr'>τὸν</span> <span class='ocrx_word' id='word_1_723' title='bbox 2638 3230 2792 3296; x_wconf 81' lang='grc' dir='ltr'>Θεὸν,</span> <span class='ocrx_word' id='word_1_724' title='bbox 2825 3232 2918 3284; x_wconf 76' lang='grc' dir='ltr'>ἐπὶ</span> <span class='ocrx_word' id='word_1_725' title='bbox 2962 3232 3059 3304; x_wconf 79' lang='grc' dir='ltr'>τὴν</span> <span class='ocrx_word' id='word_1_726' title='bbox 3092 3233 3304 3304; x_wconf 76' lang='grc' dir='ltr'>ἄμαχον</span> 
     </span>
    </p>
   </div>
   <div class='ocr_carea' id='block_1_95' title="bbox 1718 3321 3305 3396">
    <p class='ocr_par' dir='ltr' id='par_1_95' title="bbox 1718 3321 3305 3396">
     <span class='ocr_line' id='line_1_95' title="bbox 1718 3321 3305 3396; baseline 0.006 -24"><span class='ocrx_word' id='word_1_727' title='bbox 1718 3322 2054 3390; x_wconf 86' lang='grc' dir='ltr'>συμμαχίαν,</span> <span class='ocrx_word' id='word_1_728' title='bbox 2075 3321 2168 3373; x_wconf 78' lang='grc' dir='ltr'>ἐπὶ</span> <span class='ocrx_word' id='word_1_729' title='bbox 2189 3322 2288 3390; x_wconf 83' lang='grc' dir='ltr'>τὴν</span> <span class='ocrx_word' id='word_1_730' title='bbox 2310 3321 2530 3375; x_wconf 77' lang='grc' dir='ltr'>εὔκολον</span> <span class='ocrx_word' id='word_1_731' title='bbox 2553 3321 2827 3393; x_wconf 83' lang='grc' dir='ltr'>βοήθειαν,</span> <span class='ocrx_word' id='word_1_732' title='bbox 2852 3324 2946 3377; x_wconf 80' lang='grc' dir='ltr'>ἐπὶ</span> <span class='ocrx_word' id='word_1_733' title='bbox 2975 3325 3075 3394; x_wconf 83' lang='grc' dir='ltr'>τὴν</span> <span class='ocrx_word' id='word_1_734' title='bbox 3101 3325 3305 3396; x_wconf 70' lang='grc' dir='ltr'>διαρῆκ</span> 
     </span>
    </p>
   </div>
   <div class='ocr_carea' id='block_1_96' title="bbox 1717 3409 3301 3486">
    <p class='ocr_par' dir='ltr' id='par_1_96' title="bbox 1717 3409 3301 3486">
     <span class='ocr_line' id='line_1_96' title="bbox 1717 3409 3301 3486; baseline 0.005 -24"><span class='ocrx_word' id='word_1_735' title='bbox 1717 3409 1927 3479; x_wconf 88' lang='grc' dir='ltr'>σκέπην</span> <span class='ocrx_word' id='word_1_736' title='bbox 1983 3411 2083 3481; x_wconf 81' lang='grc' dir='ltr'>τὴν</span> <span class='ocrx_word' id='word_1_737' title='bbox 2137 3410 2414 3481; x_wconf 87' lang='grc' dir='ltr'>πανταχοῦ</span> <span class='ocrx_word' id='word_1_738' title='bbox 2477 3411 2759 3481; x_wconf 89' lang='grc' dir='ltr'>παροῦσαν</span> <span class='ocrx_word' id='word_1_739' title='bbox 2805 3414 2901 3468; x_wconf 79' lang='grc' dir='ltr'>καὶ</span> <span class='ocrx_word' id='word_1_740' title='bbox 2964 3416 3301 3486; x_wconf 82' lang='grc' dir='ltr'>πανταχόθεν</span> 
     </span>
    </p>
   </div>
   <div class='ocr_carea' id='block_1_97' title="bbox 1715 3499 3304 3575">
    <p class='ocr_par' dir='ltr' id='par_1_97' title="bbox 1715 3499 3304 3575">
     <span class='ocr_line' id='line_1_97' title="bbox 1715 3499 3304 3575; baseline -0.006 -5"><span class='ocrx_word' id='word_1_741' title='bbox 1715 3502 1863 3570; x_wconf 71' lang='grc' dir='ltr'>ἡμᾶς</span> <span class='ocrx_word' id='word_1_742' title='bbox 1885 3499 2248 3572; x_wconf 76' lang='grc' dir='ltr'>τειχίζουσαν,</span> <span class='ocrx_word' id='word_1_743' title='bbox 2279 3501 2450 3573; x_wconf 72' lang='grc' dir='ltr'>ἀλλ’ἢ</span> <span class='ocrx_word' id='word_1_744' title='bbox 2490 3503 2750 3575; x_wconf 83' lang='grc' dir='ltr'>συνήθεια</span> <span class='ocrx_word' id='word_1_745' title='bbox 2784 3503 3033 3559; x_wconf 79' lang='grc' dir='ltr'>ποθεινὸν</span> <span class='ocrx_word' id='word_1_746' title='bbox 3064 3507 3160 3560; x_wconf 80' lang='grc' dir='ltr'>καὶ</span> <span class='ocrx_word' id='word_1_747' title='bbox 3199 3509 3304 3562; x_wconf 87' lang='grc' dir='ltr'>ἐπ·-</span> 
     </span>
    </p>
   </div>
   <div class='ocr_carea' id='block_1_98' title="bbox 1716 3589 3303 3671">
    <p class='ocr_par' dir='ltr' id='par_1_98' title="bbox 1716 3589 3303 3671">
     <span class='ocr_line' id='line_1_98' title="bbox 1716 3589 3303 3671; baseline 0.006 -27"><span class='ocrx_word' id='word_1_748' title='bbox 1716 3591 1966 3662; x_wconf 88' lang='grc' dir='ltr'>έραστον.</span> <span class='ocrx_word' id='word_1_749' title='bbox 1996 3589 2126 3647; x_wconf 71' lang='grc' dir='ltr'>Οἶδα</span> <span class='ocrx_word' id='word_1_750' title='bbox 2162 3593 2336 3662; x_wconf 76' lang='grc' dir='ltr'>κάγώ’</span> <span class='ocrx_word' id='word_1_751' title='bbox 2373 3593 2488 3647; x_wconf 83' lang='grc' dir='ltr'>ἀλλ’</span> <span class='ocrx_word' id='word_1_752' title='bbox 2516 3595 2582 3649; x_wconf 83' lang='grc' dir='ltr'>ἂν</span> <span class='ocrx_word' id='word_1_753' title='bbox 2616 3596 2919 3668; x_wconf 74' lang='grc' dir='ltr'>ἐπιτρίψῃς</span> <span class='ocrx_word' id='word_1_754' title='bbox 2952 3596 3029 3669; x_wconf 84' lang='grc' dir='ltr'>τῷ</span> <span class='ocrx_word' id='word_1_755' title='bbox 3055 3598 3303 3671; x_wconf 85' lang='grc' dir='ltr'>λογισμῷ</span> 
     </span>
    </p>
   </div>
   <div class='ocr_carea' id='block_1_99' title="bbox 1714 3684 3302 3760">
    <p class='ocr_par' dir='ltr' id='par_1_99' title="bbox 1714 3684 3302 3760">
     <span class='ocr_line' id='line_1_99' title="bbox 1714 3684 3302 3760; baseline 0.007 -24"><span class='ocrx_word' id='word_1_756' title='bbox 1714 3684 1775 3736; x_wconf 79' lang='grc' dir='ltr'>τὸ</span> <span class='ocrx_word' id='word_1_757' title='bbox 1803 3685 1993 3747; x_wconf 89' lang='grc' dir='ltr'>πάθος,</span> <span class='ocrx_word' id='word_1_758' title='bbox 2031 3686 2126 3738; x_wconf 79' lang='grc' dir='ltr'>καὶ</span> <span class='ocrx_word' id='word_1_759' title='bbox 2162 3685 2352 3758; x_wconf 89' lang='grc' dir='ltr'>λογίσῃ</span> <span class='ocrx_word' id='word_1_760' title='bbox 2389 3687 2526 3757; x_wconf 82' lang='grc' dir='ltr'>πρὸς</span> <span class='ocrx_word' id='word_1_761' title='bbox 2555 3688 2757 3760; x_wconf 79' lang='grc' dir='ltr'>ἑαυτὴν</span> <span class='ocrx_word' id='word_1_762' title='bbox 2783 3689 2868 3753; x_wconf 87' lang='grc' dir='ltr'>τίς</span> <span class='ocrx_word' id='word_1_763' title='bbox 2900 3690 2930 3742; x_wconf 91' lang='lat'>6</span> <span class='ocrx_word' id='word_1_764' title='bbox 2956 3689 3158 3754; x_wconf 87' lang='grc' dir='ltr'>λαϐὼν,</span> <span class='ocrx_word' id='word_1_765' title='bbox 3205 3693 3302 3746; x_wconf 85' lang='grc' dir='ltr'><strong>καί</strong></span> 
     </span>
    </p>
   </div>
   <div class='ocr_carea' id='block_1_100' title="bbox 1714 3777 3303 3854">
    <p class='ocr_par' dir='ltr' id='par_1_100' title="bbox 1714 3777 3303 3854">
     <span class='ocr_line' id='line_1_100' title="bbox 1714 3777 3303 3854; baseline 0.004 -24"><span class='ocrx_word' id='word_1_766' title='bbox 1714 3777 1797 3830; x_wconf 80' lang='grc' dir='ltr'>ὅτι</span> <span class='ocrx_word' id='word_1_767' title='bbox 1825 3777 2089 3845; x_wconf 83' lang='grc' dir='ltr'>γενναίως</span> <span class='ocrx_word' id='word_1_768' title='bbox 2124 3777 2365 3847; x_wconf 84' lang='grc' dir='ltr'>ἐνεγκὼν</span> <span class='ocrx_word' id='word_1_769' title='bbox 2402 3779 2596 3835; x_wconf 86' lang='grc' dir='ltr'>θυσίαν</span> <span class='ocrx_word' id='word_1_770' title='bbox 2626 3781 2722 3852; x_wconf 82' lang='grc' dir='ltr'>τὴν</span> <span class='ocrx_word' id='word_1_771' title='bbox 2752 3780 2978 3853; x_wconf 86' lang='grc' dir='ltr'>γνώμην</span> <span class='ocrx_word' id='word_1_772' title='bbox 3007 3783 3303 3854; x_wconf 80' lang='grc' dir='ltr'>ἀναφέρεις</span> 
     </span>
    </p>
   </div>
   <div class='ocr_carea' id='block_1_101' title="bbox 1714 3867 3303 3948">
    <p class='ocr_par' dir='ltr' id='par_1_101' title="bbox 1714 3867 3303 3948">
     <span class='ocr_line' id='line_1_101' title="bbox 1714 3867 3303 3948; baseline 0.008 -28"><span class='ocrx_word' id='word_1_773' title='bbox 1714 3868 1792 3938; x_wconf 79' lang='grc' dir='ltr'>τῷ</span> <span class='ocrx_word' id='word_1_774' title='bbox 1823 3867 1963 3938; x_wconf 80' lang='grc' dir='ltr'>Θεῷ,</span> <span class='ocrx_word' id='word_1_775' title='bbox 2002 3868 2283 3924; x_wconf 76' lang='grc' dir='ltr'>καὶτοῦτο</span> <span class='ocrx_word' id='word_1_776' title='bbox 2311 3870 2374 3924; x_wconf 78' lang='lat'>16</span> <span class='ocrx_word' id='word_1_777' title='bbox 2403 3872 2554 3944; x_wconf 89' lang='grc' dir='ltr'>κῦμα</span> <span class='ocrx_word' id='word_1_778' title='bbox 2588 3873 2793 3947; x_wconf 83' lang='grc' dir='ltr'>δυνήσῃ</span> <span class='ocrx_word' id='word_1_779' title='bbox 2831 3876 3170 3948; x_wconf 88' lang='grc' dir='ltr'>διαδραμεῖν,</span> <span class='ocrx_word' id='word_1_780' title='bbox 3207 3885 3303 3932; x_wconf 73' lang='grc' dir='ltr'>καὶ</span> 
     </span>
    </p>
   </div>
   <div class='ocr_carea' id='block_1_102' title="bbox 1715 3962 3299 4042">
    <p class='ocr_par' dir='ltr' id='par_1_102' title="bbox 1715 3962 3299 4042">
     <span class='ocr_line' id='line_1_102' title="bbox 1715 3962 3299 4042; baseline 0.008 -28"><span class='ocrx_word' id='word_1_781' title='bbox 1715 3962 1850 4033; x_wconf 84' lang='grc' dir='ltr'>ὅπερ</span> <span class='ocrx_word' id='word_1_782' title='bbox 1881 3964 1909 4015; x_wconf 93' lang='lat'>6</span> <span class='ocrx_word' id='word_1_783' title='bbox 1945 3964 2133 4034; x_wconf 87' lang='grc' dir='ltr'>χρόνος</span> <span class='ocrx_word' id='word_1_784' title='bbox 2155 3963 2470 4035; x_wconf 73' lang='grc' dir='ltr'>ἐργάζεται,</span> <span class='ocrx_word' id='word_1_785' title='bbox 2490 3966 2648 4020; x_wconf 86' lang='grc' dir='ltr'>τοῦτο</span> <span class='ocrx_word' id='word_1_786' title='bbox 2677 3969 2710 4038; x_wconf 80' lang='grc' dir='ltr'>ἡ</span> <span class='ocrx_word' id='word_1_787' title='bbox 2740 3967 3028 4039; x_wconf 86' lang='grc' dir='ltr'>φιλοσοφία</span> <span class='ocrx_word' id='word_1_788' title='bbox 3059 3972 3299 4042; x_wconf 80' lang='grc' dir='ltr'>ποιήσει·</span> 
     </span>
    </p>
   </div>
   <div class='ocr_carea' id='block_1_103' title="bbox 1717 4052 3301 4132">
    <p class='ocr_par' dir='ltr' id='par_1_103' title="bbox 1717 4052 3301 4132">
     <span class='ocr_line' id='line_1_103' title="bbox 1717 4052 3301 4132; baseline 0.008 -26"><span class='ocrx_word' id='word_1_789' title='bbox 1717 4052 1783 4106; x_wconf 87' lang='grc' dir='ltr'>ἂν</span> <span class='ocrx_word' id='word_1_790' title='bbox 1811 4054 1868 4108; x_wconf 80' lang='grc' dir='ltr'>δὲ</span> <span class='ocrx_word' id='word_1_791' title='bbox 1889 4055 2399 4128; x_wconf 83' lang='grc' dir='ltr'>καταμαλακισθῇς,</span> <span class='ocrx_word' id='word_1_792' title='bbox 2426 4057 2577 4129; x_wconf 78' lang='grc' dir='ltr'>λήξει</span> <span class='ocrx_word' id='word_1_793' title='bbox 2605 4058 2702 4128; x_wconf 73' lang='grc' dir='ltr'>μὲν</span> <span class='ocrx_word' id='word_1_794' title='bbox 2727 4059 2803 4130; x_wconf 82' lang='grc' dir='ltr'>τῷ</span> <span class='ocrx_word' id='word_1_795' title='bbox 2822 4061 2997 4132; x_wconf 87' lang='grc' dir='ltr'>χρόνῳ</span> <span class='ocrx_word' id='word_1_796' title='bbox 3019 4062 3080 4116; x_wconf 87' lang='grc' dir='ltr'>τὸ</span> <span class='ocrx_word' id='word_1_797' title='bbox 3104 4063 3301 4128; x_wconf 85' lang='grc' dir='ltr'>πάθος,</span> 
     </span>
    </p>
   </div>
   <div class='ocr_carea' id='block_1_104' title="bbox 1717 4146 3301 4226">
    <p class='ocr_par' dir='ltr' id='par_1_104' title="bbox 1717 4146 3301 4226">
     <span class='ocr_line' id='line_1_104' title="bbox 1717 4146 3301 4226; baseline 0.007 -28"><span class='ocrx_word' id='word_1_798' title='bbox 1717 4146 1802 4198; x_wconf 84' lang='lat'>001</span> <span class='ocrx_word' id='word_1_799' title='bbox 1820 4147 1877 4200; x_wconf 83' lang='grc' dir='ltr'>δὲ</span> <span class='ocrx_word' id='word_1_800' title='bbox 1901 4147 2090 4200; x_wconf 77' lang='grc' dir='ltr'>οὐδένα</span> <span class='ocrx_word' id='word_1_801' title='bbox 2109 4147 2203 4200; x_wconf 76' lang='grc' dir='ltr'>τὸν</span> <span class='ocrx_word' id='word_1_802' title='bbox 2229 4149 2419 4218; x_wconf 76' lang='grc' dir='ltr'>μισθὸν</span> <span class='ocrx_word' id='word_1_803' title='bbox 2447 4152 2605 4204; x_wconf 82' lang='grc' dir='ltr'>οἴσει.</span> <span class='ocrx_word' id='word_1_804' title='bbox 2628 4152 2782 4204; x_wconf 90' lang='grc' dir='ltr'>Μετά</span> <span class='ocrx_word' id='word_1_805' title='bbox 2811 4153 2867 4205; x_wconf 85' lang='grc' dir='ltr'>δὲ</span> <span class='ocrx_word' id='word_1_806' title='bbox 2893 4153 3000 4207; x_wconf 88' lang='grc' dir='ltr'>τῶν</span> <span class='ocrx_word' id='word_1_807' title='bbox 3025 4153 3301 4226; x_wconf 87' lang='grc' dir='ltr'>λογισμῶν</span> 
     </span>
    </p>
   </div>
   <div class='ocr_carea' id='block_1_105' title="bbox 1716 4237 3300 4317">
    <p class='ocr_par' dir='ltr' id='par_1_105' title="bbox 1716 4237 3300 4317">
     <span class='ocr_line' id='line_1_105' title="bbox 1716 4237 3300 4317; baseline 0.006 -27"><span class='ocrx_word' id='word_1_808' title='bbox 1716 4237 1919 4291; x_wconf 88' lang='grc' dir='ltr'>τούτων</span> <span class='ocrx_word' id='word_1_809' title='bbox 1942 4239 2038 4292; x_wconf 67' lang='grc' dir='ltr'>καὶ</span> <span class='ocrx_word' id='word_1_810' title='bbox 2063 4240 2481 4310; x_wconf 85' lang='grc' dir='ltr'>παραδείγματα</span> <span class='ocrx_word' id='word_1_811' title='bbox 2513 4242 2758 4310; x_wconf 87' lang='grc' dir='ltr'>σύλλεγε.</span> <span class='ocrx_word' id='word_1_812' title='bbox 2789 4243 2857 4297; x_wconf 86' lang='grc' dir='ltr'>τὰ</span> <span class='ocrx_word' id='word_1_813' title='bbox 2885 4247 2943 4298; x_wconf 88' lang='grc' dir='ltr'>ἐν</span> <span class='ocrx_word' id='word_1_814' title='bbox 2970 4245 3047 4314; x_wconf 89' lang='grc' dir='ltr'>τῷ</span> <span class='ocrx_word' id='word_1_815' title='bbox 3069 4246 3300 4317; x_wconf 83' lang='grc' dir='ltr'>παρόντι</span> 
     </span>
    </p>
   </div>
   <div class='ocr_carea' id='block_1_106' title="bbox 1719 4331 3302 4411">
    <p class='ocr_par' dir='ltr' id='par_1_106' title="bbox 1719 4331 3302 4411">
     <span class='ocr_line' id='line_1_106' title="bbox 1719 4331 3302 4411; baseline 0.007 -28"><span class='ocrx_word' id='word_1_816' title='bbox 1719 4331 1839 4402; x_wconf 81' lang='grc' dir='ltr'>βίῳ,</span> <span class='ocrx_word' id='word_1_817' title='bbox 1857 4331 1925 4384; x_wconf 80' lang='grc' dir='ltr'>τά</span> <span class='ocrx_word' id='word_1_818' title='bbox 1946 4332 2003 4384; x_wconf 89' lang='grc' dir='ltr'>ἐν</span> <span class='ocrx_word' id='word_1_819' title='bbox 2023 4335 2144 4395; x_wconf 86' lang='grc' dir='ltr'>ταῖς</span> <span class='ocrx_word' id='word_1_820' title='bbox 2165 4333 2334 4396; x_wconf 85' lang='grc' dir='ltr'>θείαις</span> <span class='ocrx_word' id='word_1_821' title='bbox 2348 4334 2614 4404; x_wconf 86' lang='grc' dir='ltr'>Γραφαῖς·</span> <span class='ocrx_word' id='word_1_822' title='bbox 2641 4336 2892 4405; x_wconf 88' lang='grc' dir='ltr'>ἐννόησον</span> <span class='ocrx_word' id='word_1_823' title='bbox 2907 4340 2988 4392; x_wconf 83' lang='grc' dir='ltr'>ὅτι</span> <span class='ocrx_word' id='word_1_824' title='bbox 3004 4341 3032 4394; x_wconf 91' lang='lat'>6</span> <span class='ocrx_word' id='word_1_825' title='bbox 3049 4339 3302 4411; x_wconf 78' lang='grc' dir='ltr'>’Δϐραάμ</span> 
     </span>
    </p>
   </div>
   <div class='ocr_carea' id='block_1_107' title="bbox 1717 4424 3299 4503">
    <p class='ocr_par' dir='ltr' id='par_1_107' title="bbox 1717 4424 3299 4503">
     <span class='ocr_line' id='line_1_107' title="bbox 1717 4424 3299 4503; baseline 0.006 -28"><span class='ocrx_word' id='word_1_826' title='bbox 1717 4424 2026 4492; x_wconf 78' lang='grc' dir='ltr'>κατέσφαξε</span> <span class='ocrx_word' id='word_1_827' title='bbox 2074 4425 2164 4478; x_wconf 80' lang='grc' dir='ltr'>τὸν</span> <span class='ocrx_word' id='word_1_828' title='bbox 2209 4425 2322 4478; x_wconf 79' lang='grc' dir='ltr'>υἱὸν</span> <span class='ocrx_word' id='word_1_829' title='bbox 2362 4426 2455 4479; x_wconf 82' lang='grc' dir='ltr'>τὸν</span> <span class='ocrx_word' id='word_1_830' title='bbox 2487 4427 2674 4483; x_wconf 82' lang='grc' dir='ltr'>αὑτοῦ.</span> <span class='ocrx_word' id='word_1_831' title='bbox 2709 4429 2804 4480; x_wconf 76' lang='grc' dir='ltr'>καὶ</span> <span class='ocrx_word' id='word_1_832' title='bbox 2835 4428 2958 4483; x_wconf 79' lang='grc' dir='ltr'>οὔτε</span> <span class='ocrx_word' id='word_1_833' title='bbox 2997 4431 3299 4503; x_wconf 86' lang='grc' dir='ltr'>ἐδάκρυσεν</span> 
     </span>
    </p>
   </div>
   <div class='ocr_carea' id='block_1_108' title="bbox 1716 4514 3296 4594">
    <p class='ocr_par' dir='ltr' id='par_1_108' title="bbox 1716 4514 3296 4594">
     <span class='ocr_line' id='line_1_108' title="bbox 1716 4514 3296 4594; baseline 0.005 -27"><span class='ocrx_word' id='word_1_834' title='bbox 1716 4514 1841 4568; x_wconf 75' lang='grc' dir='ltr'>οὔτε</span> <span class='ocrx_word' id='word_1_835' title='bbox 1881 4516 2078 4588; x_wconf 82' lang='grc' dir='ltr'>πικρὸν</span> <span class='ocrx_word' id='word_1_836' title='bbox 2111 4517 2262 4588; x_wconf 81' lang='grc' dir='ltr'>ρἧα</span> <span class='ocrx_word' id='word_1_837' title='bbox 2293 4516 2568 4584; x_wconf 81' lang='grc' dir='ltr'>ἐξέϐαλεν.</span> <span class='ocrx_word' id='word_1_838' title='bbox 2614 4518 2755 4571; x_wconf 83' lang='grc' dir='ltr'>Ἀλλ’</span> <span class='ocrx_word' id='word_1_839' title='bbox 2784 4521 2990 4585; x_wconf 90' lang='grc' dir='ltr'>ἐκεῖνος</span> <span class='ocrx_word' id='word_1_840' title='bbox 3022 4521 3296 4594; x_wconf 80' lang='grc' dir='ltr'>Ἀϐραὰμ,</span> 
     </span>
    </p>
   </div>
   <div class='ocr_carea' id='block_1_109' title="bbox 1719 4605 3300 4687">
    <p class='ocr_par' dir='ltr' id='par_1_109' title="bbox 1719 4605 3300 4687">
     <span class='ocr_line' id='line_1_109' title="bbox 1719 4605 3300 4687; baseline 0.006 -26"><span class='ocrx_word' id='word_1_841' title='bbox 1719 4609 1904 4680; x_wconf 74' lang='grc' dir='ltr'>φησὶν,</span> <span class='ocrx_word' id='word_1_842' title='bbox 1944 4605 2032 4680; x_wconf 81' lang='grc' dir='ltr'>ἦν.</span> <span class='ocrx_word' id='word_1_843' title='bbox 2073 4610 2184 4663; x_wconf 67' lang='grc' dir='ltr'>Καὶ</span> <span class='ocrx_word' id='word_1_844' title='bbox 2216 4610 2323 4682; x_wconf 83' lang='grc' dir='ltr'>μὴν</span> <span class='ocrx_word' id='word_1_845' title='bbox 2356 4612 2420 4664; x_wconf 79' lang='grc' dir='ltr'>σὺ</span> <span class='ocrx_word' id='word_1_846' title='bbox 2464 4612 2556 4664; x_wconf 71' lang='grc' dir='ltr'>ἐπὶ</span> <span class='ocrx_word' id='word_1_847' title='bbox 2593 4612 2814 4682; x_wconf 76' lang='grc' dir='ltr'>μείζονα</span> <span class='ocrx_word' id='word_1_848' title='bbox 2845 4613 3081 4686; x_wconf 80' lang='grc' dir='ltr'>ἐκλήθης</span> <span class='ocrx_word' id='word_1_849' title='bbox 3119 4617 3300 4687; x_wconf 89' lang='grc' dir='ltr'>σκάμ-</span> 
     </span>
    </p>
   </div>
   <div class='ocr_carea' id='block_1_110' title="bbox 1721 4701 3299 4774">
    <p class='ocr_par' dir='ltr' id='par_1_110' title="bbox 1721 4701 3299 4774">
     <span class='ocr_line' id='line_1_110' title="bbox 1721 4701 3299 4774; baseline 0.003 -19"><span class='ocrx_word' id='word_1_850' title='bbox 1721 4719 1888 4773; x_wconf 89' lang='grc' dir='ltr'>ματα.</span> <span class='ocrx_word' id='word_1_851' title='bbox 1925 4702 1982 4754; x_wconf 86' lang='grc'>’0</span> <span class='ocrx_word' id='word_1_852' title='bbox 2003 4702 2060 4755; x_wconf 83' lang='grc' dir='ltr'>δὲ</span> <span class='ocrx_word' id='word_1_853' title='bbox 2094 4701 2216 4756; x_wconf 85' lang='grc' dir='ltr'>Ἰὼϐ</span> <span class='ocrx_word' id='word_1_854' title='bbox 2235 4702 2440 4773; x_wconf 77' lang='grc' dir='ltr'>ἤλγησε</span> <span class='ocrx_word' id='word_1_855' title='bbox 2473 4705 2592 4774; x_wconf 79' lang='grc' dir='ltr'>μὲν,</span> <span class='ocrx_word' id='word_1_856' title='bbox 2626 4705 2881 4760; x_wconf 84' lang='grc' dir='ltr'>τοσοῦτον</span> <span class='ocrx_word' id='word_1_857' title='bbox 2899 4707 2976 4771; x_wconf 83' lang='grc' dir='ltr'>δὲ,</span> <span class='ocrx_word' id='word_1_858' title='bbox 3005 4707 3128 4761; x_wconf 83' lang='grc' dir='ltr'>ὅσον</span> <span class='ocrx_word' id='word_1_859' title='bbox 3150 4708 3299 4771; x_wconf 74' lang='grc' dir='ltr'>εἰκὸς</span> 
     </span>
    </p>
   </div>
   <div class='ocr_carea' id='block_1_111' title="bbox 1719 4792 3300 4867">
    <p class='ocr_par' dir='ltr' id='par_1_111' title="bbox 1719 4792 3300 4867">
     <span class='ocr_line' id='line_1_111' title="bbox 1719 4792 3300 4867; baseline 0.004 -21"><span class='ocrx_word' id='word_1_860' title='bbox 1719 4793 1932 4864; x_wconf 88' lang='grc' dir='ltr'>πατέρα</span> <span class='ocrx_word' id='word_1_861' title='bbox 1965 4792 2258 4863; x_wconf 85' lang='grc' dir='ltr'>φιλόπαιδα</span> <span class='ocrx_word' id='word_1_862' title='bbox 2287 4793 2384 4847; x_wconf 76' lang='grc' dir='ltr'>καὶ</span> <span class='ocrx_word' id='word_1_863' title='bbox 2425 4795 2630 4865; x_wconf 87' lang='grc' dir='ltr'>σφόδρα</span> <span class='ocrx_word' id='word_1_864' title='bbox 2660 4795 2958 4867; x_wconf 89' lang='grc' dir='ltr'>κηδόμενον</span> <span class='ocrx_word' id='word_1_865' title='bbox 2993 4797 3099 4851; x_wconf 91' lang='grc' dir='ltr'>τῶν</span> <span class='ocrx_word' id='word_1_866' title='bbox 3132 4800 3300 4853; x_wconf 87' lang='grc' dir='ltr'>ἀπελ-</span> 
     </span>
    </p>
   </div>
   <div class='ocr_carea' id='block_1_112' title="bbox 1721 4886 3300 4962">
    <p class='ocr_par' dir='ltr' id='par_1_112' title="bbox 1721 4886 3300 4962">
     <span class='ocr_line' id='line_1_112' title="bbox 1721 4886 3300 4962; baseline 0.006 -23"><span class='ocrx_word' id='word_1_867' title='bbox 1721 4886 1941 4940; x_wconf 84' lang='grc' dir='ltr'>θόντων·</span> <span class='ocrx_word' id='word_1_868' title='bbox 1972 4886 2047 4946; x_wconf 82' lang='grc' dir='ltr'>ὡς</span> <span class='ocrx_word' id='word_1_869' title='bbox 2072 4887 2108 4941; x_wconf 82' lang='grc' dir='ltr'><strong>ἆ</strong></span> <span class='ocrx_word' id='word_1_870' title='bbox 2129 4903 2192 4955; x_wconf 88' lang='grc' dir='ltr'>γε</span> <span class='ocrx_word' id='word_1_871' title='bbox 2219 4886 2314 4940; x_wconf 85' lang='grc' dir='ltr'>νῦν</span> <span class='ocrx_word' id='word_1_872' title='bbox 2342 4887 2602 4958; x_wconf 81' lang='grc' dir='ltr'>ποιοῦμεν</span> <span class='ocrx_word' id='word_1_873' title='bbox 2633 4889 2813 4959; x_wconf 73' lang='grc' dir='ltr'>ἡμεῖς,</span> <span class='ocrx_word' id='word_1_874' title='bbox 2848 4891 3057 4962; x_wconf 87' lang='grc' dir='ltr'>ἐχθρῶν</span> <span class='ocrx_word' id='word_1_875' title='bbox 3081 4894 3175 4946; x_wconf 74' lang='grc' dir='ltr'>καὶ</span> <span class='ocrx_word' id='word_1_876' title='bbox 3200 4913 3300 4948; x_wconf 87' lang='grc' dir='ltr'>πο-</span> 
     </span>
    </p>
   </div>
   <div class='ocr_carea' id='block_1_113' title="bbox 1717 4977 3300 5052">
    <p class='ocr_par' dir='ltr' id='par_1_113' title="bbox 1717 4977 3300 5052">
     <span class='ocr_line' id='line_1_113' title="bbox 1717 4977 3300 5052; baseline 0.006 -22"><span class='ocrx_word' id='word_1_877' title='bbox 1717 4977 1922 5047; x_wconf 86' lang='grc' dir='ltr'>λεμίων</span> <span class='ocrx_word' id='word_1_878' title='bbox 1948 4978 2116 5032; x_wconf 84' lang='grc' dir='ltr'>ἐστίν.</span> <span class='ocrx_word' id='word_1_879' title='bbox 2149 4979 2284 5032; x_wconf 83' lang='grc' dir='ltr'>Οὐδὲ</span> <span class='ocrx_word' id='word_1_880' title='bbox 2315 4977 2445 5049; x_wconf 81' lang='grc' dir='ltr'>γὰρ,</span> <span class='ocrx_word' id='word_1_881' title='bbox 2477 4980 2529 5032; x_wconf 80' lang='grc' dir='ltr'>εἰ</span> <span class='ocrx_word' id='word_1_882' title='bbox 2548 4997 2692 5044; x_wconf 87' lang='grc' dir='ltr'>τινος</span> <span class='ocrx_word' id='word_1_883' title='bbox 2727 4983 2807 5046; x_wconf 80' lang='grc' dir='ltr'>είς</span> <span class='ocrx_word' id='word_1_884' title='bbox 2840 4981 3085 5052; x_wconf 85' lang='grc' dir='ltr'>βασίλεια</span> <span class='ocrx_word' id='word_1_885' title='bbox 3110 4985 3300 5040; x_wconf 85' lang='grc' dir='ltr'>ἀπενε-</span> 
     </span>
    </p>
   </div>
   <div class='ocr_carea' id='block_1_114' title="bbox 1719 5069 3302 5150">
    <p class='ocr_par' dir='ltr' id='par_1_114' title="bbox 1719 5069 3302 5150">
     <span class='ocr_line' id='line_1_114' title="bbox 1719 5069 3302 5150; baseline 0.006 -28"><span class='ocrx_word' id='word_1_886' title='bbox 1719 5069 1941 5139; x_wconf 88' lang='grc' dir='ltr'>χθέντος</span> <span class='ocrx_word' id='word_1_887' title='bbox 1965 5071 2060 5122; x_wconf 76' lang='grc' dir='ltr'>καὶ</span> <span class='ocrx_word' id='word_1_888' title='bbox 2085 5070 2522 5139; x_wconf 82' lang='grc' dir='ltr'>στεφανωθέντος</span> <span class='ocrx_word' id='word_1_889' title='bbox 2553 5071 2780 5136; x_wconf 78' lang='grc' dir='ltr'>ἔκοπτες</span> <span class='ocrx_word' id='word_1_890' title='bbox 2805 5075 3000 5128; x_wconf 77' lang='grc' dir='ltr'>σαυτὸν</span> <span class='ocrx_word' id='word_1_891' title='bbox 3026 5077 3118 5130; x_wconf 73' lang='grc' dir='ltr'>καὶ</span> <span class='ocrx_word' id='word_1_892' title='bbox 3146 5077 3302 5150; x_wconf 83' lang='grc' dir='ltr'>ἐθρή-</span> 
     </span>
    </p>
   </div>
   <div class='ocr_carea' id='block_1_115' title="bbox 1719 5162 3298 5238">
    <p class='ocr_par' dir='ltr' id='par_1_115' title="bbox 1719 5162 3298 5238">
     <span class='ocr_line' id='line_1_115' title="bbox 1719 5162 3298 5238; baseline 0.004 -22"><span class='ocrx_word' id='word_1_893' title='bbox 1719 5179 1850 5228; x_wconf 87' lang='grc' dir='ltr'>νεις,</span> <span class='ocrx_word' id='word_1_894' title='bbox 1886 5162 2036 5231; x_wconf 86' lang='grc' dir='ltr'>φίλον</span> <span class='ocrx_word' id='word_1_895' title='bbox 2057 5162 2122 5216; x_wconf 83' lang='grc' dir='ltr'>ἀν</span> <span class='ocrx_word' id='word_1_896' title='bbox 2154 5179 2214 5215; x_wconf 91' lang='grc' dir='ltr'>σε</span> <span class='ocrx_word' id='word_1_897' title='bbox 2241 5162 2332 5215; x_wconf 87' lang='grc' dir='ltr'>τοῦ</span> <span class='ocrx_word' id='word_1_898' title='bbox 2360 5164 2798 5231; x_wconf 81' lang='grc' dir='ltr'>στεφανωθέντος</span> <span class='ocrx_word' id='word_1_899' title='bbox 2831 5165 2968 5238; x_wconf 78' lang='grc' dir='ltr'>ἔφην</span> <span class='ocrx_word' id='word_1_900' title='bbox 3000 5163 3162 5232; x_wconf 77' lang='grc' dir='ltr'>εἶναι,</span> <span class='ocrx_word' id='word_1_901' title='bbox 3183 5169 3298 5222; x_wconf 85' lang='grc' dir='ltr'>ἀλλ’</span> 
     </span>
    </p>
   </div>
   <div class='ocr_carea' id='block_1_116' title="bbox 1719 5254 3301 5327">
    <p class='ocr_par' dir='ltr' id='par_1_116' title="bbox 1719 5254 3301 5327">
     <span class='ocr_line' id='line_1_116' title="bbox 1719 5254 3301 5327; baseline 0.001 -18"><span class='ocrx_word' id='word_1_902' title='bbox 1719 5256 1914 5327; x_wconf 80' lang='grc' dir='ltr'>ἐχθρὸν</span> <span class='ocrx_word' id='word_1_903' title='bbox 1949 5254 2152 5324; x_wconf 80' lang='grc' dir='ltr'>σφόδρα</span> <span class='ocrx_word' id='word_1_904' title='bbox 2192 5255 2287 5307; x_wconf 70' lang='grc' dir='ltr'>καὶ</span> <span class='ocrx_word' id='word_1_905' title='bbox 2323 5254 2598 5324; x_wconf 87' lang='grc' dir='ltr'>πολέμιον.</span> <span class='ocrx_word' id='word_1_906' title='bbox 2645 5255 2785 5309; x_wconf 86' lang='grc' dir='ltr'>Ἀλλ’</span> <span class='ocrx_word' id='word_1_907' title='bbox 2817 5257 2938 5311; x_wconf 83' lang='grc' dir='ltr'>ούδέ</span> <span class='ocrx_word' id='word_1_908' title='bbox 2973 5257 3068 5312; x_wconf 89' lang='grc' dir='ltr'>νῦν</span> <span class='ocrx_word' id='word_1_909' title='bbox 3095 5260 3301 5313; x_wconf 88' lang='grc' dir='ltr'>ἐκεῖνον</span> 
     </span>
    </p>
   </div>
   <div class='ocr_carea' id='block_1_117' title="bbox 1723 5346 3303 5422">
    <p class='ocr_par' dir='ltr' id='par_1_117' title="bbox 1723 5346 3303 5422">
     <span class='ocr_line' id='line_1_117' title="bbox 1723 5346 3303 5422; baseline 0.004 -22"><span class='ocrx_word' id='word_1_910' title='bbox 1723 5347 1926 5419; x_wconf 83' lang='grc' dir='ltr'>θρηνῶ,</span> <span class='ocrx_word' id='word_1_911' title='bbox 1978 5347 2165 5416; x_wconf 70' lang='grc' dir='ltr'>φησὶν,</span> <span class='ocrx_word' id='word_1_912' title='bbox 2206 5346 2322 5399; x_wconf 88' lang='grc' dir='ltr'>ἀλλ’</span> <span class='ocrx_word' id='word_1_913' title='bbox 2368 5347 2621 5417; x_wconf 88' lang='grc' dir='ltr'>ἐμαυτόν.</span> <span class='ocrx_word' id='word_1_914' title='bbox 2675 5348 2813 5402; x_wconf 83' lang='grc' dir='ltr'>Ἀλλ’</span> <span class='ocrx_word' id='word_1_915' title='bbox 2849 5350 2969 5404; x_wconf 85' lang='grc' dir='ltr'>οὐδέ</span> <span class='ocrx_word' id='word_1_916' title='bbox 3012 5351 3170 5406; x_wconf 87' lang='grc' dir='ltr'>τοῦτο</span> <span class='ocrx_word' id='word_1_917' title='bbox 3213 5371 3303 5422; x_wconf 85' lang='grc' dir='ltr'>φι-</span> 
     </span>
    </p>
   </div>
   <div class='ocr_carea' id='block_1_118' title="bbox 1721 5438 3304 5509">
    <p class='ocr_par' dir='ltr' id='par_1_118' title="bbox 1721 5438 3304 5509">
     <span class='ocr_line' id='line_1_118' title="bbox 1721 5438 3304 5509; baseline 0.004 -15"><span class='ocrx_word' id='word_1_918' title='bbox 1721 5441 1960 5503; x_wconf 86' lang='grc' dir='ltr'>λοῦντος,</span> <span class='ocrx_word' id='word_1_919' title='bbox 1988 5440 2048 5492; x_wconf 85' lang='grc' dir='ltr'>τὸ</span> <span class='ocrx_word' id='word_1_920' title='bbox 2083 5438 2257 5491; x_wconf 86' lang='grc' dir='ltr'>θέλειν</span> <span class='ocrx_word' id='word_1_921' title='bbox 2310 5439 2389 5493; x_wconf 82' lang='grc' dir='ltr'>ἔτι</span> <span class='ocrx_word' id='word_1_922' title='bbox 2433 5441 2725 5509; x_wconf 86' lang='grc' dir='ltr'>ἐναγώνιον</span> <span class='ocrx_word' id='word_1_923' title='bbox 2776 5438 2914 5496; x_wconf 81' lang='grc' dir='ltr'>εἶναι</span> <span class='ocrx_word' id='word_1_924' title='bbox 2963 5446 3170 5498; x_wconf 88' lang='grc' dir='ltr'>ἐκεῖνον</span> <span class='ocrx_word' id='word_1_925' title='bbox 3214 5444 3304 5501; x_wconf 76' lang='grc' dir='ltr'>διὰ</span> 
     </span>
    </p>
   </div>
   <div class='ocr_carea' id='block_1_119' title="bbox 1724 5531 3302 5606">
    <p class='ocr_par' dir='ltr' id='par_1_119' title="bbox 1724 5531 3302 5606">
     <span class='ocr_line' id='line_1_119' title="bbox 1724 5531 3302 5606; baseline 0.001 -20"><span class='ocrx_word' id='word_1_926' title='bbox 1724 5533 1922 5586; x_wconf 75' lang='grc' dir='ltr'>σαυτὸν</span> <span class='ocrx_word' id='word_1_927' title='bbox 1973 5533 2066 5585; x_wconf 77' lang='grc' dir='ltr'>καὶ</span> <span class='ocrx_word' id='word_1_928' title='bbox 2107 5531 2432 5585; x_wconf 81' lang='grc' dir='ltr'>ὑποκεῖσθαι</span> <span class='ocrx_word' id='word_1_929' title='bbox 2481 5536 2546 5605; x_wconf 86' lang='grc' dir='ltr'>τῇ</span> <span class='ocrx_word' id='word_1_930' title='bbox 2598 5534 2791 5606; x_wconf 81' lang='grc' dir='ltr'>ἀδηλίᾳ</span> <span class='ocrx_word' id='word_1_931' title='bbox 2841 5533 2934 5588; x_wconf 88' lang='grc' dir='ltr'>τοῦ</span> <span class='ocrx_word' id='word_1_932' title='bbox 2990 5535 3302 5606; x_wconf 87' lang='grc' dir='ltr'>μέλλοντος,</span> 
     </span>
    </p>
   </div>
   <div class='ocr_carea' id='block_1_120' title="bbox 1723 5622 3303 5696">
    <p class='ocr_par' dir='ltr' id='par_1_120' title="bbox 1723 5622 3303 5696">
     <span class='ocr_line' id='line_1_120' title="bbox 1723 5622 3303 5696; baseline 0 -18"><span class='ocrx_word' id='word_1_933' title='bbox 1723 5623 1897 5695; x_wconf 75' lang='grc' dir='ltr'>παρὸν</span> <span class='ocrx_word' id='word_1_934' title='bbox 1922 5622 2313 5692; x_wconf 89' lang='grc' dir='ltr'>στεφανοῦσθαι</span> <span class='ocrx_word' id='word_1_935' title='bbox 2343 5625 2436 5676; x_wconf 71' lang='grc' dir='ltr'>καὶ</span> <span class='ocrx_word' id='word_1_936' title='bbox 2471 5629 2827 5696; x_wconf 86' lang='grc' dir='ltr'>προσορμεῖν,</span> <span class='ocrx_word' id='word_1_937' title='bbox 2861 5625 2893 5696; x_wconf 83' lang='grc' dir='ltr'>ἢ</span> <span class='ocrx_word' id='word_1_938' title='bbox 2924 5626 3184 5693; x_wconf 89' lang='grc' dir='ltr'>πελάγιον</span> <span class='ocrx_word' id='word_1_939' title='bbox 3209 5641 3303 5678; x_wconf 84' lang='grc' dir='ltr'>σα-</span> 
     </span>
    </p>
   </div>
   <div class='ocr_carea' id='block_1_121' title="bbox 1724 5712 3302 5787">
    <p class='ocr_par' dir='ltr' id='par_1_121' title="bbox 1724 5712 3302 5787">
     <span class='ocr_line' id='line_1_121' title="bbox 1724 5712 3302 5787; baseline -0.003 -16"><span class='ocrx_word' id='word_1_940' title='bbox 1724 5716 1923 5779; x_wconf 87' lang='grc' dir='ltr'>λεύειν,</span> <span class='ocrx_word' id='word_1_941' title='bbox 1959 5715 2077 5784; x_wconf 82' lang='grc' dir='ltr'>ἐξὸν</span> <span class='ocrx_word' id='word_1_942' title='bbox 2100 5718 2156 5769; x_wconf 88' lang='grc' dir='ltr'>ἐν</span> <span class='ocrx_word' id='word_1_943' title='bbox 2177 5715 2355 5787; x_wconf 85' lang='grc' dir='ltr'>λιμένι</span> <span class='ocrx_word' id='word_1_944' title='bbox 2384 5712 2544 5772; x_wconf 75' lang='grc' dir='ltr'>εἶναι.</span> <span class='ocrx_word' id='word_1_945' title='bbox 2590 5719 2725 5770; x_wconf 82' lang='grc' dir='ltr'>Ἀλλ’</span> <span class='ocrx_word' id='word_1_946' title='bbox 2756 5719 2856 5771; x_wconf 80' lang='grc' dir='ltr'>οὐκ</span> <span class='ocrx_word' id='word_1_947' title='bbox 2873 5714 2989 5771; x_wconf 86' lang='grc' dir='ltr'>οἶδα</span> <span class='ocrx_word' id='word_1_948' title='bbox 3012 5720 3105 5770; x_wconf 85' lang='grc' dir='ltr'>ποῖ</span> <span class='ocrx_word' id='word_1_949' title='bbox 3129 5715 3302 5786; x_wconf 65' lang='grc' dir='ltr'>κεχώ-</span> 
     </span>
    </p>
   </div>
   <div class='ocr_carea' id='block_1_122' title="bbox 1726 5805 3306 5888">
    <p class='ocr_par' dir='ltr' id='par_1_122' title="bbox 1726 5805 3306 5888">
     <span class='ocr_line' id='line_1_122' title="bbox 1726 5805 3306 5888; baseline -0.002 -23"><span class='ocrx_word' id='word_1_950' title='bbox 1726 5827 1883 5884; x_wconf 87' lang='grc' dir='ltr'>ρηκε,</span> <span class='ocrx_word' id='word_1_951' title='bbox 1932 5810 2086 5881; x_wconf 79' lang='grc' dir='ltr'>φησι.</span> <span class='ocrx_word' id='word_1_952' title='bbox 2135 5808 2232 5864; x_wconf 86' lang='grc' dir='ltr'>Διά</span> <span class='ocrx_word' id='word_1_953' title='bbox 2279 5809 2331 5862; x_wconf 90' lang='grc' dir='ltr'>τί</span> <span class='ocrx_word' id='word_1_954' title='bbox 2363 5810 2464 5864; x_wconf 79' lang='grc' dir='ltr'>οὐκ</span> <span class='ocrx_word' id='word_1_955' title='bbox 2500 5805 2681 5878; x_wconf 84' lang='grc' dir='ltr'>οἶδας;</span> <span class='ocrx_word' id='word_1_956' title='bbox 2719 5811 2840 5864; x_wconf 86' lang='grc' dir='ltr'>εἰπέ</span> <span class='ocrx_word' id='word_1_957' title='bbox 2881 5828 3005 5882; x_wconf 74' lang='grc' dir='ltr'>μοι’</span> <span class='ocrx_word' id='word_1_958' title='bbox 3041 5811 3150 5864; x_wconf 73' lang='grc' dir='ltr'>εἴτε</span> <span class='ocrx_word' id='word_1_959' title='bbox 3193 5808 3306 5888; x_wconf 14' lang='grc' dir='ltr'>γὰρ.</span> 
     </span>
    </p>
   </div>
  </div>
