3802 6308
167 300 246 355 ωε
1151 282 1215 339 ΙΝ
1254 280 1468 338 EPIST.
1511 280 1528 332 Ι
1592 278 1684 333 AD
1721 276 1875 332 C08.
1920 275 2150 331 HOMIL.
2192 276 2351 334 XLII.

170 430 314 486 quies,
363 423 468 481 quo
498 406 610 463 ivit.
665 402 775 459 Cur
831 398 1153 457 nescis‘idic
1202 394 1369 459 mihi;
1422 409 1545 446 nam
1596 393 1708 444 sive

169 518 291 564 recte
317 504 461 568 vixit,
486 502 596 555 sive
621 513 796 559 secus,
828 504 911 549 est
933 491 1270 547 manifestum
1302 504 1409 558 quo
1439 488 1508 541 sit
1530 486 1709 540 abitu-

167 616 259 655 rus.
282 598 501 664 Propter
532 592 633 647 hoc
663 591 861 657 ipsutn,
894 587 1121 656 inquies,
1156 585 1368 652 plango,
1413 579 1552 648 quod
1583 592 1709 647 pec-

166 703 295 747 cator
336 687 581 743 excessit.
625 683 750 738 llaec
793 688 916 733 sunt
948 686 1235 744 prmtextus
1259 683 1309 727 et
1333 672 1545 741 effugia.
1579 669 1711 723 Nam

168 785 203 836 si
246 789 510 849 propterea
531 789 653 829 cum
675 767 971 827 excesserit
999 769 1181 836 lugeas
1204 806 1219 830 ,
1268 764 1537 817 viventem
1586 774 1710 813 eum

167 872 515 927 tmnsformare
542 876 594 922 et
615 865 939 921 concinnare
969 869 1023 915 et
1050 873 1377 927 componere
1404 853 1706 925 oportebat.

164 963 252 1021 Sed
276 970 326 1015 tu
354 975 468 1030 qua:
498 966 582 1011 tua
605 965 730 1010 sunt
756 954 950 1022 ubique
971 948 1281 1006 consideras
1308 956 1363 1002 et
1390 946 1480 1000 tibi
1514 959 1715 1015 propo-

167 1058 253 1120 nis,
284 1068 382 1107 non
407 1065 523 1120 quae
552 1048 715 1102 illius.
745 1046 800 1100 Si
832 1056 1009 1098 autem
1041 1041 1201 1096 etiam
1231 1047 1479 1109 peccator
1523 1050 1711 1091 exces-

165 1149 239 1212 sit,
266 1152 535 1215 prepterea
581 1140 741 1193 etiam
772 1137 940 1191 laetari
972 1140 1198 1204 Oportet,
1234 1131 1375 1201 quod
1404 1128 1710 1184 iuterscissa

165 1248 270 1292 sunt
314 1245 520 1306 peccata
548 1242 601 1287 et
621 1231 751 1285 vitio
800 1230 927 1283 nihil
977 1227 1217 1297 adjecit;
1252 1234 1340 1287 et,
1370 1222 1547 1293 quoad
1596 1222 1714 1291 ejus

166 1332 262 1387 ﬁeri
281 1338 470 1401 potest,
501 1328 547 1381 ei
579 1338 917 1385 succurrere,
952 1336 1057 1375 non
1100 1318 1374 1390 lacrymis,
1401 1316 1495 1371 sed
1537 1315 1714 1385 preci-

165 1425 267 1485 bus,
314 1417 784 1490 supplicationibus
805 1456 823 1484 ,
863 1413 1223 1483 eleemosynis
1249 1420 1303 1466 et
1330 1408 1709 1465 oblationibus.

165 1516 262 1570 Non
286 1522 403 1566 sunt
428 1511 569 1567 enim
604 1509 720 1563 lnee
749 1517 949 1562 temere
970 1505 1289 1575 excogitata,
1316 1516 1490 1570 neque
1519 1500 1713 1554 frustra

170 1622 332 1661 eorum
357 1604 443 1674 qui
476 1607 824 1656 excesserunt
853 1599 903 1651 in
929 1597 1122 1651 divinis
1159 1593 1431 1666 mysteriis
1469 1592 1716 1648 memini-

166 1711 283 1763 mus,
313 1704 363 1749 et
387 1709 481 1764 pro
502 1693 633 1762 ipsis
662 1690 981 1752 accedimus,
1014 1696 1263 1757 rogantes
1279 1687 1489 1758 Agnum
1515 1698 1714 1754 prepo-

166 1790 325 1850 situm,
374 1787 460 1855 qui
516 1784 699 1838 mttudi
755 1791 1030 1852 peccatum
1081 1780 1235 1843 tulit;
1269 1778 1362 1833 sed
1408 1786 1465 1831 ιιι
1490 1777 1612 1832 inde
1641 1778 1717 1830 eis

166 1883 317 1949 aliqua
344 1881 410 1932 sit
436 1876 739 1932 consolatio
764 1894 776 1929 :
812 1890 985 1944 neque
1014 1874 1112 1927 abs
1141 1887 1201 1927 re
1240 1872 1285 1925 is
1311 1870 1402 1940 qui
1437 1869 1612 1923 adstat
1634 1868 1715 1922 al-

168 1976 281 2036 tari,
309 1973 426 2026 dum
457 1969 762 2023 veneranda
808 1975 1134 2037 peraguntur
1160 1964 1435 2035 mysteria,
1464 1962 1665 2017 clamat
1694 1980 1707 2014 ε

168 2070 254 2123 Pro
276 2065 517 2121 omnibus
560 2064 651 2132 qui
684 2064 735 2116 in
765 2061 978 2117 Christo
1027 2057 1394 2120 dormierunt,
1425 2063 1479 2111 et
1534 2055 1599 2108 iis
1626 2055 1713 2123 qui

166 2160 387 2230 proipsis
406 2155 683 2211 celebrant
724 2153 1028 2208 memorias.
1079 2149 1212 2203 Nam
1236 2149 1279 2201 si
1302 2163 1399 2217 pro
1442 2148 1573 2217 ipsis
1608 2160 1715 2200 non

168 2253 338 2305 tierent
361 2245 923 2310 commemorationes,
971 2258 1039 2297 ne
1067 2242 1182 2296 haec
1209 2240 1424 2311 quidem
1455 2239 1593 2293 dicta
1633 2253 1721 2293 es-

166 2353 287 2396 scut.
308 2340 416 2395 Non
441 2349 570 2395 sunt
596 2338 738 2393 enim
768 2353 857 2391 res
888 2348 1085 2389 nostra:
1108 2334 1218 2389 ludi
1252 2332 1490 2397 scenici,
1532 2332 1672 2387 absit
1699 2348 1715 2385 :

169 2433 267 2488 hare
288 2433 421 2487 enim
447 2434 581 2486 ﬁunt
606 2429 943 2484 ordinatione
967 2426 1220 2496 Spiritus.

227 2529 274 2583 5.
299 2527 383 2581 Eis
406 2541 536 2596 ergo
565 2539 724 2595 Opem
768 2522 1000 2576 feramus
1021 2556 1037 2583 ,
1065 2529 1121 2573 et
1148 2518 1720 2573 commemorationem

169 2635 330 2673 eorum
360 2630 696 2687 peragamus.
726 2613 781 2669 Si
804 2612 944 2667 enim
962 2610 1083 2666 Jobi
1108 2610 1246 2665 ﬁlios
1268 2610 1519 2680 expiabat
1547 2610 1715 2679 patris

170 2710 457 2763 sacriﬁcium
487 2726 500 2760 :
533 2704 663 2776 quid
702 2704 914 2759 dubitas
935 2743 951 2765 ,
979 2718 1046 2755 an
1093 2702 1247 2756 nobis
1273 2717 1369 2771 pro
1399 2701 1480 2755 eis
1503 2701 1593 2770 qui
1620 2715 1722 2755 ex-

169 2808 419 2857 cesserunt
444 2796 813 2861 offerentibus,
843 2794 971 2863 ipsis
997 2794 1157 2848 detur
1180 2795 1355 2863 aliqua
1379 2793 1722 2848 consolatio?

168 2891 295 2946 Solet
320 2891 455 2945 enim
515 2889 660 2942 Deus
690 2887 850 2941 etiam
881 2885 1003 2939 aliis
1029 2898 1128 2955 pro
1152 2884 1271 2938 aliis
1298 2883 1607 2954 gratificari.
1654 2882 1724 2937 Et

176 2982 264 3038 hoc
285 2983 596 3037 05tendebat
619 2980 813 3035 Paulus
832 2978 1017 3033 dicens
1048 2995 1061 3032 :
1105 2976 1171 3031 Ut
1195 2977 1246 3030 in
1275 2977 1447 3030 multis
1469 2976 1719 3045 personis,

167 3076 264 3141 eius
288 3091 391 3143 qua:
414 3075 464 3127 in
482 3073 629 3127 nobis
654 3081 725 3125 est
751 3070 1038 3123 donationis
1062 3085 1153 3139 per
1172 3068 1356 3122 multos
1376 3068 1553 3139 gratia:
1574 3084 1727 3137 agan-

174 3176 241 3218 tur
274 3184 357 3233 pro
402 3166 541 3219 robts
585 3165 603 3234 (
633 3165 687 3216 2.
714 3159 833 3217 Cor.
867 3161 921 3215 2.
951 3161 1013 3216 Η
1050 3162 1092 3231 ).
1121 3160 1201 3215 Ne
1228 3175 1329 3214 nos
1354 3161 1529 3230 pigeat
1567 3174 1723 3229 opem

174 3258 291 3313 ferre
319 3260 380 3312 iis
405 3260 491 3329 qui
524 3264 879 3312 excesserunt
905 3295 919 3317 ,
948 3262 1004 3309 et
1031 3269 1130 3323 pro
1156 3253 1234 3307 eis
1264 3252 1456 3306 oﬁ‘erre
1484 3265 1672 3321 preces
1704 3268 1721 3303 :

173 3360 240 3404 est
261 3351 391 3405 enim
414 3349 747 3420 propositum
772 3347 919 3402 orbis
946 3357 1103 3402 terra:
1130 3360 1415 3401 commune
1435 3346 1721 3415 piaculum.

178 3445 429 3511 l'ropterea
462 3443 694 3496 ﬁdenter
726 3454 825 3511 pro
845 3440 981 3494 orbe
1012 3448 1170 3493 terra:
1199 3446 1323 3492 tunc
1367 3452 1639 3507 rogamus,
1671 3445 1726 3491 et

174 3554 276 3591 cum
325 3536 647 3607 martyribus
673 3548 766 3588 eos
790 3546 1045 3588 vocamus
1071 3572 1085 3594 ,
1113 3546 1236 3585 cum
1282 3529 1682 3585 confessoribus
1706 3571 1722 3596 ,

176 3644 275 3682 eum
299 3628 679 3683 sacerdotibus.
698 3625 905 3679 Etenim
924 3639 1091 3679 unum
1110 3636 1308 3692 corpus
1321 3634 1723 3685 omnessumus,

176 3722 357 3773 etiamsi
385 3722 493 3773 sint
537 3717 777 3773 membra
807 3715 1062 3769 membris
1105 3713 1469 3784 splendidiora
1496 3731 1509 3768 :
1533 3723 1585 3769 et
1613 3712 1726 3768 ﬁeri

177 3823 327 3877 potest
348 3821 403 3865 ut
432 3812 643 3866 veniam
675 3809 754 3863 eis
789 3808 932 3861 omni
981 3824 1045 3861 ex
1089 3818 1238 3876 parte
1280 3807 1626 3861 conciliemus
1650 3848 1664 3871 ,
1697 3820 1726 3857 a

181 3905 419 3971 precibus,
449 3921 476 3955 a
506 3901 668 3955 donis
698 3914 816 3970 quae
849 3914 944 3967 pro
966 3900 1045 3951 eis
1072 3898 1389 3959 offeruntur,
1433 3897 1501 3951 ab
1544 3898 1610 3951 iis
1637 3896 1727 3965 qui

179 4010 278 4046 rum
300 3996 420 4063 ipsis
459 4002 738 4046 vocantur.
768 3989 872 4044 Cur
893 4005 1020 4060 ergo
1044 3990 1190 4043 doles
1213 3988 1235 4041 ?
1273 4004 1369 4042 cur
1399 3989 1547 4059 luges
1572 3998 1628 4042 et
1654 3988 1731 4041 la-

180 4090 440 4151 tneutaris,
476 4087 695 4157 quando
730 4086 984 4139 defuncto
1032 4093 1206 4151 potest
1254 4095 1397 4139 tanta
1445 4084 1727 4139 conciliari

181 4182 310 4235 venia
335 4183 357 4233 ?
387 4184 454 4233 At
476 4180 649 4249 luges,
681 4176 933 4248 quoniam
961 4190 1020 4231 es
1047 4175 1256 4230 deserta
1288 4191 1350 4230 ac
1378 4175 1654 4241 destituta,
1677 4187 1731 4231 et

180 4277 432 4344 perdidisti
464 4286 750 4344 patronum
778 4286 845 4325 ac
875 4269 1223 4325 defensorem
1252 4270 1276 4322 ?
1305 4269 1408 4324 Sed
1439 4284 1726 4339 numquam

183 4367 267 4418 hor.
308 4368 542 4431 dixeris;
594 4380 767 4434 neque
820 4364 961 4417 enim
1013 4363 1179 4417 Deum
1239 4362 1534 4433 perdidisti.
1610 4363 1734 4417 Ideo

181 4458 405 4524 quamdiu
435 4472 559 4512 eum
590 4455 756 4509 babes
779 4496 794 4520 ,
829 4455 941 4523 ipse
986 4454 1085 4508 erit
1115 4453 1207 4507 tibi
1255 4452 1430 4523 major
1459 4462 1512 4507 et
1536 4454 1731 4508 marito

182 4560 227 4602 et
252 4560 390 4618 patre
411 4560 465 4605 et
493 4548 604 4602 ﬁlio
633 4555 688 4601 et
708 4560 900 4601 socero
924 4564 939 4600 :
980 4560 1105 4599 nam
1134 4554 1187 4599 et
1216 4545 1319 4598 illis
1367 4544 1664 4597 viventibus
1690 4544 1735 4597 is

185 4653 280 4695 erat
306 4644 388 4711 qui
419 4640 649 4696 faciebat
694 4639 894 4693 omnia.
931 4636 1058 4691 Haec
1085 4651 1216 4705 ergo
1246 4635 1444 4703 cogita,
1475 4646 1529 4689 et
1554 4636 1639 4688 dic
1665 4634 1735 4688 si-

184 4745 260 4788 cut
283 4735 459 4798 David,
489 4734 740 4787 Dominus
770 4731 1078 4785 illuminatio
1101 4746 1211 4783 mea
1237 4738 1282 4783 et
1308 4729 1533 4783 salvator
1558 4744 1696 4782 meus
1714 4769 1729 4793 ,

183 4842 308 4893 quem
333 4825 509 4881 timebo
532 4823 705 4899 (Psat.
732 4822 824 4877 26.
856 4824 909 4893 1)
931 4823 953 4876 ?
972 4823 1078 4886 dic,
1110 4822 1189 4876 'l‘u
1214 4836 1276 4877 es
1304 4831 1454 4890 pater
1478 4822 1737 4892 orphano-

187 4932 307 4983 rem,
337 4919 571 4988 etjudex
594 4916 914 4981 viduarum;
940 4925 996 4970 et
1022 4915 1138 4984 ejus
1180 4916 1393 4970 attrahe
1428 4918 1680 4970 auxilium
1716 4959 1730 4980 ,

3295 283 3400 340 362

1817 421 1869 464 et
1920 411 2139 466 habebis
2167 430 2289 467 eum
2327 429 2467 470 nunc
2492 417 2662 487 magis
2694 416 2787 472 tibi
2818 419 3185 488 providentem
3236 438 3395 492 quam

1817 506 1981 572 prius,
2027 522 2131 575 quo
2180 508 2230 559 in
2276 508 2535 576 majorem
2575 509 2787 564 redacta
2818 524 2878 565 es
2909 511 3161 582 inopiam.
3189 515 3254 568 At
3278 531 3397 584 per-

1816 594 1997 647 didisli
2032 596 2196 649 ﬁlium
2222 596 2380 651 ?Nou
2414 599 2717 668 perdidisti,
2752 616 2821 657 ne
2844 601 2992 657 dicas
3022 620 3035 657 :
3064 620 3151 659 res
3183 604 3295 661 hare
3317 619 3399 661 est

1818 702 2059 754 somnus,
2090 707 2194 742 nou
2229 707 2410 756 mors;
2450 702 2532 747 est
2561 695 2841 764 migratio,
2882 713 2986 750 non
3015 699 3284 767 perditio;
3319 713 3402 756 est

1819 781 2177 850 peregrinatio
2206 799 2234 836 a
2266 784 2625 840 deterioribus
2644 788 2712 843 ad
2736 790 2979 844 meliora.
3016 789 3106 846 ‘Ne
3138 793 3301 848 Deum
3326 795 3397 848 ir—

1819 871 1969 935 rites,
2015 873 2108 927 sed
2154 874 2332 943 places
2360 886 2414 931 et
2443 878 2637 933 reddas
2678 882 2989 951 propitium.
3041 883 3173 938 Nam
3200 887 3242 939 si
3275 886 3398 942 forti

1819 962 1997 1016 animo
2030 964 2234 1031 tuleris,
2266 966 2368 1021 erit
2420 968 2545 1024 hinc
2566 978 2620 1025 et
2657 970 2910 1028 defuncto
2935 984 2989 1028 et
3015 976 3107 1031 tibi
3157 978 3398 1047 qua-dam

1818 1056 2114 1111 consolatio
2150 1076 2164 1111 :
2207 1058 2288 1112 sin
2321 1069 2506 1115 contra
2534 1104 2549 1126 ,
2582 1062 2715 1117 iram
2759 1064 2854 1120 Dei
2909 1068 3078 1137 magis
3126 1072 3395 1125 accendis.

1818 1145 1950 1201 Nam
1982 1149 2026 1201 si
2053 1164 2210 1204 servo
2235 1166 2263 1203 a
2292 1151 2511 1208 domino
2544 1154 2724 1226 ﬂagris
2761 1171 2903 1213 casso
2930 1168 2984 1212 tu
3013 1158 3234 1216 adstans
3260 1180 3399 1233 agre

1821 1238 2045 1307 tuleris,
2096 1240 2369 1296 dominum
2402 1246 2570 1315 magis
2620 1258 2805 1303 contra
2837 1260 2890 1307 te
2912 1252 3230 1308 irritaveris.
3278 1253 3395 1309 Noli

1821 1328 1922 1383 hoc
1950 1331 2144 1398 facere,
2171 1334 2263 1387 sed
2287 1349 2383 1404 age
2406 1337 2626 1405 gratias,
2643 1348 2699 1393 ut
2718 1340 2807 1394 tibi
2835 1356 3047 1412 quoque
3073 1344 3173 1399 hac
3194 1349 3399 1401 ratione

1820 1421 2142 1478 discutiatur
2182 1427 2352 1480 nubes
2393 1430 2559 1484 animi
2614 1433 2983 1502 aagritudinis:
3013 1436 3099 1492 dic
3125 1439 3262 1495 sicut
3311 1441 3399 1497 ille

1822 1513 2027 1580 beatus,
2049 1515 2297 1572 Dominus
2325 1520 2484 1588 dedit,
2514 1521 2763 1578 Dominus
2789 1525 2994 1581 abstulit
3014 1545 3028 1585 :
3052 1530 3223 1599 cogita
3240 1548 3397 1602 quam

1822 1605 1975 1659 multi
2005 1608 2173 1677 magis
2226 1608 2339 1664 Deo
2380 1611 2655 1681 placentes
2680 1630 2748 1669 ne
2773 1618 2992 1672 omnino
3044 1619 3256 1689 quidem
3303 1621 3403 1676 ha-

1821 1697 1990 1753 buere
2017 1698 2175 1765 ﬁlios,
2198 1716 2369 1771 neque
2394 1706 2569 1760 vocati
2592 1716 2716 1762 sunt
2740 1718 2937 1778 patres.
2963 1708 3148 1782 Neque
3167 1730 3286 1785 ego,
3318 1716 3403 1770 in-

1821 1790 1956 1859 quit,
1981 1791 2177 1845 vellem
2211 1793 2464 1850 habuisse
2496 1814 2510 1851 :
2565 1800 2757 1856 melius
2787 1802 2931 1857 enim
2958 1801 3148 1860 fuisset
3175 1822 3279 1861 non
3304 1807 3402 1863 ha-

1825 1880 2002 1936 buisse
2024 1886 2431 1953 experientiam,
2460 1905 2618 1958 quam
2646 1900 2923 1964 postquam
2946 1898 3181 1967 gustaris
3210 1901 3403 1972 volup-

1826 1982 2007 2040 tatem,
2041 1977 2107 2030 ab
2134 1992 2195 2031 ea
2218 1979 2776 2055 excidisse.Ne,rogo,
2804 2002 2871 2041 ne
2898 1987 3012 2043 haec
3036 1990 3202 2057 dicas,
3235 2008 3303 2049 ne
3326 1996 3405 2049 sic

1824 2080 2038 2136 quoque
2086 2068 2367 2124 Dominmn
2399 2072 2466 2126 ad
2511 2073 2644 2129 iram
2702 2091 2999 2145 provoces;
3050 2083 3146 2137 sed
3194 2100 3291 2154 pro
3339 2087 3403 2141 iis

1825 2158 2036 2227 quidem
2067 2177 2186 2231 qua:
2208 2164 2463 2234 accepisti
2493 2182 2592 2236 age
2620 2171 2838 2237 gratias,
2865 2188 2959 2241 pro
2986 2174 3049 2228 iis
3080 2186 3254 2231 autem
3282 2194 3403 2248 qua:

1826 2261 2087 2321 perpetuo
2110 2269 2213 2308 non
2239 2256 2423 2323 habes,
2456 2258 2719 2328 gloriﬁca.
2743 2261 2856 2318 Non
2894 2265 3179 2335 dixitJob,
3214 2268 3408 2325 Melius

1824 2342 2018 2399 fuisset
2049 2360 2151 2399 nou
2183 2347 2496 2417 accepisse;
2526 2352 2668 2422 quod
2697 2364 2749 2408 tu
2782 2356 3098 2426 insipienter
3122 2370 3175 2416 et
3199 2362 3407 2433 ingrato

1827 2439 2008 2492 animo
2037 2437 2173 2492 dicis
2199 2458 2212 2493 ε
2241 2441 2340 2495 sed
2366 2442 2528 2497 etiam
2560 2460 2655 2515 pro
2688 2446 2793 2503 illis
2824 2450 3015 2519 agebat
3044 2454 3243 2523 gratias
3263 2497 3277 2519 ,
3325 2458 3406 2511 di-

1824 2542 1953 2582 cens
1981 2546 1993 2582 :
2031 2528 2276 2585 Dominus
2297 2532 2471 2601 dedit;
2498 2546 2553 2590 et
2577 2551 2671 2606 pro
2698 2537 2780 2592 his
2808 2539 3162 2600 benedicebat
3181 2546 3365 2605 dicens
3391 2568 3403 2603 :

1828 2616 2078 2673 Dominus
2104 2620 2350 2676 abstulit:
2375 2626 2438 2678 sit
2459 2642 2640 2682 nomen
2659 2627 2868 2685 Domini
2895 2632 3209 2691 benedictum
3230 2641 3282 2695 in
3303 2657 3403 2695 sa:-

1826 2711 1963 2764 cula.
2004 2711 2167 2768 Uxori
2213 2730 2426 2787 quoque
2463 2719 2541 2773 sic
2562 2736 2623 2775 os
2649 2722 2962 2781 obstruebat
2991 2730 3129 2799 apud
3161 2748 3279 2787 eam
3317 2738 3408 2803 ju-

1828 2812 1940 2857 stas
1968 2803 2197 2859 aﬁ'erens
2217 2809 2474 2874 rationes,
2496 2822 2548 2864 et
2577 2813 2909 2871 admirabilia
2934 2819 3019 2872 illa
3046 2823 3203 2876 verba
3236 2841 3410 2879 enun-

1831 2896 1969 2951 tians
2006 2916 2021 2949 :
2052 2897 2115 2952 Si
2135 2897 2265 2952 bona
2285 2901 2485 2970 quidem
2513 2907 2799 2974 accepimus
2827 2925 2857 2961 a
2884 2908 3121 2980 Domino,
3155 2918 3288 2968 mala
3315 2936 3412 2971 au-

1832 2997 1929 3042 tem
1979 3006 2081 3043 non
2126 2992 2526 3049 sustinebimus?
2553 2995 2710 3064 Atqui
2742 3001 2956 3069 gravior
2984 3012 3104 3071 post
3141 3005 3256 3061 hare
3299 3004 3403 3063 fuit

1833 3084 2095 3150 tentatio;
2128 3085 2223 3139 sed
2250 3086 2341 3140 ille
2368 3103 2434 3141 ne
2462 3089 2539 3142 sic
2570 3089 2782 3159 quidem
2828 3091 3027 3148 fractus
3066 3109 3148 3151 est
3174 3109 3228 3152 et
3255 3114 3410 3154 euer-

1831 3185 2005 3242 vatus,
2034 3177 2130 3232 sed
2173 3179 2421 3234 similiter
2446 3181 2651 3236 ferebat
2684 3183 2806 3238 forti
2829 3186 3031 3253 animo,
3059 3198 3113 3243 et
3149 3192 3414 3261 gloriﬁca¢

1835 3268 1944 3323 hat.
1984 3268 2064 3323 Tu
2093 3285 2305 3340 quoque
2331 3270 2433 3326 hoc
2466 3273 2564 3339 fac,
2597 3284 2651 3329 et
2672 3275 2811 3345 apud
2836 3285 2886 3331 te
2910 3292 3119 3348 reputa,
3140 3284 3281 3352 quod
3306 3301 3409 3340 non

1831 3359 1995 3415 homo
2018 3362 2245 3431 accepit,
2274 3363 2368 3417 sed
2394 3364 2532 3419 Deus
2551 3365 2640 3435 qui
2664 3366 2811 3437 fecit,
2842 3370 2933 3439 qui
2958 3371 3123 3442 magis
3150 3392 3309 3443 quam
3357 3388 3409 3432 tu

1833 3452 1949 3522 ejus
1973 3467 2154 3509 curam
2185 3456 2343 3525 gerit,
2366 3466 2420 3511 et
2445 3459 2547 3512 scit
2580 3460 2703 3527 quid
2728 3462 2777 3516 ei
2820 3463 3082 3532 conferat,
3117 3486 3222 3523 non
3247 3470 3415 3529 hosus

1833 3544 2026 3614 aliquis
2054 3561 2225 3617 neque
2256 3547 2556 3605 insidiator.
2587 3550 2719 3606 Vide
2742 3569 2901 3623 quam
2945 3558 3094 3613 multi
3127 3561 3369 3619 viventes
3396 3608 3413 3631 ,

1836 3641 1998 3693 vitam
2050 3655 2157 3694 non
2204 3641 2417 3696 vitalem
2476 3643 2714 3699 fecerunt
2743 3650 3073 3715 parentibus.
3109 3653 3415 3711 Generosos

1835 3740 2010 3785 autem
2037 3771 2052 3794 ,
2082 3731 2292 3800 inquies
2312 3774 2326 3797 ,
2369 3741 2424 3787 et
2455 3734 2655 3803 probos
2682 3752 2790 3791 non
2823 3739 2972 3794 vides
2998 3742 3021 3794 ?
3064 3742 3174 3800 Eos
3202 3761 3413 3815 quoque

1836 3821 1993 3877 video
2030 3840 2042 3887 ;
2076 3823 2169 3876 sed
2212 3838 2301 3878 res
2345 3841 2556 3895 quoque
2602 3844 2787 3883 eorum
2835 3833 3013 3889 minus
3055 3845 3181 3892 sunt
3217 3837 3268 3893 iu
3303 3848 3414 3894 tuto

1836 3931 1997 3985 quam
2029 3931 2114 3970 res
2141 3918 2213 3969 tui
2248 3917 2362 3970 lilii.
2424 3917 2556 3972 Nam
2586 3922 2685 3975 etsi
2736 3924 2787 3977 in
2817 3924 2955 3979 bona
2977 3938 3105 3983 sunt
3140 3932 3408 3986 existima-

1840 4007 2005 4071 tione,
2036 4007 2157 4062 ﬁnis
2188 4017 2363 4063 tamen
2385 4025 2572 4065 eorum
2598 4021 2682 4068 est
2709 4016 2981 4074 incertus:
3014 4021 3080 4075 de
3107 4022 3199 4077 illo
3235 4036 3411 4081 autem

1846 4100 1898 4153 in
1932 4099 2193 4169 reliquum
2226 4116 2331 4155 non
2369 4101 2523 4157 times
2550 4119 2724 4175 neque
2756 4112 3149 4181 coutremiscis,
3182 4130 3249 4171 ne
3290 4118 3414 4187 quid

1839 4194 1886 4246 ei
1919 4191 2165 4256 accidat,
2200 4202 2292 4246 aut
2318 4193 2553 4263 aliquam
2603 4197 2861 4267 suscipiat
2887 4211 3261 4262 mutationem.
3290 4207 3417 4264 Haac

1840 4284 1999 4338 etiam
2051 4284 2223 4354 cogita
2253 4285 2320 4339 de
2352 4285 2566 4355 pulchra
2595 4303 2761 4345 uxore
2781 4333 2795 4355 ,
2827 4302 2881 4345 et
2925 4293 3062 4349 bona
3104 4295 3298 4355 domus
3327 4316 3422 4355 cu-

1839 4375 2026 4440 stode;
2061 4386 2115 4429 et
2140 4392 2233 4444 pro
2246 4376 2493 4431 omnibus
2523 4379 2633 4433 Deo
2651 4395 2748 4450 age
2775 4383 2993 4453 gratias,
3022 4396 3079 4441 et
3105 4388 3151 4442 si
3172 4391 3421 4458 perdide-

1842 4469 1913 4521 ris
1940 4484 2159 4522 uxorem
2186 4508 2202 4533 ,
2229 4470 2430 4539 gratias
2455 4485 2572 4540 age.
2602 4471 2852 4530 Fortasse
2878 4484 2933 4531 te
2950 4479 3063 4533 vult
3088 4480 3229 4537 Deus
3252 4483 3420 4541 addu-

1839 4578 1963 4617 cere
1988 4562 2057 4618 ad
2082 4565 2485 4629 continentiam,
2522 4564 2588 4619 ad
2617 4566 2821 4636 majora
2849 4580 3004 4626 vocat
3030 4588 3254 4642 cperunt
3284 4592 3411 4649 sep-

1843 4667 1914 4722 ta,
1958 4666 2009 4712 te
2034 4658 2199 4712 voluit
2220 4658 2446 4714 liberare
2470 4674 2500 4714 a
2527 4660 2759 4716 vinculo.
2791 4662 2847 4719 Si
2868 4665 2947 4720 sic
2962 4666 3418 4742 philosophemur,

1846 4762 1900 4805 et
1928 4750 2255 4805 lucrabimur
2279 4763 2602 4822 praesentem
2652 4755 2822 4810 animi
2876 4761 3337 4832 tranquillitatem,
3366 4780 3437 4824 et

1841 4844 2046 4900 futuras
2073 4861 2422 4914 assequemur
2445 4861 2692 4913 coronas,
2719 4858 2826 4906 etc.

1174 5003 3428 5033 .______________________________._______

1471 5062 1811 5122 HOMILIA
1859 5058 2057 5121 XLII.

187 5184 298 5241 Car.
337 5188 422 5244 15.
448 5204 502 5243 v.
532 5187 623 5243 47.
670 5184 878 5239 Primus
909 5184 1057 5236 homo
1082 5182 1147 5235 de
1170 5191 1328 5247 terra,
1362 5192 1588 5235 terrenus
1614 5197 1634 5246 ;
1658 5198 1740 5235 se-

493 5279 689 5334 cundus
712 5278 881 5341 homo,
909 5275 1157 5330 Dominus
1177 5275 1240 5327 de
1258 5274 1402 5328 creto.

252 5373 297 5426 i.
322 5373 605 5444 Postquam
621 5370 904 5425 animalem
927 5367 1063 5422 dixit
1082 5366 1317 5437 primum
1338 5374 1390 5420 et
1414 5366 1741 5435 spiritualetn

192 5466 477 5531 secundum,
507 5478 691 5519 rursus
715 5462 876 5516 aliam
898 5459 1047 5529 ponit
1067 5457 1444 5523 diﬂ'erentiam,
1473 5467 1743 5511 terrenum

195 5554 355 5610 dicens
381 5568 434 5612 et
459 5558 748 5612 caelestem.
767 5553 898 5608 Nam
922 5551 1092 5622 prima
1119 5550 1333 5620 quidem
1356 5557 1438 5603 est
1464 5550 1583 5602 vita:
1607 5564 1741 5617 prue-

198 5650 343 5703 sentis
379 5660 433 5705 et
476 5651 665 5705 futura:
696 5666 711 5714 ;
742 5648 858 5703 haec
887 5655 1064 5701 autem
1092 5654 1172 5699 est
1203 5644 1319 5712 ejus
1362 5643 1452 5712 qui
1499 5643 1594 5696 fuit
1626 5657 1748 5696 ante

201 5741 417 5810 gratiam,
449 5753 503 5799 et
537 5742 653 5812 ejus
695 5740 784 5812 qui
816 5747 898 5795 est
928 5747 1046 5808 post
1071 5734 1316 5807 gratiam.
1351 5734 1531 5789 Posuit
1567 5744 1744 5787 autem

1848 5182 1995 5235 illam
2019 5178 2085 5233 ad
2106 5188 2309 5232 rectum
2336 5177 2460 5231 vita:
2486 5178 2781 5235 institutum
2805 5183 3011 5241 dicens.
3028 5187 3160 5244 Nam
3177 5208 3267 5262 ne,
3290 5195 3437 5252 sicut.

1856 5274 1987 5338 dixi,
2032 5270 2256 5324 ﬁdentes
2284 5270 2663 5324 resurrectioni
2689 5313 2707 5339 ,
2731 5273 2893 5331 vitam
2919 5292 2987 5333 ex
3013 5280 3210 5339 virtute
3236 5294 3292 5341 et
3318 5304 3431 5359 per.

1853 5365 1989 5420 fecte
2014 5362 2273 5434 agendam
2316 5362 2650 5433 negligerent
2673 5407 2688 5431 ,
2718 5383 2904 5425 rursus
2943 5386 3038 5428 eos
3066 5391 3280 5448 quoque
3308 5379 3434 5436 hinc

1856 5455 2028 5511 reddit
2069 5464 2281 5525 paratos
2306 5453 2372 5508 ad
2395 5454 2800 5525 decertandum,
2828 5470 2883 5518 et
2906 5460 3153 5523 hortatur
3177 5469 3244 5524 ad
3270 5470 3439 5525 virtu.

1860 5563 1986 5615 tetu,
2016 5549 2200 5603 dicens
2227 5565 2240 5598 :
2276 5546 2484 5602 Primus
2510 5549 2659 5605 homo
2698 5552 2760 5607 de
2785 5562 2940 5623 terra,
2966 5566 3234 5628 terrenus;
3260 5578 3441 5617 secun-

1859 5644 1954 5696 dus
2002 5642 2150 5695 homo
2175 5683 2190 5707 ,
2226 5640 2474 5696 Dominus
2513 5642 2576 5697 de
2603 5646 2767 5712 caelo;
2817 5649 3123 5707 universum
3165 5653 3463 5723 appellans

1858 5735 2132 5789 hominem
2160 5749 2174 5799 ;
2208 5744 2261 5789 et
2288 5733 2429 5790 hunc
2453 5735 2669 5807 quidem
2698 5740 2978 5798 nominans
3007 5745 3073 5800 ab
3096 5760 3162 5801 eo
3191 5746 3457 5817 quodest.
