3802 6316
291 293 398 349 365

298 407 488 464 melius
537 416 600 454 ac
635 393 971 469 praestantius
992 431 1008 454 ,
1043 388 1189 441 illutn
1218 393 1396 438 autem
1424 381 1492 433 ab
1521 394 1586 431 eo
1628 373 1768 444 quod
1797 381 1881 426 est

295 497 554 554 deterius.
576 491 666 547 48.
698 486 875 554 Qualis
904 493 1152 543 terrenus,
1175 477 1300 530 tales
1321 485 1365 527 et
1392 471 1592 526 terreni.
1625 470 1715 524 Sic
1743 481 1884 534 pert-

299 597 432 649 bunt
474 599 530 644 et
559 585 874 642 morientur.
908 574 1090 643 Qualis
1116 569 1330 626 celestis
1351 609 1366 630 ,
1399 566 1524 618 tales
1563 573 1610 617 et
1640 560 1883 614 cwlestes.

297 685 388 740 Sic
434 677 725 736 manebunt
751 665 1084 726 immortales
1120 670 1175 716 et
1218 659 1502 727 fulgentes.
1551 651 1689 718 Quid
1730 662 1882 710 vero,

303 791 482 830 annon
515 771 562 825 is
587 779 801 838 quoque
826 769 909 815 est
937 766 1182 811 mortuus
1209 753 1232 804 ?
1274 748 1512 803 Mortuus
1539 741 1755 813 quidem
1781 749 1887 805 est,

303 866 400 922 sed
431 863 557 920 inde
589 858 720 914 nihil
770 854 865 908 fuit
913 851 1110 908 hesus,
1161 842 1255 897 sed
1299 841 1378 893 sic
1424 849 1637 906 quoque
1660 841 1892 887 mortem

307 954 574 1012 dissolvit.
604 943 852 1004 Vidistin’
874 937 1143 1013 quomodo
1169 935 1294 988 hinc
1315 944 1527 1001 quoque
1549 942 1642 997 per
1665 931 1892 978 mortem

304 1047 585 1106 constituit
607 1043 798 1112 dogma
828 1037 896 1092 de
925 1026 1366 1090 resurrectione?
1398 1023 1610 1078 Habeas
1637 1018 1806 1112 enim,
1836 1023 1896 1069 ut

311 1145 458 1215 prius
481 1138 612 1200 dixi,
643 1108 960 1204 principium
988 1134 1043 1180 et
1069 1128 1252 1192 caput,
1281 1115 1387 1171 noli
1418 1113 1664 1212 dubitare
1686 1108 1752 1163 de
1779 1115 1893 1160 toto

311 1211 558 1303 corpore.
589 1224 695 1282 Sed
741 1231 795 1277 et
834 1221 959 1273 hinc
1001 1227 1214 1286 quoque
1257 1214 1474 1264 exercet
1518 1213 1775 1272 optimam
1831 1211 1897 1250 ac

313 1300 813 1398 praestantissimum
877 1312 999 1364 vitae
1049 1303 1269 1375 agenda:
1322 1300 1624 1359 rationem,
1663 1303 1900 1395 .ponens

313 1384 559 1488 exempla
585 1412 708 1466 vita:
733 1405 960 1462 excelsae
988 1416 1053 1455 ac
1078 1391 1460 1468 philosophica:
1486 1429 1502 1452 ,
1548 1395 1603 1440 et
1629 1384 1744 1486 ejus
1771 1395 1892 1484 qua:

318 1527 424 1567 non
453 1484 536 1564 est
564 1498 894 1574 huiusmodi,
923 1503 980 1549 et
1009 1491 1287 1558 utriusque
1314 1484 1586 1537 adducens
1618 1484 1900 1574 principia,

319 1608 466 1662 illius
513 1567 729 1671 quidem
775 1593 1068 1652 Christum,
1101 1583 1259 1653 hujus
1287 1591 1417 1634 vero
1444 1574 1732 1671 atlamum.
1779 1567 1912 1671 Pnro-

322 1659 506 1767 pterea
533 1659 632 1746 nec
662 1685 906 1744 absolute
925 1680 1080 1743 dixit,
1113 1677 1154 1731 E
1192 1685 1354 1736 terra,
1382 1668 1477 1724 sed
1501 1659 1914 1767 TerretiusL'Iioc

323 1751 428 1853 i-ss,
458 1797 696 1847 crassus,
722 1777 914 1833 aﬂixus
939 1767 1296 1842 prmseutibus
1326 1781 1340 1818 :
1367 1772 1420 1816 et
1449 1771 1634 1814 rursus
1659 1756 1726 1808 de
1754 1751 1914 1853 (IIl-tri-

324 1845 426 1937 sto'
451 1845 779 1933 contrarium
805 1911 821 1935 ,
859 1864 1104 1919 Dominus
1133 1875 1160 1914 e
1204 1855 1349 1911 cazlo.
1399 1851 1456 1908 Si
1487 1860 1666 1904 autem
1695 1845 1913 1937 quidam

327 1935 450 2027 ideo
473 1969 655 2024 dicant
696 1959 979 2018 Dominum
1009 1969 1114 2008 non
1159 1949 1357 2003 habere
1393 1957 1611 2013 corpus,
1661 1935 1803 2008 quod
1831 1935 1914 1988 di-

324 2075 469 2120 ctum
496 2062 585 2125 sit,
618 2056 668 2112 E
689 2055 835 2116 cteio,
863 2047 1140 2106 sufficiunt
1165 2040 1380 2112 quidem
1423 2053 1542 2106 qua:
1571 2033 1686 2125 iam
1709 2029 1916 2100 pridem

327 2155 470 2209 dicta
501 2123 626 2206 sunt
657 2145 722 2198 ad
767 2159 860 2196 ora
905 2151 1094 2193 eorum
1140 2127 1510 2191 obstruenda;
1560 2123 1690 2179 nihil
1735 2129 1916 2175 autem

330 2255 498 2308 vetat,
526 2237 814 2312 quominus
841 2233 964 2286 hinc
983 2240 1196 2299 quoque
1218 2237 1312 2277 ora
1342 2233 1529 2276 eorum
1552 2218 1916 2315 obstrnamus.

331 2307 579 2406 Quidest
601 2337 767 2393 enim,
798 2323 1047 2381 Dominus
1069 2336 1096 2373 e
1120 2317 1244 2372 calo
1272 2315 1298 2368 γ
1325 2321 1646 2367 naturamne
1673 2307 1823 2365 dicit,
1853 2318 1922 2355 an

333 2402 592 2498 optimam
618 2423 742 2477 vita:
769 2413 1108 2473 instituenda:
1138 2409 1401 2465 rationem
1430 2403 1454 2458 ἲ
1483 2402 1666 2500 (luivis
1684 2406 1779 2500 est
1806 2411 1926 2465 per-

337 2493 622 2590 spicuum,
675 2511 818 2581 quod
867 2507 1126 2578 optimam
1179 2500 1301 2555 vita:
1351 2493 1572 2566 agenda:
1617 2493 1924 2591 rationem:

342 2583 394 2668 et
441 2611 563 2666 ideo
609 2603 928 2675 subiungit:
974 2597 1063 2653 49.
1110 2595 1256 2650 Sicut
1308 2588 1616 2661 portavimus
1663 2583 1932 2650 imaginem

343 2701 568 2763 terreni;
615 2698 716 2752 huc
757 2703 874 2756 est,
920 2691 1060 2744 sicut
1105 2685 1242 2739 mala
1285 2681 1542 2741 fecimus;
1590 2684 1848 2744 portemus
1888 2678 1934 2722 et

343 2795 613 2866 imaginem
651 2785 901 2848 caelestis;
932 2782 1033 2836 hoc
1059 2787 1164 2841 est,
1195 2774 1453 2829 faciamus
1483 2769 1704 2836 optitna.
1734 2763 1935 2817 Prmter

351 2861 467 2942 hazc
493 2894 673 2937 autem
698 2919 717 2946 ,
744 2894 807 2932 ex
840 2885 892 2930 te
923 2874 1151 2928 libenter
1175 2867 1485 2922 sciscitarer
1517 2879 1532 2916 :
1577 2861 1650 2914 De
1678 2866 1938 2910 naturane

348 2981 550 3035 dictum
579 2982 663 3029 est
689 3013 702 3036 ,
757 2968 858 3036 Qui
901 2982 964 3020 ea:
1011 2974 1145 3016 terra
1166 3001 1180 3022 ,
1231 2969 1457 3012 terrenus
1481 2995 1496 3018 ,
1529 2963 1604 3018 et,
1641 2949 1889 3002 Dominus
1915 2962 1941 2998 e

350 3071 477 3126 (telo
506 3068 532 3122 7
561 3064 790 3122 Maxime
815 3102 832 3128 ,
879 3058 1065 3128 inquit.
1112 3052 1248 3120 Quid
1281 3052 1448 3119 ergo?
1493 3057 1740 3102 terrenus
1768 3041 1939 3094 solum

355 3159 470 3217 erat
500 3157 668 3214 Adam
695 3197 712 3222 ,
741 3170 808 3206 an
839 3151 1074 3220 aliquam
1101 3145 1263 3201 etiam
1295 3142 1452 3194 aliam
1484 3136 1712 3192 habebat
1753 3149 1944 3187 essen-

359 3253 486 3307 tiam
518 3254 802 3319 cognatam
835 3238 1089 3310 supernis
1116 3246 1171 3291 et
1212 3230 1544 3300 incorporeis
1568 3269 1582 3290 ,
1611 3242 1771 3319 quam
1797 3225 1943 3319 Scri-

361 3353 514 3412 ptura
539 3314 694 3392 vdeat
719 3333 952 3388 animam
998 3339 1055 3383 et
1092 3325 1336 3396 spiritum
1364 3322 1387 3374 ?
1420 3320 1514 3374 Est
1542 3317 1712 3372 cuivis
1741 3314 1946 3384 perSpi-

358 3410 541 3494 cuum,
571 3426 713 3498 quod
743 3425 880 3477 hanc
908 3435 1144 3491 quoque.
1174 3416 1316 3485 Ergo
1348 3428 1521 3483 neque
1552 3410 1806 3465 Dominus
1834 3418 1950 3463 erat.

360 3522 536 3576 solum
566 3533 634 3573 ex
663 3513 870 3586 superis
896 3553 912 3578 ,
942 3510 1153 3566 etiamsi
1181 3507 1390 3562 dicatur
1420 3521 1452 3560 e
1477 3504 1632 3568 cado,
1658 3501 1754 3557 sed
1781 3501 1944 3555 etiam

361 3633 394 3671 c
412 3629 577 3670 :rnem
600 3617 928 3678 susceperat.
952 3603 1104 3671 Quod
1129 3611 1304 3658 autem
1327 3601 1477 3666 dicit,
1507 3610 1590 3655 est
1609 3596 1948 3668 huiusmodi:

371 3706 517 3760 Sicut
539 3702 850 3776 portavimus
880 3699 1152 3769 imaginem
1191 3695 1459 3758 terrestris,
1492 3693 1660 3748 malas
1686 3692 1950 3755 actiones,

371 3808 626 3870 portemus
673 3805 718 3850 et
762 3793 1032 3864 imaginem
1069 3790 1280 3845 caelestis
1305 3831 1321 3854 ,
1351 3802 1542 3856 nempe
1581 3788 1704 3840 vita:
1731 3783 1954 3855 agendae

370 3891 631 3944 rationem
675 3903 795 3958 quae
839 3893 924 3940 est
968 3884 1018 3938 in
1058 3883 1224 3936 caelis.
1260 3880 1314 3936 Si
1343 3890 1522 3934 autem
1556 3879 1864 3948 loqueretur
1888 3876 1956 3932 de

372 3992 580 4046 natura,
609 3995 717 4034 non
763 3975 1140 4031 adhortatione
1172 3988 1347 4044 neque
1376 3973 1603 4027 Consilio
1630 3986 1718 4025 res
1749 3979 1954 4040 egeret.

371 4071 731 4138 Quamobrem
768 4067 854 4123 vel
898 4066 1026 4122 hinc
1057 4065 1394 4135 perSpicutnn
1423 4074 1528 4128 est,
1556 4062 1696 4134 quod
1727 4061 1795 4117 de
1835 4063 1958 4117 vita:

373 4162 594 4233 agenda:
639 4158 847 4214 ratione
876 4166 960 4210 est
986 4158 1035 4210 id
1079 4157 1220 4226 quod
1253 4155 1467 4210 dicitur.
1517 4156 1582 4208 Et
1622 4153 1740 4208 ideo
1767 4169 1960 4208 consu-

376 4252 538 4308 lendo
582 4249 784 4304 inducit
831 4247 1149 4312 oralionem,
1196 4255 1252 4301 et
1279 4245 1515 4315 appellat
1562 4245 1867 4314 imaginem,
1897 4259 1961 4299 ea

378 4345 588 4399 ratione
614 4357 798 4396 rursus
823 4340 1136 4404 ostendens,
1168 4339 1311 4408 quod
1339 4339 1406 4392 de
1427 4339 1635 4391 actione
1662 4337 1826 4403 dicat,
1855 4354 1960 4391 non

380 4438 448 4492 de
495 4445 704 4490 natura.
761 4433 1049 4502 Propterea
1092 4432 1235 4486 enim
1285 4430 1460 4485 ell'ecti
1510 4445 1694 4484 sumus
1743 4429 1962 4489 terreni.

377 4529 628 4602 quoniam
657 4527 793 4581 mala
821 4524 1044 4581 fecimus
1078 4543 1090 4580 :
1120 4540 1225 4578 non
1244 4523 1493 4593 quoniam
1519 4525 1586 4577 ab
1615 4524 1765 4577 initio
1787 4521 1964 4577 ell'ecti

383 4636 571 4678 sumus
619 4619 853 4683 terreni,
895 4617 990 4672 sed
1042 4617 1293 4687 quoniam
1344 4617 1700 4684 peccavimus.
1759 4615 1966 4669 Etenim

386 4721 664 4784 peccatum
699 4711 929 4780 primum
968 4718 1020 4762 et
1068 4718 1191 4761 tunc
1223 4723 1367 4760 mors
1391 4749 1404 4771 ,
1435 4717 1489 4761 et
1516 4706 1666 4770 illud,
1695 4706 1856 4759 Terra
1893 4722 1967 4770 es,

387 4815 435 4858 et
457 4808 510 4858 in
533 4815 719 4857 terram
749 4802 1006 4856 reverteris
1032 4798 1180 4870 (Gen.
1210 4800 1262 4854 5.
1296 4795 1383 4872 19)
1413 4816 1426 4851 :
1459 4808 1582 4853 tunc
1609 4799 1768 4854 etiam
1801 4798 1970 4853 intra-

389 4895 468 4948 vit
490 4908 717 4948 examen
747 4893 908 4946 animi
940 4900 1183 4945 motuum
1209 4899 1263 4943 et
1286 4889 1764 4959 perturbationum.
1789 4890 1972 4960 Neque

387 4987 531 5040 enim
560 5001 624 5038 ex
655 4994 793 5038 terra
824 4998 944 5038 esse
975 4984 1213 5054 genitum
1245 4982 1369 5036 facit
1393 4981 1635 5038 absolute
1665 4994 1970 5050 terrenum;

387 5095 509 5134 nam
548 5079 802 5130 Dominus
830 5092 1043 5146 quoque
1070 5086 1184 5130 erat
1222 5091 1290 5130 ex
1322 5075 1510 5130 eadem
1553 5091 1727 5131 massa
1753 5087 1807 5132 et
1832 5092 1967 5132 con-

388 5167 665 5238 spersione
697 5184 710 5228 ;
751 5166 844 5221 sed
877 5177 1084 5221 terrena
1114 5183 1272 5236 agere
1315 5184 1328 5217 :
1360 5167 1496 5223 sicut
1532 5169 1692 5223 etiam
1723 5169 1937 5224 caeleste
1957 5212 1972 5234 ,

394 5274 554 5330 agerc
582 5275 700 5327 quae
729 5268 854 5312 sunt
872 5258 1030 5330 digna
1054 5261 1218 5314 melis.
1248 5259 1354 5314 Sed
1385 5259 1512 5330 quid
1531 5261 1598 5316 ad
1622 5261 1723 5317 hoc
1745 5261 1975 5332 proban-

397 5353 526 5405 dum
555 5365 688 5420 opus
717 5361 800 5406 est
828 5351 1074 5407 laborare
1091 5354 1525 5422 supervacanee?
1554 5355 1667 5422 ipse
1687 5355 1829 5409 enim
1855 5369 1976 5424 pro-

394 5443 597 5499 cedens
629 5443 782 5498 nobis
813 5458 1029 5499 sensum
1055 5443 1246 5514 aperit.
1278 5445 1459 5499 dicens
1492 5463 1505 5500 :
1538 5446 1627 5502 50.
1663 5445 1776 5499 Hoc
1807 5458 1977 5499 autem

396 5535 531 5601 dico,
571 5535 773 5605 fratres.
819 5535 955 5606 quod
997 5552 1117 5588 caro
1165 5546 1211 5589 et
1247 5537 1452 5606 sanguis
1495 5553 1704 5608 regnum
1739 5537 1835 5591 Dei
1877 5555 1978 5592 non

397 5629 742 5699 possidebunt.
766 5627 1013 5682 Vidistin'
1041 5627 1310 5698 quomodo
1338 5642 1520 5688 rursus
1544 5629 1780 5697 scipsutn
1809 5631 1976 5684 inter-

401 5734 656 5792 pretetur,
692 5737 788 5778 nos
812 5721 1042 5779 liberans
1069 5737 1097 5774 a
1131 5721 1355 5793 negotiis
1383 5725 1406 5774 ’ί
1431 5722 1571 5795 qttod
1605 5723 1818 5797 quidem
1852 5725 1977 5781 facit

1014 273 1072 328 S.
1112 266 1389 328 JOANNIS
1426 252 1896 320 CHRYSOSTUMI
1935 252 2254 307 ARCHIEP.
2295 251 2825 308 CONSTANTINOP.

1991 370 2152 422 etiam
2187 369 2240 422 in
2282 369 2464 422 multis
2500 370 2651 423 locis.
2701 368 2928 422 Carnem
2959 369 3098 422 cuitu
3139 369 3223 424 hic
3253 380 3405 426 vocat
3437 373 3574 427 mala

1989 475 2175 530 opera,
2197 460 2337 529 quod
2364 469 2420 514 et
2441 460 2566 514 alibi
2591 460 2734 524 fecit,
2764 470 2820 514 ut
2844 459 3056 529 quando
3083 460 3213 516 dicit
3237 480 3250 514 ε
3286 461 3386 517 γοα
3410 475 3579 518 acuent

1991 569 2094 606 non
2115 552 2232 605 estis
2255 552 2308 604 in
2327 567 2510 614 carne;
2535 562 2588 604 et
2618 566 2825 616 rursus,
2856 550 2956 617 Qui
2977 561 3143 605 autent
3166 563 3284 605 sunt
3312 555 3366 606 in
3391 571 3578 621 carne,

1995 641 2105 697 Deo
2129 649 2329 711 placere
2357 659 2456 696 non
2490 651 2696 710 possunt
2719 641 2905 712 (Rom.
2930 642 2988 697 8.
3011 642 3064 696 9.
3103 648 3136 698 8
3153 643 3194 714 ).
3220 644 3582 711 Quamobrem

3470 255 3570 310 56s

1997 737 2210 811 quando
2226 736 2374 801 dicit,
2401 735 2516 789 lloc
2542 746 2710 790 autem
2735 736 2888 800 dico;
2916 736 3044 790 nihil
3076 736 3217 791 aliud
3243 737 3392 804 dicit,
3423 754 3583 809 quam

1999 845 2060 884 se
2089 840 2370 898 propterea
2417 827 2518 883 hoc
2567 828 2788 893 dixisse,
2824 839 2880 882 ut
2924 828 3100 884 discas
3146 832 3314 884 malas
3344 832 3587 888 actiones

2003 919 2056 972 in
2090 934 2310 988 regnum
2362 935 2467 971 non
2514 918 2871 972 introducere.
2895 917 3027 973 Nam
3069 930 3188 988 post
3233 923 3589 977 resurrectio.

2004 1026 2126 1064 nem
2171 1010 2349 1064 statim
2393 1009 2460 1063 de
2507 1025 2672 1079 regno
2726 1009 2928 1064 inducit
2973 1026 3319 1078 sermonem;
3367 1023 3422 1068 et
3471 1015 3593 1069 ideo

2005 1103 2273 1172 Subiunxit
2328 1120 2343 1157 :
2383 1101 2560 1172 Neque
2586 1103 2844 1172 corruptio
2868 1103 3265 1172 incorruptefum
3295 1108 3593 1174 possidebit.

2007 1195 2120 1252 lloc
2147 1205 2258 1258 est,
2299 1195 2483 1250 vitium
2526 1211 2629 1249 non
2661 1197 2897 1265 possidet
2929 1197 3154 1267 gloriam
3197 1198 3346 1253 illam
3379 1208 3437 1254 et
3469 1215 3596 1268 per-

2009 1290 2310 1356 ceptionem
2370 1303 2433 1342 ac
2484 1286 2790 1342 fruitionem
2851 1288 3333 1359 ineorruptibilium
3390 1305 3597 1343 rerum.

2016 1379 2229 1434 Etenim
2262 1379 2444 1432 multis
2474 1379 2526 1432 in
2568 1379 2701 1434 locis
2741 1394 2926 1434 rursus
2958 1395 3084 1434 usus
3113 1390 3198 1434 est
3237 1381 3338 1436 hac
3361 1382 3605 1450 appella-

2017 1470 2182 1533 tione,
2210 1469 2394 1523 dicens
2424 1486 2436 1522 :
2469 1469 2568 1536 Qui
2594 1469 2807 1522 seminat
2845 1471 2898 1523 in
2923 1487 3146 1532 carnem,
3174 1487 3238 1524 ea:
3261 1487 3416 1525 carne
3457 1481 3605 1526 metet

2017 1562 2389 1632 corruptionem
2411 1561 2552 1630 (Gai.
2580 1563 2634 1617 6.
2660 1562 2736 1632 8).
2756 1562 2810 1618 Si
2837 1572 3015 1618 autem
3037 1563 3242 1618 diceret
3267 1563 3334 1618 de
3351 1579 3603 1632 corpore,

2019 1670 2126 1708 non
2151 1663 2330 1709 autem
2367 1654 2436 1710 de
2464 1656 2601 1710 mala
2630 1657 2862 1720 actione,
2907 1672 3010 1710 non
3037 1656 3261 1711 dixisset
3287 1659 3601 1727 corruptio-

2020 1762 2190 1812 nem;
2232 1763 2494 1817 nusquam
2537 1749 2680 1802 enim
2727 1763 2924 1818 corpus
2959 1758 3112 1802 vocat
3155 1752 3608 1819 corruptionem;

2021 1857 2194 1911 neque
2221 1842 2362 1896 enim
2393 1841 2666 1910 corruptio
2708 1851 2830 1907 est,
2857 1842 2950 1895 sed
2987 1843 3357 1911 corruptibile.
3407 1845 3608 1910 Quam-

2023 1935 2207 1990 obrem
2251 1935 2574 2006 procedens,
2619 1945 2672 1990 et
2703 1935 2770 1989 de
2805 1951 2870 1990 eo
2895 1935 3204 2001 disserens,
3249 1952 3353 1991 non
3389 1939 3440 1989 id
3482 1937 3616 1992 dixit

2023 2029 2443 2098 corruptionem,
2470 2027 2566 2082 sed
2591 2028 2958 2098 corruptibile,
2992 2029 3214 2082 dicens:
3255 2027 3472 2098 Oportet
3505 2045 3616 2082 cor.

2026 2120 2264 2188 ruptibile
2293 2121 2388 2174 hoc
2433 2119 2643 2173 induere
2669 2119 3118 2189 incorruptionem.
3151 2119 3352 2175 Deinde
3394 2138 3521 2175 cum
3551 2123 3619 2176 de

2031 2217 2154 2268 vita:
2182 2213 2401 2284 agendae
2427 2214 2634 2268 ratione
2650 2214 2968 2268 absolvisset
2993 2213 3444 2280 admonitionem;
3474 2215 3619 2285 quod

2030 2321 2245 2375 Semper
2262 2306 2398 2360 solet
2415 2303 2614 2370 facere,
2637 2315 3004 2375 argumentum
3029 2318 3342 2376 argumento
3363 2307 3621 2364 continuo

2031 2398 2350 2462 admiscens,
2378 2403 2662 2452 revertitur
2699 2413 2881 2452 rurSus
2907 2398 2972 2452 ad
2999 2399 3318 2470 loquendum
3336 2401 3404 2454 de
3432 2417 3622 2456 resur-

2034 2492 2271 2547 rectione
2290 2532 2306 2557 ,
2337 2494 2413 2546 sic
2453 2492 2640 2548 dicens
2671 2511 2685 2546 :
2717 2492 2806 2546 51.
2838 2491 2967 2546 Ecce
3005 2493 3295 2562 mysterium
3321 2476 3460 2546 nobis
3487 2495 3621 2546 dico.

2105 2584 2160 2638 2.
2191 2583 2565 2639 Venerandum
2588 2583 2856 2654 quidpiam
2882 2595 2935 2637 et
2960 2599 3232 2645 arcanum,
3265 2594 3319 2638 et
3344 2585 3490 2652 quod
3520 2602 3623 2639 non

2036 2691 2226 2730 omnes
2263 2686 2492 2742 norunt,
2526 2683 2611 2730 est
2648 2676 2888 2730 dicturus
2919 2693 2932 2728 ε
2973 2676 3113 2744 quod
3167 2677 3327 2731 etiam
3389 2679 3628 2732 ostendit

2041 2783 2287 2837 magnum
2327 2767 2588 2822 honorem
2619 2784 2726 2838 qtto
2753 2783 2850 2823 eos
2878 2767 3062 2831 afhcit,
3095 2785 3290 2839 nempe
3321 2771 3401 2825 eis
3429 2787 3626 2825 arcana

2042 2861 2240 2916 dicere.
2281 2861 2418 2928 Quid
2450 2860 2552 2915 hoc
2582 2871 2759 2914 autem
2789 2861 2914 2914 est?
2942 2859 3062 2914 Non
3093 2879 3263 2915 omnes
3290 2864 3496 2931 quidem
3526 2881 3633 2916 mo-

2043 2954 2251 3018 riemur,
2285 2962 2330 3005 et
2371 2969 2543 3006 onmes
2585 2953 2980 3006 immutabimur.
3025 2952 3138 3008 Hoc
3166 2965 3244 3008 est
3273 2966 3455 3008 autem
3488 2957 3631 3025 quod

2046 3046 2174 3101 dicit
2201 3063 2216 3100 :
2243 3045 2361 3099 Non
2393 3059 2584 3099 omnes
2621 3045 2834 3114 quidem
2866 3047 3176 3108 moriemur,
3221 3062 3410 3100 omnes
3451 3057 3634 3100 autem

2049 3125 2474 3205 itnmutabimur,
2517 3139 2676 3194 etiam
2727 3139 2817 3208 qui
2862 3155 2964 3192 non
3016 3141 3359 3192 moriuntur:
3391 3156 3517 3193 nam
3563 3140 3636 3194 illi

2049 3248 2262 3304 quoque
2309 3241 2438 3287 sunt
2475 3231 2744 3286 mortales.
2789 3231 2865 3286 Ne
2893 3246 3019 3302 ergo
3061 3231 3315 3301 quoniam
3359 3232 3637 3297 morieris,

2051 3335 2369 3394 propterea,
2401 3323 2605 3394 inquit,
2636 3323 2822 3377 timeas
2852 3332 3119 3392 tamquam
3156 3336 3260 3376 non
3294 3335 3639 3377 resurrectu-

2055 3433 2145 3470 rus
2179 3432 2192 3468 :
2222 3425 2348 3470 sunt
2372 3415 2538 3479 enim,
2569 3425 2695 3469 sunt
2719 3415 2880 3467 etiam
2910 3414 3073 3484 aliqui
3098 3414 3187 3485 qui
3219 3414 3319 3468 hoc
3346 3414 3639 3485 effugient;

2053 3518 2107 3561 et
2135 3517 2310 3562 tamen
2330 3507 2429 3560 hoc
2454 3507 2532 3561 eis
2559 3522 2667 3560 non
2693 3505 2889 3560 sttﬂicit
2907 3505 2976 3560 ad
2997 3506 3144 3561 illam
3163 3507 3642 3570 resurrectionem,

2055 3601 2148 3656 sed
2177 3609 2387 3669 oportet
2417 3599 2502 3654 illa
2532 3615 2744 3669 quoque
2771 3614 3002 3676 cprpora
3026 3615 3148 3669 qua:
3177 3613 3282 3653 non
3311 3599 3642 3664 moriuntur,

2058 3693 2326 3748 immutari
2354 3703 2408 3746 et
2435 3693 2665 3746 transire
2693 3691 2758 3745 ad
2791 3692 3267 3760 incorruptionem.
3298 3691 3389 3747 52.
3423 3689 3494 3745 1η
3529 3709 3642 3746 mo-

2058 3795 2244 3851 mento,
2286 3786 2340 3839 in
2367 3786 2470 3838 ictu
2496 3785 2651 3851 oculi,
2676 3786 2727 3838 in
2749 3785 3019 3839 novissima
3047 3783 3190 3838 tuba.
3215 3784 3475 3853 Quoniam
3508 3787 3647 3840 mul-

2061 3889 2170 3933 tum
2215 3879 2502 3948 disputavit
2549 3878 2616 3933 de
2670 3879 3102 3943 resurrectione,
3160 3888 3284 3933 tunc
3334 3887 3646 3948 opportune

2061 3970 2298 4027 ostendit
2327 3969 2377 4026 id
2403 3970 2543 4041 quod
2575 3979 2658 4025 est
2701 3973 2755 4024 in
2795 3985 2856 4024 ea
2887 3969 3202 4024 admirabile
3227 3979 3282 4025 et
3311 3981 3508 4040 prmter
3534 3973 3650 4041 opi-

2061 4063 2300 4117 nionem.
2350 4061 2465 4115 Non
2505 4068 2588 4116 est
2634 4061 2776 4116 enim
2825 4059 2927 4114 hoc
2970 4060 3144 4115 solum
3191 4061 3454 4122 mirabile,
3502 4062 3649 4131 quod

2067 4155 2292 4222 primum
2313 4162 2621 4223 putrescunt
2644 4167 2867 4222 corpora
2897 4161 2952 4207 et
2970 4162 3094 4206 tunc
3112 4162 3415 4222 resurgunt,
3439 4154 3613 4224 inquit
3635 4171 3650 4218 ;

2064 4255 2119 4300 et
2146 4245 2285 4314 quod
2316 4245 2398 4307 iis,
2423 4262 2540 4314 qua:
2571 4261 2711 4299 nunc
2737 4253 2887 4309 sunt,
2923 4245 3147 4298 meliora
3178 4259 3241 4298 ac
3272 4247 3648 4315 praestantiora

2065 4354 2185 4408 qum
2210 4347 2492 4407 resurgunt
2519 4353 2534 4402 ;
2557 4347 2613 4392 et
2635 4336 2776 4407 quod
2797 4337 2862 4390 ad
2886 4337 3041 4407 longe
3068 4336 3342 4391 meliorem
3374 4347 3653 4392 transeant

2063 4429 2464 4524 gonditionem,
2509 4444 2680 4498 neque
2735 4427 2876 4497 quod
2924 4429 3284 4499 unusquisque
3333 4429 3478 4498 quod
3534 4447 3655 4498 pro-

2070 4511 2245 4592 prium
2273 4532 2355 4576 est
2377 4522 2622 4591 accipiat,
2651 4531 2707 4576 et
2736 4521 2911 4576 nullus
2938 4511 3078 4592 quoii
3106 4521 3363 4578 alterius:
3387 4523 3482 4578 sed
3509 4524 3653 4593 quod

2075 4627 2178 4669 tant
2209 4614 2375 4669 multa
2397 4657 2413 4678 ,
2461 4623 2602 4668 tanta
2645 4622 2700 4668 et
2740 4616 2860 4668 talia
2881 4656 2896 4679 ,
2925 4625 2980 4669 et
3009 4631 3127 4685 qua:
3151 4630 3365 4670 omnem
3394 4628 3653 4685 superant

2074 4709 2338 4762 rationem
2361 4717 2415 4761 et
2439 4718 2692 4774 mentem,
2715 4707 2909 4762 fiantin
2941 4719 3229 4764 momento.
3262 4709 3327 4762 Et
3353 4713 3454 4764 hoc
3484 4710 3652 4779 signi-

2078 4805 2240 4856 ticaus
2263 4801 2619 4868 manifestius,
2650 4800 2716 4855 In
2751 4802 2853 4854 ictu
2882 4801 3036 4867 oculi,
3064 4801 3213 4866 dicit,
3241 4801 3292 4855 id
3324 4812 3425 4864 est,
3454 4815 3657 4872 quanto

2078 4903 2318 4962 tempore
2342 4893 2608 4946 clauditur
2629 4892 2836 4947 cilium.
2872 4893 3072 4947 Deinde
3099 4893 3349 4962 quoniam
3377 4893 3513 4947 dixit
3543 4911 3655 4948 rem

2078 5000 2322 5054 magnam
2351 4993 2405 5038 et
2435 4994 2655 5054 stupore
2695 4985 2906 5054 plenam
2929 5027 2944 5051 ,
2973 4985 3016 5038 si
3048 5000 3135 5040 res
3163 4994 3237 5039 tot
3260 4995 3314 5039 et
3345 4995 3506 5040 tanta:
3549 4998 3654 5040 tam

2078 5085 2298 5145 repente
2342 5078 2502 5143 fiant,
2542 5075 2812 5146 subiungit
2851 5076 2916 5131 ad
2965 5076 3497 5141 demonstrationem,
3521 5077 3659 5132 red-

2078 5169 2212 5224 deus
2242 5169 2495 5225 credibile
2519 5169 2660 5240 quod
2689 5169 2915 5224 dicitur:
2941 5169 3096 5224 Canet
3116 5171 3249 5224 enim
3279 5171 3415 5236 tuba,
3446 5181 3495 5224 et
3518 5188 3658 5224 mor-

2082 5267 2156 5315 tui
2189 5270 2450 5333 resurgent
2498 5261 2802 5331 incorrupti,
2847 5271 2894 5315 et
2938 5279 3029 5315 nos
3073 5263 3470 5316 immutabimur.
3504 5262 3657 5329 Illud,

2084 5351 2217 5418 Nos,
2246 5367 2350 5406 non
2381 5349 2591 5405 dicitde
2617 5353 2816 5422 seipso,
2840 5351 2934 5408 sed
2957 5351 3022 5406 de
3049 5351 3111 5406 iis
3129 5353 3216 5423 qui
3241 5364 3362 5406 tunc
3387 5354 3662 5409 invenien-

2086 5456 2170 5500 tur
2197 5445 2460 5499 viventes.
2491 5445 2581 5499 55.
2613 5443 2822 5514 Oportet
2840 5445 2970 5498 enim
2995 5444 3318 5514 corruptibiie
3335 5447 3430 5498 hoc
3456 5446 3662 5499 induere

2085 5538 2532 5607 incorruptionem.
2573 5530 2651 5591 Ne
2677 5535 2819 5590 enim
2842 5579 2854 5600 ,
2885 5553 3005 5591 cutn
3035 5537 3267 5592 audieris
3293 5540 3432 5608 quod
3461 5555 3584 5592 caro
3609 5547 3664 5592 et

2087 5632 2304 5700 sanguis
2333 5647 2553 5701 regnum
2605 5630 2699 5685 Dei
2739 5645 2847 5685 non
2878 5631 3189 5702 possidebit,
3219 5634 3494 5688 existimes
3545 5647 3663 5686 cor-

2093 5739 2220 5796 pora
2253 5739 2359 5780 ron
2390 5738 2708 5794 resurgere,
2751 5723 3025 5796 subiunxit
3053 5739 3068 5780 :
3099 5722 3306 5796 Oportet
3345 5724 3664 5797 corruptibili:
