3802 6214
143 258 206 315 $65
1032 250 1101 306 IN

148 396 206 440 ως
239 370 511 429 ἀπολοῦνται
548 368 644 424 καὶ
674 369 1107 439 τελευτήσουσιν.
1160 359 1294 433 Οἶος
1344 377 1376 421 ο
1417 367 1599 420 ἐπου-

144 472 304 535 ἁνιος,
333 466 559 520 τοιοῦτοι
602 464 699 518 καὶ
734 466 788 516 οί
824 460 1185 529 ἐπουράνιοι.
1223 461 1377 513 Οῦτω
1408 460 1599 531 μενοῦ-

146 583 183 619 ιν
208 560 417 615 ἀθάνατοι
443 558 532 613 καὶ
560 557 886 628 λάμποντες.
925 552 988 607 Τί
1022 549 1148 619 οῦν;
1177 553 1296 623 οὐχὶ
1328 554 1422 607 καλ⁵
1450 550 1605 618 οὗτος

145 655 355 716 πέθανεν;
390 648 635 702 Ἀπέθανε
671 646 790 717 μὲν,
830 644 947 697 ἀλλ’
988 644 1141 698 οὐδὲν
1184 642 1435 696 ἐντεῦθεν
1462 661 1605 716 παρ-

143 744 291 813 ελάόη,
311 743 424 796 ἀλλὰ
439 738 715 809 καὶταύτῃ
739 738 828 790 τὸν
851 736 1080 790 θάνατον
1100 736 1421 791 κατέλυσεν.
1451 732 1606 798 Εἶδες

143 838 203 900 ὦς
228 833 471 888 κάντεῦθεν
499 832 577 902 τῷ
623 831 836 900 θανάτῳ
865 830 926 883 τὸ
957 830 1085 900 περὶ
1125 829 1225 900 τῆς
1257 829 1607 893 ἀναστάσεως

143 930 349 996 δνέστησε
373 925 564 994 δόγμα;
598 924 779 993 Ἔχων
820 922 949 993 γὰρ,
980 923 1118 992 ὅπερ
1144 920 1293 993 [595]
1334 920 1504 993 ἔφθην
1530 925 1606 974 εἰσ

143 1021 215 1079 ὼν,
245 1017 328 1087 τὴν
358 1017 514 1086 ἀρχὴν
547 1016 639 1067 καὶ
681 1014 776 1084 τὴν
815 1013 1056 1083 κεφαλὴν
1078 1056 1091 1078 ,
1126 1013 1282 1084 φησὶ,
1319 1014 1393 1085 μὴ
1438 1014 1607 1084 ἀμφί-

143 1110 233 1162 ιλλε
260 1108 370 1178 περὶ
402 1106 485 1159 τοῦ
518 1106 769 1176 σώματος
800 1104 1017 1166 παντός.
1051 1104 1197 1173 Πλὴν
1228 1103 1321 1157 καὶ
1350 1103 1450 1174 τὴν
1477 1103 1607 1172 περὶ

143 1199 330 1263 ›λιτείας
376 1198 590 1269 ἀρίστην
636 1195 885 1248 ἐντεῦθεν
936 1184 1205 1265 γυμνάζει
1256 1194 1605 1265 παραίνεσιν,

143 1288 412 1358 ιοδείγματα
436 1285 637 1356 ὑψηλοῦ
668 1286 762 1337 καὶ
790 1285 1077 1354 φιλοσόφου
1111 1284 1247 1354 βίου,
1278 1285 1371 1337 καὶ
1406 1284 1465 1336 οὐ
1492 1300 1604 1336 τοι·

145 1398 224 1432 του
252 1378 431 1440 τιθεὶς,
461 1378 552 1429 καὶ
588 1376 790 1427 τούτων
834 1374 1159 1445 ἀμφοτέρων
1202 1374 1469 1444 παράγων
1507 1372 1606 1435 τὰς

144 1470 254 1541 κάς,
280 1467 361 1521 τοῦ
396 1468 486 1537 μὲν
520 1467 907 1537 τὸνἽὶριστὸν,
935 1465 1027 1518 τοῦ
1061 1466 1117 1519 δὲ
1143 1464 1234 1519 τὸν
1275 1464 1464 1536 Ἀδάμ.
1509 1465 1608 1518 Διά

143 1566 221 1618 ῦτο
243 1563 351 1615 οὐδὲ
377 1559 549 1624 ἁπλῶς
574 1556 747 1618 εἶπεν,
766 1561 859 1612 Ἐκ
874 1560 995 1629 γῆς,
1017 1558 1174 1625 ἀλλὰ,
1194 1560 1429 1626 Χοϊκός,
1454 1575 1607 1611 τουτ-

143 1675 211 1722 τι,
262 1657 452 1725 παχὺς,
482 1658 593 1718 τοῖς
633 1653 869 1725 παροῦσι
902 1652 1348 1723 προσηλωμένος·
1381 1652 1474 1706 καὶ
1505 1653 1609 1705 πά-

143 1752 255 1805 ιέπὶ
281 1750 364 1803 τοῦ
396 1748 626 1820 Χριστοῦ
666 1747 997 1811 τούναντίον,
1041 1749 1103 1799 '0
1144 1747 1362 1814 Κύριος
1397 1744 1466 1810 ἐξ
1509 1748 1608 1799 οὑ-

144 1843 260 1897 νοῦ.
292 1843 350 1896 Εἰ
392 1842 444 1894 δὲ
483 1840 690 1907 λέγοιέν
723 1857 865 1902 τινες
893 1839 982 1892 διὰ
1018 1837 1177 1891 τοῦτο
1228 1837 1303 1908 μὴ
1334 1837 1480 1907 ἐχειν
1516 1837 1607 1890 τὸν

152 1954 259 2008 ριον
282 1935 445 2005 σῶμα,
472 1934 558 1987 διὰ
580 1934 663 1995 τὸ,
708 1933 807 1997 Ἐξ
837 1932 1119 2001 οὐρανοῦ,
1148 1931 1421 2001 εἰρῆσθαι,
1450 1930 1608 1983 ἱκανά

144 2049 159 2081 ν
187 2030 277 2081 καὶ
298 2027 362 2079 τὰ
390 2026 647 2095 εἰρημένα
680 2025 847 2078 πάλαι
886 2024 1161 2094 ἐμφράξαι
1188 2022 1365 2077 αὐτῶν
1388 2024 1457 2076 τὰ
1485 2024 1605 2075 στό-

143 2138 225 2183 τα,
257 2119 396 2173 οὐδὲν
420 2117 474 2169 δὲ
506 2115 707 2169 κωλύει
743 2116 837 2169 καὶ
873 2115 1120 2167 ἐντεῦθεν
1165 2115 1359 2177 αὐτοὺς
1395 2116 1608 2167 ἐπιστο-

143 2230 230 2264 ται.
268 2211 330 2263 Τί
367 2210 469 2278 γάρ
502 2210 672 2271 ἐστιν,
717 2209 780 2259 '0
824 2208 1035 2274 Κύριος
1070 2205 1139 2269 ἐξ
1178 2203 1470 2272 οὐρανοιῆ
1510 2204 1608 2273 τὴν

143 2321 211 2357 ςιν
243 2303 403 2370 λέγει,
450 2301 482 2370 ἢ
519 2302 618 2370 τὴν
659 2299 887 2369 ἀρίστην
936 2297 1246 2359 πολιτείανς
1290 2295 1458 2349 Παντί
1506 2312 1608 2347 που

146 2416 225 2461 ον,
270 2397 347 2448 δτι
393 2396 487 2464 τὴν
534 2391 828 2445 πολιτείαν·
870 2390 951 2443 διὸ
985 2390 1079 2442 καὶ
1122 2390 1352 2455 ἐπάγει·
1405 2386 1611 2451 Καθὼς

144 2492 413 2558 Ψέσαμεν
462 2487 576 2553 τὴν
637 2488 841 2539 είκόνα
889 2484 995 2538 τοῦ
1047 2482 1258 2552 χοϊκοῦ
1304 2482 1607 2551 (τουτέστι,

143 2582 241 2644 id);
283 2579 452 2649 φαῦλα
482 2576 842 2647 ἐπράξαμεν),
875 2574 1223 2643 φορέσωμεν
1248 2572 1345 2625 καί
1386 2571 1500 2637 τὴν
1529 2572 1609 2623 εί-

143 2690 189 2725 ἀ
213 2668 678 2737 τοῦέπουρανίου
699 2684 712 2697 ·
734 2666 1032 2728 τουτέστιν,
1052 2666 1275 2735 Ἀριστα
1294 2662 1607 2732 πράξωμεν.

143 2763 223 2833 ρἰς
269 2761 326 2814 δὲ
369 2759 601 2821 τούτων,
651 2755 871 2809 κάκεῖνό
925 2772 983 2807 σε
1028 2754 1199 2826 ἡδέως
1247 2753 1313 2807 ἂν
1359 2752 1609 2824 ἐροίμην·

143 2853 177 2903 ἡ
213 2850 433 2919 φύσεως
481 2850 722 2918 εἴρηται·
777 2846 840 2898 '0
879 2844 946 2896 ἐκ
964 2843 1076 2913 γῆς
1107 2841 1331 2911 χοϊκός,
1365 2842 1492 2904 καὶ,
1557 2839 1610 2892 Ὁ

144 2961 251 3009 ιιος
299 2942 365 3006 ἐξ
386 2940 673 3007 οὺρανοῦ;
703 2938 832 2999 Ναὶ,
862 2936 1013 3006 φησί.
1049 2934 1120 2987 Τί*
1146 2932 1275 2999 οῦν;
1307 2933 1487 3003 χοῖκὸς
1513 2932 1612 3002 μό-

144 3031 217 3104 ἦν
247 3036 279 3087 ὁ
318 3032 508 3101 Ἀδάμ,
607 3031 700 3082 καὶ
730 3028 895 3097 ἄλλην
929 3026 1051 3079 τινὰ
1082 3021 1226 3095 εἶχεν
1257 3025 1444 3077 οὐσίαν
1479 3041 1610 3091 συγ-

143 3130 159 3197 ᾗ
181 3128 306 3187 τοῖς
325 3125 434 3178 ἀνω
453 3124 545 3176 καὶ
561 3120 890 3190 ἀσωμάτοις,
913 3120 978 3189 ἣν
996 3118 1173 3188 ψυχὴν
1196 3117 1400 3188 καλεῖὴ
1422 3116 1612 3187 Γραφὴ

148 3218 412 3289 πνεῦμα;
449 3214 617 3267 Παντί
648 3231 750 3266 που
782 3214 960 3281 δῆλον,
986 3212 1067 3264 ὅτι
1102 3212 1194 3264 καὶ
1215 3211 1439 3280 ταύτην.
1474 3209 1615 3262 Οὐκ-

163 3310 307 3364 οὐδὲ
348 3312 379 3363 6
410 3308 614 3379 Κύριος
644 3300 712 3377 ἦν
753 3304 959 3358 ἄνωθεν
993 3303 1170 3373 μόνον,
1207 3304 1256 3354 εἰ
1298 3303 1394 3355 καὶ
1435 3299 1496 3365 ἐξ
1524 3302 1614 3354 οὐ·

143 3401 185 3453 ιῦ
222 3400 470 3468 λέγοιτο,
504 3396 638 3451 ἀλλὰ
671 3398 767 3449 καὶ
800 3395 977 3466 σάρκα
1010 3393 1309 3464 ἀνειλήφει.
1347 3394 1412 3446 Ὃ
1444 3392 1499 3444 δὲ
1530 3392 1615 3444 λέ-

157 3492 426 3547 τοιοῦτόν
457 3495 589 3544 ἐστι·
620 3486 825 3553 Καθὼς
856 3484 1228 3556 ἐφορέσαμεν
1260 3486 1373 3552 τὴν
1412 3486 1616 3540 εἰκόνα

159 3585 418 3656 χοϊκοῦ,
456 3584 554 3644 τὰς
583 3583 829 3653 πονηρὰς
860 3580 1105 3651 πράξεις,
1143 3576 1492 3647 φορέσωμεν
1518 3577 1616 3630 καὶ

147 3677 384 3731 εἰκόνα
416 3674 522 3727 τοῦ
565 3672 945 3740 ἐπουρανίου,
985 3672 1083 3741 τὴν
1113 3669 1388 3723 πολιτείαν
1421 3669 1518 3740 τὴν
1558 3671 1615 3722 ἐν

163 3770 468 3837 οὐρανοῖς.
526 3766 586 3817 Εἰ
630 3764 687 3817 δὲ
719 3762 1089 3835 περὶφύσεως
1141 3758 1210 3833 ἦν
1251 3763 1280 3815 ό
1322 3761 1509 3829 λόγος,
1553 3762 1613 3814 οὐ

143 3862 439 3932 ικλήσεως
496 3858 664 3910 ἐδεῖτο
712 3856 773 3909 τὸ
823 3856 1053 3926 πρᾶγμα
1101 3855 1221 3907 οὐδὲ
1269 3855 1611 3927 συμϐουλῆς·

166 3954 501 4009 κάντεῦθεν
527 3947 708 4022 δῆλον,
736 3951 818 4002 ὄτι
854 3949 982 4018 περὶ
1009 3948 1281 4012 πολιτείας
1306 3948 1366 4001 τὸ
1389 3949 1617 4019 λεγόμε-

143 4047 253 4099 Διδ
300 4046 401 4097 καὶ
435 4040 911 4113 συμϐουλευτικῶς
942 4040 1152 4106 εἰσάγει
1193 4039 1283 4091 τὸν
1312 4039 1490 4107 λόγον,
1524 4040 1617 4093 καὶ

144 4161 186 4196 σ.
217 4140 425 4201 καλεῖ,
462 4135 749 4206 καὶταύτῃ
781 4135 943 4188 πάλιν
985 4132 1161 4202 δηλῶν
1202 4132 1282 4184 ὅτι
1322 4133 1450 4203 περὶ
1478 4133 1619 4201 πρά-

144 4278 145 4283 η
180 4232 260 4284 οὐ
289 4229 431 4299 περὶ
457 4228 669 4296 φύσεως
693 4227 860 4294 λέγει.
882 4226 989 4278 Καὶ
1015 4224 1121 4294 γὰρ
1147 4223 1233 4275 διὰ
1259 4222 1413 4275 τοῦτο
1440 4224 1618 4291 ἐγενό-

160 4323 379 4395 χοῖκοὶ
408 4361 422 4381 ,
454 4320 643 4390 ἐπειδὴ
677 4319 887 4389 πονηρά
916 4316 1249 4388 ἐπράξαμεν·
1282 4316 1382 4369 οὐκ
1430 4316 1618 4388 ἐπειδὴ

143 4418 265 4488 (ἧς
294 4415 486 4485 χοῖκοὶ
504 4410 797 4482 διεπλάσθη
807 4428 922 4480 μεν,
941 4410 1052 4462 ἀλλ’
1075 4408 1260 4480 ἐπειδὴ
1277 4410 1616 4481 μάρτομεν,

144 4509 263 4578 νὰρ
301 4509 339 4576 ἡ
382 4504 639 4575 ἁμαρτία
667 4502 901 4573 πρῶτον,
928 4500 1023 4554 καλ⁹
1053 4500 1170 4552 τότε
1193 4502 1221 4553 ὁ
1250 4499 1496 4564 θάνατος,
1526 4502 1620 4554 καὶ

148 4599 195 4665 -ῆ
241 4593 335 4661 εἴ,
371 4594 481 4647 καὶ
518 4596 606 4660 είς
633 4592 749 4662 γῆν
785 4592 1116 4659 ἀπελεύσῃ·
1156 4590 1277 4643 τότε
1322 4592 1415 4644 καὶ
1448 4592 1476 4642 ό
1510 4590 1618 4644 τῶν

144 4712 171 4744 ν
229 4687 520 4757 εἰσῆλθεν
560 4685 746 4755 ἐσμός.
783 4684 916 4737 Οὑδέ
943 4684 1051 4754 γὰρ
1087 4684 1171 4745 τὸ,
1216 4684 1280 4735 ἐκ
1324 4683 1428 4754 γῆς
1457 4699 1617 4751 γεγε-

143 4801 209 4845 .ι,
261 4780 436 4830 ποιεῖ
482 4774 663 4845 χοῖκὸν
690 4774 891 4838 ἁπλῶς,
930 4775 1051 4828 ἐπεὶ
1080 4774 1174 4827 καὶ
1204 4775 1231 4827 ὁ
1269 4773 1471 4844 Κύριος
1510 4774 1621 4826 ἀπὸ

150 4872 343 4939 sign;
399 4868 502 4919 καλ⁵
533 4863 628 4919 τοῦ
673 4864 989 4934 φυράματος
1031 4864 1218 4914 τούτου
1262 4856 1350 4932 ἦν,
1384 4861 1519 4914 ἀλλά
1558 4860 1620 4913 τὸ

194 4960 545 5030 πράττειν·
579 4954 766 5023 ὥσπερ
795 4950 886 5007 οῦν
926 4953 1020 5004 καὶ
1060 4952 1381 5023 ἐπουράνιον
1405 4951 1466 5004 τὸ
1494 4951 1618 5016 ἀξια

143 5080 156 5105 ι
174 5051 413 5124 ρανῶν
444 5044 833 5111 ἐπιδείξασθαι.
871 5044 1029 5097 Ἀλλά
1050 5044 1159 5114 γὰρ
1181 5043 1233 5095 τί
1260 5043 1364 5115 χρὴ
1389 5044 1619 5114 περιττὰ

191 5141 405 5195 τοῦτο
437 5136 954 5200 κατασκευάζοντας
988 5135 1193 5206 προῖὼν
1224 5136 1330 5203 γὰρ
1360 5138 1491 5205 ήμῖν
1522 5135 1618 5188 a6-

143 5232 505 5289 εκαλύπτει
555 5229 618 5282 τὸ
656 5227 854 5298 νόημα,
897 5225 1039 5279 οὕτω
1079 5225 1287 5293 λέγων·
1333 5227 1511 5279 Τοῦτο
1552 5225 1621 5279 δέ

164 5323 520 5393 ἀδελφοί,
544 5322 633 5376 ὅτι
662 5320 820 5388 σὰρξ
842 5319 939 5372 καὶ
963 5313 1105 5386 αἷμα
1121 5319 1448 5383 βασιλείαν
1472 5317 1619 5371 Θεοῦ

144 5417 750 5489 ηρονομήσουσιν.
784 5408 936 5475 Εἶδες
968 5411 1083 5474 πῶς
1110 5410 1299 5463 ἐαυτὸν
1327 5410 1620 5480 ἐρμηνεύει

195 5511 628 5568 ἀπαλλάττων
661 5508 806 5578 ἡμᾶς
855 5504 1225 5576 πραγμάτων;
1274 5502 1303 5554 6
1349 5502 1617 5573 πολλαχοῦ

191 5604 454 5675 Σάρκα
508 5599 619 5670 γάρ
667 5597 902 5652 ἐνταῦθα
947 5595 1048 5658 τὰς
1101 5593 1344 5666 πονηρὰς
1392 5594 1621 5665 πράξεις

165 5701 211 5753 ὃ
264 5697 393 5750 καὶ
428 5692 669 5762 ἀλλαχοῦ
712 5689 1033 5759 πεποίηκεν,
1060 5681 1172 5740 οἷον
1205 5686 1279 5749 ὡς
1308 5687 1437 5738 ὅταν
1464 5684 1616 5754 λέγῃ·

204 5787 326 5844 δὲ
371 5790 501 5843 οὐκ
546 5782 685 5839 ἐστὲ
736 5783 803 5838 ἐν
837 5780 1036 5851 σαρκί·
1074 5780 1166 5833 καὶ
1220 5779 1397 5845 πάλιν,
1435 5783 1501 5834 Ol
1552 5780 1621 5834 δὲ

1174 247 1386 304 EPIST.
1426 250 1445 302 1
1479 249 1570 303 AD
1608 249 1766 306 COR.
1803 249 2039 307 HOMlL.
2076 252 2234 308 XLII.

3174 255 3278 310 36-6

1708 366 1856 440 [596]
1892 369 1963 421 ἐν
1995 369 2173 439 σαρκὶ
2212 369 2403 434 ὄντες,
2446 368 2567 437 Θεῷ
2607 369 2819 440 ἀρέσαι
2862 374 2933 427 οὐ
2970 373 3276 432 δύνανται.

1710 460 1873 512 Ὥστε
1902 461 2031 513 ὅταν
2060 461 2213 532 λέγῃ,
2255 459 2434 514 Τοῦτο
2467 460 2534 514 δέ
2565 479 2735 531 φημι,
2767 463 2918 517 οὐδὲν
2945 464 3073 519 ἄλλο
3107 467 3277 536 λέγει,

1704 551 1737 623 ἢ
1771 552 1852 604 ὄτι
1882 552 1983 606 Διά
2004 552 2163 606 τοῦτο
2193 551 2366 606 ταῦτα
2407 548 2588 619 εἷπον,
2619 555 2705 608 ἵνα
2738 555 2917 630 μάθῃς
2941 558 3023 611 ὅτι
3046 560 3280 631 πονηραὶ

1704 640 1933 711 πράξεις
1961 645 2041 706 εἰς
2074 642 2351 713 βασιλείαν
2379 644 2481 697 οὐκ
2510 645 2841 714 εἰσάγουσιν.
2886 646 3019 700 Ἀπὸ
3044 648 3152 719 γὰρ
3180 651 3280 721 τῆς

1704 734 2054 799 ἀναστάσεως
2086 736 2288 800 εὐθέως
2319 736 2415 790 καὶ
2446 737 2534 791 τὸν
2575 738 2672 808 τῆς
2712 738 2988 808 βασιλείας
3017 742 3279 809 εἰσήγαγε

1703 827 1861 896 λόγον
1883 845 1896 858 ·
1930 829 2009 882 διὸ
2031 830 2126 884 καὶ
2148 831 2451 901 ἐπήγαγεν·
2475 830 2627 884 Οὐδὲ
2652 832 2690 898 ἡ
2716 832 2906 902 φθορὰ
2932 832 3047 900 τὴν
3065 835 3283 902 ἀφθαρ-

1705 920 1850 973 σίαν
1900 922 2265 990 κληρονομεῖ
2292 939 2303 951 ·
2342 921 2654 983 τουτέστιν,
2700 924 2738 993 ή
2782 922 2950 976 κακία
2992 923 3090 994 τὴν
3123 923 3282 988 δόξαν

1705 1011 1921 1081 ἐκείνην
1952 1011 2045 1064 καὶ
2078 1011 2177 1082 τὴν
2206 1012 2318 1065 τῶν
2351 1011 2645 1084 ἀφθάρτων
2677 1014 3015 1084 πραγμάτων
3046 1013 3283 1069 ἀπόλαυ-

1706 1122 1812 1158 σιν.
1844 1105 1955 1159 Καὶ
1992 1105 2101 1176 γὰρ
2134 1103 2401 1176 πολλαχοῦ
2440 1104 2601 1158 πάλιν
2632 1106 2698 1175 τῇ
2733 1106 3076 1178 προσηγορίᾳ
3110 1106 3283 1178 ταύτῃ

1703 1197 1804 1264 τὴν
1852 1195 2049 1269 καλιίαν
2101 1196 2360 1250 ἐκάλεσεν
2402 1195 2603 1250 εἰπών’
2640 1194 2704 1252 '0
2748 1198 3014 1267 σπείρων
3049 1202 3137 1266 εὶς
3168 1200 3285 1267 τὴν

1706 1288 1926 1357 σάρκα,
1951 1288 2019 1342 ἐκ
2049 1287 2160 1357 τῆς
2190 1291 2424 1358 σαρκὸς
2450 1288 2671 1357 θερίσει
2703 1288 2952 1358 φθοράν.
2978 1291 3040 1344 Εἰ
3065 1291 3122 1344 δὲ
3151 1292 3285 1363 περὶ

1708 1380 1961 1451 σώματος
1990 1380 2195 1448 ἔλεγεν,
2227 1382 2342 1434 ἀλλ’
2364 1382 2423 1434 οὑ
2450 1380 2578 1452 περὶ
2610 1382 2854 1453 πονηρᾶς
2882 1382 3155 1454 πράξεως,
3182 1384 3284 1439 οὐκ

1705 1473 1770 1527 ἂν
1801 1470 1921 1527 εἷπε
1952 1473 2177 1546 φθοράν·
2211 1471 2447 1545 οὐδαμοῦ
2471 1472 2581 1544 γὰρ
2602 1473 2663 1526 τὸ
2686 1473 2842 1546 σῶμα
2870 1475 3077 1546 φθοράν
3104 1475 3279 1530 καλεῖ·

1705 1568 1830 1622 οὐδὲ
1856 1568 1966 1638 γάρ
1997 1570 2114 1622 ἐστι
2146 1567 2341 1639 φθορά,
2373 1568 2509 1623 ἀλλά
2542 1566 2800 1639 φθαρτόν.
2835 1571 2927 1623 Διὸ
2958 1569 3162 1642 προῖὼν
3192 1573 3285 1626 κα)⁵

1708 1660 1842 1731 περὶ
1880 1660 2044 1713 αὑτοῦ
2092 1658 2494 1731 διαλεγόμενος,
2545 1662 2644 1715 οὐκ
2685 1656 2836 1715 εἶπεν
2882 1662 3014 1716 αὐτὸ
3056 1662 3282 1735 φθορὰν,
3350 1722 3353 1723 ν

1708 1752 1845 1807 ἀλλά
1885 1751 2145 1824 φθαρτὸν,
2177 1751 2351 1820 λέγων
2376 1769 2389 1781 ·
2431 1751 2533 1806 Δεῖ
2562 1752 2672 1824 γὰρ
2714 1752 2782 1806 τὸ
2815 1753 3079 1823 φθαρτόν
3107 1754 3284 1809 τοῦτο

1706 1842 2079 1898 ἐνδύσασθαι
2121 1841 2482 1910 ἀφθαρσίαν.
2526 1839 2661 1896 Εἶτα
2692 1841 2791 1913 τὴν
2837 1844 2967 1913 περὶ
3012 1842 3285 1908 πολιτείας

1709 1936 2004 2007 πληρώσας
2058 1935 2415 2008 παραίνεσιν,
2471 1935 2608 2006 ὅπερ
2655 1935 2743 1988 ἀεὶ
2798 1938 2976 2001 ποιεῖ,
3026 1936 3284 1990 ὑπόθεσιν

1709 2026 1964 2080 ὑποθέσει
1984 2025 2222 2095 συνεχῶς
2244 2026 2566 2096 ἀναμιγνὺς,
2586 2028 2665 2089 είς
2684 2027 2774 2078 τὸν
2792 2043 2856 2078 πε
2867 2027 2918 2097 ρὶ
2936 2028 3285 2093 ἀναστάσεως

1709 2118 1872 2171 πάλιν
1914 2116 2024 2170 τῶν
2059 2119 2329 2188 σωμάτων
2377 2116 2617 2170 ἐκϐαίνει
2654 2116 2846 2185 λόγον,
2886 2117 3028 2171 οὕτω
3077 2120 3282 2188 λέγων·

1720 2209 1865 2264 Ἰδοὺ
1893 2208 2232 2278 μυστήριον
2261 2207 2403 2278 ὑμῖν
2433 2208 2605 2278 λέγω.

1781 2301 1845 2371 β’.
1880 2300 2109 2371 Φρικτόν
2142 2318 2193 2352 τι
2239 2301 2334 2354 καὶ
2375 2300 2708 2372 ἀπόρρητον,
2756 2301 2851 2370 καὶ
2890 2301 2918 2353 6
2961 2302 3041 2373 μὴ
3085 2305 3286 2368 πάντες

1715 2393 1883 2458 ἴσασι,
1909 2393 2086 2465 μέλλει
2116 2393 2296 2462 λέγειν
2315 2409 2328 2422 ·
2355 2393 2383 2445 6
2403 2394 2495 2446 καὶ
2518 2392 2717 2464 πολλὴν
2740 2394 3074 2449 ἐνδείκνυται
3090 2398 3189 2467 τὴν
3206 2399 3286 2459 εἰς

1709 2486 1906 2549 αὐτοὺς
1931 2486 2127 2558 τιμὴν,
2151 2485 2212 2538 τὸ
2244 2485 2311 2538 τά
2340 2485 2630 2557 ἀπόρρητα
2662 2484 2842 2554 λέγειν
2883 2488 3087 2548 αὐτοῖς.
3118 2488 3182 2541 Τί
3227 2489 3286 2553 δέ

1708 2578 1864 2631 τοῦτό
1883 2580 1999 2631 ἐστι
2018 2595 2032 2644 ;
2053 2577 2280 2644 Πάντες
2295 2578 2412 2647 μὲν
2434 2578 2506 2632 οὐ
2536 2579 3037 2647 κοιμηθησόμεθα,
3064 2578 3286 2647 πάντες

1709 2670 1779 2724 δὲ
1829 2670 2317 2740 ἀλλαγησόμεθα.
2372 2670 2436 2721 '0
2482 2669 2539 2722 δέ
2583 2669 2733 2737 λέγει
2778 2669 2937 2723 τοῦτό
2971 2672 3151 2725 ἐστιν·
3209 2674 3284 2725 0'3

1710 2762 1912 2825 πάντες
1949 2761 2047 2831 μὲν
2074 2760 2516 2832 ἀποθανούμεθα,
2540 2762 2740 2827 πάντες
2762 2764 2818 2817 δὲ
2844 2763 3283 2835 ἀλλαγησόμεθα,

1710 2855 1805 2908 καὶ
1835 2855 1883 2907 οἱ
1929 2853 2003 2925 μὴ
2042 2853 2498 2924 ἀποθνήσκοντες·
2531 2853 2715 2924 θνητοὶ
2748 2854 2856 2926 γάρ
2892 2856 3154 2912 κάκεῖνοι.
3194 2859 3287 2928 Μὴ

1709 2945 1912 3010 τοίνυν,
1937 2944 2125 3015 ἐπειδὴ
2157 2945 2542 3015 ἀποθνήσκεις,
2571 2945 2659 2997 διὰ
2683 2944 2842 2999 τοῦτο
2866 2946 3071 3018 δείσῃς,
3101 2950 3285 3019 φησὶν,

1712 3036 1787 3100 ὡς
1819 3037 1919 3089 οὐκ
1950 3036 2387 3106 ἀναστησόμενος
2406 3055 2420 3069 ·
2456 3037 2564 3089 εἰσὶ
2590 3036 2699 3108 γάρ
2728 3054 2894 3100 τινες,
2926 3038 3086 3100 εἰσὶν,
3115 3040 3164 3092 οἳ
3194 3042 3288 3093 καὶ

1712 3123 1871 3179 τοῦτο
1898 3124 2294 3194 διαφεύξονται·
2324 3126 2419 3178 καὶ
2439 3126 2589 3196 ὅμως
2616 3125 2715 3178 οὐκ
2738 3126 2899 3195 ἀρκεῖ
2919 3126 3077 3178 τοῦτο
3106 3126 3289 3191 αὐτοῖς

1715 3219 1796 3281 εἰς
1840 3218 1938 3287 τὴν
1969 3219 2265 3271 ἀνάστασιν
2294 3219 2543 3288 ἐκείνην,
2568 3206 2714 3271 ,ἀλλά
2750 3218 2829 3270 δεῖ
2875 3219 2968 3271 καὶ
3000 3219 3184 3271 ἐκεῖνα
3220 3221 3291 3273 τὰ

1718 3313 1950 3381 σώματα
1985 3311 2055 3363 τὰ
2110 3312 2184 3381 μὴ
2234 3310 2648 3381 ἀποθνήσκοντα
2691 3309 3025 3380 ἀλλαγῆναι,
3066 3312 3160 3363 καὶ
3209 3314 3288 3372 εἰς

1713 3401 2024 3472 ἀφθαρσίαν
2058 3404 2404 3472 μεταπεσεῖν.
2448 3401 2543 3453 Ἐν
2567 3401 2784 3470 ἀτόμῳ,
2806 3401 2876 3453 ἐν
2888 3400 3039 3469 ῥιπῇ
3063 3403 3283 3470 ὀφθαλ-

1709 3494 1852 3564 μοῦ,
1906 3495 1975 3546 ἐν
2008 3493 2083 3562 τῇ
2122 3494 2353 3563 ἐσχάτῃ
2404 3492 2712 3563 σάλπιγγι.
2763 3493 2895 3546 Ὅτε
2940 3493 3111 3547 πολλὰ
3163 3495 3291 3566 περὶ

1716 3586 2066 3647 ἀναστάσεως
2108 3582 2389 3653 διελέχθη,
2442 3581 2563 3634 τότε
2603 3582 2876 3652 εὐκαίρως
2907 3582 3001 3633 καὶ
3050 3581 3112 3634 τὸ
3156 3580 3289 3635 πολὺ

1716 3674 2017 3747 παράδοξον
2042 3675 2210 3745 αὐτῆς
2238 3674 2530 3727 δείκνυσιν.
2559 3673 2633 3726 Οὐ
2662 3673 2771 3744 γὰρ
2793 3671 2952 3725 τοῦτο
2979 3672 3290 3743 θαυμαστὸν

1719 3764 1910 3836 μόνον,
1947 3764 2030 3817 ὅτι
2074 3765 2308 3835 σήπεται
2353 3762 2567 3834 πρῶτον
2614 3761 2684 3814 τὰ
2728 3762 2976 3831 σώματα,
3027 3762 3120 3815 καὶ
3167 3763 3288 3814 τότε

1717 3856 2025 3918 ἀνίσταται,
2057 3854 2245 3924 φησὶν,
2293 3853 2401 3906 οὐδ’
2432 3853 2514 3906 ὅτι
2553 3851 2796 3924 βελτίονα
2831 3852 2941 3904 τῶν
2973 3852 3069 3904 νῦν
3119 3854 3185 3906 τὰ
3228 3855 3293 3907 ἐκ

1716 3947 1824 4000 τῶν
1882 3946 2201 4017 σηπομένων
2260 3945 2631 4015 ἀνιστάμενα,
2684 3944 2799 3997 οὐδ’
2837 3945 2920 3997 δτι
2973 3946 3066 3998 ἐπὶ
3113 3946 3292 4016 πολλῷ

1720 4036 1942 4107 μείζονα
1982 4035 2135 4106 λῆξιν
2166 4034 2514 4105 μεταδαίνει,
2553 4034 2660 4087 οὐδ’
2689 4033 2771 4086 ὅτι
2804 4034 3035 4096 ἕκαστος
3072 4034 3132 4088 τὸ
3162 4035 3291 4089 ἴδιον

1717 4127 2095 4198 ἀπολαμϐάνει
2146 4126 2238 4179 καὶ
2263 4125 2435 4189 οὐδεὶς
2464 4125 2525 4178 τὸ
2564 4125 2751 4196 ἐτέρου
2770 4167 2786 4190 ,
2818 4124 2937 4179 ἀλλ’
2968 4128 3046 4179 ὃτι
3072 4126 3142 4179 τά
3166 4144 3291 4178 τοσ-

1717 4219 1858 4273 αῦτα
1903 4220 1997 4272 καὶ
2046 4216 2349 4287 τηλικαῦτα
2383 4217 2478 4270 καί
2508 4217 2724 4271 πάντων
2751 4216 3011 4286 λογισμὸν
3041 4219 3133 4270 καὶ
3167 4217 3291 4271 νοῦν

1722 4310 2120 4382 ὑπερϐαίνοντα
2154 4311 2211 4361 ἐν
2250 4309 2439 4378 ἀτόμῳ
2473 4309 2704 4377 γίνεται,
2731 4309 3034 4373 τουτέστιν,
3069 4309 3127 4360 ἐν
3155 4310 3292 4361 ἀκα-

1723 4402 1887 4472 ριαίῳ
1937 4400 2134 4470 χρόνῳ.
2182 4398 2295 4450 Καὶ
2341 4396 2515 4467 δηλῶν
2566 4398 2901 4470 σαφέστερον
2950 4396 3127 4457 τοῦτο,
3189 4397 3292 4450 Ἐν

1712 4491 1863 4562 ῥιπῇ
1894 4489 2223 4561 ὀφθαλμοῦ,
2253 4490 2435 4559 φησίν·
2468 4490 2590 4543 ὅσον
2627 4489 2793 4561 μύσαι
2830 4488 3117 4558 βλέφαρον.
3157 4484 3290 4541 Εἶτα

1720 4581 1910 4653 ἐπειδὴ
1942 4580 2084 4652 μέγα
2114 4576 2233 4633 εἶπε
2263 4581 2358 4633 καλ.
2395 4581 2701 4643 ἐκστάσεως
2730 4581 2903 4650 γέμον
2924 4619 2938 4643 ,
2964 4582 3014 4632 εί
3051 4579 3290 4633 τοσαῦτα

1721 4675 1815 4729 καὶ
1865 4672 2168 4744 τηλικαῦτα
2223 4672 2526 4744 πράγματα
2585 4672 2727 4725 οὕτω
2780 4672 2997 4743 γίνηται
3050 4672 3287 4741 ταχέως.

1722 4766 1917 4834 ἐπάγει
1947 4766 2027 4827 εἰς
2059 4763 2331 4828 ἀπόδειξιν
2356 4763 2415 4817 τὺ
2439 4762 2749 4829 ἀξιόπιστον
2771 4761 2866 4815 τοῦ
2894 4760 3308 4833 ἐργαζομένου,.

1720 4859 1894 4927 λέγων
1912 4875 1926 4889 ·
1958 4858 2249 4913 Σωπίσει
2276 4857 2405 4929 γὰρ,
2438 4858 2534 4912 καί
2558 4859 2612 4911 οι
2640 4856 2840 4925 νεκροὶ
2868 4854 3291 4926 ἐγερθήσονται

1720 4953 2045 5023 ἄφθαρτοι,
2088 4952 2185 5003 καὶ
2224 4950 2389 5019 ἡμεῖς
2428 4949 2913 5019 ἀλλαγησόμεθα.
2944 4940 3036 5010 T6,
3081 4946 3289 5016 Ἡμεῖς,

1721 5044 1782 5095 οὐ
1822 5041 1951 5113 περὶ
1984 5040 2178 5094 ἑαυτοῦ
2224 5040 2393 5108 λέγει,
2436 5039 2576 5093 ἀλλὰ
2619 5039 2755 5111 περὶ·
2781 5038 2891 5091 τῶν
2925 5037 3143 5102 ζώντων
3185 5039 3292 5090 τῶν

1718 5136 1841 5188 τότε
1882 5134 2303 5205 εὑρισκομένων.
2340 5132 2439 5186 Δεῖ
2464 5133 2574 5201 γὰρ
2606 5132 2965 5203 τὸφθαρτὸν
2997 5131 3173 5185 τοῦτο
3204 5133 3294 5183 ἐν-

1720 5226 2021 5279 δύσασθαι
2043 5224 2407 5292 ἀφθαρσίαν.
2433 5224 2551 5276 Ἵνα
2579 5225 2688 5297 γὰρ
2720 5226 2793 5296 μὴ
2819 5226 3060 5289 ἀκούσας
3083 5242 3189 5291 τις,
3212 5225 3292 5278 ὅτι

1723 5316 1861 5387 σὰρξ
1912 5318 2006 5369 καὶ
2059 5311 2196 5385 αἷμα
2249 5315 2522 5385 βασιλείαν
2569 5315 2705 5369 Θεοῦ
2761 5317 2820 5368 οὐ
2872 5316 3292 5388 κληρονομήσει,

1723 5409 1872 5483 [59η
1905 5410 2103 5481 νομίσῃ
2130 5408 2201 5462 τά
2229 5408 2453 5480 σώματα
2486 5408 2560 5481 μὴ
2600 5408 2917 5463 ἀνίστασθαι
2944 5449 2957 5468 ,
2990 5410 3295 5479 ἐπήγαγεν,

1721 5504 1803 5556 ὅτι
1829 5504 1925 5555 Δεῖ
1943 5501 2009 5555 τό
2032 5499 2299 5570 φθαρτὸν
2326 5502 2501 5556 τοῦτο
2527 5502 2897 5555 ἐνδύσασθαι
2928 5500 3292 5569 ἀφθαρσίαν,

1723 5593 1821 5648 καὶ
1877 5591 1945 5646 τὸ
1997 5592 2221 5661 θνητόν
2271 5591 2445 5646 τοῦτο
2494 5592 2865 5646 ἐνδύσασθαι
2933 5590 3298 5645 ἀθανασίαν.

1722 5686 1964 5757 Φθαρτὺν
1998 5685 2055 5737 δὲ
2086 5683 2145 5737 τὺ
2177 5684 2355 5754 σῶμα,
2383 5684 2478 5737 καὶ
2510 5684 2701 5754 θνητὸν
2731 5684 2793 5735 τὸ
2825 5684 3002 5753 σῶμα.
3040 5682 3204 5734 Ὥστε
3236 5680 3304 5737 τὸ

1726 5777 1883 5847 σῶμα
1916 5775 2097 5845 μένει·
2123 5776 2254 5830 αὐτὸ
2286 5776 2393 5845 γάρ
2423 5779 2537 5828 ἐστι
2568 5775 2625 5827 :6
2652 5773 2966 5842 ἐνδυόμενον
2986 5788 2997 5800 ·
3025 5770 3138 5838 ήδὲ
3171 5770 3317 5837 Ova--
