3802 6326
393 247 500 304 365

390 358 551 430 τὸτης
571 357 668 412 καὶ
691 359 724 428 ἡ
753 355 928 426 φθορά
949 354 1294 424 ἀφανίζεται,
1315 357 1617 422 ἀθανασίας
1639 363 1734 413 καὶ
1753 360 1962 432 ἀφθαρ-

389 451 512 512 σίας
555 447 816 517 ἐπιούσης
861 445 1030 518 αὐτῷ.
1071 446 1160 518 Μὴ
1201 447 1381 501 τοίνυν
1419 449 1726 518 ἀμφίϐαλλε
1777 451 1962 504 λοιπὸν

389 537 508 601 πῶς
532 538 754 608 ἄπειρον
783 537 1004 608 ζήσεται
1029 537 1193 606 ζωὴν,
1218 539 1344 590 ὃταν
1369 539 1626 612 ἀκούσῃς,
1652 543 1734 594 ὅτι
1755 542 1964 612 ἄφθαρ-

388 647 479 684 τον
504 630 736 700 γίνεται.
769 629 945 682 Ὅταν
970 627 1037 680 δὲ
1061 627 1128 681 τὸ
1149 629 1414 698 φθαρτὸν
1435 631 1608 686 τοῦτο
1635 633 1964 702 ἐνδύσηται

386 723 750 792 ἀφθαρσίαν,
773 721 870 776 καὶ
891 721 956 774 τὸ
981 723 1194 788 θνητὸν
1219 723 1394 776 τοῦτο
1407 725 1731 792 ἐνδύσηται
1747 726 1964 780 ἀθανα-

387 815 555 878 σίαν,
605 815 738 868 τότε
783 813 1102 882 γενήσεται
1147 816 1180 868 o'
1229 815 1412 885 ,λόγος
1459 819 1490 870 ὁ
1545 817 1960 886 τεπιοαμμένος·

386 903 699 970 Κατεπόθη
717 905 750 956 ό
771 901 1024 968 θάνατος
1047 903 1132 970 είς
1157 901 1343 970 νῖκος.
1381 904 1600 976 Ἐπειδὴ
1627 905 1736 976 γάρ
1757 907 1964 976 μεγάλα

389 995 484 1048 καὶ
509 994 796 1066 ἀπόρρητα
825 988 968 1056 εἶπε,
995 993 1158 1045 πάλιν
1180 994 1287 1047 ἀπὸ
1315 995 1653 1064 προφητείας
1677 998 1964 1052 πιστοῦται

387 1087 480 1142 τὸν
515 1085 674 1155 λόγον
695 1101 707 1113 '
755 1084 1064 1151 Κατεπόθη
1097 1087 1130 1138 ὁ
1170 1084 1426 1152 θάνατος
1451 1090 1538 1154 εἰς
1583 1087 1772 1154 νῖκος,
1810 1107 1965 1142 τουτ-

389 1181 557 1246 έστιν,
607 1179 690 1242 είς
734 1177 924 1242 τέλος,
970 1177 1090 1230 ούδέ
1137 1177 1388 1248 λείψανον
1424 1179 1584 1234 αὑτοῦ
1636 1181 1810 1252 μένει,
1846 1183 1964 1236 ούδέ

389 1271 740 1344 ὑποστροφῆς
781 1269 934 1332 ἐλπὶς
956 1311 971 1334 ,
1003 1270 1100 1340 τῆς
1131 1269 1436 1342 ἀφθαρσίας
1471 1269 1566 1342 τὴν
1596 1272 1801 1344 φθορὰν
1832 1274 1964 1326 ἀνα-

387 1363 662 1434 λωσάσης.
695 1361 819 1416 Ποῦ
845 1379 980 1426 σου,
1012 1361 1248 1424 θάνατε,
1281 1359 1344 1415 τὸ
1371 1365 1655 1432 κέντρον;
1683 1363 1801 1418 ποῦ
1826 1380 1964 1428 σου,

388 1455 501 1523 εἴδη
525 1497 538 1519 ,
569 1455 638 1508 τὸ
671 1453 878 1517 νῖκος-ς
913 1449 1064 1516 Εἶδες
1092 1451 1270 1526 φυχὴν
1295 1455 1581 1522 γενναίανς
1617 1455 1724 1507 Καὶ
1755 1455 1863 1526 γὰρ
1892 1456 1966 1518 ὡς

388 1549 682 1618 νικητήρια
707 1547 819 1598 θύω
832 1565 872 1608 ι,
897 1547 990 1598 καὶ
1019 1545 1202 1609 ἔνθους
1233 1547 1546 1616 γενόμενος,
1572 1548 1666 1600 καὶ
1693 1547 1836 1618 ὁρῶν
1867 1546 1968 1617 ἠδη

389 1637 465 1701 ὡς
503 1637 851 1708 γεγενημένα
889 1635 960 1690 τά.
1002 1635 1270 1707 μέλλοντα
1293 1678 1308 1701 ,
1343 1636 1623 1690 ἐνάλλεται
1663 1637 1756 1690 καὶ
1795 1639 1966 1706 ἐπεμ-

391 1731 564 1785 ϐαίνει
584 1729 660 1800 τῷ
685 1731 899 1801 Θανάτῳ
920 1731 1180 1802 κειμένῳ,
1203 1731 1296 1784 καὶ
1311 1731 1411 1802 τὴν
1432 1733 1694 1784 ἐπινίκιον
1713 1731 1968 1797 ἀλαλάζει

391 1823 574 1894 φωνὴν
606 1823 746 1876 κατά
779 1823 876 1894 τῆς
921 1822 1112 1876 τούτου
1148 1823 1390 1892 κεφαλῆς
1425 1823 1684 1895 κειμένης
1705 1864 1718 1888 ,
1758 1825 1970 1894 μεγάλα

392 1915 530 1986 βοῶν
571 1917 665 1969 καὶ
699 1915 890 1984 λέγων·
942 1914 1066 1968 Ποῦ
1104 1929 1240 1980 σου,
1280 1915 1535 1980 θάνατε,
1569 1916 1634 1968 τὸ
1684 1915 1966 1984 κέντρον;

389 2009 508 2062 ποῦ
541 2025 682 2072 σου,
713 2005 847 2073 ᾅδη,
875 2005 942 2059 τὸ
975 2005 1186 2072 νῖκος;
1223 2005 1444 2077 Οίχεται
1477 2009 1569 2060 καὶ
1599 2007 1844 2060 ἀπόλωλε
1876 2009 1970 2062 καὶ

390 2100 682 2170 ἠφάνισται
703 2095 1004 2161 παντελῶς,
1026 2098 1118 2150 καὶ
1137 2097 1260 2166 εἰκῆ
1281 2095 1458 2150 πάντα
1479 2098 1661 2150 ἐκεῖνα
1685 2097 1966 2168 ἐποίησας.

393 2192 526 2245 Οὐδὲ
558 2191 666 2259 γάρ
696 2187 980 2258 ἀφώπλισε
1011 2189 1170 2260 μόνον
1197 2190 1360 2244 αὑτὸν
1382 2191 1490 2244 οὐδ’
1522 2191 1774 2262 ἐνίκησεν
1793 2233 1808 2257 ,
1834 2191 1971 2246 ἀλλὰ

393 2284 486 2336 καὶ
519 2280 769 2335 ἀπώλεσε
789 2321 804 2344 ,
835 2282 930 2334 καὶ
957 2283 1038 2343 είς
1068 2281 1128 2334 τὸ
1155 2281 1288 2354 μηδέ
1315 2281 1454 2346 ὅλως
1479 2279 1618 2335 εἶναι
1642 2283 1966 2353 κατέστησε.

399 2373 471 2428 Τὸ
501 2373 568 2426 δὲ
597 2374 846 2440 κέντρον
879 2373 984 2427 τοῦ
1017 2373 1299 2439 θανάτου,
1337 2373 1375 2443 ἡ
1405 2375 1675 2442 ἁμαρτία·
1711 2375 1748 2442 ή
1779 2373 1846 2426 δὲ
1865 2375 1969 2426 δύ-

392 2483 568 2536 ναμις
591 2463 698 2534 τῆς
721 2465 1032 2536 ἁμαρτίας,
1056 2469 1088 2520 ό
1113 2467 1317 2536 νόμος.
1335 2465 1498 2536 Ὁρᾷς
1521 2465 1636 2528 πῶς
1661 2467 1790 2538 περὶ
1811 2465 1972 2520 θανά-

392 2575 486 2611 του
515 2557 831 2626 σωματικοῦ
859 2559 888 2610 ὁ
912 2557 1104 2628 λόγοςς
1129 2555 1338 2610 Οὐκοῦν
1363 2556 1602 2628 καὶπερὶ
1623 2556 1974 2620 ἀναστάσεως

396 2649 738 2718 σωματικῆς.
773 2651 834 2702 Εἰ
867 2649 975 2718 γάρ
1019 2647 1094 2720 μὴ
1130 2647 1412 2701 ἀνίσταται
1441 2647 1612 2700 ταῦτα
1635 2690 1649 2713 ,
1684 2648 1799 2712 πῶς
1843 2667 1974 2701 κατ-

394 2741 562 2812 επόθη
583 2743 610 2794 ὁ
633 2740 862 2804 θάνατος
885 2757 898 2806 ;
925 2743 1036 2794 Καὶ
1059 2741 1120 2794 οὐ
1137 2741 1294 2794 τοῦτο
1325 2740 1505 2811 μόνον,
1525 2741 1659 2794 ἀλλὰ
1683 2741 1796 2806 πῶς
1818 2742 1974 2796 δύνα-

399 2852 492 2906 μις
520 2837 620 2905 τῆς
639 2833 918 2906 ἁμαρτίας
937 2837 964 2888 ὁ
993 2835 1192 2905 νόμος;
1221 2835 1344 2888 Ὅτι
1375 2835 1471 2906 μὲν
1497 2835 1603 2908 γάρ
1634 2837 1856 2906 κέντρον
1879 2837 1972 2890 τοῦ

396 2927 628 2980 θανάτου
659 2929 690 2998 ἡ
725 2925 990 2998 ἁμαρτία,
1021 2927 1114 2980 καὶ
1143 2925 1506 2999 χαλεπωτέρα
1535 2929 1768 2994 ἐκείνου,
1798 2929 1891 2982 καὶ
1917 2931 1974 2982 ἐν

395 3020 532 3091 αὐτῇ
564 3020 663 3091 τὴν
701 3021 853 3090 ἰσχὺν
888 3013 1043 3082 οὗτος
1085 3018 1220 3090 ἔχει,
1265 3019 1457 3089 δῆλονο
1503 3019 1620 3084 πῶς
1669 3021 1724 3074 δέ
1769 3019 1974 3090 ταύτης

394 3113 491 3166 καὶ
521 3111 750 3184 δύναμις
783 3114 810 3166 ὁ
845 3113 1043 3183 νόμος;
1071 3113 1195 3166 Ὅτι
1224 3113 1396 3184 χωρὶς
1423 3113 1588 3166 αὑτοῦ
1619 3113 1854 3185 ἀσθενὴς
1881 3110 1972 3185 ἦν,

397 3206 746 3276 πραττομένη
780 3203 902 3276 μὲν,
936 3207 994 3259 οὑ
1029 3205 1303 3276 δυναμένη
1335 3207 1392 3259 δὲ
1424 3207 1565 3260 οὓτω
1591 3207 1970 3262 καταδικάσαι.

394 3297 469 3349 Τὸ
504 3297 602 3366 μὲν
632 3297 740 3366 γὰρ
783 3295 952 3348 κακὸν
989 3295 1217 3364 ἐγίνετο,
1263 3296 1446 3364 σαφῶς
1473 3296 1530 3348 δὲ
1564 3297 1664 3348 οὑκ
1703 3297 1976 3352 ἐδείκνυτο

393 3387 585 3451 οὕτως.
637 3388 803 3440 ’Ὥστε
842 3385 903 3440 οὑ
946 3387 1142 3458 μικρὸν
1174 3389 1490 3457 εἰσήνεγκεν
1528 3389 1556 3439 ὁ
1586 3388 1746 3456 νόμος
1788 3388 1846 3442 τὸ
1881 3392 1976 3444 καὶ

396 3482 664 3552 γνωρίσαι
703 3482 804 3550 τὴν
847 3481 1121 3552 ἁμαρτίαν
1174 3481 1373 3552 μᾶλλον
1423 3481 1518 3534 καὶ
1567 3484 1833 3535 ἐπιτεῖναι
1875 3483 1975 3555 τὴν

397 3571 638 3624 κόλασιν.
687 3571 752 3624 Εἰ
795 3571 850 3625 δὲ
913 3571 1235 3642 βουλόμενος
1285 3571 1529 3625 κωλῦσαι
1585 3572 1974 3645 χαλεπωτέραν

397 3663 698 3734 ἀπέφηνεν,
733 3665 793 3718 οὐ
839 3664 990 3734 παρά
1037 3665 1127 3718 τὸν
1179 3665 1359 3734 ἰατρὸν
1411 3665 1473 3716 τὸ
1524 3664 1795 3737 ἔγκλημα.
1839 3667 1974 3720 ἀλλά

399 3755 552 3826 παρὰ
578 3755 668 3807 τὸν
698 3755 883 3818 κακῶς
909 3753 987 3826 τῷ
1016 3755 1294 3826 φαρμάκῳ
1325 3756 1688 3828 χρησάμενον·
1729 3759 1850 3810 ἐπεὶ
1879 3760 1974 3812 καὶ

397 3849 430 3916 ἡ
463 3847 740 3918 παρουσία
770 3847 861 3900 τοῦ
899 3847 1136 3918 Χριστοῦ
1179 3847 1378 3918 μᾶλλον
1407 3849 1642 3921 ἐϐάρησε
1676 3850 1803 3913 τοὺς
1847 3851 1975 3903 Ἰου-

397 3939 578 4002 δαίους
601 3957 614 3970 ·
647 3939 710 3993 ἀλ
723 3941 767 3990 λ’
799 3940 860 3992 οὑ
895 3939 982 3992 διὰ
1020 3939 1178 3992 τοῦτο
1206 3941 1343 4012 αὐτῇ
1381 3941 1748 4012 ἐγκαλέσομεν
1773 3983 1788 4003 ,
1840 3941 1976 3995 ἀλλά

398 4031 605 4102 ταύτην
639 4032 737 4102 μέν
767 4032 862 4086 καὶ
896 4031 1310 4104 θαυμασόμεθα,
1344 4032 1584 4096 ἐκείνους
1609 4033 1665 4085 δὲ
1711 4033 1974 4104 μειζόνως

403 4121 706 4191 μισήσομεν
757 4120 1054 4190 βλαϐέντας
1094 4121 1158 4174 δι’
1199 4115 1275 4174 ὧν
1315 4121 1644 4191 ὠφελεῖσθαι
1674 4123 1803 4178 ἔδει.
1850 4126 1974 4178 Ὅτι

399 4211 507 4281 γάρ
545 4209 644 4262 οὑκ
669 4209 832 4273 αὐτὸς
853 4210 954 4282 τὴν
988 4210 1263 4280 ἁμαρτίαν
1294 4211 1656 4280 ἐδυνάμωσεν,
1685 4213 1714 4264 ὀ
1741 4213 1976 4282 Χριστὸς

399 4301 605 4364 αύτὸςει
637 4302 958 4373 ἐπλήρωσεν
993 4301 1231 4370 ἅπαντα,
1260 4305 1354 4356 καὶ
1391 4303 1664 4378 ἁμαρτίας
1702 4305 1856 4370 ἐκτὸς
1882 4301 1970 4378 ἧν.

397 4395 471 4448 Σὺ
498 4393 556 4448 δέ
593 4412 684 4466 μοι
721 4395 950 4458 σκόπει,
985 4396 1102 4460 πῶς
1131 4397 1226 4450 καὶ
1251 4397 1500 4450 ἐντεῦθεν
1541 4397 1640 4468 τὴν
1679 4399 1975 4454 ἀνάστασιν

399 4485 705 4542 πιστοῦται.
750 4489 812 4541 Εἰ
839 4489 948 4560 γὰρ
973 4487 1132 4541 τοῦτο
1163 4488 1390 4542 θανάτου
1422 4489 1596 4542 αἴτιον
1625 4489 1686 4542 τὸ
1721 4491 1972 4563 ἁμαρτά-

398 4595 533 4642 νειν,
575 4579 603 4630 ὁ
635 4577 692 4632 δὲ
725 4579 959 4650 Χριστὸς
993 4578 1160 4632 ἐλθὼν
1207 4580 1364 4632 ἔλυσε
1395 4581 1495 4651 τὴν
1526 4582 1836 4652 ἁμαρτίαν,
1881 4585 1978 4637 καὶ

395 4671 548 4742 ἡμᾶς
587 4670 756 4742 αὐτῆς
804 4671 892 4724 διὰ
941 4671 1036 4724 τοῦ
1087 4671 1462 4742 βαπτίσματος
1511 4673 1826 4744 ἀπήλλαξε,
1881 4677 1976 4729 καὶ

399 4767 540 4836 μετὰ
567 4768 666 4836 τῆς
699 4766 974 4836 ἁμαρτίας
1002 4765 1152 4838 [598]
1193 4767 1288 4818 καὶ
1315 4767 1406 4817 τὸν
1437 4767 1600 4836 νόμον
1625 4765 1882 4834 ἔπαυσεν,
1913 4763 1976 4823 οὗ

399 4857 882 4928 παραϐαινομένου
913 4857 1054 4928 αὕτη
1103 4857 1458 4918 συνίσταται,
1495 4857 1546 4909 τί
1582 4857 1766 4910 λοιπὸν
1807 4862 1976 4928 ἀμφι-

397 4949 618 5010 ϐάλλεις
669 4951 796 5020 περὶ
841 4949 940 5017 τῆς
979 4949 1354 5014 άναστάσεως;
1391 4947 1554 5002 πόθεν
1591 4949 1700 5022 γάρ
1733 4950 1916 5002 λοιπὸν
1948 4953 1977 5006 ὁ

395 5039 626 5102 θάνατος
665 5042 927 5110 κρατήσει
951 5060 964 5108 ;
991 5041 1122 5096 Ἀπὸ
1157 5040 1254 5093 τοῦ
1287 5039 1484 5110 νόμου;
1531 5041 1669 5094 Ἀλλ’
1691 5041 1852 5114 ἐλύθη
1885 5037 1976 5096 οῦ-

388 5147 514 5194 τος.
564 5131 704 5184 Ἀλλ’
738 5131 846 5186 ἀπὸ
873 5136 970 5204 τῆς
1008 5135 1306 5206 ἁμαρτίας;
1352 5134 1493 5188 Ἀλλ’
1528 5135 1768 5207 ἀνῃρέθη
1815 5136 1972 5206 αὕτη.

403 5221 490 5286 Τῷ
519 5219 586 5273 δὲ
619 5221 739 5285 Θεῷ
772 5223 940 5290 χάρις
979 5223 1056 5290 τῷ
1092 5225 1260 5280 δόντι
1290 5225 1436 5296 ἡμῖν
1457 5225 1525 5281 τὸ
1553 5226 1720 5294 νῖκος
1746 5225 1844 5280 διὰ
1869 5228 1976 5282 τοῦ

395 5315 620 5382 Kvplov
643 5313 813 5384 ἡμῶν
845 5317 1042 5384 Ἰησοῦ
1071 5319 1350 5386 Χριστοῦ.

467 5413 539 5474 γ’.
576 5405 650 5458 Τὸ
675 5407 773 5476 μὲν
799 5407 908 5478 γὰρ
938 5409 1196 5478 τρόπαιον
1228 5409 1390 5472 αὑτὸς
1411 5409 1628 5482 ἔστησε,
1647 5411 1752 5464 τῶν
1781 5413 1836 5464 δέ
1859 5429 1976 5466 στε-

396 5500 580 5566 φάνων
599 5501 692 5552 καὶ
715 5501 794 5570 μ
819 5503 880 5564 ἅς
899 5500 1206 5553 ἀπολαῦσαι
1237 5501 1484 5574 ἐποίησε,
1502 5505 1594 5556 καὶ
1611 5503 1766 5556 τοῦτο
1783 5505 1882 5557 οὑκ
1915 5505 1972 5571 ἐξ

394 5590 638 5661 ὸφειλῆς,
663 5591 776 5645 ἀλλ’
808 5593 916 5644 ἀπὸ
959 5592 1368 5664 φιλανθρωπίας
1401 5596 1588 5666 μόνης.
1636 5599 1786 5666 ’Ἄρα
1837 5593 1968 5660 οὖν,

395 5747 482 5854 ub
511 5746 792 5808 Legendum
837 5753 912 5796 est
951 5749 976 5794 ὀ
1010 5749 1210 5810 Χριστὸς
1255 5747 1414 5808 αὐτόν,
1461 5757 1516 5798 ul
1553 5751 1672 5812 legit
1702 5749 1973 5800 (Ennianus

441 5817 660 5854 etvetus.

441 5817 660 5858 etvetus.

1063 242 1123 296 S.
1171 238 1456 296 JOANNIS
1490 241 1974 300 CHRYSOSTOMI
2009 238 2328 296 ARCHIEP.
2365 237 2912 295 CONSTANTINOP.

3543 242 3650 298 366

2069 354 2342 424 ἀδελφοὶ,
2391 353 2612 422 ἑδραῖοι
2649 353 2912 424 γίνεσθε,
2959 349 3400 420 ἀμετακίνητοι.
3456 353 3648 406 Δικαία

2070 446 2254 500 λοιπὸν
2287 447 2381 498 καὶ
2417 443 2669 515 εύκαιρος
2713 446 2746 514 ἡ
2795 443 3112 514 παραίνεσις
3137 459 3152 472 ⁸
3181 443 3333 494 οὑδέν
3367 443 3480 514 γὰρ
3513 443 3650 498 οὕτω

2069 538 2304 602 σαλεύει,
2343 539 2418 601 ώς
2449 537 2507 590 τὸ
2538 537 2660 606 είκῆ
2703 537 2944 608 νομίζειν
2975 535 3272 590 κόπτεσθαι
3317 537 3414 590 καί
3449 537 3644 608 μάτην.

2065 631 2542 700 Περισσεύοντες
2585 631 2656 682 ἐν
2689 629 2768 694 τῷ
2795 631 2945 698 ἔργῳ
2971 628 3077 682 τοῦ
3105 629 3324 698 Κυρίου
3351 628 3615 683 πάντοτε
3633 649 3648 663 ·

2065 725 2362 790 τουτέστιν,
2398 726 2458 776 ἐν
2501 721 2576 792 τῷ
2619 722 2717 792 βίῳ
2755 722 2832 793 τῷ
2879 720 3124 790 καθαρῷ.
3167 721 3276 774 Καὶ
3323 723 3426 774 οὐκ
3475 719 3648 786 εἶπεν,

2079 815 2466 888 Ἑργαξὸμενοι
2494 815 2552 868 τὸ
2579 813 2802 882 ἀγαθὸν,
2835 812 2992 878 ἀλλά,
3021 813 3536 880 Περισσεὺοντες,
3566 813 3654 866 ἵνα.

2069 909 2210 980 μετά
2256 909 2570 980 περιουσίας
2603 907 2736 960 αὐτὸ
2783 906 3046 976 ποιῶμεν,
3089 905 3182 958 καὶ
3224 903 3294 958 τὰ
3351 907 3654 976 σκάμματα

2069 999 2503 1074 ὑπερϐαίνωμεν.
2531 997 2770 1062 Εἱδότες
2797 999 2882 1050 ὅτι
2906 1001 2938 1050 o’
2967 998 3153 1061 κόπος
3177 993 3345 1066 ὑμῶν
3377 997 3492 1050 οὐκ
3523 997 3651 1049 ἔστι

2069 1093 2241 1158 κενὸς
2269 1091 2339 1146 ἐν
2375 1092 2590 1158 Κυρίῳ.
2642 1090 2707 1142 Τί
2743 1089 2960 1158 λέγεις;
3012 1089 3174 1142 πάλιν
3235 1087 3434 1154 κὸποςς
3493 1087 3652 1140 Ἀλλά

2071 1184 2368 1252 στεφάνους
2407 1183 2565 1250 ἔχων,
2596 1181 2690 1233 καὶ
2719 1181 2856 1251 ὑπὲρ
2887 1179 2993 1232 τῶν
3019 1178 3282 1252 οὐρανῶν.
3321 1178 3382 1230 ὐ
3409 1178 3513 1248 μὲν
3547 1175 3650 1248 γάρ

2069 1277 2334 1347 πρότερος
2365 1277 2394 1328 ὁ
2425 1275 2562 1346 μετά
2587 1273 2678 1326 τὸν
2715 1272 3066 1344 παράδεισον,
3090 1271 3311 1332 κόλασις
3338 1271 3450 1324 τῶν
3473 1272 3652 1342 ἀμαρ-

2067 1367 2339 1438 τηθέντων
2388 1371 2399 1381 “
2447 1361 2599 1426 οὗτος
2641 1365 2698 1416 δὲ
2738 1363 2994 1424 ὑπόθεσις
3025 1362 3133 1414 τῶν
3175 1361 3484 1432 μελλόντων
3521 1361 3652 1432 βρα-

2069 1458 2252 1510 ϐείων.
2305 1459 2464 1508 Ὥστε
2511 1455 2618 1507 οὐδ’
2667 1455 2732 1508 ἂν
2781 1455 2866 1524 εἴη
2921 1453 3086 1515 κόπος
3129 1453 3303 1522 ταύτῃ
3345 1469 3408 1504 τε
3453 1453 3550 1504 καὶ
3581 1449 3654 1520 τῷ

2072 1551 2274 1620 πολλῆς
2301 1550 2397 1620 τῆς
2433 1548 2638 1602 ἀνωθεν
2663 1547 2956 1599 ἀπολαύειν
2985 1546 3234 1616 βοηθείας
3255 1563 3267 1574 ·
3295 1545 3376 1598 διὸ
3407 1545 3506 1596 καὶ
3561 1547 3654 1597 ἐπ-

2073 1644 2299 1712 ήγαγεν.
2351 1643 2452 1694 Ἑν
2479 1639 2692 1706 Κυρίῳ.
2727 1639 2786 1690 Ὀ
2814 1637 2912 1708 μέν
2943 1635 3050 1707 γάρ
3072 1637 3353 1706 πρότερος,
3385 1636 3472 1687 ἵνα
3502 1635 3653 1702 δίκην

2071 1734 2248 1804 δῶμεν
2282 1749 2296 1762 ·
2330 1727 2484 1794 οὗτος
2512 1731 2590 1796 δέ,
2627 1731 2714 1783 ἵνα
2749 1729 2854 1782 τῶν
2901 1729 3200 1799 μελλόντων
3233 1727 3488 1796 τύχωμεν
3515 1727 3652 1794 ἀγα-

2073 1825 2200 1878 θῶν.
2223 1824 2314 1894 Μὴ
2333 1824 2513 1876 τοίνυν
2533 1821 2903 1892 καθεύδωμεν,
2935 1819 3208 1888 ἀγαπητοί
3230 1838 3240 1848 '
3265 1821 3325 1870 ού
3353 1821 3460 1886 γὰρ
3486 1818 3651 1880 ἐστιν,

2072 1923 2171 1974 οὑκ
2215 1919 2328 1972 ἔστι
2381 1914 2729 1988 ῥᾳθυμοῦντα
2765 1914 2868 1983 τῆς
2925 1911 3204 1983 βασιλείας
3251 1911 3360 1964 τῶν
3407 1909 3654 1982 οὐρανῶν

2073 2011 2370 2078 ἐπιτυχεῖν,
2433 2005 2554 2056 οὐδὲ
2615 2002 2935 2074 τρυφῶντας
2993 2001 3086 2054 καὶ
3157 1997 3650 2070 μαλακιζομένους.

2085 2099 2391 2170 ’Δγαπητὺν
2425 2097 2534 2168 γάρ
2579 2094 3068 2162 κατατεινομένους
3108 2093 3202 2146 καὶ
3232 2093 3654 2155 ὑπωπιάςοντας

2073 2195 2134 2248 τὸ
2161 2193 2338 2262 σῶμα,
2371 2190 2463 2244 καὶ
2491 2187 2658 2259 μυρία
2691 2186 3056 2257 ὑπομένοντας
3085 2185 3336 2248 ἐπίπονα,
3357 2183 3656 2254 δυνηθῆναι

2073 2289 2253 2356 τυχεῖν
2287 2283 2393 2336 τῶν
2423 2280 2646 2350 ἀγαθῶν
2681 2279 2925 2332 ἐκείνων.
2969 2277 3039 2330 Ἦ
3085 2279 3182 2347 οὐχ
3211 2277 3370 2348 ὁρᾶτε
3415 2277 3570 2331 τουτὶ
3597 2277 3654 2330 τὸ

2078 2378 2242 2448 μέσον
2267 2375 2362 2428 τοῦ
2396 2371 2628 2444 ούρανοῦ
2653 2371 2789 2438 πρὺς
2815 2371 2914 2440 τὴν
2946 2369 3049 2438 γῆν
3079 2370 3199 2421 ὅσον
3229 2369 3371 2432 ἐστὶ,
3401 2369 3498 2421 καὶ
3537 2369 3652 2439 ἡλί-

2077 2487 2168 2532 κος
2203 2470 2229 2521 ὁ
2257 2467 2382 2520 πέλε
2394 2482 2492 2534 μος
2518 2465 2805 2534 ἐφέστηκε,
2833 2463 2927 2514 καὶ
2955 2462 3071 2524 πῶς
3110 2461 3409 2534 ὀξύρροπον
3441 2462 3653 2532 ἄνθρω-

2076 2577 2174 2622 πος
2199 2557 2332 2630 πρὸς
2363 2557 2460 2628 τὴν
2489 2555 2707 2616 κακίαν,
2732 2555 2826 2606 κεαἱ
2854 2551 2968 2614 ’πῶς
2996 2551 3384 2623 εὐπερίστατον
3415 2553 3653 2622 fidi”?

2073 2653 2183 2714 τία,
2210 2653 2302 2704 καὶ
2339 2651 2456 2702 ὅσαι
2486 2651 2541 2702 ἐν
2574 2648 2724 2718 μέσῳ
2764 2646 3021 2713 παγίδες;
3071 2645 3134 2698 Τί
3169 2645 3346 2698 τοίνυν
3384 2645 3654 2708 τοσαύτας

2076 2741 2449 2818 ἐπισυρόμεθα
2505 2739 2791 2811 φροντίδας
2850 2738 3005 2799 ἐκτὸς
3069 2737 3178 2789 τῶν
3237 2736 3504 2804 φυσικῶν,
3561 2739 3656 2788 καὶ

2077 2841 2298 2894 πλείονα
2329 2838 2640 2908 παρέχομεν
2685 2835 2896 2896 ἐαυτοῖς
2925 2832 3248 2904 πράγματα,
3289 2831 3384 2884 καὶ
3429 2831 3658 2900 μείζονα.

2079 2929 2340 2997 ποιοῦμεν
2380 2927 2447 2978 τά
2493 2925 2726 2996 φορτία;
2774 2921 2874 2975 οὐκ
2917 2923 3076 2991 ἀρκεῖ
3117 2922 3177 2974 τὸ
3229 2921 3368 2991 ὑπὲρ
3421 2921 3658 2988 γαστρὸς

2079 3019 2382 3092 φροντίζειν
2409 3019 2500 3072 καὶ
2523 3015 2757 3086 ἱματίων
2793 3013 2885 3068 καὶ
2913 3013 3120 3077 οἰκίας;
3165 3013 3264 3066 οὐκ
3302 3013 3465 3082 ἀρκεῖ
3495 3015 3528 3084 ἡ
3561 3013 3658 3082 μέ-

2082 3130 2246 3186 ριμνα
2287 3111 2394 3166 τῶν
2439 3107 2787 3176 ἀναγκαίων;
2829 3105 3020 3158 Καίτοι
3066 3122 3128 3174 γε
3171 3105 3264 3158 καὶ
3300 3105 3506 3158 τούτων
3547 3109 3658 3158 ἀπο

2080 3209 2285 3278 ήγαγεν
2302 3208 2330 3258 ὁ
2349 3207 2390 3257 Χ
2403 3203 2603 3274 ριστὸς,
2621 3201 2794 3270 λέγων
2812 3217 2824 3230 ·
2849 3198 2944 3266 Μὴ
2960 3197 3366 3268 μεριμνήσητε
3391 3197 3466 3265 τῇ
3483 3197 3660 3266 ψυχῇ

2076 3297 2244 3368 ὑμῶν
2265 3297 2322 3349 τί
2353 3295 2600 3364 φάγητε,
2634 3292 2791 3364 μηδὲ
2827 3290 2906 3356 τῷ
2951 3292 3179 3362 σώματι
3209 3290 3375 3359 ὑμῶν
3405 3295 3460 3342 τί
3491 3291 3664 3344 ἐι·δύ-

2077 3391 2294 3455 σησθε.
2329 3387 2389 3438 Εἰ
2418 3385 2474 3437 δὲ
2505 3383 2645 3454 ὑπὲρ
2671 3383 2768 3452 τῆς
2793 3381 3096 3450 ἀναγκαίας
3131 3381 3336 3452 τροφῆς
3370 3381 3466 3432 καὶ
3501 3398 3662 3450 περι-

2078 3481 2238 3550 ϐολῆς
2265 3497 2328 3550 με
2339 3479 2531 3548 ριμνᾷν
2561 3477 2622 3528 ού
2647 3476 2775 3546 χρὴ,
2807 3475 2924 3528 οὐδὲ
2949 3475 3086 3544 ὑπὲρ
3117 3474 3216 3544 τῆς
3239 3474 3498 3542 ἐπιούσης
3523 3475 3664 3544 ἠμέ-

2083 3591 2204 3645 ρας,
2233 3573 2282 3625 οἱ
2321 3570 2412 3623 τὸν
2441 3567 2696 3622 τοσοῦτον
2737 3567 2967 3637 φορυτὸν
2989 3567 3398 3636 ἐπεισάγοντες,
3433 3569 3528 3620 καὶ
3555 3585 3660 3620 κα-

2075 3664 2444 3736 ταχωννύντες
2479 3661 2726 3727 ἑαυτοὺς,
2777 3659 2905 3714 πότε
2954 3660 3270 3731 δυνήσονται
3321 3659 3664 3728 ἀνανεῦσαι;

2079 3758 2191 3810 Οὑκ
2222 3757 2459 3826 ἤκουσας
2483 3751 2698 3806 Παύλου
2729 3750 2996 3819 λέγοντος,
3029 3749 3239 3816 οὐδεὶς
3258 3753 3664 3820 στρατευόμε-

2077 3867 2182 3914 νος
2200 3846 2556 3918 ἐμπλέκεται
2589 3845 2716 3912 ταῖς
2745 3843 2852 3897 τοῦ
2868 3843 3012 3907 βίου
3029 3843 3338 3911 μερίμναις
3369 3843 3428 3908 ι›;
3471 3845 3664 3912 ἸΙμεῖς

2079 3943 2136 3998 δέ
2175 3945 2269 3994 καὶ
2289 3940 2588 4011 τρυφῶμεν
2652 3939 2747 3992 καὶ
2781 3935 3183 4007 γαστριζόμεθα
3227 3935 3322 3988 καὶ
3357 3933 3659 4006 μεθύομεν,

2077 4033 2174 4087 καὶ
2203 4032 2344 4102 ὑπὲρ
2374 4031 2472 4100 μέν
2501 4030 2609 4082 τῶν
2635 4028 2740 4094 ἔξω
2771 4029 3084 4096 κοπτόμεθα
3115 4029 3476 4098 πραγμάτων,
3525 4032 3585 4080 ἐν
3607 4029 3662 4080 δὲ

2077 4126 2190 4188 τοῖς
2221 4123 2313 4176 τοῦ
2343 4122 2574 4195 ούρανοῦ
2617 4119 3047 4192 μαλακιζόμεθα.
3077 4122 3190 4174 υύκ
3232 4123 3346 4173 ἴστε
3379 4121 3464 4172 ὅτι
3517 4121 3662 4190 ὑπὲρ

2079 4214 2364 4286 ἄνθρωπον
2397 4215 2430 4284 ή
2478 4210 2814 4280 ἐπαγγελία;
2856 4211 2970 4264 Οὑκ
3011 4210 3126 4262 ἐστι
3165 4210 3338 4280 χαμαὶ
3371 4209 3660 4279 βαδίζοντα

2076 4305 2184 4360 τῶν
2228 4307 2494 4377 οὐρανίων
2544 4305 2747 4373 ἀψίδων
2793 4303 3083 4372 ἐπιϐῆναι·
3129 4305 3288 4374 ἡμεῖς
3327 4304 3384 4357 δὲ
3423 4304 3485 4356 οὐ
3519 4303 3664 4357 κατὰ

2077 4401 2362 4474 ἄνθρωπον
2394 4397 2764 4469 σπουδάζομεν
2795 4397 2914 4470 ζῇν,
2942 4396 3081 4450 ἀλλά
3115 4398 3208 4450 καὶ
3235 4397 3446 4466 ἀλόγων
3471 4399 3660 4466 ἐγενό-

2083 4493 2223 4566 μεθα
2257 4493 2492 4564 χείρους.
2521 4491 2634 4544 Ούκ
2663 4489 2776 4542 ἴστε
2804 4489 2944 4560 ποίῳ
2975 4489 3442 4560 παραστησόμεθα
3475 4489 3660 4563 βῆμα-

2078 4603 2166 4650 τις
2192 4587 2292 4638 οὐκ
2321 4587 2550 4638 ἐννοεῖτε
2589 4581 2742 4655 [599]
2769 4583 2852 4636 ὅτι
2892 4584 2986 4636 καὶ
3011 4583 3271 4654 ῥημάτων
3297 4585 3390 4636 καὶ
3423 4583 3662 4656 ἐνθυμη-

2082 4683 2266 4751 μάτων
2321 4676 2702 4748 ἀπαιτούμεθα
2758 4674 2934 4738 δίκας,
2991 4675 3086 4728 καὶ
3135 4674 3254 4726 οὑδέ
3305 4677 3660 4746 ’πραγμάτων

2080 4770 2436 4843 φροντίζομεν
2460 4787 2474 4834 ;
2509 4771 2571 4822 '0
2596 4768 2703 4838 γὰρ
2721 4766 3025 4837 ἐμϐλέψας
3046 4765 3302 4836 γυναικὶ,
3327 4769 3480 4837 φησὶ,
3509 4770 3660 4837 πρὸς

2079 4865 2146 4918 τὸ
2197 4861 2562 4932 ἐπιθυμῆσαι
2599 4859 2812 4929 αὐτῆς,
2862 4859 2977 4928 ἤδη
3023 4860 3382 4929 ἐμοίχευσεν
3437 4862 3658 4928 αὐτήν.-

2093 4958 2229 5010 Ἀλλ’
2251 4959 2400 5028 ὅμως
2431 4957 2478 5008 οἱ
2513 4955 2604 5010 καὶ
2630 4954 2804 5024 ὕφεως
2836 4951 3126 5024 περιέργου
3152 4953 3308 5022 λόγον
3337 4953 3658 5023 ὑπέχοντες,

2077 5049 2140 5102 οὐ
2163 5046 2552 5119 παραιτοῦνται
2577 5045 2672 5099 καὶ
2708 5045 2845 5116 αὐτῇ
2897 5043 3230 5114 ἐνσήπεσθαι
3271 5045 3336 5114 τῇ
3384 5043 3660 5116 ἁμαρτίᾳ.

2087 5141 2150 5194 '0
2178 5141 2372 5208 λέγων
2393 5139 2474 5204 τῷ
2501 5137 2741 5207 ἀδελφῷ
2761 5137 2972 5198 αὑτοῦ.
3003 5135 3194 5203 Μωρέ,
3227 5137 3314 5200 είς
3343 5135 3460 5202 τὴν
3489 5135 3658 5204 τπέεν-

2075 5247 2191 5286 ναν
2218 5230 2549 5302 ἐμπεσεῖται
2579 5247 2590 5258 ·
2634 5231 2793 5300 ἡμεῖς
2827 5227 2885 5282 δέ
2926 5227 3048 5282 οὑδέ
3079 5225 3174 5280 τοῦ
3211 5226 3423 5297 μυρίοις
3461 5227 3658 5290 αὐτοὺς

2077 5323 2458 5394 καταισχύνειν
2485 5323 2712 5376 ὀνείδεσι
2743 5323 2838 5376 καὶ
2868 5320 3130 5383 ποικίλως
3153 5317 3528 5374 ἐπιϐουλεύειν
3551 5319 3658 5386 ἀφ-

2079 5417 2368 5488 ιστάμεθα.
2423 5417 2480 5470 Ὀ
2531 5415 2624 5468 τὸν
2673 5413 2931 5483 φιλοῦντα
2966 5411 3158 5481 φιλῶν,
3191 5410 3341 5464 οὐδὲν
3383 5408 3500 5478 ἔχει
3561 5405 3656 5460 τοῦ

2076 5511 2290 5564 ἐθνικοῦ
2327 5509 2487 5562 πλέον
2523 5526 2536 5540 ·
2581 5509 2740 5578 ἡμεῖς
2778 5507 2836 5562 δὲ
2875 5507 2970 5562 καὶ
3009 5505 3218 5567 τούτοις
3267 5503 3654 5573 βασκαίνομεν.

2076 5605 2210 5658 Τίνα
2261 5601 2353 5658 οὖν
2401 5603 2596 5672 ἕξομεν
2645 5599 3000 5670 συγγνώμην,
3050 5598 3194 5662 ὅταν,
3245 5595 3552 5666 ὑπερϐῆναι
3589 5593 3658 5646 τά

2133 5737 2226 5810 fin
2263 5738 2477 5786 «mione
2501 5737 2624 5786 Nmi
2660 5736 2974 5786 'I‘eslamcnli
2999 5735 3164 5786 Graeca
3203 5735 3388 5798 legitur
3429 5747 3656 5796 πραγμα-

2075 5816 2238 5856 τειαις.
