3712 6212
99 296 172 352 565
1019 285 1080 340 IN
1125 285 1338 341 EPIST.
1379 285 1401 341 1
1465 289 1556 342 AD
1594 287 1746 343 COR.
1792 286 2019 342 llOMlL.
2064 286 2223 342 XLII.

99 416 159 464 loc
179 407 339 460 induere
360 405 787 472 incorruptionem,
810 410 856 454 et
883 401 1093 453 mortale
1114 402 1206 453 hoc
1235 402 1444 453 induere
1471 401 1566 452 im-

99 501 376 556 nortalitatent.
397 495 745 564 (Iorruptibile
775 503 948 546 autem
973 501 1054 546 est
1080 507 1274 560 corpus
1295 533 1309 556 ,
1334 502 1386 546 et
1421 506 1566 545 mor-

99 595 178 648 ale.
219 589 319 644 Ideo
353 601 530 658 corpus
577 595 794 641 manet:
826 600 1022 652 corpus
1067 583 1208 638 enim
1255 593 1336 637 est
1383 583 1566 650 subje-

105 701 187 740 tum
214 684 427 736 indnens:
458 681 752 734 mortalitas
781 688 954 731 autem
988 687 1039 730 et
1061 677 1332 745 corruptio
1357 675 1566 728 deletur

101 790 112 830 ι
157 773 394 838 evanescit,
433 772 498 824 ad
544 772 714 840 ipsum
758 769 1045 822 nece-dente
1086 767 1483 820 immortalitate
1513 774 1567 819 et

100 867 410 936 morrnptione.
437 865 554 920 Noli
596 880 723 934 ergo
750 865 1001 930 deinceps
1029 862 1270 916 dubitare
1297 851 1567 928 quomodo

99 965 195 1015 itam
219 959 334 1011 vivet
363 959 608 1010 inﬁnitam
631 997 646 1021 ,
681 971 799 1010 cum
835 953 1069 1008 audieris
1101 953 1239 1022 quod
1271 952 1360 1004 fiat
1385 951 1563 1003 incor-

100 1053 267 1122 Ipliliile
290 1060 335 1105 et
369 1050 591 1103 interitui
621 1063 724 1102 non
763 1047 1073 1100 obnoxium.
1118 1047 1205 1101 54.
1247 1043 1373 1099 Cum
1398 1052 1564 1096 autent

100 1144 329 1211 lmtptibile
361 1142 441 1195 hoc
485 1141 702 1194 indm-rit
745 1139 1205 1207 incorruptionem,
1259 1147 1304 1190 et
1352 1135 1565 1187 mortale

99 1254 132 1289 με
149 1234 332 1287 induerit
356 1233 791 1292 immortalitatem,
811 1241 926 1283 tunc
945 1233 1031 1298 [iet
1057 1245 1219 1282 sermo
1240 1228 1326 1297 qui
1345 1227 1564 1296 scriptus

99 1338 124 1387 τ,
142 1326 357 1395 Absorpta
384 1335 448 1379 est
472 1341 606 1377 mors
629 1325 678 1376 in
708 1325 930 1377 victoria.
953 1323 1082 1375 Nam
1101 1323 1349 1390 quoniam
1375 1336 1560 1388 magna

99 1421 152 1472 tit
178 1429 226 1471 et
249 1433 418 1471 arcana
439 1459 452 1481 ,
487 1433 668 1469 Γυμηῆ
707 1415 757 1469 id
782 1416 922 1485 quod
951 1416 1080 1468 dicit
1105 1412 1360 1467 credibile
1384 1421 1436 1465 et
1462 1411 1563 1465 lide

99 1527 226 1582 gnum
248 1510 357 1564 facit
371 1525 429 1564 ex
453 1507 726 1577 prephetin
745 1525 757 1559 :
775 1507 1024 1576 Absorpta
1045 1516 1136 1570 est,
1155 1506 1341 1573 inquit,
1357 1519 1488 1555 mors
1510 1503 1563 1555 in

101 1605 234 1656 toria.
257 1602 354 1655 lloc
375 1608 468 1666 est,
495 1599 546 1653 in
575 1600 762 1664 tinent;
788 1613 853 1652 ne
889 1596 1348 1666 manentquidem,
1371 1596 1558 1664 inquit,

99 1711 134 1749 IS
181 1693 434 1763 reliquiae,
467 1707 639 1759 neque
686 1706 808 1758 spes
853 1699 935 1742 est
963 1688 1186 1751 reditus,
1232 1702 1350 1740 cum
1384 1686 1556 1739 incor-

100 1788 184 1841 itio
219 1784 586 1854 consumpserit
619 1783 1012 1849 corruptionem
1054 1789 1107 1834 et
1137 1780 1426 1833 interitum.
1469 1777 1556 1832 55.

100 1882 112 1931 i
144 1889 233 1941 est,
267 1893 404 1939 mors,
436 1875 641 1929 victoria
680 1883 768 1926 tua
797 1876 821 1927 ?
851 1873 935 1925 ubi
963 1882 1055 1936 est,
1085 1873 1300 1942 inferne,
1328 1869 1561 1923 stinmlus

99 1971 172 2024 s?
211 1969 380 2024 Vidisti
423 1969 611 2021 fortem
659 1976 716 2020 et
756 1980 1071 2035 generosam
1117 1965 1348 2016 animam
1379 1963 1403 2015 ’ἐ
1429 1962 1559 2015 Nam

100 2077 266 2127 nquam
303 2075 392 2128 pro
420 2059 635 2112 victoria
668 2057 994 2120 sacrificans,
1030 2063 1085 2109 et
1113 2055 1222 2108 Deo
1245 2053 1472 2116 afflatus,
1505 2061 1560 2106 et

99 2171 172 2206 ira
202 2153 375 2206 videns
403 2151 546 2220 quasi
571 2150 679 2219 jam
709 2151 868 2213 facta,
904 2149 1070 2202 insilit
1095 2159 1149 2202 ct
1169 2149 1367 2217 jacenti
1399 2149 1558 2200 morti

103 2248 236 2310 that,
262 2257 310 2298 et
342 2247 388 2298 in
411 2253 566 2313 caput
592 2244 911 2311 ejnsjacens
935 2242 1003 2296 de
1039 2243 1256 2294 victoria
1285 2241 1558 2294 exsultan-

144 2337 334 2391 emittit
361 2352 563 2399 vocem,
585 2335 824 2388 clamans
850 2342 902 2387 et
929 2333 1134 2396 dicens,
1162 2331 1261 2386 Ubi
1279 2343 1371 2396 est,
1400 2347 1556 2394 mors,

108 2432 225 2483 alus
255 2439 361 2482 tuus
380 2429 405 2480 ἱ)
429 2427 513 2480 ubi
557 2437 628 2480 est
656 2426 868 2479 victoria
907 2436 1012 2490 tua,
1053 2426 1251 2495 inferne
1270 2425 1296 2476 ?
1322 2423 1483 2477 Periit
1505 2431 1560 2476 et

99 2523 197 2576 itus
243 2521 482 2585 evanuit,
511 2530 565 2574 et
605 2529 805 2573 temere
849 2518 1020 2572 fecisti
1068 2518 1157 2571 illa
1199 2517 1399 2570 omnia.
1442 2515 1556 2569 Non

104 2631 152 2666 m
184 2613 325 2667 enim
349 2627 462 2667 eam
491 2613 652 2664 armis
681 2610 826 2664 exuit
851 2618 905 2664 et
931 2608 1098 2674 vicit,
1131 2608 1224 2662 Sed
1255 2609 1413 2661 etiam
1439 2621 1558 2677 per-

99 2717 109 2760 l
133 2747 148 2770 ,
179 2715 237 2760 et
264 2720 328 2758 eo
363 2703 567 2772 redegit
605 2711 661 2756 ut
690 2717 756 2757 ne
781 2711 923 2756 esset
951 2699 1166 2770 quidem
1201 2701 1433 2768 penitus.
1462 2699 1553 2755 56.

99 2799 233 2850 mlus
256 2806 417 2848 autem
436 2795 608 2847 mortis
630 2802 886 2864 peccatum
902 2802 973 2844 est
996 2806 1014 2844 :
1035 2791 1190 2844 virtus
1209 2805 1324 2845 vero
1348 2793 1554 2858 peccati,

114 2888 306 2942 Viden’
335 2885 602 2957 quomodo
645 2885 890 2954 loquatur
925 2882 993 2937 de
1037 2892 1211 2936 morte
1251 2882 1558 2950 corporali?

99 3001 109 3032 ι
141 2979 388 3048 IOquitur
411 2979 571 3032 etiam
615 2977 683 3030 de
708 2974 1098 3030 resurrectione
1135 2974 1394 3042 corporis.
1427 2971 1558 3026 Nam

100 3092 155 3128 :c
182 3090 299 3128 non
340 3079 646 3141 resurgunt,
675 3069 947 3139 quomodo
987 3077 1068 3122 est
1098 3081 1244 3120 mors
1269 3067 1559 3135 absorpta?

105 3167 219 3219 hoc
255 3165 464 3227 solum,
509 3162 602 3217 sed
646 3161 805 3215 etiam
850 3159 1120 3230 quomodo
1160 3159 1360 3228 peccati
1392 3159 1560 3211 virtus

99 3275 163 3314 ex
201 3258 228 3311 ?
261 3255 392 3310 Nam
426 3254 566 3322 ψιοίι
597 3263 871 3324 peccaturo
901 3253 968 3306 sit
997 3251 1244 3306 stimulus
1271 3251 1478 3312 mortis,
1507 3259 1562 3304 et

100 3351 324 3415 ravius,
348 3359 401 3402 et
425 3348 540 3402 hate
566 3349 616 3401 in
639 3348 755 3417 ipso
782 3347 884 3398 vim
910 3346 1119 3409 haheat,
1140 3345 1190 3398 id
1223 3345 1559 3398 manifestum

109 3443 404 3511 quomodo
443 3452 619 3495 autem
668 3441 786 3508 ejus
821 3453 1034 3508 quoque
1080 3439 1250 3491 virtus
1293 3450 1378 3492 est
1420 3437 1503 3491 lex
1537 3437 1561 3491 ?

102 3539 225 3590 iam
261 3535 465 3603 absque
497 3548 558 3587 ea
599 3541 715 3586 erat
746 3529 1092 3592 imbecillum,
1127 3540 1182 3582 ut
1223 3529 1362 3597 quod
1405 3529 1556 3583 fieret

108 3645 194 3692 ιη,
227 3642 346 3680 non
387 3635 570 3695 posset
591 3632 768 3678 autem
795 3621 1014 3692 perinde
1031 3621 1557 3676 condeumare.Nam

123 3722 371 3790 quidem
400 3719 622 3782 malum,
648 3733 752 3770 non
781 3717 847 3770 ita
875 3725 1051 3770 autem
1073 3726 1257 3785 aperte
1285 3715 1557 3770 indicaba-

100 3811 462 3875 ruamohrem
484 3811 563 3863 lex
579 3823 680 3861 non
700 3823 884 3875 parum
899 3807 1144 3872 contulit,
1159 3807 1222 3858 ad
1241 3822 1563 3876 cognoscen-

100 3913 403 3958 wccatum
428 3941 444 3962 ,
474 3901 580 3954 imo
601 3914 727 3952 vero
753 3899 912 3952 etiam
934 3898 1000 3951 ad
1031 3897 1328 3966 augendum
1355 3899 1556 3967 suppli-

119 3996 187 4050 Si
221 4003 422 4046 autem
446 3991 570 4044 dum
590 3990 752 4044 vellet
781 3990 1087 4058 prohibere,
1107 3989 1155 4043 id
1184 3990 1418 4044 reddidit
1439 4005 1560 4059 gra-

99 4106 208 4142 ιυη
231 4097 325 4141 est
340 4086 500 4154 culpa
522 4084 571 4138 in
598 4082 860 4136 medicum
881 4081 1225 4145 conferenda,
1246 4082 1340 4136 sed
1365 4083 1414 4134 in
1435 4097 1558 4136 enim

100 4183 188 4235 ila
225 4195 378 4235 usus
407 4187 492 4231 est
511 4175 925 4230 medicamento.
956 4175 1085 4227 Nam
1116 4173 1311 4228 Christi
1339 4188 1552 4242 quoque

99 4288 209 4329 tus
271 4272 466 4343 gravis
504 4268 602 4323 fuit
641 4283 706 4322 ac
754 4267 1012 4322 molestus
1047 4265 1283 4328 ludatis;
1314 4265 1409 4320 sed
1454 4282 1557 4320 non

102 4384 224 4421 um
264 4361 721 4432 vituperabimus,
753 4359 846 4413 scd
883 4375 1004 4412 eum
1029 4357 1241 4426 quidem
1274 4359 1432 4413 etiam
1467 4357 1562 4410 ad-

103 4474 292 4524 mur,
329 4456 459 4510 illos
496 4463 674 4508 autem
718 4452 887 4521 magis
919 4451 1044 4504 odio
1081 4450 1430 4511 habebimus,
1467 4451 1559 4520 qui

100 4564 232 4608 unt
289 4567 403 4622 per
438 4564 502 4604 ea
532 4564 651 4618 qua:
679 4547 947 4600 debebant
991 4549 1068 4598 eis
1104 4543 1377 4612 prodesse.
1428 4544 1560 4598 Nam

99 4660 222 4714 psa
262 4643 358 4696 lex
395 4639 508 4693 vim
540 4653 644 4693 non
671 4637 879 4691 dederit
911 4645 1161 4704 peccato,
1192 4634 1440 4689 Christus
1481 4634 1561 4705 ip-

100 4748 255 4791 tam
284 4732 563 4802 implevit,
588 4741 642 4786 et
661 4740 773 4785 erat
794 4740 942 4785 extra
973 4739 1264 4797 peceatum.
1281 4729 1359 4784 Tu
1385 4739 1562 4786 autem

99 4825 439 4889 onsidera,
472 4822 738 4894 quomodo
770 4821 892 4876 hinc
913 4837 1125 4891 quoque
1149 4823 1270 4876 facit
1300 4822 1455 4877 fidem
1479 4839 1564 4878 re-

99 4919 306 4974 Lioui.
336 4916 483 4970 Nam
512 4916 558 4970 si
583 4917 753 4984 ipsum
784 4929 1004 4983 peccare
1029 4923 1142 4966 erat
1169 4929 1325 4967 causa
1355 4917 1560 4981 mortis,

99 5028 159 5066 rs
199 5016 422 5063 autem
458 5022 579 5060 cum
609 5007 840 5060 venisset
863 5006 1024 5060 solvit
1051 5016 1350 5078 peccatum,
1383 5015 1437 5062 et
1467 5023 1562 5062 nos

99 5124 116 5155 ι
175 5101 484 5157 liberavit
511 5115 604 5168 per
632 5099 974 5167 baptismum,
1005 5108 1058 5152 et
1084 5112 1205 5152 cum
1237 5109 1455 5168 peccato
1491 5100 1564 5154 le-

99 5211 326 5267 mque
373 5195 543 5249 solvit
581 5208 644 5247 ae
681 5192 870 5260 fregit,
913 5208 1032 5262 quae
1070 5192 1196 5246 dum
1243 5193 1467 5248 violatur
1501 5208 1565 5248 ac

108 5304 248 5344 tur
278 5328 298 5353 ,
350 5288 540 5356 ipsum
578 5287 822 5340 consistit
849 5302 862 5338 :
891 5284 1019 5353 quid
1061 5285 1235 5341 adhuc
1261 5286 1471 5341 dubitas
1497 5286 1564 5341 de

105 5385 370 5442 ctione
393 5383 418 5434 ?
448 5379 722 5451 quomodo
753 5379 896 5433 enim
930 5395 1074 5433 mors
1100 5389 1283 5449 postea
1315 5379 1564 5434 domina-

99 5474 416 5530 tinebit?
445 5487 573 5526 num
609 5487 704 5540 per
730 5470 898 5539 legem
928 5471 950 5522 ?
975 5469 1080 5526 Sed
1107 5486 1168 5525 ea
1195 5481 1278 5525 cst
1307 5471 1480 5525 soluta
1511 5480 1564 5525 ct

100 5586 194 5624 va-
243 5567 340 5620 At
379 5581 484 5635 per
513 5573 788 5634 [moestum
815 5564 838 5616 ‘l
867 5563 971 5618 Sed
999 5563 1046 5615 id
1078 5572 1157 5617 est
1189 5564 1399 5633 penitus
1420 5563 1566 5618 delc-

99 5665 153 5713 t.
215 5656 369 5711 Deo
402 5666 576 5709 autem
605 5657 816 5726 gratias,
853 5655 936 5723 qui
972 5654 1106 5706 dedit
1128 5656 1272 5709 nobis
1305 5656 1562 5710 victorian:

99 5754 368 5806 uinum
404 5759 636 5803 nostrum
661 5748 836 5802 Jesum
862 5747 1134 5803 Christum.

3146 291 3252 347 386

1744 399 1794 452 '5.
1820 399 1952 454 Nam
1981 409 2236 469 trepaenm
2263 400 2474 468 quidem
2512 401 2623 469 ipse
2650 400 2856 466 erexit,
2889 402 3105 456 coronis
3150 419 3252 456 au-

1673 500 1777 544 tem
1818 507 1916 546 nos
1945 507 2155 562 quoque
2183 492 2285 546 frui
2309 495 2551 558 curavit,
2585 493 2742 561 idque
2770 508 2874 546 non
2911 508 2977 546 ex
3028 493 3211 550 debito
3233 537 3250 560 ,

1673 583 1766 636 sed
1794 583 1904 636 sola
1927 599 2023 638 sua
2052 585 2397 654 benignitate.
2433 586 2521 640 58.
2553 584 2761 655 Itaque,
2791 587 3013 654 fratres,
3051 588 3253 642 stabiles

1672 684 1826 728 estote
1844 686 1890 728 et
1917 676 2210 730 inmobiles.
2247 679 2392 732 Jusla
2411 679 2519 749 jam
2550 688 2629 733 est
2656 687 2709 732 et
2734 689 3032 748 opportuna
3063 681 3254 735 adhor-

1672 771 1817 822 tatio.
1852 768 1991 822 Nihil
2018 770 2160 823 etiim
2188 770 2323 824 adeo
2369 771 2650 826 labefactat
2689 770 2920 842 facitque
2959 772 3250 840 vacillare,

1671 866 1829 926 atque
1874 860 2182 915 existimare
2229 874 2287 915 se
2336 869 2538 916 temere
2580 859 2741 931 affligi
2791 872 2844 917 et
2887 862 3006 918 sine
3059 878 3246 917 causa.

1671 949 1993 1004 Abundantes
2018 950 2072 1003 in
2101 968 2251 1021 apere
2275 952 2475 1006 Domini
2501 969 2696 1020 semper
2717 971 2738 1018 ;
2783 953 2885 1010 hoc
2906 963 2990 1008 est
3013 996 3028 1020 ,
3058 955 3111 1009 in
3142 957 3250 1010 vita

1671 1039 1886 1092 munda.
1915 1039 2024 1094 Nec
2047 1041 2205 1107 dixit,
2237 1042 2438 1097 Bonum
2469 1053 2773 1112 operantes,
2791 1043 2884 1100 sed
2902 1045 3248 1108 Abundantes,

1671 1140 1728 1184 ut
1757 1131 1856 1185 hoc
1887 1132 2139 1187 faciamus
2169 1151 2287 1188 cum
2315 1136 2638 1191 abundantia
2684 1148 2736 1191 et
2782 1149 2932 1207 septa
2982 1137 3248 1192 transilia-

1670 1237 1810 1276 mus.
1840 1224 2066 1277 Scientes
2094 1227 2226 1293 quod
2247 1226 2388 1280 labor
2412 1239 2571 1281 uester
2599 1247 2700 1283 non
2738 1241 2810 1283 est
2847 1231 3014 1285 inanis
3047 1231 3100 1284 in
3142 1229 3250 1284 Do-

1669 1313 1825 1368 mino.
1854 1315 1988 1382 Quid
2015 1317 2186 1370 dicis?
2217 1333 2398 1372 rursus
2425 1319 2612 1374 labor?
2637 1320 2812 1375 Labor
2847 1321 3060 1388 quidem
3086 1362 3102 1387 ,
3151 1322 3246 1376 sed

1667 1403 1755 1471 qui
1782 1403 1940 1458 habet
1965 1422 2208 1470 coronas,
2243 1420 2297 1463 et
2323 1411 2608 1479 suscipitur
2636 1427 2732 1480 pro
2751 1412 2915 1466 caelis.
2947 1411 3078 1465 Nam
3104 1413 3248 1482 prior

1667 1494 1904 1561 quidem,
1928 1497 2017 1565 qui
2041 1497 2134 1550 fuit
2162 1507 2278 1566 post
2305 1499 2607 1567 paradisum
2634 1544 2647 1564 ,
2676 1511 2759 1555 est
2790 1517 2942 1569 pinna
2996 1512 3245 1570 peccato-

1669 1599 1785 1638 rum
1812 1586 2202 1653 admissurum;
2235 1589 2323 1643 hic
2351 1601 2528 1645 autem
2555 1601 2636 1645 est
2667 1591 3066 1648 fundamentum
3098 1591 3247 1647 futu«

1670 1694 1850 1732 rerum
1903 1680 2262 1747 prmmiornm.
2315 1683 2674 1750 Quamobrem
2738 1703 2837 1740 nec
2887 1686 2987 1741 hac
3042 1689 3247 1742 ratione

1669 1770 1829 1826 fuerit
1870 1771 2023 1827 labor
2045 1815 2061 1841 ,
2110 1784 2163 1828 et
2207 1775 2347 1844 quod
2374 1792 2605 1845 superne
2633 1794 2881 1848 magnum
2912 1778 3064 1833 nobis
3091 1777 3249 1834 detur

1667 1864 1921 1918 auxilium
1967 1879 1980 1914 :
2030 1874 2085 1920 et
2139 1866 2258 1921 ideo
2311 1869 2590 1937 subjnnxit
2635 1887 2648 1922 :
2691 1869 2758 1923 In
2817 1871 3056 1925 Domino.
3114 1871 3245 1926 Nam

1670 1954 1814 2022 prior
1835 1955 2046 2023 quidem
2075 1955 2173 2009 fuit
2202 1966 2259 2010 ut
2287 1957 2537 2012 daremus
2567 1974 2752 2028 pmnas
2775 2002 2790 2026 ,
2827 1961 2913 2015 hic
2960 1974 3139 2016 autem
3187 1973 3247 2017 ut

1666 2043 1804 2100 bona
1836 2045 2010 2100 futura
2048 2063 2461 2118 consequamur.
2491 2050 2568 2105 Ne
2593 2068 2720 2122 ergo
2757 2052 3120 2119 dormiamus,
3160 2055 3248 2110 di-

1668 2138 1810 2212 lecti.
1837 2139 2020 2210 Neqne
2047 2143 2190 2196 enim
2230 2142 2343 2196 ﬁeri
2391 2153 2594 2212 petest,
2638 2154 2696 2199 ut
2723 2188 2737 2209 ,
2787 2147 2829 2199 si
2886 2147 3018 2218 pigri
3063 2163 3248 2202 sumus

1666 2239 1719 2283 et
1747 2230 1917 2300 ignavi
1941 2273 1957 2298 ,
1987 2248 2206 2303 regnum
2233 2237 2487 2290 caelorum
2516 2251 2936 2306 consequamur,
2986 2255 3160 2309 neque
3200 2242 3245 2295 si

1667 2323 1718 2376 in
1763 2324 1972 2378 deliciis
2011 2341 2233 2393 agamus
2282 2329 2578 2398 mollesque
2621 2329 2787 2384 simus
2830 2341 2885 2384 et
2930 2330 3244 2386 effeminati.

1669 2415 1928 2471 Praeclare
1955 2417 2098 2472 enim
2123 2418 2397 2473 nobiscum
2421 2429 2625 2490 agetur,
2656 2421 2702 2474 si
2726 2436 2921 2492 corpus
2947 2422 3247 2493 afﬂigemes

1664 2517 1717 2560 et
1743 2509 2086 2578 castigantes,
2115 2519 2168 2563 et
2193 2510 2606 2566 innumerabiles
2623 2512 2940 2568 suﬂ‘erentes
2955 2530 3243 2576 aerumnas,

1663 2603 2004 2658 difficultates
2030 2613 2085 2659 et
2111 2605 2323 2660 labores
2343 2648 2358 2669 ,
2393 2608 2652 2674 possimus
2682 2606 2816 2661 bona
2845 2607 2932 2661 illa
2964 2609 3243 2678 consequi.

1663 2695 1854 2749 Annon
1887 2695 2079 2751 videtis
2110 2706 2365 2766 quantum
2396 2698 2534 2752 inter
2558 2700 2748 2753 cmlum
2776 2708 2830 2754 et
2861 2710 3053 2754 terram
3082 2701 3248 2755 inter-

1663 2787 1897 2840 medium
1924 2789 1995 2841 sit
2024 2790 2295 2857 spatium?
2323 2799 2376 2843 et
2404 2799 2660 2859 quantum
2690 2791 2887 2845 bellum
2931 2791 3204 2848 immineat
3228 2836 3243 2860 ,

1663 2889 1716 2934 et
1745 2895 1901 2950 quam
1936 2881 2006 2935 sit
2035 2881 2196 2937 homo
2227 2897 2523 2952 propensus
2549 2884 2614 2938 ad
2645 2884 2828 2939 vitium
2853 2926 2868 2951 ,
2901 2897 2954 2941 et
2975 2888 3246 2956 quomodo

1664 2987 1762 3025 nos
1785 2973 2090 3027 circumstet
2122 2984 2395 3044 peccatum
2422 3017 2437 3041 ,
2478 2986 2532 3031 et
2565 2992 2722 3046 quam
2769 2978 2922 3032 multi
2970 2979 3024 3033 ln
3070 2979 3248 3035 medio

1663 3065 1772 3118 sint
1798 3065 2018 3134 laquei?
2046 3066 2152 3121 Cur
2180 3075 2286 3121 tam
2317 3069 2513 3122 multas
2556 3085 2684 3140 ergo
2726 3086 2884 3126 curas
2927 3073 3247 3129 attrahimus

1664 3163 1815 3208 extra
1845 3158 2107 3211 naturalia
2145 3168 2199 3213 et
2244 3159 2399 3214 nobis
2445 3159 2592 3230 plura
2641 3162 2957 3218 exhibemus
2996 3166 3245 3234 negotia,

1665 3249 1971 3318 majoraque
2003 3251 2325 3320 imponimus
2353 3253 2556 3308 onera?
2589 3271 2692 3308 non
2725 3256 2918 3311 sufficit
2945 3259 3145 3313 ventris
3194 3268 3249 3314 et

1665 3341 1892 3394 vestium
1915 3349 1970 3395 et
1993 3343 2186 3398 domus
2213 3359 2395 3397 curam
2424 3347 2656 3415 gerere?
2689 3362 2792 3401 non
2822 3349 3016 3403 sufficit
3043 3350 3246 3406 sollici~

1667 3433 1792 3488 tudo
1819 3433 1886 3487 de
1915 3435 1980 3488 iis
2006 3450 2125 3504 qua)
2152 3444 2276 3489 Sillll
2317 3438 2614 3492 necessaria
2637 3437 2662 3491 ?
2704 3439 3033 3508 Quamquam
3083 3443 3244 3496 etiam

1665 3527 1732 3580 ab
1762 3527 1823 3580 iis
1853 3542 1950 3582 nos
1971 3528 2193 3582 abduxit
2217 3527 2481 3594 Christus,
2513 3531 2698 3586 dicens
2733 3551 2745 3586 :
2780 3531 2866 3586 Ne
2892 3535 3094 3588 solliciti
3137 3537 3254 3590 sitis

1663 3621 1848 3673 animt:
1871 3631 2045 3675 restria
2070 3622 2191 3690 quid
2219 3623 2493 3677 comedetis
2519 3665 2532 3687 ,
2585 3640 2742 3693 neque
2788 3625 2991 3694 corpori
3039 3635 3201 3679 vestro
3226 3669 3245 3691 ,

1663 3713 1786 3780 quid
1805 3714 2088 3768 induamini
2123 3714 2348 3786 (Matth.
2383 3719 2434 3772 6.
2459 3715 2591 3787 25).
2618 3716 2671 3771 Si
2702 3724 2879 3770 autem
2901 3716 2969 3772 de
2995 3717 3250 3773 alimento

1665 3808 1967 3860 necessario
1989 3816 2043 3861 et
2062 3807 2375 3862 indumento
2407 3823 2512 3862 non
2538 3816 2750 3876 Oportet
2788 3823 2910 3863 esse
2946 3809 3202 3864 sollicitos
3227 3851 3242 3873 .

1665 3914 1838 3967 neque
1862 3899 1928 3951 de
1954 3898 2041 3954 die
2067 3900 2306 3969 sequenti
2355 3915 2371 3953 :
2414 3899 2501 3968 qui
2553 3908 2658 3953 tam
2711 3901 2928 3953 multam
2972 3901 3250 3954 attrahunt

1663 3989 1980 4060 farraginem
2011 4006 2072 4044 ac
2100 3991 2403 4060 congeriem
2429 4032 2443 4056 ,
2472 4002 2527 4045 et
2556 3991 2761 4060 seipsos
2784 3991 3037 4058 obruunt,
3069 4007 3242 4062 quan-

1663 4081 1732 4136 do
1755 4091 2005 4152 poterunt
2031 4084 2348 4152 emergere?
2379 4098 2484 4136 non
2537 4083 2746 4138 audiisti
2791 4084 3011 4138 Paulum
3060 4084 3246 4139 dicen-

1664 4183 1771 4230 tem
1804 4194 1818 4230 :
1850 4176 2013 4230 Nemo
2065 4177 2288 4231 militans
2333 4179 2624 4248 implicatur
2672 4178 2826 4248 hujus
2869 4180 2985 4232 vita:
3033 4179 3245 4249 negotiis

1667 4269 1755 4337 (2.
1785 4269 1921 4322 Tim.
1947 4269 1998 4322 2.
2033 4271 2067 4322 4
2088 4271 2141 4337 )?
2163 4268 2269 4323 Nos
2298 4279 2477 4324 autem
2509 4280 2563 4324 et
2593 4270 2797 4324 deliciis
2822 4285 3037 4340 operam
3055 4269 3248 4323 damus

1664 4372 1719 4417 et
1746 4363 1916 4416 ventri
1955 4362 2289 4431 imlulgemns
2331 4371 2384 4415 et
2427 4363 2789 4429 inchriamur,
2835 4373 2889 4418 et
2940 4379 3036 4432 pro
3084 4364 3250 4417 rebus

1664 4453 1880 4522 quidem
1912 4453 2149 4507 externis
2184 4451 2488 4522 affligimur,
2525 4454 2578 4506 in
2619 4454 2778 4508 rebus
2808 4463 2986 4508 autem
3015 4452 3246 4507 czelesti-

1665 4545 1765 4600 bus
1790 4545 1982 4600 molles
2010 4560 2194 4599 sumus
2222 4555 2272 4600 et
2302 4545 2614 4599 eﬂeminati.
2647 4549 2725 4600 An
2756 4545 2976 4601 nescitis
2992 4546 3134 4617 quod
3155 4561 3251 4600 su-

1665 4653 1761 4708 pra
1789 4637 2060 4692 hominem
2087 4648 2169 4691 est
2197 4638 2525 4707 promissio?
2554 4637 2668 4694 Non
2698 4640 2824 4694 licet
2871 4638 3018 4693 humi
3065 4639 3244 4711 ingre-

1666 4731 1829 4787 dienti
1856 4731 1972 4786 cali
2001 4731 2262 4802 fastigium
2294 4732 2581 4787 ascendere
2609 4750 2622 4784 :
2657 4748 2752 4788 nos
2776 4744 2954 4787 autem
2986 4747 3090 4788 non
3137 4743 3248 4788 stu-

1667 4824 1854 4880 demus
1902 4825 2084 4880 vivere
2139 4824 2428 4878 secundum
2482 4824 2786 4890 hominem,
2836 4824 2932 4880 sed
2974 4833 3028 4879 et
3076 4824 3248 4880 brutis

1667 4915 1947 4970 evadimus
1993 4916 2307 4972 deteriores.
2351 4914 2577 4970 Nescitis
2621 4929 2802 4970 coram
2850 4932 2955 4985 quo
2996 4916 3250 4970 sistentur

1669 5007 1964 5062 tribunali?
1989 5023 2167 5061 annon
2194 5007 2438 5074 cogitatis
2463 5006 2602 5076 quod
2634 5016 2690 5062 et
2715 5008 2997 5063 verborum
3026 5017 3080 5064 et
3101 5008 3244 5078 cogi-

1672 5100 1926 5152 tationum
1952 5114 1980 5151 a
2010 5099 2164 5153 nobis
2191 5099 2434 5167 exigetur
2465 5100 2603 5152 ratio
2624 5140 2639 5164 ,
2687 5109 2742 5153 et
2781 5114 2848 5153 ne
2893 5115 2983 5154 res
3028 5099 3242 5169 quidem

1669 5190 1956 5246 curamus?
1989 5191 2088 5258 Qui
2115 5190 2257 5244 enim
2286 5191 2484 5260 aspexit
2508 5193 2770 5244 mulierem
2797 5192 2866 5243 ad
2887 5190 3245 5261 concupiscen-

1671 5282 1790 5334 dum
1815 5297 1942 5344 eam,
1963 5282 2076 5351 jam
2096 5291 2168 5334 est
2195 5281 2470 5336 moechatus
2499 5281 2517 5351 (
2545 5281 2729 5336 Matth.
2758 5283 2810 5337 5.
2833 5283 2963 5354 9.8).
3007 5281 3113 5338 Sed
3153 5282 3246 5336 ’ω-

1673 5389 1791 5426 nien
1823 5372 1910 5442 qui
1939 5374 2099 5428 etiam
2145 5373 2344 5426 curiosi
2384 5384 2630 5444 aspectus
2673 5373 2904 5429 reddunt
2947 5374 3244 5438 rationem.

1672 5479 1776 5517 non
1801 5473 2048 5516 recusant
2074 5463 2158 5517 vel
2182 5463 2232 5516 in
2261 5463 2376 5533 ipso
2405 5473 2710 5534 putrescere
2750 5475 2992 5535 peccato.
3037 5465 3135 5532 Qui
3159 5465 3244 5517 di—

1670 5556 1736 5608 cit
1761 5557 1909 5627 fratri
1941 5573 2056 5624 suo,
2086 5556 2272 5621 Stulte,
2301 5557 2646 5612 deturbabitur
2673 5558 2726 5610 in
2753 5558 3032 5627 gehennam
3059 5558 3080 5626 (
3101 5555 3244 5611 Ibid.

1671 5663 1720 5701 ιν.
1747 5647 1820 5702 9d
1845 5649 1884 5718 ).
1915 5648 2022 5704 Nos
2051 5659 2226 5703 autem
2251 5647 2657 5704 innumerabilia
2689 5649 2880 5718 probra
2909 5649 2962 5704 in
2990 5664 3086 5704 eos
3129 5657 3244 5704 tor-

1673 5759 1837 5815 quere
1859 5785 1875 5813 ,
1906 5753 1960 5801 et
1985 5760 2131 5802 varie
2159 5745 2238 5800 eis
2259 5744 2495 5800 insidiari
2525 5760 2629 5799 non
2662 5743 2992 5799 desistimus.
3017 5741 3118 5812 Qui
3145 5741 3250 5799 di-
