3802 6316
360 284 465 341 367

358 400 473 471 ligit
493 400 799 470 diligentem
825 440 839 463 ,
870 414 974 453 non
1007 398 1124 469 plus
1150 398 1308 453 habet
1336 412 1495 466 quam
1522 394 1765 451 ethnicus
1788 411 1802 447 :
1837 408 1935 450 nos

358 504 539 549 autem
577 494 657 549 eis
687 509 897 563 quoque
926 492 1245 546 invidemus.
1285 491 1581 557 Quamnam
1628 504 1755 559 ergo
1801 503 1934 542 con-

359 600 649 655 sequemur
675 587 884 641 veniam
907 626 923 650 ,
957 584 1171 654 quando
1197 591 1377 636 vetera
1403 580 1535 651 jussi
1562 591 1710 649 septa
1748 580 1938 634 transi-

363 674 494 741 lire,
525 686 762 728 nostram
805 675 925 727 vitae
971 674 1189 743 agendae
1216 673 1478 726 rationem
1513 671 1671 725 etiam
1724 670 1935 724 illorum

362 781 611 820 mensura
642 767 974 820 contexiutus
1008 766 1268 818 minorem
1293 764 1316 816 ‘l
1340 777 1580 833 quaenam
1612 776 1709 814 nos
1748 761 1940 829 eripiet

362 858 574 911 oratio?
602 858 720 923 quis
745 857 897 911 nobis
924 856 1135 920 aderit,
1170 864 1225 909 et
1249 868 1407 923 opem
1446 852 1585 907 feret
1615 853 1741 905 dum
1780 850 1940 905 casti-

363 948 591 1020 gamur?
614 948 801 1003 Nullus
821 989 837 1013 ,
866 946 960 1001 sed
988 961 1209 1001 necesse
1250 955 1334 1000 est
1373 946 1592 998 omnino
1643 943 1935 1013 ejulantes.

366 1042 627 1111 lugentes,
654 1039 902 1093 dentibus
927 1038 1217 1092 frementes
1240 1078 1256 1101 ,
1305 1035 1581 1089 tormentis
1629 1034 1892 1088 cruciatos
1920 1074 1936 1099 ,

362 1134 553 1187 abduci
579 1134 629 1186 in
658 1132 776 1185 illas
798 1132 914 1186 luce
942 1140 1188 1185 carentes
1219 1128 1488 1193 tenebras,
1514 1127 1565 1180 in
1592 1126 1806 1181 dolores
1828 1126 1940 1180 ine-

361 1226 627 1291 vitabiles,
656 1226 708 1278 in
740 1240 923 1293 poenas
970 1220 1353 1278 intolerabiles.
1409 1218 1763 1285 Quamobrem
1811 1233 1939 1288 rogo

360 1328 418 1374 et
440 1319 685 1379 obsecro,
719 1326 773 1371 et
802 1324 981 1370 vestra
1006 1312 1416 1384 apprehendens
1440 1326 1611 1382 genua
1657 1309 1898 1379 supplico
1918 1351 1935 1377 ,

364 1411 537 1463 donec
563 1408 822 1463 habemus
848 1409 948 1463 hoc
998 1421 1219 1476 parvum
1268 1406 1389 1457 vitae
1436 1403 1719 1469 viaticum,
1769 1412 1826 1455 ttt
1874 1402 1937 1456 iis

362 1518 481 1572 qua:
504 1501 645 1556 dicta
668 1510 790 1554 sunt
814 1514 1269 1569 compungamur,
1302 1506 1713 1559 convertamur,
1746 1494 1939 1551 redda-

368 1612 488 1650 tnur
516 1596 764 1650 meliores
789 1611 802 1647 :
834 1609 921 1659 ne,
949 1592 1089 1647 sicut
1110 1592 1201 1645 ille
1226 1590 1398 1657 dives,
1428 1589 1683 1643 inutiliter
1709 1587 1819 1642 illic
1862 1586 1942 1642 la-

368 1698 671 1744 mentemur
691 1703 810 1742 cum
841 1685 1266 1749 excesserimus,
1321 1692 1375 1736 ct
1412 1680 1738 1743 defleamus;
1783 1679 1938 1734 fletus

361 1800 442 1818 —

1101 278 1158 336 S.
1196 279 1471 337 JOANNIS
1505 279 1972 336 CllRYSOSTOMl
2012 279 2324 336 ARCHIEP.
2363 280 2890 339 CONSTANTINOP.

3521 285 3629 341 368

2041 403 2219 449 autem
2242 394 2371 450 nihil
2398 395 2556 451 nobis
2584 396 2807 452 remedii
2838 396 3046 452 afferat.
3075 396 3207 451 Nam
3252 398 3367 453 sive
3414 408 3627 467 patrem

2042 483 2277 552 habeas,
2308 486 2422 541 sive
2453 485 2617 540 ﬁlium
2643 528 2658 553 ,
2688 487 2804 542 sive
2849 488 3091 558 quemvis
3136 488 3297 542 alium
3346 489 3439 559 qui
3484 489 3625 557 apud

2043 577 2210 633 Deum
2245 577 2438 633 habeat
2464 578 2732 645 ﬁduciam,
2758 595 2917 635 nemo
2943 590 2995 636 te
3022 581 3233 651 eripiet,
3263 596 3384 636 cum
3412 582 3630 650 propria

2042 677 2130 722 tua
2162 668 2300 723 facta
2329 679 2383 724 te
2410 669 2659 739 prodant.
2689 670 2824 726 Tale
2848 681 2932 725 est
2965 672 3108 725 enim
3141 671 3269 726 illud
3313 671 3580 741 judicium
3611 689 3627 723 :

2038 760 2241 831 judicat
2259 764 2433 818 solum
2456 780 2521 818 ex
2547 765 2972 833 operationibus,
3001 781 3099 820 nec
3123 766 3398 821 aliterillic
3419 767 3633 821 salvum

2043 869 2163 909 esse
2187 855 2327 909 licet.
2358 855 2482 911 Hcce
2503 866 2681 911 autem
2708 857 2851 922 dico,
2881 871 2989 912 non
3018 866 3076 912 ut
3122 858 3217 912 tibi
3257 857 3501 913 dolorem
3548 858 3628 911 in-

2043 946 2231 1015 feram,
2257 964 2363 1003 non
2386 958 2444 1004 ut
2466 950 2699 1019 injiciam
2728 950 2780 1004 in
2811 950 3262 1018 desperationem.
3289 949 3384 1005 sed
3409 966 3478 1005 ne
3505 952 3629 1003 ina-

2045 1039 2098 1093 ni
2122 1049 2177 1094 et
2196 1039 2383 1111 frigida
2404 1056 2499 1111 spe
2522 1042 2727 1109 nutriti,
2756 1051 2812 1097 et
2836 1043 2962 1097 huic
3003 1052 3058 1097 et
3102 1043 3175 1097 illi
3215 1043 3447 1098 ﬁdentes
3470 1085 3486 1108 ,
3534 1060 3637 1099 no-

2046 1142 2209 1187 stram
2232 1133 2561 1203 negligamus
2576 1133 2851 1190 virtutem.
2868 1132 2999 1189 Nam
3028 1134 3071 1189 si
3095 1135 3350 1190 socordes
3370 1133 3641 1190 fuerimus

2045 1240 2107 1280 ac
2133 1225 2490 1296 negligentes,
2529 1240 2633 1280 non
2661 1227 2859 1296 justus,
2889 1242 2997 1283 non
3024 1228 3282 1297 propheta
3307 1268 3324 1293 ,
3350 1243 3461 1284 non
3506 1243 3639 1297 apo.

2046 1316 2253 1384 stolus,
2294 1333 2451 1373 nemo
2496 1319 2651 1373 nobis
2689 1318 2861 1374 aderit
2889 1336 2903 1372 :
2931 1320 2977 1374 si
3005 1335 3133 1374 vero
3170 1319 3403 1374 studium
3448 1328 3503 1375 et
3546 1320 3640 1374 di-

2042 1408 2313 1480 ligentiam
2341 1407 2781 1485 adhibuerimus,
2798 1427 2862 1465 ex
2887 1411 3138 1480 operibus
3159 1411 3510 1466 sufﬁcientem
3547 1413 3647 1464 ha-

2044 1500 2233 1556 bentes
2252 1499 2642 1566 defensionem,
2664 1516 2784 1556 cum
2811 1501 3054 1557 libertate
3080 1516 3142 1556 ac
3168 1500 3358 1556 ﬁducia
3400 1501 3645 1556 fruemur

2045 1590 2208 1644 etiam
2272 1590 2466 1657 bonis,
2519 1606 2638 1661 qua:
2703 1601 2826 1646 sunt
2897 1594 3131 1661 reposita
3181 1592 3248 1647 iis
3311 1594 3399 1662 qui
3456 1594 3629 1648 Deum

2045 1682 2274 1751 diligunt
2318 1700 2332 1737 :
2368 1698 2486 1751 quae
2526 1682 2683 1737 detur
2729 1683 2881 1739 nobis
2919 1684 3167 1739 omnibus
3204 1685 3500 1754 consequi,
3524 1698 3637 1739 etc.

454 1792 2086 1817 ————————-——‘———'—___

1670 1844 2015 1907 HOMILIA
2056 1845 2283 1908 XLIII.

366 1976 493 2031 Car.
524 1974 611 2029 16.
647 1990 696 2025 v.
731 1974 782 2027 Ι.
819 1971 894 2026 De
931 1969 1152 2024 collectis
1201 1976 1366 2020 autent
1409 1983 1520 2035 qua:
1555 1967 1684 2035 ﬁunt
1723 1966 1776 2019 in
1823 1982 1947 2019 san-

439 2078 566 2131 ctos,
589 2067 715 2118 sicut
734 2063 963 2119 ordinavi
988 2060 1225 2115 Ecclesiis
1247 2057 1495 2125 Calatini,
1521 2062 1592 2111 ita
1618 2068 1665 2111 et
1690 2073 1774 2111 vos
1800 2059 1951 2124 facile

439 2177 529 2232 per
553 2174 710 2211 unam
736 2155 953 2210 sabbati.

444 2255 498 2306 1.
530 2249 783 2304 Absoluta
810 2246 1052 2301 oratione
1077 2243 1145 2298 de
1180 2242 1517 2313 dogmatibus
1541 2282 1556 2307 ,
1604 2254 1953 2310 aggressurus

374 2359 492 2397 eam
521 2358 639 2411 quae
667 2342 833 2408 magis
863 2346 1068 2406 Spectat
1093 2335 1159 2389 ad
1188 2351 1383 2396 mores,
1418 2333 1596 2387 missis
1627 2332 1744 2385 aliis
1768 2346 1953 2401 proce-

376 2435 455 2487 dit
483 2432 549 2486 ad
576 2447 840 2484 summam
871 2429 1130 2483 bonorum
1149 2468 1163 2488 ,
1193 2426 1352 2479 verba
1392 2425 1590 2478 faciens
1618 2423 1685 2479 de
1715 2424 1952 2479 elcemo-

376 2542 529 2598 syna.
583 2522 687 2579 Sed
737 2539 855 2577 cum
904 2523 972 2576 de
1018 2536 1085 2575 eo
1128 2519 1246 2574 solo
1293 2519 1671 2579 disseruisset,
1718 2517 1951 2583 desinit;

380 2631 700 2688 quamquam
725 2629 987 2684 nusquam
1017 2613 1119 2667 hoc
1150 2615 1273 2667 fecit
1295 2652 1311 2677 ,
1347 2611 1441 2665 sed
1478 2610 1545 2665 de
1573 2610 1911 2681 eleemosyna
1934 2650 1952 2675 ,

379 2710 447 2764 de
478 2708 849 2779 temperantia,
884 2707 950 2761 de
980 2704 1388 2759 mansuetudine
1416 2745 1431 2769 ,
1478 2702 1547 2757 de
1597 2702 1851 2768 lenitate,
1890 2701 1958 2757 de

368 2803 633 2874 patientia
656 2801 828 2871 deque
858 2801 977 2854 aliis
1007 2800 1253 2852 omnibus
1282 2796 1497 2851 disserit
1525 2796 1575 2849 in
1606 2794 1727 2849 aliis
1755 2795 1957 2865 episto-

382 2896 448 2949 lis
475 2897 525 2947 itt
559 2894 682 2947 line.
707 2893 883 2959 Quare
909 2908 1037 2961 ergo
1077 2892 1194 2959 ejus
1242 2888 1383 2959 quod
1422 2898 1627 2957 spectat
1669 2887 1735 2943 ad
1777 2902 1959 2943 mores

384 2985 519 3039 itane
549 2983 715 3038 solant
766 2982 851 3037 hic
904 2991 1092 3035 tractat
1138 2978 1384 3049 partem?
1431 2978 1690 3045 Quoniam
1730 2993 1956 3040 eorum,

379 3094 497 3148 qua:
528 3078 672 3148 prius
701 3077 840 3130 dicta
863 3087 1005 3141 sunt,
1034 3075 1180 3144 plura
1209 3073 1376 3143 magis
1406 3072 1739 3141 pertinebant
1757 3070 1822 3125 ad
1845 3086 1961 3125 ino-

384 3185 472 3225 res
496 3212 510 3234 ,
547 3186 641 3241 per
695 3185 815 3240 qum
857 3169 1134 3237 castigavit
1164 3167 1535 3223 foruicatorem
1561 3206 1577 3232 ,
1606 3180 1701 3235 per
1725 3180 1844 3235 quze
1868 3179 1962 3219 eos

385 3264 664 3319 admonuit
701 3263 789 3332 qui
834 3261 964 3317 furis
995 3261 1198 3332 judicio
1235 3259 1662 3323 contendebant,
1712 3274 1807 3327 per
1845 3273 1964 3328 qua:

389 3357 581 3411 terruit
618 3355 859 3410 ebriosos
883 3365 938 3409 et
963 3370 1058 3409 eos
1087 3354 1177 3423 qui
1222 3352 1396 3407 ventri
1446 3352 1821 3421 indulgebant,
1871 3366 1965 3419 per

387 3463 507 3516 qua:
529 3462 623 3501 eos
648 3446 1027 3501 condemnavit
1053 3445 1142 3515 qui
1170 3445 1487 3499 seditionem
1514 3442 1813 3512 agitabant,
1837 3458 1967 3495 con-

392 3538 721 3605 tendebant,
771 3539 1243 3608 magistratumque
1295 3548 1349 3591 et
1393 3537 1613 3606 imperia
1654 3535 1965 3599 ambibant,

396 3646 489 3698 per
518 3645 638 3699 qua:
668 3644 782 3692 eos,
814 3630 903 3699 qui
938 3628 1154 3699 indigne
1182 3628 1510 3684 accedebant
1555 3626 1623 3681 ad
1672 3626 1924 3697 mySteria
1949 3667 1965 3691 ,

394 3721 467 3775 illi
497 3721 834 3775 intolerando
862 3721 1080 3775 tradidit
1110 3720 1375 3791 supplicio
1395 3762 1408 3783 ,
1438 3735 1532 3790 per
1566 3735 1683 3789 quae
1717 3718 1972 3773 disseruit

392 3811 461 3866 de
505 3812 748 3865 caritate.
788 3812 1074 3881 Propterea
1103 3810 1219 3879 ejus
1247 3811 1420 3865 solutn
1451 3810 1691 3864 meminit
1719 3825 1825 3879 quo
1854 3824 1970 3862 ma-

396 3902 540 3956 xime
582 3918 718 3971 opus
758 3901 1016 3967 habebat,
1065 3918 1258 3971 nempe
1307 3903 1425 3970 opis
1472 3900 1706 3956 ferenda:
1748 3900 1970 3955 sanctis.

396 3992 532 4048 Vide
579 4002 757 4048 autem
803 3993 920 4063 ejus
962 3994 1236 4049 solertiam
1266 4009 1280 4049 :
1314 3992 1526 4062 quando
1577 3994 1656 4048 eis
1713 3993 1977 4063 persuasit

399 4086 872 4151 resurrectionem,
906 4102 1102 4157 eosque
1132 4088 1255 4141 fecit
1287 4088 1647 4155 promptiores
1694 4094 1750 4140 et
1796 4086 1975 4139 animo

398 4181 710 4246 alacriores,
739 4190 860 4235 tttuc
888 4180 1102 4234 demum
1132 4179 1197 4233 de
1219 4195 1286 4235 eo
1313 4194 1522 4249 quoque
1552 4178 1784 4233 disserit.
1819 4176 1975 4243 Atqui

399 4271 465 4325 de
496 4271 578 4325 his
614 4287 826 4341 quoque
870 4282 1025 4325 antea
1066 4271 1347 4336 disseruit,
1380 4270 1593 4341 quando
1622 4268 1837 4325 dicebat
1867 4285 1878 4319 :
1915 4267 1975 4323 Si

401 4380 490 4416 nos
516 4362 650 4417 vobis
679 4364 964 4435 spiritualia
989 4364 1370 4429 seminavimus,
1402 4380 1638 4434 magnum
1670 4371 1776 4427 est,
1802 4361 1845 4415 si
1889 4377 1979 4415 nos

399 4467 559 4511 vestra
584 4459 812 4511 carnalia
840 4458 1069 4511 metimus
1109 4457 1200 4526 (1.
1250 4455 1367 4510 Cor.
1409 4457 1463 4512 9.
1514 4457 1571 4509 ll
1599 4456 1654 4523 );
1705 4464 1798 4519 et,
1856 4454 1980 4519 Quis

401 4548 599 4606 plantat
633 4552 858 4613 vineam,
890 4560 935 4603 et
960 4552 1021 4602 de
1046 4550 1215 4617 fructu
1241 4550 1349 4619 ejus
1377 4566 1476 4602 non
1500 4548 1598 4603 edit
1625 4546 1785 4617 (Ibid.
1819 4562 1865 4599 υ.
1894 4546 1980 4605 7)?

401 4641 503 4697 Sed
532 4642 783 4713 quoniam
813 4640 1255 4710 prtl‘Clﬂl‘IBhIIjUS
1284 4639 1508 4694 actionis
1530 4647 1748 4693 noverat
1775 4637 1980 4707 magni-

404 4733 639 4787 tudinem
658 4775 673 4799 ,
702 4749 809 4786 non
833 4743 1041 4786 recusat
1072 4731 1173 4785 hoc
1196 4746 1405 4800 quoque
1438 4730 1635 4784 addere
1663 4729 1752 4782 ﬁni
1783 4730 1984 4799 episto-

406 4825 492 4879 lae.
524 4835 700 4891 Λογιαν
724 4836 901 4879 autem
934 4824 1213 4879 collectam
1260 4832 1451 4888 vocat,
1501 4824 1679 4877 statim
1722 4824 1791 4903 ab
1832 4825 1983 4881 initio

408 4933 520 4971 rem
553 4917 749 4972 faciens
777 4919 949 4973 levem
985 4935 997 4969 ε
1030 4933 1149 4970 nam
1184 4916 1398 4987 quando
1440 4916 1507 4969 ab
1554 4915 1801 4969 omnibus
1849 4932 1983 4970 con-

410 5008 605 5071 fcrtur,
643 5010 754 5062 leve
781 5010 1004 5079 singulis
1033 5009 1279 5079 estquod
1321 5008 1679 5062 constituitur.
1720 5008 1854 5062 Cum
1891 5024 1987 5062 au-

411 5110 515 5152 tem
544 5099 763 5153 dixisset
785 5100 852 5154 de
877 5102 1097 5155 eollecta
1116 5144 1129 5164 ,
1161 5117 1265 5154 ttntt
1287 5099 1461 5154 statim
1493 5101 1623 5154 dixit
1652 5118 1664 5153 :
1691 5099 1985 5169 Unusquis-

413 5206 518 5260 que
544 5202 778 5245 vestruut
807 5192 943 5259 apud
966 5207 1023 5245 se
1049 5201 1228 5260 ponat,
1262 5191 1557 5247 recondens
1583 5190 1722 5260 quod
1748 5191 1843 5259 ipsi
1867 5191 1981 5260 pla-

411 5282 618 5343 t-uerit;
650 5296 967 5349 quamquam
1017 5281 1117 5335 hoc
1159 5292 1274 5337 erat
1302 5295 1675 5350 consequens;
1725 5282 1817 5336 sed
1863 5296 1986 5336 cum

409 5370 559 5443 prius
586 5371 838 5437 dixisset,
868 5371 1012 5426 Sicut
1037 5374 1269 5425 constitui
1298 5372 1535 5429 Ecclesiis
1567 5374 1784 5428 Galatite
1804 5415 1820 5439 ,
1865 5384 1988 5427 tunc

414 5463 518 5517 hoc
548 5461 849 5531 subjuasit,
882 5479 942 5516 ea
994 5464 1260 5518 narrando
1300 5481 1416 5534 qu:u
1475 5468 1541 5520 ab
1592 5467 1710 5521 aliis
1759 5466 1986 5529 ﬁebant,

412 5553 645 5609 Studium
674 5553 805 5622 ipsis
832 5553 1163 5619 accendens,
1196 5555 1351 5623 idque
1395 5571 1598 5626 ponens
1644 5561 1761 5614 loco
1802 5575 1987 5613 narra-

413 5645 590 5700 tionis.
620 5644 770 5712 Quod
797 5646 954 5699 etiant
983 5643 1108 5700 fecit
1135 5646 1374 5702 scribens
1416 5648 1483 5703 ad
1524 5649 1812 5705 Romanos.
1857 5651 1988 5707 Ete-

415 5742 524 5794 nim
554 5754 674 5795 cum
716 5739 819 5794 illis
849 5738 1117 5796 videretur
1147 5756 1363 5798 narrare
1383 5783 1398 5809 ,
1430 5757 1525 5799 cur
1562 5742 1990 5813 proﬁcisceretur

2056 1965 2445 2038 Jerosolymam
2468 2009 2484 2035 ,
2515 1970 2595 2024 sic
2623 1984 2928 2027 sermonem
2958 1972 3129 2043 injicit
3156 1973 3223 2029 de
3252 1974 3595 2046 eleemosyna
3624 1994 3643 2028 :

2058 2056 2210 2112 Nunc
2256 2069 2425 2113 autem
2473 2061 2601 2115 vado
2646 2061 3021 2134 Jerosolymam
3079 2065 3370 2119 ministrans
3426 2068 3638 2119 sanctis.

2069 2149 2240 2205 Visum
2265 2161 2337 2207 est
2364 2154 2497 2207 enim
2526 2154 2842 2210 Macedonia:
2876 2166 2924 2210 et
2966 2156 3173 2212 Achaia:
3214 2160 3640 2212 communicatio-

2057 2258 2169 2295 nem
2190 2243 2463 2312 quamdam
2485 2245 2651 2313 facere
2674 2247 2726 2299 in
2752 2263 2994 2317 pauperes
3012 2258 3297 2302 sanctorum
3329 2249 3514 2319 (Rom.
3549 2252 3638 2304 15.

2056 2330 2148 2387 25.
2176 2332 2247 2388 26
2268 2333 2308 2402 ).
2337 2333 2440 2389 Sed
2470 2335 2589 2389 illos
2615 2335 2838 2405 quidem
2856 2352 2950 2406 per
2978 2337 3295 2393 Macedones
3338 2348 3392 2394 et
3442 2340 3643 2394 Corin-

2060 2423 2220 2490 thios,
2252 2425 2348 2480 ltos
2372 2436 2550 2481 autem
2580 2431 2738 2482 etiam
2766 2444 2862 2498 per
2884 2428 3097 2485 Galatas
3117 2430 3451 2485 adhortatur.
3486 2431 3635 2487 Sicut

2059 2516 2316 2582 constitui,
2349 2517 2538 2586 inquit,
2568 2517 2809 2574 Ecclesiis
2834 2518 3051 2574 Galatia
3072 2560 3086 2584 ,
3127 2522 3200 2574 ita
3240 2532 3286 2574 ct
3328 2538 3416 2575 vos
3463 2524 3636 2594 facite.

2063 2606 2415 2663 Erubuissent
2439 2611 2581 2664 enim
2612 2611 2782 2665 videri
2814 2612 3091 2667 inferiores
3115 2612 3336 2668 Calatis.
3366 2613 3484 2669 Non
3506 2615 3645 2669 dixit

2061 2710 2260 2766 autem,
2294 2700 2446 2757 Suasi
2477 2713 2535 2757 et
2554 2704 2834 2758 consilium
2866 2704 3009 2771 dedi,
3037 2706 3151 2768 sed,
3179 2704 3426 2760 Constitui
3455 2723 3476 2760 :
3501 2708 3645 2776 quod

2062 2791 2274 2859 quidem
2307 2793 2561 2862 majorem
2596 2795 2829 2849 ostendit
2873 2800 3264 2851 auctoritatem.
3312 2797 3498 2868 Neque
3544 2800 3645 2853 ad.

2064 2883 2211 2939 ducit
2241 2901 2399 2939 unam
2419 2929 2434 2953 ,
2466 2896 2559 2942 aut
2583 2888 2714 2944 duas
2738 2898 2830 2944 aut
2870 2902 2978 2946 tres
3005 2892 3247 2947 civitates
3268 2934 3283 2958 ,
3336 2893 3429 2947 sed
3477 2902 3642 2947 totam

2065 2984 2273 3045 gentem
2304 2992 2317 3029 :
2347 2978 2485 3046 quod
2529 2978 2742 3048 quidem
2790 2981 2911 3036 facit
2959 2983 3119 3037 etiam
3168 2985 3219 3038 in
3269 2983 3643 3053 dogmatibus,

2066 3069 2247 3123 dicens
2279 3088 2291 3122 :
2325 3071 2470 3125 Sicut
2496 3082 2547 3125 et
2588 3073 2641 3126 in
2678 3074 2909 3129 omnibus
2948 3075 3189 3130 Ecclesiis
3234 3087 3547 3131 sanctorum.
3589 3078 3645 3131 Si

2067 3160 2170 3217 hoc
2198 3164 2344 3218 enim
2374 3165 2441 3217 ad
2474 3164 2630 3219 ﬁdem
2673 3166 2967 3221 faciendam
3010 3168 3347 3239 dogmatibus
3391 3181 3475 3225 est
3515 3172 3645 3224 vali-

2067 3253 2192 3308 dum
2213 3294 2229 3320 ,
2262 3255 2428 3309 multo
2456 3257 2627 3325 magis
2652 3256 2718 3311 ad
2743 3258 3158 3315 aemulationem.
3189 3259 3325 3329 Quid
3353 3276 3483 3333 ergo
3506 3302 3524 3328 ,
3562 3262 3653 3317 dic

2068 3362 2250 3416 quaeso
2273 3388 2289 3414 ,
2318 3350 2680 3403 constituisti?
2706 3350 2761 3404 2.
2798 3349 2898 3405 Per
2918 3369 3075 3405 unam
3097 3352 3320 3419 sabbati,
3375 3356 3476 3409 hoc
3525 3366 3608 3408 est
3632 3398 3647 3415 .

2070 3438 2156 3493 die
2184 3439 2476 3505 Dominico,
2507 3443 2844 3511 unusquisque
2868 3455 3084 3498 vestrum
3108 3445 3248 3513 apud
3271 3462 3323 3498 se
3342 3458 3553 3515 seponat
3570 3464 3647 3499 rc-

2071 3532 2289 3586 condens
2325 3535 2460 3603 quod
2490 3535 2536 3587 ei
2575 3537 2698 3591 bene
2737 3538 3001 3597 placuerit.
3028 3538 3161 3594 Vide
3191 3538 3462 3609 quomodo
3490 3541 3648 3593 etiam

2072 3625 2386 3682 adhortatur
2415 3643 2444 3681 a
2489 3637 2728 3697 tempore
2759 3646 2771 3682 :
2804 3629 2921 3685 dies
2968 3632 3109 3684 enim
3152 3640 3267 3685 erat
3312 3631 3541 3686 idoneus
3587 3633 3653 3685 ad

2074 3734 2168 3774 eos
2192 3718 2533 3774 adducendus
2548 3720 2615 3775 ad
2640 3720 3055 3793 eleemosynam.
3082 3721 3457 3777 Recordemini
3485 3723 3648 3785 enim,

2076 3809 2284 3881 inquit,
2329 3827 2573 3881 quautam
2603 3828 2669 3867 eo
2696 3812 2783 3867 die
2811 3815 3127 3883 consequuti
3154 3814 3303 3868 estis.
3334 3813 3482 3868 Bona
3512 3814 3653 3867 enim

2078 3900 2385 3966 incﬂ‘abilia,
2419 3912 2473 3957 et
2503 3903 2650 3957 radix
2685 3911 2741 3958 et
2780 3904 2985 3958 initium
3030 3904 3152 3958 vita:
3191 3914 3390 3959 nostra:
3436 3904 3527 3959 illa
3573 3905 3656 3959 die

2081 3991 2214 4047 facta
2244 4004 2388 4048 sunt.
2419 3994 2533 4049 Non
2569 3995 2666 4050 hac
2694 4005 2873 4051 autem
2899 3997 3072 4051 solum
3100 3997 3308 4052 ratione
3351 4006 3536 4065 aptum
3578 4010 3657 4052 est

2081 4093 2290 4153 tempus
2326 4085 2392 4138 ad
2453 4086 2830 4156 benignitatem
2878 4095 3125 4158 prompto
3169 4096 3223 4141 et
3271 4088 3431 4142 alacri
3482 4090 3659 4143 animo

2081 4176 2432 4229 exercendam
2454 4216 2469 4241 ,
2498 4177 2591 4231 sed
2620 4186 2673 4232 et
2702 4178 2845 4247 quod
2869 4178 3063 4233 habeat
3088 4180 3319 4248 quietem
3368 4194 3433 4234 ac
3470 4180 3655 4234 remis-

2082 4269 2286 4323 sionem
2318 4270 2812 4340 immunitatemque
2842 4282 2893 4326 et
2918 4272 3248 4326 vacationem
3292 4287 3322 4325 a
3368 4272 3652 4325 laboribus.

2082 4358 2212 4413 Nam
2239 4360 2413 4415 anima
2446 4376 2475 4415 a
2503 4361 2773 4416 laboribus
2799 4363 2961 4416 libera
2986 4363 3227 4417 redditur
3269 4363 3569 4433 expeditior
3609 4374 3659 4416 et

2083 4452 2258 4521 aptior
2286 4452 2351 4506 ad
2382 4453 2763 4507 miserendum.
2799 4454 2881 4507 Ad
2928 4456 3041 4509 Itazc
3085 4464 3293 4519 autem,
3341 4456 3663 4510 venerandis

2084 4559 2296 4614 quoque
2344 4560 2408 4599 ac
2462 4544 2850 4599 immortalibus
2916 4549 3309 4602 communicare
3359 4550 3657 4619 mysteriis.

2086 4653 2331 4707 magnam
2376 4637 2531 4692 aﬂ‘crt
2575 4649 2629 4691 et
2678 4639 2916 4693 immittit
2953 4641 3300 4694 alacritatem.
3329 4637 3396 4691 In
3440 4656 3501 4691 ea
3550 4656 3659 4710 ergo

2087 4732 2424 4801 unusquisque
2447 4740 2665 4784 vestrum
2689 4773 2704 4795 ,
2735 4746 2838 4785 non
2869 4731 3111 4785 abSolute
3140 4731 3225 4787 hic
3260 4741 3351 4785 aut
3392 4731 3485 4785 ille
3509 4772 3525 4796 ,
3572 4734 3661 4786 sed

2088 4822 2443 4893 unusquisque,
2474 4823 2586 4876 sive
2615 4821 2682 4875 sit
2708 4836 2928 4892 pauper,
2954 4822 3068 4876 sive
3093 4822 3262 4888 dives,
3286 4822 3398 4876 sive
3418 4822 3522 4886 vir,
3552 4822 3665 4877 sive

2089 4918 2304 4982 mulier,
2339 4916 2456 4971 sive
2484 4931 2668 4971 servus
2693 4956 2709 4980 ,
2739 4919 2851 4971 sive
2886 4916 3019 4971 liber
3038 4957 3054 4981 ,
3085 4918 3222 4986 apud
3253 4932 3306 4970 se
3332 4926 3547 4986 sepouat
3585 4933 3661 4969 rc-

2090 5009 2330 5064 condens.
2359 5008 2473 5064 NOII
2504 5008 2656 5072 dixit,
2688 5007 2848 5062 Ferat
2874 5008 2924 5061 in
2972 5006 3255 5062 ecclesiam
3277 5046 3291 5069 ,
3335 5023 3404 5061 ne
3447 5016 3669 5075 propter

2091 5101 2408 5171 paucitatem
2434 5099 2785 5160 erubescant;
2833 5096 2927 5153 sed
2971 5112 3092 5151 cum
3141 5112 3203 5151 ea
3249 5112 3367 5166 qua:
3414 5096 3662 5165 paulatim

2091 5190 2351 5246 accedunt
2381 5191 2432 5243 in
2458 5188 2866 5244 collectionibus
2888 5189 3093 5243 auxerit
3118 5226 3131 5255 ε
3179 5203 3302 5241 cum
3347 5202 3625 5243 accessero
3647 5231 3666 5252 ,

2095 5292 2219 5336 tunc
2242 5280 2510 5336 ostendat.
2546 5279 2758 5335 Interim
2789 5291 3004 5344 autem,
3056 5280 3263 5348 inquit,
3304 5278 3446 5349 apud
3493 5290 3546 5335 te
3586 5296 3671 5335 se-

2092 5389 2251 5445 pone,
2285 5382 2340 5427 et
2365 5371 2581 5427 domum
2606 5381 2747 5425 tuam
2778 5369 2862 5426 fac
2890 5371 3169 5426 ecclesiam
3191 5411 3206 5435 ,
3233 5370 3467 5423 arculam
3509 5386 3664 5439 gazo-

2092 5465 2395 5537 phylacium
2431 5484 2444 5519 :
2475 5473 2592 5518 esto
2619 5470 2799 5517 custos
2846 5477 3010 5516 sacra:
3054 5462 3292 5531 pecuuize
3317 5502 3331 5524 ,
3384 5477 3413 5514 a
3460 5471 3512 5514 te
3553 5460 3671 5528 ipso

2092 5557 2369 5612 ordinatus
2396 5556 2734 5625 diSpcusator
2764 5568 3073 5623 pauperum.
3124 5552 3426 5622 Benignitas
3469 5562 3525 5604 et
3570 5550 3663 5604 ltu-

2096 5649 2325 5704 manitas
2350 5648 2440 5703 dat
2472 5647 2563 5701 tibi
2594 5646 2694 5702 hoc
2721 5645 3099 5701 sacerdotium.
3140 5642 3306 5713 ilujus
3341 5650 3424 5698 est
3449 5640 3664 5714 symbo~

2097 5744 2206 5800 lum
2235 5756 2295 5797 ac
2327 5739 2535 5811 signum
2564 5735 2702 5808 quod
2746 5752 2887 5792 nunc
2930 5745 3009 5794 est
3056 5734 3511 5805 gazophylacium.
3564 5734 3667 5791 Sed
