3802 6312
115 282 198 338 ῧοἻ
1059 279 1126 338 IN
1168 282 1389 343 EPIST.
1429 287 1451 342 Ι
1488 287 1581 344 AD
1618 290 1639 346 (

1741 293 1777 348 ι.
1817 291 2053 349 HOMIL.
2096 295 2279 352 XLIII.

106 393 285 450 πελαιά
309 393 650 466 κελευόμενοι
690 396 1015 468 σκάμματα,
1070 402 1165 456 καὶ
1203 403 1463 460 ἐλάττονα
1496 408 1643 461 ἐκεί-

104 504 179 540 νου
204 486 288 539 τοῦ
332 487 528 558 μέτρου
571 487 670 558 τὴν
719 488 931 543 ἑαυτῶν
972 492 1249 548 πολιτείαν
1289 498 1643 570 ὑφαίνωμεν;

105 580 171 645 τίς
199 581 332 650 ἡμᾶς
364 581 708 651 ἐξαιρήσεται
738 581 897 650 λόγος
923 601 936 648 ;
968 585 1052 648 τίς
1091 593 1506 662 παραστήσεται
1549 594 1646 646 καὶ

105 672 322 743 βοηθήσει
349 672 764 742 κολαζομένοιςς
793 676 908 729 Ούκ
928 676 1078 730 ἐστιν
1098 681 1290 747 οὐδεὶς,
1324 683 1444 737 ἀλλ’
1472 687 1645 756 ἀνάγ-

103 781 157 834 κη
197 765 330 816 πᾶσα
362 763 728 835 οἰμώζοντας,
763 765 1144 839 ὀδυρομένους,
1188 773 1488 846 βρύχοντας
1516 780 1644 842 τοὺς

101 855 305 918 ίῦόντας,
331 855 790 927 στρεϐλουμένους
821 861 903 923 είς
929 862 990 914 τὸ
1026 864 1215 928 σκότος
1243 867 1548 936 ἀπάγεσθαι
1583 869 1643 922 τὸ

101 946 302 1015 ἀφεγγὲς
333 948 526 1008 ἐκεῖνο.
581 949 664 1011 εἰς
715 949 814 1013 τὰς
861 951 1266 1025 ἀπαραιτήτους
1312 957 1524 1024 ὀδύνας,
1562 962 1643 1023 είς

99 1040 177 1100 τὰς
198 1038 514 1108 ἀνηκέστους
544 1043 838 1113 τιμωρίας.
864 1044 957 1098 Διὸ
981 1045 1172 1116 δέομαι
1203 1050 1297 1101 καὶ
1317 1051 1637 1121 παρακαλῶ,

101 1134 176 1185 καὶ
202 1130 368 1185 αὐτῶν
393 1131 639 1204 ἅπτομαι
671 1135 782 1190 τῶν
811 1139 1075 1206 γονάτων,
1112 1141 1218 1205 ἕως
1249 1142 1313 1195 iv
1343 1143 1556 1215 ἔχωμεν
1579 1147 1642 1200 τὺ

103 1224 264 1293 μικρὸν
285 1223 438 1277 τοῦτο
457 1225 556 1294 τῆς
583 1225 732 1296 ζωῆς
765 1229 996 1297 ἐφόδιον,
1025 1235 1393 1304 κατανυγῖψαι
1421 1239 1533 1300 τοῖς
1559 1239 1638 1290 εί-

102 1313 337 1385 ρημένοις.
379 1316 807 1388 ἐπιστραφῆναι,
842 1319 1083 1390 βελτίους
1122 1323 1396 1390 γενέσθαι,
1434 1326 1518 1380 ἵνα
1563 1327 1638 1399 μὴ

101 1405 214 1458 κατά
247 1406 330 1459 τὸν
375 1407 633 1463 πλούσιον
671 1412 878 1465 ἐκεῖνον
912 1414 1154 1485 ἀνήνυτα
1203 1417 1320 1470 ἐκεῖ
1350 1417 1640 1491 θρηνῶμεν

101 1498 404 1566 ἀπελθόντες,
435 1502 529 1556 καὶ
553 1503 746 1558 ἀνίατα
783 1505 973 1560 λοιπὸν
1003 1507 1346 1580 όδυρώμεθα.
1381 1513 1498 1565 Κάν
1527 1513 1637 1585 γάρ

101 1590 277 1660 πατέρα
310 1591 458 1664 ἔχῃς,
515 1594 618 1648 κᾶν
663 1597 800 1662 υἱὸν,
841 1597 944 1652 xiv
978 1601 1153 1669 φίλον,
1210 1601 1312 1657 xiv
1361 1605 1638 1660 ὁντιναοῦν

102 1683 369 1752 παρρησίαν
417 1684 610 1755 ἔχοντα
654 1689 793 1760 πρὸς
841 1691 932 1744 τὸν
979 1691 1132 1758 Θεὸν,
1183 1695 1356 1758 οὐδείς
1389 1696 1451 1749 σέ
1503 1714 1635 1750 ποτε

137 1793 1446 1836 .—_____________.\

3225 311 3332 370 368

1754 409 2105 482 ἐξαιρήσεται
2126 412 2332 464 τούτων
2363 412 2469 466 ὑπὸ
2501 415 2611 468 τῶν
2639 417 2858 473 οἰκείων
2891 421 3068 493 ἔργων
3093 426 3331 496 προδιδό-

1757 517 1935 570 μενον.
1969 503 2222 557 Τοιοῦτον
2254 505 2360 577 γάρ
2394 507 2570 560 ἐκεῖνο
2599 509 2659 562 τὸ
2680 510 3061 586 δικαστήριονο
3089 519 3195 572 ἀπὸ
3223 522 3331 574 τῶν

1754 593 2007 663 πράξεων
2061 594 2271 660 δικάζει
2333 599 2528 668 μόνων,
2586 601 2682 654 καὶ
2729 603 2904 668 ἄλλως
2941 607 3057 659 ἐκεῖ
3091 609 3331 681 σωθῆναι

1751 686 1852 738 οὐκ
1886 686 1986 740 ἔνι.
2024 689 2134 742 Καὶ
2159 689 2336 744 ταῦτα
2365 690 2528 760 λέγω,
2563 694 2659 764 οὐχ
2691 695 2780 748 ἵνα
2813 696 3058 769 λυπήσω,
3099 701 3208 753 οὐδ’
3245 701 3333 756 ἵνα

1753 777 1833 839 εἰς
1857 777 2164 846 ἀπόγνωσιν
2199 781 2443 851 ἐμϐάλω,
2480 783 2594 836 ἀλλ’
2646 785 2730 838 ἵνα
2785 786 2858 858 μὴ
2910 791 3165 858 ματαίαις
3197 793 3332 863 μηδὲ

1749 866 1982 938 ψυχραῖς
2019 871 2199 924 ἐλπίσι
2247 874 2590 945 τρεφόμενοι,
2631 879 2726 930 καὶ
2764 879 2844 942 είς
2876 880 2966 933 τὸν
3012 881 3157 935 δεῖνα
3197 883 3332 955 θαρ-

1753 957 1994 1030 ροῦντες,
2036 961 2134 1031 τῆς
2161 963 2282 1016 καθ’
2313 966 2542 1030 ἑαυτοὺς
2579 967 2947 1039 ἀμελήσωμεν
2977 971 3197 1042 ἀρετῆς.
3234 974 3332 1026 "Av

1753 1050 1853 1121 μέν
1876 1052 1986 1120 γὰρ
2039 1053 2465 1128 ρᾳθυμήσωμεν,
2522 1059 2582 1112 ού
2631 1060 2860 1124 δίκαιος,
2904 1064 2964 1116 οὐ
3022 1067 3328 1138 προφήτης,

1747 1143 1847 1196 οὐκ
1872 1145 2189 1210 ἀπόστολος,
2239 1149 2414 1214 οὐδεὶς
2450 1154 2582 1222 ἡμῖν
2620 1157 3068 1227 παραστήσεται·
3100 1175 3114 1188 ·
3171 1159 3236 1212 ἂν
3271 1160 3331 1214 δὲ

1749 1235 2175 1308 σπουδάσωμεν,
2223 1242 2496 1312 ἀρκοῦσαν
2527 1244 2626 1315 τὴν
2672 1247 2780 1300 ἀπὸ
2820 1247 2929 1301 τῶν
2964 1249 3138 1321 ἔργων
3200 1269 3330 1305 συν-

1747 1326 1977 1396 ηγορίαν
2005 1329 2242 1398 ἔχοντες,
2286 1333 2422 1402 μετά
2457 1338 2768 1408 παρρησίας
2797 1341 3215 1412 ἀπολαυσόμεθα
3235 1346 3330 1398 καὶ

1745 1418 1855 1471 τῶν
1887 1421 2108 1489 ἀγαθῶν
2139 1424 2251 1476 τῶν
2280 1427 2658 1498 ἀποκειμένων
2687 1435 2800 1496 τοῖς
2820 1433 2912 1486 τὸν
2936 1434 3068 1488 Θεὸν
3101 1437 3332 1505 ἀγαπῶ-

1748 1527 1831 1564 σιν
1851 1527 1865 1541 ο
1898 1505 1974 1566 ὧν
1997 1513 2209 1582 γένοιτο
2243 1519 2454 1584 πάντας
2477 1523 2624 1592 ἡμᾶς
2649 1525 2946 1597 ἐπιτυχεῖν,
2975 1529 3158 1582 καὶτὰ
3179 1530 3327 1601 ἐξῆς.

1808 1686 1834 1714 ³
1854 1687 2014 1746 Alius,
2034 1692 2376 1752 προστήσεται.

2229 1819 3318 1848 ——______________

1508 1953 1750 2008 OMIAIA
1783 1959 1837 2010 Μ
1845 1958 1914 2011 Γ¹.

102 2055 228 2136 Περί.
249 2056 332 2136 δὲῂ
347 2056 454 2126 τῆς
473 2061 702 2136 Δλογίας
733 2061 959 2136 τῆςίεις
991 2065 1136 2136 τοὺς
1185 2068 1416 2136 ἁγίους,
1449 2067 1644 2134 καθὼς

154 2126 531 2206 διέταξα-ταῖς
574 2126 966 2206 θβκκλήσίαις
997 2126 1464 2206 τῆςΤαξλατίὶίς,
1489 2126 1644 2193 οὕτω

155 2198 240 2252 καὶ
262 2198 425 2268 ὑμεῖς
457 2201 776 2268 ποιήσατε.

153 2339 210 2387 α’.
249 2334 576 2408 ’Δπαρτίσας
612 2337 705 2393 τὸν
733 2341 864 2411 περὶ
893 2341 1002 2396 τῶν
1024 2342 1309 2414 δογμάτων
1343 2344 1518 2415 λόγον,
1548 2363 1643 2400 και

103 2424 275 2498 μέλλων
304 2429 380 2492 είς
401 2429 493 2483 τὸν
511 2428 850 2503 ἠθικώτερον
877 2434 1180 2504 ἐμϐαίνειν,
1212 2439 1393 2493 πάντα
1416 2438 1487 2493 τὰ
1510 2423 1644 2495 ἄλλα

99 2517 244 2584 ἀφεὶς,
280 2520 367 2573 ἐπὶ
407 2520 470 2574 τὺ
520 2524 818 2593 κεφάλαιον
864 2527 974 2581 τῶν
1016 2529 1238 2598 ἀγαθῶν
1286 2534 1474 2603 χωρεῖ,
1511 2533 1643 2603 περὶ

100 2607 424 2685 ἐλεημοσύνης
471 2615 801 2686 ποιούμενος
839 2617 1015 2687 λόγον.
1071 2619 1236 2674 Ἀλλά
1280 2623 1407 2695 περὶ
1450 2623 1641 2676 τούτου

102 2701 232 2769 μόνον
260 2704 578 2776 διαλεχθεὶς,
607 2708 1053 2764 ἀπαλλάττεται·
1085 2714 1266 2766 καίτοι
1295 2729 1357 2782 γε
1403 2714 1640 2784 οὐδαμοῦ

99 2794 224 2848 τοῦτο
269 2798 541 2870 ἐποίησεν,
589 2800 728 2854 ἀλλά
783 2803 908 2874 περὶ
957 2804 1348 2876 ἐλεημοσύνης,
1388 2807 1641 2878 καὶπερὶ

101 2881 222 2959 [600]
262 2891 634 2964 σωφροσύνης,
683 2895 778 2948 καὶ
829 2899 957 2968 περὶ
1004 2898 1331 2968 πραότητος,
1375 2900 1469 2952 καὶ
1513 2902 1642 2972 περὶ

103 2983 458 3053 μακροθυμίας,
507 2987 607 3040 καὶ
646 2989 910 3058 περὶτῶν
939 2990 1118 3045 ἄλλων
1166 2993 1425 3045 ἁπάντων
1467 2992 1642 3046 διαλέ-

100 3084 222 3135 γεται
246 3074 297 3126 ἐν
327 3081 442 3140 ταῖς
463 3079 662 3144 ἄλλαις
692 3081 1032 3149 Ἐπιστολαῖς
1063 3085 1518 3150 τελευτῶν.Τίνος
1547 3082 1641 3141 οὖν

100 3160 249 3218 ἕνεκεν
278 3169 506 3224 ἐνταῦθα
539 3171 636 3225 τοῦ
669 3173 863 3243 ἠθικοῦ
899 3176 1056 3229 τοῦτο
1090 3177 1250 3248 μόνον
1285 3178 1554 3248 γυμνάζει
1581 3179 1641 3232 τὸ

103 3254 250 3325 μέροςς
290 3263 380 3316 Οτι
409 3265 505 3317 καὶ
529 3264 641 3318 τῶν
665 3266 974 3337 ἔμπροσθεν
1002 3270 1308 3341 εἰρημένων
1327 3272 1394 3324 τά
1419 3272 1641 3326 πλείονα

101 3346 363 3423 ὴθικὼτερα
408 3351 497 3426 ἦν,
551 3356 618 3410 δι’
669 3352 744 3412 ὧν
780 3361 872 3413 τὸν
907 3362 1106 3431 πόρνον
1153 3363 1401 3430 ἐκόλασε,
1446 3365 1514 3417 δι’
1563 3357 1639 3418 ὧν

100 3440 198 3503 τοὺς
219 3441 310 3508 ἔξω
345 3445 736 3517 δικαζομένους
770 3451 1124 3522 ἐσωφρόνιζε,
1161 3452 1227 3505 δι’
1260 3447 1334 3507 ὧν
1371 3455 1498 3519 τοὺς
1541 3470 1639 3525 με·

103 3529 286 3599 θύοντας
320 3540 410 3592 καὶ
455 3543 923 3613 γαστριζομένους
974 3546 1242 3616 ἐφόϐησε,
1289 3547 1356 3600 δι’
1389 3541 1464 3600 ὧν
1511 3548 1640 3612 τοὺς

103 3627 439 3696 στασιάζοντας
490 3633 589 3685 καὶ
631 3633 1065 3702 φιλονεικοῦντας
1107 3639 1202 3692 καὶ
1241 3637 1636 3712 φιλαρχοῦντας

103 3717 395 3786 κατεδίκασε,
454 3723 523 3776 δι’
575 3717 651 3778 ὧν
699 3726 824 3788 τοὺς
871 3727 1105 3793 ἀναξίως
1154 3733 1268 3794 τοῖς
1319 3732 1637 3803 μυστηρίοις

103 3810 377 3876 προσιόντας
399 3815 467 3884 τῇ
495 3815 756 3888 ἀφορήτῳ
782 3817 904 3889 δίκῃ
931 3819 1113 3892 ἐκείνῃ
1139 3822 1441 3892 παρέδωκε,
1472 3823 1538 3877 δι’
1560 3817 1636 3877 ὧν

103 3899 204 3967 περὶ
230 3903 434 3976 ἀγάπης
455 3907 728 3979 διελέχθη.
765 3909 864 3963 Διά
895 3909 961 3982 δὴ
985 3912 1163 3975 τοῦτο,
1191 3907 1251 3968 οὗ
1280 3915 1516 3984 μάλιστα
1542 3916 1639 3969 αύ-

102 3989 160 4059 τῷ
182 3992 272 4048 ἔδει
301 3999 394 4068 τῆς
429 4003 511 4064 είς
540 4003 668 4065 τοὺς
710 4003 896 4070 ἁγίους
939 4006 1276 4077 ἐπικουρίας,
1315 4008 1503 4062 τούτου
1538 4009 1636 4080 μέ-

105 4099 262 4154 μνηται
290 4091 468 4159 μόνου.
504 4094 619 4148 Καὶ
645 4093 742 4148 θέα
766 4095 864 4166 τὴν
891 4096 1106 4150 σύνεσιν
1130 4115 1144 4129 ·
1175 4100 1263 4152 ὅτε
1285 4100 1481 4165 αὐτοὺς
1509 4103 1638 4172 περὶ

105 4173 401 4246 ἀναστάσεως
423 4184 635 4251 ἔπεισε,
665 4187 758 4239 καὶ
779 4188 1222 4261 προθυμοτέρους
1241 4192 1490 4264 ἐποίησε,
1515 4195 1636 4246 τότε

105 4262 249 4324 λοιπὸν
274 4274 360 4327 καὶ
403 4276 536 4346 περὶ
582 4278 772 4331 τούτου
821 4279 1148 4348 διαλέγεται.
1197 4262 1396 4336 Καίτοι
1438 4301 1500 4352 γε
1542 4284 1638 4338 καὶ

106 4355 210 4427 ὑπὲρ
237 4364 430 4419 τούτων
470 4368 720 4440 διελέχθη
762 4371 900 4442 πρὸς
931 4372 1128 4437 αὐτοὺς
1172 4372 1503 4445 ἔμπροσθεν,
1547 4377 1637 4430 ὅτε

105 4447 250 4520 ἔλεγεν
269 4474 282 4488 ·
332 4460 401 4511 El
433 4459 610 4528 ἡμεῖς
661 4461 802 4529 ὑμῖν
837 4464 913 4516 τὰ
943 4465 1315 4532 πνευματικὰ
1343 4466 1640 4536 ἐσπείρα-

101 4559 205 4608 μεν,
228 4548 387 4619 μέγα,
423 4555 477 4606 εί
507 4553 676 4621 ἡμεῖς
701 4553 870 4623 ὑμῶν
897 4559 970 4610 τὰ
1004 4557 1264 4626 σαρκικὰ
1287 4560 1637 4629 θερίσομενξ

106 4638 193 4701 καὶ,
226 4643 309 4708 Τίς
337 4646 582 4712 φυτεύει
619 4645 969 4714 ἀμπελῶνα,
1008 4650 1104 4703 καὶ
1150 4651 1220 4704 ἐκ
1266 4652 1373 4705 τοῦ
1406 4657 1638 4722 καρποῦ

105 4729 253 4784 αὑτοῦ
277 4738 382 4790 οὐκ
412 4737 645 4802 ἐσθίεις
692 4739 831 4792 Ἀλλ’
862 4742 1051 4814 ἐπειδὴ
1085 4742 1200 4814 ᾔδει
1225 4743 1321 4796 τοῦ
1357 4747 1638 4816 κατορθώ-

108 4835 240 4887 ματος
271 4827 328 4879 τὸ
366 4819 620 4898 μέγεθος,
655 4831 718 4884 οὐ
751 4836 1094 4902 παραιτεῖται
1136 4836 1231 4888 καὶ
1263 4836 1339 4907 τῷ
1367 4839 1510 4893 τέλει
1539 4844 1638 4913 τῆς

115 4909 388 4988 Ἐπιστολῆς
413 4921 548 4974 αὐτὸ
577 4923 916 4993 προσθεῖναι.
936 4927 1138 4996 Λογίαν
1169 4928 1225 4981 δὲ
1247 4931 1346 4999 τὴν
1372 4909 1636 5004 συλλογήν

107 5000 250 5069 καλεῖ,
293 5009 354 5062 ὲκ
410 5014 712 5083 προοιμίων
759 5015 958 5079 εὐθέως
1016 5017 1215 5088 κοῦφον
1286 5021 1347 5074 τὸ
1405 5000 1636 5096 πρᾶγμα

106 5094 266 5147 ποιῶν·
297 5101 418 5154 ὅταν
447 5103 559 5175 γὰρ
589 5104 650 5170 ἐξ
677 5108 932 5162 ἁπάντων
955 5112 1392 5184 συνεισφέρηται,
1422 5117 1638 5189 ἑκάστῳ

107 5182 267 5278 λοῦσον
284 5191 486 5258 γίνεται
512 5197 573 5248 τὸ
603 5197 905 5269 ἐπίταγμα.
936 5200 1119 5254 Εἰπὼν
1143 5203 1200 5256 δὲ
1235 5182 1364 5277 περὶ
1390 5207 1490 5278 τῆς
1514 5182 1637 5262 συλλ

106 5271 253 5346 λσγῆςς
277 5285 371 5339 οὐκ
396 5287 603 5352 εὐθέως
629 5307 813 5357 ειπεν,
845 5292 1074 5360 ἕκαστος
1103 5298 1257 5368 ὑμῶν
1284 5303 1413 5372 παρ’
1454 5304 1634 5376 ἐαυτῷ

107 5369 262 5454 τιθέτω
305 5376 647 5452 θησαυρίζων
685 5399 698 5412 ·
745 5383 920 5437 καίτοι
953 5403 1018 5454 γε
1051 5388 1114 5441 τὸ
1146 5369 1439 5447 ἀκόλουθον
1477 5369 1635 5452 τοῦτο

107 5450 188 5524 ἦν·
211 5463 329 5520 ἀλλά
353 5450 566 5542 πρῶτον
596 5475 788 5540 εἰπὼν,
821 5450 1028 5543 Καθώς
1063 5480 1307 5546 διέταξα
1339 5487 1469 5554 ταῖς

109 5553 347 5648 anulum
381 5561 492 5629 τῆς
520 5566 846 5635 Γαλατίας,
881 5571 1002 5623 τότε
1036 5572 1193 5627 τοῦτο
1223 5553 1521 5648 ἐπήγαγεν,
1553 5585 1634 5648 είς

112 5640 238 5709 ζῆλον
267 5653 451 5719 αὐτοὺς
479 5659 546 5727 τῇ
588 5657 836 5731 διηγήσει
871 5662 981 5717 τῶν
1014 5666 1222 5739 ἑτέροις
1260 5640 1629 5746 κατορθουμέ;

211 5737 362 5807 ἄγων,
401 5747 494 5800 καὶ
527 5751 583 5804 ἐν
604 5752 753 5820 τάξει
779 5737 1120 5826 διηγήματος
1144 5760 1279 5814 αὐτὸ
1306 5737 1452 5829 θείς·
1481 5766 1510 5820 ὃ
1533 5737 1636 5824 ’καὶ

124 5820 367 5899 Ῥωμαίοις
393 5839 722 5898 ἐπιστέλλων
746 5820 990 5917 ἐποίησε.
1017 5820 1125 5904 Κοιὶ
1147 5850 1257 5922 γὰρ
1290 5820 1518 5923 ἐκείνοις

1745 2070 1856 2123 κῶν
1882 2071 2183 2143 διηγεῖσθαι
2211 2080 2309 2148 τὴν
2337 2082 2607 2152 πρόφασιν
2634 2085 2735 2156 τῆς
2763 2087 2856 2144 ἐπὶ
2877 2089 2945 2143 τά
2981 2086 3328 2163 Ἱεροσόλυμα

1743 2161 2071 2234 ἀποδημίας,
2099 2167 2242 2223 οὕτω
2275 2171 2366 2226 τὸν
2397 2175 2526 2245 περὶ
2553 2177 2923 2252 ἐλεημοσύνης
2953 2161 3208 2254 ἐμϐάλλει
3243 2187 3330 2241 λό-

1743 2269 1860 2320 γον,
1895 2255 2069 2324 λέγων
2095 2275 2108 2289 ο
2143 2262 2296 2314 Νυνὶ
2336 2262 2404 2316 δὲ
2440 2269 2767 2338 πορεύομαι
2811 2275 2898 2338 είς
2947 2275 3329 2347 Ἰεροσόλυμα

1742 2343 2043 2403 διακονῶν
2068 2353 2192 2419 τοῖς
2224 2353 2436 2424 ἁγίοις.
2479 2359 2796 2428 Εὐδόκησε
2827 2364 2940 2434 γὰρ
2987 2343 3329 2424 Μακεδονία

1743 2439 1843 2490 καὶ
1885 2439 2095 2511 Ἀχαΐα
2131 2451 2455 2504 κοινωνίαν
2484 2454 2615 2509 τινὰ
2645 2457 3019 2526 ποιήσασθαι
3068 2465 3155 2529 εἰς
3187 2463 3328 2530 τοὺς

1743 2537 2018 2603 πτωχοὺς
2047 2537 2166 2592 τῶν
2204 2542 2408 2611 ἁγίων.
2451 2545 2590 2599 Ἀλλ’
2619 2550 2865 2614 ἐκείνους
2896 2554 2994 2622 μὲν
3020 2554 3107 2607 διά
3140 2557 3328 2609 Μακε-

1742 2626 1908 2679 δόνων
1947 2630 2041 2682 καὶ
2073 2633 2398 2703 Κορινθίων,
2431 2640 2654 2704 τούτους
2681 2642 2738 2694 δέ
2780 2644 2869 2698 διά
2905 2646 3165 2702 Γαλατῶν
3195 2668 3328 2722 προ-

1742 2720 1955 2791 τρέπει.
2005 2726 2213 2794 Καθὼς
2241 2727 2485 2795 διέταξα
2529 2734 2660 2804 γὰρ,
2706 2737 2861 2807 φησὶ,
2907 2740 3036 2806 ταῖς
3081 2720 3328 2811 Ἐκκλη-

1742 2820 1909 2886 σίαις
1948 2818 2057 2887 τῆς
2097 2822 2420 2888 Γαλατίας,
2464 2825 2618 2878 οὕτω
2659 2828 2759 2880 καὶ
2803 2831 2974 2899 ὑμεῖς
3011 2834 3323 2902 ποιήσατε.

1743 2911 1855 2964 Καὶ
1888 2910 1998 2981 γὰρ
2021 2911 2316 2982 ᾐσχύνοντο
2354 2915 2538 2969 λοιπὸν
2570 2917 2828 2985 ἐλάττους
2875 2921 3128 2976 Γαλατῶν
3155 2929 3327 2999 φανῆ-

1743 3019 1850 3056 ναι.
1904 3001 2014 3055 Καὶ
2066 3005 2166 3057 οὐκ
2225 3000 2365 3071 εἷπε,
2412 3009 2700 3080 Παρῄνεσα
2759 3013 2853 3066 καὶ
2909 3015 3324 3087 συνεϐούλευσα,

1743 3092 1901 3155 ἀλλὰ,
1933 3092 2200 3157 Διέταεα,
2241 3096 2378 3168 ὅπερ
2423 3097 2898 3174 αὐθεντικώτερον.
2948 3108 3056 3160 Καὶ
3084 3107 3144 3160 ού
3187 3126 3328 3181 παρ-

1742 3183 1865 3252 άγει
1903 3185 2030 3255 μίαν
2083 3187 2237 3240 πόλιν
2271 3188 2368 3240 καὶ
2405 3189 2498 3243 δύο
2537 3193 2646 3245 ,καὶ
2677 3196 2847 3264 τρεῖς,
2883 3195 2998 3249 ἀλλ’
3031 3197 3324 3270 ὁλόκληρον

1743 3276 1920 3340 ἐθνοςο
1971 3279 2107 3350 ὅπερ
2161 3282 2255 3334 καὶ
2305 3283 2398 3335 ἐπὶ
2446 3283 2557 3339 τῶν
2604 3285 2892 3356 δογμάτων
2932 3293 3092 3357 ποιεῖ,
3128 3291 3324 3362 λέγων·

1744 3369 1951 3436 Καθὼς
2008 3372 2106 3426 καὶ
2155 3374 2227 3427 ἐν
2285 3375 2512 3442 πάσαις
2582 3379 2712 3446 ταῖς
2764 3382 3143 3452 Ἐκκλησίαις
3205 3386 3326 3444 τῶν

1743 3463 1946 3534 ἁγίων.
1971 3465 2034 3518 Εἰ
2060 3467 2168 3540 γάρ
2196 3465 2334 3535 πρὸς
2364 3467 2650 3539 δογμάτων
2681 3471 2865 3525 πίστιν
2891 3473 3050 3528 τοῦτο
3083 3478 3322 3547 ἰσχυρὸν,

1746 3553 1924 3626 πολλῷ
1953 3555 2151 3624 μᾶλλον
2186 3555 2321 3626 πρὸς
2349 3555 2524 3624 ἔργων
2551 3558 2803 3630 μίμησιν.
2835 3562 2898 3614 Τί
2922 3558 3016 3616 οὖν
3043 3563 3324 3635 διέταξας,

1745 3649 1867 3701 είπέ
1895 3665 2016 3718 μοις
2060 3649 2221 3703 Κατὰ
2261 3649 2410 3718 μίαν
2447 3650 2770 3717 σαϐϐάτου,
2816 3657 3082 3722 τουτέστι,
3114 3659 3325 3730 Κυρια-

1744 3741 1867 3812 κὴν,
1897 3741 2156 3809 ἕκαστος
2191 3743 2358 3813 ὑμῶν
2389 3746 2525 3814 παρ’
2552 3743 2743 3811 ἐαυτῷ
2790 3747 2995 3801 τιθέτω
3046 3752 3327 3820 θησαυρί-

1743 3822 1856 3884 ζων
1883 3825 1918 3878 ὅ
1948 3843 2002 3879 τι
2038 3825 2114 3880 ὃν
2145 3826 2453 3883 εὐοδῶται.
2492 3830 2636 3902 Ὅρα
2665 3829 2783 3895 πῶς
2812 3833 2906 3885 καὶ
2930 3833 3038 3886 ἀπὸ
3062 3833 3156 3887 τοῦ
3198 3851 3322 3888 και-

1744 3916 1838 3987 ροῦ
1875 3919 2174 3989 προτρέπει
2207 3935 2220 3948 ·
2258 3921 2354 3972 καὶ
2386 3920 2493 3991 γάρ
2520 3923 2552 3992 ή
2591 3922 2774 3994 ἡμέρα
2809 3923 2968 3995 ἱκανὴ
2995 3919 3063 3995 ἦν
3092 3926 3324 3994 ἀγαγεῖν

1742 4013 1821 4074 είς
1859 4011 2250 4083 ἐλεημοσύνην.
2318 4013 2730 4085 Ἀναμνήσθητε
2775 4016 2906 4088 γὰρ,
2960 4019 3116 4088 φησὶ,
3159 4020 3321 4072 τίνων

1739 4100 1959 4171 ἐτύχετε
2013 4103 2070 4154 ἐν
2119 4105 2184 4173 τῇ
2247 4105 2429 4176 ἡμέρᾳ
2483 4105 2675 4176 ταύτῃ.
2741 4106 2819 4159 Τά
2872 4107 2980 4177 γὰρ
3033 4110 3320 4181 ἀπόρρητα

1740 4190 1942 4259 ἀγαθὰ,
1974 4191 2066 4244 καὶ
2095 4194 2128 4262 ή
2173 4194 2298 4262 ῥίζα
2333 4194 2430 4246 καὶ
2457 4196 2490 4263 ή
2517 4194 2660 4265 ἀρχὴ
2698 4196 2797 4265 τῆς
2824 4194 2970 4266 ζωῆς
2998 4197 3096 4267 τῆς
3129 4198 3319 4267 ήμετέ-

1744 4301 1843 4355 ρας
1871 4287 1927 4338 ἐν
1961 4283 2108 4356 [401]
2145 4285 2315 4356 ταύτῃ
2343 4286 2583 4354 γέγονεν.
2619 4287 2694 4338 Οὐ
2725 4287 2899 4359 ταύτῃ
2930 4286 2985 4338 δὲ
3012 4288 3170 4356 μόνον
3200 4291 3321 4340 ἐπι-

1741 4378 1950 4449 τήδειος
2014 4378 2042 4429 ὁ
2101 4378 2291 4448 καιρὸς
2355 4381 2434 4440 εἰς
2519 4377 2828 4449 προθυμίαν
2885 4378 3316 4450 φιλανθρωπίας,

1740 4470 1857 4525 ἀλλ’
1885 4472 1967 4524 ὅτι
1998 4470 2092 4524 καὶ
2121 4472 2301 4523 ἄνεσιν
2331 4470 2444 4540 ἔχει
2480 4471 2577 4524 καὶ
2619 4472 2796 4525 πόνων
2840 4471 3107 4526 ἀτέλειαν.
3157 4473 3318 4544 Ψυχὴ

1740 4562 1845 4633 γὰρ
1875 4563 2140 4632 ἀφιεμένη
2173 4562 2405 4632 μόχθων,
2426 4562 2767 4634 εὐκολωτέρα
2787 4563 2880 4616 καὶ
2910 4563 3319 4637 ἐπιτηδειοτέρα

1742 4653 1879 4724 πρὸς
1915 4654 1976 4706 τὸ
2008 4653 2179 4706 ἐλεεῖν
2205 4655 2434 4721 γίνεται.
2468 4655 2624 4708 Μετά
2657 4654 2714 4707 δὲ
2751 4655 2956 4707 τούτων
2991 4656 3168 4708 καὶτὸ
3214 4675 3320 4726 μυ-

1742 4743 1977 4815 στηρίων
2011 4744 2069 4798 ἐν
2093 4745 2228 4816 αὐτῇ
2259 4748 2532 4798 κοινιοινεῖν
2557 4745 2700 4799 οὕτω
2727 4764 2762 4816 φ
2772 4745 2970 4818 ρικτῶν
2995 4746 3087 4800 καὶ
3112 4747 3317 4800 ἀθανά-

1738 4857 1848 4893 των
1895 4840 2098 4911 πολλὴν
2134 4840 2375 4912 ἐντίθησι
2427 4841 2756 4912 προθυμίαν.
2821 4841 2911 4894 Ἐν
2954 4842 3089 4912 αὐτῇ
3136 4843 3316 4897 τοίνυν

1737 4929 1993 4996 ἕκαστος
2034 4929 2222 5000 ὑμῶν,
2271 4933 2369 5002 οὐχ
2426 4932 2612 4996 ἁπλῶς
2660 4931 2688 4985 ὁ
2731 4933 2876 4985 δεῖνα
2921 4933 3017 4986 καὶ
3068 4936 3096 4987 ό
3140 4933 3312 5002 δεῖνα,

1737 5021 1852 5076 ἀλλ’
1884 5018 1971 5088 εἷς
2011 5023 2287 5089 ἕκαστος,
2320 5023 2423 5076 xiv
2455 5024 2625 5094 πένης
2656 5019 2710 5096 ᾖ,
2759 5025 2860 5078 xiv
2894 5025 3170 5091 πλούσιος,
3208 5026 3314 5082 κᾶν

1736 5114 1895 5186 γυνὴ,
1925 5115 2028 5168 xiv
2047 5115 2204 5187 ἀνὴρ,
2225 5116 2324 5170 κᾶν
2349 5116 2551 5180 δοῦλος,
2579 5117 2682 5171 xiv
2703 5118 3003 5191 ἐλεύθερος,
3028 5123 3162 5190 παρ’
3178 5122 3315 5178 ἐαυ-

1734 5207 1816 5272 τῷ
1843 5208 2048 5263 τιθέτω
2083 5207 2470 5276 θησαυρίζων.
2503 5210 2618 5263 Οὐκ
2650 5205 2822 5278 εἶπεν,
2857 5215 2951 5276 Et;
2977 5215 3074 5287 τήν
3105 5217 3307 5289 ἐκκλη-

1736 5303 1858 5356 σίαν
1898 5302 2133 5373 φερέτω,
2183 5303 2268 5356 ἴνα
2307 5302 2380 5375 μὴ
2433 5304 2522 5358 διὰ
2569 5305 2631 5358 τὸ
2683 5308 2881 5380 μικρὸν
2922 5311 3308 5381 αἰσχύνωνται,

1732 5394 1870 5449 ἀλλά
1896 5398 2018 5458 ταῖς
2047 5397 2169 5449 κατ’
2194 5395 2372 5464 ὀλίγον
2411 5401 2758 5467 συναγωγαῖς
2790 5401 3031 5472 αὐξήσας
3062 5402 3162 5474 τήν
3193 5405 3311 5457 είσ-

1736 5490 1931 5562 φορὰν,
1966 5491 2085 5544 τότε
2111 5489 2371 5544 δεικνύτω
2400 5491 2534 5562 ἐμοῦ
2560 5496 3028 5565 παραγενομένου.
3060 5497 3207 5560 Τέως
3253 5497 3311 5550 δέ

1735 5582 1887 5654 παρά
1917 5582 2096 5654 σαυτῷ
2121 5583 2279 5646 τίθει,
2321 5583 2474 5656 φησι,
2501 5584 2595 5638 καὶ
2633 5586 2859 5657 ποίησόν
2891 5604 2984 5640 σου
3011 5589 3109 5660 τὴν
3135 5587 3311 5641 οἰκίαν

1736 5674 2054 5745 ἐκκλησίαν,
2083 5675 2144 5728 τὸ
2170 5673 2426 5728 κιϐώτιον
2453 5676 2856 5745 γαζοφυλάκιον
2891 5694 2906 5709 °
2949 5678 3107 5747 γενοῦ
3138 5677 3311 5754 φύλαξ

1735 5768 2033 5841 χρημάτων
2061 5768 2242 5840 ἱερῶν,
2293 5769 2800 5841 αὖτοχειροτόνητος
2829 5769 3108 5840 οἰκονόμος
3139 5771 3310 5843 πενή-

1733 5877 1862 5917 των.
1906 5859 1971 5917 'H
2013 5859 2392 5930 φιλανθρωπία
2443 5860 2644 5931 ταύτην
2680 5877 2761 5914 σοι
2801 5860 2983 5915 δίδωσι
3011 5861 3115 5934 τὴν
3151 5861 3309 5933 ἱερω-
