3802 6316
465 285 574 341 369

458 399 644 468 σύνην.
677 399 876 449 Τούτου
913 395 1181 466 σύμϐολόν
1230 397 1348 450 ἐστι
1393 397 1488 450 καὶ
1523 396 1586 449 τὸ
1633 395 2030 466 γαζοφυλάκιον

455 492 570 546 νῦν.
620 490 780 542 Ἀλλά
809 489 868 538 τὸ
911 485 1010 554 μὲν
1041 486 1308 555 σύμϐολον
1341 486 1516 556 μένει,
1559 485 1618 538 τὸ
1647 486 1704 538 δὲ
1733 486 1892 556 ἔργον
1935 487 2026 538 οὐ·

455 583 648 654 δαμοῦ.
679 582 786 634 Καὶ
811 575 926 632 οἶδα
971 579 1068 647 μὲν
1113 579 1196 632 ὃτι
1240 578 1424 631 πολλοὶ
1457 578 1566 630 τῶν
1595 579 2026 648 συνεδρευόντων

457 677 618 731 πάλιν
651 677 782 744 ἡμῖν
813 671 1220 740 ἐγκαλέσουσιν,
1253 671 1382 722 ὅταν
1414 671 1555 740 ὑπὲρ
1601 668 1806 721 τούτων
1851 668 2028 720 διαλεο

457 766 683 836 γώμεθα
712 765 962 832 λέγοντες
987 781 1000 794 ·
1033 763 1124 832 Μὴ
1147 801 1161 824 ,
1199 761 1526 832 παρακαλῶ,
1557 761 1632 832 μὴ
1663 761 1816 828 γίνου
1843 775 2028 828 φορτι-

459 861 552 922 κὸς
587 860 678 912 καὶ
703 856 944 927 ἐπαχθὴς
971 858 1084 918 τοῖς
1115 854 1402 908 ἀκούουσιν
1425 870 1439 884 ·
1472 852 1768 924 ἐπίτρεψον
1795 853 1860 922 τῇ
1893 868 2029 922 προ-

459 950 686 1020 αιρέσει,
717 949 802 1010 δὸς
835 950 900 1017 τῇ
940 946 1132 1016 γνώμῃ
1178 945 1286 998 τῶν
1329 943 1632 998 ἀκουόντων
1657 959 1671 974 ·
1709 942 1784 1004 ώς
1826 941 1922 994 νῦν
1958 955 2025 1008 γε

461 1041 838 1111 καταισχύνεις
879 1041 1026 1110 ἡμᾶς
1047 1081 1062 1104 ,
1107 1038 1364 1110 ὲρυθριᾷν
1395 1040 1570 1099 ποιεῖς
1595 1053 1606 1064 ·
1645 1036 1760 1088 ἀλλ’
1807 1035 1908 1088 οὐκ
1937 1035 2032 1088 ἀν-

461 1133 653 1201 έχομαι
673 1130 877 1182 τούτων
891 1129 998 1182 τῶν
1027 1129 1220 1196 λόγων.
1253 1127 1387 1180 Οὐδὲ
1409 1127 1516 1196 γὰρ
1541 1125 1744 1187 Παῦλος
1766 1124 2030 1194 ⁴ᾐσχύνετο

463 1228 602 1296 ὑπὲρ
631 1223 890 1278 τοιούτων
919 1221 1154 1292 συνεχῶς
1183 1219 1434 1290 ἐνοχλῶν,
1467 1219 1562 1272 καὶ
1593 1215 2032 1286 προσαιτούντων

461 1318 836 1386 φθεγγόμενος
867 1315 1112 1386 ῥήματα.
1157 1314 1222 1366 Εἰ
1255 1313 1353 1382 μὲν
1379 1311 1488 1380 γὰρ
1513 1310 1671 1362 τοῦτο
1707 1308 1918 1375 ἔλεγον,
1950 1308 2032 1360 ὅτι

476 1410 628 1480 Ἐμοὶ
663 1408 748 1470 δὸς
777 1410 874 1461 καὶ
901 1410 982 1470 εἰς
1018 1406 1116 1476 τὴν
1147 1406 1286 1476 ἐμὴν
1317 1403 1552 1464 κατάθες
1573 1399 1772 1468 οἰκίαν,
1812 1399 1941 1460 ἴσως
1967 1397 2034 1452 ἂν

462 1504 726 1574 αἰσχύνης
749 1500 817 1573 ἦν
846 1503 905 1555 τὸ
937 1502 1230 1571 λεγόμενον
1250 1516 1264 1530 ·
1303 1497 1500 1568 μᾶλλον
1533 1497 1591 1549 δὲ
1628 1493 1750 1548 οὐδὲ
1781 1492 1903 1545 τότε
1929 1506 1943 1520 ·
1969 1493 2034 1544 Ol

463 1597 575 1668 γὰρ
617 1595 696 1661 τῷ
734 1594 1160 1661 θυσιαστηρίῳ,
1204 1591 1360 1662 φησὶ,
1395 1586 1920 1658 προσεδρεύοντες,
1955 1579 2036 1647 τῷ

465 1689 872 1754 θυσιαστηρίῳ
897 1684 1372 1754 συμμερίζονται.

537 1801 602 1871 β’·
637 1801 780 1869 Πλὴν
800 1798 912 1853 ἀλλ’
939 1799 1068 1860 ἴσως
1086 1798 1150 1851 ἀν
1175 1814 1260 1859 τις
1281 1793 1724 1866 ὲπετίμησεν,ὼς
1739 1791 1881 1862 ὑπὲρ
1909 1792 2038 1844 ἑαυ-

466 1887 560 1941 τοῦ
590 1885 896 1957 ποιουμένῳ
925 1886 1016 1938 τὸν
1033 1886 1218 1953 λόγον·
1255 1885 1350 1937 νῦν
1378 1885 1434 1936 δὲ
1469 1884 1610 1954 ὑπὲρ
1635 1882 1741 1935 τῶν
1771 1881 2039 1950 δεομένων

465 1981 564 2050 τὴν
601 1979 876 2048 ἰκετηρῖαν
901 1976 1110 2046 τίθημι,
1146 1977 1346 2046 μᾶλλον
1372 1976 1428 2029 δὲ
1452 1977 1548 2045 οὐχ
1580 1973 1720 2044 ὐπὲρ
1745 1973 1855 2026 τῶν
1881 1969 2040 2041 δεομέ

467 2091 596 2138 νων,
623 2072 736 2126 ἀλλ’
777 2070 918 2141 ὑπὲρ
939 2071 968 2122 ὑ
978 2069 1094 2140 μῶν
1121 2068 1228 2122 τῶν
1261 2068 1608 2138 παρεχόντων
1628 2082 1642 2098 ·
1669 2065 1752 2119 διδ
1770 2065 1866 2118 καὶ
1895 2063 2038 2134 παῤ-

471 2165 820 2237 ρησιάζομαι.
848 2163 1123 2232 Ποία-γὰρ
1143 2160 1372 2231 αἰσχύνη
1405 2161 1599 2224 εἰπεῖν,
1627 2158 1724 2221 Δὸς
1753 2156 1831 2226 τῷ
1853 2155 2043 2225 Κυρίῳ

473 2257 749 2320 πεινῶντι,
778 2256 998 2309 ένδυσον
1030 2254 1190 2308 αὐτὸν
1213 2254 1418 2324 γυμνὸν
1445 2253 1749 2324 περιιόντα,
1789 2249 2044 2313 ὑπόδεξαι

473 2349 622 2414 ξένον
644 2348 806 2414 όντα;
855 2346 914 2400 ’0
939 2345 1214 2414 Δεσπότης
1245 2362 1337 2398 σου
1365 2347 1466 2398 οὐκ
1494 2343 1807 2414 αἰσχύνεται
1835 2342 1929 2394 ἐπὶ
1947 2341 2046 2410 τῆς

471 2441 796 2511 οἰκουμένης
826 2437 999 2492 ταῦτα
1017 2437 1191 2506 λέγων
1211 2451 1225 2465 ·
1241 2436 1614 2497 ”Επείνασα,
1645 2433 1740 2486 καί
1765 2434 1876 2486 οὐκ
1902 2429 2046 2484 ὲδὼη

474 2533 618 2588 κατέ
641 2551 743 2602 μοι
785 2531 1026 2600 φαγεῖν·
1071 2533 1100 2584 ό
1134 2526 1384 2597 ἀνενδεὴς
1416 2528 1508 2580 καὶ
1539 2525 1768 2596 μηδενὸς
1795 2523 2043 2594 χρῄζων·

475 2628 570 2682 καὶ
616 2625 728 2694 ἐγὼ
771 2623 1132 2694 αἰσχυνοῦμαι
1174 2623 1268 2677 καὶ
1297 2622 1548 2690 όκνήσως
1587 2619 1834 2686 Ἀπαγε·
1867 2615 2048 2668 διαϐο-

475 2719 632 2788 λικῆς
661 2715 951 2783 ἐπιϐουλῆς
985 2713 1124 2782 αῦτη
1163 2715 1196 2782 ἡ
1223 2711 1472 2780 αἰσχύνη.
1509 2709 1582 2760 Οὐ
1614 2707 1792 2760 τοίνυν
1826 2707 2048 2774 αἰσχυν-

476 2809 733 2880 θήσομαι,
766 2805 900 2858 ἀλλά
945 2805 1038 2858 καὶ
1083 2805 1223 2874 μετὰ
1263 2800 1574 2872 παρρησίας
1615 2799 1742 2868 ὲρῶ·
1785 2797 1914 2848 Δότε
1939 2797 2050 2858 τοῖς

473 2901 768 2972 δεομένοις,
803 2899 894 2951 καὶ
924 2896 1060 2967 μετά
1097 2896 1360 2957 πλείονος,
1391 2895 1424 2964 ἢ
1469 2895 1519 2946 οί
1547 2892 1810 2956 δεόμενοι,
1841 2889 2048 2959 φωνῆς.

477 2993 540 3046 Εἰ
569 2993 666 3062 μὲν
692 2990 800 3060 γάρ
821 2989 933 3058 ἔχει
969 3004 1053 3049 τις
1080 2985 1247 3050 δεῖξαι
1279 2986 1374 3038 καὶ
1400 2982 1640 3051 ἐλέγξαι,
1661 2984 1742 3035 ὅτι
1769 2981 1938 3034 ταῦτα
1967 2980 2053 3032 λέ-

475 3101 685 3152 γοντες,
719 3082 852 3153 πρὸς
877 3081 1101 3142 ἑαυτοὺς
1121 3079 1264 3148 ὑμᾶς
1288 3077 1543 3146 ἕλκομεν,
1579 3077 1671 3128 καὶ
1704 3075 2052 3144 προσχήματι

477 3178 584 3232 τῶν
618 3177 864 3246 πενήτων
895 3173 1050 3226 αὐτοὶ
1092 3169 1466 3242 κερδαίνομεν,
1501 3170 1602 3221 οὐκ
1634 3167 1898 3237 αἰσχύνης
1929 3165 2054 3230 ἀξια

477 3269 650 3324 ταῦτα
682 3269 860 3338 μόνον,
903 3265 1040 3320 ἀλλά
1076 3266 1168 3317 καὶ
1227 3262 1433 3333 μυρίων
1475 3261 1778 3332 κεραυνῶν,
1810 3264 1904 3312 καὶ
1933 3259 2054 3313 οὐδὲ

479 3363 579 3434 ζῇν
625 3362 773 3428 ἄξιον
804 3360 929 3422 τοὺς
957 3357 1025 3412 τά
1055 3355 1280 3409 τοιαῦτα
1313 3353 1604 3416 ποιοῦντας
1625 3369 1640 3382 ·
1677 3354 1725 3404 εί
1759 3351 1814 3404 δὲ
1859 3353 1925 3421 τῇ
1959 3349 2053 3403 τοῦ

479 3453 616 3508 Θεοῦ
669 3453 850 3523 χάριτι
895 3448 1045 3502 οὐδὲν
1093 3448 1234 3518 ὑπὲρ
1287 3445 1498 3498 ἑαυτῶν
1545 3443 1888 3513 ἐνοχλοῦμεν,
1939 3443 2054 3496 ἀλλ’

481 3545 755 3600 ἀδάπανον
784 3544 910 3612 ὑμῖν
953 3541 1011 3593 τὸ
1043 3539 1377 3608 Εὐαγγέλιον
1422 3537 1722 3608 ἐθήκαμεν,
1767 3538 2057 3602 πονοῦντες

488 3636 586 3706 μὲν
617 3631 866 3702 οὐδαμῶς
893 3630 1142 3698 καθάπερ
1178 3627 1328 3698 1402]
1358 3624 1588 3688 Παῦλος,
1615 3627 1727 3686 τοῖς
1759 3623 1816 3676 δὲ
1835 3624 2058 3687 οἰκείοις

484 3727 833 3800 ἀρκούμενοι,
877 3723 1014 3792 μετά
1050 3721 1360 3792 παρρησίας
1410 3721 1590 3788 πάσης
1619 3718 1752 3788 ἐρῶ·
1785 3717 1916 3770 Δότε
1947 3719 2057 3780 τοῖς

485 3820 780 3890 δεομένοις,
827 3818 918 3870 καὶ
956 3816 1016 3868 οὐ
1069 3814 1341 3882 παύσομαι
1389 3812 1546 3864 τοῦτο
1590 3811 1786 3878 λέγων,
1849 3811 1942 3863 καὶ
1983 3811 2058 3880 μὴ

489 3912 738 3965 διδόντων
783 3909 974 3978 ἔσομαι
1020 3905 1253 3976 χαλεπὸς
1309 3905 1632 3974 κατήγορος.
1695 3904 1804 3956 Καὶ
1851 3902 1958 3972 γάρ
2011 3903 2059 3954 εἰ

495 4001 797 4074 στρατηγὸς
864 3999 1009 4069 ήμην
1057 3998 1152 4050 καὶ
1209 3995 1544 4067 στρατιώτας
1609 3990 1776 4064 εἶχον,
1835 3994 1936 4046 οὐκ
1995 3993 2060 4046 ἂν

491 4093 765 4166 ⁴ᾐσχύνθην
801 4095 912 4154 τοῖς
959 4087 1318 4160 στρατιώταις
1365 4087 1571 4158 τροφὰς
1613 4087 1799 4143 αἰτῶν.
1851 4086 2062 4158 Σφόδρα

494 4187 604 4256 γὰρ
645 4185 754 4255 ὲρῶ
786 4183 886 4252 τῆς
929 4181 1201 4252 σωτηρίας
1225 4181 1327 4251 τῆς
1355 4181 1646 4250 ὑμετέρας.
1689 4179 1829 4232 Ἀλλ’
1857 4179 1942 4232 ἵνα
1967 4179 2062 4230 καὶ

493 4275 879 4345 ὲνεργέστερος
913 4275 940 4326 ό
973 4271 1128 4339 λόγος
1157 4271 1380 4341 γένηται
1409 4271 1504 4324 καὶ
1551 4269 1877 4341 δραστήριος
1925 4269 2061 4339 μᾶλ-

495 4366 606 4428 λον,
655 4362 866 4416 Παῦλον
919 4359 1272 4429 παραστάτην
1321 4359 1522 4420 λαϐὼν,
1553 4359 1669 4428 μετ’
1699 4358 1907 4411 ἐκείνου
1945 4358 2062 4409 δια-

495 4459 716 4526 λέξομαι
738 4455 936 4522 λέγων·
963 4453 1262 4516 ’Ἕκαστος
1285 4452 1450 4519 ὑμῶν
1474 4452 1606 4518 παρ’
1623 4449 1812 4515 ἐαυτῷ
1841 4451 2062 4510 τιθέτω.

495 4547 868 4618 θησαυρίζων
911 4545 944 4598 ὂ
978 4561 1031 4596 τι
1060 4541 1136 4597 ἂν
1179 4543 1482 4596 εὐοδῶται.
1527 4542 1724 4594 Σκόπει
1762 4543 1870 4612 γὰρ
1899 4543 2063 4596 αὐτοῦ

497 4631 792 4696 κάντεῦθεν
834 4636 896 4689 τὸ
943 4633 1279 4704 ἀνεπαχθές·
1311 4634 1410 4685 οὐκ
1452 4629 1594 4690 εἷπε.
1647 4633 1868 4686 Τοσόνδε
1917 4634 2067 4703 ἢτο-

500 4730 668 4790 σόνδε,
704 4728 818 4780 ἀλλ’
849 4727 921 4779 ⁸0
951 4743 1002 4778 τι
1049 4723 1124 4777 ἂν
1158 4721 1461 4776 εὐοδῶται.
1491 4721 1598 4774 εἴτε
1637 4722 1790 4784 πολὺ,
1824 4724 1933 4776 εἴτε
1959 4723 2068 4774 όλί-

499 4837 624 4892 γον·
649 4821 743 4874 καὶ
772 4820 872 4872 οὐκ
896 4814 1070 4878 εἶπεν,
1104 4815 1168 4868 Ὅ
1191 4832 1246 4866 τι
1270 4814 1336 4867 ἀν
1361 4831 1441 4876 τις
1471 4813 1724 4883 κερδάνῃ,
1752 4813 1888 4878 ἀλλ’,
1919 4815 1990 4867 ’⁸0
2015 4831 2069 4868 τι

441 4957 446 4962 .
500 4913 578 4966 ἄν
613 4911 898 4978 εὐοδωθῇ,
932 4909 1145 4972 δεικνὺς
1169 4909 1250 4962 ὄτι
1281 4907 1430 4977 παρά
1453 4906 1545 4959 τοῦ
1588 4905 1722 4958 Θεοῦ
1755 4909 1786 4976 ἡ
1813 4907 2065 4977 χορηγία.

503 5003 577 5057 οὐ
607 5003 777 5074 ταύτῃ
805 5003 860 5054 δὲ
879 5001 1058 5072 μόνον,
1086 4998 1220 5053 ἀλλά
1243 4999 1338 5052 καὶ
1365 4996 1444 5067 τῷ
1479 4996 1552 5068 μὴ
1577 4998 1656 5050 ἑνὶ
1674 4998 1850 5069 χρόνῳ
1869 4999 1928 5052 τὸ
1963 5001 2069 5054 πᾶν

503 5091 758 5146 κελεῦσαι
779 5091 1128 5152 καταϐαλεῖν,
1173 5088 1360 5160 ῥᾳδίαν
1389 5090 1532 5140 ποιεῖ
1573 5089 1669 5157 τὴν
1692 5086 2001 5158 συμϐουλήν
2020 5101 2066 5128 α·

502 5181 582 5254 τῷ
621 5181 728 5252 γὰρ
781 5179 922 5235 κατὰ
980 5179 1172 5252 μικρὸν
1221 5177 1574 5246 συλλέγεσθαι
1615 5175 2070 5246 ἀνεπαίσθητοςή

504 5269 816 5342 λειτουργία
857 5271 1010 5340 καὶὴ
1043 5269 1274 5337 δαπάνη.
1309 5267 1406 5320 Διά
1430 5267 1494 5336 δὴ
1526 5267 1683 5319 τοῦτο
1709 5265 1827 5320 οὐδὲ
1873 5264 2070 5330 εὐθέως

505 5363 718 5420 κελεύει
753 5364 831 5425 εἰς
868 5361 1032 5431 μέσον
1069 5362 1320 5429 ἀγαγεῖν,
1359 5359 1492 5412 ἀλλά
1529 5359 1726 5426 πολλὴν
1759 5357 1938 5410 δίδωσι
1975 5355 2072 5426 τὴν

507 5453 870 5526 προθεσμίαν,
905 5451 999 5506 καὶ
1035 5453 1136 5521 τὴν
1176 5451 1354 5504 αἰτίαν
1381 5449 1547 5512 τιθείς
1577 5465 1764 5519 φησιν·
1803 5450 1934 5503 Ἵνα
1963 5449 2069 5518 μὴ,

507 5539 654 5596 ὅταν
681 5541 857 5604 ἔλθω,
885 5539 1016 5593 τότε
1047 5539 1245 5608 λογίαι
1283 5541 1580 5608 γίνωνται.
1615 5539 1924 5602 Τουτέστιν,
1959 5540 2076 5594 Ἵνα

513 5633 588 5706 μὴ
634 5634 693 5688 ἐν
713 5631 792 5704 τῷ
833 5631 1010 5704 καιρῷ
1034 5632 1135 5701 τῆς
1191 5632 1468 5701 εἰσφορᾶς,
1520 5633 1638 5684 τότε
1695 5631 2074 5702 ἀναγκάζησθε

512 5725 806 5795 συλλέγειν.
839 5727 947 5780 Καὶ
973 5725 1128 5780 τοῦτο
1155 5727 1209 5779 δὲ
1239 5725 1338 5795 οὐχ
1371 5725 1446 5788 ὡς
1479 5723 1664 5794 ἔτυχεν
1691 5727 1882 5788 αὐτοὺς
1917 5726 2075 5780 πάλιν

514 5817 842 5892 προέτρεψεν
864 5835 874 5848 ·
895 5821 928 5889 ἡ
955 5817 1061 5892 γάρ
1087 5817 1378 5892 προσδοκία
1399 5815 1609 5872 Παύλου
1641 5817 2076 5888 προθυμοτέρους

1169 280 1226 335 S.
1266 279 1550 336 .IOANNIS
1587 279 2070 336 CHRYSOSTOMI
2105 281 2431 338 ARCHIEP.
2471 277 3022 338 CONSTANTINOP.
3591 275 3686 331 57“

2135 399 2332 466 αὐτοὺς
2375 403 2568 457 ἐποίει.
2621 403 2810 455 Ὅταν
2851 397 2924 451 δὲ
2966 395 3142 454 ἔλθω,
3177 391 3286 456 οὓς
3315 391 3420 444 ἐὰν
3461 375 3680 458 δοκιμα-

2133 505 2303 558 σητε.
2343 493 2417 545 δι’
2455 489 2796 546 ἐπιστολῶν
2837 489 3090 551 τούτους
3119 482 3332 554 πέμψω
3355 479 3682 548 ἀπενεγκεῖν

2134 583 2251 649 τὴν
2282 583 2458 651 χάριν
2494 583 2662 652 ὑμῶν
2707 585 2795 647 είς
2830 573 3252 647 Ἰερουσαλήμ.
3285 574 3397 626 Οὐκ
3423 567 3592 636 εἶπεν,
3633 572 3682 624 Ὁ

2133 669 2280 724 δεῖνα
2309 673 2404 724 καὶ
2427 674 2456 726 ό
2475 672 2644 738 δεῖνα,
2673 670 2810 734 ἀλλ’,
2838 669 2958 732 Οὓς
2985 666 3095 719 ἐὰν
3123 663 3294 733 ὑμεῖς
3319 660 3682 731 δοκιμάσητε,

2133 759 2228 823 οὓς
2273 760 2368 814 ἐὰν
2397 760 2616 830 ἕλησθε,
2660 757 2802 812 ὥστε
2851 755 3160 809 ἀνύποπτον
3201 751 3424 819 ποιῆσαι
3455 747 3552 816 τὴν
3589 745 3682 798 λει-

2135 851 2419 921 τουργίαν.
2475 849 2566 902 Διὸ
2611 847 2791 902 αὐτῶν
2839 847 3074 898 ποιεῖται
3127 842 3224 912 τὴν
3253 839 3430 908 ψῆφον
3465 839 3559 905 τῆς
3592 834 3682 886 τῶν

2133 940 2582 1012 ἀποκομιζόντων
2628 940 2916 1010 αἱρέσεως.
2961 936 3034 989 υύ
3067 933 3177 1003 γὰρ
3221 932 3392 1001 δήπου
3423 928 3594 996 φησίν·
3630 927 3682 978 “ll

2139 1031 2240 1100 μὲν
2283 1030 2512 1101 εἰσφορὰ
2555 1030 2730 1102 ὑμῶν,
2787 1031 2823 1099 ἠ
2867 1027 2926 1082 δὲ
2951 1023 3170 1090 ἐξουσία
3211 1022 3310 1090 τῆς
3343 1018 3568 1085 ἐκλογῆς
3593 1015 3694 1068 τῶν·

2137 1121 2603 1190 ἀποκομιζόντων,
2631 1120 2730 1190 οὐχ
2769 1118 2942 1189 ὑμῶν.
2979 1112 3122 1169 Εἶτα
3141 1113 3230 1167 ἶνα
3262 1111 3336 1182 μὴ
3367 1109 3544 1168 αὐτοῖς
3572 1108 3684 1158 ἀπο-

2135 1213 2504 1284 λιμπάνεσθαι
2533 1213 2682 1284 δόξῃ.
2709 1212 2778 1266 τά
2807 1211 3110 1283 γράμματα
3144 1201 3489 1276 προστίθησι,
3515 1199 3682 1266 λέγων·

2142 1305 2260 1371 Οὓς
2289 1305 2396 1359 ἐὰν
2427 1304 2814 1374 δοκιμάσητε,
2859 1301 2932 1354 δι’
2971 1295 3310 1354 ἐπιστολῶν
3341 1292 3568 1361 πέμψω.
3613 1289 3684 1350 '0;

2139 1396 2274 1450 ἃ.νεί
2317 1395 2525 1464 ἔλεγεν,
2574 1397 2656 1448 ὅτι
2695 1393 2868 1462 Κάγὼ
2895 1392 3188 1459 συνέσομαι
3229 1387 3436 1446 αὐτοῖς,
3467 1381 3556 1436 καὶ
3589 1396 3684 1434 κοι-

2140 1488 2364 1557 νωνήσω
2397 1486 2496 1556 τῆς
2542 1484 2884 1555 λειτουργίας
2927 1481 3015 1536 διὰ
3041 1479 3149 1532 τῶν
3203 1474 3562 1548 γραμμάτων.
3595 1469 3687 1524 Καὶ

2141 1580 2242 1632 οὐκ
2279 1575 2422 1642 εἷπε,
2455 1579 2693 1642 Τούτους
2735 1577 2936 1648 πέμψω
2970 1575 3292 1640 ἀπενεγκεῖν
3333 1570 3432 1640 τὴν
3487 1566 3686 1634 ἐλεημο-

2145 1668 2310 1739 σύνην
2331 1667 2504 1738 ὐμῶν,
2526 1668 2682 1732 ἀλλὰ,
2700 1668 2818 1734 Τὴν
2837 1665 3012 1734 χάριν
3029 1661 3216 1733 ὑμῶν,
3235 1661 3322 1713 ἵνα
3339 1658 3488 1730 δείξῃ
3509 1653 3696 1728 pum

2143 1766 2565 1837 Ινίργίίιξομένους,
2596 1767 2684 1821 ἵνα.
2729 1765 2878 1836 δείξῃ
2917 1763 3114 1824 αὐτοὺς
3156 1757 3550 1829 κερδαίνοντας.
3587 1750 3683 1804 ’Δλ-

2144 1859 2308 1930 λαχοῦ
2339 1859 2396 1912 δὲ
2433 1861 2528 1912 καὶ
2573 1859 2823 1928 εὐλογίαν
2869 1856 2964 1909 καὶ
2993 1853 3273 1908 κοινωνίαν
3303 1847 3478 1902 καλεῖ·
3500 1844 3556 1897 τὸ
3587 1841 3688 1913 μὲν.

2147 1951 2236 2004 ἵνα
2270 1949 2344 2021 μὴ
2374 1949 2778 2022 ῥᾳθυμοτέρους
2817 1949 3040 2020 ποιήσῃ,
3067 1944 3129 1997 τὸ
3174 1942 3252 2006 δὲ,
3284 1941 3374 1992 ἵνα
3407 1937 3480 2008 μὴ
3504 1935 3686 2005 ὲπάρῖγ

2147 2043 2383 2114 οὐδαμοῦ
2416 2021 2598 2114 μέντοι
2637 2058 2702 2106 γε
2740 2037 3109 2110 ἐλεημοσύνην
3151 2032 3458 2102 ὠνόμασεν.
3487 2024 3616 2080 Ἐὰν
3633 2021 3690 2074 δὲ

2147 2131 2188 2207 ᾖ
2221 2133 2396 2199 ἄξιον
2423 2134 2530 2188 τοῦ
2567 2131 2718 2202 κάμὲ
2755 2131 3136 2200 πορεύεσθαι,
3173 2125 3295 2178 σὺν
3335 2119 3468 2191 ἐμοί
3509 2114 3688 2184 πορεύ-

2149 2244 2382 2282 σονται.
2443 2225 2708 2280 Ἐνταῦθα
2738 2225 2900 2278 πάλιν
2927 2222 3006 2284 εἰς
3035 2218 3314 2288 δαψίλειαν
3361 2211 3552 2272 αὐτοὺς
3577 2223 3688 2276 προ-

2149 2319 2359 2390 τρέπει.
2400 2319 2525 2372 Ἐάν
2546 2317 2656 2388 γὰρ
2679 2313 2931 2370 τοσοῦτον
2949 2308 3008 2382 ᾖ,
3033 2309 3218 2380 φησὶν,
3239 2307 3312 2368 ώς
3335 2305 3436 2356 καὶ
3460 2301 3553 2371 τῆς

2151 2411 2356 2464 δεῖσθαι
2390 2409 2710 2481 παρουσίας,
2742 2406 2862 2460 οὐδὲ
2903 2403 3064 2456 τοῦτο
3105 2399 3554 2481 παραιτήσομαι..

2153 2502 2356 2566 εὐθέως
2416 2467 2514 2572 μέν
2554 2467 2713 2554 τοῦτο
2772 2499 2872 2550 οὐκ
2923 2467 3317 2565 ἐπηγγείλατο,
3374 2486 3497 2541 οὐδὲ
3539 2467 3700 2542 εἶπεν,

2167 2591 2415 2646 Ἐπειδὰν
2454 2590 2872 2662 παραγένωμαι,
2909 2585 3020 2654 ἐγὼ
3057 2579 3410 2652 ἀποκομίζω·
3462 2575 3576 2630 οὐδὲ
3605 2572 3692 2642 γὰρ

2154 2683 2221 2738 ἂν
2259 2684 2428 2745 οὕτως
2457 2681 2587 2734 αὐτὸ
2616 2679 2880 2752 ηὔξησεν,
2905 2677 2954 2730 εί
2991 2675 3054 2739 ἐξ
3077 2673 3251 2744 ἀρχῆς
3283 2670 3418 2724 αὐτὸ
3451 2666 3688 2720 τέθεικεν·

2157 2775 2379 2844 ὕστερον
2407 2774 2590 2844 μέντοι
2611 2771 2789 2834 καλῶς
2811 2769 2907 2822 καὶ
2929 2766 3199 2838 εὐκαίρως
3226 2763 3358 2817 αὐτὸ
3383 2757 3690 2832 προστίθησι.

2157 2868 2256 2920 Διά
2284 2867 2348 2935 δὴ
2375 2865 2530 2918 τοῦτο
2557 2865 2658 2916 οὐκ
2691 2862 2892 2922 εὐθέως
2935 2857 3100 2931 [405]
3124 2855 3414 2924 ὑπέσχετο,
3445 2850 3562 2904 οὐτε
3587 2845 3694 2899 καθ-

2158 2958 2306 3022 άπαξ
2349 2956 2482 3010 αὐτὸ
2527 2953 2936 3023 ἀπεσιώπησεν,
2988 2950 3102 3004 ἀλλ’
3155 2946 3345 3008 εἰπὼν,
3379 2947 3460 2998 ὃτι
3489 2941 3694 3010 Πέμψω.

2157 3052 2282 3102 τότε
2331 3050 2426 3104 καὶ
2469 3047 2662 3102 ἑαυτὸν
2689 3043 3034 3115 προστίθησι.
3067 3041 3180 3096 Καὶ
3220 3037 3462 3091 ἐνταῦθα
3491 3035 3544 3088 δὲ
3567 3031 3696 3115 πάλιν

2159 3137 2382 3207 κυρίους
2441 3135 2636 3198 αὐτοῦς
2687 3134 2941 3202 ἐποίησεν
2997 3133 3056 3183 ἐν
3107 3129 3184 3199 τῷ
3251 3129 3446 3180 εἰπεῖν
3505 3125 3630 3176 Ἐὰν
3667 3111 3698 3189 ᾖ

2161 3228 2334 3293 ἀξιον·
2352 3227 2458 3282 τοῦ
2493 3225 2644 3296 κάμὲ
2681 3225 3042 3293 πορεύεσθαι
3063 3237 3076 3254 ·
3111 3221 3270 3274 τοῦτο
3305 3219 3364 3272 δὲ
3393 3218 3478 3271 ἐπ’
3505 3213 3698 3270 ἐκείνοις

2161 3321 2359 3382 ἔκειτο,
2385 3320 2444 3374 τὸ
2473 3319 2603 3373 πολύ
2632 3317 2857 3386 ποιῆσαι
2885 3315 2946 3369 τὸ
2978 3313 3394 3382 συλλεγόμενον,
3426 3309 3515 3363 καὶ
3545 3301 3698 3358 τοσοῦ-

2162 3433 2272 3477 τον,
2321 3414 2394 3476 ὡς
2447 3411 2768 3479 δυσωπῆσαι
2811 3409 2905 3462 καὶ
2948 3407 3110 3462 αὐτὸν
3169 3401 3487 3474 ἀναστῆναι.
3531 3397 3698 3452 Ἐλεύ-

2164 3523 2342 3576 σομαι
2389 3504 2457 3558 δὲ
2511 3501 2661 3572 πρὸς
2715 3499 2890 3568 ὑμᾶς,
2942 3499 3128 3570 φησὶν,
3173 3497 3319 3550 ὅταν
3363 3488 3700 3549 Μακεδονίαν

2165 3597 2395 3652 διέλθω.
2448 3591 2582 3650 Εἷπε
2636 3596 2730 3649 καὶ
2766 3592 3025 3664 ἀνωτέρω
3079 3589 3259 3654 τοῦτο,
3301 3587 3442 3642 ἀλλά
3471 3587 3582 3639 τότε
3622 3579 3706 3652 μὲν-

2169 3691 2308 3763 μετὰ
2359 3688 2562 3759 θυμοῦ·
2616 3685 2926 3758 προσέθηκε
2961 3683 3110 3754 γοῦν·
3153 3682 3262 3736 Καί
3313 3679 3604 3750 γνώσομαι
3645 3673 3700 3726 οὐ

2167 3785 2272 3838 τὸν
2306 3785 2493 3854 λόγον
2539 3779 2658 3834 τῶν
2688 3777 3180 3848 πεφυσιωμένων,
3208 3774 3372 3828 ἀλλὰ
3415 3769 3526 3838 τὴν
3551 3767 3702 3820 615m-

2161 3893 2268 3948 μιν
2289 3892 2301 3904 ·
2336 3872 2571 3927 ἐνταῦθα
2604 3871 2661 3924 δὲ
2691 3869 3149 3942 προσηνέστερόν,
3181 3865 3270 3918 ἵνα
3299 3863 3398 3916 καὶ
3433 3860 3700 3930 ποθήσωπν

2169 3968 2332 4022 αὐτοῦ
2368 3967 2464 4038 τὴν
2496 3965 2821 4038 παρουσίαν.
2865 3958 3019 4028 Εἶτα,
3061 3961 3149 4012 ἵνα
3191 3958 3264 4029 μὴ
3301 3955 3518 4026 λέγωσι·
3546 3951 3604 4004 Τί
3629 3943 3700 3999 οὖν

2169 4057 2488 4119 Μακεδόνας
2527 4056 2685 4126 ἡμῶν
2751 4051 3058 4122 προτιμᾷςς
3107 4045 3207 4100 οὐκ
3257 4041 3431 4108 εἶπεν,
3491 4031 3700 4092 Ἐπειδὰν

2171 4147 2410 4212 ἀπέλθω,
2445 4147 2584 4210 ἀλλ’,
2627 4143 2902 4200 Ἐπειδὰν
2933 4141 3144 4194 διέλθω
3188 4134 3572 4194 Μακεδονίαν.
3603 4129 3700 4181 Ma-

2171 4239 2450 4294 κεδονίαν
2485 4240 2594 4308 γὰρ
2621 4237 3022 4303 διελεύσομαι.
3053 4231 3208 4300 Πρὸς
3253 4225 3405 4298 ὑμᾶς
3448 4225 3514 4276 δὲ
3551 4217 3702 4308 τιιχέι·

2171 4305 2514 4404 Παραμενῶ,
2643 4330 2740 4384 καὶ
2792 4324 3236 4395 παραχειμάσω.
3289 4319 3424 4373 Οὐδὲ
3475 4315 3574 4384 γάρ
3605 4305 3700 4404 6-505

2175 4427 2434 4500 βούλομαι
2461 4422 2791 4495 ποιήσασθαι
2823 4419 3098 4489 πάρεργον
3139 4415 3301 4484 ὑμᾶς,
3334 4409 3449 4464 ἀλλ’
3479 4399 3702 4468 ἐνδιατρίο

2171 4520 2273 4590 ψαι
2314 4517 2410 4572 καὶ
2436 4517 2795 4588 παραμεῖναι.
2829 4512 2959 4564 Ὅτε
2982 4509 3090 4578 γάρ
3115 4505 3284 4558 ταῦτα
3315 4497 3635 4556 ἐπέστελλεν,
3659 4493 3702 4542 ἐν

2187 4587 2396 4681 Ἐφέσῳ
2429 4587 2529 4682 ἦν,
2549 4605 2813 4678 χειμῶνος
2847 4604 3018 4665 ὄντος.
3061 4599 3223 4666 Λέγει
3243 4595 3444 4657 τοίνυν,
3477 4593 3550 4644 δτι
3583 4587 3703 4644 Ἕως

2174 4677 2596 4771 Πεντηκοστῆς
2637 4700 2704 4752 ἐν
2742 4695 2984 4766 Ἐφέσῳ.
3006 4688 3289 4760 ἐπιμενῶ·
3327 4687 3466 4758 μετά
3487 4677 3702 4771 δὲταῦτα

2175 4795 2545 4866 ἀπελεύσομαι
2597 4795 2676 4856 εἰς
2715 4785 3076 4846 Μακεδονίαν,
3126 4783 3222 4836 καὶ
3281 4777 3503 4834 διελθὼν
3548 4769 3700 4837 αὐτὴν,

2175 4890 2292 4961 ἥξω
2345 4861 2479 4959 πρὸξ
2527 4886 2668 4956 ὑμᾶς
2721 4881 2816 4934 τοῦ
2868 4879 3095 4950 θέρους·
3155 4871 3414 4935 πολλάκις
3444 4865 3602 4924 δὲκαὶ
3633 4861 3702 4915 τὸν

2177 4981 2420 5055 χειμῶνα
2445 4977 2581 5049 πρὸς
2608 4975 2750 5046 ὑμᾶς
2779 4973 3006 5042 ποιήσω.

2249 5045 2317 5140 γ’.
2351 5045 2506 5132 Τίνος
2539 5068 2595 5122 δὲ
2629 5045 2812 5118 ἕνεκεν
2848 5058 2991 5124 εἷπε,
3046 5060 3258 5131 Τυχόν,
3285 5059 3378 5112 καὶ
3407 5057 3504 5110 οὐκ
3528 5045 3700 5140 ἀπες-ή·

2178 5137 2340 5224 νατος
2372 5161 2494 5212 Ὅτι
2525 5159 2583 5212 οὐ
2621 5156 2798 5210 πάντα
2824 5155 3048 5226 προῄδει
3069 5147 3302 5213 Παῦλος,
3321 5149 3416 5202 καὶ
3445 5137 3700 5212 συμφερόν-

2177 5273 2304 5320 τως,
2329 5252 2428 5306 Διά
2449 5251 2607 5304 τοῦτο
2626 5249 2744 5302 οὐδὲ
2771 5245 2957 5310 ἁπλῶς
2983 5245 3366 5313 ἀποφαίνεται,
3397 5241 3501 5300 ἵνα,
3525 5233 3616 5288 κᾶν
3643 5225 3702 5296 μὴ

2182 5349 2427 5420 γένηται,
2449 5344 2548 5415 ἔχῃ
2579 5341 2929 5410 καταφυγὴν,
2957 5338 3076 5392 τότε
3104 5335 3417 5406 ἀδιορίστως
3441 5323 3701 5400 προειπεῖν.

2181 5411 2275 5495 καὶ
2305 5411 2427 5509 ’τὴν
2620 5432 2933 5502 Πνεύματος
2987 5428 3235 5496 ἐξουσίαν
3277 5427 3508 5494 ἄγουσαν
3553 5411 3698 5509 αὐτὸνῖ

2181 5498 2426 5600 ὅπουπερ
2465 5523 2736 5586 ἐϐούλετο,
2765 5498 2866 5576 οὐκ
2909 5519 3037 5574 ἔνθα
3077 5517 3238 5581 αὐτὸς
3281 5513 3560 5582 ἐπεθύμει·
3584 5505 3607 5558 ὃ
3630 5498 3704 5554 καὶ

2181 5627 2239 5678 ἐν
2289 5625 2356 5694 τῇ
2405 5618 2636 5689 δευτέρᾳ
2678 5615 2891 5686 τίθησιν
2930 5611 3241 5682 Ἐπιστολῇ,
3281 5609 3377 5680 τῆς
3435 5601 3700 5676 μελλήσεως

2245 5765 2270 5794 ⁸
2294 5756 2503 5808 Savilius
2519 5751 2789 5814 legendum
2825 5747 3210 5815 suspicatum-15v
3247 5741 3495 5808 συμεολήν,
3535 5741 3584 5788 ει
3610 5734 3694 5782 haec

2187 5825 2358 5886 utique
2377 5831 2494 5872 vera
2513 5816 2662 5868 lectio
2687 5821 2779 5864 est.
