3802 6312
102 252 194 369 ’δσο
1091 288 1154 343 IN
1189 282 1401 343 Eprsr.
1444 284 1463 338 ι
1529 280 1619 335 an
1656 277 1814 333 con.
1859 280 2085 338 unum.
2128 281 2310 336 xuu.

106 429 257 479 mauet
278 415 484 489 quidem
509 407 838 487 symbolum,
881 418 967 458 res
1005 412 1181 456 autem
1229 411 1487 468 nusquam
1536 403 1638 449 est.

106 518 160 571 lit
181 514 281 570 scio
298 488 535 580 quidem,
559 500 699 573 quod
723 497 874 555 multi
902 513 969 551 ex
998 496 1061 549 iis
1082 536 1095 561 ,
1123 493 1212 566 qui
1238 507 1340 545 una
1365 488 1603 545 assident
1626 526 1640 549 ,

108 622 185 661 nos
205 616 377 661 rursus
418 592 853 666 reprehendent,
906 603 1028 642 cum
1076 586 1141 639 de
1183 584 1267 637 his
1320 580 1645 636 disseramus

105 698 314 751 dicentes
342 707 356 743 :
388 689 485 751 Ne,
527 701 678 757 rogo,
709 699 775 737 ne
802 681 875 735 sis
900 678 1075 750 gravis
1100 685 1153 731 et
1196 674 1452 729 molestus
1497 668 1644 723 audi-

104 786 297 848 toribus,
326 781 418 837 sed
450 778 696 850 permitte
723 774 889 829 libero
921 768 1146 824 arbitrio
1175 777 1226 820 ct
1248 761 1510 820 voluntati
1549 775 1646 813 au-

104 883 338 941 ditorum;
385 887 504 928 nam
560 884 701 924 nunc
744 864 961 936 quidem
1010 876 1108 915 nos
1149 857 1352 929 pudore
1400 852 1568 907 afﬁcis
1592 858 1645 904 et

106 973 383 1027 erubescere
413 965 559 1035 cogis
588 981 600 1014 :
636 961 728 1016 sed
759 959 873 1013 inec
915 955 1073 1011 verba
1105 970 1210 1007 non
1244 951 1431 1005 feram.
1462 946 1645 1015 Neque

103 1068 221 1123 enim
236 1061 445 1119 Paulum
464 1057 689 1128 pudebat
710 1051 897 1124 probis
911 1048 1124 1105 assidue
1141 1060 1259 1100 esse
1275 1043 1572 1103 molestum,
1592 1046 1647 1093 et

104 1156 479 1215 mendicantium
498 1164 647 1206 more
662 1146 823 1217 loqui.
840 1143 972 1199 Nam
989 1142 1033 1196 si
1045 1139 1148 1195 hoc
1163 1138 1418 1200 dicerem,
1430 1134 1502 1187 Da
1515 1131 1643 1185 mihi

102 1246 411 1315 ctdeponeiu
442 1242 574 1297 meis
600 1238 828 1302 (edibus,
845 1230 1149 1304 pudendum
1178 1228 1316 1283 forte
1339 1221 1642 1292 essetquod

104 1313 333 1404 dicerem;
362 1336 470 1390 imo
496 1348 624 1388 vero
652 1345 720 1385 ne
749 1338 876 1382 tunc
901 1323 1114 1395 quidem
1145 1339 1158 1373 :
1186 1335 1310 1374 nam
1341 1316 1440 1384 Qui
1469 1313 1641 1377 altari,

103 1436 260 1505 inquit,
280 1430 517 1491 assident,
540 1426 718 1480 altaris
740 1430 853 1476 sunt
884 1418 1157 1491 participes
1191 1413 1268 1482 (1.
1293 1410 1412 1465 Cor.
1442 1409 1495 1463 9.
1527 1407 1638 1467 15).

150 1500 201 1583 ἀ.
227 1529 475 1583 Caeterum
517 1520 745 1574 fortasse
788 1512 1055 1585 quispiam
1084 1523 1169 1562 me
1196 1500 1638 1574 reprehenderet,

104 1636 151 1681 ut
171 1624 246 1693 qui
270 1636 360 1691 pro
394 1632 479 1671 me
505 1613 666 1669 verba
698 1610 927 1665 facerem
959 1623 971 1658 :
1021 1615 1162 1656 nunc
1198 1608 1376 1651 autem
1401 1591 1643 1663 supplico

106 1686 286 1788 quidem
310 1728 404 1784 pro
430 1707 714 1780 egentibus
741 1720 754 1767 ;
786 1703 893 1756 imo
918 1712 1050 1753 vero
1076 1710 1182 1748 non
1216 1706 1313 1761 pro
1339 1686 1639 1758 egentibus,

106 1781 180 1864 sed
209 1781 482 1878 pro—vobis
529 1801 619 1871 qui
666 1794 957 1866 praebetis:
1002 1801 1055 1845 et
1090 1788 1209 1841 ideo
1235 1786 1423 1854 loquor
1450 1781 1639 1835 libere.

106 1872 222 1968 Quis
244 1908 318 1953 est
354 1895 495 1952 enim
535 1890 707 1962 pudor
744 1886 948 1949 dicere,
982 1883 1054 1936 Da
1099 1878 1327 1933 Domino
1362 1872 1638 1933 esurienti,

108 1996 234 2049 indue
256 1992 394 2047 illum
418 1986 619 2043 nudum
650 1982 1015 2040 oberrantem,
1050 1973 1241 2041 excipe
1271 1964 1641 2038 peregrinum?

106 2090 196 2143 Non
220 2083 468 2142 erubescit
505 2078 763 2135 Dominus
796 2084 917 2127 tuus
941 2072 1057 2123 lucc
1086 2067 1266 2121 dicere
1296 2064 1346 2115 in
1371 2060 1500 2114 orbe
1530 2068 1642 2112 ter-

106 2196 271 2243 rarum,
321 2175 537 2237 Esurivi,
589 2182 634 2225 et
662 2186 760 2223 non
790 2166 997 2221 dedistis
1021 2161 1144 2215 mihi
1172 2159 1306 2225 quod
1335 2153 1641 2209 comederem

107 2271 280 2343 (llattlt.
308 2268 395 2322 9.5.
431 2265 523 2335 42)
559 2281 573 2330 ;
617 2262 705 2332 qui
747 2275 852 2314 non
886 2264 1000 2310 erat
1032 2251 1289 2321 indigens,
1320 2262 1419 2302 nec
1449 2246 1550 2299 ulla
1583 2255 1643 2298 re

106 2338 214 2432 opus
235 2360 452 2416 habebat
476 2378 488 2411 :
520 2367 575 2413 et
602 2370 703 2424 ego
729 2353 1045 2408 erubescam
1069 2356 1123 2401 et
1148 2341 1440 2400 dubitabo?
1466 2338 1638 2394 Absit:

107 2454 440 2508 diabolicarum
481 2448 801 2504 insidiarum
843 2451 926 2498 est
972 2440 1057 2494 hic
1110 2436 1300 2507 pudor.
1352 2433 1467 2489 Non
1513 2446 1642 2503 ergo

107 2546 397 2607 erubescam,
419 2542 515 2597 sed
550 2540 714 2592 libere
734 2536 905 2590 dicam
929 2551 941 2584 :
973 2533 1105 2585 Date
1127 2526 1429 2599 egentibus,
1454 2534 1507 2579 et
1530 2537 1643 2577 ma-

105 2637 188 2707 jori
218 2651 335 2690 voco
370 2649 526 2705 quam
577 2630 666 2699 qui
706 2636 887 2697 egent.
933 2623 1066 2678 Nam
1092 2622 1135 2674 si
1167 2619 1427 2689 quispiam
1461 2622 1643 2685 posset

109 2729 345 2785 ostendere
385 2737 438 2781 et
478 2724 749 2795 probare,
799 2717 941 2789 quod
976 2716 1093 2770 hrcc
1122 2714 1390 2777 dicentes,
1437 2708 1502 2762 ad
1542 2721 1641 2762 nos

111 2823 225 2890 ipsas
248 2821 591 2883 traheremus,
634 2824 688 2869 et
715 2818 977 2882 prmtcxtu
1011 2818 1302 2876 pauperum
1335 2801 1435 2870 ipsi
1470 2799 1641 2853 lucra-

111 2928 271 2974 rentur,
288 2927 383 2967 non
412 2910 586 2963 solum
615 2905 809 2976 probro
834 2917 897 2955 ac
922 2898 1184 2954 dedecore
1208 2893 1352 2963 digni
1376 2903 1637 2953 essemus,

111 3006 182 3060 sed
206 3008 280 3076 qui
307 3005 384 3058 vel
409 3018 437 3057 a
468 3002 618 3056 mille
642 2993 953 3052 fulminibus
980 2991 1286 3053 feriremur,
1334 2995 1385 3040 et
1407 2984 1494 3054 qui
1528 2984 1641 3036 haec

111 3074 288 3167 agerent
322 3112 384 3152 ne
410 3103 746 3150 mererentur
773 3087 983 3159 quidem
1008 3084 1197 3138 vivere
1228 3100 1241 3135 :
1270 3081 1313 3133 si
1339 3087 1512 3132 autem
1545 3074 1639 3128 Dei

112 3189 244 3254 gratia
281 3203 372 3259 pro
417 3187 576 3241 nobis
625 3180 846 3237 minime
889 3175 1101 3231 molesti
1147 3185 1361 3235 sumus,
1399 3168 1493 3225 sed
1524 3167 1641 3221 sine

114 3287 287 3350 sumptu
310 3279 452 3334 vobis
484 3275 765 3347 posuimus
791 3268 1121 3339 evangelium
1143 3307 1157 3331 ,
1209 3279 1313 3318 non
1337 3261 1641 3315 laborantes

114 3371 285 3440 quidem
311 3372 439 3425 sicut
464 3368 665 3424 Paulus
690 3406 706 3432 ,
749 3363 843 3419 sed
870 3360 1106 3417 contenti
1154 3355 1383 3427 prepriis
1404 3396 1418 3417 ,
1467 3352 1639 3405 dicam

115 3477 206 3516 cum
238 3464 367 3518 omni
401 3460 594 3517 ﬁducia
624 3477 637 3513 :
669 3458 799 3512 Date
826 3453 1127 3525 egentibus,
1159 3464 1258 3503 nec
1283 3445 1507 3501 cessabo
1534 3443 1637 3497 hoc

116 3550 274 3617 dicere,
300 3564 349 3608 et
373 3567 559 3607 eorum
591 3550 680 3620 qui
711 3563 816 3601 non
842 3546 990 3609 dant,
1021 3555 1115 3597 ero
1137 3540 1311 3610 gravis
1340 3546 1639 3591 accusator.

116 3641 156 3696 Si
190 3645 310 3698 enim
356 3659 527 3699 essem
572 3641 679 3696 dux
731 3636 999 3694 exercitus
1042 3643 1097 3689 et
1127 3633 1323 3686 milites
1366 3629 1639 3691 haberem,

117 3750 197 3789 non
218 3753 290 3792 me
314 3738 535 3808 puderet
559 3736 807 3789 alimenta
840 3740 1020 3800 petere
1049 3745 1145 3798 pro
1172 3725 1447 3779 militibus.
1476 3723 1643 3777 Valde

118 3829 229 3882 enim
254 3844 362 3883 amo
381 3838 613 3885 vestram
642 3825 888 3880 salutem.
931 3820 1034 3875 Sed
1080 3829 1137 3872 ut
1180 3817 1339 3871 etiam
1378 3813 1644 3870 efficacior

120 3919 171 3971 sit
203 3922 371 3986 oratio,
416 3933 695 3977 assessore
718 3922 940 3984 accepto
966 3912 1152 3972 Paulo,
1195 3925 1313 3963 cum
1345 3908 1434 3960 illo
1462 3906 1643 3959 vobis-

120 4024 211 4064 cum
231 4028 363 4083 agam
392 4013 579 4068 dicens
605 4028 620 4063 :
657 4006 1011 4076 Unusquisque
1054 4010 1271 4056 vestrum
1315 3998 1455 4068 apud
1480 4014 1532 4051 se
1568 4012 1647 4049 se-

124 4114 257 4168 ponat,
281 4106 546 4159 recondens
572 4100 706 4171 quod
730 4099 824 4153 sibi
849 4097 1115 4151 videbitur.
1147 4091 1437 4148 Considera
1467 4099 1644 4144 autem

125 4195 217 4249 hinc
243 4213 437 4268 quoque
481 4212 642 4266 quam
674 4209 780 4247 non
807 4192 876 4245 sit
904 4190 1003 4242 hoc
1028 4202 1187 4257 grave
1234 4194 1287 4241 et
1315 4185 1597 4239 molestum
1629 4200 1644 4237 :

126 4302 205 4340 non
227 4288 370 4354 dixit,
394 4289 620 4343 Tantum
651 4285 734 4339 vel
755 4291 981 4346 tantum,
1001 4280 1115 4345 sed,
1140 4278 1287 4345 Quod
1317 4277 1564 4338 videatur,
1594 4283 1648 4328 et

126 4390 234 4433 recte
252 4381 449 4447 habeat,
468 4383 579 4436 sive
595 4380 663 4433 sit
676 4376 923 4440 multum,
939 4375 1051 4427 sive
1065 4370 1328 4425 modicum
1350 4385 1363 4421 :
1382 4383 1477 4423 nec
1491 4366 1644 4428 dixit,

126 4468 241 4534 Quod
281 4475 389 4543 quis
428 4473 667 4527 lucratus
710 4468 885 4527 fuerit,
928 4462 1046 4527 sed,
1094 4460 1247 4529 Quod
1298 4459 1540 4513 videatur
1594 4465 1649 4510 et

128 4573 238 4618 recte
260 4565 452 4631 habeat,
485 4563 774 4619 ostendens
800 4576 831 4614 a
863 4560 967 4613 Deo
993 4571 1113 4612 esse
1143 4552 1645 4624 suppeditationem.

127 4652 213 4708 Non
248 4656 335 4711 hac
364 4667 536 4711 autem
567 4654 741 4708 solum
777 4651 1011 4712 ratione,
1062 4645 1156 4700 sed
1187 4644 1345 4697 etiam
1375 4657 1439 4695 co
1461 4682 1474 4703 ,
1506 4638 1647 4709 quod

129 4759 207 4798 non
218 4762 307 4801 uno
322 4758 551 4831 tempore
571 4756 736 4799 totum
749 4742 931 4811 jubeat
950 4738 1202 4810 pendere,
1223 4733 1516 4806 symbolam
1532 4730 1652 4785 red-

128 4835 185 4888 dit
206 4836 382 4895 facilem
411 4826 435 4893 ε’
456 4855 523 4895 eo
549 4838 691 4893 enim
717 4832 858 4905 quod
882 4833 1128 4902 paulatim
1155 4829 1453 4898 colligatur,
1475 4826 1653 4881 inscu—

130 4927 217 4982 silis
236 4940 308 4985 est
331 4947 482 5001 Opera
510 4941 564 4986 et
590 4926 969 4998 Suppeditatio.
1024 4924 1313 4991 Propterea
1345 4935 1443 4973 nec
1471 4917 1649 4971 statim

130 5017 310 5087 iubetiu
334 5024 558 5080 medium
602 5022 897 5083 adducere,
948 5016 1041 5072 sed
1080 5015 1170 5070 dat
1200 5014 1413 5083 longum
1444 5020 1652 5078 tempus

133 5116 447 5180 constitutum,
476 5126 530 5170 et
554 5129 771 5169 causam
804 5110 1057 5172 afferens,
1082 5107 1211 5161 dicit
1244 5124 1257 5159 :
1294 5102 1361 5159 Ut
1389 5120 1509 5168 non,
1538 5118 1653 5155 cum

134 5215 292 5271 tenero,
320 5218 431 5262 tunc
459 5207 685 5262 collecta:
727 5206 869 5267 ﬁant.
905 5201 1016 5256 Hoc
1038 5209 1141 5266 est,
1193 5198 1270 5253 Ne
1317 5198 1366 5251 iu
1413 5205 1654 5264 tempore

137 5292 340 5352 illationis
354 5301 459 5354 sive
479 5316 594 5354 smn
604 5308 719 5367 plus
733 5309 951 5350 necesse
968 5291 1203 5346 habeatis
1224 5290 1493 5359 colligere.
1511 5288 1573 5341 Et
1588 5284 1655 5341 ad

140 5384 215 5440 hoc
234 5403 395 5445 rursus
417 5407 505 5445 eos
534 5406 637 5444 non
661 5390 848 5444 leviter
872 5395 955 5441 est
980 5384 1319 5438 adhortatus:
1347 5380 1489 5435 Pauli
1512 5380 1654 5435 enim

141 5483 413 5544 exspectatio
431 5499 521 5537 eos
549 5482 773 5537 iaciebat
804 5477 1160 5549 promptiores
1184 5485 1237 5529 et
1267 5475 1571 5527 alacriores.
1597 5473 1653 5527 5.

142 5566 239 5623 Cum
260 5586 409 5630 autem
442 5592 657 5645 presens
682 5579 845 5647 fuero,
876 5587 1000 5642 quos
1042 5569 1387 5634 probaueritis,
1432 5584 1520 5636 per
1548 5566 1655 5636 epi-

144 5662 264 5717 sIoles
288 5666 368 5721 hos
383 5670 569 5723 mittam
590 5668 784 5739 deferre
805 5665 1020 5737 gratiam
1036 5673 1251 5716 vestram
1275 5663 1327 5715 in
1346 5658 1653 5713 Jerusalem.

147 5748 233 5807 Non
257 5756 386 5826 dixit,
411 5760 557 5817 Hunc
582 5770 636 5819 et
658 5761 827 5828 illum,
851 5757 965 5825 sed,
997 5756 1134 5822 Quos
1157 5771 1241 5809 vos
1287 5754 1611 5824 probaueritis
1637 5796 1650 5819 ,

3222 276 3328 332 370

1749 410 1883 465 quos
1920 395 2210 465 elegeritis,
2253 404 2313 450 ut
2358 393 2714 450 ministerium
2770 401 2951 449 careat
3000 392 3328 464 suspicione.

1748 488 2106 554 Quamobrem
2137 498 2290 544 curat
2316 500 2371 543 ut
2398 489 2495 559 ipsi
2527 486 2700 543 ferant
2752 488 3062 558 suffragium
3102 489 3328 547 electio-

1749 586 1833 634 nis
1871 596 2057 635 eorum
2085 582 2174 651 qui
2202 581 2357 636 laturi
2389 589 2533 636 sunt.
2562 580 2676 635 Non
2708 581 2849 635 enim
2876 579 3043 646 dicit,
3095 580 3331 637 Collatia

1747 671 1961 739 quidem
1990 681 2069 726 est
2102 683 2297 734 vestra,
2342 672 2569 741 eligendi
2616 681 2793 726 autem
2828 681 3065 741 potestas
3108 682 3192 727 est
3230 688 3328 727 eo-

1745 779 1864 818 rum
1891 764 1978 834 qui
2012 774 2243 833 portaut,
2268 780 2370 817 non
2404 775 2601 820 veSIra.
2652 763 2873 828 Deinde,
2904 780 2970 818 ne
2994 764 3122 833 ipsis
3149 764 3333 818 videa-

1747 862 1835 909 tur
1862 855 2071 916 abesse,
2100 856 2280 910 literas
2307 856 2455 911 addit
2488 855 2673 910 dicens
2718 873 2732 909 :
2779 856 2915 921 Quos
2958 854 3288 922 probaueritis
3310 895 3329 921 ,

1749 964 1837 1017 per
1874 947 2112 1016 epistolas
2138 950 2352 1001 mittam.
2387 948 2547 1013 Quasi
2579 946 2789 1003 diceret
2817 967 2828 1000 :
2862 948 2974 1017 Ego
3003 963 3213 1017 quoque
3235 964 3330 1001 ero

1749 1039 2026 1094 vobiscum
2048 1082 2063 1105 ,
2102 1048 2157 1094 et
2186 1041 2425 1095 numeris
2453 1041 2689 1097 obeundi
2719 1056 2815 1096 ero
2848 1042 3115 1111 particeps
3144 1056 3239 1110 per
3262 1042 3327 1095 li-

1748 1141 1910 1187 teras.
1949 1133 2128 1203 Neque
2172 1132 2324 1197 dixit,
2367 1133 2472 1189 Eos
2499 1135 2704 1188 mittam
2736 1146 2792 1188 ut
2824 1144 3051 1189 vestram
3083 1134 3330 1189 deferant

1749 1225 2169 1297 eleemosynam,
2197 1224 2559 1288 sed,Vestram
2588 1228 2805 1297 gratiam
2826 1268 2839 1287 .
2868 1235 2927 1281 ut
2954 1227 3197 1281 ostendat
3233 1240 3329 1281 eos

1745 1334 1933 1389 magna
1960 1320 2194 1387 operari,
2225 1330 2279 1373 et
2312 1319 2435 1374 inde
2467 1322 2670 1374 lucrum
2708 1320 2983 1389 consequi.
3036 1318 3177 1374 Alibi
3223 1334 3325 1371 au-

1746 1419 1851 1463 tem
1898 1411 2133 1480 appellat
2176 1411 2600 1466 benedictionem
2633 1421 2688 1467 et
2725 1412 3264 1467 communicationem
3308 1428 3323 1464 :

1744 1502 1871 1557 illud
1902 1503 2135 1572 quidem,
2184 1520 2250 1557 nc
2280 1504 2523 1560 redderet
2566 1506 2861 1574 pigriores;
2908 1505 3010 1561 hoc
3058 1522 3207 1567 vero,
3257 1521 3325 1558 ne

1744 1594 1901 1648 nimis
1928 1594 2178 1649 efferret:
2210 1612 2468 1664 nusquam
2507 1604 2682 1650 autem
2712 1597 2814 1650 hoc
2856 1597 3151 1649 nominavit
3178 1596 3327 1650 elee—

1743 1691 2098 1761 mosynamd.
2131 1692 2278 1756 Quod
2302 1693 2345 1745 si
2370 1693 2576 1762 dignum
2605 1694 2749 1763 fuerit
2774 1702 2828 1746 ut
2850 1710 2942 1762 ego
2971 1709 3102 1758 eam,
3132 1708 3325 1745 mecum

1744 1783 1907 1836 ibunt.
1937 1783 2035 1837 llic
2055 1799 2239 1839 rursus
2268 1800 2362 1839 eos
2390 1785 2632 1839 hortatur
2676 1785 2740 1838 ad
2790 1786 3087 1854 largitatem
3128 1795 3182 1840 et
3207 1801 3326 1839 mu-

1746 1875 2085 1929 nificentiam.
2119 1875 2252 1929 Nam
2284 1876 2324 1930 si
2355 1886 2497 1929 tanta
2527 1891 2612 1930 res
2637 1878 2727 1942 sit,
2754 1877 2943 1946 inquit,
2973 1889 3023 1929 ut
3053 1892 3165 1931 mea
3190 1890 3326 1943 opus

1744 1969 1814 2021 sit
1843 1970 2145 2037 prmseutia,
2175 1985 2241 2021 ne
2273 1968 2373 2022 hoc
2401 1968 2615 2037 quidem
2650 1970 2931 2024 recusabo.
2988 1969 3092 2024 Sed
3142 1969 3322 2022 statim

1744 2074 1849 2112 non
1898 2070 1979 2115 est
2010 2059 2107 2114 hoc
2143 2060 2433 2128 pollicitus,
2465 2077 2637 2130 neque
2664 2060 2819 2124 dixit,
2849 2062 3133 2129 Postquam
3165 2061 3327 2115 adve-

1744 2166 1896 2214 nero,
1941 2151 2054 2219 ipse
2104 2151 2272 2205 feram
2303 2170 2315 2204 :
2348 2168 2519 2220 neque
2559 2154 2701 2206 enim
2728 2152 2827 2205 hoc
2847 2152 2980 2205 adeo
3005 2152 3327 2220 amplificas-

1744 2243 1902 2302 set,si
1932 2243 1998 2296 ab
2018 2243 2234 2296 iuitioid
2265 2245 2567 2313 posuisset:
2602 2252 2783 2313 postea
2812 2250 2990 2297 autem
3026 2242 3242 2312 pulchre
3272 2250 3329 2297 et

1744 2344 2045 2404 opportune
2073 2335 2124 2389 id
2150 2335 2317 2389 addit.
2349 2335 2636 2404 Propterea
2679 2351 2783 2390 non
2823 2334 3003 2389 statim
3049 2334 3319 2403 promisit,

1747 2443 1926 2496 neque
1955 2429 2176 2483 omnino
2207 2427 2258 2482 id
2283 2426 2461 2491 siinit,
2518 2428 2612 2481 sed
2643 2443 2762 2482 cum
2792 2427 3017 2481 dixisset
3041 2440 3100 2481 se
3132 2426 3327 2479 niissu-

1742 2538 1882 2585 rum,
1914 2530 2039 2576 tunc
2066 2536 2275 2591 quoque
2305 2521 2451 2575 addit
2484 2521 2741 2588 seipsum.
2774 2519 2872 2575 llic
2902 2533 3115 2588 quoque
3136 2532 3323 2573 rursus

1743 2615 1797 2668 in
1818 2629 2004 2669 eorum
2035 2614 2180 2683 ponit
2210 2622 2501 2682 potestate,
2542 2611 2672 2667 dum
2700 2611 2835 2667 dixit
2863 2629 2876 2663 :
2904 2610 2965 2665 Si
3002 2625 3169 2679 opera:
3208 2626 3327 2678 pre-

1743 2708 1868 2761 tium
1897 2708 2048 2778 fuerit
2078 2716 2128 2759 ut
2156 2723 2248 2777 ego
2289 2721 2444 2769 eam;
2492 2705 2595 2759 hoc
2618 2720 2745 2759 vero
2786 2704 2837 2757 in
2882 2704 2984 2757 illis
3021 2703 3180 2756 situm
3211 2711 3328 2755 erat

1743 2796 1967 2855 multum
1994 2799 2173 2855 facere
2211 2798 2351 2868 quod
2378 2798 2747 2868 colligebatur,
2790 2806 2844 2851 et
2874 2806 3076 2850 tantum
3106 2803 3162 2849 ut
3232 2806 3331 2845 eos

1740 2891 1985 2949 ﬂecteret
2038 2894 2218 2962 ipsum
2271 2903 2509 2959 surgere.
2579 2890 2633 2944 5.
2663 2888 2871 2942 Veniant
2908 2897 3071 2941 autent
3113 2885 3181 2938 ad
3217 2900 3321 2943 vos.

1744 3003 1856 3039 cum
1884 2985 2237 3039 Macedoniam
2261 2983 2618 3055 pertransiero.
2648 2981 2789 3035 Dixit
2815 2981 2916 3034 hoc
2942 2994 3152 3047 quoque
3169 2992 3329 3045 supe-

1744 3080 1854 3133 rius
1875 3121 1889 3144 ,
1921 3078 2015 3133 sed
2046 3087 2169 3131 tunc
2198 3076 2411 3143 quidem
2444 3056 2729 3136 iracunde;
2779 3071 2984 3125 addidit
3027 3069 3201 3133 enim,
3261 3066 3327 3119 Et

1744 3185 2046 3241 cognoscam
2104 3184 2204 3220 non
2255 3182 2536 3220 sermonem
2588 3164 2904 3233 iit/latorum,
2956 3160 3045 3214 sed
3089 3158 3326 3211 virtutem

1746 3262 1822 3330 (Ι.
1852 3260 1969 3313 Cor.
1997 3260 2050 3313 4.
2080 3259 2166 3327 19)
2194 3276 2208 3312 :
2242 3258 2329 3311 hic
2354 3266 2528 3312 autem
2556 3256 2756 3313 mitius,
2789 3261 2847 3307 ut
2874 3252 2990 3320 ejus
3018 3249 3327 3305 desiderent

1749 3353 2106 3424 praesentiam.
2137 3350 2338 3406 Deinde
2368 3366 2436 3404 ne
2464 3349 2644 3403 dicant
2675 3347 2821 3401 :Cur
2845 3360 2972 3414 ergo
3010 3344 3162 3398 nobis
3193 3358 3331 3412 pra!—

1745 3446 1853 3500 fers
1881 3442 2235 3498 Macedones?
2274 3456 2379 3495 non
2418 3440 2571 3502 dixit,
2603 3438 2887 3505 Postquam
2934 3434 3151 3497 abiero,
3195 3431 3325 3495 sed,

1746 3538 1871 3593 Cant
1902 3536 2254 3590 Macedoniam
2276 3533 2632 3603 pertransiero.
2665 3528 2800 3583 Nam
2831 3526 3181 3581 Macedoniam
3213 3540 3328 3591 per-

1748 3630 1990 3683 transibo.
2023 3628 2077 3682 6.
2101 3625 2253 3697 Apud
2276 3642 2361 3678 vos
2386 3634 2553 3677 autem
2577 3622 2789 3693 forsitan
2816 3617 3055 3680 manebo,
3083 3617 3159 3669 vel
3180 3616 3331 3668 etiam

1754 3719 2004 3773 Itiemabo.
2034 3716 2215 3787 Neque
2243 3716 2385 3770 enim
2420 3714 2543 3767 volo
2570 3726 2665 3766 vos
2694 3711 2924 3765 invisere
2955 3718 3225 3776 tamquam
3275 3706 3328 3759 in

1749 3813 1996 3873 transitu,
2029 3810 2122 3864 sed
2152 3809 2425 3863 vobiscum
2456 3805 2658 3860 versari
2698 3816 2752 3858 et
2785 3802 2923 3872 apud
2957 3816 3049 3855 vos
3093 3814 3330 3853 manere.

1749 3904 1881 3959 Nam
1909 3902 2121 3972 quando
2151 3901 2286 3955 hanc
2321 3898 2588 3953 scribebat
2614 3897 2918 3966 epistolam,
2966 3903 3080 3949 erat
3124 3890 3324 3961 Ephesi

1746 3998 1945 4052 'hiemis
2009 4005 2268 4065 tempore.
2322 3991 2450 4046 Dicit
2494 4004 2622 4059 ergo
2661 4005 2677 4041 :
2718 3988 2771 4042 8.
2806 3986 3116 4040 Permanebo
3160 3993 3330 4036 autem

1754 4088 1947 4159 Ephesi
1971 4102 2127 4154 usque
2162 4085 2229 4139 ad
2266 4082 2592 4137 I’eutecosten
2624 4096 2642 4133 :
2670 4087 2852 4148 postea
2880 4087 3057 4132 autem
3088 4076 3246 4129 abibo
3278 4075 3332 4128 in

1752 4178 2135 4239 Macedoniam,
2163 4187 2354 4231 etcum
2377 4190 2494 4229 eam
2515 4171 2896 4243 pertransiero,
2918 4170 3124 4223 veniam
3151 4167 3215 4221 ad
3238 4179 3333 4221 vos

1752 4282 1937 4328 testate
1967 4290 1981 4325 :
2028 4270 2162 4323 forte
2192 4277 2370 4321 autem
2398 4276 2452 4319 et
2483 4265 2708 4318 hiemem
2732 4261 2869 4331 apud
2896 4275 2988 4314 vos
3010 4259 3320 4327 transigam.

1822 4369 1877 4420 5.
1920 4363 2027 4417 Cur
2071 4369 2249 4415 autem
2289 4358 2424 4412 dixit
2468 4356 2743 4417 Forsitan,
2776 4364 2829 4407 et
2859 4368 2965 4406 non
3002 4349 3335 4405 affirmavit?

1753 4456 2015 4523 Quoniam
2048 4468 2151 4505 non
2179 4451 2355 4504 omnia
2381 4446 2697 4518 przesciebat
2726 4444 2923 4500 Paulus
2949 4459 2963 4507 ;
2996 4442 3155 4511 idque
3181 4440 3331 4493 utili-

1756 4560 1853 4604 ter.
1886 4548 2169 4616 PrOpterea
2198 4557 2369 4612 neque
2401 4540 2641 4594 absolute
2666 4536 2926 4598 affirmat,
2960 4543 3019 4588 ut
3047 4535 3089 4588 si
3122 4548 3227 4587 non
3255 4530 3334 4585 fa-

1756 4650 1900 4696 ctum
1928 4638 2087 4693 fuerit
2112 4678 2126 4700 ,
2162 4635 2354 4689 habeat
2382 4631 2663 4700 effugium,
2693 4628 2832 4698 quod
2864 4639 2988 4680 tunc
3008 4625 3204 4678 dixerit
3244 4624 3329 4677 in-
3378 4624 3381 4627 ’

1756 4730 1994 4794 definite,
2022 4739 2076 4783 et
2098 4726 2327 4795 Spiritus
2353 4731 2671 4794 potestatem
2711 4736 2829 4789 qua:
2869 4732 2990 4772 eum
3030 4730 3136 4786 quo
3177 4715 3338 4769 vellet

1757 4824 1995 4884 duceret,
2025 4836 2131 4875 non
2160 4836 2265 4890 quo
2296 4818 2410 4888 ipse
2443 4814 2706 4885 cupiebat.
2730 4810 2881 4880 Quod
2912 4810 3071 4865 etiam
3101 4807 3249 4878 ponit
3278 4806 3331 4860 in

1758 4916 1989 4973 secunda
2036 4914 2274 4983 Epistula
2321 4911 2388 4965 de
2436 4923 2583 4962 mora
2628 4924 2686 4961 se
2718 4919 2978 4959 excusans
3007 4912 3062 4957 et
3098 4901 3284 4955 dicens
3319 4917 3333 4952 :

1761 5008 1860 5063 Aut
1888 5022 1999 5076 qum
2024 5005 2186 5074 cogito
2204 5044 2217 5067 ,
2246 5001 2519 5055 secundum
2544 5013 2747 5050 carnem
2784 4994 2976 5063 cogito,
3023 5002 3079 5047 ut
3104 4993 3167 5045 sit
3199 4990 3338 5062 apud

1765 5117 1842 5155 me
1865 5106 2052 5161 estest,
2077 5107 2118 5148 et
2142 5112 2240 5147 non
2262 5110 2359 5147 non
2390 5092 2468 5158 (9..
2502 5089 2619 5142 Cor.
2653 5089 2738 5142 Η.
2774 5086 2883 5155 l7).
2934 5085 3002 5140 Ut
3039 5100 3123 5137 vos
3146 5102 3222 5137 me
3246 5084 3337 5136 dc-

1764 5191 1960 5246 ducatis
1989 5202 2298 5259 quocumque
2323 5185 2446 5237 iero.
2496 5181 2607 5235 Hoc
2651 5194 2863 5247 qucque
2899 5190 2983 5234 est
3020 5178 3255 5231 caritatis
3285 5184 3334 5229 et

1765 5286 1946 5341 multa:
1977 5280 2296 5337 dilectionis.
2338 5278 2390 5331 7.
2426 5274 2563 5329 Nolo
2595 5274 2725 5329 enim
2758 5290 2842 5326 vos
2876 5272 3023 5325 modo
3048 5272 3097 5323 in
3125 5271 3340 5325 transitu

1762 5377 1930 5431 videre
1971 5390 1988 5426 :
2016 5388 2161 5442 spero
2184 5369 2315 5423 enim
2345 5384 2421 5420 me
2456 5365 2826 5435 aliquantulum
2857 5363 3095 5431 temporis
3140 5376 3341 5413 orauere

1764 5468 1903 5539 apud
1930 5484 2036 5527 vos,
2071 5466 2113 5517 si
2144 5464 2386 5517 Dominus
2411 5459 2712 5529 permiserit.
2743 5457 2867 5511 "tce
2891 5467 3069 5509 autem
3090 5455 3298 5509 dicebat
3323 5488 3337 5516 ,

1764 5562 1923 5618 simul
1971 5570 2024 5613 et
2066 5561 2337 5612 caritatem
2384 5554 2700 5616 ostendens,
2734 5562 2788 5606 et
2825 5567 2916 5606 eos
2943 5550 3031 5620 qui
3061 5555 3341 5618 peccarent

1766 5666 1993 5717 terrens,
2043 5668 2146 5705 non
2193 5661 2366 5703 tamen
2414 5658 2618 5716 aperte,
2668 5644 2762 5699 sed
2791 5642 3039 5698 amicitia:
3079 5639 3337 5692 nomine:

1769 5746 2083 5803 Permanebo
2116 5754 2281 5797 autem
2311 5740 2501 5812 Ephesi
2532 5754 2688 5810 usque
2729 5737 2798 5789 ad
2824 5734 3172 5789 Pentecosten.
3227 5733 3337 5788 Με-
