3712 6212
335 261 432 319 δτι

340 374 447 428 tito
476 373 558 430 eis
584 377 766 432 omnia
793 372 923 428 dicit
950 385 1155 439 exacte,
1180 376 1464 432 declarans
1488 387 1752 447 tamquam
1782 379 1920 432 ami-

339 466 441 521 eis.
463 465 597 522 Nam
625 476 682 522 et
707 465 811 522 hoc
837 474 921 521 est
945 467 1212 532 amicitire,
1244 469 1426 524 dicere
1454 484 1667 524 causam
1694 485 1790 524 cur
1809 485 1916 524 non

343 561 644 628 advenerit,
672 571 897 632 propter
923 577 1080 631 quam
1110 561 1341 627 differat,
1375 572 1428 618 et
1455 564 1542 618 ubi
1570 572 1834 618 versetur.
1859 562 1914 618 9.

345 655 546 710 Ostium
572 655 708 710 enim
750 655 876 708 mihi
907 665 1141 724 apertum
1177 665 1250 710 eu
1283 673 1521 727 magnum
1549 666 1593 710 et
1623 657 1838 720 evidens,
1872 665 1921 708 et

341 747 622 800 adversarii
668 747 836 800 mum.
880 745 968 810 Et,
1001 748 1047 802 si
1078 763 1347 816 magnum,
1379 749 1648 818 quomodo
1671 749 1923 804 adversa-

343 837 446 891 rii?
476 838 700 906 Propter
740 837 842 890 hoc
884 837 1054 906 ipsum
1088 839 1236 892 multi
1272 849 1397 893 sunt
1427 840 1741 904 adversarii,
1785 852 1922 908 quo-

345 933 489 984 niam
516 945 703 999 magna
732 940 812 984 est
839 929 989 995 tides,
1042 941 1096 985 et
1134 933 1274 986 latus
1317 932 1607 1000 ingressus.
1658 932 1793 998 Quid
1840 940 1924 986 est

344 1036 546 1085 autem,
591 1024 788 1078 Ostium
814 1026 1098 1096 magnum?
1145 1027 1290 1080 Multi
1320 1037 1444 1081 sunt
1472 1028 1637 1095 parati
1666 1029 1731 1082 ad
1765 1027 1921 1082 fidem

346 1116 764 1184 suscipiendam,
801 1117 951 1171 multi
994 1118 1191 1172 debent
1221 1118 1478 1173 accedere
1519 1129 1574 1174 et
1615 1121 1853 1174 converti
1903 1136 1919 1172 :

345 1206 486 1265 latus
509 1208 637 1261 mihi
682 1219 829 1278 patet
867 1209 1044 1263 aditus
1067 1251 1083 1275 ,
1133 1220 1408 1265 crescente
1435 1220 1489 1263 et
1515 1212 1724 1281 vigente
1764 1227 1921 1266 acce-

344 1296 582 1353 dentium
610 1309 788 1356 mente
818 1301 883 1355 ad
911 1302 1262 1356 obediendum
1295 1303 1432 1356 fidei.
1455 1304 1740 1372 Propterea
1765 1307 1926 1360 vehe-

346 1399 554 1445 menter
595 1393 832 1461 spirabat
870 1393 1148 1458 diabolus,
1203 1396 1456 1463 quoniam
1487 1397 1697 1452 videbat
1728 1399 1927 1454 multos

345 1500 373 1536 a
402 1499 462 1540 se
491 1485 807 1541 desciscere.
841 1486 1198 1553 Quamobrem
1230 1497 1450 1558 propter
1492 1501 1778 1560 utrumque
1815 1507 1928 1544 ma-

348 1592 476 1630 nere
503 1578 803 1646 oportebat,
832 1586 887 1632 et
923 1577 1066 1646 quod
1098 1579 1326 1634 multum
1354 1591 1500 1635 esset
1530 1582 1684 1645 lucri,
1711 1592 1764 1636 et
1784 1583 1926 1653 quod

347 1684 594 1738 magnum
637 1679 929 1723 certamen.
983 1669 1096 1724 Hoc
1138 1680 1316 1726 autem
1344 1688 1559 1742 quoque
1587 1674 1691 1728 illis
1719 1674 1926 1729 animos

345 1762 592 1825 addebat,
618 1761 756 1831 quod
785 1762 981 1816 dixerit
1002 1762 1224 1818 verbum
1248 1765 1360 1834 jam
1393 1765 1587 1835 ubique
1615 1768 1846 1836 operari,
1875 1776 1929 1822 et

348 1853 502 1908 facile
519 1856 837 1924 germinare.
858 1855 912 1911 Si
936 1867 1116 1911 autem
1133 1867 1258 1911 sunt
1287 1859 1436 1912 multi
1465 1860 1555 1929 qui
1587 1860 1925 1930 insidiantur,

348 1943 448 1998 hoc
482 1959 694 2014 quoque
723 1946 936 2015 signum
988 1958 1072 2002 est
1117 1948 1385 2016 profectus
1429 1951 1709 2021 evangelii.
1764 1952 1928 2006 Num-

345 2049 502 2104 quam
521 2034 663 2088 enim
689 2035 856 2105 magis
877 2037 1029 2090 smvit
1045 2053 1107 2093 ac
1129 2037 1256 2093 furit
1277 2042 1568 2096 sceleratus
1591 2042 1679 2096 ille
1693 2042 1926 2110 dzemon,

349 2142 508 2196 quam
531 2144 650 2181 eum
670 2143 736 2182 ex
762 2129 874 2182 suis
896 2131 1034 2183 vasis
1055 2141 1108 2184 et
1133 2132 1500 2188 instrumentis
1517 2135 1680 2189 multa
1703 2136 1842 2192 videt
1858 2137 1931 2190 di-

349 2219 471 2290 ripi.
504 2218 572 2274 Et
603 2233 701 2273 nos
726 2234 856 2288 ergo
875 2221 1090 2290 quando
1121 2238 1369 2293 maguum
1396 2224 1606 2296 aliquod
1634 2236 1688 2281 et
1707 2229 1928 2296 praecla-

349 2325 468 2364 rum
521 2325 658 2379 opus
697 2327 881 2381 gerere
925 2313 1280 2380 voluerimus,
1310 2330 1378 2370 ne
1403 2315 1504 2371 hoc
1529 2319 1930 2374 consideremus

351 2400 491 2470 quod
514 2403 687 2470 magni
711 2402 782 2455 sit
798 2402 1014 2469 laboris,
1030 2404 1124 2458 sed
1142 2405 1206 2459 ad
1229 2405 1432 2462 lucrum
1453 2409 1931 2478 aspiciamus.Vide

353 2507 582 2562 namque
600 2492 819 2547 Paulum
841 2510 942 2546 non
971 2505 1252 2566 propterea
1274 2499 1444 2553 vereri
1473 2515 1536 2554 ac
1553 2500 1814 2568 dubitare,
1832 2519 1930 2560 nec

355 2593 630 2653 propterea
677 2583 947 2654 refugere,
977 2588 1229 2654 quoniam
1274 2589 1424 2643 multi
1469 2600 1592 2644 sunt
1617 2592 1928 2662 adversarii,

352 2675 446 2729 sed
478 2677 724 2745 quoniam
756 2691 1002 2743 magnum
1031 2688 1146 2731 erat
1169 2681 1394 2747 ostium,
1414 2681 1616 2738 instare
1641 2693 1692 2738 et
1724 2700 1932 2754 perma-

355 2783 504 2823 nere.
531 2767 657 2821 Nam
675 2769 810 2822 sicut
830 2769 958 2825 dixi.
983 2769 1082 2824 hoc
1107 2772 1444 2842 eratsignum
1475 2775 1615 2846 quod
1642 2778 1933 2835 nudaretur

353 2869 406 2915 et
429 2861 750 2930 spoliaretur
768 2861 1026 2917 diabolus.
1060 2863 1174 2918 Non
1217 2874 1299 2921 est
1325 2868 1469 2920 enim
1493 2868 1608 2938 ejus
1634 2871 1724 2940 qui
1769 2886 1930 2940 parva

354 2962 505 3023 gerat
534 2963 586 3008 et
615 2953 750 3008 mala
774 2996 788 3017 ,
822 2955 1016 3010 malam
1046 2957 1188 3024 illam
1219 2958 1440 3013 bestiam
1471 2959 1702 3016 irritare.
1733 2962 1931 3029 Quam-

353 3045 536 3099 obrem
559 3044 771 3115 quando
791 3046 985 3101 videris
1011 3047 1211 3116 justum
1243 3065 1432 3120 magna
1465 3066 1528 3106 ac
1557 3054 1811 3122 prmclara
1843 3072 1932 3126 ge-

356 3151 474 3190 rere
518 3145 574 3190 et
615 3136 752 3190 mala
807 3136 912 3206 pati
953 3137 1378 3204 innumerabilia,
1414 3158 1480 3195 ne
1526 3144 1756 3199 mireris.
1800 3146 1932 3203 Nam

353 3237 534 3282 contra
567 3229 748 3282 mirari
778 3239 1082 3298 oporteret,
1102 3231 1147 3285 si
1176 3231 1421 3289 diabolus
1447 3237 1641 3292 multas
1667 3240 1933 3311 accipiens

357 3318 535 3388 plagas
577 3320 876 3388 quiesceret
918 3330 973 3374 et
1019 3322 1239 3376 vulnera
1272 3325 1476 3392 placide
1517 3325 1702 3382 ferret.
1751 3331 1935 3402 Neque

355 3413 496 3465 enim
517 3451 532 3472 ,
574 3411 618 3464 si
650 3426 872 3480 serpens
902 3421 1130 3480 punctus
1156 3415 1410 3470 continuo
1439 3414 1690 3472 eﬂ‘eratur
1716 3430 1771 3475 et
1802 3437 1936 3491 pun-

358 3503 532 3572 gendo
558 3501 802 3566 insultet,
829 3505 1008 3558 mirari
1039 3515 1269 3574 Oportet.
1293 3507 1492 3572 Quovis
1512 3510 1655 3564 enim
1686 3525 1936 3582 serpente

357 3594 571 3663 gravius
597 3595 763 3664 serpit
788 3595 1052 3661 diabolus,
1084 3597 1333 3652 omnibus
1362 3600 1624 3655 insultans
1643 3643 1658 3666 ,
1686 3613 1740 3657 et
1767 3609 1937 3677 surgit

360 3689 498 3741 sicut
522 3688 765 3756 scorpius
795 3688 848 3741 in
877 3687 1041 3742 altum
1083 3699 1265 3744 erecto
1306 3692 1546 3749 stimulo.
1599 3693 1676 3749 Ne
1703 3696 1809 3752 hoc
1837 3714 1934 3754 vos

361 3779 644 3835 Conturbet
676 3796 690 3832 :
723 3796 844 3832 eum
885 3780 1062 3843 enim,
1109 3783 1196 3851 qui
1228 3798 1255 3834 a
1299 3783 1441 3837 bello
1479 3794 1536 3840 et
1561 3802 1591 3840 a
1620 3787 1844 3843 victoria
1883 3799 1939 3846 et

362 3871 508 3926 czcde
539 3873 843 3936 revertitur,
872 3887 1092 3929 necesse
1121 3885 1203 3928 est
1235 3874 1397 3931 fuisse
1437 3890 1804 3950 cruentatum,
1837 3900 1939 3939 sm-

364 3979 536 4034 peque
554 3964 713 4018 etiam
744 3965 963 4018 vulnera
986 3964 1260 4020 exhibere.
1297 3965 1362 4021 Et
1393 3979 1448 4023 tu
1476 3985 1604 4040 ergo
1631 3988 1752 4026 cum
1783 3975 1938 4032 vide-

363 4055 440 4110 ris
467 4056 696 4125 aliquem
727 4057 1096 4128 eleemosynas
1123 4060 1422 4127 facientem,
1452 4073 1504 4116 et
1535 4065 1937 4125 innumerabilia

363 4146 464 4200 alia
497 4145 633 4200 bona
664 4157 1014 4215 operantem,
1064 4158 1118 4204 et
1157 4150 1236 4206 sic
1265 4152 1403 4206 vires
1447 4153 1640 4208 diaboli
1686 4157 1937 4228 frangen-

364 4247 470 4293 tem
492 4279 509 4306 ,
537 4237 730 4294 deinde
758 4239 992 4295 incidere
1023 4241 1073 4294 in
1103 4245 1421 4298 tentationes
1453 4255 1505 4298 et
1545 4248 1776 4314 pericula
1803 4293 1818 4315 ,
1871 4267 1939 4308 ne

363 4339 643 4400 propterea
675 4331 1014 4387 conturberis
1042 4350 1058 4390 :
1089 4334 1208 4388 ideo
1231 4335 1373 4388 enim
1406 4338 1585 4392 incidit
1612 4339 1665 4393 in
1701 4344 1940 4396 tentatio-

362 4437 480 4490 nes,
507 4423 648 4492 quod
678 4423 946 4478 diabolum
980 4425 1329 4482 vehementer
1361 4429 1581 4484 ferierit.
1630 4433 1692 4486 Et
1716 4449 1940 4502 quomo-

359 4514 451 4578 do,
477 4515 705 4584 inquies,
734 4514 782 4568 id
804 4517 1045 4584 permisit
1073 4517 1248 4572 Deus?
1273 4517 1342 4574 Ut
1369 4521 1536 4592 magis
1556 4535 1858 4591 coronetur,
1884 4535 1940 4581 et

361 4605 615 4675 majorem
665 4605 908 4660 diabolus
955 4608 1160 4677 plagam
1214 4611 1460 4680 accipiat.
1508 4611 1640 4666 Nam
1688 4617 1935 4685 quando,

361 4707 641 4765 postquam
688 4697 824 4750 hooa
873 4696 1093 4761 fecerit,
1144 4702 1324 4768 gravia
1375 4712 1426 4755 et
1461 4717 1650 4771 aspera
1699 4707 1934 4774 patiens,

361 4801 622 4858 perpetuo
643 4789 748 4859 agit
777 4791 994 4859 gratias,
1029 4802 1156 4846 tunc
1185 4793 1372 4846 feritur
1397 4795 1664 4852 diabolus.
1691 4798 1935 4868 Magnum

361 4881 574 4951 quidem
612 4891 693 4935 est
735 4883 893 4936 etiam
926 4884 1086 4937 rebus
1115 4885 1364 4939 secundis
1394 4898 1446 4939 et
1475 4903 1728 4958 prospere
1767 4890 1937 4946 tinen-

361 4971 524 5034 tibus,
552 4981 606 5026 et
627 4973 865 5028 misereri
893 4984 946 5028 et
965 4976 1210 5030 virtutem
1244 4978 1528 5048 amplecti;
1561 4982 1725 5035 multo
1757 4995 1935 5038 autem

362 5074 446 5120 est
488 5064 695 5134 majus,
723 5065 852 5119 dura
892 5078 944 5121 et
987 5069 1166 5138 gravia
1198 5072 1486 5136 patientem
1510 5114 1524 5136 ,
1549 5089 1652 5128 non
1679 5075 1939 5132 desistere

359 5157 428 5212 ab
476 5158 574 5213 hac
619 5157 752 5212 bona
795 5161 1124 5227 operatione.
1176 5161 1223 5214 Is
1257 5163 1400 5217 enim
1444 5173 1557 5226 est,
1601 5166 1690 5235 qui
1724 5180 1938 5236 propter

363 5249 527 5303 Deum
562 5250 675 5302 haec
701 5249 928 5306 maxime
953 5249 1096 5306 facit.
1128 5253 1486 5320 Quamobrem
1517 5258 1724 5312 etiamsi
1762 5259 1814 5314 in
1847 5276 1937 5328 pe-

361 5339 588 5394 riculum
621 5341 916 5402 veniamus,
959 5342 1160 5405 dilecti,
1189 5354 1244 5399 et
1269 5347 1481 5416 quidvis
1509 5351 1791 5414 patiamur,
1814 5367 1934 5406 cum

361 5431 552 5502 majori
589 5431 751 5486 animi
792 5431 1064 5488 alacritate
1091 5449 1186 5503 pro
1214 5436 1408 5492 virtute
1434 5439 1643 5495 labores
1673 5441 1937 5509 suscipia-

361 5539 502 5577 mus.
531 5521 646 5576 Non
673 5534 758 5578 est
789 5524 930 5576 enim
953 5523 1039 5579 hic
1068 5535 1275 5593 tempus
1303 5529 1564 5584 mercedis
1595 5546 1659 5586 ac
1684 5548 1937 5590 remune-

359 5615 601 5670 rationis.
635 5605 722 5668 Ne'
748 5613 835 5668 hic
859 5630 986 5686 ergo
1007 5631 1236 5672 coronas
1263 5619 1538 5690 exigamus
1557 5663 1572 5688 ,
1618 5638 1686 5678 ne
1712 5624 1765 5678 'm
1797 5634 1937 5681 tem-

360 5721 492 5776 pore
538 5720 856 5762 coronarum
901 5708 1076 5763 minor
1121 5711 1191 5764 sit
1233 5725 1440 5768 merces
1465 5727 1527 5767 ac
1553 5717 1934 5774 remuneratio.

985 304 1002 344 ι
1072 263 1129 321 s.
1169 263 1445 321 JOANNIS
1481 265 1946 324 CIIRYSOSTOMI
1983 269 2295 328 ARCIilEP.
2335 257 2860 338 cens'rmuvor.

3522 289 3612 346 ΞΒ

2025 379 2481 474 Quemadmodum
2510 389 2650 444 enim
2683 393 2734 447 in
2766 394 3096 462 artificibus,
3139 398 3234 468 qui
3261 399 3486 470 seipsos
3507 406 3612 474 qui-

2025 473 2146 527 dem
2175 475 2357 541 alunt,
2391 479 2650 548 majorem
2679 487 2949 556 accipiunt
2987 491 3349 558 mercedem;
3402 495 3496 563 qui
3532 473 3612 549 aa-

2025 573 2134 620 tem
2160 569 2414 625 aluuntur
2438 573 2506 627 ab
2531 574 2597 628 iis
2638 577 2727 646 qui
2768 578 3184 651 conduxerunt,
3239 601 3359 639 non
3415 603 3615 657 parvam

2027 669 2230 726 partem
2257 660 2324 716 de
2349 664 2598 721 mercede
2622 666 2914 726 detrahunt
2941 688 2957 727 :
2991 672 3060 727 ita
3090 675 3259 730 etiam
3305 676 3368 731 in
3414 682 3614 744 Sanctis,

2025 752 2113 818 qui
2153 751 2290 807 bona
2321 757 2534 825 quidem
2565 758 2692 815 facit
2722 761 3132 822 innumerabilia
3159 778 3218 824 et
3249 770 3608 825 innumerabi-

2027 844 2096 898 lia
2128 847 2323 914 patitur
2352 849 2522 916 mala,
2555 852 2817 924 integram
2849 856 3012 914 habet
3039 863 3368 918 mercedem
3399 873 3459 918 et
3486 865 3618 935 longe

2027 935 2281 1004 majorem
2321 943 2826 1013 remunerationem,
2857 964 2963 1003 non
2997 965 3092 1019 pro
3120 952 3288 1007 bonis
3311 955 3499 1008 solum
3519 973 3617 1025 qur

2026 1026 2171 1094 fecit,
2204 1033 2296 1086 sed
2325 1034 2486 1088 etiam
2519 1051 2615 1104 pro
2641 1039 2797 1092 malis
2837 1057 2954 1111 qua:
2995 1059 3188 1114 passus
3241 1056 3338 1102 est
3373 1065 3389 1100 :
3423 1050 3512 1118 qui
3537 1067 3614 1103 an-

2028 1131 2133 1176 tem
2166 1122 2254 1178 hic
2282 1125 2471 1180 fruitur
2504 1129 2681 1198 quiete
2708 1141 2760 1185 et
2794 1132 3019 1204 deliciis,
3047 1151 3153 1191 non
3197 1148 3313 1193 tam
3351 1143 3615 1207 pra-claras

2029 1211 2137 1266 illic
2167 1211 2329 1269 habet
2361 1231 2608 1272 coronas.
2653 1219 2728 1275 Ne
2758 1220 2846 1276 hic
2872 1239 3000 1294 ergo
3025 1242 3352 1296 quaeramus
3384 1247 3616 1288 remune-

2029 1303 2312 1371 rationem,
2360 1308 2455 1362 sed
2499 1319 2624 1364 tunc
2657 1315 2888 1369 maxime
2915 1315 3176 1383 laetemur,
3211 1323 3460 1390 quando
3501 1325 3612 1380 bona

2028 1408 2190 1464 Opera
2235 1408 2457 1466 agentes
2507 1403 2645 1457 male
2692 1407 2946 1474 patimur.
2990 1409 3107 1464 Non
3157 1415 3348 1468 solum
3387 1418 3535 1471 enim
3567 1437 3617 1474 ex

2027 1481 2173 1542 'recte
2204 1490 2378 1555 factis,
2420 1492 2513 1546 sed
2557 1495 2717 1549 etiam
2757 1512 2825 1552 ex
2875 1502 3268 1559 tentationibns
3298 1507 3459 1562 Deus
3491 1513 3618 1566 armis

2030 1576 2137 1631 illic
2163 1581 2400 1635 recondit
2429 1585 2749 1640 mercedem.

2100 1669 2154 1722 4.
2197 1669 2265 1724 Ut
2299 1682 2476 1728 autem
2503 1677 2645 1745 quod
2675 1679 2794 1735 dico
2825 1680 2914 1735 ﬁat
2950 1684 3299 1742 manifestius
3321 1731 3339 1754 ,
3389 1691 3506 1745 sint
3532 1695 3619 1746 dm

2028 1759 2227 1816 divites
2271 1765 2682 1832 misericordes,
2731 1781 2784 1826 et
2831 1773 2956 1828 dent
3004 1780 3387 1847 pauperibus:
3446 1784 3618 1841 deinde

2029 1867 2216 1909 eorum
2261 1857 2398 1911 alter
2439 1860 2653 1928 quidem
2699 1877 2912 1921 maneat
2957 1869 3008 1922 in
3061 1870 3304 1936 divitiis,
3369 1885 3430 1930 et
3460 1886 3616 1931 omne

2030 1958 2285 2014 prospere
2311 1947 2361 2002 ei
2383 1951 2669 2006 succedant
2692 1971 2706 2015 ;
2729 1957 2867 2010 alter
2881 1969 3058 2015 autem
3078 1962 3286 2018 incidat
3319 1967 3379 2019 in
3403 1984 3616 2039 pauper-

2030 2045 2192 2092 tatem
2216 2047 2269 2094 ct
2296 2041 2512 2097 morbos
2550 2053 2600 2098 et
2631 2047 2983 2115 calamitates,
3011 2063 3065 2108 et
3094 2054 3207 2111 Deo
3245 2069 3379 2127 agat
3408 2067 3614 2130 gratias.

2030 2129 2160 2184 Cum
2192 2147 2322 2202 ergo
2359 2134 2392 2187 ii
2436 2135 2559 2191 hinc
2607 2139 2732 2193 illuc
2775 2146 3145 2212 excesserint,
3192 2152 3320 2218 quis
3367 2129 3615 2223 majore-

2030 2221 2258 2290 accipiet
2295 2227 2634 2282 mercedem?
2663 2246 2840 2285 annon
2874 2237 3210 2303 perSpicuum
3244 2255 3330 2297 est
3363 2221 3515 2314 quod
3539 2252 3615 2317 qi

2031 2321 2256 2381 aegrotat
2298 2323 2354 2368 et
2394 2316 2684 2387 afﬂigitur,
2730 2324 2981 2390 quoniam
3032 2338 3086 2381 et
3127 2329 3268 2385 bene
3319 2332 3534 2391 faciens
3561 2316 3616 2392 re:

2031 2403 2171 2458 male
2201 2405 2444 2474 patiens,
2479 2408 2612 2462 nihil
2642 2426 2830 2480 passus
2867 2425 2951 2469 est
2993 2417 3335 2475 humanum?
3379 2427 3440 2480 Id
3486 2445 3616 2485 certe

2032 2495 2205 2564 palam
2234 2498 2485 2553 erunibus
2514 2509 2615 2555 est.
2645 2502 2740 2557 Hic
2765 2506 2907 2560 enim
2938 2518 3022 2562 est
3048 2520 3221 2566 statua
3253 2517 3614 2582 adamantina,

2034 2587 2123 2644 hic
2167 2599 2253 2644 est
2296 2604 2482 2647 servus
2527 2604 2708 2662 gratus
2736 2607 2789 2651 et
2831 2599 3138 2657 benevolus.
3180 2606 3237 2661 Si
3283 2624 3472 2666 autem
3524 2633 3614 2668 nm

2031 2689 2252 2749 propter
2283 2696 2430 2748 spem
2465 2686 2610 2754 regni
2637 2699 2848 2756 oportet
2877 2691 3076 2763 aliquid
3105 2697 3226 2752 boni
3263 2700 3453 2758 facere
3475 2747 3492 2768 ,
3534 2710 3615 2760 sei

2034 2783 2251 2842 propter
2280 2774 2331 2828 id
2359 2776 2499 2845 quod
2530 2777 2641 2832 Deo
2668 2781 2880 2837 videtur
2906 2800 2969 2840 ac
2998 2787 3200 2856 placet;
3226 2797 3377 2862 quod
3409 2801 3614 2868 quidem

2033 2874 2115 2918 est
2146 2864 2316 2934 majus
2347 2870 2535 2937 quovis
2567 2886 2773 2940 regno;
2803 2875 2927 2944 quid
2961 2892 3197 2936 meretur
3223 2887 3320 2954 qui
3352 2864 3460 2952 eo‘,
3488 2897 3614 2960 quoi

2034 2970 2138 3008 non
2173 2957 2259 3011 hic
2289 2959 2513 3026 accipiat
2544 2967 3058 3034 remunerationem,
3093 2972 3143 3024 in
3175 2981 3488 3034 exercenda
3508 2957 3616 3036 air-

2035 3055 2147 3102 tute
2173 3059 2253 3102 est
2284 3051 2519 3119 pigrior?
2562 3052 2638 3108 Ne
2677 3070 2807 3125 ergo
2835 3062 3245 3123 conturbemur.
3297 3075 3522 3138 quando
3548 3079 3618 3124 \‘i-

2035 3139 2296 3206 derimus,
2327 3143 2466 3208 quod
2499 3144 2584 3197 hic
2613 3156 2704 3200 aut
2732 3148 2822 3204 ille
2849 3151 3118 3209 advocatis
3146 3157 3368 3225 viduas,
3401 3178 3459 3218 et
3501 3182 3619 3234 pan-

2035 3247 2191 3302 peres
2255 3232 2628 3304 frequentibus
2680 3241 2952 3311 excipiens
3003 3249 3300 3314 conviviis,
3378 3232 3620 3310 incendat

2037 3332 2278 3377 exustam
2317 3324 2534 3380 domum
2567 3329 2764 3394 amisit,
2804 3342 2896 3386 aut
2930 3335 3159 3406 aliquam
3199 3341 3364 3395 aliam
3397 3348 3618 3402 similem

2039 3431 2227 3484 passus
2267 3425 2351 3472 est
2388 3419 2749 3475 calamitatem
2794 3439 2807 3475 :
2863 3437 3144 3496 propterea
3197 3435 3349 3488 enim
3403 3441 3620 3506 accipiet

2036 3509 2359 3564 mercedem.
2404 3509 2589 3582 Neque
2633 3519 2774 3568 enim
2821 3515 2924 3570 Job
2972 3519 3024 3573 in
3073 3531 3220 3577 tanta
3265 3528 3621 3588 admiratione

2038 3600 2337 3657 habebatur
2381 3616 2600 3674 propter
2638 3607 3012 3681 eleemosynas
3035 3654 3052 3678 ,
3097 3615 3148 3668 in
3176 3630 3383 3686 quanta
3411 3635 3622 3694 propter

2037 3706 2099 3746 ea
2143 3708 2262 3762 qua:
2304 3708 2490 3763 passus
2530 3705 2735 3765 postea.
2781 3698 3067 3769 Propterea
3118 3715 3174 3760 et
3225 3710 3623 3778 vilipendontur

2038 3782 2155 3851 ejus
2197 3782 2390 3848 amici,
2424 3793 2480 3839 et
2523 3787 2720 3845 nullius
2762 3800 3048 3846 censentur
3083 3810 3206 3851 esse
3237 3802 3439 3868 pretii,
3494 3807 3620 3872 quod

2039 3887 2331 3946 praesentes
2373 3891 2678 3947 quaererent
2724 3887 3227 3956 rennmerationes,
3281 3903 3341 3946 et
3393 3896 3523 3951 ideo
3577 3900 3620 3952 in

2035 3974 2239 4043 justum
2267 3973 2501 4044 iniquam
2531 3974 2736 4032 ferrent
2762 3982 3102 4036 sententiam.
3131 3984 3207 4039 Ne
3233 4001 3370 4057 ergo
3392 3990 3485 4044 hic
3500 4010 3622 4061 quas
3710 3983 3712 3992 ’

2039 4079 2220 4120 ramus
2259 4069 2780 4135 remunerationem,
2811 4071 2905 4126 sed
2937 4072 3238 4130 efficiamur
3267 4095 3542 4150 pauperes
3577 4095 3621 4137 rt

2039 4159 2292 4214 mendici.
2336 4159 2449 4215 Hoc
2478 4162 2620 4216 enim
2664 4172 2807 4218 esset
2843 4175 3097 4220 extrema.-
3128 4169 3352 4226 vilitatis
3391 4185 3448 4228 et
3488 4178 3620 4241 διήρ-
3710 4177 3712 4182 ’

2039 4251 2263 4319 ctionis,
2305 4268 2428 4308 cum
2465 4255 2653 4308 caelum
2695 4255 2768 4309 sit
2809 4261 3172 4326 propositum,
3215 4274 3271 4316 et
3303 4282 3428 4334 qua:
3472 4285 3616 4338 supra

2038 4345 2248 4410 cadum,
2280 4361 2399 4414 qua:
2433 4345 2518 4400 hic
2547 4355 2672 4398 sunt
2696 4358 2962 4415 Spectare.
2986 4349 3063 4404 Ne
3083 4352 3161 4405 sic
3187 4370 3322 4424 ergo
3351 4355 3614 4420 faciamus,
3710 4347 3712 4366 ¹

2039 4436 2134 4490 sed
2163 4435 2539 4506 quodcumque
2569 4439 2991 4507 inexspectatum
3036 4443 3190 4498 nobis
3218 4448 3434 4511 jussum
3473 4454 3616 4504 θὼρ.

2041 4532 2219 4593 nerit,
2263 4545 2362 4584 nos
2402 4531 2566 4585 Deum
2606 4532 2820 4587 assidue
2863 4535 3102 4591 colamus
3126 4578 3142 4601 ,
3185 4549 3243 4592 et
3276 4541 3438 4595 beato
3468 4544 3614 4598 Paulo

2041 4639 2358 4693 pareamus,
2405 4640 2808 4695 pauperumque
2849 4628 3080 4683 arculam
3133 4631 3285 4687 domi
3333 4636 3610 4699 faciamus,

2039 4731 2157 4780 quae
2175 4717 2327 4784 juxta
2358 4715 2532 4769 lorum
2563 4717 2614 4770 in
2643 4733 2748 4785 quo
2774 4727 2884 4773 stas
2903 4735 3063 4774 orans
3083 4723 3182 4775 sita
3211 4726 3284 4779 sit
3310 4745 3322 4778 :
3350 4739 3408 4782 et
3427 4742 3612 4797 quoties

2039 4807 2105 4863 ad
2131 4809 2391 4863 orandum
2425 4809 2589 4864 fueris
2637 4811 2909 4880 ingressus
2929 4854 2942 4875 ,
2974 4814 3183 4882 depone
3219 4820 3458 4887 primum
3487 4823 3610 4876 eler-

2039 4918 2317 4974 mosynam
2341 4943 2355 4964 ,
2388 4911 2444 4958 et
2470 4914 2594 4957 tunc
2620 4906 2806 4960 emitte
2833 4910 3191 4974 precationem
3222 4930 3237 4964 :
3273 4924 3330 4966 et
3357 4915 3494 4969 sicut
3531 4933 3613 4967 no-

2040 4995 2201 5049 lueris
2242 4995 2488 5050 manibus
2525 4996 2687 5050 illotis
2716 4998 2781 5050 ad
2810 4999 3068 5053 orandum
3095 5003 3370 5060 accedere
3412 5009 3523 5076 (α),
3551 5011 3614 5060 ch

2038 5101 2210 5156 neque
2253 5086 2454 5155 absque
2495 5087 2860 5159 eleemosyna.
2909 5089 3091 5160 Neque
3133 5095 3280 5147 enim
3333 5100 3511 5152 uinus
3548 5110 3618 5152 εει

2037 5178 2434 5250 eleemosynam
2464 5180 2534 5234 ibi
2561 5180 2860 5249 depositam
2896 5199 3016 5238 esse
3036 5224 3052 5249 ,
3093 5202 3258 5253 quam
3287 5194 3616 5261 evangelium

2032 5269 2180 5340 juxta
2234 5273 2429 5326 lectum
2478 5287 2772 5342 appensnm
2817 5290 2956 5330 esse.
3009 5275 3138 5330 Nam
3191 5278 3238 5333 si
3292 5285 3616 5352 evangelium

2037 5367 2252 5435 quidem
2283 5366 2628 5435 suspenderis
2657 5367 2785 5422 nihil
2814 5367 3036 5432 faciens,
3072 5386 3176 5423 non
3209 5376 3355 5429 adeo
3386 5392 3617 5446 magnam

2038 5456 2268 5526 accipies
2313 5456 2638 5511 utilitatem:
2692 5457 2830 5512 hanc
2871 5470 3048 5514 autem
3097 5459 3308 5518 habens
3351 5470 3615 5522 arculam.

2038 5547 2203 5619 habes
2243 5564 2388 5603 arma
2429 5549 2685 5604 adversus
2711 5550 3001 5617 diabolum,
3034 5557 3408 5623 precationem
3451 5561 3614 5615 reddis

2039 5640 2255 5704 alatam,
2289 5649 2527 5696 sanctam
2557 5639 2775 5695 domum
2806 5645 3114 5711 constituis,
3145 5662 3271 5716 qua:
3318 5649 3511 5706 habeat
3539 5654 3610 5703 in-

2110 5752 2182 5814 (a)
2208 5753 2333 5802 Ante
2356 5759 2685 5816 precationem
2716 5767 2887 5805 manus
2902 5757 3244 5810 abluebantur.
