3712 6212
79 236 149 291 571
1002 233 1071 288 IN
1113 232 1335 290 EPIST.
1371 234 1391 289 l
1428 236 1519 290 AD

1757 236 1990 296 HOMIL.
2032 239 2211 296 XLI".

79 355 209 407 ἕνεκεν
224 349 646 422 ἀπολογούμενος,
667 355 760 407 καὶ
784 354 954 423 λέγων
974 373 987 385 ·
1015 358 1088 409 ’Ἠ
1107 356 1145 409 ἆ
1163 356 1552 425 βουλεύομαι,

79 446 180 498 card
218 440 384 508 σάρκα
415 444 808 515 βουλεύομαι,
848 448 949 500 ἵνα
984 443 1025 519 ᾖ
1049 450 1184 516 παρ’
1208 447 1336 515 ἐμοὶ
1366 447 1431 500 τὸ
1460 446 1560 501 ναὶ

83 535 152 597 σαὶ,
177 532 256 585 καὶ
281 533 333 585 τὸ
364 533 433 588 οὒ
456 536 545 589 οὔ.
584 538 714 594 Ἵνα
741 539 910 607 ὑμεῖς
934 559 1010 610 με
1039 540 1446 609 προπέμψητε,
1485 534 1558 595 οὗ

81 630 140 680 ειν
159 625 470 692 πορεύωμαι.
497 627 605 679 Καὶ
629 628 787 681 τοῦτο
809 631 1029 699 ἀγάπης
1058 632 1150 684 καὶ
1183 630 1560 700 φιλοστοργίας

79 718 230 785 ςολλῆς.
260 719 327 769 Οὐ
351 718 501 773 θέλω
544 720 651 790 γὰρ
680 720 811 788 ἄρτι
839 722 996 791 ὑμᾶς
1024 723 1093 777 ἐν
1115 723 1353 791 παρόδῳ
1378 722 1523 776 ἰδεῖν
1541 740 1554 755 ·

80 808 222 868 λπίζω
262 808 359 876 γάρ
400 827 532 863 τινα
578 813 801 880 χρόνον
844 815 1139 883 ἐπιμεῖναι
1182 814 1334 883 πρὸς
1377 813 1555 882 ὑμᾶς,

79 902 134 955 ἀν
154 905 181 955 ὁ
209 902 397 970 Κύριος
423 903 732 974 ἐπιτρέψῃ.
775 906 960 960 Ταῦτα
989 908 1043 959 δὲ
1069 908 1273 975 ἔλεγεν,
1300 907 1433 977 ὁμοῦ
1460 907 1555 977 μὲν

79 1008 121 1065 7v
143 994 330 1061 ἀγάπην
354 995 783 1066 ἐνδεικνύμενος,
809 998 943 1067 ὁμοῦ
972 999 1029 1051 δὲ
1059 1001 1185 1062 τοὺς
1219 1000 1555 1069 ἁμαρτάνον-

79 1105 119 1150 ις
144 1085 316 1155 φοϐῶν,
355 1087 416 1139 οὐ
451 1088 557 1159 μὴν
592 1090 1112 1160 ἐκκεκαλυμμένως,
1151 1092 1287 1145 ἀλλὰ
1319 1094 1556 1162 προσχή-

79 1192 145 1227 ιτι
165 1173 342 1242 φιλίας.
380 1176 669 1245 Ἐπιμενῶ
702 1179 769 1231 δὲ
790 1180 859 1232 ἐν
898 1182 1128 1249 Ἐρέσῳ
1151 1182 1261 1247 ἕως
1287 1181 1395 1249 τῆς
1415 1187 1554 1236 Πεν-

79 1263 307 1333 ικοστῆς.
353 1266 593 1330 Εἰκότως
621 1270 863 1339 ἀκριϐῶς
908 1274 1091 1335 αὐτοῖς
1124 1274 1339 1327 ἅπαντα
1382 1273 1551 1341 λέγει,

79 1357 243 1427 μθάπερ
270 1357 433 1427 φίλοις
464 1360 659 1431 δηλῶν.
696 1364 801 1415 Καὶ
828 1363 936 1434 γὰρ
962 1365 1119 1418 τοῦτο
1148 1365 1350 1433 φιλίας,
1374 1366 1436 1420 τὸ
1456 1366 1554 1437 τὴν

79 1450 174 1503 τίαν
212 1450 394 1515 εἰπεῖν,
436 1452 502 1506 δι’
539 1455 604 1525 ἢν
644 1456 705 1508 οὐ
754 1458 1109 1527 παρεγένετο,
1144 1459 1213 1511 δι’
1249 1458 1317 1529 ἣν
1347 1459 1553 1528 μέλλει,

80 1544 98 1595 ἰ
141 1540 233 1594 ποῦ
270 1542 547 1614 διατρίϐει.
595 1548 752 1615 Θύρα
788 1548 897 1617 γάρ
928 1567 1027 1618 μοι
1068 1551 1293 1619 ἀνέῳγε
1319 1550 1552 1620 μεγάλη

84 1634 99 1684 ἰ
129 1632 385 1700 ἐνεργὴς,
426 1636 522 1689 καὶ
554 1636 947 1705 ἀντικείμενοι
975 1642 1217 1694 πολλοί.
1253 1643 1359 1695 Καὶ
1380 1644 1428 1695 εἰ
1455 1661 1553 1714 με-

79 1722 154 1791 λη,
191 1720 305 1785 πῶς
340 1724 735 1795 ἀντικείμενοι;
764 1729 840 1778 Δι’
867 1728 1000 1781 αὐτὸ
1039 1728 1138 1797 μὲν
1156 1728 1312 1781 τοῦτο
1334 1732 1381 1783 οἱ
1405 1732 1554 1785 ἀντι-

80 1816 224 1882 μενοι
251 1812 449 1879 πολλοὶ,
474 1817 661 1888 ἐπειδὴ
691 1818 901 1887 μεγάλη
929 1820 963 1889 ἡ
991 1820 1193 1884 πίστις,
1233 1822 1418 1894 ἐπειδὴ
1452 1841 1550 1894 με-

79 1910 126 1974 in
145 1904 233 1957 καὶ
249 1905 433 1976 εὐρεῖα
455 1909 489 1977 ἡ
513 1908 732 1971 εἴσοδος.
765 1909 831 1961 Τί
856 1910 913 1963 δέ
935 1912 1101 1977 ἐστιν,
1135 1912 1287 1983 Θύρα
1308 1915 1549 1986 μεγάλη;

79 1997 174 2048 ιλοί
196 1997 333 2049 εἰσιν
351 1999 397 2050 οἰ
420 2001 925 2072 παρεσκευασμένοι
951 2003 1050 2073 τὴν
1074 2003 1256 2058 πίστιν
1275 2005 1548 2073 δέξασθαι,

79 2087 167 2139 ,λοι
218 2086 425 2158 ἕτοιμοι
474 2090 793 2161 προσελθεῖν
842 2094 937 2146 καὶ
987 2094 1348 2167 ἐπιστρέψαι’
1392 2097 1552 2166 εὐρύ-

79 2182 152 2243 ῖός
200 2198 291 2251 μοι
346 2182 380 2252 ἡ
426 2182 647 2247 εῐσοδος,
702 2184 1055 2257 ἀκμαζούσης
1091 2187 1275 2240 λοιπὸν
1316 2188 1416 2259 τῆς
1440 2189 1550 2243 τῶν

85 2274 312 2327 σιόντων
338 2273 575 2339 διανοίας
603 2276 681 2340 εἰς
707 2277 802 2347 τὴν
851 2277 1001 2350 [404]
1050 2280 1149 2350 τῆς
1182 2280 1416 2346 πίστεως
1448 2284 1551 2336 ὐπ-

80 2369 159 2435 ήν,
200 2366 305 2419 Διά
331 2366 490 2420 τοῦτο
532 2369 774 2440 σφοδρῶς
816 2370 844 2421 6
886 2371 1130 2436 διάϐολος
1158 2372 1330 2437 ἔπνει,
1363 2376 1549 2447 ἐπειδὴ

79 2460 197 2522 λοὺς
226 2461 378 2529 ἐώρα
402 2461 801 2532 ἀφισταμένους
828 2464 1019 2518 αὐτοῦ.
1042 2465 1133 2518 Διὸ
1164 2466 1227 2536 δὴ
1249 2468 1341 2520 καὶ
1372 2470 1551 2538 ἀμφο-

79 2571 135 2604 υν
175 2552 371 2604 ἕνεκεν
421 2556 599 2623 μεῖναι
622 2555 810 2625 ἐχρῆν,
836 2557 930 2610 καὶ
962 2558 1147 2629 ἐπειδὴ
1173 2558 1316 2628 μέγα
1339 2560 1399 2612 τὸ
1424 2560 1524 2632 κέρ

118 2646 216 2697 καὶ
265 2646 351 2697 ὅτι
403 2646 569 2709 πολὺς
620 2648 648 2699 6
703 2646 871 2715 ἀγών.
910 2651 1018 2703 Καὶ
1043 2650 1216 2721 τούτῳ
1250 2652 1305 2705 δὲ
1351 2653 1549 2717 αὐτοὺς

79 2738 355 2810 εθάῤῥυνε
386 2738 464 2807 τῷ
496 2740 686 2804 εἰπεῖν,
715 2739 796 2792 ὃτι
827 2741 1102 2810 πανταχοῦ
1131 2742 1315 2796 λοιπὸν
1343 2747 1371 2797 6
1392 2745 1547 2814 λόγος

80 2833 290 2896 γεῖτοιι,
342 2830 439 2883 καὶ
489 2830 773 2900 βλαστάνει
815 2832 1031 2904 ῥᾳδίως.
1084 2835 1237 2889 Εἰδέ
1270 2837 1457 2891 πολλοὶ⁵
1498 2841 1547 2892 οἱ

79 2921 434 2985 ουλεύοντες,
490 2923 585 2976 καὶ
625 2924 784 2977 τοῦτο
833 2929 1056 2995 σημεῖον
1098 2928 1196 2997 τῆς
1241 2928 1334 2982 τοῦ
1369 2931 1549 2999 Εὐαγ-

79 3031 127 3064 ›υ
177 3014 501 3084 προκοπῆς.
556 3014 823 3067 Οὐδέποτε
857 3018 968 3087 γὰρ
1007 3019 1034 3069 6
1060 3018 1293 3090 πονηρὸς
1341 3019 1548 3090 δαίμων

85 3123 145 3168 ος
179 3105 500 3175 ἀγριαίνει,
532 3106 644 3159 ἀλλ’
669 3107 701 3178 ἢ
725 3108 853 3159 ὅταν
885 3109 1056 3161 πολλά
1082 3110 1191 3162 τῶν
1221 3114 1428 3165 σκευῶν
1455 3114 1547 3168 αὑ.

79 3197 457 3268 ἰιρπαζόμενα
480 3199 584 3269 ἴδῃ.
617 3199 727 3252 Καὶ
755 3202 915 3269 ἡμεῖς
942 3201 1138 3261 τοίνυν,
1169 3204 1293 3255 ὃταν
1323 3222 1373 3257 τι
1408 3207 1549 3276 μέγα

79 3294 327 3346 ἐνναῖον
360 3291 702 3362 ἐργάσασθαι
725 3290 1100 3362 βουληθῶμεν,
1136 3295 1209 3365 μὴ
1238 3296 1395 3350 τοῦτο
1425 3316 1549 3352 σκο-

79 3402 149 3445 εν.
187 3386 281 3437 ὅτι
321 3383 500 3436 πολὺν
534 3382 645 3452 ἔχει
668 3383 849 3446 πόνον,
879 3383 995 3437 ἀλλ’
1025 3386 1103 3448 εἰς
1133 3387 1193 3438 τὸ
1222 3387 1409 3458 κέρδος
1436 3389 1549 3459 βλέ-

80 3495 143 3529 ,ν.
176 3476 347 3547 ’Ὅρα
380 3473 513 3543 γοῦν
540 3474 632 3527 καὶ
659 3474 868 3527 Παῦλον
890 3476 948 3528 οὐ
972 3475 1059 3528 διὰ
1087 3477 1244 3531 τοῦτο
1264 3478 1545 3547 ὀκνοῦντα,

79 3572 99 3620 ἂι
134 3567 324 3621 τοῦτο
365 3567 754 3637 ἀναδυόμενον,
800 3567 986 3638 ἐπειδὴ
1032 3569 1393 3640 ἀντικείμενοι
1423 3573 1549 3625 πολ-

80 3659 206 3722 ιλλ’,
244 3658 464 3729 ἐπειδὴ
496 3659 704 3729 μεγάλη
733 3654 800 3729 ἦν
828 3661 860 3730 ἡ
896 3658 1055 3730 θύρα,
1088 3660 1429 3731 ἐπικείμενον
1452 3663 1547 3714 καὶ

80 3749 380 3818 μένοντα.
414 3749 524 3801 Καὶ
550 3748 680 3819 γάρ,
706 3748 844 3819 ὅπερ
874 3747 1029 3817 έφην,
1060 3752 1285 3819 σημεῖον
1306 3751 1462 3804 τοῦτο
1480 3748 1547 3823 ἦν

79 3840 451 3912 ὐμνοῦσοαι
484 3840 575 3893 τὸν
612 3840 876 3893 διάϐολον.
914 3841 1046 3893 Οὐδέ
1068 3842 1176 3914 γὰρ
1209 3842 1345 3908 ἐστι,
1378 3845 1548 3917 μικρά

79 3934 232 3988 ιῦλα
274 3931 636 4002 πράξαντας,
670 3932 968 4003 παροξῦναι.
999 3934 1059 3985 τὸ
1094 3934 1328 4005 πονηρὸν
1361 3936 1547 4008 θηρίον

80 4066 95 4079 .
136 4027 340 4078 ’Ὥστε
373 4025 509 4077 ὅταν
533 4023 649 4095 ῐδῃς
677 4024 844 4095 ἄνδρα
872 4024 1080 4077 δίκαιον
1111 4026 1322 4097 μεγάλα
1350 4045 1548 4100 κατορ-

79 4139 122 4180 ι,
175 4119 298 4173 καὶ
350 4116 535 4189 μυρία
578 4118 856 4187 πάσχοντα
904 4117 1073 4183 δεινά,
1112 4119 1186 4189 μὴ
1237 4119 1543 4194 θαυμάσῃς.

80 4210 252 4265 ντίον
289 4210 429 4280 γὰρ
463 4208 571 4261 ἔδει
595 4206 913 4279 θαυμάζειν,
950 4209 997 4260 εἰ
1032 4208 1229 4272 πολλάς
1255 4209 1547 4280 λαμϐάνων

80 4307 241 4369 ολος
302 4301 570 4372 πληγάς,
617 4300 840 4372 ἔμελλεν
895 4300 1189 4371 ἡσυχάζειν
1229 4302 1323 4355 καὶ
1356 4308 1546 4374 πράως

110 4399 197 4452 τὰ
231 4395 594 4468 τραύματα.
627 4393 759 4446 Οὐδέ
799 4394 925 4464 γάρ,
958 4395 1004 4445 εἰ
1040 4393 1161 4460 δφις
1189 4395 1547 4466 κεντούμενος

79 4509 133 4555 ις
174 4487 517 4560 ἀγριαίνοι
550 4487 644 4539 καὶ
673 4486 954 4555 ἐφάλλοιτο
983 4486 1060 4557 τῷ
1093 4487 1387 4553 κεντοῦντι,
1420 4490 1547 4544 θαυ-

126 4582 300 4654 χρή,
364 4580 493 4632 Καὶ
545 4578 653 4649 γὰρ
694 4578 870 4647 δφεως
922 4579 1121 4642 παντὸς
1170 4579 1545 4653 χαλεπώτερον

79 4677 111 4727 6
161 4671 480 4734 διάϐολος
516 4672 680 4723 πᾶσιν
712 4668 1013 4739 ἐπιπηδῶν,
1044 4671 1137 4722 καὶ
1167 4669 1355 4742 ὥσπερ
1382 4689 1546 4745 σκορ-

79 4796 83 4811 .
113 4768 423 4837 κέντρον
454 4764 613 4834 άρας,
638 4762 987 4817 διανίσταται.
1020 4764 1112 4832 Μὴ
1138 4763 1202 4836 δὴ
1224 4764 1377 4818 τοῦτο
1403 4767 1545 4837 ὑμᾶς

79 4864 194 4915 ,τω
221 4877 242 4891 .
298 4857 437 4912 καὶ
491 4857 599 4926 γὰρ
627 4856 716 4909 τδν
767 4857 828 4909 ἐκ
868 4856 1100 4927 πολέμου
1139 4859 1231 4911 καὶ
1270 4859 1425 4930 νίκης
1454 4862 1546 4914 καὶ

79 4972 86 4980 .
121 4948 506 5004 ἐπανιόντα,
535 4946 747 5015 ἀνάγκη
778 4947 871 4999 καὶ
902 4946 1167 5017 ᾑμάχθαι,
1201 4946 1461 5012 πολλάκις
1488 4950 1545 5003 δέ

79 5046 359 5115 ιύματα
422 5039 598 5109 ἔχειν.
646 5041 756 5093 Καὶ
787 5040 850 5093 σὺ
894 5039 1075 5093 τοίνυν
1107 5039 1233 5093 ὅταν
1274 5040 1389 5112 ἴδῃς
1425 5043 1548 5095 τινὰ

79 5139 293 5198 σύνας
356 5131 665 5197 ποιοῦντα,
697 5132 791 5185 καὶ
815 5130 950 5185 ἄλλα
984 5131 1153 5201 μυρία
1183 5132 1546 5203 ἐργαζόμενον

117 5229 250 5282 καὶ
324 5221 540 5292 ταύτῃ
600 5222 970 5300 συγκόπτοντα
1006 5221 1100 5274 τοῦ
1153 5222 1400 5275 διαϐόλου
1449 5224 1547 5295 τὴν

89 5366 107 5389 ,
152 5318 325 5373 εἶτα
359 5318 721 5385 πειρασμοῖς
748 5315 1111 5386 περιπεσόντα
1138 5316 1230 5369 καὶ
1260 5316 1544 5384 κινδύνοις,

96 5414 327 5469 τοῦτο
384 5407 720 5477 Θορυϐηθῇς
743 5422 757 5436 ·
803 5406 892 5458 διὰ
917 5406 1024 5476 γὰρ
1054 5405 1210 5459 τοῦτο
1253 5409 1546 5480 περιέπεσε

79 5510 242 5569 υπς’
290 5505 435 5554 ἐπε
450 5497 541 5567 mi;
572 5497 774 5568 σφόδρα
798 5495 994 5566 ἔπληξε
1023 5496 1113 5550 τὸν
1141 5497 1406 5554 διάϐολον.
1438 5502 1548 5554 Καὶ

79 5603 215 5662 θεὸς
266 5590 707 5662 συνεχώρησε,
749 5589 945 5661 φησίν;
978 5590 1093 5644 Ἵνα
1124 5592 1322 5662 μᾶλλον
1349 5610 1547 5660 στεφα-

83 5712 174 5745 οα
214 5688 527 5745 πλείονα
560 5684 768 5756 πληγὴν
800 5684 940 5754 λάϐῃ
970 5684 1195 5747 ἐκεῖνος.
1234 5686 1402 5738 Ὅταν
1438 5686 1546 5756 γάρ

79 5814 90 5840 ,
134 5781 399 5851 ἀγα,θά
446 5780 637 5833 ποιεῖν
682 5779 775 5833 καὶ
811 5777 961 5831 δεινά
993 5777 1217 5847 πάσχων
1249 5778 1542 5849 εὐχαριστῇ

3135 249 3241 306 372

1666 353 1983 421 διαπαντὸς,
2012 358 2305 429 πλήττεται
2330 358 2360 410 6
2381 356 2643 423 διάϐολος.
2675 361 2839 430 ’Μέγα
2866 363 2962 433 μὲν
2989 364 3117 436 γὰρ,
3146 364 3241 420 καὶ

1667 444 1725 511 ἐξ
1755 446 1945 518 οὐρίας
1971 447 2285 517 φερομένων
2311 448 2418 501 τῶν
2449 450 2808 519 πραγμάτων,
2835 453 2928 505 καὶ
2950 454 3116 507 ἐλεεῖν
3148 455 3242 508 καὶ

1666 539 1869 608 ἀρετῆς
1912 540 2263 611 ἀπέχεσθαι’
2312 540 2491 611 πολλῷ
2536 541 2593 595 δὲ
2646 542 2829 613 μεῖζον
2866 545 2927 598 τὸ
2962 547 3109 600 δεινά
3136 548 3242 601 πά-

1669 646 1883 698 σχοντα,
1921 632 1995 701 μὴ
2027 631 2358 699 ἀφίστασθαι
2391 634 2490 704 τῆς
2523 634 2692 703 καλῆς
2720 634 2924 705 ταύτης
2957 640 3237 708 ἐργασίας.

1666 716 1832 785 Οὗτός
1861 724 2009 775 ἐστιν
2045 724 2073 776 6
2106 723 2195 777 διὰ
2248 725 2337 777 τὸν
2370 725 2501 778 Θεὸν
2552 726 2782 795 μάλιστα
2828 727 2999 781 ταῦτα
3048 730 3238 783 ποιῶν.

1669 812 1837 866 ’Ὥστε
1899 814 2000 868 κᾶν
2059 816 2475 887 κινδυνεύωμεν,
2532 819 2837 886 ἀγαπητοὶ,
2898 821 3000 873 κᾶν
3062 821 3242 875 ὁτιοῦν

1666 905 1983 976 πάσχωμεν,
2037 907 2176 974 μετὰ
2210 908 2451 971 πλείονος
2500 910 2754 980 ἐχώμεθα
2801 912 2899 980 τῆς
2936 912 3240 983 προθυμίας

1663 996 1771 1049 τῶν
1803 999 1942 1067 ὑπὲρ
1976 1000 2174 1070 ἀρετῆς
2203 999 2401 1053 πόνων.
2434 1001 2567 1053 Οὐδὲ
2594 1002 2699 1073 γάρ
2729 998 2877 1066 οὗτος
2908 1007 2936 1055 6
2967 1006 3063 1075 τῆς
3092 1008 3240 1058 ἀντι-

1664 1088 1864 1152 δόσεως
1912 1091 2121 1161 καιρός.
2172 1090 2263 1161 Μὴ
2292 1092 2472 1144 τοίνυν
2505 1093 2737 1145 ἐνταῦθα
2763 1096 3080 1165 ἀπαιτῶμεν
3112 1098 3239 1160 τοὺς

1665 1183 1983 1249 στεφάνους,
2018 1184 2104 1236 ἵνα
2137 1184 2210 1253 μὴ
2240 1186 2298 1236 ἐν
2328 1185 2405 1254 τῷ
2436 1187 2611 1256 καιρῷ
2639 1187 2748 1237 τῶν
2776 1188 3052 1256 στεφάνων
3082 1190 3236 1242 ἐλατ-

1662 1275 1930 1343 τώσωμεν
1960 1275 2117 1343 ἡμῶν
2148 1276 2245 1345 τὴν
2278 1277 2533 1347 ἀμοιϐήν.
2567 1277 2831 1349 Καθάπερ
2863 1280 2969 1349 γὰρ
2998 1282 3086 1332 ἐπὶ
3128 1282 3236 1334 τῶν

1661 1362 1920 1430 τεχνιτῶν
1954 1366 2002 1415 οἰ
2039 1364 2135 1433 μὲν
2165 1365 2389 1427 ἑαυτοὺς
2415 1366 2701 1437 τρέφοντες
2729 1367 2822 1419 καὶ
2860 1367 3231 1438 ἐργαζόμενοι,

1666 1453 1884 1523 μείζονα
1908 1454 1997 1506 τὸν
2030 1455 2218 1531 μισθὸν
2244 1455 2631 1525 λαμϐάνουσιν,
2664 1460 2711 1511 οἱ
2733 1458 2788 1510 δέ
2823 1460 2971 1531 ποιρά
2994 1462 3105 1523 τοῖς
3146 1478 3235 1529 μι-

1664 1544 2037 1614 σθωσαμένοις
2078 1549 2423 1618 τρεφόμενοι,
2467 1550 2856 1619 ὐποτέμνονται
2896 1551 2987 1603 τοῦ
3040 1552 3232 1621 μισθοῦ

1660 1636 1721 1688 οὐ
1763 1637 1958 1707 μικρὸν
2009 1637 2202 1707 μέρος’
2251 1640 2393 1692 οὕτω
2441 1641 2531 1692 καὶ
2584 1643 2676 1693 ἐπὶ
2705 1642 2810 1694 τῶν
2854 1643 3020 1709 ἁγίων
3079 1645 3105 1696 6
3136 1643 3233 1713 μὲν

1665 1726 1833 1796 μυρία
1874 1726 2045 1778 ποιῶν
2083 1727 2235 1800 [-505]
2280 1728 2460 1795 ἀγαθά
2484 1730 2579 1782 καὶ
2612 1732 2780 1801 μυρία
2818 1732 3040 1801 πάσχων
3067 1731 3231 1796 κακά,

1661 1817 1918 1886 ἀκέραιον
1964 1817 2075 1887 ἕχει
2119 1818 2210 1871 τὸν
2263 1820 2474 1889 μισθὸν,
2530 1822 2623 1873 καὶ
2680 1824 2812 1876 πολὺ
2872 1824 3088 1878 πλείονα
3135 1825 3234 1897 τὴν

1660 1909 1915 1981 ἀμοιϐὴν,
1958 1912 2056 1980 οὐχ
2102 1911 2241 1981 ὑπὲρ
2270 1912 2377 1964 τῶν
2424 1914 2643 1981 ἀγαθῶν
2674 1908 2749 1967 ὧν
2794 1917 3015 1986 ἐποίησε
3052 1917 3231 1986 μόνον,

1660 2003 1796 2056 ἀλλά
1828 2006 1921 2057 καὶ
1950 2005 2089 2076 ὑπὲρ
2117 2022 2226 2057 των
2252 2004 2436 2058 κακῶν
2482 2000 2556 2058 ὧν
2588 2007 2814 2060 ἔπαθενο
2846 2011 2874 2060 ὁ
2910 2009 2966 2061 δὲ
2996 2010 3233 2075 ἀνέσεως

1663 2096 1897 2151 ἐνταῦθα
1925 2096 2212 2150 ἀπολαύων
2244 2097 2337 2149 καὶ
2364 2099 2593 2169 τρυφῆς,
2627 2099 2724 2168 οὐχ
2752 2097 2923 2161 οὕτως
2951 2100 3061 2169 ἔχει
3095 2100 3234 2170 λαμ-

1661 2189 1833 2260 προὺς
1876 2189 2002 2251 τοὺς
2051 2189 2348 2256 στεφάνους
2384 2191 2516 2241 ἐκεῖ.
2546 2190 2635 2259 Μὴ
2664 2190 2841 2241 τοίνυν
2868 2189 3098 2242 ἐνταῦθα
3136 2187 3234 2260 ζη-

1658 2282 1845 2353 τῶμεν
1883 2281 1982 2353 τὴν
2026 2282 2310 2345 ἀντίδοσιν,
2345 2280 2480 2334 ἀλλά
2504 2281 2625 2333 τότε
2671 2281 2901 2350 μάλιστα
2929 2282 3227 2352 χαίρωμεν,

1660 2378 1790 2430 ὃταν
1837 2373 2227 2446 κατορθοῦντες
2278 2376 2575 2444 πάσχωμεν
2623 2372 2828 2447 κακῶς.
2874 2376 2945 2427 Οὐ
3003 2375 3111 2447 γάρ
3139 2374 3232 2429 τὸν

1662 2469 1725 2521 ἐκ
1746 2466 1853 2520 τῶν
1890 2465 2327 2536 κατορθωμάτων
2358 2468 2539 2536 μόνον,
2570 2465 2706 2518 ἀλλά
2733 2467 2825 2518 καὶ
2849 2467 2939 2518 τὸν
2977 2467 3084 2519 τῶν
3114 2484 3233 2521 πει-

1664 2556 1886 2629 ρασμῶν
1921 2557 2109 2626 μισθὸν
2135 2559 2265 2627 ἡμῖν
2287 2558 2314 2608 6
2340 2556 2470 2619 Θεὸς
2499 2558 2616 2607 ἐκεῖ
2646 2555 2981 2625 ταμιεύεται.

1727 2649 1790 2701 δ’.
1822 2649 1939 2702 Ἵνα
1956 2647 2013 2698 δέ
2034 2647 2128 2699 καὶ
2158 2646 2490 2717 σαφέστερον
2505 2646 2533 2699 ὃ
2558 2646 2702 2715 λέγω
2724 2646 2967 2716 γένηται,
2989 2647 3232 2701 ἔστωσαν

1657 2740 1749 2793 δύο
1782 2740 2027 2793 πλούσιοι
2055 2741 2363 2809 ἐλεήμονες,
2389 2739 2481 2791 καὶ
2507 2739 2797 2793 διδότωσαν
2827 2741 3071 2811 πένησινο
3113 2735 3232 2793 εἷτα

1657 2834 1685 2885 6
1712 2832 1809 2902 μὲν
1839 2832 1931 2884 ἐπὶ
1968 2831 2045 2901 τῷ
2084 2829 2297 2900 πλούτῳ
2331 2829 2558 2898 μενέτω,
2589 2830 2683 2882 καὶ
2724 2830 2904 2902 πάσης
2932 2832 3232 2901 εὐημερίας

1657 2923 1993 2976 ἀπολαυέτωο
2037 2924 2063 2974 6
2096 2921 2152 2974 δέ
2190 2922 2269 2983 εἰς
2296 2920 2486 2972 πενίαν
2517 2920 2760 2973 πιπτέτω
2786 2922 2880 2975 καὶ
2915 2921 3103 2984 νόσους
3136 2923 3232 2975 κοιλ⁸

1659 3012 1965 3083 συμφοράς,
1996 3011 2089 3063 καὶ
2126 3010 2283 3080 χάριν
2321 3010 2490 3080 ἐχέτω
2518 3010 2594 3081 τῷ
2622 3010 2760 3081 Θεῷ.
2799 3010 3014 3065 Τούτων
3053 3011 3230 3065 τοίνυν

1658 3105 2000 3160 ἀπελθόντων
2057 3105 2191 3164 ἐκεῖ,
2238 3102 2319 3165 τίς
2366 3103 2586 3173 μείζονα
2621 3103 2848 3173 λήψεται
2877 3103 2967 3155 τὸν
3000 3103 3227 3173 μισθόν;

1656 3197 1756 3250 οὐκ
1777 3196 1997 3263 εὐδηλον
2023 3197 2102 3249 ὅτι
2128 3195 2155 3246 6
2178 3194 2347 3247 νοσῶν
2368 3193 2461 3245 καὶ
2483 3193 3010 3264 ταλαιπωρούμενος,
3033 3194 3112 3246 ὅτι
3135 3194 3233 3248 καὶ

1658 3286 1717 3344 εὖ
1754 3288 1918 3342 ποιῶν
1951 3289 2044 3341 καὶ
2068 3290 2292 3357 πάσχων
2328 3285 2512 3348 κακῶς
2540 3285 2688 3337 οὐδὲν
2722 3285 2921 3338 ἔπαθεν
2954 3284 3231 3354 ἀνθρώπι-

1658 3401 1745 3436 νον
1774 3399 1788 3447 ;
1813 3380 1980 3434 Παντί
2008 3397 2110 3432 που
2141 3378 2319 3447 δῆλον.
2348 3378 2455 3429 Καὶ
2479 3376 2587 3447 γάρ
2617 3369 2769 3439 οὗτός
2795 3379 2939 3430 ἐστιν
2961 3378 2988 3428 6
3010 3376 3261 3448 ἀνδριάς.

1656 3480 1683 3530 ὁ
1710 3477 2086 3547 ἀδαμάντινος,
2110 3470 2263 3535 οὗτος
2285 3474 2312 3525 6
2336 3469 2631 3541 εὐγνώμων
2653 3470 2888 3540 οἰκέτης.
2914 3471 2973 3522 Εἰ
3002 3469 3057 3521 δὲ
3078 3470 3137 3521 οὐ
3162 3469 3231 3522 δι’

1657 3570 1847 3625 ἐλπίδα
1874 3567 2150 3639 βασιλείας
2176 3566 2254 3619 δεῖ
2273 3582 2324 3618 τι
2351 3566 2522 3616 ποιεῖν
2546 3562 2767 3631 ἀγαθὸν,
2798 3561 2932 3614 ἀλλὰ
2957 3560 3043 3614 διὰ
3064 3560 3124 3613 τὸ
3150 3559 3231 3631 τῷ

1656 3662 1775 3732 Θεῷ
1826 3658 2037 3723 δοκοῦν,
2094 3658 2121 3711 ὂ
2160 3658 2338 3725 πάσης
2382 3654 2656 3724 βασιλείας
2693 3651 2875 3722 μεῖζόν
2913 3652 3049 3703 ἐστι’
3084 3651 3230 3713 τίνος

1657 3753 1805 3820 ἄξιός
1837 3756 1983 3806 ἐστιν
2016 3753 2043 3802 6
2065 3750 2151 3803 διά
2177 3749 2238 3801 τὸ
2270 3747 2343 3819 μὴ
2373 3746 2553 3800 λαϐεῖν
2584 3744 2814 3798 ἐνταῦθα
2839 3742 2934 3814 τὴν
2963 3742 3226 3796 ἀντίδοσιν

1656 3847 1955 3919 ἀργότερος
2007 3844 2134 3912 περὶ
2187 3840 2285 3910 τὴν
2330 3839 2531 3909 ἀρετὴν
2560 3837 2881 3906 γινόμενος;
2919 3833 3011 3904 Μὴ
3046 3832 3227 3919 τοίνυν

1659 3936 2035 4009 θορυϐώμεθα,
2066 3935 2193 3986 ὃταν
2222 3931 2440 4000 ἴδωμεν,
2480 3930 2561 3984 ὅτι
2592 3932 2620 3981 6
2656 3927 2801 3979 δεῖνα
2828 3928 3001 3997 χήρας
3025 3923 3227 3990 καλῶν,

1656 4031 1751 4086 καὶ
1777 4030 1939 4100 δοχάς
1964 4030 2206 4098 συνεχεῖς
2234 4023 2617 4097 ἐργαζόμενος,
2650 4020 2895 4075 ἀπώλεσε
2929 4021 3026 4090 τὴν
3053 4018 3230 4071 οἰκίαν

1657 4123 2089 4195 ἐμπρησθεῖσαν,
2148 4119 2180 4188 ἢ
2238 4119 2429 4187 ἑτέραν
2485 4116 2606 4169 τινὰ
2659 4112 2914 4183 τοιαύτην
2969 4112 3228 4180 ὑπέμεινε

1658 4215 1959 4285 συμφοράψ
2001 4214 2095 4265 καὶ
2127 4213 2233 4283 γάρ
2282 4212 2369 4264 διὰ
2412 4209 2568 4262 τοῦτο
2611 4206 2838 4278 λήψεται
2884 4205 2973 4257 τὸν
3015 4204 3223 4272 μισθόν·

1656 4310 1780 4362 ἐπεὶ
1830 4309 1924 4361 καὶ
1956 4310 1983 4359 ὁ
2023 4305 2141 4358 Ἰὼϐ
2183 4306 2279 4374 οὐχ
2319 4303 2488 4365 οὕτως
2539 4301 2630 4354 ἐπὶ
2671 4302 2792 4360 ταῖς
2838 4297 3228 4366 ἐλεημοσύναις

1656 4400 2014 4468 ἐθαυμάζετο,
2046 4396 2119 4458 ώς
2140 4395 2224 4463 ἐφ’
2251 4388 2330 4457 οἷς
2353 4392 2520 4445 ἔπαθε
2552 4390 2690 4461 μετά
2719 4388 2910 4441 ταῦτα.
2947 4388 3045 4439 Διά
3069 4386 3227 4439 τοῦτο

1655 4492 1749 4545 καὶ
1796 4491 1843 4543 οἱ
1886 4490 2027 4559 φίλοι
2080 4486 2502 4553 ἐξευτελίζονται
2539 4485 2587 4536 οἰ
2629 4481 2842 4542 τούτου,
2887 4478 2980 4531 καὶ
3014 4478 3225 4539 οὐδενὸς

1654 4583 1792 4649 ἄξιοι
1822 4583 1977 4650 λόγου
2017 4578 2326 4651 νομίζονται
2357 4573 2516 4639 εἶναι,
2544 4577 2625 4629 ὅτι
2659 4575 2754 4636 τάς
2786 4571 3063 4641 παρούσας
3096 4569 3225 4640 ἐξὴ-

1653 4695 1781 4731 τουν
1807 4675 2124 4737 ἀντιδόσεις,
2156 4672 2248 4724 καὶ
2272 4671 2379 4724 ἀπὸ
2403 4669 2606 4721 τούτων
2630 4665 2722 4718 τοῦ
2745 4663 2953 4716 δικαίου
2985 4661 3225 4730 κατεψη-

1606 4798 1609 4799 ν
1656 4768 1894 4839 φίζοντο.
1926 4766 2017 4836 Μὴ
2044 4763 2221 4817 τοίνυν
2264 4760 2492 4814 ἐνταῦθα
2537 4757 2789 4828 ζητῶμεν
2829 4754 2927 4824 τὴν
2967 4752 3223 4823 ἀμοιϐὴν,

1654 4862 1885 4932 πένητες
1948 4858 2042 4912 καὶ
2096 4855 2300 4926 πτωχοὶ
2355 4852 2655 4923 γενόμενοι.
2697 4848 2807 4901 Καὶ
2837 4845 2944 4916 γὰρ
2991 4845 3224 4915 ἐσχάτης

1654 4952 1809 5006 τοῦτο
1828 4949 2122 5014 εὐτελείας,
2152 4944 2380 5016 οὐρανοῦ
2406 4939 2786 5014 προκειμένου,
2821 4938 2915 4991 καὶ
2945 4936 3053 4989 τῶν
3083 4936 3223 5007 ὑπὲρ

1653 5045 1745 5098 τὸν
1781 5043 2027 5114 οὐρανὸν,
2068 5041 2135 5094 τά
2170 5039 2402 5092 ἐνταῦθα
2452 5035 2823 5105 περισκοπεῖν.
2856 5030 2947 5101 Μὴ
2979 5030 3043 5101 δὴ
3080 5029 3224 5082 οῦτω

1655 5135 1918 5204 ποιῶμεν·
1956 5134 2067 5187 ἀλλ’
2103 5135 2239 5202 ὅπερ
2268 5130 2332 5184 ἂν
2360 5129 2563 5201 ἐπέλθῃ
2587 5126 2695 5179 τῶν
2726 5125 3002 5194 ἀδοκήτων
3036 5125 3224 5175 ἐπιτα-

1654 5232 1900 5302 γμάτων,
1928 5230 2085 5299 ἡμεῖς
2116 5224 2369 5295 ἐχώμεθα
2395 5221 2488 5274 τοῦ
2513 5218 2647 5274 Θεοῦ
2674 5217 2955 5290 διηνεκῶς,
2983 5216 3077 5269 καὶ
3107 5232 3226 5268 πει-

1657 5321 1876 5393 θώμεθα
1910 5319 1987 5390 τῷ
2027 5316 2278 5388 μακαρίῳ
2316 5313 2533 5382 Παύλῳ,
2570 5312 2664 5366 καὶ
2696 5308 2948 5365 κιϐώτιον
2979 5307 3224 5377 πενήτων

1656 5414 1899 5483 ποιῶμεν
1953 5410 2045 5463 ἐπὶ
2094 5407 2193 5477 τῆς
2243 5406 2440 5469 οἰκίας,
2492 5405 2587 5458 καὶ
2623 5402 2774 5475 παρὰ
2810 5402 2899 5456 τὸν
2940 5401 3123 5462 τόπον,
3166 5398 3225 5449 ὃν

1655 5507 1893 5575 ἕστηκας
1921 5500 2237 5570 εὐχόμενος,
2264 5499 2380 5550 ἐκεῖ
2402 5495 2625 5556 κείσθω,
2661 5494 2754 5547 καὶ
2786 5492 2974 5553 ὁσάκις
3006 5491 3071 5543 ἂν
3110 5489 3225 5540 εἰσ-

1656 5594 1814 5666 έλθῃς
1857 5588 2134 5655 εὔξασθαι,
2165 5587 2401 5649 κατάθες
2447 5584 2661 5657 πρῶτον
2695 5584 2791 5652 τὴν
2834 5577 3222 5649 ἐλεημοσύνην,

1660 5686 1753 5739 καί¹
1804 5684 1924 5736 τότε
1976 5681 2267 5749 ἀνάπεμπε
2297 5679 2479 5749 εὐχὴνο
2511 5678 2605 5729 καὶ
2632 5675 2820 5744 ὥσπερ
2848 5672 2947 5724 οὐκ
2992 5671 3055 5721 ἂν
3082 5668 3225 5719 ἐλοιο

1653 5777 1836 5861 χερσὶν
1858 5776 2103 5838 ἀνίπτοις
2124 5770 2383 5836 εὔξασθαι
2405 5769 2546 5824 οὕτω
2575 5767 2707 5839 μηδέ
2733 5760 3097 5834 ἐλεημοσύνης
3117 5775 3224 5828 χω-
