3712 6212
97 244 139 300 i3
955 224 1018 280 ω
1060 217 1270 277 EPIST.
1317 218 1334 273 l
1397 216 1489 273 AD
1529 215 1563 270 C

955 224 1018 280 ω
1060 217 1270 277 EPIST.
1317 218 1334 273 l
1397 216 1489 273 AD
1529 212 1685 271 COR.
1730 210 1961 269 1103111..
2001 211 2183 267 XLIV.

99 393 119 432 s
164 371 360 427 allmcnta
401 366 531 438 regis
582 360 881 421 recondita.
942 357 1069 412 Ideo
1122 364 1175 409 et
1231 353 1378 424 juxta
1436 351 1515 405 le-

97 483 159 523 um
199 463 276 517 sita
310 462 366 517 sit
405 458 594 522 arcula,
639 467 853 524 noxque
904 449 1062 504 nullis
1114 444 1512 517 perturbabitur

97 560 147 614 sis
176 565 217 609 ct
250 551 522 608 insomniis:
569 556 773 603 tantum
820 541 951 597 nihil
996 542 1047 594 in
1090 553 1208 593 eam
1253 535 1518 604 injiciatur

122 644 337 715 injustitia.
361 641 696 710 Eleemosyna
724 635 867 690 enim
896 646 984 686 res
1021 637 1141 685 est:
1183 626 1295 680 fieri
1335 632 1513 677 autem

101 760 123 794 ιι
151 746 288 807 potest
314 744 362 789 ut
383 735 707 802 eleemosyna
740 739 990 796 umquam
1017 721 1279 794 germinet
1300 733 1366 773 ex
1395 731 1520 770 cru-

97 834 227 885 Iitate.
250 826 394 881 Vultis
423 832 474 879 et
501 820 654 877 vobis
686 819 860 874 dicam
902 813 1171 869 undeuam
1213 807 1523 879 impendere

115 921 255 989 largiri
281 925 521 990 oporteat,
564 924 625 967 ut
665 910 765 965 hac
808 922 1021 978 quoque
1063 906 1268 958 ratione
1315 899 1522 953 facilem

99 1031 124 1067 u
152 1010 319 1065 faciatis
358 1001 727 1063 collationem?
756 997 947 1068 Opifex
970 1036 985 1059 ,
1033 994 1178 1051 \elut
1219 990 1522 1045 calceorum

98 1102 374 1160 isarcinator,
398 1103 483 1151 aut
504 1092 789 1155 coriarius,
818 1097 911 1143 aut
958 1086 1109 1140 faber
1151 1081 1403 1142 mrarius,
1434 1085 1526 1130 aut

102 1197 166 1249 vis
188 1194 301 1248 alius
317 1188 508 1253 artifex,
527 1200 647 1241 cum
679 1181 876 1252 aliquid
901 1176 1200 1233 vendiderit
1227 1188 1293 1228 ex
1322 1172 1387 1226 iis
1405 1185 1525 1239 qua:

122 1297 219 1341 arte
245 1285 382 1349 fiunt,
409 1282 493 1336 det
520 1280 629 1333 Deo
658 1274 920 1346 primitias
950 1268 1105 1340 pretii
1129 1309 1144 1333 ,
1193 1267 1262 1320 ibi
1306 1277 1522 1334 parvam

100 1391 189 1435 tem
214 1375 396 1447 dejiciat
414 1415 427 1439 ,
453 1382 507 1428 et
533 1388 600 1426 ex
630 1367 825 1424 minori
853 1373 1003 1437 parte
1029 1377 1149 1416 cum
1184 1360 1293 1413 Deo
1321 1355 1489 1426 partia
1510 1382 1524 1393 -

97 1516 100 1526 .
138 1472 293 1541 Neque
328 1466 453 1522 enim
496 1476 742 1531 magnum
784 1457 911 1528 quid
959 1464 1121 1525 peto,
1173 1449 1271 1505 sed
1322 1454 1523 1541 tantum

100 1538 230 1616 ntuni
262 1558 545 1613 Judmorum
589 1552 819 1607 infantes
840 1591 854 1614 ,
884 1557 938 1604 et
966 1546 1113 1601 mille
1156 1541 1312 1597 malis
1340 1538 1523 1609 pleni,

97 1667 184 1711 tum
215 1668 300 1707 nos
325 1652 402 1722 qui
436 1648 623 1705 caelum
649 1654 1048 1713 exspectamus,
1077 1637 1356 1708 jaciamus.
1399 1630 1526 1685 llzec

98 1763 157 1801 ειη
186 1744 293 1799 dico
325 1756 417 1796 non
460 1741 632 1809 legem
669 1736 847 1791 ferens
868 1774 883 1799 ,
915 1745 1087 1801 neque
1118 1725 1409 1797 prohibens
1458 1734 1527 1776 ne

98 1858 100 1885 ι
126 1849 311 1906 erogas,
337 1832 420 1887 sed
443 1845 654 1901 (equum
682 1840 911 1884 censcns
937 1834 991 1878 ut
1019 1836 1126 1876 non
1153 1820 1330 1873 minus
1358 1814 1523 1883 depo-

3071 290 3081 296 _
3110 210 3215 265 an

1623 362 1719 401 nas
1744 361 1903 415 quam
1933 353 2136 416 partem
2154 344 2439 401 decimam.
2464 345 2577 401 lloc
2601 353 2780 401 autem
2803 346 2885 402 fac
2911 362 3015 401 non
3042 345 3212 401 solum

1620 440 1880 506 vendens,
1900 440 1994 494 sed
2023 440 2183 494 etiam
2211 453 2418 495 amens.
2436 439 2585 494 lianc
2612 440 2783 509 legem
2812 443 2974 495 etiam
2998 449 3217 495 servent

1623 534 1714 603 qui
1745 531 1943 602 prtedis
1976 531 2253 602 possident
2281 532 2333 585 in
2361 532 2745 602 proventibus:
2773 547 2891 587 eam
2919 545 3108 586 omnes
3125 532 3215 600 qui

1623 623 1801 694 justos
1826 622 2086 693 colligunt
2115 632 2426 692 proventus.
2454 623 2535 678 Ad
2561 638 2655 677 eos
2684 622 2849 689 enim,
2881 623 2969 692 qui
2998 637 3215 677 usuram

1627 715 1884 783 exigunt,
1913 729 1941 767 a
1966 729 2053 769 me
2079 715 2241 770 verba
2268 728 2375 769 non
2405 715 2574 781 ﬁunt;
2605 730 2781 785 neque
2808 715 2874 769 ad
2900 714 3098 768 milites
3120 714 3216 784 qui

1627 806 1761 859 alios
1818 806 2175 870 concutiunt,
2235 815 2288 861 et
2325 807 2447 861 aliis
2497 816 2789 877 procurant
2836 805 3213 861 calamitates:

1630 896 1772 951 Deus
1816 896 1960 950 enim
2002 897 2137 951 nihil
2182 896 2306 951 inde
2349 897 2464 951 vult
2492 897 2773 967 accipere:
2806 896 2899 951 sed
2942 896 3057 950 haec
3094 894 3219 950 dico

1628 987 1731 1051 eis,
1760 988 1852 1058 qui
1882 1003 1946 1043 ex
1972 987 2131 1057 justis
2159 989 2431 1044 laboribus
2460 987 2742 1044 facultates
2767 988 3045 1058 colligunt.
3085 986 3218 1042 Nam

1630 1080 1675 1133 si
1720 1095 1819 1134 nos
1868 1080 2014 1149 ipsos
2052 1080 2118 1134 ad
2162 1096 2281 1135 eam
2324 1080 2706 1136 deduxerimus
2736 1078 3176 1135 consuetudinem
3202 1118 3218 1141 ,

1633 1185 1731 1224 nos
1756 1170 2014 1240 deinceps
2062 1181 2259 1242 punget
2285 1173 2612 1227 conscientia
2631 1214 2645 1238 ,
2675 1173 2721 1227 si
2748 1172 2885 1226 hanc
2908 1171 3223 1226 deseramus

1630 1262 1799 1331 legem
1828 1280 1841 1325 ;
1885 1279 2060 1332 neque
2101 1279 2215 1319 rem
2258 1265 2684 1320 existimabimus
2714 1279 2953 1335 gravem,
2985 1273 3039 1319 et
3086 1279 3223 1331 pau-
3254 1264 3255 1267 “

1631 1352 1780 1407 latim
1812 1356 2083 1410 veniemus
2126 1356 2191 1409 ad
2221 1357 2421 1426 majora
2443 1398 2458 1423 ,
2506 1366 2562 1412 et
2591 1357 2830 1412 meditati
2875 1365 3225 1411 contemnere

1630 1446 1906 1514 pecunias,
1936 1462 2057 1501 cum
2089 1448 2355 1503 malorum
2383 1447 2619 1503 radicem
2648 1448 3023 1513 evulscrimus,
3056 1456 3111 1502 et
3138 1447 3225 1502 hic

1630 1537 1791 1591 vitam
1823 1553 2013 1593 secure
2040 1548 2091 1594 et
2131 1540 2415 1610 tranquille
2444 1554 2662 1610 agemus
2683 1581 2699 1604 ,
2729 1548 2786 1595 et
2822 1540 2986 1594 vitam
3028 1551 3224 1593 conse-

1631 1646 1860 1701 quemur
1886 1630 2117 1688 futuram
2142 1651 2156 1688 :
2183 1648 2345 1704 quam
2375 1632 2534 1690 detur
2562 1633 2719 1690 nobis
2744 1633 2995 1689 omnibus
3026 1645 3223 1687 conse-

1635 1724 1723 1793 qui
1742 1764 1756 1788 ,
1786 1733 1890 1779 etc.

97 1920 3216 1962 M—‘Wﬂ

1287 1977 1636 2043 HOMILIA
1672 1979 1896 2041 XLIV.

98 2107 215 2162 16.
252 2119 302 2157 v.
341 2101 421 2157 10.
463 2099 524 2156 Si
559 2107 726 2152 autem
762 2092 946 2148 venerit
975 2087 1269 2144 Timotheus
1297 2083 1367 2137 ad
1406 2095 1527 2146 vos,

262 2194 410 2247 videte
441 2201 494 2245 ut
523 2190 632 2245 sine
660 2190 838 2242 timore
863 2186 927 2238 sit
957 2180 1094 2252 apud
1119 2194 1227 2233 vos.

129 2285 400 2341 Existimet
448 2283 675 2336 fortasse
715 2274 979 2345 quispiam
1023 2272 1161 2325 hanc
1205 2262 1533 2323 exhortatio-

113 2392 233 2433 csse
274 2375 534 2444 indignam
572 2371 771 2425 virtute
810 2362 1114 2426 Timothei;
1147 2357 1242 2413 sed
1282 2371 1386 2410 non
1431 2351 1534 2407 hoc

98 2483 155 2521 nn
173 2476 256 2521 est
273 2473 478 2535 propter
498 2458 861 2521 Timotheum,
877 2452 974 2509 sed
992 2458 1209 2521 prapter
1231 2445 1531 2535 audientes,

97 2574 149 2613 er
176 2534 401 2626 easque
419 2554 516 2624 ipsi
547 2557 861 2622 pararentur
894 2543 1114 2599 insidias
1138 2539 1346 2609 seipsos
1370 2534 1533 2592 laede-

97 2668 107 2703 :
133 2649 227 2703 ille
251 2648 388 2703 enim
410 2657 626 2713 semper
645 2650 761 2697 erat
785 2636 1035 2710 proclivis
1059 2648 1123 2689 ac
1145 2643 1442 2703 propensus
1467 2627 1534 2683 ad

97 2740 193 2795 nda
214 2735 601 2811 pericula.Nam
619 2732 897 2802 Tamquam
913 2728 1053 2799 filius
1066 2725 1219 2797 patri,
1234 2736 1538 2777 mecumserb

105 2834 300 2902 inquit,
317 2830 370 2883 in
385 2826 639 2896 evangelio
655 2822 917 2894 (Philipp.
930 2816 1113 2889 2.22).
1128 2814 1237 2872 Sed
1260 2829 1329 2869 ne
1351 2826 1417 2869 ex
1433 2827 1533 2867 au—

123 2926 179 2979 iu
214 2921 536 2994 discipulum
554 2960 569 2986 ,
598 2916 666 2972 ad
693 2915 1008 2986 magistrum
1032 2924 1245 2981 quoque
1275 2903 1535 2977 procede-

102 3026 163 3072 et
212 3018 407 3072 tierent
444 3010 778 3074 deteriores,
833 3019 930 3060 eos
979 3003 1190 3058 eminus
1232 2997 1539 3068 comprimit

97 3117 277 3173 arcet,
308 3105 495 3162 dicens
522 3120 538 3158 :
571 3100 640 3158 Ut
671 3101 782 3156 sine
816 3099 993 3153 timore
1018 3095 1085 3148 sit
1109 3091 1249 3163 apud
1279 3105 1407 3145 vos:
1435 3088 1539 3143 hoc

98 3218 141 3259 te
168 3198 447 3272 quispiam
477 3211 545 3251 ex
576 3194 643 3249 iis
668 3192 759 3264 qui
785 3197 911 3245 sunt
932 3184 1195 3258 deplorati
1223 3183 1276 3237 in
1304 3195 1425 3237 eum
1452 3180 1537 3235 in-

97 3304 132 3349 t.
188 3292 333 3347 Erat
364 3289 564 3360 quippe
592 3285 821 3340 fortasse
845 3296 941 3338 eos
970 3279 1340 3348 increpaturus
1377 3273 1446 3329 de
1474 3273 1540 3329 iis

102 3382 366 3441 cribebat
390 3380 620 3437 Paulus:
641 3374 986 3433 denuntiaret
1010 3370 1155 3428 enim
1181 3382 1240 3424 se
1256 3375 1539 3438 propterea

134 3477 395 3531 mittere.
424 3470 548 3527 Misi
571 3470 738 3533 enim,
764 3466 956 3537 inquit,
984 3464 1054 3517 ad
1081 3477 1169 3517 vos
1200 3459 1537 3524 Timotheum,

97 3572 179 3625 bis
212 3570 278 3623 in
314 3565 620 3622 memoriam
646 3560 901 3617 revocabit
927 3558 1036 3611 vias
1064 3570 1203 3609 meas
1229 3554 1283 3607 in
1309 3550 1536 3614 Christo,

97 3664 286 3730 ibique
312 3660 370 3713 in
412 3655 553 3711 omni
588 3651 815 3708 Ecclesia
855 3649 1009 3704 doceo
1034 3646 1119 3717 (1.
1162 3644 1281 3699 Cor.
1321 3643 1376 3698 4.
1413 3640 1538 3712 17).

97 3771 155 3825 go
213 3751 500 3809 nobilitati
543 3758 597 3805 et
638 3746 839 3803 divitiis
877 3752 934 3800 et
968 3741 1151 3814 populi
1197 3736 1542 3796 commenda-

105 3860 126 3904 t
157 3864 243 3905 ex
254 3859 434 3903 ternas
457 3841 740 3913 sapientiae
765 3838 1118 3904 conﬁdentes,
1148 3834 1463 3889 invaderent
1488 3837 1545 3886 et

97 3947 310 3996 terent
359 3946 420 3992 et
464 3933 883 3996 insidiarentur,
921 3929 1169 3984 dolentes
1213 3940 1275 3979 se
1317 3924 1386 3979 ab
1427 3924 1545 3992 ipso

97 4039 215 4085 aut
260 4037 560 4099 propterea
588 4023 730 4094 quod
760 4020 1016 4091 magister
1040 4018 1163 4073 illos
1187 4013 1547 4086 reprehende-

97 4137 296 4179 mnas
331 4121 623 4190 exigerent
661 4117 837 4186 ipsum
879 4112 1235 4176 ulciscentes,
1266 4116 1546 4179 propterea

108 4215 204 4273 Ut
240 4215 370 4269 sine
399 4214 584 4267 timore
609 4210 677 4265 sit
702 4206 843 4277 apud
871 4222 979 4259 vos.
1008 4202 1087 4258 Ne
1114 4201 1244 4257 mihi
1270 4201 1413 4256 enim
1442 4214 1546 4253 ex-

119 4311 189 4364 di
200 4307 375 4363 xeris
405 4304 631 4362 Graecos
659 4311 715 4356 et
744 4297 1017 4361 inﬁdeles;
1043 4310 1107 4350 ea
1135 4309 1168 4349 a
1197 4293 1347 4349 vobis
1368 4291 1544 4360 exigo,

97 4404 257 4457 ibus
304 4406 435 4453 tota
467 4395 773 4463 conscripta
800 4400 886 4448 est
926 4389 1151 4461 epistola
1175 4427 1190 4453 ,
1223 4400 1359 4457 quos
1386 4385 1547 4441 etiam

97 4516 104 4543 ο
125 4491 372 4548 terruit
400 4499 462 4545 et
487 4489 539 4543 in
568 4485 861 4558 prooemiis.
882 4482 1172 4551 Propterea
1192 4478 1370 4535 dixit:
1398 4477 1551 4545 Apud

97 4584 306 4642 einde
356 4598 393 4638 a
428 4578 731 4637 ministerio
759 4591 883 4631 eum
910 4574 1036 4629 facit
1080 4572 1183 4627 fide
1211 4570 1429 4641 dignum
1465 4569 1549 4624 di-

97 4678 291 4747 Dpus
344 4673 499 4728 enim
544 4667 752 4724 Domini
798 4672 1056 4737 operatur.
1105 4661 1183 4717 Ne
1225 4660 1328 4716 hoc
1371 4668 1548 4715 autem

102 4811 127 4837 ,
176 4766 402 4836 inquit
422 4806 441 4831 ,
471 4763 517 4818 si
547 4776 656 4816 non
681 4759 753 4814 sit
779 4757 963 4821 dives,
992 4756 1040 4810 si
1069 4768 1175 4809 non
1204 4751 1476 4817 eruditus,
1503 4749 1551 4805 si

98 4872 305 4921 nex;
363 4854 475 4910 sed
518 4851 646 4923 quid
684 4852 869 4921 jussus
911 4848 1007 4913 sit,
1049 4854 1105 4900 et
1146 4842 1273 4915 quid
1314 4840 1548 4899 efficiat:

97 4952 215 5003 tim
264 4945 504 5000 Domini
532 4951 793 5014 aperatur.
817 4938 930 4994 Hoc
953 4946 1131 4993 autem
1153 4936 1204 4990 ei
1232 4933 1427 4990 sufficit
1454 4947 1551 5001 pro

98 5087 100 5093 .
149 5038 508 5096 nobilitate
545 5043 602 5092 et
644 5033 845 5089 divitiis
869 5041 926 5088 et
963 5038 1124 5087 aetate
1167 5037 1223 5085 et
1266 5027 1549 5100 sapientia.

97 5148 133 5188 ε
195 5130 333 5185 fuit
378 5136 711 5189 contentus,
754 5124 847 5180 sed
890 5122 1128 5188 addidit,
1171 5121 1318 5176 Sicut
1341 5129 1389 5174 et
1416 5134 1552 5190 ego;

98 5225 279 5279 rius
301 5260 322 5285 ,
380 5220 494 5287 Qui
524 5228 599 5274 est
639 5218 764 5271 mihi
796 5216 935 5284 ﬁlius
961 5214 1173 5269 dilectus
1211 5222 1258 5268 et
1289 5211 1455 5281 fidelis
1498 5214 1554 5265 in

107 5332 135 5379 ,-
204 5313 362 5380 ipse
395 5310 545 5364 vobis
571 5310 627 5362 in
662 5306 957 5362 memoriam
983 5304 1230 5360 revocabit
1272 5305 1379 5358 vias
1418 5319 1554 5357 meas

97 5423 140 5460 ο
180 5404 271 5472 (1
293 5441 309 5456 .
346 5402 487 5456 Cor.
518 5403 572 5456 4.
595 5401 708 5468 l7).
730 5397 994 5466 Quoniam
1025 5411 1153 5466 ergo
1177 5396 1389 5465 juvenis
1414 5405 1550 5460 erat,

97 5492 467 5549 sucredita
488 5492 660 5546 fuerat
688 5489 818 5544 tanti
843 5488 1021 5557 populi
1048 5487 1330 5552 correctio,
1350 5495 1554 5541 utrum—

97 5602 209 5641 ειη
258 5584 481 5650 ipsum
510 5583 563 5637 in
594 5587 959 5651 contemptum
988 5578 1319 5644 adducebat;
1362 5580 1554 5634 merito

103 5690 135 5735 ι
185 5696 213 5733 :
266 5677 386 5732 li.
422 5675 517 5730 Ne
545 5678 658 5746 quis
682 5691 800 5745 ergo
826 5675 972 5729 illum
997 5684 1221 5746 spernat.
1246 5672 1427 5744 Neque
1450 5673 1554 5730 hoc

230 5773 566 5834 PATROL.
600 5775 718 5834 Gn.
762 5776 917 5834 LXl.

1634 2080 1806 2133 solum
1836 2080 2037 2153 exigit,
2066 2082 2159 2137 sed
2201 2082 2363 2136 etiam
2406 2082 2667 2151 majorem
2701 2081 3002 2137 honorem:
3034 2098 3228 2153 quam-

1638 2173 1823 2228 obrem
1852 2175 2015 2229 etiam
2042 2174 2193 2238 dicit,
2221 2175 2469 2230 Deducite
2494 2185 2671 2229 autem
2696 2176 2839 2229 illum
2871 2176 2925 2229 in
2954 2193 3097 2246 pace.
3121 2178 3232 2231 lluc

1635 2275 1748 2331 est,
1778 2266 1894 2321 sine
1923 2267 2151 2322 timore:
2193 2282 2299 2321 non
2331 2282 2533 2337 pugnas
2560 2266 2852 2322 inferentes
2890 2277 2945 2323 et
2983 2278 3227 2323 conten-

1637 2355 1843 2423 tiones,
1874 2372 1982 2412 non
2011 2357 2134 2412 odia
2162 2368 2219 2413 et
2244 2358 2586 2423 inimicitias,
2625 2359 2720 2414 sed
2750 2359 3141 2429 subjectionem
3173 2373 3228 2415 et
3328 2364 3339 2375 ’

1638 2445 1896 2503 honorem
1923 2490 1939 2514 ,
1988 2449 2329 2505 attendentes
2372 2450 2474 2519 ipsi
2505 2460 2774 2520 tamquam
2824 2452 3099 2521 magistro.
3159 2450 3229 2507 Ut

1637 2540 1802 2592 veniat
1829 2539 1898 2593 ad
1925 2556 2037 2606 me;
2075 2552 2310 2612 exspecto
2341 2542 2474 2595 enim
2515 2540 2666 2596 illum
2704 2558 2820 2595 cum
2853 2542 3117 2614 fratribus.
3166 2543 3236 2598 Et

1640 2632 1741 2687 hoc
1767 2644 1885 2688 erat
1917 2635 2170 2689 terrentis
2212 2654 2228 2689 :
2279 2650 2402 2690 nam
2434 2646 2492 2690 ut
2534 2651 2658 2690 cum
2696 2636 2893 2691 scirent
2923 2637 3100 2691 omnia
3130 2636 3235 2692 sibi

1638 2723 1861 2779 dicenda
1916 2742 2037 2795 quae
2093 2741 2285 2795 passus
2348 2736 2530 2793 esset,
2594 2727 2786 2782 fierent
2834 2728 3187 2783 modestiores
3214 2771 3231 2794 ,

1641 2824 1926 2885 propterea
1970 2816 2178 2872 addidit
2220 2835 2233 2871 :
2295 2815 2553 2888 Exspecto
2589 2819 2723 2873 enim
2762 2818 2933 2873 illum.
2977 2820 3231 2889 Alioquin

1639 2914 1818 2960 autem
1848 2921 1972 2962 eum
2000 2922 2214 2977 quoque
2240 2907 2365 2963 hinc
2400 2907 2527 2964 facit
2558 2908 2663 2963 fide
2692 2909 2931 2979 dignum.
2962 2909 3234 2980 Siquidem

1640 2998 1886 3054 exiturus
1927 2999 2100 3069 ipsum
2139 3009 2455 3069 exspectat,
2497 3007 2553 3054 et
2590 3014 2743 3053 suam
2787 2999 2841 3054 in
2888 3000 3012 3055 illos
3049 3009 3236 3056 osten-

1640 3091 1722 3147 dit
1757 3092 2038 3149 caritatem
2064 3133 2081 3159 ,
2114 3093 2327 3163 quando
2368 3109 2493 3149 eum
2534 3093 2627 3165 qui
2669 3102 2814 3151 esset
2861 3094 2998 3151 adeo
3046 3096 3191 3150 utilis
3215 3134 3236 3164 ,

1642 3190 1864 3253 pr0pter
1892 3184 2040 3252 ipsos
2065 3184 2281 3240 misisse
2309 3194 2643 3241 cerneretur.
2690 3186 2781 3241 12.
2823 3184 2905 3240 De
2929 3186 3114 3256 Apollo
3139 3204 3240 3241 au-

1642 3284 1741 3330 tem
1764 3274 1927 3344 fratre
1950 3275 2087 3332 vobis
2112 3286 2291 3331 notum
2323 3277 2482 3349 facio,
2499 3275 2636 3346 quod
2656 3277 2875 3332 multum
2898 3280 3074 3349 rogavi
3097 3296 3235 3345 eum,

1642 3378 1701 3424 ut
1741 3369 1810 3423 ad
1839 3387 1930 3424 vos
1956 3371 2144 3425 veniret
2181 3387 2296 3426 cum
2324 3370 2589 3440 fratribus.
2633 3371 2732 3427 llic
2760 3371 2972 3427 videtur
3015 3386 3138 3428 esse
3181 3383 3240 3428 et

1643 3465 1783 3518 bene
1819 3462 2085 3531 eruditus,
2126 3472 2184 3519 et
2226 3462 2399 3534 major
2439 3471 2597 3519 aetate
2640 3463 2946 3519 Timotheo.
2993 3463 3071 3519 Ne
3109 3481 3241 3535 ergo

1644 3554 1928 3611 dicerent:
1988 3554 2097 3611 Cur
2135 3555 2310 3610 virum
2348 3554 2565 3624 quidem
2620 3569 2727 3609 non
2781 3554 2962 3619 misit,
3001 3555 3096 3611 sed
3142 3570 3241 3626 pro

1645 3647 1741 3703 illo
1776 3647 2072 3719 juvenem?
2103 3647 2228 3703 vide
2257 3647 2528 3718 quomodo
2556 3648 2718 3703 etiam
2749 3646 2852 3704 hoc
2892 3648 3067 3715 levet,
3113 3664 3239 3704 cum

1646 3748 1703 3794 et
1741 3738 1958 3794 fratrem
2001 3753 2235 3804 vocans,
2267 3747 2324 3795 et
2363 3739 2552 3795 dicens
2581 3754 2641 3794 se
2684 3740 2907 3795 multum
2955 3740 3101 3795 illum
3146 3755 3242 3795 ro-

1646 3844 1803 3900 gasse
1830 3839 1887 3885 ut
1912 3831 2142 3886 veniret.
2181 3830 2259 3886 Ne
2297 3831 2439 3887 enim
2473 3830 2745 3887 videretur
2772 3833 3135 3902 praeposuisse
3162 3833 3240 3888 illi

1647 3922 2011 3987 Timotheum,
2048 3932 2104 3978 et
2139 3922 2341 3979 idcirco
2384 3939 2504 3978 eum
2547 3939 2655 3979 non
2702 3925 2919 3980 misisse
2948 3967 2964 3992 ,
3014 3927 3244 3997 hincque

1650 4017 1906 4087 majorem
1952 4018 2271 4074 accenderet
2312 4018 2608 4087 invidiam,
2653 4020 2965 4087 subjunxit:
3016 4020 3243 4075 Multum

1650 4109 1799 4163 illum
1837 4111 2014 4180 rogavi
2038 4151 2053 4175 ,
2096 4119 2151 4164 ut
2191 4111 2401 4166 veniret.
2434 4110 2575 4177 Quid
2604 4112 2773 4181 ergo?
2816 4128 2921 4167 non
2951 4114 3115 4167 cessit
3152 4114 3242 4169 ille

1652 4216 1825 4271 neque
1844 4203 2055 4265 annuit,
2075 4202 2171 4257 sed
2192 4202 2389 4258 restitit
2409 4212 2465 4258 et
2486 4203 2801 4263 contendit?
2818 4203 2932 4259 Non
2962 4203 3064 4258 hoc
3089 4204 3238 4272 dicit,

1650 4294 1745 4349 sed
1786 4303 1846 4349 ut
1884 4310 2057 4365 neque
2087 4296 2237 4350 illum
2275 4297 2718 4366 reprehenderet,
2752 4308 2806 4353 et
2832 4314 2891 4354 se
2916 4308 3199 4354 excusaret
3223 4339 3241 4361 .

1652 4385 1821 4441 dicit:
1855 4385 1923 4440 Et
1961 4386 2133 4456 utique
2172 4403 2273 4442 non
2316 4388 2415 4457 fuit
2451 4388 2685 4442 voluntas
2724 4391 2836 4457 ejus
2878 4398 2933 4442 ut
2976 4405 3112 4443 nunc
3156 4405 3245 4444 ve-

1653 4477 1804 4532 niret.
1862 4477 2068 4533 Deinde
2121 4493 2189 4533 ne
2240 4477 2483 4534 dicerent
2520 4478 2636 4534 hanc
2688 4493 2811 4535 esse
2863 4479 3145 4536 obtentum
3191 4490 3246 4534 et

1653 4568 2064 4640 subterfuginm,
2084 4570 2393 4641 subjunxit:
2426 4569 2595 4625 Veniet
2616 4580 2804 4636 autent,
2828 4586 2943 4625 cum
2968 4572 3015 4625 ei
3037 4586 3246 4625 vacuum

1655 4661 1830 4731 fuerit.
1850 4660 1943 4716 Sic
1970 4669 2025 4716 ct
2043 4661 2190 4717 illum
2213 4661 2450 4718 defendit
2473 4677 2537 4717 ac
2556 4663 2853 4729 excusavit,
2876 4671 2929 4717 et
2947 4678 3132 4718 eorum
3154 4664 3247 4734 qui

1656 4755 1829 4825 ipsum
1884 4753 2260 4811 desiderabant
2305 4757 2419 4825 spei
2466 4755 2745 4811 satisfecit.
2801 4755 3004 4812 Deinde
3058 4766 3247 4813 osten-

1655 4848 1791 4903 dens
1836 4848 1982 4917 ipsos
2027 4864 2131 4902 non
2174 4849 2226 4903 in
2273 4849 2578 4919 magistris,
2624 4849 2720 4904 sed
2753 4849 2803 4902 in
2831 4848 3022 4919 seipsis
3049 4849 3249 4905 debere

1657 4955 1807 5008 spem
1836 4941 2023 4995 salutis
2053 4941 2270 5006 habere,
2303 4941 2436 4996 dicit
2462 4962 2475 4996 :
2500 4942 2587 4996 15.
2624 4940 2861 5012 Vigilate,
2894 4949 3021 4994 state
3049 4942 3102 4994 in
3123 4942 3245 5009 ﬁde.

1655 5030 1771 5089 Non
1804 5032 1859 5086 in
1894 5040 2115 5087 externa
2143 5032 2438 5101 sapientia;
2469 5047 2574 5087 non
2618 5041 2701 5088 est
2748 5033 2891 5087 eiiim
2941 5030 3052 5087 illic
3080 5041 3248 5094 stare,

1658 5125 1752 5180 sed
1776 5125 1934 5189 ferri,
1957 5126 2095 5180 sicut
2110 5125 2322 5195 quidem
2340 5111 2486 5180 certe
2503 5136 2645 5181 stare
2666 5126 2715 5179 in
2743 5125 2847 5181 fide
2868 5126 3136 5181 convenit.
3169 5124 3253 5176 l'i-

1658 5219 1820 5272 riliter
1845 5218 1980 5288 agite
2014 5228 2062 5273 et
2091 5218 2470 5283 confortamini.
2502 5218 2589 5273 M.
2624 5216 2813 5273 Omnia
2840 5228 3003 5272 vestra
3031 5218 3084 5271 in
3121 5219 3252 5269 cari-

1660 5319 1760 5364 tate
1801 5310 1957 5379 ﬁant.
1999 5308 2124 5364 Haec
2153 5320 2330 5364 autem
2361 5309 2548 5366 dicens
2579 5310 2789 5365 videtur
2816 5308 3034 5380 quidem
3064 5309 3251 5363 admu-

1660 5417 1827 5467 nere;
1860 5402 1982 5456 illos
2005 5411 2184 5456 autem
2214 5401 2381 5471 tangit
2410 5410 2681 5472 tamquam
2715 5401 2897 5473 pigros
2931 5410 2986 5457 et
3014 5400 3253 5456 desides.

1663 5493 1732 5548 Et
1760 5493 1880 5548 ideo
1908 5492 2064 5559 dicit,
2109 5492 2357 5566 Vigilate,
2388 5501 2657 5564 tamquam
2699 5494 2778 5549 eis
2818 5491 3253 5555 dormientibus;

1667 5586 1844 5652 State,
1877 5594 2144 5656 tamquam
2186 5586 2521 5653 labantibus;
2572 5586 2801 5642 Viriliter
2834 5588 2969 5658 agite
3006 5595 3055 5639 et
3099 5585 3259 5655 fortes

1670 5688 1842 5747 estote,
1876 5689 1933 5734 ut
1967 5679 2054 5749 qui
2084 5686 2264 5734 essent
2301 5679 2531 5747 molles;
2568 5681 2753 5734 Omnia
2781 5691 2943 5734 vestra
2968 5681 3018 5733 in
3047 5678 3263 5731 caritate

2821 5770 2898 5828 21s
