3802 6386
399 297 504 356 375

395 414 558 480 (iant,
603 416 662 464 ut
704 410 796 482 qui
836 407 1157 466 seditionem
1203 411 1425 481 agitent.
1478 407 1546 463 Et
1591 407 1848 464 adversus
1883 420 1989 463 eos

396 502 616 573 quidem
643 501 734 573 qui
764 500 1074 571 decipiunt,
1104 510 1188 557 est
1217 501 1348 556 illud
1370 541 1388 569 ,
1429 498 1669 572 Vigilate,
1703 511 1862 565 state;
1888 499 1988 555 ad-

395 607 588 648 versus
615 607 712 649 eos
739 603 918 649 autem
949 593 1038 663 qui
1076 593 1427 657 insidiantur,
1468 603 1554 649 est
1595 595 1726 661 hoc,
1767 592 1990 648 Viriliter

399 685 577 756 agile;
611 685 875 741 adversus
905 700 1000 741 eos
1036 701 1166 740 vero
1191 685 1282 756 qui
1324 684 1643 741 seditionem
1686 685 1888 755 agitant
1933 693 1991 739 et

401 785 667 832 conantur
707 775 966 833 divellere
999 791 1062 833 ac
1103 776 1438 840 distrahere,
1470 787 1554 833 est
1596 778 1761 842 illud,
1802 777 1990 832 Omnia

390 879 561 924 vestra
589 870 644 924 in
683 869 895 925 caritate
937 870 1100 936 ﬁant;
1144 870 1284 939 quod
1329 870 1543 941 quidem
1588 879 1672 926 est
1716 871 1987 925 vinculum

393 961 779 1030 perfectionis,
820 971 875 1017 et
914 961 1064 1017 radix
1110 959 1335 1032 forisque
1373 966 1660 1019 bonorum.
1718 963 1853 1028 Quid
1904 971 1988 1018 est

391 1065 573 1108 autem
605 1053 774 1121 illud,
814 1053 1002 1108 Omnia
1030 1054 1085 1108 in
1127 1054 1379 1108 caritate?
1422 1054 1546 1110 Sive
1589 1057 1851 1126 quispiam
1901 1056 1987 1110 in-

393 1156 578 1216 crepat
608 1188 623 1213 ,
674 1146 884 1217 inquit,
935 1146 1051 1201 sive
1087 1146 1349 1216 imperat,
1393 1147 1507 1202 sive
1543 1155 1696 1217 paret
1734 1148 1982 1217 imperio,

391 1240 505 1293 sive
553 1237 746 1304 discit,
790 1239 906 1294 sive
945 1238 1138 1306 docet,
1171 1239 1351 1295 omnia
1392 1254 1515 1295 cum
1556 1239 1797 1294 caritate.
1849 1237 1984 1294 Nam

391 1343 446 1388 et
485 1342 678 1389 cuncta
707 1349 828 1403 qua:
871 1333 1011 1389 dicta
1053 1343 1212 1400 sunt,
1255 1333 1378 1389 ideo
1419 1333 1787 1403 contigerant,
1838 1331 1982 1401 quod

389 1426 587 1481 caritas
625 1427 865 1498 neglecta
899 1425 1104 1481 fuisset.
1152 1425 1285 1480 Nam
1322 1424 1368 1480 si
1398 1439 1462 1480 ea
1494 1439 1600 1480 non
1627 1433 1772 1480 esset
1800 1424 1986 1494 negle—

389 1530 497 1583 «ιιι,
540 1534 646 1573 non
680 1517 908 1574 fuissent
941 1517 1145 1582 inflati,
1185 1532 1292 1573 non
1319 1517 1612 1584 dixissent,
1645 1516 1755 1587 Ego
1781 1516 1983 1586 quidem

391 1627 503 1664 sum
546 1608 739 1672 Pauli,
775 1626 866 1679 ego
904 1625 1021 1664 vero
1052 1609 1236 1681 Apollo
1273 1609 1358 1681 (1.
1389 1609 1508 1665 Cor.
1541 1609 1590 1663 1.
1621 1606 1724 1682 12)
1750 1625 1764 1664 :
1795 1609 1838 1662 si
1869 1609 1980 1678 ipsa

390 1703 688 1770 adfuisset,
721 1716 828 1758 non
869 1701 998 1758 foris
1032 1701 1240 1773 judicio
1279 1701 1710 1766 contendissent,
1758 1701 1866 1755 imo
1913 1715 1982 1756 ne

387 1795 791 1850 contendissent
822 1794 1037 1865 quidem
1063 1810 1080 1848 :
1127 1794 1171 1848 si
1203 1793 1317 1865 ipsa
1345 1791 1622 1858 adfuisset,
1648 1793 1737 1848 ille
1757 1807 1979 1848 uxorem

388 1888 557 1956 patris
599 1901 706 1942 non
737 1886 1068 1956 accepisset,
1100 1900 1206 1940 non
1249 1884 1441 1941 fratres
1472 1885 1712 1940 infirmos
1740 1895 1982 1939 contem-

386 1979 642 2048 psissent,
672 1978 906 2034 hmreses
934 1993 1042 2033 non
1071 1977 1402 2043 habuissent,
1425 1990 1644 2048 propter
1657 1975 1980 2031 charismata

386 2073 601 2126 inanem
641 2070 867 2141 gloriam
911 2086 1017 2124 non
1062 2070 1458 2139 concepissent.
1489 2068 1778 2138 Propterea
1808 2067 1977 2136 dicit,

385 2163 576 2220 Omnia
606 2179 728 2220 cum
760 2166 983 2220 caritate
1009 2163 1161 2219 fiant.
1187 2165 1272 2219 15.
1300 2162 1519 2219 Obsecro
1544 2172 1710 2217 autem
1733 2178 1840 2229 uos,
1872 2167 1982 2236 fra-

387 2265 526 2320 tres,
573 2257 736 2310 nostis
783 2257 990 2310 domum
1035 2255 1316 2327 Stephano:
1339 2297 1354 2321 ,
1398 2255 1536 2325 quod
1573 2264 1690 2309 sunt
1740 2254 1982 2324 primitiis

384 2350 614 2415 Achaica,
634 2363 680 2405 et
700 2353 756 2406 in
778 2352 1058 2407 ministerio
1075 2363 1365 2407 sanctorunt
1382 2351 1742 2406 ordinaverunt
1762 2349 1974 2419 seipsos.

462 2441 518 2496 2.
553 2441 730 2497 Etiam
761 2443 812 2497 in
862 2443 1017 2498 initio
1064 2444 1221 2515 hujus
1249 2445 1495 2500 meminit
1531 2445 1748 2507 dicens,
1796 2442 1979 2512 Bapti-

386 2534 498 2587 καινί
525 2543 695 2588 autem
739 2543 786 2588 et
812 2533 1092 2605 Stephano:
1138 2536 1343 2590 domum
1385 2536 1483 2605 (1.
1515 2533 1633 2591 Cor.
1660 2535 1828 2606 1.16)
1871 2552 1884 2589 :
1925 2543 1980 2590 et

392 2639 538 2679 nunc
560 2639 676 2679 eam
703 2625 836 2680 dicit
863 2640 985 2681 esse
1011 2627 1274 2697 primitias
1298 2667 1314 2695 ,
1356 2642 1461 2682 non
1497 2626 1668 2681 solum
1699 2625 1974 2692 Corinthi,

388 2715 484 2772 sed
535 2726 591 2772 et
641 2719 804 2772 totius
841 2717 1090 2774 Graeciae.
1121 2719 1235 2774 Non
1278 2727 1364 2774 est
1401 2728 1580 2774 autem
1621 2718 1722 2774 hoc
1764 2733 1978 2788 quoque

387 2822 608 2877 parvum
639 2809 962 2875 encomium,
993 2811 1290 2866 accessisse
1317 2812 1549 2881 primum
1575 2810 1642 2864 ad
1675 2810 1974 2866 Christum.

385 2900 742 2968 Quamobrem
773 2903 936 2958 etiam
989 2905 1040 2958 in
1095 2903 1334 2975 Epistola
1365 2904 1431 2958 ad
1481 2905 1754 2959 Romanos
1799 2920 1865 2960 ex
1913 2918 1980 2960 eo

385 2993 645 3062 quosdam
671 2993 895 3050 laudans
925 2994 1140 3050 dicebat
1171 3012 1186 3049 :
1221 2995 1324 3063 Qui
1361 2997 1512 3050 etiam
1561 3004 1680 3050 ante
1721 3011 1800 3050 me
1824 2996 1980 3066 geniti

384 3086 574 3139 suntin
605 3085 808 3140 Christo
843 3087 1019 3158 (Rom.
1053 3088 1141 3142 16.
1172 3087 1249 3160 7).
1293 3086 1404 3144 Nec
1450 3088 1585 3142 dixit
1637 3102 1732 3144 eos
1776 3088 1979 3158 primos

388 3176 706 3244 credidisse,
733 3177 826 3233 sed
850 3178 1015 3234 fuisse
1047 3179 1336 3249 primitias,
1365 3179 1678 3243 ostendens,
1710 3194 1831 3234 cum
1876 3178 1980 3234 fide

389 3268 556 3322 vitam
581 3270 740 3324 etiam
762 3271 1017 3340 optimam
1035 3271 1364 3337 exhibuisse,
1389 3279 1658 3341 tamquam
1689 3286 1755 3325 ex
1789 3270 1978 3325 fructi-

397 3363 516 3427 bus,
533 3379 592 3419 se
617 3365 762 3419 omni
783 3380 848 3420 ex
873 3375 1022 3434 parte
1041 3364 1230 3436 dignos
1252 3365 1574 3436 praebentes.
1595 3363 1819 3436 Oportet
1837 3367 1979 3420 enim

390 3456 655 3525 primitias
674 3471 794 3514 esse
810 3457 1062 3513 meliores
1079 3459 1309 3524 caeteris,
1325 3473 1550 3528 quorum
1567 3467 1692 3514 sunt
1712 3459 1978 3529 primitim:

390 3547 534 3618 quod
567 3549 650 3604 his
676 3565 890 3620 quoque
928 3565 1026 3620 per
1054 3550 1192 3606 hanc
1229 3551 1519 3606 dictionem
1549 3565 1647 3606 suo
1679 3551 1982 3606 testimonio

392 3641 578 3696 tribuit
609 3641 824 3696 Paulus.
847 3641 962 3696 Non
994 3644 1138 3699 enim
1172 3643 1344 3697 solum
1367 3685 1382 3711 ,
1407 3644 1547 3697 sicut
1575 3642 1683 3698 dixi
1711 3683 1725 3704 ,
1756 3658 1882 3698 vere
1904 3653 1981 3701 et

391 3734 602 3789 sincere
631 3733 999 3802 crediderunt,
1024 3734 1118 3790 sed
1151 3735 1310 3790 etiam
1363 3735 1585 3790 multam
1629 3735 1984 3792 ostenderunt

394 3827 667 3896 pietatem,
688 3838 1038 3899 vegetamque
1058 3829 1330 3893 virtutem,
1346 3839 1402 3884 et
1417 3829 1467 3883 in
1481 3830 1839 3901 eleemosynis
1860 3829 1983 3884 dan-

388 3919 472 3974 dis
494 3918 938 3975 munificentiam.
961 3921 1078 3976 Non
1124 3923 1296 3977 solum
1315 3931 1493 3978 autem
1515 3922 1667 3990 hinc,
1700 3922 1794 3977 sed
1821 3929 1981 3978 etiam

389 4010 610 4067 aliunde
652 4026 840 4067 eorum
870 4013 1102 4068 ostendit
1125 4013 1408 4084 pietatem,
1442 4030 1508 4069 ex
1548 4029 1614 4070 eo
1649 4014 1791 4086 quod
1817 4024 1984 4072 totam

387 4101 1203 4175 domum.pietateimpleverint.
1217 4105 1369 4174 Quod
1394 4115 1573 4161 autem
1597 4108 1746 4162 bonis
1770 4123 1985 4178 quoque

388 4195 643 4264 operibus
667 4203 724 4252 et
746 4205 894 4252 recte
921 4197 1074 4253 factis
1097 4207 1281 4254 essent
1303 4198 1498 4264 ornati,
1524 4199 1787 4270 significat
1808 4217 1902 4270 per
1919 4215 1982 4258 ea

389 4301 514 4358 quae
529 4285 784 4358 deinceps
809 4297 1126 4359 sequuntur,
1146 4289 1330 4346 dicens
1353 4305 1370 4345 :
1390 4288 1454 4344 In
1485 4291 1761 4346 ministerio
1779 4303 1985 4347 sancto-

395 4399 513 4438 rum
569 4381 930 4439 ordinaverunt
995 4385 1208 4454 seipsos.
1266 4385 1557 4440 Audivistis
1610 4385 1986 4456 hospitalitatis

389 4486 584 4546 quanta
613 4477 721 4532 sint
741 4477 984 4532 encomia
1001 4477 1025 4531 ?
1044 4477 1160 4532 Non
1179 4480 1321 4533 enim
1346 4477 1500 4544 dixit,
1527 4477 1848 4546 Ministrant,
1867 4478 1981 4544 sed,

398 4568 780 4624 Ordinaverunt
808 4569 1000 4640 seipsos
1017 4582 1037 4618 :
1053 4568 1191 4624 hanc
1219 4569 1383 4624 vitam
1408 4579 1666 4638 perpetuo
1684 4571 1981 4637 elegerunt,

393 4662 450 4718 in
480 4661 580 4718 hac
611 4677 670 4718 se
696 4670 952 4718 exercent
973 4662 1342 4716 meditatione.
1371 4661 1459 4717 16.
1493 4660 1561 4716 Ut
1585 4671 1632 4715 et
1678 4677 1768 4715 vos
1796 4663 1986 4717 subditi

389 4753 502 4808 sitis
532 4754 806 4819 ejusmodi.
838 4753 950 4808 l-loe
995 4762 1096 4820 est,
1131 4763 1190 4808 ut
1214 4753 1350 4808 alter
1379 4753 1532 4808 alteri
1574 4767 1732 4824 opem
1767 4753 1982 4822 feratis,

391 4853 449 4898 et
478 4845 544 4898 ad
575 4846 844 4914 impensas
865 4845 1106 4915 pecuniae
1123 4853 1178 4899 et
1202 4844 1268 4898 ad
1295 4844 1599 4900 obeundum
1628 4845 1984 4902 ministerium

392 4938 658 5004 corporis,
691 4945 746 4988 ut
773 4936 1206 4991 communicetis.
1226 4933 1360 4990 Nam
1390 4935 1494 4991 illis
1524 4935 1676 4991 labor
1704 4940 1808 4991 erit
1831 4938 1982 5006 levis,

403 5024 617 5094 quando
662 5025 952 5082 habuerint
997 5028 1208 5092 socios,
1237 5036 1292 5082 et
1336 5027 1403 5082 ad
1453 5031 1633 5098 plures
1679 5033 1986 5086 transiverit

394 5117 738 5173 beneficium.
777 5119 844 5174 Et
869 5137 974 5176 non
998 5121 1135 5176 dixit
1161 5122 1427 5188 absolute,
1455 5120 1830 5192 Cooperamini
1853 5164 1868 5188 ,
1891 5123 1986 5179 sed

404 5211 567 5264 etiam
609 5211 661 5265 in
692 5211 758 5266 iis
787 5228 906 5282 quae
927 5212 1186 5284 jusserint
1215 5225 1396 5284 parete
1415 5255 1428 5278 ,
1456 5223 1761 5270 accuratam
1807 5224 1987 5270 osten-

392 5300 528 5356 dens
556 5301 939 5358 obedientiam.
973 5305 1037 5359 Et
1068 5321 1134 5360 ne
1164 5307 1243 5361 eis
1282 5305 1527 5361 videatur
1551 5304 1860 5376 gratificari,
1893 5305 1987 5360 ad-

397 5391 573 5448 didit:
595 5392 664 5447 Et
690 5395 828 5448 omni
849 5397 1144 5465 coeperanti
1170 5406 1215 5452 et
1229 5396 1510 5452 laboranti.
1527 5397 1652 5452 Hzec
1673 5398 1762 5458 sit,
1791 5397 1984 5467 inquit,

394 5488 486 5544 lex
538 5487 886 5543 communis:
933 5503 1110 5560 neque
1154 5493 1296 5545 enim
1339 5489 1587 5559 privatim
1631 5505 1696 5544 ac
1743 5503 1984 5544 seorsum

398 5582 524 5639 dico
552 5583 620 5638 de
646 5582 751 5639 illis
771 5623 786 5649 ,
828 5581 922 5638 sed
952 5583 994 5636 si
1027 5583 1148 5654 quis
1173 5593 1249 5637 est
1281 5582 1386 5637 illis
1412 5582 1638 5649 similis,
1665 5583 1748 5637 his
1775 5598 1987 5653 quoque

394 5675 624 5732 fruatur.
674 5675 964 5747 Propterea
1014 5685 1070 5732 et
1111 5688 1207 5731 eos
1256 5675 1516 5744 incipiens
1568 5674 1982 5741 commendare,

393 5769 546 5840 ipsos
585 5784 800 5842 quoque
828 5777 1020 5828 evocat
1064 5777 1257 5836 testes,
1309 5766 1536 5824 dicens:
1569 5764 1786 5822 Obsecro
1822 5779 1987 5823 autem

1060 295 1116 352 δ.
1154 291 1432 351 JOANNIS
1466 289 1942 350 σιιιιγδοετοδιι

2114 290 2304 350 :HIEP.
2343 291 2876 355 CONSTANTINOP.

3582 303 3675 362 876

2100 421 2188 462 vos
2207 451 2220 472 ,
2253 408 2410 464 nostis
2437 410 2644 466 domum
2692 412 2992 483 Stephants.
3017 411 3177 472 Scitis
3208 457 3223 481 ,
3275 416 3480 490 inquit,
3510 431 3566 478 et
3592 439 3674 481 vos

2095 500 2368 568 quomodo
2395 500 2663 570 laborant,
2698 520 2875 576 neque
2904 521 3042 578 opus
3070 519 3154 565 est
3180 520 3237 566 ut
3269 526 3301 566 a
3330 512 3492 568 nobis
3511 513 3674 570 disca-

2096 591 2184 646 tis.
2216 592 2303 646 17.
2331 591 2550 650 Gavisus
2576 613 2690 651 sum
2714 607 2884 652 autent
2939 601 2992 655 in
3024 605 3299 672 prasentia
3329 599 3611 675 Stephants
3633 617 3675 662 et

2095 680 2370 738 Fortunati
2411 695 2460 740 et
2505 687 2754 756 Achaici,
2787 692 3029 760 quoniam
3057 693 3113 747 id
3166 697 3304 764 quod
3332 698 3470 751 vobis
3514 698 3673 750 deerat

2093 774 2194 843 ipsi
2221 777 2582 848 suppleverunt
2602 796 2621 836 :
2645 780 2732 836 18.
2762 786 3050 853 refecerunt
3074 786 3209 840 enim
3249 804 3417 842 meum
3443 790 3673 858 spiritum

2093 873 2141 918 et
2165 875 2404 922 vestrum.
2455 870 2720 937 Quoniam
2767 883 2886 928 erat
2931 875 3223 933 verisimile
3282 893 3378 933 eos
3425 881 3673 935 adversus

2093 955 2242 1028 ipsos
2278 975 2402 1018 esse
2445 963 2716 1031 irritatos;
2758 966 2792 1020 ii
2820 968 2967 1024 enim
3009 981 3162 1025 erant
3191 973 3280 1041 qui
3327 983 3588 1029 venerant
3625 983 3674 1029 et

2091 1049 2413 1109 seditionem
2443 1055 2492 1109 ei
2530 1057 3003 1126 significaverant;
3032 1075 3129 1130 per
3159 1063 3302 1133 ipsos
3330 1064 3474 1118 enim
3521 1068 3673 1121 etiam

2090 1143 2422 1214 scripserant
2459 1147 2526 1202 de
2555 1149 2856 1220 virginibus
2881 1162 2936 1207 et
2963 1154 3307 1210 matrimonio
3332 1157 3628 1227 conjunctis
3657 1176 3669 1213 :

2087 1233 2213 1290 vide
2246 1237 2519 1306 quomodo
2543 1254 2638 1296 eos
2659 1243 2889 1314 mitigat,
2919 1245 2968 1300 in
3014 1247 3277 1320 principio
3303 1250 3521 1319 quidem
3561 1253 3671 1322 epi-

2088 1327 2241 1384 stolae
2264 1329 2454 1386 dicens
2481 1354 2495 1389 :
2520 1332 2884 1406 Signiﬁcatum
2911 1347 2986 1393 est
3006 1341 3150 1395 enim
3173 1384 3188 1405 ,
3228 1343 3433 1412 inquit,
3466 1346 3590 1400 mihi
3618 1348 3673 1400 de

2085 1418 2225 1474 vobis
2249 1420 2313 1474 ab
2355 1422 2420 1478 iis
2460 1427 2552 1494 qui
2595 1437 2716 1481 sunt
2759 1425 2944 1485 Chloes
2978 1429 3053 1504 (1.
3084 1432 3202 1488 Cor.
3230 1435 3278 1489 1.
3306 1435 3437 1506 11);
3483 1447 3541 1493 et
3581 1437 3673 1494 hos

2087 1517 2271 1573 celans
2298 1529 2354 1574 et
2380 1519 2502 1576 illos
2531 1521 2583 1575 in
2611 1522 2844 1579 medium
2871 1525 3180 1591 adducens;
3213 1540 3329 1584 erat
3357 1532 3504 1586 enim
3535 1533 3672 1587 veri-

2087 1607 2268 1665 simile
2294 1610 2420 1666 illos
2452 1627 2549 1682 per
2575 1613 2674 1670 hos
2698 1615 3007 1674 declarasse
3033 1636 3045 1672 :
3073 1619 3162 1676 hic
3187 1632 3368 1677 autem
3388 1666 3403 1688 ,
3444 1621 3519 1677 Id
3544 1627 3675 1695 quod

2085 1702 2224 1756 vobis
2270 1703 2478 1772 deerat,
2537 1707 2638 1778 ipsi
2679 1710 3077 1781 suppleverunt,
3109 1723 3156 1768 et
3196 1719 3479 1786 refecerunt
3515 1735 3673 1773 meum

2085 1795 2326 1862 spiritum
2349 1807 2398 1852 et
2426 1813 2646 1854 vestrum
2659 1819 2681 1866 ;
2708 1803 3003 1859 ostendens
3023 1820 3118 1860 eos
3143 1807 3357 1864 venisse
3386 1824 3487 1878 pro
3508 1811 3673 1865 omni-

2085 1884 2207 1954 bus,
2222 1895 2278 1942 et
2291 1901 2384 1942 sua
2405 1899 2596 1959 sponte
2619 1901 2817 1948 tantam
2837 1897 3140 1966 suscepisse
3164 1900 3668 1970 peregrinationem.

2086 1975 2370 2044 Quomodo
2393 1995 2524 2050 ergo
2551 1983 2692 2052 quod
2715 1993 2798 2040 est
2836 1987 3107 2056 proprium
3140 1989 3230 2044 fiet
3265 1992 3590 2047 commune?
3619 1993 3670 2049 Si

2083 2069 2226 2139 quod
2253 2071 2408 2128 vobis
2437 2073 2610 2129 defuit
2640 2079 2900 2146 reparetis
2928 2094 3025 2148 per
3054 2090 3287 2136 vestram
3315 2084 3369 2138 in
3394 2099 3488 2140 eos
3513 2085 3672 2142 bene-

2086 2159 2397 2227 volentiam,
2430 2163 2476 2218 si
2499 2178 2592 2220 eos
2623 2163 2925 2235 honoretis,
2959 2169 3004 2223 si
3051 2171 3354 2242 excipiatis,
3381 2174 3425 2229 si
3469 2174 3668 2231 beneﬁ-

2084 2252 2278 2306 centia:
2305 2256 2715 2312 communicetis
2741 2274 2758 2314 :
2788 2258 3015 2331 ideoque
3041 2262 3201 2330 dicit,
3226 2263 3529 2336 Cognoscite
3551 2285 3668 2341 ergo

2081 2343 2170 2414 qui
2209 2345 2460 2414 ejusmodi
2489 2359 2626 2402 sunt.
2661 2348 2730 2405 Et
2758 2349 2982 2408 laudans
3005 2369 3101 2410 eos
3137 2356 3225 2426 qui
3256 2369 3658 2427 convenerant,

2080 2448 2178 2489 eos
2205 2451 2417 2506 quoque
2445 2453 2567 2494 cum
2596 2439 2753 2497 laude
2778 2444 3053 2515 coniungit
3081 2447 3168 2516 qui
3215 2447 3364 2502 missi
3403 2457 3593 2514 erant,
3617 2457 3670 2505 et

2083 2525 2174 2595 qui
2201 2527 2497 2597 miserant,
2525 2530 2710 2586 dicens
2753 2550 2767 2587 :
2797 2532 3101 2604 Refecerunt
3145 2554 3310 2592 meum
3351 2540 3591 2608 spiritum
3626 2551 3669 2595 st

2083 2625 2323 2672 vestrum.
2355 2619 2652 2691 Cognoscite
2687 2639 2808 2694 ergo
2849 2627 2938 2696 qui
2960 2635 3078 2681 sunt
3106 2629 3354 2697 ejusmodi
3373 2671 3385 2692 ,
3417 2631 3670 2700 quoniam

2083 2719 2304 2778 propter
2359 2726 2458 2766 vos
2517 2714 2739 2782 patriam
2785 2724 2840 2770 et
2888 2716 3108 2772 domum
3167 2719 3516 2790 reliquerunt.
3571 2721 3664 2777 Vi-

2082 2801 2263 2856 distin’
2287 2803 2675 2873 prudentiaml
2706 2823 2811 2862 non
2843 2810 3017 2866 solum
3049 2812 3234 2880 Paulo,
3263 2814 3357 2869 sed
3387 2815 3492 2870 illis
3507 2817 3672 2871 etiam

2083 2908 2180 2948 eos
2207 2895 2444 2950 ostendit
2467 2911 2590 2953 esse
2627 2900 2955 2969 gratificatos
2977 2943 2992 2967 ,
3033 2902 3177 2974 quod
3209 2913 3372 2959 totam
3400 2907 3672 2962 civitatem

2085 2984 2139 3039 in
2183 3000 2244 3040 se
2285 2986 2670 3044 circumferant
2702 3009 2716 3046 :
2749 2993 2890 3063 quod
2930 3009 3024 3049 eos
3071 2997 3230 3051 etiam
3261 2998 3520 3055 reddebat
3572 3000 3676 3056 ﬁde

2084 3077 2274 3147 dignos
2295 3123 2310 3146 ,
2339 3093 2394 3136 et
2433 3097 2537 3137 non
2586 3085 2795 3140 sinebat
2848 3101 2943 3142 eos
2972 3088 3041 3142 ab
3071 3089 3180 3143 illis
3217 3091 3459 3147 absciudi
3481 3135 3497 3158 ,
3530 3103 3673 3148 tam-

2082 3187 2240 3241 quam
2272 3173 2362 3240 qui
2406 3189 2502 3243 per
2539 3175 2683 3245 ipsos
2723 3177 2789 3232 ad
2839 3179 3056 3234 Paulum
3105 3192 3287 3236 essent
3314 3184 3558 3242 adducti.
3589 3185 3672 3241 19.

2084 3261 2329 3317 Salutant
2350 3280 2436 3318 vos
2476 3283 2650 3323 omnes
2698 3268 2943 3325 Ecclesia
2969 3271 3125 3328 Asiaz.
3153 3272 3379 3344 Semper
3422 3280 3576 3348 cogit
3623 3291 3677 3333 et

2084 3359 2414 3427 conglutinat
2461 3362 2701 3417 membra
2750 3378 2846 3432 per
2874 3366 3276 3422 salutationem.
3305 3369 3557 3425 Salutant
3593 3387 3677 3426 eos

2083 3453 2136 3506 in
2190 3451 2413 3508 Domino
2467 3455 2684 3509 multum
2728 3457 2915 3527 Aquila
2964 3469 3012 3513 et
3067 3458 3330 3515 Priscilla.
3372 3463 3536 3531 Apud
3586 3480 3679 3520 eos

2083 3544 2226 3599 enim
2260 3545 2529 3606 manebat.
2554 3562 2673 3602 cum
2701 3558 2844 3604 esset
2871 3559 3155 3606 contestor
3183 3553 3676 3612 tabernaculorum.

2085 3634 2210 3690 Cum
2254 3636 2530 3694 domestica
2583 3657 2677 3694 sua
2719 3641 2950 3697 ecclesia.
2981 3643 3096 3700 Hoc
3122 3659 3337 3716 quoque
3364 3663 3478 3702 non
3511 3664 3678 3720 parva

2086 3739 2168 3783 est
2212 3731 2419 3797 virtus,
2468 3731 2609 3801 quod
2659 3733 2876 3788 domum
2935 3733 3194 3790 fecissent
3238 3738 3554 3795 ecclesiam.
3587 3740 3680 3797 20.

2087 3821 2330 3877 Salutant
2358 3839 2444 3878 uos
2467 3841 2638 3880 omnes
2659 3827 2865 3897 fratres.
2897 3827 3131 3885 Salutate
3165 3830 3376 3886 invicem
3404 3833 3464 3886 in
3505 3836 3685 3889 osculo

2085 3924 2282 3969 sancto.
2305 3915 2416 3970 Hoc
2446 3917 2615 3972 sancti
2647 3918 2815 3974 osculi
2841 3917 2928 3974 hic
2955 3921 3131 3976 solum
3156 3923 3307 3994 potiit
3334 3924 3686 3982 additamen-

2088 4017 2221 4063 tum.
2246 4007 2653 4076 Quamobrem?
2703 4010 2874 4068 Valde
2914 4012 3056 4068 inter
3097 4028 3159 4068 se
3193 4014 3571 4086 dissidebant,
3621 4033 3690 4074 eo

2087 4101 2232 4172 quod
2282 4101 2527 4157 dicerent
2557 4120 2573 4157 :
2603 4101 2717 4174 Ego
2759 4103 2961 4172 quidem
3001 4121 3112 4160 sum
3144 4103 3340 4174 Pauli,
3369 4123 3465 4178 ego
3511 4118 3690 4164 autem

2087 4191 2296 4263 Apollo,
2311 4209 2401 4264 ego
2427 4203 2596 4248 autem
2612 4194 2816 4264 (Iephte,
2830 4212 2921 4266 ego
2938 4212 3053 4250 vero
3067 4195 3253 4252 Christi
3267 4197 3312 4267 (1
3331 4236 3344 4250 .
3361 4196 3521 4255 Cor.1
3535 4200 3654 4269 .19.)
3673 4219 3688 4255 :

2088 4300 2154 4341 eo
2165 4285 2308 4357 quod
2327 4286 2461 4340 alius
2476 4286 2691 4356 quidem
2718 4290 2967 4356 esuriret,
2993 4288 3131 4343 alius
3148 4305 3275 4344 vero
3295 4300 3442 4345 esset
3460 4292 3655 4348 ebrius
3675 4312 3690 4348 :

2088 4394 2154 4435 eo
2180 4379 2322 4449 quod
2353 4379 2613 4435 haberent
2653 4395 2856 4452 pugnas
2885 4392 2938 4436 et
2983 4383 3354 4438 aemulationes
3382 4393 3441 4439 et
3471 4386 3607 4442 lites
3631 4401 3693 4441 ac

2085 4474 2322 4546 judicia,
2367 4484 2423 4529 et
2470 4489 2535 4529 ex
2585 4474 2739 4529 donis
2789 4491 2982 4546 magna
3025 4483 3140 4530 erat
3188 4477 3426 4541 invidia,
3490 4493 3692 4550 magna

2088 4568 2336 4639 superbia
2363 4577 2418 4622 et
2443 4569 2768 4637 arrogantia.
2794 4569 3086 4638 Postquam
3124 4584 3252 4639 ergo
3275 4584 3372 4624 eos
3397 4571 3696 4641 conjunxit

2089 4673 2186 4729 per
2209 4657 2662 4724 exhortationem,
2693 4660 2885 4714 merito
2908 4659 3070 4714 etiam
3107 4660 3260 4729 jubet
3283 4659 3558 4732 conjungi
3593 4677 3691 4732 per

2088 4751 2334 4809 osculum
2373 4760 2640 4807 sanctum.
2674 4751 2787 4807 Hoc
2813 4752 2954 4806 enim
2985 4752 3132 4819 unit,
3180 4762 3234 4807 et
3262 4768 3428 4806 unum
3481 4767 3693 4824 corpus

2091 4842 2215 4898 facit
2243 4861 2256 4898 :
2281 4842 2386 4898 hoc
2425 4852 2508 4898 est
2536 4851 2780 4898 sanctum
2805 4883 2821 4909 ,
2849 4841 2992 4913 quod
3032 4857 3138 4897 non
3168 4853 3250 4898 est
3293 4859 3414 4897 cum
3462 4845 3604 4899 dolo
3644 4855 3698 4898 et

2089 4933 2451 4988 simulatione.
2475 4933 2567 4988 21.
2605 4932 2860 4989 Salutatio
2883 4949 2993 4988 mea
3040 4949 3194 4986 manu
3224 4932 3400 4988 Pauli.
3433 4935 3697 4990 Ostendit

2091 5043 2287 5097 magno
2314 5027 2492 5082 studio
2537 5026 2890 5095 compositam
2924 5025 3089 5081 fuisse
3117 5025 3398 5095 epistolam
3429 5043 3444 5080 :
3478 5037 3540 5081 et
3575 5028 3698 5080 ideo

2091 5120 2194 5176 hoc
2221 5119 2415 5187 adjecit
2453 5137 2468 5174 :
2494 5118 2584 5173 22.
2606 5118 2666 5173 Si
2690 5119 2803 5188 quis
2842 5133 2944 5172 non
2965 5127 3102 5172 amat
3132 5117 3410 5172 Dominum
3457 5130 3698 5174 nostrum

2089 5209 2123 5266 J
2129 5227 2268 5265 esum
2292 5208 2570 5273 Christum,
2589 5209 2654 5262 sit
2672 5208 2963 5264 anathema.

2162 5305 2216 5359 5.
2253 5302 2439 5357 Fastus
2475 5311 2597 5371 quot
2640 5303 2889 5356 malorum
2933 5317 3109 5356 causa.
3133 5329 3203 5342 —
3224 5300 3328 5356 Per
3366 5315 3550 5356 unum
3595 5301 3698 5356 hoc

2091 5399 2312 5454 verbum
2363 5410 2552 5451 omnes
2600 5396 2824 5462 terruit,
2874 5397 2964 5465 qui
3006 5397 3243 5450 membra
3269 5409 3366 5450 sua
3411 5394 3701 5452 faciebant

2093 5490 2335 5545 membra
2361 5488 2700 5553 meretricis;
2731 5503 2826 5544 eos
2855 5489 2945 5560 qui
2989 5487 3182 5543 fratres
3211 5487 3576 5544 ofl'eudebant
3606 5503 3700 5560 per

2093 5582 2366 5638 immolata
2389 5580 2570 5646 idolis,
2597 5595 2692 5636 eos
2711 5581 2803 5651 qui
2827 5579 3236 5636 nominabantur
3255 5594 3325 5634 ex
3351 5579 3699 5643 hominibus,

2093 5689 2188 5730 eos
2242 5674 2333 5744 qui
2384 5687 2490 5726 non
2541 5670 2832 5727 credebant
2886 5669 3290 5725 resurrectioni.
3343 5667 3471 5724 Non
3521 5672 3700 5726 solum

2102 5777 2280 5822 autem
2314 5765 2506 5820 terruit
2529 5806 2544 5834 ,
2577 5763 2671 5820 sed
2701 5765 2860 5821 etiam
2892 5761 3127 5820 ostendit
3165 5761 3303 5820 viam
3333 5762 3608 5834 virtutis,
3650 5770 3703 5817 et
