3802 6374
422 377 529 434 ΒἹῚ

421 485 672 552 λίζοντας
685 485 812 551 τοὺς
827 486 1093 554 ἀδελφοὺς
1109 487 1199 541 διά
1216 489 1323 541 τῶν
1347 488 1734 556 εἰδωλοθύτων,
1758 490 1884 554 τοὺς
1903 490 1996 543 ἀπ’

421 575 726 646 ἀνθρώπων
753 575 1212 648 ὀνομαζομένους,
1242 579 1370 643 τοὺς
1400 582 1465 650 τῇ
1495 580 1786 634 ἀναστάσει
1815 580 1997 633 διαπι-

421 669 704 733 στοῦντας.
741 669 856 722 Οὐκ
879 668 1113 739 ἐφόϐησε
1135 668 1192 721 δέ
1218 669 1398 740 μόνον,
1424 669 1561 723 άλλά
1592 670 1684 724 καὶ
1711 669 1879 734 ἐδειξε
1901 670 2000 740 τῆς

419 761 623 832 ἀρετῆς
647 760 746 831 τὴν
775 760 914 823 ὁδὸν,
945 761 1039 813 καὶ
1065 761 1165 830 τῆς
1193 761 1392 825 κακίας
1419 761 1518 832 τὴν
1551 762 1757 833 πηγήν.
1791 762 2001 832 ’Ὠσπερ

418 853 529 924 γὰρ
570 851 776 923 σφοδρά
821 851 954 922 περὶ
990 850 1151 904 αὐτὸν
1187 853 1221 922 ἡ
1253 851 1442 924 ἀγάπη
1489 853 1779 924 γενομένη,
1822 852 2000 904 πάντα

419 944 528 996 τῶν
565 943 983 1014 ἁμαρτημάτων
1004 943 1072 998 τά
1096 942 1210 1014 εἴδη
1243 945 1644 999 κατασϐέννυσι
1664 945 1758 998 καὶ
1786 943 1995 1009 ἐξωθεῖ·

419 1037 594 1100 οὓτως
632 1037 762 1090 ὅταν
787 1036 1152 1106 ἀσθενεστέρα
1193 1033 1251 1109 ᾗ,
1278 1037 1599 1107 βλαστάνειν
1629 1037 1802 1092 ταῦτα
1833 1037 1997 1092 ποιεῖ.

419 1127 762 1197 Μαραναθά.
805 1128 964 1191 Τίνος
997 1127 1184 1182 ἐνεκεν
1220 1129 1379 1182 τοῦτο
1424 1131 1640 1200 εἴρηται
1666 1148 1683 1196 ;
1715 1130 1768 1182 τί
1799 1129 2001 1199 δήποτε

419 1220 514 1272 καὶ
573 1219 814 1290 Ἐϐραΐδι
846 1223 1035 1292 φωνῇ;
1089 1220 1308 1292 Ἐπειδὴ
1355 1223 1574 1276 πάντων
1617 1221 1726 1274 τῶν
1756 1220 1941 1275 κακῶν
1972 1221 2002 1274 6

416 1309 585 1381 τῦφος
613 1312 786 1376 αίτιος
813 1307 902 1383 ἦν·
927 1312 1119 1366 τοῦτον
1151 1313 1208 1366 δὲ
1239 1313 1327 1366 τὸν
1355 1311 1523 1382 τῦφον
1549 1315 1582 1384 ἡ
1610 1313 1809 1377 ἔξωθεν
1839 1312 2001 1381 σοφία

418 1400 615 1464 ἐποίει,
662 1402 758 1455 καὶ
806 1402 964 1455 τοῦτο
1003 1403 1064 1456 τὸ
1106 1403 1400 1472 κεφάλαιον
1444 1403 1554 1456 τῶν
1591 1404 1778 1457 κακῶν
1828 1400 1919 1476 ἦν,
1970 1401 2002 1455 ὃ

421 1493 662 1564 μάλιστα
702 1493 804 1564 τὴν
850 1493 1116 1565 Κόρινθον
1149 1493 1443 1549 διέσπασε·
1482 1495 1862 1549 καταστέλλων
1903 1495 2001 1548 αὐ-

418 1587 527 1640 τῶν
556 1587 648 1641 τὸν
679 1587 867 1657 τῦφον,
900 1587 1022 1642 οὑδέ
1068 1587 1277 1642 Ἐλλάδι
1307 1588 1573 1659 κέχρηται
1597 1587 1840 1659 γλώσσῃ.
1865 1588 2001 1642 ἀλλὰ

418 1683 483 1752 τῇ
520 1680 781 1752 Ἐϐραΐδι,
809 1681 1024 1745 δεικνὺς
1046 1682 1127 1735 ὅτι
1159 1681 1218 1734 οὐ
1249 1679 1410 1751 μόνον
1435 1681 1536 1734 οὑκ
1564 1681 1877 1750 αἰσχύνεται
1901 1681 2000 1750 τὴν

421 1772 707 1837 ίδιωτείαν,
755 1773 894 1827 ἀλλά
947 1773 1044 1828 καὶ⁸
1100 1773 1240 1844 μετά
1293 1771 1498 1842 πολλῆς
1547 1770 1851 1837 ἀσπάζεται
1897 1773 2002 1843 τῆς

417 1866 772 1938 θερμότητος.
801 1865 866 1918 Τί
890 1865 948 1919 δέ
967 1867 1083 1918 ἐστι
1104 1861 1469 1932 Μαραναοά;
1501 1861 1562 1915 '0
1593 1863 1808 1931 Κύριος
1832 1862 2002 1931 ἡμῶν

415 1953 584 2027 ἦλθε.
619 1961 775 2025 Τίνος
825 1957 918 2016 οῦν
967 1962 1152 2015 ἐνεκεν
1191 1961 1324 2015 αὐτὸ
1351 1961 1511 2014 τοῦτό
1549 1979 1720 2032 φησι;
1761 1962 1865 2013 Τὸν
1899 1960 1999 2030 τῆς

415 2052 728 2123 οἰκονομίας
767 2053 1002 2123 βεϐαιῶν
1032 2053 1210 2122 λόγον,
1250 2053 1310 2119 ἐξ
1334 2046 1410 2108 ὧν
1453 2054 1690 2124 μάλιστα
1717 2053 1786 2107 τά
1836 2052 2001 2122 σπέρ-

421 2161 564 2215 ματα
583 2145 683 2215 τῆς
709 2146 1061 2210 ἀναστάσεως
1083 2146 1446 2201 συντέθεικεν·
1470 2147 1532 2199 ού
1559 2142 1718 2199 τοῦτο
1737 2144 1794 2199 δέ
1819 2146 1996 2216 μόνον,

417 2235 555 2289 ἀλλά
601 2237 694 2289 καὶ
732 2237 975 2301 ἐκείνους
1021 2239 1321 2310 ἐντρέπων,
1350 2239 1427 2302 ὡς
1474 2238 1542 2292 ἂν
1581 2239 1630 2290 εί
1676 2237 1894 2305 ἔλεγεν·
1941 2237 2000 2292 Ὅ

416 2327 600 2390 κοινὸς
644 2327 864 2381 πάντων
904 2329 1184 2400 Δεσπότης
1226 2329 1535 2399 καταϐῆναι
1573 2327 1827 2383 τοσοῦτον
1869 2346 2001 2382 κατ-

417 2415 638 2486 ηξίωσε,
666 2419 759 2471 καὶ
783 2419 942 2488 ὑμεῖς
969 2421 1027 2472 ἐν
1055 2422 1169 2484 τοῖς
1199 2421 1385 2484 αὑτοῖς
1415 2422 1562 2485 ἐστε,
1585 2421 1681 2474 καὶ
1709 2420 2000 2491 ἐπιμένετε

418 2508 862 2578 ἀμαρτάνοντες;
916 2510 1012 2564 καὶ
1061 2511 1122 2564 ού
1171 2510 1425 2582 φρίττετε
1477 2511 1575 2583 τῆς
1630 2510 1853 2581 ἀγάπης
1901 2510 2001 2580 τὴν

419 2598 744 2670 ὑπερϐολὴν,
771 2598 879 2653 τῶν
901 2599 1120 2668 ἀγαθῶν
1140 2600 1201 2652 τὸ
1223 2599 1517 2670 κεφάλαιον
1537 2617 1552 2666 ;
1589 2600 1870 2671 Ἐννόησον
1892 2601 2000 2669 γάρ

416 2689 576 2743 τοῦτο
599 2690 779 2762 μόνον,
817 2692 972 2762 φησὶ,
997 2691 1090 2746 καὶ
1118 2691 1346 2762 ἀρκέσει
1377 2709 1459 2745 σοι
1485 2693 1564 2756 είς
1589 2692 1771 2762 πάσης
1799 2690 2000 2762 ἀρετῆς

418 2782 722 2854 προκοπὴν,
749 2784 843 2837 καὶ
881 2785 1060 2837 πᾶσαν
1097 2783 1300 2856 δυνήσῃ
1335 2783 1669 2838 κατασϐέσαι
1701 2783 1997 2854 ἁμαρτίαν.

430 2872 503 2927 Ἠ
527 2871 700 2941 χάρις
728 2872 834 2927 τοῦ
867 2874 1089 2943 Κυρίου
1118 2873 1288 2944 ἡμῶν
1331 2873 1525 2942 Ἰησοῦ
1563 2872 1824 2943 Χριστοῦ
1866 2875 1999 2942 μεθ’

418 2963 605 3035 ὑμῶν.
637 2965 809 3019 Τοῦτο
844 2965 1190 3029 διδασκάλου,
1221 2966 1284 3019 τὸ
1322 2965 1399 3036 μὴ
1451 2966 1612 3037 μόνον
1641 2965 1998 3037 συμϐουλαῖς,

418 3055 556 3109 ἀλλά
595 3057 688 3110 καὶ
712 3056 901 3125 εὐχαῖς
929 3053 1166 3126 βοηθεῖν.
1208 3055 1277 3110 Ἦ
1306 3054 1507 3126 ἀγάπη
1532 3071 1652 3124 μου
1677 3054 1829 3125 μετὰ
1847 3053 1999 3108 πάν-

419 3165 538 3203 των
565 3148 735 3218 ὑμῶν
760 3150 832 3203 ἐν
858 3149 1089 3219 Χριστῷ
1129 3148 1352 3218 Ἰησοῦ.
1397 3147 1594 3218 Ἀμήν.
1634 3149 1750 3202 ἰνα
1778 3148 1887 3220 γὰρ
1925 3147 2002 3220 μὴ

417 3239 736 3310 νομίσωσιν,
764 3242 846 3295 ὅτι
877 3240 1188 3295 κολακεύων
1210 3240 1407 3304 αὐτοὺς
1431 3241 1513 3303 είς
1533 3239 1690 3293 τοῦτο
1711 3240 1999 3311 κατέληξε,

422 3329 588 3400 φησίν
607 3345 622 3360 ·
663 3330 760 3384 Ἑν
790 3328 1022 3400 Χριστῷ
1073 3331 1298 3399 Ἰησοῦ.
1332 3329 1498 3384 Οὐδὲν
1526 3329 1636 3402 γὰρ
1663 3329 2002 3402 ἀνθρώπινον

421 3421 536 3492 ἐχει
579 3421 701 3475 οὐδὲ
737 3424 1023 3493 σαρκικδν,
1059 3423 1194 3477 ἀλλά
1233 3423 1578 3493 πνευματική
1627 3422 1712 3485 τίς
1750 3423 1886 3475 ἐστι·
1923 3421 2004 3476 διδ

421 3513 628 3586 ¹σφόδρα
657 3515 878 3583 γνησία·
898 3513 1125 3586 καὶγὰρ
1150 3513 1359 3585 σφόδρα
1387 3513 1620 3586 ἐρῶντος
1644 3513 1706 3567 τδ
1734 3514 1886 3585 ῥῆμα
1912 3509 2001 3585 ἦν.

423 3603 536 3658 Καὶ
561 3603 669 3675 γάρ
697 3603 884 3677 ἐπειδὴ
913 3605 1211 3676 διειστήκει
1237 3604 1318 3675 τῷ
1343 3605 1515 3676 τόπῳ,
1547 3605 1801 3676 καθάπερ
1826 3605 2005 3673 δεξιᾶς

422 3713 566 3758 τινος
596 3697 840 3760 ἐκτάσει,
877 3699 1000 3760 ταῖς
1028 3698 1126 3768 τῆς
1159 3696 1379 3768 ἀγάπης
1413 3696 1613 3760 αὐτοὺς
1655 3698 1815 3769 χερσί⁵
1847 3714 2006 3768 περι-

421 3787 690 3857 λαμϐάνει
725 3787 875 3860 1411]
909 3789 1104 3857 λέγων,
1156 3789 1219 3844 Ἠ
1260 3789 1464 3860 ἀγάπη
1489 3807 1612 3860 μου
1648 3791 1780 3860 μεθ’
1814 3790 2002 3861 ὑμῶν,

423 3879 498 3942 ῶς
537 3879 602 3933 ἂν
647 3880 696 3932 εί
749 3879 922 3947 ἐλεγε·
967 3879 1121 3933 Μετά
1169 3880 1386 3934 πάντων
1440 3881 1594 3951 ὑμῶν
1639 3881 1771 3953 ἐγώ.
1804 3884 1883 3936 Δι’
1930 3877 2005 3938 ὧν

423 3969 715 4038 δείκνυσιν,
745 3972 826 4024 ὃτι
857 3973 918 4024 ού
947 3970 1118 4042 θυμοῦ
1145 3973 1266 4027 οὐδὲ
1297 3973 1471 4043 ὀργῆς
1505 3969 1574 4046 ἦν
1602 3974 1671 4029 τά
1704 3977 2002 4047 γραφέντα,

422 4060 561 4115 ἀλλά
587 4062 935 4133 κηδεμονίας,
959 4064 1095 4116 ὅπου
1117 4081 1180 4133 γε
1211 4067 1351 4136 μετὰ
1375 4066 1646 4137 τοσαύτην
1670 4068 2005 4140 κατηγορίαν

420 4152 523 4206 οὐκ
554 4153 982 4224 ἀποστρέφεται,
1013 4154 1149 4209 ἀλλά
1183 4157 1278 4210 καὶ
1308 4157 1455 4228 φιλεῖ
1486 4159 1581 4212 καὶ
1607 4159 2005 4231 περιλαμϐάνει

362 4236 366 4240 ’
423 4244 706 4318 πόρρωθεν
730 4245 927 4311 αὐτοὺς
955 4246 1134 4312 ὄντας,
1165 4249 1254 4303 διά
1282 4250 1394 4304 τῶν
1424 4245 1877 4322 Ἔπιστολῶνικαὶ
1895 4252 2004 4308 τῶν

419 4337 764 4408 γραμμάτων
792 4339 1000 4393 τούτων
1024 4339 1206 4406 αὐτοῖς
1232 4342 1569 4414 περιχυθεὶς.
1600 4342 1756 4398 Οῦτω
1780 4345 1891 4415 γὰρ
1915 4346 2006 4400 τὸν

419 4427 734 4500 διορθοῦν-,τα
779 4431 859 4483 δεῖ
897 4434 1090 4486 ποιεῖν·
1129 4433 1207 4498 ώς
1251 4435 1279 4488 ὃ
1313 4451 1377 4504 γε
1423 4435 1560 4508 ὀργῇ
1600 4436 1761 4507 μόνον
1796 4437 2005 4503 ποιῶν,

419 4525 617 4575 οἰκεῖον
655 4523 827 4588 πάθος
861 4524 1092 4599 πληροῖ·
1139 4530 1168 4581 ὀ
1206 4528 1265 4582 δὲ
1307 4529 1448 4599 μετά
1476 4527 1538 4582 τὸ
1575 4527 1868 4599 διορθῶσαι
1913 4530 2006 4583 τὸν

419 4613 807 4686 ἁμαρτάνοντα
830 4656 845 4681 ,
877 4618 972 4672 καὶ
1012 4619 1080 4674 τά
1109 4623 1210 4691 τῆς
1256 4621 1482 4693 ἀγάπης
1523 4621 1968 4693 ἐπιδεικνύμενος
1987 4663 2003 4688 ,

416 4706 687 4762 δείκνυσιν
714 4708 797 4762 ὅτι
821 4711 1053 4766 κάκεῖνα
1080 4712 1466 4784 φιλοστοργίας
1493 4708 1582 4785 ἦν,
1611 4715 1712 4768 ὅσα
1742 4715 2006 4787 ἐπιπλήτ-

415 4817 526 4854 των
545 4800 754 4870 ἐλεγεν.
779 4801 938 4858 υῦτω
958 4805 1024 4875 δὴ
1045 4806 1143 4858 καὶ
1161 4807 1328 4875 ἡμεῖς
1348 4805 1613 4876 ἀλλήλους
1641 4806 2002 4879 παιδεύωμεν,

419 4891 515 4944 καὶ
553 4895 690 4962 μήτε
722 4895 750 4947 6
789 4894 1028 4966 ἐλέγχων
1060 4896 1399 4967 ὀργιζέσθω·
1431 4896 1491 4950 οὐ
1526 4896 1636 4968 γὰρ
1665 4897 2006 4966 διορθώσεως

419 4981 600 5046 τοῦτο,
629 4983 766 5038 ἀλλά
798 4987 1035 5051 πάθους·
1081 4989 1220 5059 μήτε
1248 4989 1277 5040 ὀ
1309 4987 1668 5059 ἐλεγχόμενος
1715 4989 2002 5061 δυσχεραι-

421 5073 579 5124 νέτω·
615 5073 824 5144 ίατρεία
854 5077 963 5150 γὰρ
984 5079 1047 5132 τὸ
1085 5081 1392 5152 γινόμενον,
1416 5083 1518 5136 οὑκ
1543 5081 1830 5153 ἀπέχθεια.
1863 5084 1924 5136 Εἰ
1948 5083 2005 5137 δέ

425 5162 627 5233 ἰατρῶν
651 5166 842 5232 παῖδες
866 5169 1083 5224 καίουσι
1100 5173 1196 5226 καὶ
1214 5173 1316 5227 οὐκ
1341 5173 1724 5242 ἐγκαλοῦνται,
1746 5173 2006 5239 πολλάκις

421 5256 520 5308 καὶ
549 5256 1012 5331 διαμαρτάνοντες
1041 5263 1135 5317 τοῦ
1165 5265 1375 5333 τέλους,
1408 5266 1545 5321 ἀλλὰ
1584 5267 1680 5321 καὶ
1711 5266 2006 5336 ἀλγοῦντες

422 5349 471 5400 οἰ
520 5351 800 5421 καιόμενοι
828 5354 924 5408 καὶ
947 5357 1292 5428 τεμνόμενοι,
1340 5358 1633 5430 εὐεργέτας
1666 5353 1807 5414 εἶναι
1850 5361 2005 5431 νομί-

421 5438 576 5502 ζουσι
607 5442 733 5506 τοὺς
757 5443 856 5514 τὴν
884 5444 1156 5517 ἀλγηδόνα
1177 5448 1382 5519 ταύτην
1411 5449 1798 5523 διεγείροντας·
1829 5449 2007 5521 πολλῷ

424 5528 629 5598 μᾶλλον
659 5532 752 5586 τὸν
781 5533 1071 5606 δεχόμενον
1101 5536 1323 5608 ἐλεγχον
1358 5538 1500 5593 οὕτω
1529 5540 1834 5594 διακεῖσθαι
1865 5541 1970 5612 χρὴ
1988 5581 2004 5605 ,

423 5621 520 5674 καὶ⁸
547 5621 622 5687 ὡς
650 5624 822 5698 ίατρῷ
850 5629 1142 5700 προσέχειν
1181 5630 1259 5700 τῷ
1283 5629 1608 5702 διορθοῦντι,
1641 5632 1757 5687 ἀλλ’
1801 5633 1900 5704 οὐχ
1930 5632 2006 5696 ὡς

421 5714 622 5787 ἐχθρῷ.
654 5719 761 5772 Καὶ
794 5721 952 5792 ἡμεῖς
978 5721 1036 5776 δὲ
1061 5723 1110 5775 οἱ
1137 5723 1500 5795 ἐπιτιμῶντες
1529 5725 1841 5797 προσίωμεν
1869 5723 2007 5796 μετά

427 5802 628 5877 πολλῆς
653 5805 754 5876 τῆς
788 5809 1125 5882 ἡμερότητος
1145 5853 1158 5878 ,
1192 5813 1330 5885 μετά
1362 5813 1561 5886 πολλῆς
1585 5814 1683 5886 τῆς
1716 5814 2004 5882 συνέσεως,

1098 376 1154 430 S.
1197 373 1480 433 JOANNIS
1515 374 1998 432 CHRYSOSTOMI
2039 373 2358 430 ARCHIEP.
2395 372 2948 431 CONSTANTINOP.
3547 376 3628 431 578

2105 488 2212 542 κᾶν
2237 488 2352 561 ἴδῃς
2385 486 2474 540 τὸν
2508 487 2742 556 ἀδελφὸν
2779 482 3209 558 πλημμελοῦντα
3231 524 3246 549 ,
3285 483 3356 550 ὡς
3387 487 3412 540 6
3439 487 3630 558 Χριστδς

2105 580 2394 644 ἐκέλευσε,
2435 579 2512 650 μὴ
2543 579 2837 648 δημοσίευε
2880 576 2972 628 τὸν
3015 575 3266 645 ἔλεγχον,
3305 575 3432 629 ἀλλά
3464 579 3630 647 μεταξὺ

2109 669 2205 723 σοῦ
2229 671 2323 723 καὶ
2355 667 2521 723 αὑτοῦ
2549 669 2736 739 μόνου,
2765 666 2866 719 οὐκ
2890 665 3167 730 ὀνειδίζων
3193 665 3313 719 οὑδέ
3335 666 3633 736 ἐπεμϐαίνων

2107 760 2364 832 κειμένῳ,
2396 760 2533 814 ἀλλά
2562 761 2656 813 καὶ
2677 759 2862 827 ἀλγῶν
2888 759 2985 812 καὶ
3003 758 3324 830 τηκόμενος·
3353 759 3436 812 καὶ
3458 759 3634 830 ἐτοιμον

2109 853 2304 908 σαυτὸν
2335 853 2542 925 πάρεχε
2578 852 2676 907 καὶ
2711 851 2846 924 πρὸς
2879 852 2941 906 τὸ
2983 851 3332 921 ἐλέγχεσθαι,
3374 852 3424 904 εί
3458 870 3506 904 τι
3540 852 3634 905 δια-

2110 945 2428 1015 μαρτάνοις.
2463 945 2583 998 Ἵνα
2608 943 2666 998 δέ
2694 944 2789 998 καὶ
2823 941 3161 1013 σαφέστερον
3188 942 3218 995 ὃ
3253 943 3394 1012 λέγω
3418 943 3635 1014 γένηται,

2107 1035 2229 1090 καθ’
2261 1035 2520 1090 ὑπόθεσιν
2556 1035 2648 1088 τὸν
2681 1034 2841 1104 λόγον
2891 1035 3300 1105 γυμνάσωμεν·
3347 1034 3418 1106 μὴ
3462 1033 3554 1104 γάρ
3586 1034 3638 1105 δὴ

2105 1128 2318 1197 γένοιτο
2358 1128 2453 1182 ἐπὶ
2503 1128 2604 1199 τῆς
2642 1127 2902 1200 ἀληθείας
2943 1127 3116 1198 αὐτῆς
3157 1129 3451 1200 εὐπορῆσαι
3487 1143 3638 1198 παρα-

2106 1219 2397 1291 δείγματος
2446 1221 2713 1276 τοιούτου·
2774 1221 2958 1275 Ἔστω
3009 1238 3098 1284 τις
3149 1220 3378 1290 ἀδελφὸς
3423 1219 3638 1290 παρθένῳ

2109 1312 2394 1379 συνοικῶν,
2425 1313 2655 1385 κόσμιος
2686 1313 2787 1386 μὲν
2813 1314 2904 1368 καὶ
2935 1314 3189 1388 σώφρων,
3217 1313 3356 1385 πλὴν
3381 1311 3506 1366 ἀλλὰ
3529 1313 3638 1381 μηδὲ

2107 1404 2252 1460 οὕτω
2293 1406 2632 1476 διαφευγέτω
2682 1407 2784 1480 τὴν
2833 1409 3078 1481 πονηρὰν
3125 1408 3304 1475 δόξαν.
3354 1407 3448 1460 “Av
3493 1405 3640 1458 τοίνυν

2107 1497 2349 1570 ἀκούσῃς
2393 1498 2800 1571 θρυλλουμένην
2846 1499 2945 1571 τὴν
2983 1500 3298 1570 συνοίκησιν
3338 1497 3554 1567 ταύτην,
3581 1496 3641 1565 μὴ

2107 1595 2531 1664 καταφρονήσῃς
2573 1593 2708 1664 μηδὲ
2755 1594 2951 1667 εἴπῃς·
2981 1593 3153 1657 Αὐτὸς
3179 1594 3287 1665 γὰρ
3327 1591 3387 1644 οὐ
3417 1591 3638 1659 κέκτηται

2105 1681 2230 1736 νοῦν
2249 1701 2264 1750 ;
2287 1683 2450 1747 αὐτὸς
2473 1685 2582 1754 γὰρ
2602 1686 2703 1738 οὐκ
2723 1680 2832 1738 οἶδε
2853 1685 2907 1739 τί
2927 1684 2987 1739 τὸ
3015 1685 3291 1756 συμφέρον
3310 1701 3326 1749 ;
3357 1683 3472 1752 εἰκῆ
3494 1680 3640 1750 φιλοῦν

2107 1774 2202 1826 καὶ⁵
2244 1773 2320 1846 μὴ
2354 1773 2514 1845 μισοῦ
2553 1774 2700 1846 εἰκῆ·
2753 1774 2808 1828 τί
2841 1774 2950 1846 γάρ
2995 1791 3086 1846 μοι
3129 1774 3282 1844 μέλει
3323 1773 3511 1845 ἔχθραν
3537 1772 3643 1824 ἀνα·

2087 1866 2360 1932 δέξασθαι
2418 1867 2715 1938 περιττήν;
2770 1866 2958 1922 Ταῦτα
3015 1865 3233 1937 ληρώδη
3301 1868 3508 1937 ῥήματα
3554 1863 3644 1916 τῶν

2108 1958 2334 2030 θηρίων,
2369 1959 2570 2030 μᾶλλον
2601 1960 2660 2013 δέ
2689 1959 2799 2015 τῶν
2823 1960 3113 2030 δαιμόνων.
3147 1959 3223 2012 Οὐ
3250 1957 3360 2028 γάρ
3385 1958 3520 2010 ἐστιν
3542 1955 3642 2024 εἰκῆ

2111 2050 2387 2121 μισεῖσθαι
2410 2051 2500 2105 τὸν
2532 2051 2626 2104 ἐπὶ⁹
2657 2049 2940 2123 διορθώσει
2963 2050 3121 2106 τοῦτο
3149 2051 3424 2116 ποιοῦντα,
3449 2049 3550 2104 ἀλλ’
3570 2047 3646 2100 ἐπὶ

2111 2142 2368 2212 μεγάλοις
2400 2142 2630 2211 ἀγαθοῖς
2667 2143 2764 2198 καὶ
2791 2143 3076 2214 στεφάνοις
3119 2144 3465 2214 ἀπορρήτοις.
3507 2142 3559 2194 ΕΞ
3599 2138 3644 2192 δὲ

2106 2231 2306 2302 λέγοις,
2350 2233 2416 2286 Τί
2445 2234 2577 2305 γὰρ,
2608 2234 2770 2299 αὐτὸς
2813 2235 2915 2288 οὐκ
2953 2235 3065 2306 ἐχει
3097 2234 3257 2302 νοῦν;
3300 2233 3499 2304 ἀκούσῃ
3539 2229 3645 2296 παρ’

2107 2323 2285 2394 ἡμῶν,
2327 2324 2408 2376 ὅτι
2437 2325 2538 2377 οὑκ
2583 2323 2717 2396 ἔχει·
2756 2325 2944 2396 μεθύει
2979 2326 3089 2397 γάρ
3130 2326 3207 2397 τῷ
3241 2326 3422 2380 πάθει.
3462 2325 3518 2378 ΕΞ
3557 2321 3647 2390 γάρ

2107 2414 2198 2467 ἐπὶ
2226 2414 2334 2468 τῶν
2368 2413 2567 2478 ἔξωθεν
2609 2417 2975 2488 δικαστηρίων
3018 2419 3065 2469 οί
3104 2417 3451 2486 ἀδικούμενοι
3479 2416 3567 2468 οὐκ
3595 2415 3646 2465 ἂν

2105 2504 2356 2560 δύναιντο
2383 2508 2558 2559 εἰπεῖν
2583 2507 2724 2578 ὑπὲρ
2753 2507 2965 2560 ἐαυτῶν
2990 2506 3203 2572 ζέοντες
3223 2509 3290 2578 τῇ
3320 2508 3476 2578 ὀργῇ,
3499 2505 3646 2558 καίτοι

2105 2607 2172 2663 γε
2196 2595 2297 2649 οὐκ
2323 2595 2468 2650 ἐστιν
2491 2596 2744 2670 ἔγκλημα
2773 2600 2805 2670 ἡ
2834 2598 3150 2670 συμπάθεια
3172 2597 3338 2670 αῦτη·
3366 2599 3509 2669 πόσῳ
3539 2596 3646 2650 σιάλ-

2104 2686 2196 2741 λον
2218 2688 2268 2740 οί
2293 2688 2554 2761 συνηθείᾳ
2577 2690 2792 2761 πονηρᾷ
2815 2690 3170 2762 κατεχόμενοι
3199 2707 3212 2756 ;
3233 2691 3334 2744 Διά
3354 2688 3646 2755 τοῦτολέγω,

2105 2779 2188 2833 ὅτι
2219 2779 2322 2833 κᾶν
2357 2781 2616 2852 μυριάκις
2709 2781 2988 2853 φρόνιμος,
3017 2783 3119 2836 οὐκ
3149 2782 3263 2853 ἔχει
3293 2781 3417 2837 νοῦν
3437 2782 3648 2853 ἐγρηγο-

2109 2872 2258 2945 ρότα.
2285 2873 2351 2926 Τί
2389 2873 2497 2946 γάρ
2526 2873 2623 2927 τοῦ
2656 2873 2820 2927 Δαυῒδ
2858 2875 3219 2946 συνετώτερον
3256 2870 3350 2946 ἦν,
3397 2873 3651 2945 ἀνθρώπου

2106 2963 2378 3034 λέγοντος,
2414 2965 2490 3020 Τὰ
2513 2965 2709 3033 ἄδηλα
2729 2965 2826 3020 καὶ
2855 2965 2927 3020 τὰ
2953 2968 3170 3037 κρύφια
3192 2966 3305 3036 τῆς
3323 2967 3536 3036 σοφίας
3556 2979 3652 3018 σου

2106 3053 2425 3124 ἐδήλωσάς
2453 3072 2589 3125 μου
2633 3055 2746 3109 ἀλλ’
2785 3057 2875 3111 ὅτε
2909 3057 3006 3129 τὴν
3035 3057 3128 3111 τοῦ
3161 3057 3494 3129 στρατιώτου
3527 3052 3654 3127 [M2]

2108 3151 2343 3219 γυναῖκα
2379 3145 2520 3203 οἶδεν
2547 3149 2846 3221 ὀφθαλμοῖς
2867 3149 3094 3216 ἀδίκοις,
3119 3151 3264 3217 τότε,
3293 3152 3432 3222 ὅπερ
3454 3150 3541 3202 ἐπὶ
3573 3146 3655 3216 τῆς

2110 3241 2383 3313 θαλάττης
2419 3242 2517 3312 τῆς
2551 3243 2885 3314 μαινομένης
2919 3244 3046 3308 τοὺς
3078 3243 3421 3314 ἐμπλέοντας
3453 3244 3658 3311 πάσχειν

2111 3330 2290 3400 ἐλεγε,
2315 3330 2492 3386 Πᾶσα
2524 3331 2561 3399 η
2593 3331 2780 3400 σοφία
2801 3331 2988 3386 αὑτοῦ
3016 3333 3342 3400 κατεπόθη·
3367 3333 3461 3386 καὶ
3485 3331 3658 3401 ἐτέρων

2111 3423 2280 3475 ἐδεῖτο
2327 3421 2437 3475 τῶν
2485 3422 2914 3494 διορθωσόντων,
2959 3423 3054 3478 καὶ
3097 3424 3220 3478 οὐδὲ
3257 3425 3524 3497 ᾐσθάνετο
3555 3424 3664 3476 οἴων

2111 3512 2298 3567 κακῶν
2325 3508 2394 3584 ἦν
2419 3513 2592 3578 ἐντός.
2627 3515 2719 3567 Διὸ
2742 3515 2834 3569 καὶ
2860 3515 3076 3588 θρηνῶν
3099 3517 3168 3570 τά
3191 3517 3564 3590 ἁμαρτήματα
3582 3515 3660 3568 αὑ-

2110 3603 2206 3659 τοῦ
2248 3604 2453 3674 ἔλεγεν·
2504 3605 2664 3660 Ὠσεί
2688 3608 2935 3676 φορτίον
2961 3607 3122 3676 ,ϐαρὺ
3147 3608 3565 3679 ἑϐαρύνθησαγ
3585 3604 3663 3660 ἐπ’

2109 3696 2234 3768 ἐμέ.
2259 3696 2655 3764 Προσὼζεσαν
2683 3699 2783 3753 καί
2812 3699 3138 3768 ἐσάπησαν
3163 3702 3217 3754 οἱ
3250 3699 3541 3770 μωωπές
3563 3715 3664 3768 μου

2111 3789 2230 3846 ἀπὸ
2258 3789 2585 3859 προσώπου
2619 3790 2731 3861 τῆς
2762 3791 3115 3861 ἀφροσύνης
3146 3809 3292 3862 μου.

2181 3970 2246 4025 δ’.
2280 3970 2354 4024 Οὑ
2396 3969 2579 4025 τοίνυν
2612 3969 2726 4042 ἔχει
2766 3969 2892 4025 νοῦν
2917 3970 2946 4024 6
2969 3969 3334 4041 ἁμαρτάνων·
3363 3968 3551 4041 μεθύει
3579 3967 3669 4036 γὰρ

2113 4064 2207 4119 καὶ
2248 4063 2570 4118 ἐσκότωται.
2617 4065 2709 4136 Μὴ
2743 4063 2806 4135 δὴ
2839 4063 3013 4118 ταῦτα
3053 4063 3201 4132 λέγε,
3245 4065 3384 4136 μηδὲ
3416 4061 3668 4134 προστίθει

2111 4159 2308 4224 ἐκεῖνο,
2333 4158 2414 4211 ὃτι
2436 4155 2601 4212 Οὐδέν
2634 4173 2724 4227 μοι
2763 4155 2933 4228 μέλει·
2964 4156 3269 4222 Ἕκαστος
3297 4155 3410 4226 γὰρ
3444 4154 3509 4209 τὸ
3533 4151 3668 4206 lator

2111 4252 2327 4322 φορίον
2347 4244 2671 4316 ,ϐαστάσειζ
2692 4248 2796 4301 Καὶ
2812 4248 2920 4318 γάρ
2940 4246 3036 4300 καλ⁸
3054 4247 3136 4300 σοὶ
3159 4247 3417 4318 μέγιστον
3439 4244 3670 4314 ἔγκλημα

2113 4343 2330 4414 φύεται,
2350 4343 2431 4396 ὅτι
2454 4339 2869 4412 πεπλανημένον
2891 4338 3012 4392 ἰδὼν
3034 4340 3134 4392 οὑκ
3156 4337 3487 4409 ἀνέστησας.
3511 4337 3567 4389 Εἰ
3581 4333 3672 4403 γὰρ

2111 4437 2173 4491 τὸ
2207 4435 2501 4506 ὑποζύγιον
2532 4435 2627 4488 τοῦ
2665 4432 2862 4506 ἐχθροῦ
2901 4426 3048 4486 κατά
3079 4432 3171 4485 τὸν
3209 4430 3486 4484 Ἰουδαίων
3531 4427 3671 4495 νόμον

2113 4529 2361 4600 παρορᾷν
2392 4528 2452 4580 ού
2484 4525 2610 4598 χρὴ,
2634 4527 2663 4579 6
2698 4524 2774 4597 μὴ
2798 4523 3091 4592 ὑποζύγιον
3129 4521 3265 4594 μηδὲ
3291 4519 3491 4593 ἐχθροῦ
3517 4515 3673 4590 ψυχὴν

2113 4621 2492 4692 ἀπολλυμένην
2523 4618 2818 4690 περιορῶν,
2850 4616 2986 4671 ἀλλά
3019 4615 3196 4685 φίλου,
3225 4614 3390 4670 ποίαν
3424 4613 3534 4680 ἐξει
3565 4623 3675 4675 συγ-

2113 4711 2338 4783 γνώμην
2361 4728 2375 4777 ;
2405 4710 2538 4764 Οὐδὲ
2565 4710 2674 4781 γὰρ
2701 4710 2864 4780 ἀρκεῖ
2886 4709 2966 4772 είς
2995 4706 3297 4776 ἀπολογίαν
3323 4706 3461 4777 ἡμῖν
3485 4703 3544 4756 τὸ
3568 4696 3672 4754 νοῦν

2114 4803 2260 4875 ἔχειν
2291 4805 2518 4856 ἐκεῖνον·
2552 4802 2679 4855 ἐπεὶ
2702 4802 2797 4855 καὶ
2814 4803 2984 4872 ’ἡμεῖς
3011 4798 3184 4853 πολλά
3212 4797 3478 4860 πολλάκις
3502 4795 3676 4863 παραι-

2113 4897 2399 4964 νέσαντες,
2428 4896 2642 4958 ἐαυτοῖς
2685 4895 2784 4949 οὐκ
2837 4893 3177 4966 ἡρκέσαμεν,
3224 4891 3348 4945 οὑδέ
3400 4884 3674 4958 ἐγενόμεθα

2113 4989 2393 5058 χρήσιμοι.
2425 4985 2594 5038 Τοῦτο
2623 4983 2802 5038 τοίνυν
2841 4984 2936 5038 καὶ
2975 4982 3104 5054 περὶ
3132 4980 3343 5035 ἐκείνου
3373 4979 3566 5032 σκόπει
3597 4971 3675 5026 τοῦ

2113 5078 2587 5150 πλημμελοῦντος,
2616 5077 2700 5130 ὅτι
2733 5075 2880 5139 εἰκὸς
2907 5075 3069 5128 αὑτὸν
3100 5071 3252 5144 παρά
3287 5070 3384 5124 σοῦ
3413 5067 3622 5140 μᾶλλον,
3646 5060 3675 5129 ἢ

2114 5173 2241 5242 παρ’
2281 5169 2475 5224 ἐαυτοῦ
2518 5167 2775 5233 δέξασθαι
2819 5164 3152 5236 συμϐουλίαν
3196 5162 3459 5234 ἀρίστην,
3497 5157 3590 5212 καὶ
3617 5151 3679 5224 μὴ

2113 5259 2260 5328 λέγε·
2293 5259 2358 5311 Τί
2379 5257 2435 5311 δέ
2469 5274 2558 5327 μοι
2590 5257 2740 5329 μέλει
2772 5255 3016 5322 τούτων;
3052 5251 3322 5326 Φοϐἡθητι
3349 5251 3448 5304 τὸν
3487 5245 3677 5319 πρῶτον

2114 5349 2378 5421 εἰρηκότα
2404 5348 2466 5402 τὸ
2488 5348 2643 5420 ῥῆμα
2667 5347 2845 5401 τοῦτο·
2874 5345 2934 5399 τὸ
2956 5345 3086 5417 γάρ,
3111 5343 3206 5412 Μὴ
3229 5341 3443 5413 φύλαξ
3459 5339 3573 5410 εἰμί
3589 5330 3680 5389 τοῦ

2113 5439 2380 5509 ἀδελφοῦ
2408 5455 2562 5510 μου;
2591 5441 2672 5503 είς
2701 5428 2896 5492 ταυτὸν
2932 5438 3087 5508 φέρει
3113 5434 3307 5506 τούτῳ·
3345 5430 3597 5486 ἐντεῦθεν
3621 5421 3678 5476 τὰ

2114 5531 2262 5586 κακά
2293 5532 2536 5586 τίκτεται
2569 5531 2781 5595 πάντα,
2807 5530 2890 5584 ὅτι
2918 5529 2988 5583 τά
3017 5527 3114 5582 τοῦ
3146 5525 3402 5596 σώματος
3437 5521 3531 5577 τοῦ
3562 5521 3682 5591 ἡμε-

2113 5624 2274 5696 τέρου
2303 5623 2560 5694 ἀλλότρια
2597 5622 2880 5694 ἡγούμεθα
2924 5617 3085 5676 εῖναι.
3127 5618 3193 5673 Τί
3233 5619 3383 5689 φὴςς
3433 5614 3582 5669 οὐδέν
3612 5625 3681 5662 σοι

2119 5714 2272 5785 μέλει
2301 5713 2394 5769 τοῦ
2423 5714 2688 5784 ἀδελφοῦ;
2735 5713 2896 5768 Ἀλλά
2931 5713 3038 5766 τίνι
3075 5711 3332 5783 μελὴσει;
3358 5707 3443 5778 τῷ
3463 5703 3683 5770 ἀπίστῳ.

2115 5805 2196 5877 τῷ
2252 5806 2597 5878 ἐπιχαίροντι
2659 5807 2753 5870 καί
2809 5803 3122 5867 ὀνειδίζοντι
3169 5800 3262 5855 καὶ
3307 5795 3681 5868 ἐναλλομένψὶ
