3712 6212
93 254 125 307 '7
987 234 1053 291 IN
1097 233 1309 290 EPIST.
1353 233 1372 287 l
1437 231 1528 286 AD
1566 229 1721 286 COR.
1763 231 1995 288 HOMIL.
2040 231 2225 288 XLIV.

99 383 198 427 uem
224 363 490 420 vitii.Sicut
515 359 658 417 enim
683 372 802 430 qua:
818 353 1115 412 vehemens
1144 351 1302 407 fuerit
1322 349 1536 412 caritas,

94 457 269 528 stinguit
292 462 340 510 et
363 452 575 525 expellit
606 464 795 505 omnes
825 455 1165 517 peccatorum
1193 441 1402 509 Species
1426 456 1440 497 :
1467 439 1537 493 ita

94 568 162 606 am
186 545 363 619 quando
390 544 549 599 fuerit
574 539 922 604 imbecillior,
952 536 1076 591 facit
1119 549 1182 589 ea
1212 533 1535 603 germinare.

95 638 305 695 tranatha.
332 635 560 703 Quanam
612 632 680 687 de
728 644 887 685 causa
932 628 1037 682 hoc
1075 626 1275 681 dictum
1316 621 1441 677 est?
1484 629 1540 676 et

94 752 104 764 ·
147 744 256 785 voce
303 725 607 783 Hebraica?
658 722 919 791 Quoniam
972 718 1213 774 omnium
1271 715 1534 769 malorum

94 840 155 879 tsa
180 829 280 877 erat
306 820 462 875 fastus
493 818 658 891 (hunc
682 823 858 869 autem
903 812 1096 867 fastum
1148 807 1413 864 efficiebat
1438 822 1535 860 ex-

93 932 143 971 na
170 912 392 983 sapientia
437 928 450 964 :
483 920 537 964 et
568 909 667 963 hoc
714 907 813 960 fuit
859 911 1018 973 caput
1048 904 1309 957 malorum
1331 940 1347 966 ,
1393 897 1533 970 quod

93 1008 210 1060 xime
225 990 416 1057 divulsit
438 1016 501 1055 ac
524 1000 706 1055 divisit
724 994 1063 1065 Corinthum)
1084 1011 1098 1057 ;
1131 1009 1317 1048 eorum
1339 991 1535 1046 fastum

98 1098 349 1167 tpritnens,
377 1110 443 1149 ne
473 1092 660 1148 Graeca
683 1090 922 1161 quidem,
954 1088 1047 1144 sed
1096 1087 1322 1143 Hebrara
1352 1086 1531 1155 lingua

94 1207 116 1246 s
140 1198 230 1252 est,
254 1186 527 1244 ostendens
559 1199 616 1240 se
646 1200 750 1239 non
782 1181 943 1237 modo
971 1197 1076 1236 non
1108 1182 1309 1250 pudere
1331 1180 1535 1248 simpli-

98 1282 155 1335 tis
181 1287 229 1333 et
270 1277 534 1346 imperitia:
561 1316 576 1343 ,
606 1275 699 1329 sed
729 1288 845 1329 eam
872 1273 1035 1328 etiam
1062 1270 1534 1326 vehementissime

98 1369 401 1425 rdentissime
419 1366 720 1437 complecti.
741 1364 877 1431 Quid
896 1376 978 1419 est
997 1373 1171 1417 autem
1197 1359 1533 1415 Maranatha?

94 1463 216 1515 minus
257 1469 409 1513 noster
456 1459 610 1513 venit.
641 1457 881 1524 Quanam
926 1469 1056 1524 ergo
1100 1453 1168 1507 de
1211 1466 1374 1506 causa
1430 1450 1533 1504 hoc

98 1569 143 1607 m
164 1552 321 1605 dicit?
350 1549 772 1620 Dispensationis
805 1546 1013 1601 Domini
1052 1558 1355 1599 sermonem
1400 1556 1530 1597 con-

97 1658 203 1707 aus,
233 1658 295 1698 eo
322 1643 455 1713 quod
482 1658 546 1697 ex
580 1643 645 1695 iis
670 1641 901 1695 maxime
922 1637 1285 1707 composuerit
1324 1638 1527 1692 semina

97 1735 387 1798 rrectiouis;
414 1748 514 1788 nec
533 1732 634 1786 hoc
656 1732 852 1797 solum,
872 1730 967 1786 sed
992 1730 1117 1785 illos
1140 1729 1301 1784 etiam
1328 1728 1529 1799 pudore

93 1828 199 1882 iens
242 1826 429 1897 :quasi
484 1826 694 1881 diceret
740 1824 1101 1879 :Communis
1147 1823 1383 1878 omnium
1427 1823 1567 1876 ΒΟ·-

94 1935 137 1974 lS
169 1928 361 1973 tantum
411 1919 657 1988 dignatus
698 1926 779 1972 est
805 1914 1132 1972 descendere
1162 1933 1175 1968 :
1205 1931 1302 1971 vos
1348 1925 1525 1969 autem

93 2013 227 2067 idem
258 2014 408 2077 estis,
454 2021 507 2066 et
531 2026 757 2082 peccare
786 2008 1190 2081 perseveratis?
1237 2024 1345 2064 non
1372 2025 1525 2063 sum-

94 2126 96 2155 ι
143 2104 409 2158 caritatem
461 2103 841 2171 obstupescitis
889 2110 944 2158 et
985 2101 1354 2168 admiramini,
1382 2101 1523 2172 quod

94 2206 235 2264 :aput
276 2195 570 2250 bonorum?
601 2195 713 2250 Hoc
757 2194 929 2250 solum
956 2235 972 2259 ,
1002 2193 1201 2265 inquit,
1229 2193 1403 2265 cogita
1424 2234 1439 2259 ,
1469 2202 1527 2248 et

98 2286 293 2343 ufticiet
320 2289 382 2341 ad
424 2289 718 2358 profectum
750 2288 802 2341 in
842 2287 988 2343 omni
1018 2288 1246 2354 virtute,
1278 2296 1334 2343 et
1362 2302 1523 2342 omne

93 2391 218 2435 .tum
279 2381 473 2451 poteris
524 2382 885 2451 exstinguere.
941 2381 1031 2435 25.
1082 2378 1259 2434 Gratia
1315 2378 1523 2433 Domini

93 2472 247 2526 iJesu
276 2472 458 2527 Christi
502 2472 775 2527 vobiscum.
807 2472 919 2527 Hoc
962 2481 1046 2528 est
1087 2472 1363 2537 doctoris,
1412 2487 1519 2527 non

94 2581 104 2616 I
136 2564 379 2619 consiliis
409 2580 564 2633 opem
595 2564 737 2619 ferre
757 2606 771 2628 ,
800 2564 891 2619 sed
938 2563 1098 2619 etiam
1133 2565 1273 2618 votis
1300 2578 1364 2618 ac
1394 2578 1519 2633 pre-

93 2698 103 2711 .
136 2656 231 2710 25.
264 2657 459 2711 Caritas
496 2673 606 2710 mea
652 2673 764 2710 cum
790 2656 1021 2711 omnibus
1046 2656 1183 2710 vobis
1226 2657 1280 2710 in
1318 2655 1518 2711 Christo

102 2750 291 2803 Amen.
321 2750 449 2804 Nam
492 2765 561 2805 ne
612 2750 986 2805 existimarent
1008 2792 1022 2814 ,
1056 2749 1196 2819 quod
1223 2750 1303 2805 eis
1331 2764 1519 2804 assen-

94 2842 148 2896 in
193 2842 302 2897 hoc
348 2842 605 2907 desierit,
651 2840 819 2897 dicit:
850 2841 917 2895 In
957 2840 1157 2896 Christo
1206 2840 1352 2895 Jesu.
1375 2841 1517 2895 Nihil

94 2935 254 2988 habet
276 2934 561 2988 humanum
591 2949 764 3004 neque
788 2933 1021 2997 carnale,
1043 2932 1136 2988 sed
1163 2942 1245 2987 est
1272 2931 1516 3002 quaedam

93 3028 137 3079 io
164 3026 489 3095 Spiritualis.
516 3026 875 3090 Quamobrem
902 3040 964 3080 ea
984 3031 1068 3079 est
1091 3023 1246 3078 valde
1261 3038 1517 3093 germana

93 3132 264 3181 :era;
319 3132 442 3171 nam
483 3115 639 3171 valde
669 3115 900 3170 amantis
943 3124 1061 3170 erat
1109 3115 1351 3169 verbum.
1382 3113 1514 3181 Quia

97 3210 227 3264 loco
259 3208 524 3273 distabat,
556 3217 824 3277 tamquam
872 3207 1097 3277 alicujus
1141 3206 1378 3261 dextera:
1425 3222 1517 3260 ex-

93 3316 182 3367 ue,
216 3302 466 3355 caritatis
492 3300 736 3354 manibus
760 3313 855 3353 eos
878 3298 1268 3369 complectitur,
1290 3298 1474 3352 dicens
1498 3314 1511 3351 :

93 3410 107 3446 ς
169 3409 294 3445 mea
348 3392 605 3446 vobiscum
650 3408 670 3444 :
722 3390 873 3459 quasi
919 3389 1168 3444 diceret:
1211 3388 1339 3444 Sum
1392 3403 1514 3442 cum

94 3483 380 3537 nnnibus.
418 3482 522 3537 Per
547 3497 664 3551 qua:
694 3480 952 3546 ostendit,
986 3494 1092 3535 non
1124 3494 1245 3536 esse
1273 3479 1516 3550 indigna-

94 3585 144 3629 ξι
175 3576 286 3629 ira:
316 3590 437 3642 quae
464 3574 664 3643 scripta
686 3582 827 3638 sunt,
861 3573 959 3628 sed
984 3587 1129 3629 curae
1147 3588 1309 3643 quam
1327 3587 1514 3627 eorum

93 3682 224 3721 eum
257 3675 384 3736 post
408 3674 608 3719 tantam
659 3665 1059 3719 accusationem
1087 3679 1183 3720 eos
1222 3679 1328 3718 non
1356 3679 1513 3718 aver-

96 3759 208 3813 sed
242 3767 397 3811 amet
428 3766 482 3811 et
509 3756 930 3825 complectatur,
962 3770 1082 3809 cum
1110 3764 1291 3811 essent
1328 3755 1513 3824 procul

93 3894 104 3915 ,
148 3866 264 3919 per
292 3849 554 3918 epistolas
583 3858 641 3903 et
666 3847 762 3902 has
788 3848 973 3901 literas
1002 3849 1082 3901 eis
1108 3847 1258 3917 quasi
1280 3848 1511 3902 circum-

93 3946 201 3999 Sic
254 3950 478 4013 oportet
515 3941 689 3995 facere
720 3955 841 3995 eum
872 3940 960 4010 qui
990 3940 1231 4010 corrigit.
1254 3940 1383 3995 Nam
1424 3940 1513 4010 qui

100 4045 275 4090 tatus
307 4033 487 4089 solum
521 4032 668 4098 facit,
716 4032 903 4101 implet
928 4046 1079 4085 suam
1113 4032 1279 4085 animi
1303 4041 1515 4102 pertur-

98 4144 161 4182 m
190 4142 215 4182 ':
250 4126 351 4196 qui
382 4134 562 4179 autem
586 4132 869 4193 postquam
902 4123 1140 4177 correxit
1168 4132 1510 4192 peccantem,

93 4237 173 4274 2m
228 4233 460 4289 quoque
483 4216 735 4279 exhibet,
761 4214 997 4270 ostendit
1035 4214 1124 4268 illa
1155 4230 1369 4284 quoque
1396 4229 1519 4271 esse

93 4312 337 4377 lentiae,
369 4324 491 4380 qua:
512 4308 725 4363 dicebat
750 4308 1051 4375 increpans.
1081 4304 1171 4361 Sic
1190 4321 1289 4360 nos
1304 4321 1517 4376 quoque

96 4406 337 4458 lterum
388 4400 699 4455 erudiamus
729 4408 784 4454 et
821 4398 1144 4467 castigemus
1188 4414 1203 4450 :
1247 4406 1303 4452 et
1344 4412 1517 4467 neque

93 4498 194 4550 uit
227 4538 245 4559 ,
288 4495 597 4557 irascatur;
634 4506 739 4545 non
769 4498 853 4545 est
898 4489 1041 4544 enim
1075 4490 1177 4543 hoc
1220 4491 1516 4545 correctio-

93 4588 118 4642 l
153 4586 357 4641 animi
391 4583 855 4655 perturbationis;
905 4595 1081 4651 neque
1123 4580 1212 4651 qui
1241 4582 1512 4650 arguitur,

93 4688 202 4734 rat
238 4696 256 4732 :
292 4676 446 4748 quod
471 4675 530 4730 ﬁt
554 4676 718 4742 enim,
741 4682 826 4730 est
852 4673 1146 4738 medicina,
1188 4688 1297 4727 non
1335 4671 1515 4728 odium

102 4772 316 4827 citiae.
354 4769 414 4825 Si
443 4776 623 4823 autem
652 4767 845 4822 medici
874 4774 1054 4832 urunt,
1087 4773 1143 4821 et
1182 4780 1289 4820 non
1329 4779 1518 4836 repre-

93 4873 207 4917 tur
244 4901 265 4927 ,
327 4859 546 4915 etiamsi
577 4873 720 4929 smpe
770 4859 1024 4915 aberrent
1067 4872 1099 4912 a
1147 4857 1292 4923 fine;
1324 4857 1417 4913 sed
1464 4864 1519 4913 et

93 4962 221 5009 ent
245 4993 263 5017 ,
301 4952 438 5006 dum
471 4958 702 5005 uruntur
743 4959 799 5005 et
840 4958 1125 5016 secantur,
1161 4948 1426 5004 beneficio
1457 4963 1518 5004 se

104 5046 410 5097 istimant
452 5042 520 5097 ab
550 5040 616 5096 iis
644 5041 734 5111 qui
776 5038 923 5096 hunc
949 5038 1193 5096 dolorem
1237 5041 1471 5095 excitant
1500 5057 1513 5092 :

94 5134 286 5204 uagis
314 5148 483 5200 eum,
514 5133 606 5203 qui
635 5132 859 5203 suscipit
901 5132 1412 5202 reprehensionem,
1446 5134 1513 5187 ita

94 5232 326 5291 ortet,
357 5233 418 5279 ut
437 5239 559 5281 eum
587 5226 676 5293 qui
700 5224 917 5296 corrigit
946 5240 1042 5295 pro
1067 5225 1276 5281 medico
1300 5225 1515 5293 habeat;

132 5317 437 5373 inimico.
473 5315 643 5371 Porro
671 5330 771 5371 nos
795 5332 1009 5387 quoque
1037 5318 1127 5387 qui
1157 5317 1515 5389 iucrepamus,

93 5423 206 5464 IUS
266 5421 409 5461 cum
440 5406 605 5462 multa
648 5408 1060 5463 mansuetudine
1099 5419 1153 5464 et
1201 5425 1321 5465 eum
1353 5412 1517 5465 multa

93 5516 145 5555 .a
187 5516 211 5563 ;
263 5507 335 5551 et
368 5498 413 5553 si
448 5498 648 5555 videris
673 5498 892 5554 fratrem
927 5508 1072 5554 tuum
1098 5500 1513 5572 delinquentem,

94 5589 334 5645 ristus
361 5588 559 5657 jussit,
591 5590 698 5644 noli
745 5589 798 5643 in
847 5590 1117 5659 publicum
1162 5592 1403 5663 proferre
1428 5610 1517 5650 re-

94 5686 369 5747 tonent,
405 5681 497 5737 sed
524 5696 644 5737 eum
670 5682 1003 5754 repreliende
1025 5685 1165 5740 inter
1188 5696 1238 5741 te
1265 5695 1318 5741 et
1345 5687 1515 5757 ipsum

3136 235 3237 289 578

1650 346 1870 403 solum:
1906 362 2011 403 non
2038 347 2373 417 exprobrans
2418 362 2516 403 nec
2554 348 2756 418 jacenti
2808 349 3099 416 insultans,
3142 352 3237 406 Sed

1646 438 1849 494 docens
1899 449 1953 495 et
1982 454 2123 509 :egre
2151 438 2331 495 ferens
2364 460 2379 497 :
2412 448 2467 496 et
2496 449 2546 496 te
2576 442 2750 511 ipsum
2796 457 3011 512 quoque
3040 443 3236 499 exhibe

1646 540 1891 599 paratum
1924 541 1980 586 ut
2007 531 2443 602 reprehendaris,
2477 533 2521 586 si
2556 533 2683 603 quid
2712 548 2924 603 pecces.
2956 534 3024 590 Ut
3051 544 3232 592 autem

1642 623 1784 691 quod
1811 623 1931 679 dico
1971 623 2065 680 fiat
2108 625 2379 694 apertius,
2428 639 2525 695 per
2549 623 2892 697 hypotbesim
2923 626 3067 695 quod
3093 627 3230 683 dici-

1642 731 1761 769 mus
1814 731 2168 773 exerceamus
2209 733 2224 770 :
2269 716 2409 772 absit
2451 717 2597 772 enim
2645 726 2705 772 ut
2754 717 2807 772 in
2855 718 3080 774 veritate
3127 720 3232 775 hoe

1642 806 1798 862 nobis
1857 807 2163 878 exemplum
2217 807 2608 879 suppeditetur.
2668 807 2753 863 Sit
2817 808 2982 865 frater
3035 810 3229 881 aliquis

1642 898 1890 954 habitans
1916 915 2036 954 cum
2069 900 2296 970 virgine,
2328 899 2587 955 honestus
2614 900 2830 970 quidem
2860 911 2914 957 et
2963 901 3224 972 pudicus;

1638 990 1732 1044 sed
1762 1006 1827 1045 ne
1871 991 1949 1046 sic
2000 990 2214 1061 quidem
2263 992 2458 1046 malam
2489 990 2706 1062 effugiat
2748 992 3222 1049 existimationem.

1638 1081 1693 1137 Si
1721 1098 1852 1154 ergo
1879 1083 2111 1138 audieris
2140 1084 2274 1137 hanc
2303 1084 2354 1138 in
2390 1098 2485 1138 ore
2512 1084 2653 1155 vulgi
2673 1100 2793 1140 esse
2819 1075 3219 1151 habitationem,

1638 1192 1705 1230 ne
1750 1175 2096 1246 deSpexeris,
2143 1192 2320 1248 neque
2368 1177 2568 1232 dixeris
2598 1198 2612 1233 :
2642 1180 2833 1234 Annon
2879 1179 2993 1250 ipse
3038 1182 3225 1251 sapit?

1635 1281 1811 1322 annon
1865 1268 2013 1322 novit
2055 1267 2183 1338 quid
2211 1266 2503 1339 expediat?
2537 1270 2656 1325 sine
2696 1284 2854 1325 causa
2893 1272 3121 1337 ameris,
3155 1289 3223 1329 ne

1635 1360 1710 1413 sis
1737 1360 1861 1414 odio
1890 1362 2008 1415 sine
2038 1375 2196 1415 causa
2228 1378 2241 1413 :
2270 1361 2396 1431 quid
2425 1362 2567 1416 enim
2596 1360 2725 1417 mihi
2747 1377 2890 1416 cura:
2920 1373 3003 1417 est
3028 1380 3222 1433 super-

1632 1464 1897 1506 vacaneas
1953 1452 2228 1521 suscipere
2278 1452 2640 1507 inimicitias?
2688 1452 2814 1508 Ilzec
2880 1463 3006 1507 sunt
3060 1456 3220 1511 verba

1632 1541 1797 1596 delira
1832 1543 2126 1598 bestiarum
2155 1585 2171 1609 ,
2201 1545 2284 1599 vel
2334 1546 2509 1615 potius
2539 1544 2867 1601 dtemonum.
2893 1547 3010 1603 Non
3042 1558 3221 1617 potest

1632 1636 1775 1690 enim
1828 1635 1965 1702 fieri,
1997 1645 2055 1690 ut
2087 1646 2289 1692 temere
2313 1648 2369 1693 et
2419 1639 2538 1693 sine
2582 1654 2745 1694 causa
2794 1640 2920 1695 odio
2959 1641 3220 1698 habeatur

1631 1727 1720 1797 qui
1748 1727 1851 1782 hoc
1876 1726 2001 1782 facit
2042 1728 2114 1782 ob
2141 1728 2533 1785 correctionem
2555 1770 2568 1795 ,
2600 1730 2695 1786 sed
2730 1738 2785 1785 ut
2826 1746 3016 1802 magna
3045 1733 3214 1800 bona,

1630 1832 1857 1872 coronas
1909 1818 2204 1875 ineffabiles
2277 1830 2655 1889 consequatur.
2684 1821 2741 1878 Si
2789 1832 2969 1878 autem
3020 1823 3214 1879 dicas:

1629 1913 1767 1981 Quid
1797 1930 1949 1983 vero,
1979 1932 2084 1971 non
2113 1917 2228 1987 ipse
2254 1917 2434 1987 sapit?
2464 1919 2649 1976 audies
2702 1935 2731 1974 a
2760 1921 2916 1977 nobis
2960 1939 3082 1979 eum
3108 1940 3216 1979 non

1629 2023 1858 2078 sapere;
1892 2018 1976 2064 est
1995 2010 2138 2065 enim
2168 2010 2361 2066 affectu
2390 2012 2596 2067 ebrius.
2628 2012 2684 2069 Si
2715 2015 2860 2070 enim
2888 2015 2943 2070 in
2976 2020 3216 2072 externis

1624 2100 1841 2170 judiciis
1870 2101 1942 2167 ii,
1976 2102 2068 2171 qui
2124 2101 2317 2172 injuria
2345 2102 2650 2159 afficiuntur
2669 2146 2686 2171 ,
2715 2119 2824 2160 non
2870 2117 3092 2175 possunt
3118 2124 3216 2174 pro

1625 2208 1686 2249 se
1710 2192 1925 2262 dicere,
1949 2202 2008 2249 ut
2047 2194 2138 2265 qui
2188 2195 2265 2250 ira
2293 2193 2571 2263 ferveant,
2600 2211 2925 2268 quamquam
2977 2214 3083 2254 non
3128 2210 3217 2255 est

1625 2284 1812 2339 vitium
1876 2284 1991 2341 hcc
2050 2286 2448 2343 commiseratio
2491 2303 2506 2341 :
2553 2288 2723 2345 multo
2774 2290 2945 2359 magis
2988 2290 3055 2355 ii,
3113 2293 3205 2361 qui

1624 2377 1763 2432 mala
1795 2386 2045 2434 tenentur
2059 2378 2473 2435 consuetudine.
2505 2379 2795 2451 Propterea
2821 2381 2962 2445 dico,
2992 2384 3207 2437 etiamsi

1623 2468 1820 2524 millies
1848 2469 1919 2524 sit
1946 2471 2195 2540 sapiens,
2233 2479 2469 2527 mentem
2510 2486 2619 2527 non
2669 2470 2833 2528 habet
2874 2474 3205 2543 vigilantem.

1621 2559 1758 2628 Quid
1785 2562 1929 2617 enim
1954 2572 2069 2618 erat
2097 2563 2297 2619 Davide
2312 2564 2610 2634 sapientius
2630 2566 2720 2637 qui
2748 2566 2981 2635 dicebat,
3009 2567 3213 2623 Incerta

1618 2663 1668 2707 et
1718 2657 1917 2709 occulta
1969 2657 2232 2727 sapientia:
2277 2667 2380 2712 ma:
2432 2659 2770 2729 manifestasti
2821 2660 2947 2714 mihi
3012 2659 3206 2731 (Psal.

1619 2745 1710 2802 50.
1739 2746 1849 2816 8)?
1899 2745 2007 2804 Sed
2058 2747 2276 2819 quando
2325 2748 2538 2819 injustis
2579 2750 2753 2806 oculis
2802 2751 2934 2807 vidit
2984 2767 3207 2809 uxorem

1620 2842 1831 2905 militis,
1869 2851 2021 2908 tunc,
2056 2844 2109 2898 id
2159 2845 2302 2914 quod
2342 2847 2451 2916 pati
2496 2847 2633 2902 dixit
2666 2862 2765 2903 eos
2808 2849 2902 2919 qui
2941 2851 3199 2920 navigant

1620 2933 1673 2987 in
1710 2933 1848 2986 mari
1897 2933 2117 3000 furenti,
2152 2936 2330 2991 omnis
2369 2937 2630 3006 sapientia
2669 2938 2785 3006 ejus
2824 2949 2901 2993 est
2950 2943 3202 3011 absorpta

1620 3023 1795 3095 (Psat.
1830 3025 1950 3080 106.
1977 3025 2099 3097 27);
2133 3034 2185 3080 et
2219 3042 2359 3097 opus
2392 3028 2625 3084 habebat
2659 3029 2783 3085 aliis
2819 3030 2913 3100 qui
2959 3033 3200 3102 corrige-

1616 3123 1759 3178 rent,
1792 3128 1891 3168 nec
1914 3115 2182 3169 sentiebat
2214 3116 2431 3185 quidem
2466 3117 2519 3171 in
2549 3118 2748 3186 quibus
2779 3125 2833 3173 et
2861 3119 3084 3188 quantis
3109 3120 3196 3173 in-

1611 3210 1701 3258 tus
1737 3211 2052 3258 versaretur
2085 3205 2266 3259 malis.
2302 3206 2665 3272 Quamobrem
2705 3223 2804 3263 sua
2834 3209 3199 3281 deflens'pec-

1614 3301 1739 3348 cata
1769 3293 1983 3347 dicebat
2014 3309 2028 3345 :
2057 3293 2207 3350 Sicut
2243 3311 2375 3349 onus
2414 3313 2569 3366 grave
2613 3308 2845 3368 gravata:
2883 3308 3006 3354 sunt
3042 3318 3200 3371 super

1622 3398 1721 3436 me.
1754 3382 2099 3448 Putruerunt,
2133 3396 2181 3437 et
2216 3397 2478 3454 corrupta:
2514 3398 2638 3441 sunt
2680 3391 2951 3446 cicatrices
2999 3409 3125 3447 mere
3166 3411 3199 3446 (ι

1620 3476 1756 3545 facie
1788 3476 2103 3541 insipientia:
2141 3494 2269 3532 mem
2307 3460 2483 3550 (Psat.
2514 3480 2604 3534 57.
2634 3479 2688 3534 5.
2718 3480 2794 3549 6).

1687 3578 1739 3632 4.
1773 3575 1886 3630 Non
1931 3576 2070 3645 sapit
2095 3590 2224 3645 ergo
2253 3589 2351 3629 nec
2392 3584 2626 3631 tuentem
2660 3574 2822 3630 habet
2850 3574 2939 3644 qui
2970 3584 3192 3645 peccat;

1618 3677 1702 3724 est
1727 3668 1871 3722 enim
1899 3668 2097 3732 ebrius,
2131 3673 2188 3723 et
2215 3667 2332 3736 ejus
2358 3665 2591 3737 caligant
2618 3666 2779 3721 oculi.
2810 3664 2891 3722 Ne
2923 3666 3039 3720 hree
3069 3682 3202 3737 ergo

1618 3760 1786 3824 dicas,
1816 3774 1992 3829 neque
2021 3757 2151 3813 illud
2179 3757 2378 3813 addas:
2409 3757 2525 3815 Non
2555 3764 2639 3812 est
2664 3756 2795 3811 mihi
2826 3772 3002 3821 cura);
3036 3755 3209 3812 Unus-

1617 3853 1824 3922 quisque
1852 3852 1984 3905 enim
2010 3867 2160 3905 suum
2188 3867 2316 3904 onus
2346 3848 2566 3919 portabit
2597 3848 2741 3920 (Gal.
2774 3850 2827 3905 6.
2859 3850 2939 3922 5).
2990 3849 3202 3903 Etenim

1619 3948 1701 4002 vel
1735 3947 2027 4001 maximum
2054 3944 2149 4000 tibi
2178 3945 2380 4000 crimen
2413 3945 2607 4008 oritur,
2637 3944 2779 4013 quod
2810 3959 2931 3998 cum
2978 3942 3206 3997 vidisses

1618 4047 1910 4103 errantem,
1940 4038 1992 4091 in
2016 4037 2155 4091 viam
2183 4051 2290 4090 non
2322 4035 2621 4090 reduxeris.
2655 4035 2711 4091 Si
2740 4035 2882 4090 enim
2901 4034 3203 4105 jnmentum

1619 4131 1819 4186 inimici
1849 4131 1899 4184 in
1930 4128 2237 4185 Judteorum
2272 4128 2391 4197 lege
2419 4142 2524 4182 non
2556 4128 2679 4182 licet
2705 4127 2985 4196 despicere
3012 4126 3205 4195 (Deut.

1617 4223 1710 4278 22.
1744 4222 1833 4295 1);
1863 4223 1953 4292 qui
1980 4236 2087 4277 non
2129 4221 2450 4293 jnmentum,
2483 4234 2658 4290 neque
2700 4218 2906 4273 inimici
2948 4219 3204 4283 animam,

1620 4316 1715 4372 sed
1758 4315 1917 4369 amici
1969 4313 2220 4382 despicit,
2264 4327 2550 4381 quamnam
2594 4319 2911 4381 assequetur
2965 4310 3209 4364 veniam?

1620 4408 1806 4477 Neque
1833 4405 1976 4460 enim
2006 4404 2071 4458 ad
2105 4412 2341 4458 nostram
2370 4400 2567 4456 sufficit
2599 4402 3023 4464 excusationem,
3062 4399 3206 4469 quod

1621 4499 1709 4555 ille
1732 4505 1965 4553 mentem
1996 4496 2210 4550 habeat.
2244 4493 2374 4547 Nam
2405 4507 2505 4547 nos
2531 4506 2745 4561 quoque
2776 4492 2863 4559 qui
2894 4505 3038 4559 saepe
3068 4489 3208 4542 mul-

1624 4599 1709 4644 tas
1733 4587 1982 4644 dedimus
2011 4584 2424 4651 admonitiones,
2452 4582 2610 4637 nobis
2635 4597 2742 4637 non
2764 4581 3080 4646 sufficimus,
3110 4594 3210 4634 nec

1618 4697 1809 4737 sumus
1835 4680 2012 4736 utiles.
2042 4678 2118 4734 De
2146 4678 2238 4733 illo
2267 4691 2396 4748 ergo
2428 4684 2683 4747 peccante
2712 4674 2813 4729 hoc
2841 4688 3051 4743 quoque
3076 4687 3209 4728 eon-

1619 4774 1819 4837 sidera,
1848 4770 1990 4842 quod
2016 4780 2436 4827 consentaneum
2458 4769 2527 4822 sit
2552 4782 2675 4823 eum
2703 4782 2734 4821 a
2768 4776 2819 4822 te
2846 4766 3020 4835 magis
3048 4780 3205 4835 quam

1622 4882 1652 4921 a
1680 4867 1857 4935 seipso
1884 4863 2145 4934 optimum
2186 4861 2435 4931 accipere
2477 4858 2797 4924 consilium;
2830 4871 3006 4928 neque
3036 4856 3206 4921 dicas,

1625 4955 1762 5024 Quid
1814 4955 1931 5010 haec
1974 4962 2100 5010 sunt
2126 4952 2259 5009 mihi
2298 4951 2478 5007 curat?
2527 4950 2679 5005 Time
2726 4964 2848 5005 cum
2892 4949 2982 5018 qui
3008 4948 3211 5018 primus

1627 5047 1766 5101 dixit
1791 5045 1896 5101 hoc
1934 5045 2196 5101 verbum:
2241 5058 2363 5097 nam
2405 5041 2557 5107 illud,
2602 5040 2864 5112 Numquid
2899 5056 3013 5094 sum
3046 5049 3213 5094 custos

1623 5139 1799 5209 fratris
1827 5138 1925 5193 mei
1950 5137 2102 5211 (Gen.
2135 5138 2188 5193 4.
2224 5136 2309 5208 9)?
2334 5135 2523 5191 eodem
2554 5149 2660 5205 quo
2688 5134 2789 5189 hoc
2819 5132 3038 5188 recidit:
3084 5132 3210 5188 hinc

1625 5232 1764 5287 mala
1791 5239 2083 5286 nascuntur
2107 5230 2306 5295 omnia,
2339 5229 2481 5300 quod
2507 5244 2624 5299 qua:
2653 5237 2779 5284 sunt
2807 5228 2974 5284 nostri
3011 5241 3208 5297 corpo-

1625 5325 1702 5379 ris
1738 5324 1911 5379 aliena
1951 5338 2072 5379 esse
2098 5322 2362 5378 ducimus.
2409 5321 2547 5391 Quid
2572 5321 2741 5376 dicis?
2771 5321 2933 5377 frater
2973 5335 3079 5375 non
3126 5328 3214 5374 est

1627 5417 1719 5472 tibi
1748 5416 1922 5470 curm?
1952 5416 2057 5473 Sed
2082 5416 2166 5471 cui
2193 5417 2296 5471 erit
2323 5415 2500 5470 curae?
2532 5414 2803 5469 infideline
2829 5413 2921 5481 qui
2949 5414 3066 5483 ejus
3091 5427 3212 5467 ma-

1628 5508 1695 5561 lis
1721 5508 1948 5572 Iaetatur,
1991 5507 2385 5577 exprobratque
2412 5514 2465 5561 et
2508 5504 2763 5561 insultat?
2784 5519 2851 5559 an
2871 5502 3085 5558 diabolo
3112 5500 3205 5570 qui

1628 5597 1851 5669 impedit
1887 5605 1946 5654 et
1968 5598 2305 5670 supplantat?
2350 5599 2417 5654 Et
2447 5598 2715 5654 undenam
2744 5594 2880 5650 hoc?
2922 5591 3074 5661 Quod
3103 5605 3213 5647 non

1628 5688 1898 5762 proficiam
1923 5690 2107 5747 dicens
2132 5700 2185 5749 ct
2210 5691 2497 5749 consulens
2521 5705 2640 5761 qua:
2670 5695 2900 5761 oportet.
2931 5684 3210 5744 Undeuatn
