3712 6212
358 295 467 352 879

356 421 536 466 autem
567 417 650 466 est
689 409 1050 480 perspicuum,
1081 406 1222 477 quod
1255 421 1360 461 non
1403 403 1689 475 proficies?
1715 403 1818 457 hoc
1863 409 1949 456 est

359 504 506 559 enim
550 513 807 560 extremm
854 500 1122 566 amentiae,
1177 516 1298 554 cum
1344 500 1398 554 in
1441 500 1648 553 incerto
1691 498 1761 552 sit
1802 496 1946 564 linis,

362 604 570 651 certum
599 594 781 649 subire
807 592 1009 648 crimen
1038 592 1394 662 negligentiae.
1419 591 1578 660 Atqui
1611 589 1748 644 Deus
1775 587 1951 642 futura

357 689 670 757 prmsciens,
703 698 848 755 saepe
877 685 1016 739 dixit
1048 693 1100 738 et
1134 682 1267 737 nihil
1297 681 1544 751 profecit.
1576 690 1629 734 et
1669 695 1844 749 neque
1872 678 1952 734 sic

355 778 593 834 destitit:
623 777 782 847 idque
825 791 946 831 cum
995 777 1161 831 sciret
1190 790 1250 830 se
1295 790 1400 829 non
1435 788 1836 844 persuasurum.
1891 770 1947 827 Si

356 879 538 924 autem
581 869 669 940 qui
710 869 978 939 prazscivit
1024 883 1082 921 se
1123 868 1257 921 nihil
1301 869 1418 937 plus
1457 865 1795 930 effecturum,
1841 880 1947 919 non

354 963 568 1018 desistit
601 961 905 1033 corrigere?
951 976 1235 1032 quamnam
1279 960 1501 1015 habebis
1545 958 1948 1013 excusationem

354 1055 445 1126 qui
477 1055 710 1109 futurum
737 1053 960 1111 omnino
989 1054 1226 1124 ignoras,
1259 1051 1624 1122 pigrescisque
1652 1058 1706 1105 et
1733 1058 1947 1118 torpes-

353 1148 466 1202 cis?
494 1147 701 1202 Etenim
735 1147 884 1201 multi
912 1160 1057 1216 smpe
1085 1145 1320 1214 aggressi
1347 1142 1711 1213 profecerunt,
1740 1150 1793 1196 et
1823 1157 1949 1196 cum

354 1241 586 1294 maxime
614 1238 1012 1308 desperassent,
1057 1245 1182 1291 tunc
1219 1235 1448 1290 maxime
1494 1243 1620 1288 sunt
1648 1232 1942 1302 assequuti.

352 1329 508 1400 Quod
545 1331 590 1385 si
623 1331 785 1386 etiam
830 1329 961 1384 nihil
1007 1328 1238 1398 amplius
1285 1325 1555 1389 effeceris,
1600 1325 1772 1379 fecisti
1799 1323 1943 1394 quod

355 1432 508 1477 tuum
535 1433 638 1477 est.
686 1420 764 1477 Ne
792 1421 866 1475 sis
894 1436 1023 1489 ergo
1061 1419 1404 1483 inhumanus,
1451 1433 1626 1488 neque
1655 1417 1944 1472 immiseri-

352 1529 498 1581 cors,
547 1529 721 1583 neque
769 1512 1065 1582 negligens.
1113 1510 1246 1566 Nam
1291 1511 1435 1582 quod
1481 1510 1598 1568 baac
1625 1510 1788 1564 verba
1836 1509 1946 1563 sint

350 1605 686 1661 crudelitatis
711 1614 765 1659 et
795 1604 1078 1670 socordite,
1119 1603 1265 1658 illinc
1294 1612 1376 1658 est
1415 1602 1784 1672 perspicuum.
1835 1599 1945 1656 Cur

351 1698 495 1751 enim
524 1712 642 1750 cum
671 1711 833 1750 unum
863 1710 926 1750 ex
956 1695 1061 1749 tuis
1088 1693 1344 1749 membris
1378 1693 1604 1757 laborat,
1640 1708 1744 1746 non
1773 1692 1938 1746 dicis:

347 1789 487 1857 Quid
515 1788 644 1843 mihi
675 1802 839 1854 curre,
869 1797 925 1843 et
951 1787 1094 1842 unde
1117 1788 1245 1841 mihi
1270 1786 1556 1849 constabit,
1581 1785 1724 1855 quod
1752 1785 1797 1838 si
1826 1784 1943 1854 ejus

347 1897 530 1939 curam
551 1897 754 1954 geratn,
777 1881 1152 1936 convalescet?
1174 1878 1269 1934 sed
1291 1878 1472 1933 omnia
1495 1877 1647 1943 facis,
1673 1887 1730 1932 ut
1747 1877 1942 1932 etiam-

345 1974 392 2029 si
437 1973 571 2028 nihil
619 1972 842 2043 iuveris,
876 1979 928 2027 te
971 1986 1077 2026 non
1108 1971 1280 2042 possis
1325 1968 1748 2041 reprehendere,
1796 1967 1940 2037 quod

345 2064 549 2134 aliquid
592 2065 662 2119 sit
710 2063 1139 2134 praetermissum
1185 2076 1372 2116 eorum
1402 2077 1522 2131 quae
1552 2061 1750 2115 debent
1798 2059 1938 2115 fieri.

344 2161 428 2214 An
454 2173 584 2214 vero
608 2172 730 2212 cum
776 2156 1142 2211 membrorum
1188 2155 1404 2224 quidem
1436 2154 1683 2223 corporis
1735 2162 1937 2208 tantam

345 2265 532 2306 curam
552 2263 825 2319 geramus,
851 2247 1095 2302 membra
1125 2245 1326 2302 Christi
1353 2246 1718 2318 negligemus?
1741 2254 1795 2300 et
1819 2247 1938 2301 ubi-

343 2358 470 2398 nam
499 2342 613 2395 haec
644 2351 920 2395 merentur
950 2339 1198 2394 veniam?
1245 2337 1378 2393 Nam
1410 2339 1454 2394 si
1487 2347 1538 2393 te
1585 2353 1690 2392 non
1724 2337 1938 2392 inflecto

343 2435 549 2496 dicens,
584 2432 806 2487 Membri
832 2432 901 2485 tui
933 2445 1117 2486 curam
1149 2445 1296 2500 gere,
1328 2439 1385 2484 ut
1416 2431 1498 2484 vel
1524 2438 1666 2483 metu
1697 2429 1794 2484 fias
1819 2443 1936 2484 meo

343 2526 469 2590 liur,
485 2525 576 2579 tibi
602 2528 650 2578 in
673 2523 986 2578 memoriam
1003 2536 1200 2577 revoco
1215 2536 1413 2591 corpus
1427 2520 1642 2577 Christi.
1657 2521 1937 2589 Quomodo

343 2617 487 2672 enim
511 2631 615 2670 non
642 2626 725 2670 est
746 2613 1072 2669 horrendum
1113 2621 1508 2683 putrescentem
1533 2627 1750 2668 carnem
1791 2623 1934 2667 tuam

343 2711 586 2780 aspicere
611 2717 662 2764 et
688 2706 1002 2778 despicere?
1035 2705 1102 2760 Et
1124 2707 1170 2760 si
1195 2705 1423 2760 haberes
1443 2703 1655 2774 quidem
1681 2704 1932 2759 famulum

342 2813 436 2857 aut
455 2803 660 2856 asinum
682 2800 1008 2854 laborantem
1025 2798 1438 2868 putredine,non
1457 2797 1752 2853 sustineres
1768 2797 1938 2866 despi-

340 2911 488 2962 cere;
505 2894 699 2950 Christi
717 2903 896 2948 autem
913 2907 1109 2961 corpus
1124 2890 1312 2946 videns
1330 2890 1590 2960 repletum
1609 2888 1789 2945 scabie
1806 2905 1937 2959 prm-

342 2988 631 3042 tcrcurris?
648 2997 696 3041 et
717 3001 821 3040 non
847 2985 1124 3040 existimas
1144 2983 1258 3038 btec
1275 2997 1395 3038 esse
1415 2981 1570 3052 digna
1589 2981 1736 3036 mille
1758 2979 1937 3035 fulmi-

340 3080 531 3136 nibus?
552 3080 839 3149 Propterea
859 3077 1038 3133 omnia
1060 3091 1257 3146 susque
1273 3075 1449 3146 deque
1466 3077 1776 3142 miscentur,
1807 3089 1930 3144 pro.

340 3183 460 3246 pter
477 3173 615 3228 hanc
632 3171 1097 3235 inliumauitatem,
1114 3180 1333 3240 propter
1346 3169 1483 3224 hanc
1495 3169 1896 3238 negligentiam.

412 3263 626 3319 Fratres
667 3263 919 3332 quomodo
961 3261 1357 3331 corrigendi.-â€”
1385 3259 1592 3314 idcirco
1633 3273 1764 3328 rogo
1797 3258 1936 3312 hanc

339 3374 405 3412 ex
417 3357 674 3426 pellamus
696 3353 1068 3408 crudelitatem
1097 3369 1110 3407 :
1132 3351 1329 3406 accede
1349 3352 1416 3405 ad
1439 3351 1588 3405 illum
1611 3353 1699 3420 qui
1725 3350 1935 3404 habitat

339 3466 463 3503 cum
486 3449 714 3516 virgine,
735 3455 788 3500 et
811 3459 1032 3514 parvum
1055 3444 1142 3498 dic
1165 3443 1346 3498 fratris
1368 3443 1698 3508 encomium,
1727 3458 1790 3497 ex
1813 3442 1934 3498 aliis

345 3557 464 3611 qua:
512 3539 672 3594 habet
713 3536 1010 3593 commodis
1038 3546 1092 3590 et
1135 3535 1350 3591 dotibus
1379 3535 1433 3590 id
1481 3549 1847 3605 componens;
1879 3544 1936 3590 et

341 3645 613 3702 tamquam
655 3646 792 3701 aqua
823 3628 994 3684 calida
1039 3627 1227 3684 fovens
1271 3628 1539 3695 laudibus,
1576 3629 1650 3683 ita
1693 3628 1935 3698 deprime

343 3735 609 3778 tumorem
641 3722 757 3793 ejus
785 3720 1064 3777 vulneris:
1092 3729 1144 3775 te
1186 3734 1402 3790 quoque
1432 3720 1606 3789 ipsum
1648 3721 1934 3790 pronuntia

340 3807 617 3883 miserum,
644 3834 836 3875 accusa
861 3833 1145 3874 commune
1169 3833 1338 3888 genus
1367 3818 1682 3884 humanum,
1712 3819 1934 3875 ostende

341 3925 440 3965 nos
469 3925 659 3966 omnes
701 3910 904 3964 essein
935 3909 1192 3979 peccatis,
1235 3918 1358 3979 pete
1404 3910 1636 3974 veniam,
1665 3910 1854 3966 dicens
1881 3919 1934 3966 te

341 4003 545 4073 majora
586 4001 802 4072 aggredi
833 4017 994 4071 quam
1023 4017 1142 4072 quae
1179 4002 1323 4056 vires
1367 4011 1473 4056 ture
1514 4003 1653 4058 ferre
1699 4005 1930 4072 possint,

337 4095 435 4150 sed
486 4097 764 4149 caritatem
818 4094 1149 4163 persuadere
1205 4094 1384 4148 omnia
1445 4095 1665 4150 audere.
1727 4096 1930 4152 Deinde

336 4188 626 4243 consulens
654 4187 756 4242 hoc
801 4185 904 4252 fac,
938 4203 1043 4241 non
1091 4197 1364 4256 tamquam
1410 4187 1699 4254 imperans,
1747 4189 1842 4244 sed
1874 4199 1932 4244 ut

337 4282 623 4336 frater:et
669 4295 792 4335 cum
827 4279 910 4335 his
950 4279 1208 4334 omnibus
1257 4289 1518 4334 tumorem
1565 4280 1928 4350 depresseris,

338 4383 393 4429 et
435 4375 656 4430 lenieris
694 4374 935 4429 dolorem
976 4374 1066 4444 qui
1106 4374 1303 4428 accidit
1341 4389 1408 4428 ex
1455 4375 1695 4428 sectione
1740 4375 1930 4430 futura:

338 4467 798 4538 reprehensionis,
828 4475 884 4521 et
911 4479 1056 4535 saepe
1085 4481 1214 4521 usus
1241 4465 1411 4520 fueris
1440 4467 1806 4532 excusatione,
1836 4482 1928 4521 ro-

337 4560 654 4629 gaverisque
678 4574 748 4614 ne
773 4559 1063 4622 irascatur;
1095 4572 1214 4611 cum
1243 4573 1364 4612 eum
1388 4556 1472 4612 his
1499 4557 1767 4628 ligaveris,
1801 4568 1931 4614 tunc

335 4651 543 4720 plagam
577 4649 778 4720 inï¬‚ige,
813 4663 914 4703 nec
941 4649 1136 4702 vulnus
1183 4648 1434 4719 alligans,
1470 4663 1572 4704 nec
1600 4649 1925 4717 dissolvens,

339 4748 400 4793 ut
441 4754 616 4809 neque
645 4739 791 4794 illinc
834 4739 1062 4804 resiliat,
1097 4753 1271 4807 neque
1315 4737 1440 4793 hinc
1470 4739 1751 4809 despiciat.
1795 4740 1928 4796 Nam

340 4832 389 4884 si
416 4831 705 4885 violentum
736 4845 842 4884 non
876 4829 1092 4885 dederis
1129 4830 1342 4896 vulnus,
1388 4830 1519 4884 nihil
1550 4832 1782 4901 amplius
1813 4831 1933 4886 efï¬-

340 4925 491 4978 cies:
518 4923 600 4978 sin
645 4933 819 4978 autem
859 4922 1210 4978 vehementer
1248 4924 1600 4992 percusseris,
1641 4923 1845 4980 efficies
1872 4932 1932 4980 ut

338 5015 566 5071 resiliat.
598 5017 886 5087 Propterea
919 5026 973 5072 et
992 5026 1114 5088 post
1137 5017 1254 5072 [nec
1273 5018 1452 5072 omnia
1476 5018 1926 5088 reprehensurus,

339 5108 509 5163 misce
547 5123 734 5163 rursus
773 5111 1076 5164 encomium
1125 5125 1247 5164 cum
1296 5109 1845 5179 reprehensionibus:
1874 5118 1930 5165 et

337 5199 590 5270 quoniam
632 5199 705 5263 id,
735 5199 878 5271 quod
918 5201 977 5255 iit
1010 5200 1078 5255 ab
1107 5215 1196 5267 eo,
1238 5216 1336 5271 per
1363 5216 1423 5256 se
1465 5217 1570 5256 non
1603 5211 1778 5271 potest
1805 5217 1929 5258 esse

339 5289 646 5347 encomium
673 5291 696 5362 (
706 5306 810 5346 non
848 5301 931 5347 est
969 5293 1113 5347 enim
1155 5293 1311 5348 laude
1339 5293 1557 5363 dignum
1587 5293 1746 5349 simul
1776 5294 1931 5349 babi-

341 5393 458 5440 tare
486 5399 609 5440 cum
634 5385 810 5456 puella
837 5386 1102 5455 virgine),
1132 5387 1236 5442 hoc
1282 5387 1360 5442 fac
1385 5403 1453 5444 ex
1483 5399 1663 5444 mente
1689 5399 1742 5444 et
1777 5389 1930 5444 insti-

339 5485 458 5530 tuto
488 5476 604 5546 ejus
632 5477 722 5548 qui
749 5476 910 5532 simul
936 5476 1160 5531 habitat.
1209 5477 1323 5532 Etsi
1353 5479 1496 5532 enim
1527 5479 1660 5542 scio,
1694 5480 1926 5548 inquies,

342 5567 484 5638 quod
511 5578 566 5622 tu
592 5576 815 5640 propter
864 5568 1033 5622 Deum
1065 5567 1216 5634 facis,
1248 5577 1303 5622 et
1331 5568 1478 5622 illius
1507 5569 1719 5623 misera:
1743 5569 1929 5626 videas

343 5661 726 5729 calamitatem,
754 5669 809 5717 et
828 5660 971 5733 quod
1002 5659 1289 5716 defensore
1316 5670 1498 5716 careat
1527 5671 1580 5716 et
1604 5671 1852 5732 patrono,
1877 5663 1927 5718 ei

341 5769 558 5813 manum
589 5757 901 5830 praebuisti;
931 5763 1139 5821 etiamsi
1171 5777 1274 5818 non
1309 5759 1407 5816 hoc
1440 5756 1620 5813 animo
1647 5756 1826 5824 faciat,
1866 5765 1920 5812 tu

1166 295 1220 348 S.
1275 287 1552 350 JOANNIS
1588 284 2064 344 CHRYSOSTOMI
2103 285 2420 342 ARCHIEP.
2461 286 2996 346 CONSTANTINOP.
3568 291 3646 348 333

2057 397 2144 454 dic
2170 399 2238 453 ita
2266 416 2278 453 :
2303 409 2356 454 et
2382 408 2564 470 postea
2595 401 2710 456 haec
2740 419 2954 474 quoque
2973 403 3136 470 adde,
3165 419 3370 460 rursus
3396 416 3552 461 utens
3574 426 3645 463 ex-

2057 490 2356 556 cusatione,
2391 501 2462 559 et
2485 491 2672 548 dicens
2697 512 2710 548 :
2735 493 2860 550 Hzec
2886 496 3027 561 dico,
3081 511 3196 551 non
3231 497 3468 567 jubens,
3496 501 3646 555 sedis

2055 582 2369 636 memoriam
2420 595 2961 656 revocanszproptcr
3007 587 3177 643 Deum
3232 600 3291 643 tu
3346 588 3518 650 facis.
3559 609 3637 661 eg:

2057 689 2272 745 quoque
2313 676 2365 730 id
2393 677 2538 744 scio;
2573 678 2668 734 sed
2718 680 2996 736 videamus
3040 699 3170 736 num
3205 698 3272 738 ex
3323 682 3436 738 hoc
3465 686 3643 752 alique}

2054 768 2198 823 aliud
2231 780 2486 825 nascatur
2531 773 2735 827 malum
2761 790 2775 827 :
2799 783 2853 829 et
2877 775 2922 830 si
2969 776 3176 831 nullum
3207 777 3447 848 quidem
3474 781 3558 842 sit.
3582 782 3644 835 ia-

2055 870 2141 918 tus
2167 865 2405 930 contine,
2456 865 2843 937 pulchrumque
2871 867 2974 923 hoc
3003 878 3060 925 et
3099 871 3411 926 honestum
3442 875 3643 928 studium

2054 967 2411 1024 persequere;
2464 957 2642 1011 nullus
2689 967 2773 1014 est
2813 960 2905 1029 qui
2950 965 3248 1017 vetet:sin
3303 975 3503 1018 autem
3551 967 3644 1021 hinc

2052 1046 2294 1100 Jascitur
2339 1047 2556 1118 aliquod
2605 1048 2860 1104 damnum
2906 1053 3080 1122 majus
3136 1053 3327 1121 lucro,
3385 1070 3644 1110 caveamus

2050 1153 2150 1193 oro
2179 1156 2266 1205 ne,
2300 1140 2427 1196 dum
2454 1157 2616 1197 unam
2643 1144 2922 1200 studemus
2951 1162 3206 1204 recreare
3231 1153 3517 1216 animam,
3549 1156 3643 1207 Ini!-
3710 1157 3712 1200 á¼°

2051 1231 2104 1287 le
2131 1232 2485 1290 oï¬‚â€™endamus.
2531 1236 2636 1292 Nec
2667 1240 2849 1294 statim
2877 1240 3043 1295 addas
3072 1245 3361 1313 supplicia
3399 1252 3642 1315 proposlta

2051 1322 2116 1378 iis
2137 1325 2224 1393 qui
2251 1325 2530 1382 offendunt
2550 1337 2604 1382 et
2629 1330 2940 1385 scandalum
2968 1331 3227 1401 afferunt,
3253 1336 3364 1390 sed
3395 1336 3518 1406 ejus
3539 1355 3642 1407 qna-

2049 1431 2155 1485 que
2194 1416 2420 1473 adsume
2467 1421 2860 1489 testimonium,
2911 1423 3098 1480 dicens
3123 1444 3134 1478 :
3159 1426 3287 1482 Non
3319 1442 3474 1498 Opus
3503 1442 3642 1486 estut

2049 1504 2163 1561 haec
2191 1523 2218 1560 a
2251 1523 2336 1562 me
2363 1508 2570 1574 discas;
2606 1521 2660 1566 tu
2688 1513 2802 1583 ipse
2826 1515 2956 1581 scis,
2982 1517 3027 1570 si
3054 1518 3179 1587 quis
3209 1519 3474 1575 offendat
3499 1540 3637 1576 unum

2048 1613 2115 1652 ex
2141 1599 2225 1653 his
2252 1600 2478 1668 pusillis,
2510 1604 2690 1671 quanti
2722 1605 2969 1675 supplicii
3000 1608 3359 1664 intententur
3387 1614 3550 1667 minae
3571 1633 3584 1667 :
3605 1627 3645 1668 et

2047 1703 2168 1742 cum
2196 1690 2272 1742 sic
2299 1692 2516 1746 lenieris
2561 1693 2881 1759 orationem,
2912 1706 2967 1752 et
2993 1698 3128 1753 iram
3159 1701 3472 1769 mitigaris,
3503 1704 3643 1771 impo-

2016 1796 2116 1837 .ne
2171 1783 2620 1840 medicamentum
2675 1790 3053 1845 correctionis.
3111 1791 3168 1848 Si
3224 1804 3430 1850 autem
3483 1813 3642 1852 rursus

2045 1883 2296 1930 causetur
2338 1876 2458 1946 ejus
2485 1879 2856 1948 solitudinem,
2889 1898 2958 1936 ne
2988 1883 3066 1940 sic
3095 1886 3334 1954 quidem
3386 1888 3642 1944 obtenta-

2045 1967 2482 2037 reprehenderis,
2530 1972 2626 2029 sed
2666 1973 2753 2028 dic
2780 1974 3037 2031 ei:Nihil
3084 1977 3290 2032 horum
3347 1989 3408 2036 te
3434 1991 3640 2036 terreat:

2046 2059 2397 2116 sufficientem
2445 2063 2667 2120 habebis
2712 2067 3114 2124 excusationem
3159 2071 3416 2127 aliorum
3446 2075 3641 2128 scanda-

2044 2153 2152 2208 lum
2179 2171 2192 2208 :
2218 2169 2323 2209 non
2355 2157 2498 2210 enim
2541 2167 2758 2230 propter
2803 2162 3128 2228 socordiam,
3173 2165 3285 2220 sed
3317 2167 3541 2223 illorum
3563 2185 3639 2223 cs-

2043 2259 2157 2300 ram
2186 2261 2401 2314 gerens,
2433 2247 2685 2304 destitisti
2711 2251 2779 2306 ab
2807 2251 2908 2308 hoc
2931 2254 3133 2309 studio.

2113 2335 2168 2390 5.
2210 2336 2278 2390 Et
2310 2337 2474 2394 breve
2496 2340 2711 2409 quidem
2739 2342 2807 2395 sit
2835 2345 3156 2412 consilium;
3203 2363 3320 2404 non
3354 2352 3504 2405 enim
3540 2364 3637 2422 eget

2042 2441 2232 2496 magna
2255 2428 2534 2495 doctrina;
2566 2432 2720 2486 venia
2753 2443 2932 2488 autem
2965 2437 3039 2490 sit
3065 2439 3244 2492 multa
3275 2451 3334 2495 et
3367 2441 3633 2513 frequens:

2042 2530 2097 2572 et
2115 2520 2458 2576 continenter
2476 2524 2704 2594 confuge
2729 2525 2796 2578 ad
2820 2527 3125 2593 caritatem,
3147 2545 3351 2586 eorum
3375 2550 3503 2604 qua:
3522 2537 3633 2590 dicta

2041 2619 2168 2664 sunt
2195 2620 2491 2682 contegens
2532 2615 2848 2684 gravitatem
2877 2628 2933 2672 et
2963 2620 3299 2687 molestiam,
3332 2624 3578 2695 dansque
3599 2633 3633 2681 ei

2042 2711 2360 2772 potestatem
2391 2713 2448 2760 et
2485 2705 2674 2763 dicens
2709 2727 2721 2762 :
2768 2709 2883 2780 Ego
2929 2712 3145 2780 quidem
3192 2717 3320 2770 hac
3361 2719 3568 2773 suadeo
3597 2731 3636 2774 et

2039 2795 2284 2860 consulo,
2310 2795 2362 2850 in
2387 2805 2475 2850 tua
2499 2807 2677 2852 autem
2709 2809 2972 2868 potestate
2997 2811 3082 2856 est
3128 2812 3187 2858 ut
3222 2808 3633 2874 persuadeam:

2043 2887 2386 2955 nequeenim
2412 2902 2548 2958 cogo
2573 2904 2672 2944 nec
2696 2891 2804 2945 vim
2829 2891 3020 2960 affero,
3047 2895 3142 2949 sed
3187 2904 3376 2952 totum
3404 2905 3634 2970 permitto

2040 2979 2213 3036 libero
2240 2990 2332 3036 tuo
2357 2982 2602 3038 arbitrio.
2631 2981 2687 3040 Si
2717 2986 3194 3055 reprehensionem
3219 2991 3299 3046 ita
3329 3002 3633 3060 tractem

2039 3071 2192 3128 fucile
2221 3075 2514 3144 poterimus
2545 3087 2827 3146 peccantes
2850 3081 3119 3152 corrigere
3145 3101 3161 3138 :
3193 3100 3324 3139 nam
3357 3103 3489 3158 qua:
3515 3105 3634 3143 nunc

2040 3167 2262 3222 facimus
2291 3177 2418 3223 sunt
2446 3171 2616 3240 magis
2647 3171 2935 3228 bestiarum
2967 3183 3022 3229 et
3051 3177 3284 3233 rationis
3313 3183 3632 3252 expertia,

2039 3272 2197 3326 quam
2220 3258 2518 3314 hominum.
2539 3261 2672 3316 Nam
2702 3264 2746 3318 si
2769 3280 2911 3320 nunc
2926 3265 3142 3335 quidem
3170 3273 3462 3325 senserint
3486 3275 3633 3343 aliqui

2039 3352 2346 3422 quempiam
2379 3352 2495 3408 hazc
2539 3364 2872 3424 peccantem,
2906 3357 3053 3412 illum
3082 3359 3307 3430 quidem
3350 3379 3471 3419 non
3512 3367 3634 3419 allo-

2039 3451 2295 3512 quuntur,
2327 3445 2428 3514 ipsi
2458 3455 2638 3502 autem
2662 3458 2935 3520 tamquam
2963 3451 3128 3506 ebria:
3156 3456 3398 3510 anicula:
3422 3458 3564 3513 inter
3587 3475 3633 3513 se

2039 3545 2350 3592 susurrant:
2375 3547 2431 3594 et
2453 3539 2606 3606 illud,
2630 3539 2761 3596 Sine
2785 3556 2947 3597 causa
2974 3546 3194 3612 ameris,
3224 3558 3306 3613 et,
3329 3548 3417 3604 Ne
3447 3561 3634 3606 tenere

2038 3636 2094 3683 et
2120 3629 2237 3683 sine
2263 3644 2424 3684 causa
2453 3630 2580 3686 odio
2607 3631 2880 3699 habearis,
2909 3650 3170 3706 nusquam
3213 3641 3363 3709 apud
3400 3643 3524 3698 illos
3564 3646 3632 3697 ti-

2038 3723 2198 3777 detur
2225 3722 2399 3778 locum
2430 3723 2668 3790 habere;
2698 3726 2793 3782 sed
2821 3730 3035 3796 quando
3054 3731 3280 3800 cupiunt
3300 3736 3525 3804 quidem
3551 3754 3631 3792 ac-

2038 3829 2246 3877 cusare,
2272 3815 2574 3885 despiciunt
2602 3817 2756 3883 illud,
2786 3818 2902 3874 Non
2933 3820 3052 3876 sine
3075 3836 3237 3878 causa
3269 3826 3402 3880 odio
3433 3828 3628 3890 haberi,

2038 3905 2148 3960 imo
2178 3921 2306 3962 vero
2334 3908 2496 3961 etiam
2525 3909 2701 3978 puniri
2731 3909 2943 3980 (neque
2969 3912 3112 3966 enim
3147 3913 3273 3972 huic
3321 3920 3507 3973 solum
3543 3938 3629 3974 na-

2037 4001 2207 4055 scitur
2245 4000 2449 4065 odium,
2472 4001 2568 4057 sed
2597 4003 2757 4058 etiam
2789 4005 3180 4077 supplicium);
3208 4012 3435 4078 quando
3463 4026 3626 4069 autem

2039 4106 2177 4162 opus
2195 4092 2722 4162 fueritcorrectione,
2739 4107 2794 4152 et
2810 4097 2913 4153 hoc
2935 4099 3109 4169 ipsum
3123 4111 3178 4156 et
3197 4103 3341 4157 mille
3359 4106 3502 4162 alias
3521 4109 3628 4161 á½

2037 4196 2163 4241 runt
2175 4189 2548 4244 excusationes
2561 4197 2612 4244 et
2626 4189 3065 4248 obtentus.'lâ€˜unc
3077 4194 3244 4259 enim,
3263 4206 3394 4252 tunc
3411 4200 3624 4254 illudÂ»

2037 4280 2206 4350 gitare
2235 4290 2529 4350 oporteret,
2562 4282 2777 4352 quando
2805 4286 3281 4356 accusas,quando
3309 4290 3621 4356 criminaris,

2037 4385 2252 4440 nempe,
2283 4369 2360 4426 Ne
2393 4380 2595 4427 temere
2621 4381 2677 4427 et
2702 4374 2818 4429 sine
2845 4388 3010 4430 causa
3051 4376 3179 4430 odio
3219 4377 3508 4446 habeatis,
3542 4393 3618 4444 et,

2040 4461 2182 4517 Nihil
2205 4461 2450 4533 proficio,
2470 4473 2543 4530 et,
2562 4463 2681 4520 Non
2697 4474 2782 4520 est
2808 4465 2937 4521 mihi
2958 4481 3123 4521 curze.
3148 4467 3305 4524 Nunc
3325 4483 3508 4528 autem
3525 4485 3616 4526 tua

2035 4555 2253 4626 quidem
2265 4569 2324 4610 es
2338 4554 2691 4611 vehementer
2707 4557 3043 4628 inaniterque
3058 4574 3122 4614 ac
3133 4574 3618 4629 supervacaueeca-

2036 4649 2306 4707 riosus.et
2321 4646 2500 4701 odium
2519 4647 2772 4717 despicis,
2791 4658 2847 4704 et
2865 4649 3002 4704 mala
3020 4649 3439 4708 innumerabilia
3453 4672 3618 4725 Ï€á¿ƒÏ€-

2035 4737 2106 4793 do
2132 4748 2308 4794 autem
2327 4739 2514 4794 salutis
2531 4739 2708 4796 fratris
2728 4751 2778 4796 te
2792 4756 2975 4796 curam
2990 4758 3182 4811 gerere
3195 4759 3498 4814 oporteret,
3511 4761 3612 4802 tu:

2035 4831 2117 4886 vis
2135 4845 2258 4886 esse
2286 4845 2392 4886 non
2409 4831 2650 4886 curiosus
2667 4840 2721 4886 et
2750 4847 2854 4886 non
2885 4833 3062 4902 gravis
3087 4848 3150 4888 ac
3168 4836 3457 4893 molestus.
3477 4841 3612 4907 Atqsi

2034 4937 2103 4977 ex
2129 4923 2497 4978 maledicentia
2527 4922 2744 4992 quidem
2766 4925 3002 4979 nascitur
3023 4925 3208 4981 odium
3224 4938 3279 4982 et
3301 4929 3445 4997 apud
3467 4930 3614 4984 hma-

2037 5029 2133 5068 nes
2163 5022 2218 5068 et
2243 5014 2384 5083 apud
2426 5014 2616 5080 Deum,
2647 5024 2702 5070 et
2741 5015 2845 5070 hoc
2867 5030 2978 5071 non
3017 5025 3102 5073 est
3126 5019 3222 5073 tibi
3251 5035 3402 5075 cura:
3434 5040 3450 5075 :
3478 5037 3538 5076 ex
3561 5037 3614 5075 eo

2033 5117 2234 5173 autem,
2252 5106 2393 5176 quod
2423 5106 2519 5160 das
2535 5121 2778 5162 seorsum
2799 5108 3042 5174 consilia,
3068 5117 3125 5165 et
3147 5124 3215 5165 ex
3242 5110 3512 5180 ejusmodi
3541 5129 3612 5165 re-

2035 5200 2508 5272 prehensionibus.
2535 5211 2589 5257 et
2614 5201 2755 5272 apud
2783 5201 2931 5256 illum
2954 5202 3170 5272 etapud
3204 5203 3376 5259 Deum
3404 5207 3510 5259 erit
3539 5206 3612 5258 lii-4

2036 5293 2293 5348 amicitia.
2346 5292 2499 5360 Quod
2553 5293 2599 5350 si
2627 5293 2789 5349 etiam
2835 5293 2950 5363 ipse
2993 5302 3048 5349 te
3091 5293 3303 5360 oderit,
3347 5307 3610 5365 proptem

2038 5386 2181 5441 Deus
2230 5394 2414 5441 manet
2461 5395 2514 5442 te
2554 5385 2724 5457 magis
2772 5386 3042 5455 diligens:
3075 5386 3184 5440 imo
3229 5401 3363 5440 vero
3409 5403 3510 5442 nec
3551 5389 3610 5440 sic

2037 5476 2233 5543 oderit,
2258 5485 2316 5530 ut
2356 5475 2570 5546 quando
2596 5475 2721 5532 odio
2763 5475 2993 5531 habebat
3035 5476 3492 5542 maledicentem;
3534 5474 3609 5531 sal

2039 5581 2165 5625 tunc
2194 5570 2410 5642 quidem
2440 5580 2711 5639 tamquam
2760 5569 3036 5623 inimicum
3067 5578 3124 5624 et
3152 5569 3368 5624 hostem
3410 5585 3615 5624 avus:-

2037 5663 2203 5729 hitur,
2232 5677 2378 5717 nunc
2407 5669 2586 5717 autem
2612 5661 2937 5716 existimabit
2965 5669 3017 5715 te
3043 5662 3236 5730 quovis
3279 5674 3437 5732 patre
3465 5662 3616 5728 magis

2043 5764 2422 5812 rcverendum.
2448 5751 2601 5820 Quod
2631 5751 2678 5808 si
2698 5752 2861 5808 etiam
2888 5761 3073 5824 aperte
3099 5753 3278 5809 animo
3296 5768 3442 5825 agre
3471 5753 3612 5812 ferat.
