3712 6212
106 236 134 292 9
1015 237 1079 293 IN
1122 238 1340 295 EPIST.
1383 237 1523 294 IAD
1560 232 1722 292 (ἶ.οη.
1764 232 2004 292 HOMIL.
2048 237 2226 293 XLIV.

103 350 155 402 λά
194 345 258 417 τῷ
282 346 523 418 διαϐόλῳ,
575 348 654 420 τῷ
692 350 923 407 ώθοῦντι
972 352 1069 408 καὶ
1113 355 1559 420 ύποσκελίζοντις

103 444 131 493 ιὶ
160 437 301 492 πόθεν
333 437 520 504 τοῦτο;
558 441 683 495 Ὀτι
714 444 816 496 οὐκ
847 445 1015 510 ἀνύω,
1054 446 1225 516 φησὶ,
1260 447 1434 515 λέγων
1463 448 1559 500 καὶ

104 527 369 583 αϐουλεύων
417 530 488 583 τά
541 530 747 587 δέοντα.
799 534 973 589 Πόθεν
1012 536 1069 589 δέ
1123 538 1282 607 δῆλον
1328 539 1410 592 ὅτι
1457 539 1559 593 οὐκ

103 621 245 685 iam;
289 619 374 673 καὶ
416 621 525 693 γὰρ
557 622 716 677 τοῦτο
760 626 922 680 πάλιν
973 626 1212 698 ἐσχάτης
1248 630 1456 693 ἀνοίας,
1499 631 1558 683 ἐν

103 715 181 785 ᾑλῳ
201 712 283 766 τοῦ
306 714 488 778 τέλους
514 716 793 787 κειμένου,
827 718 1103 790 ῥᾳθυμίας
1125 721 1558 793 ὡμολογημένης

103 806 304 874 λήματα
348 805 621 875 δέχεσθαι.
675 809 867 862 Καίτοι
918 810 947 861 6
1000 810 1135 875 Θεὸς
1175 811 1249 867 τά
1293 812 1558 883 μέλλοντα

103 896 284 959 ιειδὼς.
311 897 567 962 πολλάκις
600 894 745 966 εἷπε,
792 902 889 954 καὶ⁵
927 902 1029 956 οὐκ
1062 904 1226 974 ῆνυσε
1251 944 1265 969 ,
1300 907 1397 959 καὶ
1434 906 1557 959 οὐδὲ

103 1008 168 1053 ως
187 990 403 1060 ἀπέστη,
425 992 711 1046 καὶταῦτα
726 992 904 1059 εἰδὼς,
924 996 1006 1048 ὅτι
1030 996 1091 1048 ού
1116 996 1304 1066 μέλλει
1321 997 1553 1053 πείθειν.

103 1083 142 1134 δὲ
178 1082 203 1134 6
235 1082 485 1151 προειδὼς
509 1085 591 1137 ὅτι
619 1084 773 1137 οὐδὲν
810 1086 975 1140 πλέον
1011 1089 1253 1158 ποιήσει,
1284 1088 1377 1142 τοῦ
1408 1089 1555 1160 διορ-

103 1193 124 1226 ν
151 1175 242 1227 οὐκ
270 1174 580 1242 ἀφίσταται,
615 1177 743 1231 τίνα
782 1177 926 1242 ἕξεις
958 1179 1253 1248 ἀπολογίαν
1285 1180 1314 1232 6
1342 1180 1553 1247 ἀγνοῶν

103 1267 280 1337 μέλλον
308 1269 605 1337 παντελῶς,
654 1272 762 1350 καὶ,
782 1272 1111 1343 ἐκλυόμενος
1150 1274 1244 1327 καὶ
1291 1272 1549 1342 ναρκῶν;

125 1361 225 1431 γὰρ
252 1361 501 1427 πολλάκις
520 1365 973 1437 ἐπιχειρήσαντες
998 1368 1202 1438 ῆνυσαν
1226 1366 1430 1419 πολλοί·
1457 1368 1552 1420 καὶ

107 1451 324 1520 μάλιστα
350 1452 695 1521 ἀπέγνωσαν,
720 1456 845 1509 τότε
878 1455 1114 1525 μάλιστα
1141 1454 1425 1526 ἐπέτυχον.
1454 1457 1551 1509 Ἂν

104 1541 162 1594 αὶ
202 1542 363 1613 μηδὲν
395 1544 631 1616 ποιήσῃς
674 1546 861 1612 πλέον,
890 1547 952 1601 τὸ
986 1548 1188 1603 σαυτοῦ
1219 1547 1547 1620 πεποίηκας.

104 1634 276 1688 τοίνυν
305 1635 672 1706 ἀπάνθρωπος
710 1638 861 1708 γίνου
882 1680 896 1706 ,
937 1641 1074 1712 μήτε
1104 1641 1362 1713 ἀνηλεής,
1411 1643 1548 1712 μήτε

103 1742 254 1796 ωρος.
292 1725 407 1780 Ὀτι
438 1728 547 1799 γὰρ
575 1728 860 1801 ὠμότητος
887 1731 1064 1787 ταῦτα
1102 1734 1172 1787 τά
1207 1734 1429 1805 ῥήματα
1456 1734 1550 1787 καὶ

103 1817 273 1884 δμίας,
300 1818 456 1889 δῆλον
482 1819 714 1874 ἐκεῖθεν.
746 1822 902 1887 Τίνος
926 1822 1034 1894 γὰρ
1063 1823 1273 1887 ἕνεκεν,
1302 1824 1420 1887 ἐνὸς
1441 1823 1549 1878 τῶν

103 1910 151 1962 ἂν
197 1908 290 1962 τοῦ
333 1909 582 1981 σώματός
618 1929 713 1966 σου
764 1913 1087 1984 κάμνοντος,
1124 1914 1187 1967 ού
1236 1914 1446 1983 λέγεις·
1482 1914 1548 1967 Τί

111 2001 282 2072 μέλει,
318 2004 411 2057 καὶ
455 2003 623 2057 πόθεν
648 2005 829 2075 δῆλον,
864 2006 949 2060 ὅτι
981 2008 1031 2060 εί
1070 2006 1385 2078 ἐπιμελείας
1416 2023 1548 2074 τυγ-

103 2114 136 2158 ι,
174 2095 447 2163 ύγιαίνει;
491 2096 629 2150 ἀλλά
674 2098 853 2152 πάντα
885 2100 1082 2163 ποιεῖς,
1118 2099 1205 2153 ἵνα
1237 2099 1342 2153 κᾶν
1379 2098 1545 2169 μηδὲν

103 2189 276 2258 .ήσῃς,
313 2188 384 2259 μὴ
415 2186 545 2261 ἔχῃς
573 2188 826 2256 ἐγκαλεῖν
861 2189 1104 2260 σεαυτῷ,
1139 2191 1221 2244 ὅτι
1252 2190 1362 2243 τῶν
1391 2189 1544 2258 ὀφει-

104 2298 161 2332 υν
207 2279 458 2347 γενέσθαι
498 2297 550 2333 τι
598 2280 957 2351 παρελείφθη.
995 2276 1131 2336 Εἶτα
1168 2282 1277 2335 τῶν
1309 2283 1408 2352 μὲν
1446 2282 1541 2335 τοῦ

103 2387 216 2433 ιτος
269 2368 409 2423 οὕτω
456 2370 605 2442 [415]
660 2371 1022 2443 φροντιοῦμεν
1076 2373 1282 2442 μελῶν,
1323 2374 1431 2427 τῶν
1486 2373 1543 2426 δὲ

103 2462 329 2532 (ριστοῦ
360 2462 745 2533 ἀμελήσομενς
790 2465 885 2517 καὶ
924 2463 1028 2517 ποῦ
1066 2464 1240 2518 ταῦτα
1294 2464 1545 2534 συγγνώο

116 2554 281 2621 ἀξιας
315 2556 378 2608 El
429 2555 539 2626 γάρ
566 2572 626 2608 σε
673 2556 748 2627 μὴ
778 2558 1162 2627 κατακάμπτω
1210 2558 1406 2626 λέγων,
1458 2558 1539 2611 ὅτι

103 2648 304 2718 μέλους
335 2665 428 2701 σου
459 2648 744 2721 φρόντισον
764 2688 779 2713 ,
831 2649 919 2703 ῐνα
962 2649 1066 2704 κᾶν
1110 2649 1190 2721 τῷ
1224 2652 1375 2722 φόϐῳ
1408 2651 1541 2725 γένῃ

103 2758 197 2801 ων,
228 2739 330 2793 τοῦ
355 2739 606 2810 σώματος
630 2741 1038 2811 ἀναμιμνήσκω
1065 2758 1126 2795 σε
1154 2741 1248 2795 τοῦ
1274 2742 1538 2814 Χριστοῦ.

125 2832 244 2903 γάρ
296 2834 357 2885 οὐ
402 2833 606 2905 φρίκης
657 2833 809 2898 ἀξιον
858 2834 1179 2906 σηπομένην
1227 2834 1395 2889 αὐτοῦ
1442 2834 1541 2905 τὴν

103 2946 123 2978 ι
152 2928 318 2998 όρᾷν,
348 2927 446 2980 καὶ⁹
481 2928 778 2998 περιορᾷνς
810 2926 921 2979 Καὶ
943 2928 992 2979 εί
1026 2926 1126 2996 μέν
1154 2926 1370 2997 οἰκέτην
1397 2926 1542 2996 ἔχοις

103 3036 124 3070 ν
162 3018 443 3090 σηπεδόνα
471 3018 684 3090 ἔχοντα,
712 3020 813 3073 οὐκ
848 3018 913 3072 ἂν
942 3020 1199 3090 ἀνάσχοιο
1234 3019 1498 3089 περιιδεῖν
1522 3034 1536 3049 °

106 3112 282 3183 σῶμα
302 3112 397 3167 τοῦ
418 3112 657 3185 Χριστοῦ
684 3112 875 3185 ψώρας
894 3113 1038 3183 ὁρῶν
1059 3112 1537 3187 ἐμπεπλησμένον,

105 3205 364 3275 τρέχεις;
398 3205 495 3259 καὶ
518 3206 617 3277 οὐχ
652 3207 758 3277 ήγῇ
788 3206 961 3261 ταῦτα
995 3205 1206 3277 μυρίων
1234 3206 1361 3274 ἀξια
1398 3200 1540 3259 εῖναι

107 3296 227 3347 νῶν
258 3310 276 3359 ;
318 3294 418 3348 Διά
445 3294 604 3349 τοῦτο
644 3296 823 3349 πάντα
872 3296 985 3350 ἀνω
1016 3298 1111 3350 καὶ
1143 3298 1294 3351 κάτω
1322 3294 1535 3365 γέγονε,

105 3404 153 3457 κν
187 3386 603 3458 ἀπανθρωπίαν
629 3386 858 3457 ταύτην,
889 3387 979 3441 διὰ
1004 3387 1105 3459 τὴν
1135 3387 1428 3459 ῥᾳθυμίαν.

106 3478 177 3548 δὴ
187 3519 203 3539 ,
232 3478 570 3550 παρακαλῶ,
589 3477 797 3548 ταύτην
810 3479 1129 3551 ἐκϐάλωμεν
1143 3480 1242 3551 τὴν
1255 3480 1537 3550 ὠμότητα·

105 3571 206 3623 λθε
264 3571 467 3643 ἐκείνῳ
508 3570 585 3641 τῷ
618 3571 955 3627 συνοικοῦντι
1002 3576 1070 3644 τῇ
1116 3573 1391 3645 παρθένῳ,
1442 3574 1538 3626 καὶ

105 3661 308 3732 ιικρὸν
343 3660 622 3732 ἐγκώμιον
657 3661 751 3715 τοῦ
782 3662 1036 3732 ἀδελφοῦ,
1065 3663 1174 3717 ἀπὸ
1218 3664 1327 3718 τῶν
1360 3663 1537 3719 ἀλλων

106 3775 136 3807 ;ι
172 3754 689 3824 πλεονεκτημάτων
718 3754 850 3807 αὐτὸ
886 3755 1157 3820 συντιθείς
1178 3771 1193 3787 ⁸
1222 3757 1320 3809 καὶ
1346 3756 1536 3827 ὥσπερ

105 3849 157 3900 )ε
166 3865 205 3919 ρ
214 3846 315 3918 μῷ
338 3845 685 3917 περικλύξων
704 3850 819 3912 τοῖς
840 3848 1084 3912 ἐπαίνοις
1098 3888 1113 3913 ,
1136 3847 1278 3902 οὕτω
1300 3849 1536 3920 χάλασον

107 3939 206 3991 τὸν
226 3938 407 4006 ὄγκον
424 3936 518 3990 τοῦ
534 3936 869 4008 τραύματοςο
887 3938 1174 3994 ταλάνισον
1198 3942 1293 3994 καὶ
1316 3943 1530 4007 σαυτὸν,

107 4032 327 4102 ἱρησον
389 4031 485 4084 τοῦ
540 4030 725 4084 κοινοῦ
788 4031 899 4085 τῶν
952 4031 1255 4104 ἀνθρώπων
1305 4033 1531 4102 γένους,

107 4126 201 4178 ὅτι
228 4125 446 4187 πάντες
469 4124 526 4177 ἐν
548 4124 911 4195 ἁμαρτήμασι
926 4125 1289 4195 τυγχάνομεν,
1308 4126 1533 4196 αἴτησον

107 4234 305 4288 ιμην,
353 4215 549 4283 εἰπὼν,
580 4218 663 4271 ὃτι
716 4216 929 4287 μείζοσι
971 4216 1169 4270 σαυτοῦ
1212 4219 1533 4289 πράγμασιν

107 4313 251 4373 θεῖς,
279 4309 403 4362 ἀλλ’
436 4310 470 4381 ἡ
497 4310 688 4381 ἀγάπη
716 4310 899 4365 πάντα
926 4309 1101 4363 πείθει
1139 4309 1369 4382 τολμᾷν.
1399 4308 1534 4366 Εἶτα

112 4400 352 4464 λεύων,
386 4400 462 4472 μὴ
496 4400 885 4464 ἐπιτακτικῶς,
910 4401 1027 4454 ἀλλ’
1049 4400 1353 4471 ἀδελφικῶς
1374 4401 1532 4456 τοῦτο

107 4493 233 4547 καὶ
292 4490 513 4555 τούτοις
566 4492 701 4545 πᾶσι
751 4491 996 4563 χαλάσας
1038 4492 1140 4562 τὴν
1195 4493 1529 4565 φλεγμονὴν,

107 4584 607 4657 >αμυθησάμενος
628 4587 727 4655 τὴν
748 4583 1018 4655 ἀλγηδόνα
1038 4584 1137 4656 τὴν
1159 4586 1221 4639 ἐκ
1238 4585 1338 4655 τῆς
1355 4587 1531 4657 τομῆς

108 4692 345 4730 νουσαν
388 4673 480 4728 τοῦ
525 4672 811 4745 μέλλοντος
844 4674 1069 4744 ἐλέγχου
1115 4672 1407 4743 γενέσθαι,
1438 4676 1531 4729 καὶ

110 4786 161 4833 ,ς
225 4769 310 4839 τῇ
356 4767 685 4839 παραιτήσει
723 4768 1100 4839 χρησάμενος,
1146 4766 1243 4821 καλ⁸
1272 4785 1528 4838 παρακα-

109 4861 165 4931 .ὴ
207 4859 585 4930 ὀργισθῆναι·
616 4859 744 4913 ὅταν
771 4859 933 4913 αὐτὸν
956 4860 1271 4933 καταδήσῃς
1291 4859 1526 4925 τούτοις,

110 4968 255 5021 αγε
316 4951 423 5022 τὴν
468 4950 705 5023 πληγὴν,
753 4952 893 5023 μήτε
932 4951 1148 5023 δεσμῶν
1177 4951 1240 5005 τὸ
1272 4954 1524 5024 πρᾶγμα,

109 5046 343 5105 ιλύων,
379 5044 467 5098 ἵνα
494 5047 633 5116 μήτε
661 5044 870 5099 ἐκεῖθεν
896 5045 1247 5117 ἀποπηδήσῃ,
1278 5047 1414 5117 μήτε
1443 5048 1529 5099 ἐν-

109 5136 579 5209 καταφρονήσῃ.
632 5137 732 5190 Ἀν
776 5154 837 5190 τε
871 5137 981 5209 γὰρ
1011 5137 1086 5208 μὴ
1127 5138 1348 5209 καιρίαν
1396 5136 1524 5208 δῷς,

109 5232 354 5306 ργάσω
399 5232 580 5285 πλέον·
614 5231 680 5286 ἂν
718 5231 775 5285 δὲ
810 5231 1055 5304 σφοδρῶς
1103 5232 1346 5304 πλήξῃς,
1391 5232 1525 5285 ἀπο-

111 5344 195 5379 av.
261 5324 563 5395 ἐποίησας.
602 5324 691 5378 Διὸ
721 5324 783 5395 δὴ
818 5324 911 5377 καὶ
956 5324 1094 5395 μετά
1125 5324 1300 5379 ταῦτα
1344 5322 1523 5380 πάντα

109 5439 117 5461 ν
191 5415 484 5489 μέλλων,
537 5416 804 5488 ἀνάμιξον
857 5417 1019 5471 πάλιν
1083 5416 1359 5488 ἐγκώμιον
1411 5418 1524 5480 τοῖς

110 5529 142 5541 η·
182 5508 314 5562 καὶ
340 5509 532 5581 ἐπειδὴ
554 5509 686 5563 αὐτὸ
709 5508 830 5563 καθ’
852 5508 1014 5562 ἑαυτὸ
1034 5508 1096 5562 τὸ
1119 5509 1441 5579 γιγνόμενον
1460 5507 1522 5561 οὐ

112 5600 316 5658 εἶναι
343 5602 620 5675 ἐγκώμιον
644 5604 725 5675 (ού
752 5604 861 5677 γὰρ
882 5604 1029 5669 ἀξιον
1050 5606 1272 5659 ἐπαίνου
1296 5606 1356 5658 τὸ
1383 5604 1519 5676 κόρῃ

112 5718 150 5757 ν
194 5694 540 5768 παρθένῳ),
569 5696 675 5751 ἀπὸ
701 5699 800 5770 τῆς
827 5697 1054 5773 γνώμης
1082 5696 1177 5751 τοῦ
1210 5696 1519 5753 συνοικοῦν-

3149 245 3261 302 380

1668 367 1760 413 τος
1788 350 1947 404 τοῦτο
1976 350 2234 423 ἐργάζου,
2266 352 2357 406 καὶ
2385 352 2529 420 εἰπὲ,
2554 354 2637 407 ὅτι
2668 348 2799 408 Οἶδα
2830 356 2931 426 μὲν
2953 358 3035 411 ὅτι
3060 359 3147 413 διὰ
3159 362 3251 416 τὸν

1662 440 1797 495 Θεὸν
1829 442 1893 495 σὺ
1922 445 2117 507 ποιεῖς,
2148 444 2244 496 καὶ
2269 444 2371 514 τὴν
2397 444 2634 516 ἐρημίαν
2662 446 2757 499 καὶ
2780 446 2843 500 τὸ
2876 448 3253 522 ἀπροστάτευ-

1658 547 1751 585 τον
1786 532 1887 603 τῆς
1920 532 2116 597 ἀθλίας
2151 533 2368 606 ἐκείνης
2400 534 2524 588 ἰδὼν
2556 538 2716 607 χεῖρα
2747 537 2978 609 ῶρεξας.
3020 543 3136 599 Κᾶν
3172 546 3250 620 μὴ
3285 543 3295 583 ί

1657 620 1831 694 ταύτῃ
1863 624 1990 693 ποιῇ
2016 625 2084 693 τῇ
2111 622 2328 697 γνώμῃ,
2355 624 2420 678 σὺ
2444 623 2587 678 οὓτω
2616 624 2765 695 λέγε,
2800 628 2897 681 καὶ
2923 631 3063 701 μετά
3090 633 3250 688 τοῦτο

1659 712 1944 783 προστίθει
1983 714 2080 768 καὶ
2110 714 2321 783 ταῦτα,
2355 716 2520 771 πάλιν
2555 720 2890 791 παραιτήσει
2926 722 3206 794 χρώμενος
3229 767 3248 792 ,

1620 848 1625 853 .
1659 807 1755 860 καὶ
1801 806 1975 876 λέγων
1994 848 2009 873 ,
2037 809 2120 863 ὃτι
2150 810 2265 863 Οὐκ
2294 810 2627 879 ἐπιτάττων,
2666 813 2780 868 ἀλλ’
2809 814 3249 888 ὑπομιμνήσκων

1655 897 1831 953 ταῦτά
1857 914 2031 971 φημιο
2053 901 2143 955 διά
2162 901 2255 955 τὸν
2284 902 2419 960 Θεὸν
2447 904 2513 958 σὺ
2545 906 2744 972 ποιεῖς,
2777 902 2895 961 οῖδα
2922 909 3096 978 κάγώ·
3128 910 3249 965 ἀλλ’

1658 988 1857 1061 ἷδωμεν
1906 990 1982 1061 μὴ
2029 990 2282 1061 τίκτηται
2327 993 2394 1046 ἐκ
2438 992 2632 1047 τούτου
2675 994 2845 1049 κακὸν
2882 996 3101 1067 ἕτερον’
3143 997 3247 1052 κᾶν

1657 1082 1757 1152 μὲν
1791 1083 1954 1155 μηδὲν
1982 1080 2042 1156 ᾖ,
2085 1084 2285 1155 κάτεχε
2313 1084 2485 1150 ἔνδον,
2515 1086 2612 1141 καὶ
2634 1086 2759 1159 ἔχου
2782 1088 2882 1158 τῆς
2908 1088 3081 1159 καλῆς
3111 1090 3244 1143 ταύ-

1653 1192 1753 1246 της
1792 1177 2050 1249 σπουδῆς,
2092 1178 2121 1230 ό
2145 1177 2371 1232 κωλύων
2406 1179 2616 1245 οὐδείς·
2644 1179 2710 1234 ἂν
2741 1180 2799 1233 δὲ
2827 1180 3001 1251 βλάϐη
3032 1198 3117 1245 τις
3156 1184 3244 1235 ἐν·

1653 1266 1842 1321 τεῦθεν
1890 1267 2109 1340 γίνηται
2153 1268 2249 1322 τοῦ
2295 1270 2523 1342 κέρδους
2577 1271 2799 1342 μείζων,
2851 1271 3241 1344 φυλαξώμεθα,

1653 1360 1989 1430 παρακαλῶ,
2032 1360 2108 1432 μὴ
2143 1361 2468 1425 σπεύδοντες
2515 1362 2646 1432 μίαν
2684 1361 2996 1417 ἀναπαῦσαι
3023 1362 3201 1433 ψυχὴν
3223 1403 3240 1430 ,

1655 1446 1854 1517 μυρίας
1881 1448 2351 1522 σκανδαλίσωμεν.
2388 1450 2500 1504 Καὶ
2534 1450 2610 1523 μὴ
2654 1451 2900 1523 προσθῇς
2938 1452 3140 1517 εὐθέως
3171 1453 3244 1508 τά

1651 1540 1876 1610 κείμενα
1893 1543 2006 1605 τοῖς
2026 1542 2439 1606 σκανδαλίζουσι
2478 1543 2835 1615 κολαστήρια,
2866 1544 3002 1601 ἀλλά
3020 1544 3118 1617 τὴν
3137 1546 3240 1601 αὑ-

1648 1631 1741 1686 τοῦ
1768 1632 2157 1704 προσλάμϐανε
2180 1634 2522 1705 μαρτυρίαν,
2544 1635 2721 1705 λέγων
2738 1654 2751 1667 °
2780 1637 2853 1691 Ού
2882 1634 3030 1709 [414]
3049 1637 3239 1709 χρείαν

1650 1724 1794 1795 ἔχεις
1832 1724 2024 1796 μαθεῖν
2062 1725 2239 1780 ταῦτα
2272 1729 2403 1797 παρ’
2452 1726 2615 1798 ἐμοῦ,
2647 1724 2796 1793 οἶδας
2840 1729 2933 1782 καὶ⁵
2964 1728 3126 1792 αὐτὸς
3153 1729 3237 1782 ὅτι

1648 1815 1745 1870 ἐάν
1781 1834 1867 1881 τις
1907 1817 2003 1871 ἕνα
2040 1818 2151 1871 τῶν
2199 1818 2418 1889 μικρῶν
2448 1817 2656 1873 τούτων
2705 1818 3057 1890 σκανδαλίσῃ,
3094 1818 3235 1888 πόση

1648 1910 1942 1982 ήπείληται
1984 1911 2142 1981 δίκη’
2178 1911 2274 1965 καὶ
2311 1910 2485 1975 οὕτως
2523 1910 2725 1982 ἡδύνας
2764 1911 2859 1964 τὸν
2910 1910 3097 1979 λόγον,
3142 1912 3239 1965 καὶ

1646 2002 1842 2066 λεάνας
1864 2003 1962 2074 τὴν
1991 2002 2182 2075 ὀργὴν,
2208 2003 2443 2057 ἐπιτίθει
2474 2003 2536 2056 τὸ
2563 2002 2855 2073 φάρμακον
2884 2002 2985 2074 τῆς
3010 2001 3238 2073 διορθώ-

1648 2114 1806 2160 σεως.
1842 2098 1905 2150 El
1933 2098 1989 2151 δέ
2020 2098 2413 2168 προφασίζοιτο
2444 2096 2611 2151 πάλιν
2638 2095 2739 2168 τὴν
2767 2096 3007 2168 ἐρημίαν
3038 2098 3232 2166 αὐτῆς,

1648 2188 1783 2259 μηδὲ
1810 2188 1985 2252 οὕτως
2012 2188 2240 2260 ἐλέγξῃς
2272 2187 2373 2259 τὴν
2406 2188 2628 2259 σκῆψιν,
2668 2187 2787 2242 ἀλλ’
2821 2188 2944 2241 είπέ
2970 2188 3105 2259 πρὸς
3136 2188 3234 2240 αύ-

1643 2280 1769 2335 τόν·
1819 2280 2003 2350 Μηδέν
2063 2299 2123 2334 σε
2181 2280 2389 2335 τούτων
2438 2280 2695 2349 φοϐείτω,
2740 2279 3038 2349 ἀπολογίαν
3091 2279 3233 2344 ἕξεις

1643 2372 1945 2442 ἀρκοῦσαν,
1986 2374 2047 2427 τὸ
2078 2373 2283 2443 ἐτέρων
2324 2372 2621 2427 σκάνδαλον
2642 2389 2655 2402 ·
2704 2374 2767 2426 οὐ
2802 2373 2909 2443 γὰρ
2938 2373 3026 2426 διά
3063 2372 3233 2443 ρᾳθυ-

1647 2466 1796 2535 μίαν,
1824 2465 1939 2523 ἀλλ’
1979 2466 2207 2520 ἐκείνων
2233 2466 2568 2537 κηδόμενος,
2605 2465 2813 2538 ταύτης
2847 2465 3091 2537 ἀπέστης
3132 2464 3231 2534 τῆς

1645 2558 1904 2631 σπουδῆς.

1715 2745 1775 2792 ε’·
1815 2738 1925 2792 Καὶ
1944 2737 2013 2791 τὰ
2032 2739 2132 2809 μέν
2148 2744 2247 2812 τῆς
2266 2739 2579 2812 συμϐουλῆς
2609 2740 2750 2795 ἔστω
2781 2742 2838 2795 ἐν
2863 2740 3083 2811 βραχεῖ·
3108 2738 3231 2792 οὐδὲ.

1640 2831 1747 2903 γὰρ
1772 2832 1944 2886 δεῖται
1970 2833 2327 2897 διδασκαλίας
2363 2834 2598 2903 πολλῆςο
2642 2834 2711 2888 τὰ
2749 2833 2807 2887 δὲ
2840 2836 2939 2905 τῆς
2980 2831 3229 2902 συγγνώ-

1644 2941 1753 2994 μης
1786 2925 1950 2979 πάλιν
1974 2925 2147 2979 πολλά
2173 2926 2268 2980 καὶ
2293 2925 2578 2995 ἐπάλληλα
2594 2942 2607 2955 ·
2634 2926 2731 2980 καὶ
2763 2925 2856 2977 ἐπὶ
2882 2926 2980 2993 τὴν
3008 2925 3233 2995 ἀγάπην

1641 3016 1955 3085 κατάφευγε
1986 3016 2250 3088 συνεχῶς.
2281 3017 2593 3082 συσκιάξων
2623 3017 2685 3071 τὸ
2724 3017 2981 3089 φορτικὸν
3014 3017 3123 3069 τῶν
3154 3020 3231 3070 εἰ-

1644 3107 1917 3179 ρημένων,
1955 3109 2051 3161 καὶ
2084 3108 2182 3180 τὴν
2208 3107 2456 3173 ἐξουσίαν
2490 3108 2642 3179 αὐτῷ
2671 3108 2869 3171 διδοὺς.
2908 3108 3003 3161 καλ⁸
3030 3107 3228 3175 λέγων,

1638 3200 1720 3254 ὅτι
1768 3199 1908 3268 Ἐγὼ
1954 3201 2051 3271 μὲν
2096 3200 2269 3254 ταῦτα
2314 3200 2567 3273 παραινῶ
2601 3200 2696 3255 καὶ
2727 3199 3100 3272 συμϐουλεύω,
3130 3198 3231 3252 τοῦ

1636 3289 1695 3343 δὲ
1728 3290 2015 3359 πεισθῆναι
2048 3291 2238 3362 κύριος
2268 3291 2433 3355 αὑτός
2456 3307 2469 3320 ·
2516 3291 2638 3345 οὐδὲ
2676 3292 2785 3362 γάρ
2824 3290 3231 3359 καταναγκάζω

1638 3382 1734 3436 καὶ
1770 3381 2050 3452 βιάζομαι,
2079 3382 2217 3436 ἀλλά
2246 3385 2311 3453 τῇ
2342 3383 2521 3454 οἰκεία
2552 3399 2645 3436 σου
2692 3383 2756 3436 τὸ
2793 3384 2902 3437 πᾶν
2946 3381 3234 3452 ἐπιτρέπω

1638 3472 1851 3544 γνώμῃ.
1878 3474 1975 3526 Ἂν
2003 3473 2147 3527 οὕτω
2173 3474 2647 3547 μεταχειρίξωμεν
2675 3475 2768 3528 τὸν
2792 3475 3035 3546 ἔλεγχον,
3066 3474 3230 3544 δυνη-

1640 3564 1848 3635 σόμεθα
1869 3565 2069 3637 ῥαδίως
2094 3568 2223 3631 τοὺς
2251 3567 2665 3638 ἁμαρτάνοντας
2690 3568 2967 3638 διορθοῦν
2999 3566 3075 3630 ώς
3103 3567 3137 3619 ἆ
3163 3584 3226 3635 γε

1637 3655 1731 3709 νῦν
1762 3657 2044 3727 ποιοῦμεν,
2077 3658 2281 3729 θηρίων
2318 3659 2516 3729 μᾶλλόν
2551 3662 2667 3713 ἐστι
2689 3661 2786 3713 καὶ
2807 3660 3042 3729 ἀλόγων,
3076 3660 3227 3731 ἡάν-

1637 3744 1894 3818 θρώπων.
1934 3749 2031 3801 “Av
2064 3749 2174 3819 γὰρ
2203 3748 2501 3803 αἴσθωνται
2531 3767 2678 3814 τινες
2710 3750 2805 3805 νῦν
2828 3750 3055 3805 τοιαῦτά
3079 3769 3227 3815 τινος

1637 3838 2068 3908 ἁμαρτάνοντος,
2110 3840 2305 3911 ἐκείνῳ
2343 3841 2442 3911 μὲν
2480 3842 2634 3896 οὐδὲν
2662 3842 3029 3912 διαλέγονται,
3068 3843 3227 3897 αὐτοὶ

1635 3928 1691 3981 δὲ
1712 3930 1965 4003 καθάπερ
1996 3932 2216 4002 γραῖδια
2244 3932 2511 4003 μεθύοντα
2539 3932 2886 4006 ψιθυρίζουσι
2917 3934 3034 4005 μετ’
3056 3934 3114 3989 ἀ)
3126 3935 3225 4005 λή-

1634 4022 1775 4076 λωνο
1805 4024 1899 4077 καὶ
1946 4024 2184 4096 οὐδαμοῦ
2226 4025 2305 4092 τὸ,
2356 4026 2491 4097 Είκῆ
2524 4027 2703 4096 φιλοῦ,
2747 4028 2870 4099 εἰκῆ
2930 4029 3005 4099 μὴ
3039 4026 3221 4098 μισοῦ,

1635 4114 1872 4171 ἐνταῦθα
1892 4116 2040 4169 δοκεῖ
2055 4115 2239 4189 χώραν
2257 4117 2399 4189 ἔχειν
2416 4120 2620 4182 αὐτοῖς,
2647 4119 2761 4173 ἀλλ’
2789 4121 2919 4173 ὅταν
2952 4120 3050 4189 μὲν
3081 4136 3223 4173 κακ-

1634 4206 1911 4278 ηγορῆσαι
1986 4208 2335 4279 ἐπιθυμῶσι,
2393 4210 2798 4282 καταφρονοῦσι
2835 4210 2931 4264 τοῦ
2982 4211 3056 4282 μὴ
3098 4210 3223 4281 είκῆ

1637 4298 1941 4371 μισεῖσθαι,
1978 4300 2179 4371 μᾶλλον
2215 4301 2273 4355 δέ
2302 4304 2395 4355 καὶ
2436 4302 2532 4356 τοῦ
2574 4302 2900 4368 κολάζεσθαι
2932 4302 3073 4373 (ούδέ
3112 4302 3223 4373 γάρ

1637 4397 1792 4465 μῖσος
1821 4392 2071 4449 ἐντεῦθεν
2108 4393 2291 4464 μόνον,
2340 4393 2479 4447 ἀλλά
2514 4396 2607 4448 καὶ
2642 4378 2864 4458 κόλασις
2908 4394 3175 4463 τίκτεται)
3203 4409 3218 4423 ·

1632 4487 1760 4540 ὅταν
1786 4486 1843 4538 δὲ
1869 4485 2207 4557 διορθώσεως
2237 4485 2353 4557 δέῃ,
2386 4485 2545 4539 τοῦτό
2597 4504 2656 4539 τε
2702 4487 2834 4540 αὐτὸ
2879 4487 2974 4540 καὶ
3017 4486 3221 4558 μυρίας

1632 4578 1823 4653 ἐτέρας
1862 4578 2196 4650 προφέρουσι
2243 4578 2565 4651 προφάσεις.
2608 4577 2797 4633 Ταῦτα
2823 4579 2933 4649 γάρ
2965 4579 3087 4632 τότε
3133 4580 3221 4632 ἐν-

1630 4673 1995 4743 νοεῖν.ἐχρῆν,
2040 4672 2169 4726 ὅταν
2216 4676 2562 4745 κακηγορῇς,
2602 4673 2732 4727 ὅταν
2779 4671 3095 4745 διαϐάλλῃς,
3132 4671 3218 4747 τὸ,

1631 4766 1766 4839 Εἰκῆ
1797 4766 1871 4838 μὴ
1914 4766 2098 4837 μισοῦ,
2137 4766 2231 4820 κα)⁸
2263 4766 2344 4833 τὸ,
2374 4766 2540 4820 Οὐδὲν
2573 4765 2723 4819 ἀνύω
2746 4806 2760 4832 ,
2801 4766 2895 4819 καὶ
2926 4764 3010 4830 τὸ,
3051 4764 3221 4820 Οὐδέν

1632 4875 1722 4927 μοι
1745 4857 1918 4928 μέλει.
1938 4856 2055 4911 Νῦν
2073 4857 2148 4924 δὲ,
2178 4858 2301 4912 τότε
2336 4857 2437 4928 μὲν
2466 4858 2943 4928 πολυπραγμονεῖς
2972 4856 3217 4928 σφοδρῶς

1630 4951 1721 5003 καὶ
1752 4951 2084 5022 περιέργως,
2116 4950 2212 5004 καὶ
2248 4950 2442 5021 μίσους
2485 4952 2851 5021 καταφρονεῖς
2881 4951 2975 5003 καὶ
3003 4950 3213 5021 μυρίων

1628 5043 1848 5096 κακῶν·
1894 5045 2022 5097 ὅταν
2079 5043 2135 5096 δέ
2176 5043 2320 5113 ὑπὲρ
2372 5043 2470 5113 τῆς
2518 5041 2791 5114 σωτηρίας
2838 5041 2933 5096 τοῦ
2982 5040 3211 5111 ἀδελφοῦ
3274 5036 3275 5041 “

1627 5134 1935 5206 φροντίζειν
1978 5134 2093 5207 δὲῃ,
2126 5134 2246 5188 τότε
2279 5135 2371 5188 καὶ
2411 5135 2722 5206 ἀπράγμων
2759 5134 2855 5187 καὶ
2898 5133 3214 5205 ἀνεπαχθής

1624 5246 1708 5292 τις
1740 5223 1879 5281 εῖναι
1911 5226 2119 5298 βούλει⁹
2154 5227 2330 5281 καίτοι
2368 5228 2475 5281 ἀπὸ
2512 5228 2609 5299 μὲν
2651 5227 2992 5300 κακηγορίας
3023 5227 3116 5279 καὶ
3149 5226 3212 5279 τὸ

1627 5320 1763 5390 πρὸς
1789 5318 2111 5391 ἀνθρώπους
2132 5320 2227 5373 καὶ
2250 5320 2311 5373 τὸ
2346 5320 2481 5392 πρὸς
2504 5320 2596 5373 τὸν
2621 5320 2755 5374 Θεὸν
2785 5321 2997 5390 γίνεται
3032 5322 3208 5390 μῖσος,

1623 5412 1723 5465 καὶ
1742 5412 1802 5464 οὐ
1829 5411 2035 5483 σφόδρα
2057 5429 2139 5465 σοι
2161 5411 2319 5465 τοῦτο
2351 5412 2537 5483 μέλει·
2570 5413 2679 5467 ἀπὸ
2706 5413 2762 5466 δέ
2787 5413 2886 5483 τῆς
2916 5413 3037 5465 κατ’
3075 5411 3217 5464 ἰδίαν

1627 5503 1938 5575 συμϐουλῆς
1974 5504 2068 5557 καλ⁸
2096 5504 2204 5558 τῶν
2233 5505 2491 5558 τοιούτων
2518 5506 2757 5576 ἐλέγχων
2785 5507 2880 5560 καὶ
2916 5503 3051 5576 πρὸς
3079 5503 3208 5557 τοῦ-

1621 5615 1713 5651 τον
1744 5597 1837 5649 καὶ
1883 5596 2023 5667 πρὸς
2062 5595 2155 5649 τὸν
2179 5595 2310 5651 Θεὸν
2340 5596 2493 5651 ἔσται
2528 5615 2613 5651 σοι
2643 5598 2817 5668 φιλία.
2872 5597 2967 5648 Ἂν
3018 5593 3071 5646 δὲ
3113 5594 3209 5647 καὶ

1623 5688 1785 5755 αὐτὸς
1818 5688 1971 5760 μισῇ,
2014 5690 2042 5741 6
2077 5688 2208 5753 Θεὸς
2249 5689 2397 5761 μένει
2452 5689 2533 5745 διὰ
2574 5687 2730 5742 τοῦτο
2769 5687 2967 5760 μᾶλλον
2999 5684 3203 5757 φιλῶν»
