3802 6312
156 304 237 364 εει
1215 295 1279 353 IN
1317 295 1531 353 EPIST.
1573 296 1638 351 ll.
1670 297 1763 353 AD
1800 298 1955 355 COR.
1998 299 2230 356 HOMIL.
2273 299 2315 355 Ι.
3283 299 3395 356 38$

153 428 364 476 seorsum
420 410 559 484 apud
614 425 675 467 se
729 423 955 480 magnas
1003 407 1100 463 tibi
1157 407 1376 464 habebit
1425 409 1645 480 gratias.
1811 410 1961 465 audit
1985 411 2065 465 sic
2090 420 2373 467 accusatus
2400 428 2414 465 :
2442 411 2537 466 sed
2562 410 2653 467 ille
2672 411 2887 482 quidem
2909 411 3092 469 evadit
3118 411 3400 482 impuden-

210 507 255 562 6.
282 504 399 560 Hac
428 516 554 572 ergo
576 500 901 572 cogitantes,
918 513 1099 555 curam
1122 513 1374 568 geramus
1398 508 1704 556 nostrorum
1812 503 1938 557 tior.
1971 503 2105 558 Nam
2136 504 2392 574 quamdiu
2416 503 2633 575 quidem
2683 505 2834 570 latet,
2881 504 2985 560 scit
3031 505 3354 561 erubescere
3380 523 3398 563 :

151 596 479 655 membrorum
499 634 516 660 ,
542 607 719 664 neque
748 591 983 661 linguam
1021 588 1161 645 alter
1193 589 1249 644 in
1284 589 1510 645 altermn
1540 604 1703 644 acua-
1812 603 2094 665 postquam
2143 604 2321 651 autem
2367 597 2605 652 evaserit
2633 596 2968 662 manifestus,
2999 597 3049 652 id
3077 598 3220 666 quod
3268 598 3395 655 inde

150 704 268 754 mus,
294 700 461 757 neque
488 684 651 740 verba
681 683 967 753 loquamur
1004 694 1125 751 qua:
1162 679 1476 750 demergant
1509 688 1566 735 et
1600 679 1701 735 ob-
1809 684 2044 741 habebat
2086 686 2299 743 frenum
2342 688 2605 758 expellit:
2633 687 2725 759 qui
2771 697 2951 743 autem
3002 689 3187 753 audit,
3215 704 3402 744 rursus

150 792 305 844 ruam.
352 776 579 849 Ρΐοιίωί
620 775 819 830 “nam
851 772 1047 828 “mam
1079 771 1476 843 ευδνθηθηιθεν
1497 780 1553 827 el
1594 785 1701 826 non
1808 782 1979 850 magis
2005 781 2250 838 laedetur.
2283 782 2415 836 Nam
2455 782 2570 837 sive
2599 797 2778 837 rerum
2811 791 2957 838 recte
2980 797 3009 835 a
3039 797 3100 838 se
3124 790 3400 852 gestarum

148 885 282 926 secus
310 878 465 937 atque
503 867 557 922 in
584 866 729 921 bello
751 875 807 921 et
832 878 1007 935 pugna
1046 862 1350 919 sauciantes
1372 870 1429 918 et
1454 861 1649 916 sauciat

1892 872 1971 927 :rit
1998 873 2099 928 sibi
2123 874 2392 941 conscius,
2420 873 2659 940 inﬂatur,
2682 872 2905 928 alterius
2931 880 3142 928 tumens
3166 887 3359 927 accusa
3374 903 3393 914 -

148 961 262 1030 Quid
285 961 420 1016 enim
440 958 551 1029 jam
592 956 813 1027 prode“
836 954 1100 1025 ieiunium
1129 962 1222 1009 aut
1260 953 1463 1023 Vigilia.
1490 951 1705 1023 quando
1809 961 2079 1026 tionibus;
2111 962 2224 1017 sive
2250 972 2621 1032 peccatorum,
2665 963 2725 1018 ﬁt
2769 964 3066 1033 promptior
3101 974 3152 1019 et
3177 964 3406 1021 alacrior

147 1055 271 1110 ebria
309 1050 465 1107 fuerit
503 1050 705 1119 lingua,
731 1057 787 1104 et
824 1047 975 1102 canis
1001 1045 1253 1102 carnibus
1294 1043 1706 1099 immundioretu
1809 1052 1877 1107 ad
1900 1054 2115 1108 vitium,
2135 1054 2205 1109 Ει
2231 1055 2348 1125 ipse
2375 1072 2565 1111 rursus
2585 1056 2677 1125 qui
2704 1055 2856 1120 dicit,
2881 1056 3019 1125 apud
3040 1072 3161 1111 eum
3190 1057 3279 1125 qui
3305 1072 3405 1111 an.

149 1160 356 1201 mensam
394 1142 652 1207 comedit,
683 1150 741 1195 ut
780 1156 899 1210 quae
936 1140 1259 1210 sanguivora
1297 1137 1487 1193 euecta
1531 1138 1620 1202 sit.
1650 1146 1706 1192 el
1793 1145 1891 1199 ‘dit
1922 1146 1975 1200 in
2002 1146 2140 1200 mala
2168 1147 2270 1201 erit
2294 1148 2712 1213 existimatione,
2739 1157 2794 1203 et
2839 1149 3008 1203 Deum
3060 1149 3113 1203 in
3144 1164 3205 1204 sc
3237 1151 3406 1220 magis

148 1250 329 1292 actium
353 1233 586 1288 eﬂ‘undat
611 1240 667 1285 et
706 1232 903 1286 cloaca:
948 1229 1188 1285 canalem
1232 1242 1295 1282 05
1337 1226 1530 1290 faeial;
1591 1227 1705 1281 imo
1808 1235 2062 1290 irritabit.
2089 1234 2451 1302 Quamobrem
2493 1252 2626 1307 rogo
2652 1252 2817 1294 omne
2838 1237 3060 1294 verbum
3088 1238 3404 1295 obscaenum

147 1344 254 1382 veru
273 1340 336 1381 80
358 1324 513 1393 longe
535 1321 796 1391 impurius
814 1331 869 1375 et
893 1320 1062 1389 magis
1082 1316 1540 1374 abominandum?
1569 1315 1702 1371 Nam
1810 1335 1863 1381 ει
1890 1327 2130 1383 {gelidum
2157 1328 2438 1397 ejiciamus
2460 1343 2478 1393 ς
2505 1329 2550 1382 si
2579 1329 2706 1398 quid
2750 1329 2948 1383 bonum
2979 1330 3043 1383 ad
3096 1329 3407 1385 mdiﬁcalio.

151 1417 270 1489 ιιιιοά
311 1415 449 1470 "lim
495 1413 713 1484 Quidem
766 1410 1028 1482 Procedi'»
1057 1425 1254 1479 corpus
1298 1408 1529 1479 Ρθιιυῖιε
1562 1405 1706 1477 (Ιυοά
1810 1436 1956 1485 nem,
1981 1419 2088 1474 hoc
2123 1420 2387 1475 dicamus.
2419 1421 2490 1475 At
2518 1420 2671 1490 cupis
2697 1421 2846 1476 illum
2882 1421 3111 1476 ulcisci?
3141 1420 3248 1475 Cur
3273 1434 3406 1491 ergo

148 1510 252 1564 hinc
274 1517 464 1569 autem,
507 1519 653 1575 εωρθ
700 1502 925 1559 ευποαιι
969 1502 1224 1557 anilnam-
1254 1500 1381 1555 H330
1426 1499 1567 1566 dico.
1596 1512 1704 1554 ιιοιι
1812 1520 1865 1567 te
1892 1525 1990 1581 pro
2017 1511 2110 1564 illo
2132 1511 2455 1566 ulcisceris?
2482 1510 2614 1565 Nam
2637 1511 2726 1581 qui
2768 1511 2957 1567 studes
2983 1512 3169 1567 ulcisci
3198 1527 3292 1566 eos
3314 1513 3404 1583 qui

147 1618 302 1657 eorum
330 1603 413 1670 qui
438 1599 580 1654 male
608 1598 852 1664 audiunt,
883 1606 1087 1653 temere
1113 1611 1297 1651 curam
1324 1609 1555 1666 gerens;
1581 1607 1705 1648 nam
1808 1602 1907 1657 tibi
1955 1601 2174 1657 fuerunt
2217 1603 2451 1670 molesti,
2485 1602 2555 1657 ita
2606 1604 2869 1659 ulciscere
2911 1615 2965 1658 ut
3001 1605 3201 1661 Paulus
3243 1606 3407 1675 jussit
3489 1669 3495 1675 _

148 1696 208 1749 illi
234 1708 429 1764 quoque
474 1693 623 1763 digni
668 1700 796 1746 sunt
840 1690 1090 1754 coronis,
1122 1705 1244 1744 cum
1274 1703 1397 1758 quae
1450 1686 1707 1742 dicuntur
1809 1693 2018 1749 ulcisci.
2064 1693 2127 1749 Si
2172 1695 2326 1748 esurit
2365 1694 2606 1748 inimicus
2646 1704 2783 1761 tuus,
2811 1696 2921 1749 ciba
2962 1696 3151 1761 illum;
3193 1699 3240 1750 si
3276 1698 3404 1761 sitit,

147 1786 295 1841 ierunt
329 1785 575 1848 fortiter;
624 1782 720 1838 sed
765 1792 1004 1837 vestrum
1032 1782 1122 1852 qui
1151 1780 1351 1835 dicitis.
1398 1779 1532 1835 Nam
1580 1793 1705 1834 eum
1809 1784 1877 1839 da
1897 1784 1976 1838 illi
2004 1793 2177 1852 potum
2206 1783 2386 1853 (Rom.
2427 1783 2658 1854 12.20).
2707 1784 2763 1841 Si
2813 1796 2993 1841 autem
3042 1786 3146 1843 hoc
3183 1789 3404 1857 quidem

146 1875 467 1943 auidem,qui
501 1886 706 1929 temere
727 1883 783 1929 et
806 1874 925 1928 sine
947 1886 1107 1927 causa
1135 1871 1275 1926 male
1300 1870 1468 1933 audit,
1492 1869 1705 1924 beatum
1810 1889 1917 1928 non
1946 1872 2100 1936 facis,
2130 1874 2305 1928 solum
2335 1883 2514 1930 autem
2555 1876 2848 1941 insidiaris,
2879 1877 2931 1931 in
2961 1878 3189 1947 teipsum
3217 1896 3405 1936 ensem

145 1970 457 2039 pronuntiant
484 1968 821 2038 Scripturae;
865 1981 989 2020 eum
1032 1975 1233 2029 autem,
1265 1963 1357 2034 qui
1387 1962 1528 2017 male
1553 1961 1704 2028 dicit,
1810 1964 2049 2034 stringis.
2068 1963 2428 2031 Quamobrem
2458 1966 2502 2019 si
2530 1966 2621 2020 ille
2648 1967 2954 2032 maledicat,
2974 1984 3106 2023 orna
3136 1984 3260 2024 eum
3293 1971 3408 2024 lan-

144 2076 168 2114 a
201 2061 381 2114 sanctis
410 2059 691 2129 expellunt
737 2058 1041 2129 mysteriis,
1075 2057 1185 2111 imo
1229 2055 1297 2109 ab
1342 2055 1458 2123 ipso
1504 2053 1706 2108 ambitu
1810 2054 1965 2110 dibus
1992 2065 2049 2110 et
2092 2055 2374 2110 encomiis.
2426 2054 2516 2110 Sic
2560 2056 2703 2111 enim
2735 2068 2790 2111 et
2828 2057 2976 2112 illum
3028 2061 3228 2128 poteris
3268 2060 3406 2115 ulci-

147 2153 398 2206 ecclesire:
432 2151 591 2214 Eum,
619 2150 810 2219 inquit,
841 2149 927 2219 qui
959 2148 1247 2202 clanculum
1269 2145 1489 2199 detrahit
1527 2146 1591 2198 de
1614 2159 1708 2198 suo
1810 2146 1910 2211 sci,
1955 2155 2011 2200 et
2050 2145 2279 2216 teipsum
2326 2146 2580 2201 liberabis
2622 2162 2653 2201 a
2691 2148 2830 2202 mala
2887 2151 3213 2220 suapieione.
3265 2151 3399 2206 Nam

143 2243 363 2311 prosim,
384 2240 719 2311 persequebar
735 2238 908 2309 (Psal.
935 2238 1059 2293 100.
1077 2237 1167 2309 5);
1189 2235 1479 2306 quinetiam
1497 2249 1620 2289 eum
1636 2233 1706 2287 di-
1809 2237 1900 2305 qui
1929 2236 2081 2293 dolet
2101 2253 2167 2291 eo
2187 2237 2330 2306 quod
2377 2237 2520 2292 male
2541 2238 2746 2305 audiat,
2779 2238 2885 2294 hoc
2926 2240 3139 2296 videtur
3183 2246 3292 2311 pati
3339 2258 3407 2298 ex

142 2334 203 2389 cit
221 2334 473 2403 indignum
498 2332 733 2387 lectione
750 2345 1025 2386 sacrarum
1049 2326 1487 2389 literarum.Cur,
1512 2325 1705 2395 inquit,
1812 2327 1950 2381 mala
1976 2327 2342 2394 conscientia;
2370 2328 2462 2399 qui
2507 2338 2688 2384 autem
2735 2329 2924 2386 irridet
2962 2346 3025 2386 ea
3055 2347 3177 2402 quae
3215 2333 3408 2387 dicun-

144 2435 187 2478 ts
209 2442 400 2479 enarras
420 2423 822 2495 iustiﬁcationes
853 2437 1010 2483 meas,
1035 2429 1082 2474 et
1104 2419 1321 2474 assumis
1360 2427 1708 2472 testamentum
1812 2425 1917 2481 tur,
1963 2419 2255 2473 maximum
2312 2420 2516 2489 profert
2562 2419 2842 2486 indicium,
2874 2421 3020 2491 quod
3082 2423 3280 2478 nullius
3328 2425 3408 2480 rei

142 2533 282 2570 meum
328 2533 413 2585 per
440 2532 498 2569 os
539 2524 683 2568 tuum
728 2511 902 2583 (Psal.
937 2510 1026 2566 49.
1061 2509 1188 2579 16)?
1239 2508 1442 2564 Deinde
1487 2521 1705 2562 causam
1809 2510 1965 2565 mala:
2002 2511 2105 2566 sibi
2151 2512 2224 2566 sit
2249 2512 2527 2567 conscius.
2553 2512 2686 2567 Cum
2730 2527 2861 2585 ergo
2888 2528 2988 2570 nec
3016 2514 3278 2583 audienti,
3307 2532 3409 2573 nec

141 2607 358 2667 aﬂ‘crens.
380 2608 511 2662 dicit
544 2623 557 2658 :
592 2604 791 2660 Sedens
825 2610 1004 2657 contra
1040 2600 1256 2669 fratrem
1297 2608 1443 2653 tuum
1469 2597 1709 2668 loqueba-
1812 2600 1929 2665 tibi,
1954 2616 2055 2656 nec
2075 2601 2124 2657 ei
2150 2602 2239 2672 qui
2263 2610 2552 2657 accusatur
2574 2604 2771 2673 prosis,
2800 2613 2855 2659 et
2880 2604 2932 2658 in
2961 2615 3014 2659 te
3042 2606 3213 2674 ipsum
3242 2608 3410 2662 strin-

143 2701 218 2754 ris.
238 2701 295 2755 Et
315 2700 396 2755 ltic
417 2699 638 2770 quidem
662 2712 768 2753 non
795 2694 1062 2759 distinxit,
1082 2693 1262 2747 sintne
1282 2706 1408 2746 vera
1439 2706 1508 2744 an
1537 2690 1704 2755 falsa;
1810 2707 1905 2762 gas
1933 2692 2192 2762 gladium,
2231 2691 2316 2748 vel
2342 2707 2408 2748 ex
2434 2692 2538 2748 hoc
2565 2694 2682 2763 ipso
2707 2693 2877 2749 evade
2908 2694 3255 2751 moderatior.
3273 2696 3406 2752 Nam

146 2791 252 2847 alibi
294 2802 467 2846 autem
516 2791 620 2845 hoc
657 2803 873 2859 quoque
917 2785 1213 2857 prohibuit,
1244 2782 1539 2839 ostendens
1566 2780 1708 2851 quod
1811 2782 2093 2852 oportebat
2134 2782 2353 2853 quidem
2400 2782 2715 2852 persuaderi
2761 2799 2825 2839 ex
2855 2800 3019 2856 regno
3043 2786 3324 2851 caelorum,
3353 2797 3408 2843 et

145 2886 326 2940 etiamsi
371 2900 494 2941 vera
521 2883 692 2949 dicas,
724 2898 787 2937 ea
815 2895 923 2935 non
964 2887 1091 2933 sunt
1114 2893 1143 2931 a
1174 2885 1226 2931 te
1250 2874 1498 2931 dicenda.
1531 2872 1710 2927 Nolite
1811 2874 1878 2930 iis
1904 2890 2024 2945 qua:
2069 2874 2182 2930 Deo
2225 2874 2473 2930 videntur
2513 2889 2577 2929 ac
2628 2875 2842 2945 placent
2874 2892 2890 2930 :
2936 2877 3032 2932 sed
3063 2880 3317 2947 quoniam
3346 2892 3407 2934 es

142 2978 365 3048 iudicare,
398 2974 595 3046 inquit,
625 2984 679 3027 ut
700 2989 801 3026 non
818 2969 1122 3043 judicemiui
1150 2966 1365 3036 (Matth.
1394 2965 1449 3019 7.
1474 2965 1545 3034 l).
1574 2962 1707 3018 Nam
1811 2968 2049 3023 crassius
2072 2965 2319 3032 affectus,
2345 2975 2402 3022 et
2430 2967 2648 3022 mordcs
2671 2977 2940 3037 tamquam
2984 2967 3118 3031 fera,
3150 2970 3234 3025 vel
3281 2971 3408 3027 hinc

143 3079 188 3126 et
219 3070 296 3138 qui
324 3070 665 3139 publicanum
706 3063 1004 3120 maledictis
1045 3059 1429 3123 insectabatur,
1458 3066 1542 3112 est
1577 3071 1708 3111 con-
1812 3058 2077 3115 erudiaris
2103 3068 2159 3113 et
2194 3058 2508 3128 castigeris;
2540 3068 2598 3113 ut
2627 3059 2711 3113 his
2738 3060 2915 3114 verbis
2957 3060 3252 3115 modestior
3278 3061 3408 3116 ell‘e-

143 3160 408 3225 demaatus,
432 3161 535 3216 etsi
570 3173 696 3214 vere
732 3157 879 3212 illum
915 3152 1221 3209 accusabat.
1247 3150 1383 3218 Quid
1409 3163 1535 3204 vero
1547 3147 1594 3203 si
1615 3147 1707 3214 sit,
1812 3159 1950 3213 etus,
1979 3164 2047 3203 ex
2071 3147 2156 3202 his
2181 3147 2335 3215 solis,
2354 3163 2475 3217 qua:
2507 3150 2618 3204 Deo
2646 3149 2900 3204 videntur
2926 3166 2991 3206 ac
3020 3152 3255 3221 placent,
3286 3167 3408 3222 pos-

145 3252 589 3323 inquit,quiSpiam
617 3248 793 3305 audax
814 3254 870 3303 et
893 3243 1278 3308 exsecrandus,
1306 3256 1411 3296 non
1436 3247 1520 3295 est
1540 3239 1653 3308 ipse
1678 3252 1709 3291 a
1813 3240 1890 3293 sis
1915 3239 2165 3307 componi
2201 3252 2266 3293 ac
2294 3239 2628 3303 concinnari.
2657 3248 2716 3295 ut
2750 3255 2873 3296 cum
2912 3243 3058 3296 omni
3086 3244 3253 3298 animi
3282 3259 3410 3313 per-

148 3343 279 3397 nobis
322 3341 678 3413 corrigendus
718 3348 775 3394 et
829 3334 1173 3406 arguendus?
1216 3330 1536 3403 Arguendus
1581 3342 1712 3384 sane
1816 3330 2120 3385 turbatione
2167 3331 2416 3399 superior
2443 3331 2711 3398 evaseris,
2740 3332 2975 3388 carlestia
3022 3334 3160 3389 bona
3211 3350 3409 3392 conse-

146 3444 213 3488 est
247 3444 294 3489 et
317 3432 687 3505 corrigendus,
714 3430 809 3485 sed
859 3429 929 3483 ita
977 3438 1032 3481 ut
1060 3427 1210 3498 prius
1237 3424 1384 3479 dixi:
1420 3423 1503 3477 siu
1529 3430 1711 3475 autem
1814 3421 1996 3491 quaris
2025 3438 2040 3475 :
2070 3435 2191 3491 qua:
2217 3420 2375 3475 detur
2404 3420 2560 3476 nobis
2585 3422 2837 3478 omnibus
2857 3424 3136 3495 consequi,
3162 3427 3329 3496 gratia
3356 3438 3410 3482 et

148 3524 232 3579 hoc
271 3526 391 3580 iacis
438 3526 486 3581 ei
541 3522 896 3593 exprobrans,
925 3518 1049 3573 vide
1080 3533 1167 3583 ne,
1198 3515 1326 3569 dum
1381 3513 1709 3567 Pharisaeum
1814 3512 2146 3582 benignitate
2203 3511 2417 3566 Domini
2479 3512 2650 3567 nostri
2693 3513 2820 3568 Jesu
2861 3513 3082 3581 Christi,
3132 3531 3254 3571 cum
3302 3533 3410 3589 quo

148 3616 270 3670 illum
302 3617 549 3681 imitaris,
580 3614 633 3669 id
684 3614 778 3669 tibi
809 3611 951 3683 quod
994 3610 1070 3665 illi
1102 3606 1329 3663 accidat.
1376 3604 1519 3660 Nihil
1567 3604 1710 3659 enim
1816 3603 1962 3658 Patri
1985 3618 2107 3657 cum
2131 3612 2320 3657 sancto
2343 3602 2546 3672 Spiritu
2568 3605 2640 3659 sit
2661 3605 2854 3674 gloria,
2878 3607 3182 3677 imperium,
3215 3609 3408 3679 honor,

147 3707 250 3762 hinc
273 3709 396 3763 redit
416 3708 579 3771 lucri,
602 3722 706 3760 non
729 3706 795 3760 ad
826 3714 878 3759 te
911 3704 998 3771 qui
1024 3702 1180 3763 dicis,
1216 3688 1411 3755 nonad
1437 3698 1584 3750 illum
1615 3696 1705 3765 qui
1820 3709 1965 3748 nunc
1991 3702 2047 3747 et
2088 3708 2326 3763 semper,
2357 3704 2411 3748 et
2440 3694 2492 3747 in
2518 3696 2715 3749 saecula
2748 3697 3091 3751 smculorum.
3126 3701 3316 3755 Amen.-

657 3915 1330 4035 SANGTI
1400 3906 2097 4024 PATRIS
2169 3903 2852 4020 NOSTRI

302 4114 421 4275 J
430 4106 1057 4276 OANN
1065 4105 1285 4265 IS
1402 4093 3164 4292 CHRYSOSTOMI,

975 4347 1577 4417 ARCHIEPISCOPI
1621 4299 2586 4411 CONSTANTINOPOLITANI,

154 4481 250 4554 IN
297 4476 882 4555 SECUNDAM
905 4472 1051 4547 AD
1078 4462 1739 4543 CORINTHIOS
1784 4457 2394 4531 EPISTOLAM
2417 4459 3275 4538 COMMENTARIUS
3298 4448 3408 4536 (α).

1500 4655 1847 4725 HOMlLlA
1898 4655 1948 4715 Ι.

149 4774 258 4831 CAP.
290 4778 337 4831 l.
372 4793 426 4833 v.
460 4777 515 4831 1.
551 4772 747 4828 Paulus
773 4771 1031 4843 apostolus
1055 4768 1183 4825 Iesu
1204 4767 1390 4822 Christi
1414 4782 1502 4835 per
1530 4764 1708 4818 uolun-
1885 4757 1937 4813 1.
1959 4755 2064 4811 Cur
2078 4755 2351 4810 secundam
2374 4756 2441 4809 ad
2465 4753 2755 4811 Corinthios
2773 4758 3037 4827 epistolam
3063 4758 3263 4816 Paulus
3279 4766 3407 4819 scri-

207 4880 345 4923 tatem
369 4869 483 4932 Dei,
513 4878 561 4921 et
592 4865 881 4920 Timotheus
907 4867 1092 4937 frater,
1121 4859 1365 4915 Ecclesia:
1384 4856 1480 4911 Dei
1500 4872 1611 4923 qua:
1636 4862 1708 4908 est
1814 4850 1988 4919 pserit.
2018 4879 2092 4890 —
2121 4849 2273 4903 Prius
2293 4863 2535 4918 quaerere
2557 4849 2832 4915 convenit,
2857 4864 2953 4903 cur
2978 4853 3265 4908 secundam
3290 4859 3408 4927 cpi-

206 4959 438 5023 Corinthi
485 4976 601 5013 cum
646 4956 876 5011 omnibus
910 4954 1118 5020 sanctis,
1151 4953 1236 5023 qui
1264 4950 1452 5005 suntin
1476 4948 1709 5001 universa
1813 4941 2007 4995 stolam
2055 4941 2220 5010 priori
2251 4940 2501 5010 adjungat
2523 4982 2537 5005 ,
2571 4950 2625 4995 et
2650 4955 2814 5011 quare
2843 4956 2873 4994 a
2913 4940 3004 4995 Dei
3046 4943 3408 5003 miserationi-

204 5053 387 5105 Achaia
405 5050 493 5105 :2.
515 5049 681 5121 gratia
703 5048 905 5101 vobiset
932 5061 1083 5113 paxa
1110 5043 1219 5098 Deo
1249 5042 1401 5097 Patre
1420 5049 1467 5094 et
1492 5037 1708 5092 Domino
1814 5034 1913 5089 bus
1958 5043 2119 5103 atque
2164 5050 2193 5088 a
2242 5033 2613 5087 consolatione
2662 5033 2869 5087 initium
2913 5034 3092 5089 ducat.
3126 5037 3236 5092 Cur
3278 5056 3408 5111 ergo

206 5155 364 5199 nostro
390 5145 519 5199 Iesu
548 5143 767 5198 Christo.
800 5141 854 5195 3.
887 5138 1183 5192 Benedictus
1209 5136 1347 5190 Deus
1366 5145 1413 5189 et
1439 5133 1591 5188 Pater
1612 5131 1710 5186 Do-
1814 5126 2102 5181 secundam
2144 5126 2383 5194 adjecit?
2425 5124 2558 5181 Cum
2591 5126 2641 5180 in
2688 5126 2851 5197 priori
2897 5128 3121 5198 epistola
3153 5130 3405 5201 dixisset,

206 5239 317 5292 mini
346 5239 507 5293 nostri
534 5235 569 5291 Ι
574 5254 661 5292 esu
688 5233 877 5291 Christi
902 5273 916 5297 ,
949 5231 1107 5285 Pater
1133 5228 1594 5283 misericordiorum
1618 5269 1632 5290 ,
1662 5236 1707 5279 et

1903 5218 2032 5270 uiam
2062 5218 2131 5269 ad
2173 5232 2278 5282 nos,
2324 5225 2369 5269 et
2413 5231 2734 5286 cognoscam,
2777 5233 2879 5271 non
2925 5236 3203 5275 sermonem
3230 5239 3404 5277 eorum

208 5327 333 5383 Deus
368 5332 522 5384 totius
558 5325 941 5390 consolationis,
982 5324 1035 5379 4.
1079 5322 1166 5394 qui
1206 5319 1496 5376 consolatur
1530 5336 1621 5373 nos
1656 5319 1707 5371 in

1945 5309 2093 5379 aﬂati
2113 5318 2248 5373 sunt,
2272 5312 2361 5363 sed
2380 5309 2611 5362 virtutem
2633 5310 2709 5378 (l.
2740 5308 2858 5365 Cor.
2889 5312 2944 5367 4.
2970 5312 3093 5383 19);
3124 5325 3177 5369 ct
3207 5316 3271 5368 ad
3294 5317 3407 5371 cal-

208 5424 331 5477 omni
356 5423 679 5477 tribulatione
705 5432 898 5483 nostra,
924 5428 978 5471 ut
1006 5416 1253 5481 possimus
1275 5427 1321 5469 et
1338 5414 1437 5484 ipsi
1456 5412 1709 5467 consolari

1902 5421 1929 5454 η
1972 5417 2160 5456 rursus
2206 5399 2306 5455 hoc
2350 5400 2519 5470 ipsum
2549 5401 2888 5457 suavioribus
2934 5403 3109 5458 verbis
3138 5406 3403 5474 pollicitus

210 5528 303 5578 eo"
343 5514 429 5581 qui
473 5513 527 5566 ίη
568 5512 709 5567 omni
736 5526 972 5579 ρναευνα
1009 5518 1150 5572 mm,
1194 5522 1285 5578 ρετ
1310 5503 1709 5559 “malagma,”
1815 5490 2025 5557 fuisset,
2068 5489 2457 5554 Veniamenim,
2488 5490 2679 5561 inquit,
2708 5492 2777 5545 ad
2796 5508 2903 5559 vos,
2930 5503 3192 5565 postquam
3226 5494 3402 5551 Mace-

208 5610 413 5678 quam“
431 5605 758 5661 emtam“,
782 5621 812 5657 α
837 5602 964 5657 Deo.
1809 5583 2019 5636 doniam
2060 5592 2436 5653 pertranstero;
2466 5583 2821 5639 Macedoniam
2864 5587 2996 5639 enim
3047 5588 3360 5656 pertransibo
3382 5628 3398 5653 ,

201 5717 265 5771 (ω
287 5674 491 5768 “manu
524 5733 633 5770 cum
667 5719 845 5773 Codice
884 5720 1171 5776 casuum”
1198 5726 1239 5777 Χ
1297 5719 1462 5777 mu“
1488 5727 1618 5765 num.
1642 5714 1705 5764 53
1812 5686 1963 5743 atque
2006 5676 2147 5744 apud
2194 5689 2279 5727 vos
2313 5674 2530 5739 fortasse
2568 5675 2797 5741 manebo,
2846 5686 2934 5729 aut
2975 5678 3128 5730 etiam
3173 5676 3407 5729 hiemabo

163 5765 487 5833 enimn.“
535 5765 633 5770 ’Ψ
672 5765 844 5773 “mw
889 5765 1168 5776 ””’””“”””
1198 5765 1239 5777 ’“
1297 5765 1462 5777 ww"

1920 5766 2038 5821 Cor.
2075 5765 2161 5821 l6.
2191 5766 2249 5837 5)
2283 5785 2295 5820 :
2331 5767 2557 5831 multum
2588 5772 2843 5847 temporis
2869 5771 3268 5851 intercesserat,
3301 5782 3402 5825 nec

148 3796 3409 3858 Em

972 4584 1692 4625 ...ρ-ὧ

1786 4584 2534 4623 ==———-—————-
