3802 6322
370 310 477 370 883

368 436 547 482 tamen
580 421 647 478 ad
677 434 770 475 eos
795 434 854 474 se
882 418 1224 482 contulerat;
1256 417 1384 487 quin
1417 417 1613 485 potius,
1646 428 1766 468 cum
1812 426 1951 481 prte-

367 518 613 569 stitutum
646 521 859 580 tempus
883 509 994 578 iam
1024 506 1336 571 efﬂuxisset,
1368 506 1543 560 adhuc
1569 515 1747 559 tamen
1798 518 1961 557 cunc-

370 609 584 662 tabatur
625 620 690 660 ac
737 617 917 657 moras
962 600 1240 665 trahebat;
1290 598 1431 669 quod
1480 598 1684 652 scilicet
1729 595 1960 665 Spiritus

368 714 494 753 eum
536 699 588 751 in
617 696 738 750 aliis
768 694 925 763 longe
952 692 1119 761 magis
1146 688 1467 745 necessariis
1496 688 1723 758 negotiis
1759 685 1961 741 retine-

369 801 470 845 ret.
506 790 617 844 Hac
646 788 715 842 de
741 800 901 841 causa
928 783 1216 839 secundam
1244 782 1527 850 epismlam
1574 781 1813 835 scribere
1862 793 1960 834 ne-

371 894 526 935 cesse
558 878 762 942 habuit,
793 892 896 929 non
926 888 1149 929 necesse
1180 873 1455 927 habiturus
1480 912 1496 937 ,
1530 870 1573 923 si
1602 871 1778 923 minus
1806 867 1959 923 tarde

371 971 629 1025 venisset.
659 968 766 1023 Nec
796 981 925 1021 vero
967 964 1068 1019 hoc
1106 964 1385 1018 dumtaxat
1414 961 1655 1025 nomine.
1684 960 1778 1015 sed
1805 960 1876 1014 ob
1905 959 1958 1014 id

372 1065 534 1117 etiam
561 1102 575 1127 ,
625 1060 766 1131 quod
812 1075 879 1114 ex
909 1058 1186 1127 superiore
1228 1056 1454 1125 epistola
1484 1055 1734 1109 meliores
1761 1053 1957 1108 redditi

372 1153 606 1208 fuerant.
639 1152 770 1206 Nam
803 1150 1179 1204 fornicatorem
1212 1162 1333 1201 eum
1353 1187 1368 1212 ,
1398 1161 1555 1214 quem
1586 1145 1732 1213 prius
1778 1143 1959 1199 favore

371 1244 887 1313 complectebantur,
911 1251 965 1294 et
984 1240 1053 1293 ob
1073 1253 1229 1308 quem
1255 1238 1548 1290 insolenter
1566 1250 1624 1290 se
1644 1235 1955 1302 efferebant,

376 1335 718 1389 abscideraut
744 1348 807 1387 ac
838 1347 1055 1401 prorsus
1085 1330 1374 1398 eiecerant.
1410 1326 1465 1381 Id
1495 1326 1637 1396 quod
1669 1326 1750 1380 his
1777 1326 1959 1380 verbis

376 1425 628 1480 iudicavit
660 1443 674 1481 τ
704 1424 766 1480 Si
804 1425 914 1492 quis
941 1434 1105 1476 autem
1131 1421 1463 1485 contristabit,
1505 1437 1605 1473 non
1648 1436 1726 1472 me
1766 1418 1960 1472 contri-

375 1518 546 1581 stavit,
571 1517 659 1570 sed
683 1532 747 1570 ea:
770 1524 914 1586 parte
937 1554 951 1577 ,
980 1523 1033 1566 ut
1063 1529 1163 1566 non
1193 1527 1395 1565 onerem
1420 1526 1590 1565 omnes
1620 1526 1705 1563 vos
1732 1510 1809 1579 (2.
1837 1508 1957 1564 Cor.

375 1610 432 1662 2.
463 1608 545 1681 5).
570 1606 775 1661 Sufﬁcit
799 1607 869 1671 ei,
902 1604 990 1675 qtti
1017 1602 1277 1673 ejusmodi
1302 1611 1404 1666 est,
1435 1601 1733 1670 obiurgatio
1757 1615 1820 1654 ea
1840 1614 1959 1669 qua

377 1701 440 1754 fit
464 1715 493 1752 a
534 1699 795 1769 pluribus.
836 1699 915 1752 Ac
949 1712 1161 1751 rursum
1206 1694 1471 1749 sermonis
1500 1706 1786 1763 progressu
1816 1691 1957 1746 idem

376 1791 570 1858 innuit,
594 1806 714 1844 cum
740 1789 814 1843 ait
844 1806 858 1843 :
890 1787 1021 1842 Ecce
1040 1788 1173 1841 enim
1195 1786 1290 1840 hoc
1312 1785 1498 1855 ipsum,
1520 1784 1656 1855 quod
1685 1784 1960 1838 secundum

377 1882 544 1937 Deum
574 1881 854 1936 contristati
894 1880 1031 1945 estis,
1069 1888 1311 1949 quantam
1336 1878 1388 1930 in
1414 1877 1549 1931 vobis
1570 1876 1961 1931 sollicitudinem

374 1972 579 2041 eﬂ'ecit;
606 1974 709 2026 imo
750 1971 1152 2033 excusationem,
1182 1968 1283 2022 imo
1308 1968 1726 2037 indignationem,
1758 1968 1858 2021 imo
1889 1968 1958 2021 ti-

374 2082 585 2126 morem,
609 2064 712 2117 into
739 2062 1065 2126 desiderium,
1096 2060 1197 2113 imo
1225 2058 1600 2114 cumulationem
1622 2100 1638 2125 ,
1668 2059 1770 2112 into
1794 2058 1958 2111 vindi-

372 2169 527 2213 ctam.
560 2154 627 2209 In
652 2154 881 2208 omnibus
909 2152 1203 2206 exhibuistis
1231 2168 1315 2204 vos
1338 2152 1758 2204 incontaminatos
1780 2166 1885 2204 esse
1905 2151 1958 2204 in

373 2249 573 2320 negotio
602 2247 675 2318 (2.
709 2244 827 2300 Cor.
872 2244 923 2297 7.
968 2242 1080 2310 11).
1127 2243 1265 2310 Quin
1305 2243 1580 2311 pecuniam
1611 2256 1751 2306 eam,
1797 2256 1956 2310 quam

373 2343 761 2410 imperaverat,
793 2350 1003 2390 summo
1032 2335 1209 2387 studio
1232 2334 1557 2403 collegerant
1582 2345 1599 2386 :
1630 2333 1770 2387 unde
1795 2333 1954 2388 etiam

370 2432 606 2493 dicebat,
637 2429 759 2483 Scio
788 2428 919 2481 enim
945 2427 1258 2479 alacritatem
1278 2436 1519 2491 vestram,
1558 2426 1621 2478 de
1647 2442 1746 2495 qua
1766 2426 1957 2496 glorior

370 2524 513 2594 apud
542 2522 845 2575 Macedones
870 2536 888 2573 :
916 2520 1154 2587 quoniam
1181 2518 1376 2571 Achaia
1407 2528 1587 2582 parata
1614 2527 1686 2570 est
1722 2518 1784 2570 ab
1820 2534 1955 2571 anno

373 2614 622 2685 superiori
670 2611 760 2683 (2.
794 2612 912 2666 Cor.
946 2611 998 2663 9.
1042 2608 1136 2672 2).
1184 2609 1298 2663 lluc
1325 2609 1531 2662 accedit
1568 2609 1709 2677 quod
1751 2609 1952 2676 Titum,

372 2721 534 2776 quem
558 2705 670 2773 ipse
697 2703 937 2767 miserat,
967 2701 1196 2754 maxima
1221 2715 1339 2751 eum
1372 2699 1738 2753 benevolentia
1768 2714 1955 2753 susce-

373 2805 580 2866 perant.
614 2794 668 2849 Id
696 2793 838 2864 quod
868 2793 1029 2848 etiam
1058 2790 1413 2857 ostendebat,
1451 2806 1570 2843 cum
1600 2805 1785 2845 rursus
1813 2792 1955 2845 dice-

368 2896 493 2942 ret:
537 2885 742 2940 Viscera
775 2885 885 2955 ejus
928 2883 1272 2937 abundantius
1309 2892 1424 2936 sunt
1464 2883 1517 2935 in
1557 2882 1714 2948 vobis,
1746 2883 1953 2937 remini-

368 2977 554 3033 scentis
579 2977 805 3031 omnium
832 2985 1049 3029 vestrum
1079 2974 1411 3028 obedientiam
1437 3014 1450 3038 ,
1474 2975 1725 3043 quomodo
1752 2990 1865 3027 cum
1890 2977 1955 3027 ti-

369 3088 508 3126 more
532 3080 577 3125 et
603 3080 817 3124 tremore
843 3084 953 3123 eum
982 3068 1272 3136 suscepistis
1303 3065 1400 3136 (2.
1432 3064 1551 3120 Cor.
1595 3067 1649 3121 7.
1678 3066 1741 3121 15
1769 3067 1810 3134 ).
1859 3065 1953 3120 llis

369 3163 618 3217 omnibus
637 3162 814 3215 causis
834 3159 1114 3224 adductus,
1138 3157 1424 3212 secundam
1446 3156 1726 3225 epistolam
1746 3156 1948 3212 scribit.

372 3254 583 3309 Etenim
606 3268 701 3324 par
720 3262 857 3316 erat,
892 3258 949 3304 ttt
975 3248 1426 3319 quemadmodum
1458 3248 1602 3314 illos,
1624 3262 1745 3302 cum
1766 3263 1956 3317 pecca-

370 3356 510 3410 rent,
559 3344 913 3414 obiurgabat;
966 3344 1044 3396 sic
1095 3342 1254 3395 etiam
1300 3340 1517 3395 eosdem
1562 3340 1627 3393 ad
1677 3341 1954 3395 meliorem

373 3448 604 3492 mentem
638 3450 885 3491 reversos
910 3434 1286 3503 comprobaret
1318 3449 1382 3487 ac
1417 3433 1663 3488 laudibus
1692 3434 1950 3490 afﬁceret.

370 3535 449 3583 Ac
475 3528 697 3597 proinde
735 3541 835 3580 nec
874 3540 1051 3579 acrem
1082 3539 1139 3578 se
1171 3539 1231 3578 ac
1260 3524 1630 3579 vehementem
1660 3540 1754 3593 per
1789 3534 1951 3579 totam

370 3621 652 3690 epistolam
686 3620 905 3687 prarbet,
941 3620 1035 3673 sed
1067 3619 1116 3672 in
1152 3620 1334 3689 paucis
1362 3621 1637 3675 dumtaxat
1663 3621 1762 3675 sub
1791 3622 1955 3692 ipsius

372 3715 530 3765 linem
557 3713 811 3780 partibus.
842 3709 971 3764 Nam
998 3720 1053 3765 et
1073 3710 1211 3779 apud
1238 3725 1331 3765 eos
1353 3708 1519 3765 Judaei
1546 3712 1759 3782 quidam
1782 3722 1953 3777 erant,

372 3809 463 3876 qui
492 3806 771 3875 magnifice
797 3805 865 3859 de
887 3821 945 3858 se
974 3805 1254 3871 sentirent,
1286 3819 1348 3859 ac
1376 3804 1598 3858 Paulum
1630 3815 1686 3859 ut
1712 3819 1958 3875 arrogan-

374 3908 481 3952 tem
510 3897 810 3966 nulliusque
841 3895 992 3964 pretii
1022 3896 1293 3950 hominem
1324 3896 1737 3951 criminarentur
1768 3912 1782 3951 :
1818 3896 1959 3950 idco-

373 4004 480 4059 que
495 3989 764 4053 dicebant,
791 3986 1037 4058 Epistula:
1054 3988 1255 4058 quidem
1280 4003 1478 4058 graves,
1502 3990 1768 4057 prazsentia
1787 3999 1957 4041 autem

374 4081 602 4153 corporis
621 4080 843 4151 inﬁrma,
865 4089 912 4133 et
936 4096 1099 4134 sermo
1121 4079 1503 4150 contemptibilis
1524 4080 1599 4151 (2.
1620 4081 1955 4152 Cor.10.10).

376 4172 614 4242 Quorum
653 4171 938 4226 verborum
981 4171 1096 4225 hare
1139 4179 1255 4226 erat
1295 4173 1557 4227 sententia
1588 4189 1604 4228 :
1631 4172 1763 4228 Cutu
1804 4174 1960 4229 adest

377 4266 489 4331 ille,
523 4264 720 4318 nullius
753 4264 908 4333 pretii
934 4278 1055 4318 esse
1077 4264 1320 4331 videtur;
1353 4264 1455 4320 hoc
1480 4267 1623 4320 enim
1652 4269 1701 4321 in
1736 4268 1818 4322 his
1840 4285 1959 4324 ver-

378 4358 459 4413 bis
487 4357 836 4427 significatnr,
868 4354 1147 4409 Prwsentia
1181 4357 1409 4427 corporis
1434 4358 1637 4425 infirma
1660 4373 1680 4412 :
1708 4375 1829 4414 cum
1857 4375 1956 4414 au-

376 4460 482 4503 tem
514 4448 815 4513 abscessit,
845 4463 940 4518 per
968 4448 1150 4502 literas
1176 4464 1501 4519 magnopere
1528 4464 1586 4503 se
1611 4449 1813 4520 iactat;
1846 4452 1959 4507 haec

379 4545 521 4596 enim
550 4541 740 4594 horum
769 4540 1057 4595 verborum
1090 4540 1409 4609 significatio
1439 4550 1540 4606 est,
1575 4541 1823 4611 Epistola:
1840 4560 1959 4614 gra-

373 4650 476 4688 ves.
493 4634 599 4687 ltno
618 4641 673 4687 ut
694 4632 951 4687 honorem
978 4632 1077 4686 sibi
1102 4632 1465 4697 conciliarent,
1489 4647 1548 4687 se
1568 4632 1696 4687 nihil
1718 4634 1960 4704 accipere

375 4726 719 4778 simulabant.
758 4724 910 4791 Quod
942 4725 1102 4777 etiam
1134 4724 1305 4792 ipsum
1334 4723 1609 4791 innuebat,
1649 4738 1770 4779 cum
1808 4724 1958 4782 dice-

375 4826 457 4870 ret
488 4834 501 4868 :
538 4815 603 4870 Ut
642 4817 696 4869 in
738 4831 838 4886 quo
876 4815 1194 4886 gloriantur,
1240 4814 1563 4868 inveniantur
1608 4816 1737 4869 sicut
1783 4826 1831 4870 et
1868 4834 1960 4873 nos

380 4909 461 4979 (2.
488 4908 606 4963 Cor.
643 4910 729 4963 11.
765 4909 874 4978 12).
916 4910 995 4964 Ac
1036 4916 1319 4978 pra-terea,
1362 4908 1616 4977 quoniam
1646 4908 1854 4964 dicendi
1881 4910 1961 4965 fa-

378 5002 577 5058 cultate
607 5002 877 5071 pollebant
906 5002 1010 5067 ibi,
1038 5018 1105 5057 eo
1135 5000 1352 5056 nomine
1376 5000 1587 5056 animos
1608 5003 1865 5071 majorem
1904 5005 1958 5059 in

383 5095 599 5150 modum
629 5096 967 5150 attollebant.
992 5096 1197 5151 Idcirco
1226 5094 1342 5166 ipse
1379 5109 1499 5150 sese
1526 5097 1828 5166 imperitum
1866 5114 1961 5169 ap-

379 5188 543 5258 pellat
566 5228 580 5251 ,
612 5197 667 5241 ttt
693 5187 941 5241 Ostendat
975 5187 1024 5241 id
1051 5188 1150 5242 sibi
1181 5188 1400 5243 minime
1441 5188 1630 5258 pudori
1670 5204 1791 5245 esse
1813 5232 1829 5255 ,
1857 5205 1959 5247 nec

380 5294 492 5334 rem
526 5278 701 5347 magni
744 5292 864 5332 esse
904 5277 1096 5347 pretii;
1130 5279 1236 5333 imo
1264 5280 1459 5334 nullius
1502 5281 1779 5335 momenti.
1817 5282 1961 5348 Quo-

378 5369 520 5424 niam
563 5370 718 5439 igitur
746 5369 1035 5423 verisimile
1063 5378 1179 5424 erat
1206 5370 1464 5438 quosdam
1504 5388 1689 5427 eorum
1717 5373 1960 5430 oratione

384 5477 415 5515 a
442 5470 584 5515 recta
614 5460 877 5515 sententia
907 5460 1133 5526 deduci,
1169 5460 1366 5516 idcirco
1390 5478 1509 5517 cum
1542 5466 1688 5533 prius
1716 5467 1860 5534 ipsos
1890 5467 1959 5521 ob

378 5552 455 5618 id,
488 5552 629 5623 quod
655 5561 798 5607 recte
839 5551 1107 5619 fecerant,
1145 5552 1386 5608 laudlbus
1412 5556 1724 5621 extulisset;
1757 5572 1819 5610 ac
1844 5573 1961 5611 rur-

379 5662 471 5703 sus
514 5648 724 5703 illorum
773 5648 1130 5720 arrogantiam
1179 5648 1247 5702 ob
1294 5646 1541 5703 Judaicas
1585 5651 1955 5714 ceremonias,

375 5754 507 5810 quas
546 5739 913 5811 intempestive
936 5738 1046 5810 iam
1080 5740 1369 5797 observare
1398 5737 1703 5809 Studebant,
1731 5740 1959 5797 retudi‘so

1112 302 1170 359 S.
1209 300 1487 360 JOANNIS
1521 296 1993 356 CHRYSOSTOMI
2040 295 2349 352 ARCHIEP.
2374 295 2906 354 CONSTANTINOP.

3551 302 3650 357 384

2066 420 2150 466 set
2178 429 2192 466 :
2222 419 2332 466 tum
2363 412 2594 480 denique
2626 412 2729 466 hoc
2752 426 2850 468 eos
2876 410 3094 468 nomine
3119 413 3362 469 nonnihil
3383 414 3646 486 obiurgat.

2060 504 2240 573 Atque
2264 504 2591 573 huiusmodi,
2611 512 2667 558 ut
2686 505 2991 559 summatim
3013 519 3076 559 ac
3092 511 3242 565 velut
3258 506 3436 561 obiter
3452 505 3645 573 dicam,

2062 594 2307 664 epistolae
2354 604 2728 666 argumentum
2774 596 2906 651 mihi
2954 612 3077 653 esse
3123 598 3353 653 videtur.
3398 598 3651 669 Sequitur

2057 683 2168 754 iam
2200 695 2255 739 ut
2277 686 2520 754 epistolae
2551 686 2760 741 initium
2787 687 3131 758 attingamus,
3162 688 3535 761 dicamusque,
3558 706 3650 746 cur

2064 788 2182 849 post
2211 779 2589 834 salutationem
2614 820 2630 845 ,
2662 795 2823 851 quam
2852 795 2953 852 pro
2999 797 3097 837 suo
3140 797 3291 838 more
3338 783 3642 850 adhibebat,

2062 872 2140 925 sic
2187 886 2216 923 a
2267 871 2357 925 Dei
2404 872 2836 926 miserationibus
2885 886 3112 928 exorsus
3154 874 3242 928 sit.
3286 873 3444 928 Prius
3471 883 3645 930 tamen

2064 961 2381 1031 principium
2411 961 2583 1030 ipsum
2626 962 2899 1031 explicare
2936 978 3074 1034 opus
3100 973 3184 1020 est
3206 1004 3222 1031 ,
3252 980 3318 1020 ac
3360 980 3605 1035 quzerere
3626 1006 3642 1029 ,

2062 1065 2228 1120 quare
2270 1051 2611 1106 Timotheum
2657 1052 2759 1107 hoc
2810 1052 2932 1108 loco
2971 1055 3071 1109 sibi
3120 1056 3404 1126 c0pularit.
3452 1055 3647 1109 Paulus

2063 1144 2228 1208 enim,
2274 1145 2473 1214 inquit.
2506 1145 2767 1216 apostolus
2805 1144 2931 1201 Iesu
2972 1145 3161 1201 Christi
3202 1165 3293 1216 per
3335 1149 3646 1203 voluntatem

2064 1232 2181 1295 Dei.
2211 1244 2257 1287 et
2283 1232 2571 1289 Timotheus
2606 1240 2784 1308 frater.
2813 1237 3021 1292 Etenim
3050 1238 3103 1291 in
3130 1239 3310 1307 priore
3335 1240 3560 1308 epistola
3590 1256 3649 1295 se

2063 1324 2214 1378 illum
2254 1340 2374 1380 esse
2406 1327 2691 1382 missurum
2732 1328 3087 1398 pollicebatur
3127 1339 3183 1385 et
3224 1331 3536 1385 hortabatur
3567 1332 3649 1389 his

2062 1415 2242 1469 verbis
2271 1432 2286 1469 :
2315 1416 2377 1470 Si
2401 1427 2567 1470 autem
2593 1418 2779 1472 venerit
2799 1416 3110 1484 Timotheus,
3133 1422 3292 1475 videte
3313 1432 3367 1474 ut
3387 1423 3496 1475 sine
3515 1434 3650 1476 metu

2061 1506 2126 1558 sit
2153 1505 2292 1575 apud
2318 1522 2404 1561 eos
2435 1508 2514 1573 (1.
2544 1508 2659 1562 Cor.
2694 1508 2782 1564 16.
2815 1508 2909 1581 10)
2936 1526 2950 1563 :
2978 1525 3076 1565 cur
3094 1525 3220 1581 ergo
3244 1526 3364 1566 eum
3395 1513 3499 1567 hoc
3528 1514 3650 1566 loco

2063 1598 2115 1650 in
2146 1598 2407 1666 prooemio
2433 1614 2618 1655 secum
2644 1601 2958 1674 coniungit?
2984 1603 3137 1669 Cum,
3165 1612 3222 1657 ut
3246 1605 3499 1674 magister
3523 1620 3651 1675 pro-

2062 1690 2301 1756 miserat,
2325 1690 2393 1744 ad
2417 1705 2513 1746 eos
2543 1705 2604 1747 se
2627 1693 2944 1748 contulisset
2971 1693 3115 1765 (Misi
3136 1695 3278 1749 enim
3296 1736 3310 1758 ,
3341 1695 3513 1764 inquit
3537 1735 3551 1759 ,
3581 1696 3648 1748 ad

2061 1797 2148 1836 vos
2172 1781 2507 1850 Timotheum,
2537 1784 2624 1853 qui
2651 1800 2738 1839 vos
2762 1786 3178 1855 commonefaciet
3206 1786 3313 1840 vias
3334 1802 3473 1839 meas
3496 1827 3512 1851 ,
3536 1803 3649 1853 qua

2061 1882 2179 1927 sunt
2204 1875 2256 1926 in
2273 1872 2469 1928 Christo
2494 1873 2568 1947 [1.
2585 1874 2875 1947 Cor.4.17‘|
2898 1876 3111 1947 ),atque
3140 1876 3227 1931 ubi
3255 1877 3432 1931 omnia
3447 1878 3650 1933 rectius

2062 1966 2464 2034 constituisset,
2495 1968 2559 2022 ad
2590 1968 2812 2023 Paulum
2855 1985 2914 2024 se
2942 1980 3237 2038 receperat.
3274 1970 3484 2024 Etenim
3524 1987 3647 2026 cum

2062 2071 2184 2110 eum
2218 2058 2475 2119 mitteret.
2507 2057 2739 2124 dicebat,
2764 2057 3014 2113 Deducite
3038 2076 3151 2113 eum
3176 2061 3227 2113 in
3249 2076 3391 2129 pace.
3412 2071 3468 2113 ut
3486 2061 3649 2114 ueniat

2062 2147 2130 2200 ad
2152 2164 2229 2200 me
2248 2158 2510 2217 :exspecto
2532 2148 2664 2202 enim
2685 2164 2796 2202 eum
2817 2166 2933 2203 cum
2954 2150 3194 2219 fratribus
3211 2150 3415 2220 (1.(.'or.
3434 2152 3553 2206 16.1
3572 2154 3645 2221 l).

2131 2239 2184 2291 2.
2215 2239 2566 2309 Posteaquam
2598 2241 2757 2310 igitur
2781 2241 2848 2295 ad
2881 2246 3192 2312 magistrum
3222 2258 3282 2298 se
3307 2245 3642 2313 recepisset,

2060 2345 2123 2384 ac
2152 2332 2415 2386 restitutis
2453 2334 2819 2403 correctisque
2858 2350 2959 2387 una
2989 2351 3109 2389 cum
3138 2350 3204 2389 eo
3244 2337 3385 2389 Asia:
3413 2339 3647 2407 negotiis

2062 2424 2302 2495 (Manebo
2330 2427 2471 2479 enim
2494 2465 2508 2490 ,
2555 2426 2757 2495 inquit,
2793 2425 2980 2496 Ephesi
3018 2443 3174 2495 usque
3215 2427 3282 2479 ad
3313 2426 3646 2483 Pentecosten

2062 2512 2138 2586 [l.
2171 2513 2287 2568 Cor.
2322 2515 2406 2570 16.
2440 2515 2551 2588 8]),
2582 2532 2768 2572 rursus
2798 2520 2848 2571 in
2878 2517 3240 2573 Macedoniam
3268 2520 3643 2575 transivisset:

2056 2608 2166 2674 iam
2204 2622 2310 2661 non
2352 2608 2620 2663 immerito
2664 2624 2785 2663 eum
2817 2619 2875 2663 ut
2905 2620 3220 2679 praesentem
3263 2612 3363 2666 sibi
3405 2613 3644 2681 copulat.

2063 2697 2271 2753 Etenim
2305 2707 2431 2753 tunc
2457 2715 2522 2754 ex
2554 2700 2702 2765 Asia,
2735 2717 2876 2757 nunc
2904 2713 3081 2757 autem
3112 2719 3141 2757 e
3166 2703 3481 2758 Macedonia
3508 2708 3645 2759 scri-

2059 2789 2155 2843 bit.
2184 2791 2357 2860 Ipsum
2387 2806 2545 2860 porro
2572 2792 2671 2847 sibi
2697 2793 2996 2863 coniunxit,
3029 2803 3138 2848 tum
3172 2803 3227 2848 ut
3254 2810 3377 2853 eum
3406 2794 3645 2850 honora-

2059 2880 2305 2936 biliorem
2337 2882 2616 2948 redderet,
2652 2891 2759 2937 tum
2802 2892 2861 2938 ut
2891 2885 3122 2955 ingentis
3166 2885 3482 2940 humilitatis
3531 2901 3648 2941 sua:

2058 2974 2330 3043 specimen
2356 2974 2649 3030 exhiberet.
2681 2976 2808 3031 Erat
2834 2978 2975 3031 enim
3008 2978 3096 3032 ille
3122 2977 3340 3033 inferior
3368 2979 3523 3049 ipso;
3549 2981 3647 3034 sed

2059 3068 2253 3121 caritas
2292 3069 2470 3122 omnia
2499 3070 2790 3124 connectit.
2826 3070 3009 3140 quue
3052 3072 3212 3125 etiam
3258 3072 3316 3126 fit
3339 3113 3354 3140 ,
3406 3083 3464 3127 ut
3496 3074 3648 3129 illum

2060 3162 2257 3232 ubique
2296 3162 2397 3216 sibi
2447 3172 2725 3233 exazquet,
2768 3179 2908 3218 nunc
2950 3164 3019 3218 ita
3071 3164 3313 3235 loquens,
3358 3165 3648 3240 Tamquam

2060 3255 2192 3325 patri
2214 3254 2373 3323 ﬁlius,
2403 3255 2527 3308 mihi
2548 3255 2800 3308 inservivit
2832 3253 3087 3326 (Philipp.
3115 3256 3170 3310 2.
3199 3256 3290 3327 22)
3319 3274 3333 3310 :
3362 3273 3505 3313 nunc
3525 3275 3649 3313 rur-

2058 3364 2171 3413 sus,
2205 3348 2345 3418 Opus
2370 3349 2503 3401 enim
2526 3346 2739 3401 Domini
2767 3357 3025 3419 aperatur,
3058 3351 3184 3402 sicut
3206 3358 3252 3403 et
3278 3366 3368 3420 ego
3397 3349 3416 3420 (
3438 3351 3492 3405 1.
3520 3350 3644 3405 Cor.

2060 3438 2150 3493 16.
2185 3440 2276 3509 10)
2313 3456 2327 3493 :
2356 3454 2417 3493 ac
2446 3439 2676 3509 denique
2721 3438 2822 3494 hoc
2870 3440 2989 3495 loco
3034 3440 3249 3493 fratrem
3281 3455 3493 3509 quoque
3519 3456 3646 3495 eum

2060 3529 2297 3599 appellat
2324 3546 2338 3584 :
2370 3530 2620 3584 nimirum
2650 3539 2707 3584 ut
2733 3531 2982 3586 omnibus
3014 3530 3189 3584 modis
3214 3531 3261 3585 ei
3293 3530 3433 3599 apud
3459 3530 3649 3586 Corin-

2062 3619 2199 3673 thios
2232 3620 2629 3676 venerationem
2659 3631 2952 3690 comparet.
2983 3621 3115 3675 Nam
3141 3635 3206 3675 eo
3225 3661 3240 3685 ,
3271 3630 3328 3675 ut
3350 3620 3461 3690 iam
3491 3620 3603 3675 dixi
3630 3662 3646 3685 ,

2060 3722 2393 3782 perrexerat,
2426 3727 2644 3780 suaeque
2673 3713 2886 3767 virtutis
2914 3712 3295 3767 documentum
3319 3712 3645 3781 praebuerat.

2061 3804 2302 3861 Ecclesia:
2336 3805 2429 3860 Dei
2455 3820 2569 3876 qua?
2592 3815 2663 3859 est
2698 3805 2945 3859 Corinthi.
2979 3805 3183 3860 Rursus
3223 3819 3317 3859 eos
3348 3804 3647 3860 Ecclesiam

2059 3908 2237 3965 vocat,
2269 3908 2329 3953 ut
2354 3912 2541 3951 omnes
2569 3898 2621 3951 in
2655 3913 2818 3952 unum
2853 3897 3104 3953 conciliet
3130 3913 3193 3952 ac
3222 3897 3508 3952 devinciat.
3533 3896 3647 3953 Ne-

2061 4007 2165 4062 que
2190 3991 2330 4047 enim
2362 3990 2599 4045 Ecclesia
2630 4005 2732 4043 una
2762 4004 2881 4046 esse
2908 3999 3086 4061 queat,
3116 3990 3338 4045 divulsis
3365 3992 3457 4054 iis,
3482 4000 3648 4059 atque

2062 4084 2203 4138 inter
2238 4098 2297 4137 se
2324 4081 2706 4138 dissidentibus
2730 4121 2744 4145 ,
2792 4082 2883 4152 qui
2926 4083 2979 4136 in
3021 4098 3084 4137 ea
3114 4091 3256 4136 sunt.
3288 4081 3415 4136 Cum
3457 4083 3650 4135 sanctis

2061 4176 2293 4230 omnibus
2322 4175 2410 4245 qui
2439 4184 2554 4228 sunt
2579 4173 2630 4227 iu
2661 4174 2892 4249 universa
2916 4173 3129 4227 Achaia.
3170 4172 3369 4228 Eadem
3400 4187 3567 4242 Opera
3593 4182 3651 4228 et

2060 4266 2370 4320 Corinthios
2400 4264 2606 4321 honore
2630 4264 2813 4329 afﬁcit,
2846 4264 2973 4319 dum
3010 4279 3108 4334 per
3133 4278 3248 4318 eam
3276 4277 3433 4333 quam
3457 4262 3524 4317 ad
3550 4277 3647 4317 eos

2062 4356 2248 4411 scribit
2273 4356 2551 4425 epistolam
2577 4370 2764 4411 omnes
2793 4356 3114 4421 consalutat,
3137 4364 3187 4410 et
3218 4354 3523 4409 universam
3552 4370 3651 4409 na-

2066 4450 2263 4504 tionem
2299 4449 2435 4503 inter
2461 4463 2520 4503 se
2549 4447 2816 4502 conciliat.
2847 4446 3075 4502 Sanctos
3101 4456 3276 4501 autem
3316 4461 3413 4501 eos
3452 4456 3646 4514 vocat,

2065 4550 2122 4593 ut
2148 4538 2394 4594 ostendat
2430 4538 2496 4593 ab
2528 4538 2626 4593 hac
2651 4538 3009 4609 appellatione
3045 4538 3276 4593 alienum
3308 4552 3464 4601 esse,
3494 4539 3646 4609 quis-

2063 4631 2184 4702 quis
2233 4631 2454 4701 impuris
2501 4640 2585 4687 est
2625 4632 2884 4686 moribus.
2936 4630 3005 4685 Et
3049 4645 3144 4685 cur
3185 4629 3252 4684 ad
3303 4632 3645 4700 metropolim

2063 4722 2323 4791 scribens,
2372 4724 2621 4778 omnibus
2664 4738 2760 4793 per
2802 4738 2919 4777 eam
2963 4722 3169 4789 scribit,
3210 4736 3329 4776 cum
3370 4722 3421 4775 id
3448 4721 3647 4791 ubique

2064 4816 2281 4870 minime
2324 4814 2515 4868 faciat?
2552 4812 2826 4883 Siquidem
2865 4828 2986 4868 cum
3028 4812 3095 4866 ad
3134 4811 3647 4867 Thessalonicenses

2065 4908 2249 4963 literas
2285 4905 2472 4970 daret,
2504 4920 2609 4959 non
2642 4904 2708 4959 ad
2736 4903 3054 4959 Macedones
3101 4918 3309 4973 quoque
3336 4902 3645 4966 scribebat;

2064 5015 2163 5055 nec
2204 5000 2331 5054 item
2382 4997 2629 5068 Ephesiis
2672 4996 2932 5062 scribens,
2982 4996 3282 5050 universam
3330 4995 3510 5047 Asiam
3544 5009 3646 5047 una

2063 5092 2376 5162 complexus
2418 5099 2530 5153 est;
2579 5104 2677 5143 nec
2725 5087 2959 5157 denique
2991 5086 3224 5157 Epistula
3263 5085 3329 5139 ad
3373 5086 3649 5139 Romanos

2067 5187 2133 5243 iis
2174 5186 2356 5251 etiam,
2391 5183 2481 5253 qui
2524 5183 2576 5237 in
2618 5182 2766 5236 Italia
2808 5180 3175 5244 versabantur,
3212 5178 3372 5232 missa
3416 5187 3517 5231 est.
3553 5176 3649 5231 llic

2065 5291 2244 5337 autem
2275 5279 2374 5332 hoc
2401 5276 2557 5340 facit,
2595 5286 2755 5346 atque
2793 5276 2917 5329 item
2959 5274 3009 5328 in
3054 5271 3285 5342 Epistula
3313 5271 3379 5325 ad
3411 5270 3644 5325 Galatas.

2067 5371 2248 5441 Neque
2276 5369 2418 5424 enim
2450 5366 2555 5421 illic
2587 5367 2675 5421 uni
2705 5365 3000 5429 dumtaxat,
3041 5374 3132 5417 aut
3160 5362 3388 5425 duabus,
3429 5371 3520 5415 aut
3552 5361 3645 5413 tri-

2068 5462 2168 5517 bus
2214 5458 2541 5523 civitatibus,
2593 5457 2687 5512 sed
2735 5457 2798 5511 iis
2844 5457 2931 5527 qui
2979 5456 3173 5525 passim
3216 5454 3442 5522 dispersi
3495 5459 3642 5505 erant

2068 5552 2291 5615 scribit,
2327 5550 2407 5605 his
2447 5549 2624 5603 verbis
2663 5557 2857 5603 utens:
2894 5546 3087 5599 Paulus
3124 5545 3413 5615 apostolus,
3458 5558 3557 5594 non
3586 5540 3645 5591 ab

2070 5644 2352 5698 hominibus
2378 5658 2466 5697 nec
2493 5659 2580 5713 per
2601 5641 2874 5707 hominem,
2902 5640 2991 5694 sed
3022 5656 3108 5708 per
3134 5639 3162 5691 ,Ι
3171 5654 3310 5692 esum
3330 5635 3582 5691 Christum
3597 5641 3647 5684 et

2071 5737 2232 5793 Deum
2257 5736 2483 5804 Patrem,
2509 5732 2595 5805 qui
2621 5734 2876 5789 suscitavit
2893 5749 3003 5788 eum
3020 5748 3082 5787 ex
3099 5730 3329 5797 mortuis,
3362 5737 3406 5782 et
3434 5726 3517 5798 qui
3546 5739 3646 5776 me—
