3712 6212
101 286 164 347 Βδ
1006 287 1073 344 ΙΝ
1109 285 1325 346 EPIST.
1368 288 1411 345 ll
1444 289 1537 345 AD

1779 291 2013 349 IIOMIL.
2049 294 2091 349 1.

101 402 411 476 παρακλήσεως.
445 406 601 471 Τίνος
631 404 725 462 οὖν
752 407 938 462 ἕνεκεν
973 409 1231 480 δευτέραν
1264 409 1556 480 προστίθη-

102 514 172 565 ιν;
197 496 345 550 Εἰπὼν
366 499 413 551 ἐν
435 501 500 568 τῇ
533 500 775 572 προτέρᾳ
817 501 1123 572 Ἐπιστολῇ,
1158 501 1238 554 δτι
1279 502 1560 556 Ἐλεύσο-

102 603 152 639 αι
170 586 292 655 πρὸς
313 586 460 655 ὑμᾶς,
489 588 587 642 καί
622 589 946 660 γνώσομαι,
981 592 1053 644 οὐ
1084 590 1191 644 τόν
1217 592 1406 661 λόγον
1440 590 1561 644 τῶν

102 676 478 747 εφυσιωμένων,
525 679 686 734 ἀλλὰ
717 680 833 749 τὴν
872 681 1147 750 δύναμιν,
1194 683 1288 734 καὶ
1319 681 1454 751 πρὸς
1482 679 1559 751 τῷ

101 770 181 823 ἕλει
206 770 338 825 πάλιν
358 770 774 843 προσηνέστερον
801 772 933 825 αὐτὸ
967 771 1126 825 τοῦτο
1152 771 1519 842 ὑποσχόμενος
1541 788 1555 804 ·

101 863 360 931 ῖλεύσομαι
386 862 504 934 γὰρ,
540 862 694 932 φησὶ,
742 863 893 930 πρὸς
918 862 1093 932 ὑμᾶς,
1125 862 1271 916 ὅταν
1296 862 1561 916 Μακεδο-

102 954 176 1007 Var
206 954 383 1008 διέλθω
403 970 416 983 °
450 954 826 1008 Μακεδονίαν
864 954 973 1024 τὰρ
1017 953 1322 1023 διέρχομαι
1357 969 1374 986 ⁸
1409 953 1559 1021 πρὸς

101 1044 188 1112 αᾶς
208 1045 266 1100 δὲ
300 1048 464 1115 τυχὸν
500 1044 836 1115 παραμενῶ,
877 1045 913 1114 ἢ
952 1045 1049 1099 καί
1095 1044 1555 1115 παραχειμάσω’

101 1137 220 1191 >λλοῦ
273 1137 447 1208 μεταξὺ
498 1138 789 1208 γενομένου
845 1137 1038 1208 χρόνου
1085 1138 1144 1191 οὐ
1206 1136 1557 1208 παρεγένετο,

102 1222 168 1275 .λά
189 1222 377 1291 καὶτῆς
409 1220 740 1292 προθεσμίας
770 1220 1167 1291 παρελθούσης,
1214 1219 1435 1291 ἔμελλεν
1480 1219 1560 1273 έτι

101 1316 129 1367 ιί
160 1312 400 1386 ἐὸράδυνε,
438 1312 530 1367 τοῦ
577 1311 892 1383 Πνεύματος
944 1312 1104 1365 αὐτὸν
1142 1311 1466 1381 κατέχοντος
1502 1312 1559 1365 ἐν

102 1407 225 1478 έροις
261 1405 417 1477 πολλῷ
471 1404 673 1459 τούτων
733 1404 1197 1475 ἀναγκαιοτέροις.
1247 1403 1346 1456 Διά
1401 1401 1561 1456 τοῦτο

102 1497 289 1568 ιστολῆς
315 1496 488 1568 ἐδεήθη
528 1494 801 1565 δευτέρας,
842 1495 940 1548 οὐκ
967 1494 1031 1549 ἂν
1053 1494 1281 1566 δεηθεὶς,
1314 1496 1361 1547 εἰ
1409 1492 1561 1566 παρὰ

101 1588 212 1660 κρὸν
236 1588 526 1660 ὑστέρησεν.
579 1588 650 1640 Οὐ
685 1586 772 1640 διὰ
806 1584 964 1640 τοῦτο
1010 1586 1067 1639 δὲ
1111 1587 1291 1658 μόνον,
1326 1586 1440 1640 ἀλλ’
1479 1588 1560 1640 ὅτι

101 1680 117 1731 ἰ
147 1678 361 1749 βελτίους
394 1674 529 1750 ἦσαν
566 1678 673 1732 ἀπὸ
705 1677 854 1751 [418]
889 1677 989 1747 τῆς
1019 1678 1292 1750 προτέρας
1334 1695 1563 1750 γεγενη-

101 1786 189 1823 νοι.
230 1769 326 1823 Kal
348 1768 445 1840 γὰρ
468 1768 559 1822 τὸν
598 1770 1029 1842 πεπορνευκότα,
1062 1770 1120 1823 ὃν
1154 1772 1416 1842 πρότερον
1448 1788 1564 1824 συν-

101 1861 277 1927 οότουν,
303 1860 390 1913 καὶ
416 1860 501 1931 ἐφ’
532 1852 577 1928 ᾧ
603 1857 745 1933 μέγα
771 1861 1052 1932 ἐφρόνουν,
1080 1862 1267 1915 τοῦτον
1300 1863 1563 1933 ἐξέκοψαν

101 1966 111 2004 ι
136 1950 392 2022 ἀφώρισαν
414 1951 711 2016 παντελῶς.
735 1952 846 2006 Kal
874 1952 1032 2007 τοῦτο
1053 1952 1320 2021 ἐδήλωσεν
1353 1953 1522 2009 εἰπών
1545 1970 1559 1985 ⁸

118 2042 181 2097 δέ
208 2060 292 2111 τις
317 2044 675 2112 λελύπηκεν,
716 2046 827 2098 οὐκ
858 2042 964 2113 ἐμὲ
993 2047 1358 2111 λελύπηκεν,
1402 2045 1566 2100 ἀλλὰ

102 2134 129 2185 ὸ
150 2133 376 2201 μέρους,
406 2133 505 2188 ἵνα
525 2132 611 2203 μὴ
645 2131 902 2202 ἐπιϐαρῶ
940 2133 1172 2199 πάντας
1201 2131 1374 2202 ὑμᾶς.
1417 2134 1563 2187 Ἰκαο

122 2225 192 2297 τῷ
217 2223 427 2296 τοιούτῳ
456 2227 490 2297 ἡ
517 2226 766 2297 ἐπιτιμία
789 2225 927 2296 αῦτη
952 2228 984 2297 ἡ
1010 2226 1112 2278 ὑπὸ
1142 2225 1251 2278 τῶν
1279 2224 1561 2279 πλειόνων.

101 2319 116 2370 ἰ
149 2316 341 2388 προῖὼν
372 2316 528 2372 πάλιν
557 2317 619 2371 τὸ
665 2317 797 2371 αὐτὸ
839 2318 1129 2371 αἰνίττεται
1158 2316 1354 2382 λέγων·
1406 2316 1564 2371 Ἰδοὺ

101 2426 115 2462 ›
146 2410 209 2463 τὸ
235 2410 379 2463 κατὰ
425 2410 574 2464 Θεὸν
599 2407 944 2477 λυπηθῆναι
984 2408 1157 2477 ὑμᾶς,
1188 2408 1391 2474 πόσην
1423 2423 1563 2461 κατ-

101 2500 310 2571 γόσατο
352 2500 420 2555 ὲν
453 2500 598 2569 ὑμῖν
635 2500 921 2569 σπουδήν
960 2516 975 2530 ο
1008 2500 1169 2554 ἀλλὰ
1207 2499 1560 2569 ἀπολογίαν,

101 2594 157 2647 ῑὰ
196 2591 619 2662 ἀγανάκτησιν,
668 2591 827 2646 ἀλλὰ
852 2592 1058 2659 φόϐον,
1095 2590 1253 2645 ἀλλὰ
1284 2590 1567 2657 ἐπιπόθη-

104 2725 119 2750 ,
145 2683 301 2738 ἀλλὰ
322 2681 522 2752 ζῆλον,
539 2684 698 2737 ἀλλὰ
721 2682 1054 2749 ἐκδίκησιν.
1091 2682 1193 2735 Ἐν
1214 2680 1392 2734 παντί
1417 2695 1565 2734 συν⁹

102 2774 289 2842 ήσατε
317 2773 569 2839 ἑαυτοὺς
592 2772 814 2842 ἁγνοὺς
845 2769 997 2827 εῖναι
1039 2773 1109 2825 ἐν
1137 2772 1216 2837 τῷ
1244 2772 1560 2840 πράγματι.

136 2866 232 2937 τὴν
254 2865 504 2934 εὐλογίαν
532 2864 607 2927 δέ,
643 2864 711 2935 ἣν
740 2864 1014 2929 ἐκέλευσε,
1047 2864 1183 2934 μετά
1210 2862 1411 2931 πολλῆς
1443 2878 1567 2914 συν-

101 2975 191 3027 γον
214 2958 314 3029 τῆς
343 2955 580 3027 σπουδῆς
614 2972 629 2988 ο
656 2954 736 3007 διὸ
773 2956 869 3008 καὶ
908 2955 1114 3023 ἐλεγενο
1145 2950 1285 3007 Οἶδα
1313 2955 1420 3023 γὰρ
1451 2953 1567 3021 τὴν

102 3050 320 3118 θυμίαν
349 3046 534 3117 ὑμῶν,
563 3046 644 3114 ἢν
666 3045 819 3115 ὑπὲρ
847 3044 1016 3115 ὑμῶν
1039 3044 1349 3113 καυχῶμαι
1374 3049 1567 3098 Μακε-

103 3158 177 3206 ιν,
208 3140 299 3193 ὅτι
336 3139 535 3208 Ἀχαΐα
556 3137 1043 3206 παρεσκεύασται
1067 3136 1428 3206 ἀποπέρυσι.
1455 3136 1567 3191 Kal

115 3233 274 3285 Τίτον
305 3242 357 3295 α,
401 3229 463 3283 ὃν
504 3228 739 3299 έπεμψε.
786 3226 924 3298 μετά
965 3227 1145 3296 πάσης
1182 3226 1432 3292 ἐδέξαντο
1463 3228 1566 3298 τῆς

105 3324 209 3386 ίας.
254 3321 369 3375 Kal
415 3320 575 3374 τοῦτο
612 3319 746 3373 αὐτὸ
777 3319 993 3381 δεικνὺς
1032 3319 1195 3372 πάλιν
1227 3318 1411 3387 ἔλεγεν
1434 3358 1450 3383 ,
1481 3320 1565 3373 ὅτι

103 3412 445 3483 σπλάγχνα
488 3411 677 3465 αὐτοῦ
741 3411 1183 3477 περισσοτέρως
1248 3409 1420 3462 ἐστὶν
1478 3412 1565 3477 εἰς

103 3526 146 3572 ς,
172 3500 794 3573 ἀναμιμνησκομένου
830 3500 947 3568 τὴν
980 3501 1224 3553 πάντων
1251 3499 1421 3569 ὑμῶν
1452 3503 1567 3555 ὑπ.

105 3614 183 3665 ιν,
217 3593 383 3649 ὥστε
412 3595 441 3634 1³
470 3593 620 3663 μετὰ
651 3592 841 3662 φόϐου
885 3591 984 3646 καί
1012 3593 1231 3661 τρόμου
1273 3591 1566 3657 ἐδέξασθε

105 3688 173 3742 ἵν.
206 3685 311 3739 Διά
346 3685 525 3738 ταῦτα
562 3685 738 3739 πάντα
767 3683 969 3755 γράφει
996 3684 1094 3755 τὴν
1126 3683 1387 3755 δευτέραν
1418 3684 1567 3737 Ἐπι-

105 3780 183 3850 ῇν.
215 3779 334 3833 Kal
365 3777 480 3849 γὰρ
508 3778 694 3848 ἐχρῆν,
724 3775 912 3844 ὥσπερ
942 3776 1102 3846 ἡνίκα
1136 3775 1449 3847 ἡμάρτανον
1475 3777 1561 3829 ἐν-

105 3888 171 3936 ει,
204 3870 356 3924 οὕτω
390 3867 789 3941 διορθωθέντας
821 3867 1183 3933 ἀποδέξασθαι
1209 3868 1304 3921 καί.
1343 3868 1563 3922 ἐπαινέο

105 3963 322 4033 Διόπερ
346 3962 475 4015 οὐδέ
511 3959 993 4032 καταφορικωτέρα
1016 3959 1134 4012 ἐστὶ
1173 3961 1320 4013 πᾶσα
1345 3962 1377 4031 ἡ
1411 3960 1565 4041 Ἐπιξ-

105 4078 140 4129 ι,
176 4055 300 4110 ἀλλ’
333 4053 501 4121 ὀλίγα
532 4051 626 4104 τοῦ
674 4049 859 4112 τέλους
891 4049 1064 4119 αὐτῆς
1108 4050 1270 4120 μέρη.
1302 4049 1413 4102 Kal
1455 4049 1565 4120 γὰρ

122 4151 225 4203 καὶ
263 4148 405 4218 παρ’
438 4147 621 4208 αὐτοῖς
649 4144 710 4209 ἐξ
748 4142 1016 4197 Ἰουδαίων
1042 4141 1185 4211 μέγα
1216 4140 1563 4211 φρονοῦντες,

107 4241 331 4295 Παῦλον
382 4238 763 4301 διαϐάλλοντες
804 4236 879 4298 ὡς
925 4233 1163 4297 ἀλαζόνα
1208 4236 1302 4287 καὶ
1352 4233 1566 4299 οὐδενὸς

126 4334 308 4402 λόγου
340 4348 358 4363 ο
390 4330 477 4385 διδ
506 4330 601 4384 καὶ
630 4330 839 4397 ἔλεγον·
875 4329 944 4381 Al
965 4328 1085 4396 μὲν
1107 4326 1425 4381 ἐπιστολαὶ
1450 4328 1565 4392 ,ϐα-

107 4469 113 4488 ,
157 4428 200 4495 ὴ
237 4426 315 4480 δὲ
348 4423 664 4493 παρουσία
692 4420 801 4475 τοῦ
826 4419 1101 4489 σώματος
1128 4419 1415 4488 ἀσθενὴς,
1462 4420 1563 4475 καί

107 4537 214 4587 γὀς
256 4513 777 4584 ἐξουθενημένος.
834 4514 900 4566 Ὃ
939 4512 995 4564 δὲ
1041 4511 1225 4580 ἔλεγον
1260 4511 1419 4564 τοῦτο
1445 4507 1514 4583 ἦν
1541 4527 1559 4543 ο

138 4611 251 4681 μὲν
287 4610 477 4678 παρῇ,
500 4609 686 4676 φησὶν,
707 4592 1081 4667 οὐδενὸςάξιος
1104 4602 1374 4671 φαίνεται·
1404 4601 1563 4655 τοῦτο

110 4718 265 4765 στιν,
316 4701 389 4755 Ἡ
438 4697 745 4766 παρουσία
790 4695 896 4749 τοῦ
935 4693 1210 4763 σώματος
1242 4694 1510 4763 ἀσθενής
1543 4711 1558 4727 ⁸

109 4794 198 4845 ὼν
229 4791 296 4844 δὲ
333 4788 624 4860 κομπάζει
655 4787 886 4858 μεγάλα,
924 4785 991 4839 δι’
1021 4778 1096 4839 ὧν
1130 4784 1434 4839 ἐπιστέλλει
1460 4800 1473 4814 ·
1500 4785 1563 4838 τὸ

109 4888 173 4939 U
232 4881 581 4938 ἐπιστολαὶ
622 4879 880 4947 βαρεῖαι,
925 4877 1082 4931 τοῦτο
1130 4877 1405 4947 σημαίνει.
1453 4878 1562 4931 Καὶ

109 4976 256 5039 Ξωσι
284 4974 368 5027 τὰ
397 4971 529 5026 καθ’
559 4972 783 5033 ἑαυτοὺς
816 4970 1175 5039 σεμνοποιεῖν,
1206 4968 1561 5039 ὑπεκρίνοντο

111 5065 432 5138 ιμόάνειν.
490 5063 667 5133 Ὅπερ
722 5046 814 5114 οῦν
866 5058 963 5112 καὶ
1008 5058 1138 5113 αὐτὸ
1192 5058 1560 5129 αἰνιττόμενος

137 5174 155 5187 ο
191 5157 344 5211 Ἵνα
372 5155 454 5208 ἐν
476 5146 524 5219 ᾧ
552 5150 911 5219 καυχῶνται,
935 5148 1220 5218 εὑρεθῶσι
1244 5148 1438 5216 καθὼς
1457 5150 1556 5205 καί

151 5247 341 5302 Μετὰ
368 5248 434 5300 δὲ
472 5245 677 5298 τούτων
703 5243 797 5296 καὶ
826 5242 926 5312 τὴν
953 5241 1061 5294 ἀπὸ
1092 5240 1185 5294 τοῦ
1208 5240 1365 5309 λόγου
1395 5241 1555 5295 δύνα-

111 5360 284 5407 υντες
313 5339 547 5403 αὐτόθι,
573 5338 778 5409 σφόδρα
800 5337 1082 5408 ἐπήροντο.
1112 5336 1201 5389 Διὸ
1221 5336 1315 5389 καὶ
1339 5336 1557 5407 ἰδιώτην

134 5436 354 5499 καλεῖ,
390 5432 616 5489 δεικνὺς
642 5431 722 5483 ὅτι
747 5429 846 5481 οὐκ
868 5426 1180 5499 αεσχύνεται
1210 5427 1406 5499 τούτῳ,
1434 5428 1554 5482 οὐδὲ

111 5544 169 5579 τι
221 5492 473 5596 κτῆμα,
517 5519 819 5575 τούναντίον
870 5492 1102 5589 μῇῠοῦν
1132 5492 1368 5589 ήγεῖταιί
1393 5492 1557 5571 Ἐπεὶ

113 5620 201 5682 εὸς
236 5615 323 5689 ἦν
368 5633 537 5679 τινας
566 5613 669 5667 ὑπὸ
707 5610 909 5664 τούτων
935 5609 1390 5681 παραπείθεσθαι,
1419 5609 1555 5680 πρό·

157 5746 202 5793 Α
241 5750 308 5803 el
341 5756 516 5803 marg.
540 5738 888 5803 ἀπῆν-Τίτον.
935 5734 1088 5799 Edili,
1132 5738 1279 5797 male,
1305 5736 1547 5800 Τιμόθεον.

128 5821 241 5856 ms.
277 5799 601 5859 Editifcmu
629 5799 773 5861 Blbl.,
798 5802 878 5854 ὡς.

3127 296 3234 351 584

1662 427 1821 483 τερον
1842 414 2036 475 αὐτοὺς
2064 412 2417 483 ἐγκωμιάσας
2450 411 2587 483 ὑπὲρ
2615 406 2690 468 ὧν
2713 411 3102 484 κατώρθωσαν,
3143 405 3237 468 καὶ

1664 505 1762 574 τὴν
1791 503 2047 558 ἀπόνοιαν
2077 502 2301 556 ἐκείνων
2328 504 2427 572 τὴν
2454 504 2545 556 ἐπὶ
2567 506 2679 567 τοῖς
2724 502 3033 568 Ἰουδαϊκοῖς
3066 522 3236 559 κατα-

1665 594 1863 657 ϐαλὼν,
1911 594 2097 665 ἐπειδὴ
2134 593 2285 666 παρά
2334 593 2522 664 καιρὸν
2571 594 2709 649 αὐτὰ
2740 596 2927 664 τηρεῖν
2975 597 3237 665 ἐφιλονεί-

1665 704 1814 750 κουν,
1845 686 1963 739 τότε
1992 685 2320 755 συμμέτρως
2349 684 2443 736 καὶ
2470 684 2568 755 τὴν
2598 684 2737 755 ὑπὲρ
2760 684 2964 736 τούτων
3000 688 3235 739 ποιεῖται

1664 780 1973 852 ἐπίπληξιν.
2020 780 2084 832 Ἦ
2128 779 2226 851 μὲν
2264 775 2358 833 οῦν
2380 778 2634 842 ὑπόθεσις
2672 779 2772 850 τῆς
2795 780 3133 850 Ἐπιστολῆς,
3159 779 3239 843 ὡς

1664 871 1730 925 ἄν
1752 890 1835 935 τις
1854 873 1911 924 ἐν
1949 871 2231 942 κεφαλαίῳ
2259 871 2354 924 καὶ
2392 870 2755 941 παρατρέχων
2782 872 2944 930 εἴποι.
2969 870 3107 941 αὕτη
3147 888 3235 940 μοι

1665 958 1802 1015 εἶναι
1820 963 1985 1016 δοκεῖ.
2011 964 2102 1014 Δεῖ
2120 962 2175 1014 δὲ
2199 961 2365 1015 αὐτοῦ
2387 962 2478 1016 τοῦ
2496 962 2783 1034 προοιμίου
2804 963 2902 1030 τῆς
2918 961 3237 1031 Ἐπιστολῆς

1666 1052 1814 1125 [419]
1838 1053 2078 1122 ἅψασθαι
2106 1054 2312 1119 λοιπὸν,
2343 1056 2438 1109 καὶ
2467 1056 2607 1126 μετά
2649 1054 2748 1125 τὴν
2789 1054 3040 1107 εἰωθυῖαν
3071 1053 3236 1107 αὐτοῦ

1665 1141 1969 1214 πρόσρησιν
2014 1145 2210 1209 εἰπεῖν,
2255 1144 2400 1208 τίνος
2453 1144 2639 1197 ἕνεκεν
2684 1143 2856 1207 οὕτως
2887 1143 3089 1215 ῆρξατο
3128 1142 3240 1195 ἀπὸ

1664 1235 1773 1287 τῶν
1821 1236 2120 1306 οἰκτιρμῶν
2159 1236 2250 1290 τοῦ
2292 1236 2446 1290 Θεοῦ.
2498 1237 2648 1299 Τέως
2688 1236 2871 1307 μέντοι
2920 1236 3092 1305 αὐτὴν
3140 1236 3239 1307 τὴν

1667 1326 1842 1396 ἀρχὴν
1875 1328 2170 1396 ἀναγκαῖον
2195 1330 2390 1391 εἰπεῖν,
2430 1329 2520 1382 καὶ
2550 1328 2781 1400 ζητῆσαι
2810 1328 2927 1391 πῶς
2950 1327 3041 1380 τὸν
3072 1329 3238 1399 Τιμόο

1667 1415 1789 1469 θεον
1810 1418 2039 1471 ἐνταῦθα
2070 1418 2245 1490 ἐαυτῷ
2278 1419 2582 1473 συντάττει.
2622 1421 2864 1485 Παῦλος
2891 1420 3020 1491 γὰρ,
3051 1421 3239 1489 φησὶν,

1665 1509 2009 1577 ἀπόστολος
2046 1512 2250 1579 Ἰησοῦ
2297 1512 2551 1581 Χριστοῦ
2579 1513 2676 1567 διὰ
2701 1512 3037 1581 θελήματος
3067 1512 3237 1577 Θεοῦ,

1666 1601 1766 1655 καί
1815 1602 2086 1670 Τιμόθεος
2114 1606 2147 1657 ό
2182 1603 2464 1673 ἀδελφός.
2506 1606 2616 1659 Kal
2652 1606 2761 1678 γὰρ
2803 1608 2860 1659 ἐν
2890 1608 2956 1677 τῇ
3003 1606 3243 1678 προτέρα

1680 1693 1966 1765 Ἐπιστολῇ
2000 1695 2369 1765 ἐπηγγέλλετο
2411 1697 2574 1751 αὐτὸν
2602 1697 2860 1769 πέμπειν,
2902 1698 2995 1752 καὶ
3022 1699 3242 1769 παρήγ-

1668 1783 1823 1853 γελλε
1859 1784 2033 1853 λέγων
2056 1803 2069 1815 ·
2110 1786 2246 1841 Ἐὰν
2271 1786 2341 1840 δὲ
2366 1787 2514 1855 ἔλθῃ
2544 1780 2837 1857 Τιμόθεος,
2856 1786 3119 1851 βλέπετε
3142 1788 3244 1841 ἵνα

1668 1873 1902 1944 ἀφόϐως
1926 1886 1950 1914 ε
1992 1874 2234 1944 γένηται
2279 1877 2432 1944 πρὸς
2473 1876 2667 1945 ὑμᾶς·
2715 1878 2833 1941 πῶς
2867 1872 2960 1930 οῦν
3010 1876 3245 1930 ἐνταῦθα

1668 1963 1832 2017 αὐτὸν
1863 1963 2043 2034 ἐαυτῷ
2075 1965 2132 2017 ἐν
2168 1962 2246 2034 τῷ
2279 1964 2554 2035 προοιμίῳ
2581 1965 2894 2030 συντάττει;
2930 1965 3245 2037 Παραγενό-

1673 2071 1831 2125 μενος
1862 2054 2001 2109 κατά
2032 2054 2131 2126 τὴν
2158 2055 2448 2125 ὑπόσχεσιν
2477 2054 2571 2109 τοῦ
2602 2054 2922 2109 διδασκάλου
2944 2058 3246 2126 (Ἔπεμψα

1670 2147 1778 2218 γὰρ
1802 2145 1942 2215 ὑμῖν
1969 2146 2268 2215 Τιμόθεον,
2292 2146 2478 2216 φησὶν,
2507 2145 2573 2213 ὃς
2604 2145 2758 2215 ὑμᾶς
2783 2148 3118 2217 ἀναμνήσει
3139 2148 3247 2214 τὰς

1669 2236 1849 2303 όὸούς
1870 2255 1989 2306 μου
2019 2238 2123 2303 τὰς
2150 2239 2219 2291 ἐν
2241 2236 2512 2306 Χριστῷ),
2548 2240 2642 2291 καὶ
2669 2238 2971 2309 διορθώσας
3003 2238 3242 2303 ἅπαντα,

1669 2328 1962 2399 ἐπανῆλθε.
1996 2330 2105 2381 Kal
2148 2328 2257 2398 γὰρ
2285 2329 2521 2399 πέμπων
2553 2328 2713 2382 αὐτὸν
2748 2330 2899 2397 ἔλεγε
2928 2346 2939 2357 ·
2978 2328 3246 2397 Προπέμ-

1670 2424 1823 2489 ψατε
1850 2419 2039 2475 αὐτόν
2075 2421 2141 2473 ἐν
2173 2420 2402 2488 εἰρήνῃ,
2434 2420 2534 2474 ἵνα
2570 2420 2718 2488 ἔλθῃ
2759 2423 2907 2488 πρός
2933 2438 3009 2490 με
3029 2438 3041 2451 ·
3082 2418 3247 2475 ἐκδέ-

1670 2529 1846 2581 χομαι
1876 2512 1984 2583 γὰρ
2009 2511 2195 2566 αὐτὸν
2212 2512 2362 2582 μετὰ
2391 2511 2509 2566 τῶν
2534 2511 2834 2582 ἀδελφῶν.

1747 2687 1811 2759 β’.
1861 2689 2013 2742 Ἐπεί
2047 2684 2140 2742 οὗν
2173 2687 2414 2741 ἀπέλαϐε
2457 2687 2549 2741 τὸν
2580 2687 2928 2753 διδάσκαλον,
2962 2688 3058 2741 καὶ
3085 2687 3153 2742 τά
3186 2689 3247 2742 ἐν

1683 2778 1839 2848 Ἀσίᾳ
1871 2776 2171 2847 διορθώσας
2197 2778 2314 2848 μετ’
2346 2778 2511 2830 αὐτοῦ
2541 2779 2557 2847 (
2588 2778 2877 2847 Ἐπιμενῶ
2898 2780 3026 2851 γὰρ,
3058 2781 3243 2849 φησὶν,

1670 2866 1741 2919 ἐν
1780 2867 2011 2935 Ἐφέσῳ
2039 2867 2149 2932 ἕως
2179 2866 2289 2933 τῆς
2314 2867 2794 2938 Πεντηκοστῆς),
2826 2872 2986 2924 πάλιν
3016 2874 3095 2935 εἰς
3129 2874 3249 2926 Μα-

1672 2958 1914 3011 κεδονίαν
1952 2957 2123 3030 διέϐη,
2164 2959 2387 3021 εἰκότως
2434 2959 2596 3013 αὐτὸν
2627 2960 2721 3014 ἅτε
2771 2963 3014 3032 παρόντα
3069 2964 3247 3035 ἐαυτῷ

1678 3048 1955 3101 συντάττει
1999 3047 2206 3102 λοιπόν.
2246 3049 2355 3101 Kal
2387 3048 2494 3119 γὰρ
2521 3048 2641 3102 τότε
2686 3048 2784 3120 μὲν
2817 3050 2875 3116 ἐξ
2920 3051 3124 3116 Ἀσίας,
3151 3052 3246 3107 νῦν

1670 3136 1727 3191 δὲ
1771 3138 1878 3191 ἀπὸ
1907 3136 2245 3201 Μακεδονίας
2294 3139 2614 3193 ἐπιστέλλει.
2669 3141 2932 3208 Συνέταξε
2962 3143 3017 3195 δέ
3058 3143 3243 3210 αὐτὸν,

1670 3229 1878 3283 ἐκεῖνόν
1908 3246 1967 3282 τε
2004 3231 2325 3301 σεμνότερον
2362 3230 2532 3302 ταύτῃ
2565 3233 2755 3299 ποιῶν,
2787 3236 2883 3287 καὶ
2913 3237 3013 3305 τὴν
3044 3236 3245 3309 πολλὴν

1671 3319 1866 3373 ἐαυτοῦ
1917 3320 2420 3391 ταπεινοφροσύνην
2482 3323 2925 3394 ἐνδεικνύμενοςο
2984 3328 3077 3380 καὶ
3134 3328 3245 3402 γὰρ

1670 3413 2093 3484 καταδεέστερος
2140 3412 2304 3466 αὐτοῦ
2344 3409 2433 3484 ἦν,
2474 3413 2590 3468 ἀλλ’
2627 3415 2881 3487 ήάγάπη
2910 3417 3082 3470 πάντα
3118 3436 3244 3472 συν-

1671 3504 1817 3573 άγει.
1838 3505 1927 3558 Διὸ
1953 3506 2047 3559 καὶ
2068 3504 2344 3575 πανταχοῦ
2368 3505 2530 3559 αὐτὸν
2546 3506 2723 3578 ἐαυτῷ
2749 3505 3005 3572 ἐξισάζει,
3025 3510 3119 3563 νῦν
3145 3510 3245 3581 μὲν

1670 3596 1875 3666 λέγων·
1917 3597 2011 3663 Ὠς
2053 3594 2229 3664 πατρί
2270 3595 2507 3663 τέκνον,
2554 3596 2677 3650 σὺν
2711 3597 2839 3666 ἐμοὶ
2885 3599 3242 3654 ἐδούλευσεο

1670 3690 1764 3743 νῦν
1796 3689 1875 3752 δὲ,
1905 3688 1977 3743 Τὸ
1999 3687 2109 3757 γὰρ
2138 3688 2317 3758 ἔργον
2337 3687 2559 3755 Κυρίου
2595 3686 2909 3758 ἐργάζεται,
2942 3691 3022 3756 ὡς
3055 3692 3243 3761 κάγώ·

1670 3779 1907 3833 ἐνταῦθα
1934 3778 2107 3832 δὲκαὶ
2140 3776 2367 3847 ἀδελφὸν
2388 3776 2563 3841 καλεῖ,
2594 3777 2683 3830 διὰ
2713 3777 2929 3830 πάντων
2963 3780 3245 3849 αἰδέσιμον

1670 3870 1834 3925 αὑτὸν
1875 3869 2180 3942 Κορινθίοις
2224 3868 2506 3933 καθιστάς.
2554 3869 2664 3922 Kal
2708 3868 2817 3941 γάρ
2842 3864 2911 3941 ἦν
2934 3888 3247 3941 παραγεγο-

1671 3961 1798 4026 νὼς,
1850 3961 2037 4033 ὥσπερ
2088 3961 2246 4032 ἔφην,
2298 3960 2506 4025 αὐτόθι,
2563 3960 2657 4014 καὶ
2703 3964 2899 4033 πεῖραν
2931 3964 3031 4033 τῆς
3077 3964 3241 4019 αὐτοῦ

1669 4052 1917 4116 δεδωκὼς
1939 4052 2162 4127 ἀρετῆς.
2199 4051 2280 4122 Τῇ
2320 4052 2650 4120 Ἐκκλησία
2675 4054 2781 4107 τοῦ
2813 4055 2960 4109 Θεοῦ
2990 4055 3063 4125 τῇ
3085 4057 3241 4128 οὔσῃ

1669 4145 1739 4198 ἐν
1765 4146 2045 4215 Κορίνθῳ.
2083 4144 2253 4199 Πάλιν
2284 4144 2480 4209 αὐτοὺς
2540 4144 2866 4214 Ἐκκλησίαν
2908 4145 3081 4212 καλεῖ,
3117 4166 3243 4202 συν-

1671 4236 1819 4305 ἀγων
1853 4236 2063 4298 πάντας
2091 4235 2170 4297 εἰς
2203 4233 2262 4287 ἓν
2286 4235 2379 4287 καὶ
2412 4235 2664 4289 συνδέων.
2700 4236 2774 4288 Οὐ
2807 4236 2911 4307 γάρ
2940 4236 3006 4290 ἂν
3034 4237 3242 4306 γένοιτο

1682 4326 1979 4396 Ἐκκλησία
2030 4325 2146 4397 μία,
2188 4325 2601 4396 διεσπασμένων
2660 4325 2769 4379 τῶν
2820 4328 2878 4379 ἐν
2930 4329 3090 4399 αὐτῇ,
3147 4330 3241 4382 καὶ

1671 4418 1791 4473 κατ’
1822 4418 2066 4490 ἀλλήλων
2109 4417 2380 4475 ἑστώτων.
2418 4416 2542 4471 Σὺν
2568 4417 2692 4484 τοῖς
2723 4419 2911 4489 ἁγίοις
2936 4420 3085 4476 πᾶσι
3117 4421 3242 4486 τοῖς

1669 4508 1852 4565 οὖσιν
1886 4510 1956 4563 ἐν
2008 4508 2120 4578 ὅλη
2168 4508 2243 4577 τῇ
2286 4509 2502 4578 Ἀχαΐᾳ.
2542 4508 2695 4579 Ἀμα
2729 4510 2821 4564 καὶ
2864 4512 2998 4582 τιμᾷ
3047 4512 3242 4583 Κοριν-

1671 4601 1841 4666 θίους,
1884 4600 1972 4653 διὰ
2002 4601 2101 4671 τῆς
2135 4599 2336 4654 τούτων
2368 4599 2689 4671 Ἐπιστολῆς
2730 4600 2941 4665 πάντας
2970 4619 3241 4673 προσαγο-

1673 4694 1865 4765 ρεύων,
1897 4693 1991 4746 καὶ
2027 4692 2319 4764 ὁλόκληρον
2352 4692 2573 4760 συνάγει
2616 4692 2677 4745 τὸ
2705 4691 2876 4756 ἔθνος.
2931 4694 3143 4763 ’Δγίους
3182 4696 3239 4748 δὲ

1668 4785 1847 4849 καλεῖ,
1886 4784 2097 4847 δεικνὺς
2135 4784 2216 4837 ὅτι
2246 4782 2300 4836 εί
2323 4801 2407 4847 τις
2446 4784 2776 4855 ἀκάθαρτος,
2800 4785 2955 4849 ἐκτός
2989 4787 3105 4839 ἐστι
3138 4787 3237 4858 τῆς

1667 4877 2038 4949 προσηγορίας
2081 4876 2304 4948 ταύτης.
2337 4876 2435 4931 Διά
2476 4876 2528 4930 τί
2558 4876 2614 4930 δέ
2639 4879 2703 4948 τῇ
2740 4879 3066 4948 μητροπόλει
3098 4880 3236 4948 γρά-

1667 4987 1805 5038 φων,
1839 4970 1973 5023 πᾶσι
2012 4968 2078 5022 δι’
2106 4968 2275 5038 αὐτῆς
2301 4967 2623 5035 ἐπιστέλλει,
2666 4969 2728 5022 οὐ
2757 4968 3030 5041 πανταχοῦ
3078 4969 3238 5023 τοῦτο

1666 5062 1875 5128 ποιῶν;
1907 5058 2359 5114 Θεσσαλονικεῦσι
2405 5058 2536 5127 γοῦν
2603 5060 2932 5114 ἐπιστέλλων
2964 5064 3023 5115 οὐ
3063 5061 3236 5133 δήπου

1665 5153 1760 5207 καὶ⁵
1806 5150 2113 5206 Μακεδόσιν
2158 5150 2474 5204 ἐπέστελλε’
2512 5151 2604 5204 καὶ
2670 5150 2939 5219 Ἐφεσίοις
2984 5152 3233 5221 γράφων,

1664 5244 1862 5315 ὁμοίως
1888 5244 1949 5296 οὐ
1976 5240 2264 5313 περιέλαϐε
2290 5241 2386 5313 τὴν
2426 5241 2608 5296 Ἀσίαν
2635 5242 2852 5296 ἃπασαν
2871 5258 2884 5272 °
2920 5243 3015 5297 καί
3040 5245 3074 5313 ἠ
3100 5244 3237 5314 πρὸς

1675 5335 1977 5405 Ῥωμαίους
2011 5336 2067 5389 δὲ
2112 5333 2419 5403 Ἐπιστολὴ,
2469 5334 2589 5405 οὐχ).
2616 5334 2709 5387 καὶ
2737 5337 2847 5398 τοῖς
2865 5334 2965 5405 τὴν
3008 5334 3237 5387 Ἰταλίαν

1664 5429 1812 5482 οἰκοῦ
1822 5427 1902 5480 σίν
1926 5429 2070 5481 ἐστιν
2088 5425 2481 5498 ἐπεσταλμένη.
2501 5426 2639 5479 Ἀλλ’
2660 5426 2892 5480 ἐνταῦθα
2921 5426 3052 5480 αὐτὸ
3070 5429 3233 5492 ποιεῖ,

1666 5518 1759 5571 καὶ
1797 5519 1855 5571 ἐν
1901 5520 1966 5590 τῇ
2001 5516 2137 5589 πρὸς
2172 5516 2436 5580 Γαλάτας.
2470 5515 2607 5572 Οὐδὲ
2634 5518 2743 5589 γὰρ
2782 5520 2899 5572 ἐκεῖ
2926 5520 3025 5589 μιᾷ
3060 5516 3233 5583 πόλει,

1666 5608 1867 5663 καὶδύο
1892 5611 1985 5663 καὶ
2004 5610 2201 5680 τρισὶν,
2228 5609 2363 5664 ἀλλά
2383 5613 2494 5675 τοῖς
2515 5611 2790 5681 πανταχοῦ
2811 5608 3233 5683 διεσπαρμένοις

1729 5797 1751 5827 ο
1778 5796 1847 5846 Ms
1874 5834 1886 5858 ,
1906 5796 2097 5861 ἄφοϐος,
2127 5810 2223 5846 non
2244 5798 2386 5847 male.
