3802 6328
394 272 501 329 585

387 383 715 448 ἐπιστέλλει,
762 380 971 450 λέγων·
1021 378 1265 444 Παῦλος
1301 377 1645 442 ἀπόστολος
1676 374 1827 448 [420]
1859 376 1972 429 οὐκ

387 478 489 532 ἀπ’
518 473 866 542 ἀνθρώπων,
897 469 1040 525 οὐδὲ
1075 469 1149 523 δι’
1175 467 1513 538 ἀνθρώπου,
1541 467 1702 521 ἀλλὰ
1730 466 1828 520 διὰ
1863 467 1976 532 Ἰη-

388 567 506 622 σοῦ
554 563 812 634 Χριστοῦ
858 561 958 616 καί
1003 560 1152 616 Θεοῦ
1206 559 1433 627 Πατρὸς
1476 557 1584 611 τοῦ
1635 557 1975 628 ἐγείραντος

389 655 578 710 αὐτὸν
601 655 671 708 ἐκ
712 650 965 720 νεκρῶν,
1001 649 1101 703 καί
1129 651 1185 702 οί
1217 647 1340 702 σὺν
1375 645 1505 716 ἐμοὶ
1537 645 1761 712 πάντες
1802 644 1978 699 ἀδελ-

387 745 510 815 φοὶ,
541 743 669 810 ταῖς
708 741 1094 808 Ἐκκλησίαις
1131 737 1245 807 τῆς
1276 737 1597 802 Γαλατίας,
1628 735 1800 806 χάρις
1835 732 1978 804 ὑμῖν

393 837 490 890 καί
537 834 763 904 είρήνη.
802 833 912 886 Καὶ
956 831 1230 904 Ἑϐραίοις
1262 829 1318 883 δέ
1349 829 1478 900 μίαν
1504 827 1707 881 ἅπασιν
1739 826 1978 904 ἔγραψεν

411 901 756 995 Ἐπιστολὴν,
781 923 902 976 οὐδὲ
928 901 1151 986 τούτους
1165 920 1355 976 διελὼν
1385 919 1526 974 κατὰ
1543 919 1746 982 πόλεις.
1771 918 1836 970 Τί
1857 901 1977 969 ποτ’

389 1014 485 1071 οὖν
518 1018 635 1070 ἐστι
671 1015 732 1068 τὸ
781 1013 985 1080 αῐτιον;
1038 1014 1194 1085 Ἐμοὶ
1229 1013 1377 1066 δοκεῖ
1423 1011 1484 1064 τὸ
1530 1011 1685 1064 κοινά
1717 1010 1784 1063 τά
1814 1008 1978 1080 νοσή-

394 1124 540 1178 ματα
571 1102 709 1160 εἶναι
735 1105 991 1158 ἐνταῦθα·
1011 1104 1091 1156 διὸ
1113 1105 1207 1157 καὶ
1227 1102 1410 1174 κοινὴν
1433 1105 1666 1156 ποιεῖται
1693 1100 1792 1173 τὴν
1825 1101 1980 1152 Ἐπι-

391 1198 605 1268 στολὴν,
647 1196 834 1267 ἐπειδὴ
883 1197 979 1250 καὶ
1023 1195 1213 1266 κοινῆς
1243 1195 1450 1249 ἐδέοντο
1482 1199 1584 1267 τῆς
1611 1194 1976 1267 διορθώσεως.

389 1289 501 1342 Καὶ
548 1289 657 1359 γάρ
713 1286 954 1341 Γαλάται
1009 1287 1209 1350 πάντες
1249 1287 1488 1353 ἐνόσουν,
1538 1289 1635 1341 κα)⁸
1700 1285 1974 1358 Ἐϐραῖοιο

388 1377 543 1451 οἶμαι
570 1381 626 1434 δὲ
653 1381 746 1434 καὶ
777 1371 946 1433 οὗτοι.
979 1378 1309 1448 Συναγαγὼν
1335 1379 1515 1432 τοίνυν
1543 1379 1689 1432 ἀπαν
1711 1379 1771 1432 τὸ
1801 1377 1974 1442 ἔθνος,

390 1472 487 1525 καὶ
521 1468 835 1540 προσειπὼν
883 1469 1102 1532 αὐτοὺς,
1150 1469 1226 1531 ὡς
1260 1467 1468 1532 πάντας
1513 1468 1662 1538 αὑτῷ
1707 1485 1978 1539 προσαγο-

394 1561 577 1634 ρεύειν
603 1562 766 1632 νόμος
787 1556 875 1631 ἦν’
902 1562 1081 1627 Χάρις
1105 1561 1212 1630 γὰρ
1240 1560 1382 1630 ὑμῖν
1407 1560 1507 1614 καί
1529 1559 1757 1628 είρήνη,
1792 1559 1974 1630 φησὶν,

390 1651 512 1705 ἀπὸ
545 1649 693 1704 Θεοῦ
723 1647 956 1716 Πατρὸς
985 1647 1175 1716 ἡμῶν,
1210 1649 1307 1702 καί
1341 1649 1566 1718 Κυρίου
1609 1648 1812 1716 Ἰησοῦ
1845 1651 1980 1717 Χρι-

391 1739 544 1794 στοῦ
567 1757 581 1770 ο
627 1741 858 1793 ἄκουσον
905 1738 1027 1801 πῶς
1073 1739 1424 1810 καταλλήλως
1467 1739 1697 1810 ἄρχεται
1725 1743 1792 1812 τῇ
1844 1758 1978 1811 προ-

391 1832 619 1904 κειμένῃ
667 1831 943 1885 ὑποθέσει’
992 1833 1336 1901 Εὐλογητὸς
1380 1837 1413 1888 ό
1448 1833 1592 1900 Θεὸς
1623 1834 1722 1888 καὶ
1773 1834 1977 1903 Πατὴρ

390 1923 499 1977 τοῦ
528 1923 749 1991 Κυρίου
782 1922 952 1991 ἡμῶν
1006 1921 1201 1991 Ἰησοῦ
1233 1925 1511 1992 Χριστοῦ,
1561 1928 1594 1980 ὸ
1629 1924 1829 1994 Πατὴρ
1858 1925 1979 1980 τῶν

390 2014 728 2084 οίκτιρμῶν,
785 2015 880 2068 καί
926 2015 1071 2081 Θεὸς
1117 2014 1322 2084 πάσης
1363 2016 1818 2086 παρακλήσεως.
1868 2019 1978 2072 Καὶ

391 2109 498 2162 πού
551 2107 712 2161 τοῦτο
773 2107 1113 2178 κατάλληλον
1170 2111 1234 2179 τῇ
1297 2110 1638 2182 προκειμένῃ
1678 2111 1973 2176 ὑποθέσει,

391 2199 558 2270 φησί;
591 2198 703 2253 Καὶ
732 2199 937 2269 σφόδρα
971 2199 1070 2268 μὲν
1092 2193 1206 2252 οὖν.
1241 2199 1442 2252 Σκόπει
1487 2200 1573 2253 δέ·
1617 2200 1831 2254 Ἐλύπει
1855 2201 1978 2256 λίαν

389 2289 587 2352 αὐτοὺς
607 2290 701 2342 καὶ
718 2288 966 2361 ἐθορύϐει
987 2289 1047 2341 τὸ
1065 2287 1142 2359 μὴ
1161 2287 1568 2359 παραγενέσθαι
1589 2289 1809 2344 ἐκεῖτὸν
1823 2289 1979 2343 Ἀπό-

396 2380 609 2444 στολον,
641 2381 738 2434 καὶ
777 2380 948 2434 ταῦτα
973 2379 1460 2449 ἐπαγγειλάμενον,
1488 2382 1625 2436 ἀλλὰ
1647 2383 1739 2436 τὸν
1762 2383 1978 2438 ἅπαντα

391 2473 452 2526 ἐν
499 2471 812 2543 Μακεδονίᾳ
853 2470 1133 2526 ἀναλῶσαι
1185 2472 1400 2543 χρόνον,
1444 2474 1540 2526 καὶ
1569 2473 1746 2528 δοκεῖν
1795 2474 1976 2528 αὐτῶν

392 2563 612 2634 ἐτέρους
635 2563 1121 2634 προτετιμηκέναι.
1156 2563 1257 2617 Διά
1283 2563 1444 2618 τοῦτο
1473 2565 1610 2636 πρὸς
1632 2565 1791 2620 τοῦτο
1825 2566 1976 2620 ίστάο

396 2672 558 2728 μενος
586 2655 648 2708 τὸ
687 2654 972 2727 θορυϐοῦν,
1002 2655 1153 2724 λέγει
1180 2655 1278 2727 τὴν
1314 2657 1495 2712 αἰτίαν
1521 2657 1590 2710 δι’
1629 2657 1698 2728 ἣν
1733 2658 1794 2711 οὑ
1830 2675 1976 2729 παρ-

395 2746 611 2815 ἐγένετο
628 2763 643 2779 ο
671 2745 732 2798 οὑ
761 2745 870 2817 μὴν
895 2744 954 2811 ἐξ
975 2746 1195 2811 εὐθείας
1217 2747 1389 2818 αὐτὴν
1413 2747 1647 2819 τίθησιν,
1671 2749 1792 2803 οὑδέ
1806 2749 1974 2819 λέγει,

394 2839 477 2892 ὅτι
527 2831 658 2891 Οἶδα
706 2836 805 2907 μὲν
846 2837 1218 2908 ὑποσχόμενος
1251 2835 1424 2910 ἥξειν,
1456 2839 1642 2910 ἐπειδὴ
1667 2839 1725 2892 δὲ
1749 2839 1838 2894 διὰ
1877 2839 1978 2904 τὰς

395 2929 604 3000 θλίψεις
648 2928 1019 3000 ἐνεποδίσθην,
1069 2929 1372 3000 σύγγνωτε,
1417 2931 1511 2985 καὶ
1551 2932 1627 3004 μὴ
1659 2933 1977 3003 καταγνῶτέ

393 3040 513 3076 τινα
541 3021 840 3090 ὑπεροψίαν
869 3021 902 3092 ἢ
931 3021 1205 3094 ρᾳθυμίαν
1236 3022 1395 3094 ⁴ἡμῶν
1417 3038 1431 3053 ⁸
1461 3022 1579 3077 ἀλλ’
1615 3023 1818 3095 ἐτέρως
1844 3023 1978 3077 αὐτὸ

393 3115 490 3168 καὶ
547 3113 1128 3185 μεγαλοπρεπέστερον
1173 3114 1268 3169 καὶ
1313 3114 1750 3187 ἀξιοπιστότερον
1803 3132 1976 3169 κατα-

396 3206 673 3272 σκευάζει,
720 3204 963 3276 ἐπαίρων
1015 3207 1080 3275 τῇ
1117 3205 1444 3278 παραμυθίᾳ
1486 3207 1548 3260 τὸ
1586 3209 1841 3279 πρᾶγμα,
1887 3208 1978 3262 ῖνα

395 3296 530 3368 μηδέ
575 3296 820 3368 ἐρωτῶσι
861 3295 1044 3350 λοιπὸν
1087 3298 1187 3366 τὴν
1230 3297 1434 3363 αἰτίαν,
1480 3299 1547 3352 δι’
1579 3302 1646 3368 ἢν
1684 3300 1972 3372 ὑστέρησε.

393 3388 506 3441 Καὶ
533 3387 728 3440 ταυτὸν
757 3387 924 3452 ποιεῖ,
952 3381 1064 3440 οἷον
1097 3390 1149 3441 εί
1178 3405 1261 3452 τις
1290 3389 1758 3459 ἐπαγγειλάμενος
1803 3391 1978 3444 ἐλθεῖν

392 3479 532 3548 πρός
566 3494 688 3529 τινα
714 3475 1066 3548 ποθούμενον,
1108 3473 1226 3542 εἶτα
1257 3481 1399 3544 μετά
1433 3480 1660 3551 μυρίους
1700 3482 1978 3546 κινδύνους

394 3567 566 3620 ἐλθὼν
592 3566 758 3635 λέγοι·
783 3567 920 3632 Δόξα
951 3587 1055 3636 σοι,
1100 3571 1128 3623 ό
1156 3569 1309 3637 Θεὸς,
1333 3571 1415 3624 ὄτι
1446 3590 1536 3641 μοι
1556 3573 1618 3626 τὸ
1646 3573 1978 3645 ποθούμενον

394 3657 600 3720 ἔδειξας
636 3657 924 3728 πρόσωπον
945 3676 958 3688 ·
995 3660 1285 3731 εὐλογητὸς
1313 3664 1342 3714 ό
1364 3662 1518 3728 Θεὸς,
1550 3664 1676 3719 οἴων
1712 3682 1779 3735 με
1801 3666 1979 3720 κινδύ-

395 3764 502 3800 νων
544 3745 882 3816 ἀπήλλαξας.
941 3747 1007 3801 Ἦ
1056 3748 1164 3819 γὰρ
1210 3749 1488 3819 δοξολογία
1531 3753 1669 3825 αὕτη
1715 3755 1979 3826 ἀπολογία

393 3835 605 3906 γίνεται
633 3835 711 3906 τῷ
746 3835 994 3905 μέλλοντι
1024 3837 1299 3906 ἐγκαλεῖν,
1332 3841 1427 3893 καὶ
1452 3841 1572 3894 οὑδὲ
1602 3844 1795 3913 ἀφίησι
1837 3846 1979 3918 μέμ-

395 3926 602 3997 ψασθαι
633 3929 701 3998 τῇ
756 3925 1034 3997 μελλήσει.
1080 3929 1340 4002 Ἐρυθριᾷ
1369 3931 1478 4002 γάρ
1507 3933 1599 3986 τὸν
1638 3935 1730 3987 ἐπὶ
1762 3938 1830 4008 τῇ
1869 3938 1978 3992 τῶν

397 4015 667 4068 τοσούτων
715 4016 1002 4088 ἀπαλλαγῇ
1048 4017 1234 4072 κακῶν
1282 4020 1704 4090 εὑχαριστοῢντα
1745 4025 1822 4096 τῷ
1859 4025 1979 4098 Θεῷ

398 4108 479 4169 είς
507 4106 861 4177 δικαστήριον
901 4107 1103 4173 ἕλκειν,
1159 4109 1256 4164 καὶ
1309 4111 1538 4178 εὐθύνας
1581 4116 1832 4171 ἀπαιτεῖν
1877 4119 1980 4191 τῆς

399 4195 752 4267 βραδύτητος.
793 4197 892 4251 Διά
943 4198 1101 4253 τοῦτο
1145 4201 1238 4254 καὶ
1275 4201 1448 4268 οὑτως
1490 4205 1750 4278 ἄρχεται·
1789 4213 1980 4267 Εὐλο-

395 4288 575 4358 γητὸς
611 4291 643 4342 ό
687 4287 832 4354 Θεὸς
877 4288 996 4344 τῶν
1035 4293 1379 4364 οἰκτιρμῶν·
1424 4298 1674 4368 μεγάλων
1719 4303 1980 4360 κινδύνων

398 4379 650 4433 ἐντεῦθεν
683 4382 981 4452 ἐπαγωγὴν
1013 4401 1074 4436 τε
1107 4386 1202 4440 καὶ
1233 4387 1553 4461 ἀπαλλαγὴν
1585 4394 1975 4467 αἰνιττόμενος.

410 4469 632 4540 Ἐπειδὴ
685 4472 777 4524 καὶ
828 4472 857 4524 ό
903 4473 1066 4528 Δαυῖδ
1104 4476 1203 4548 οὐχ
1244 4479 1445 4550 ὁμοίως
1488 4482 1651 4537 αὑτὸν
1704 4489 1978 4559 πανταχοῦ

398 4560 576 4623 καλεῖ,
613 4561 735 4614 οὑδέ
759 4561 868 4616 ἀπὸ
889 4563 995 4618 τῶν
1016 4565 1198 4621 αὐτῶν
1217 4585 1230 4598 ·
1258 4569 1372 4622 ἀλλ’
1394 4572 1522 4625 ὅταν
1547 4573 1648 4644 μὲν
1673 4578 1802 4648 περὶ
1822 4578 1978 4634 πολέ-

399 4669 504 4721 μου
544 4652 857 4725 διαλέγηται
887 4655 982 4708 καὶ
1013 4657 1190 4727 νίκης,
1241 4659 1548 4729 Ἀγαπήσω
1585 4682 1678 4731 σε,
1708 4667 1904 4737 Κύριε,
1938 4671 1977 4740 ἡ

403 4745 580 4812 ῖσχύς
626 4762 778 4813 μου,
842 4748 996 4816 φησὶ,
1049 4749 1267 4817 Κύριος
1311 4753 1769 4826 ὑπερασπιστὴς
1819 4777 1976 4830 μου.

399 4833 527 4886 ὃταν
556 4835 610 4887 δέ
651 4836 780 4907 περὶ
819 4836 1052 4908 θλίψεως
1079 4839 1403 4912 ἀπαλλαγῆς
1432 4845 1524 4897 καὶ
1563 4846 1656 4900 τοῦ
1685 4848 1846 4918 ζόφου
1885 4851 1978 4904 τοῦ

401 4927 801 5014 κατεσχηκότος
839 4930 1022 4994 αὑτὸν,
1071 4933 1290 5002 Κύριος
1319 4933 1630 5007 ’φωτισμός
1672 4937 1823 5014 [421]
1857 4962 1979 5012 μου

401 5013 503 5066 καὶ
545 5015 747 5083 Σωτήρ
784 5036 939 5086 μουο
975 5022 1071 5074 καὶ
1113 5021 1208 5076 νῦν
1257 5022 1357 5096 μὲν
1399 5025 1507 5080 ἀπὸ
1547 5013 1978 5103 φιλανθρωπίας,

401 5105 500 5159 νῦν
530 5105 585 5159 δὲ
619 5109 726 5161 ἀπὸ
751 5109 1122 5186 δικαιοσύνης,
1148 5114 1243 5170 νῦν
1273 5115 1330 5169 δὲ
1367 5117 1478 5171 ἀπὸ
1515 5120 1750 5195 κρίσεως
1789 5126 1982 5182 ἀδεκά-

407 5216 530 5252 στου
576 5200 736 5254 αὑτὸν
781 5203 1032 5275 ὀνομάζει
1073 5208 1425 5282 καταλλήλως
1448 5215 1561 5277 τοῖς
1604 5215 1982 5289 ὑποκειμένοις

403 5293 633 5381 καιροῖς.
669 5292 826 5348 Οὑτω
863 5293 927 5367 δὴ
959 5297 1054 5350 καὶ
1093 5299 1122 5352 ὁ
1156 5300 1366 5367 Παῦλος
1398 5302 1634 5360 ἐνταῦθα
1657 5308 1979 5381 ἀρχόμενος,

402 5380 510 5468 ἀπὸ
535 5381 945 5455 φιλανθρωπίας
971 5385 1133 5440 αὑτὸν
1161 5387 1338 5454 καλεῖ,
1375 5391 1439 5446 '0
1462 5393 1607 5461 Θεὸς
1629 5395 1747 5450 τῶν
1764 5380 1982 5468 οίκτιρ-

401 5467 550 5537 μῶν,
587 5469 763 5540 λέγων
782 5489 796 5502 ·
833 5476 1132 5540 τουτέστιν,
1162 5478 1192 5530 ό
1212 5479 1528 5551 οῖκτιρμοὺς
1550 5485 1835 5553 τοσούτους
1855 5467 1980 5543 ἐπι-

402 5561 738 5634 δειξάμενος,
785 5564 862 5628 ὡς
906 5565 966 5633 ἐξ
1015 5566 1195 5621 αὐτῶν
1231 5569 1380 5641 ἡμᾶς
1423 5572 1721 5646 ἀναγαγεῖν
1743 5579 1855 5637 τῶν
1886 5580 1980 5636 τοῦ

401 5652 634 5708 θανάτου
661 5655 864 5710 πυλῶν.

470 5750 542 5816 τ’.
578 5745 749 5802 Τοῦτο
780 5748 889 5823 γάρ
921 5748 1160 5822 μάλιστα
1208 5753 1340 5811 ῖδιον
1371 5756 1509 5814 Θεοῦ
1556 5762 1647 5816 καὶ
1678 5762 1974 5836 ἐξαίρετον,

1097 263 1156 320 S.
1194 260 1479 320 JOANNIS
1514 256 2003 317 CHRYSOSTOMI
2051 256 2374 315 ABClIlEP.
2411 256 2959 314 CONSTANTINOP.

3543 262 3652 319 386

2079 373 2175 427 καὶ
2203 375 2268 444 τῇ
2294 371 2454 442 φύσει
2483 372 3036 445 συγκεκληρωμένον,
3055 371 3118 425 τὸ
3137 371 3311 437 οὕτως
3341 372 3530 428 ἐλεεῖν.
3552 379 3655 430 Διά

2075 464 2233 517 τοῦτο
2256 463 2388 516 Θεὸν
2416 463 2718 536 οἰκτιρμῶν
2752 462 2926 518 καλεῖ.
2967 464 3041 518 Σὺ
3082 463 3138 516 δέ
3174 481 3263 534 μοι
3299 463 3488 518 σκόπει
3526 468 3657 519 κάνο

2073 555 2264 609 τεῦθεν
2289 555 2387 624 τὴν
2412 553 2917 625 ταπεινοφροσύνην
2956 554 3203 608 Παύλου·
3233 555 3375 626 ὑπὲρ
3418 559 3526 627 γὰρ
3561 557 3655 610 τοῦ

2073 647 2425 719 κηρύγματος
2453 645 2796 713 κινδυνεύων,
2819 645 2880 699 οὐ
2922 662 3055 718 φησι
3093 644 3181 698 διὰ
3220 646 3321 715 τὴν
3355 646 3511 710 ἀξίαν
3547 647 3656 700 σώ-

2072 738 2284 803 ζεσθαι,
2331 738 2468 793 ἀλλά
2511 737 2601 791 διὰ
2639 739 2766 802 τοὺς
2807 737 3128 808 οἱκτιρμούς
3169 736 3264 790 τοῦ
3302 737 3458 793 Θεοῦ.
3498 740 3658 794 Ἀλλά

2071 829 2230 882 τοῦτο
2270 829 2368 900 μὲν
2411 827 2638 900 ὕστερον
2681 830 3018 900 σαφέστερόν
3058 846 3211 900 φησι.
3247 828 3342 882 νῦν
3369 829 3423 882 δέ
3461 831 3658 899 ἐπάγει

2072 919 2246 988 λέγων
2266 934 2281 948 ·
2331 920 2394 972 '0
2424 920 2789 987 παρακαλῶν
2809 919 2968 990 ἡμᾶς
2999 921 3068 974 ἐν
3088 920 3256 988 πάσῃ
3287 925 3511 991 θλίψει.
3545 925 3661 978 Οὐκ

2073 1005 2249 1074 εἶπεν,
2301 1007 2360 1062 '0
2411 1007 2486 1079 μὴ
2526 1009 2629 1062 ἐῶν
2679 1010 2827 1078 ἡμᾶς
2866 1009 3169 1073 θλίϐεσθαι,
3199 1009 3342 1076 ἀλλ’,
3385 1008 3448 1063 '0
3485 1009 3553 1063 ἐν
3580 1008 3659 1074 τῷ

2072 1103 2379 1156 θλίϐεσθαι
2402 1100 2788 1170 παρακαλῶν.
2818 1099 2989 1154 Τοῦτο
3018 1101 3126 1172 γὰρ
3154 1103 3250 1156 καὶ
3279 1101 3374 1154 τοῦ
3399 1102 3536 1155 Θεοῦ
3561 1103 3658 1172 τὴν

2071 1191 2301 1262 δύναμιν
2318 1191 2584 1254 δείκνυσι,
2606 1191 2702 1245 καὶ
2733 1189 2841 1244 τῶν
2865 1190 3196 1262 θλιϐομένων
3217 1190 3372 1256 αὔξει
3404 1192 3506 1263 τὴν
3528 1192 3660 1244 ὑποο

2074 1282 2277 1353 μονήνο
2323 1281 2392 1337 ’11
2434 1281 2546 1354 γάρ
2588 1281 2817 1350 θλῖψις,
2861 1283 3045 1354 φησὶν,
3089 1283 3410 1352 ὑπομονὴν
3453 1301 3661 1351 κατερο

2073 1373 2320 1445 τάζεται.
2367 1373 2538 1428 Τοῦτο
2565 1373 2660 1428 καὶ
2699 1375 2729 1426 ὁ
2751 1376 3038 1446 προφήτης
3067 1375 3272 1444 ἐλεγενο
3323 1376 3420 1431 Ἐν
3457 1378 3661 1445 θλίψει

2071 1464 2418 1532 ἐπλάτυνάς
2441 1482 2538 1535 με.
2570 1466 2686 1519 Οὐκ
2712 1460 2886 1532 εἷπεν,
2915 1467 2996 1521 ὅτι
3028 1468 3144 1521 Οὐκ
3174 1468 3365 1532 είασάς
3393 1486 3461 1538 με
3492 1471 3662 1538 ἐμπε-

2074 1559 2185 1610 σεῖν
2217 1559 2297 1620 είς
2331 1555 2532 1626 θλῖψιν,
2563 1556 2671 1610 οὐδ’
2704 1557 2784 1610 ὃτι
2821 1558 3152 1630 Παρήγαγες
3183 1559 3397 1629 ταχέως
3425 1560 3526 1631 τὴν
3555 1560 3664 1612 θλί-

2070 1647 2186 1718 ψιν,
2227 1649 2345 1702 ἀλλ’
2382 1650 2465 1703 ὅτι
2507 1649 2790 1720 Μενούσης
2835 1649 3006 1720 αὐτῆς
3033 1649 3338 1714 ἐπλάτυνάς
3373 1667 3463 1722 με,
3500 1669 3660 1704 τουτο

2073 1741 2211 1808 ἐστι,
2251 1741 2451 1814 πολλὴν
2495 1741 2596 1813 τὴν
2642 1743 2985 1814 εὐρυχωρίαν
3015 1744 3112 1798 καὶ
3142 1743 3240 1815 τὴν
3291 1743 3475 1796 ἄνεσιν
3524 1760 3664 1814 παρ-

2073 1831 2262 1903 έσχες·
2307 1833 2335 1886 ὃ
2367 1833 2432 1903 δὴ
2466 1833 2560 1886 καὶ
2582 1833 2676 1886 ἐπὶ
2703 1834 2812 1888 τῶν
2840 1834 3048 1888 παίδων
3075 1835 3184 1888 τῶν
3211 1835 3382 1908 τριῶν
3415 1835 3660 1904 γέγονεν.

2073 1925 2212 1978 Οὐτε
2244 1925 2355 1996 γὰρ
2382 1925 2655 1978 ἐκώλυσεν
2696 1926 2892 1991 αὐτοὺς
2920 1927 3205 1996 ἐμπεσεῖν,
3239 1925 3362 1980 οὑτε
3389 1928 3662 1997 ἐμπεσόν-

2070 2030 2200 2078 των,
2239 2013 2340 2085 τὴν
2373 2013 2550 2083 φλόγα
2579 2013 2822 2079 ἔσϐεσεν,
2855 2015 2991 2069 ἀλλά
3024 2016 3320 2088 καιομένης
3353 2018 3454 2086 τῆς
3496 2015 3662 2087 καμί-

2072 2123 2191 2174 νου,
2219 2107 2320 2176 τὴν
2350 2105 2696 2179 εὐρυχωρίαν
2722 2106 2985 2179 παρέσχε.

2142 2285 2315 2340 Τοῦτο
2351 2286 2448 2340 καὶ⁸
2481 2285 2570 2340 ἀεὶ
2611 2288 2788 2340 ποιεῖν
2836 2285 3026 2342 εἴωθεν
3058 2289 3086 2340 ό
3121 2285 3251 2352 Θεὸς
3271 2303 3286 2318 ·
3320 2286 3464 2360 ὅπερ
3494 2289 3661 2343 αίνιτ-

2070 2379 2298 2451 τόμενος
2327 2379 2424 2432 καὶ
2455 2379 2484 2432 ὁ
2515 2378 2727 2442 Παῦλος
2753 2379 2959 2448 ἐλεγενο
3005 2380 3067 2433 '0
3105 2380 3478 2447 παρακαλῶν
3507 2381 3659 2453 ἡμᾶς

2070 2469 2140 2523 ἐν
2171 2472 2338 2538 πάσῃ
2383 2469 2609 2538 θλίψει.
2660 2471 2770 2524 Καὶ
2810 2471 2996 2543 ἕτερον
3027 2470 3084 2524 δέ
3123 2489 3174 2525 τι
3199 2471 3287 2526 διά
3315 2473 3533 2527 τούτων
3561 2475 3660 2528 δείο

2071 2578 2249 2615 κνυσι.
2278 2562 2440 2614 Ποῖον
2463 2561 2528 2631 δή
2555 2561 2746 2626 τοῦτο;
2772 2562 2895 2615 Ὀτι
2921 2562 3019 2632 οὐχ
3047 2560 3212 2626 απαξ,
3238 2563 3360 2617 οὐδὲ
3388 2563 3496 2630 δὶς,
3532 2565 3660 2618 ἀλλά

2070 2653 2338 2725 διηνεκῶς
2379 2653 2540 2707 τοῦτο
2569 2656 2733 2707 ποιεῖ.
2770 2653 2904 2708 Οὑδέ
2926 2657 3035 2726 γὰρ
3066 2653 3157 2707 νῦν
3187 2654 3289 2723 μὲν
3324 2656 3656 2727 παρακαλεῖ,

2072 2745 2166 2802 νῦν
2197 2746 2255 2799 δὲ
2297 2746 2544 2817 ἀφίησιν,
2575 2745 2689 2800 ἀλλ’
2721 2748 2809 2801 ἀεὶ
2839 2746 2933 2800 κα)⁸
2965 2746 3255 2812 διαπαντὸς
3292 2747 3453 2802 τοῦτο
3496 2750 3659 2820 ἔργά·

2073 2837 2245 2902 ζεται.
2270 2838 2364 2892 Διὸ
2396 2835 2570 2904 εἶπεν,
2613 2839 2676 2894 '0
2719 2839 3102 2909 παρακαλῶν,
3152 2842 3271 2912 οὐχ,
3315 2841 3376 2894 '0
3407 2859 3662 2914 παρακαο

2072 2925 2253 2990 λέσας,
2305 2927 2420 2992 καὶ,
2467 2928 2564 2980 Ἐν
2599 2926 2768 2996 πάσῃ
2814 2928 3039 2997 θλίψει,
3090 2929 3210 2994 οὐκ,
3252 2929 3341 2983 Ἐν
3386 2931 3523 3005 τῇδε
3570 2935 3661 2987 καὶ

2071 3018 2220 3089 τῇδε,
2248 3017 2384 3084 ἀλλ’,
2404 3019 2507 3073 Ἔν
2528 3019 2696 3088 πάσῃ
2715 3034 2730 3048 ’
2751 3021 2839 3086 είς
2871 3019 2939 3075 τὸ
2967 3019 3261 3076 δύνασθαι
3291 3022 3452 3093 ἡμᾶς
3476 3039 3662 3094 παρα-

2071 3109 2283 3164 καλεῖν
2308 3110 2451 3177 τοὺς
2480 3110 2551 3165 ἐν
2600 3110 2763 3180 πάσῃ
2815 3112 3042 3181 θλίψει,
3072 3113 3168 3167 διὰ
3200 3112 3311 3183 τῆς
3345 3117 3661 3185 παρακλή-

2071 3215 2226 3266 σεως
2269 3195 2345 3270 ἧς
2386 3202 2894 3271 παρακαλούμεθα
2930 3204 3098 3258 αὐτοί
3149 3205 3270 3260 ὑπὸ
3319 3208 3434 3262 τοῦ
3493 3209 3657 3264 Θεοῦ.

2070 3288 2224 3355 Εἶδες
2255 3291 2373 3356 πῶς
2395 3292 2870 3365 προανακρούεται
2895 3293 2993 3366 τὴν
3022 3295 3336 3364 ἀπολογίαν,
3361 3301 3466 3352 καὶ
3495 3301 3660 3371 μεγά·

2071 3385 2171 3458 λης
2201 3385 2435 3455 θλίψεως
2473 3386 2730 3440 ὑπόνοιαν
2757 3387 2986 3459 παρέχει
3015 3387 3093 3458 τῷ
3125 3389 3370 3462 ἀκροατῇ
3396 3407 3411 3454 ;
3447 3393 3563 3446 Καὶ
3597 3393 3659 3448 δι’

2071 3475 2253 3530 αὐτῶν
2290 3476 2449 3530 πάλιν
2495 3475 2779 3547 μετριάζει
2809 3477 3016 3530 τούτων
3045 3477 3244 3550 λέγων,
3268 3481 3351 3532 ὅτι
3380 3482 3483 3536 καὶ
3504 3484 3662 3546 αὐτὸς

2071 3569 2100 3622 ό
2130 3568 2414 3640 οίκτιρμὸς
2443 3559 2599 3633 οὗτος
2631 3568 2868 3638 ἐγένετο,
2912 3570 2974 3623 οὑ
3012 3569 3098 3624 διά
3129 3569 3225 3643 τὴν
3257 3571 3443 3626 αὐτῶν
3486 3573 3660 3639 ἀξίαν,

2073 3657 2208 3713 ἀλλά
2229 3659 2318 3712 διὰ
2344 3659 2473 3724 τοὺς
2501 3658 2594 3714 ὑπ’
2624 3660 2805 3715 αὐτῶν
2830 3660 3172 3734 ὠφεληθῆναι
3201 3662 3547 3732 ὀφείλοντας.
3571 3667 3662 3720 Διά

2074 3753 2234 3807 τοῦτο
2253 3752 2362 3825 γὰρ
2385 3751 2758 3824 παρεκάλεσεν
2785 3753 2954 3824 ἡμᾶς,
2982 3755 3165 3824 φησὶν,
3195 3756 3282 3809 ἴνα
3302 3759 3478 3827 ἡμεῖς
3503 3759 3662 3830 mi)-

2076 3843 2203 3908 λους
2229 3843 2658 3914 παρακαλῶμεν.
2689 3843 2789 3896 Διά
2811 3842 3001 3898 τούτου
3028 3844 3084 3897 δέ
3107 3845 3202 3898 καὶ
3229 3845 3287 3898 τὸ
3302 3844 3532 3919 ἀξίωμα
3559 3849 3662 3902 δεί·

2082 3951 2243 3988 κνυσι
2275 3935 2383 3987 τῶν
2401 3933 2736 4000 ἀποστόλων,
2762 3935 3141 4006 ἐμφαίνωνὸτι
3167 3937 3549 4010 παρακληθεὶς
3574 3941 3662 3994 καὶ

2075 4025 2446 4091 ἀναπνεύσας,
2463 4027 2563 4080 οὐκ
2577 4026 2871 4082 ἀναπίπτει
2897 4026 3147 4099 καθάπερ
3169 4031 3348 4100 ἡμεῖς,
3367 4031 3494 4085 ἀλλ’
3511 4036 3590 4097 είς
3603 4032 3659 4086 τὸ

2074 4119 2297 4190 ἐτέρους
2319 4118 2562 4187 ἀλείφειν
2583 4119 2799 4190 πρόεισι
2836 4120 2930 4173 καὶ
2951 4119 3176 4192 νευροῦν
3216 4121 3312 4174 καὶ
3342 4122 3654 4196 διεγείρειν.

2075 4207 2234 4269 Τινὲς
2257 4207 2314 4260 δὲ
2343 4207 2504 4262 αὑτὸν
2533 4208 2628 4261 καὶ
2661 4207 2810 4280 [422]
2843 4207 3002 4262 τοῦτο
3033 4207 3211 4277 λέγειν
3245 4211 3437 4279 φασὶν,
3476 4214 3563 4265 ὅτι
3601 4213 3658 4266 Ἦ

2077 4297 2423 4370 παράκλησις
2449 4297 2606 4368 ήμῶν
2637 4299 2732 4352 καὶ
2758 4298 2932 4353 ἀλλων
2964 4298 3312 4371 παράκλησίς
3341 4302 3485 4356 ἐστι.
3509 4305 3661 4355 Δοκεῖ

2075 4390 2133 4445 δέ
2157 4408 2247 4462 μοι
2273 4390 2368 4445 καὶ
2405 4391 2540 4462 πρὸς
2568 4393 2693 4455 τοὺς
2723 4391 3188 4462 ψευδαποστόλους
3212 4395 3338 4458 τοὺς
3369 4398 3503 4468 είκῆ
3525 4416 3656 4452 καυ-

2076 4482 2375 4553 χωμένους,
2435 4483 2531 4537 καὶ
2574 4483 2712 4536 οῐκοι
2763 4483 3107 4554 καθημένους
3162 4486 3256 4540 καὶ
3311 4489 3654 4558 τρυφῶντας,

2077 4573 2461 4626 ἀποτείνεσθαι
2497 4571 2586 4627 διά
2629 4572 2724 4627 τοῦ
2767 4575 3078 4649 προοιμίου.
3145 4576 3306 4630 ’Δλλά
3359 4579 3526 4633 τοῦτο
3565 4580 3658 4651 μὲν

2079 4667 2519 4740 αἰνιγματωδῶς,
2545 4669 2642 4723 καὶ
2684 4667 2760 4733 ὡς
2779 4670 2837 4722 ἐν
2863 4671 3128 4743 παρέργῳ
3147 4688 3161 4700 ·
3213 4671 3274 4726 τὸ
3300 4673 3358 4726 δὲ
3389 4675 3660 4746 προηγού-

2080 4775 2240 4830 μενον
2260 4759 2420 4812 τοῦτο
2449 4755 2538 4832 ἦν,
2560 4759 3002 4832 ἀπολογήσασθαι
3027 4762 3167 4836 ὑπὲρ
3199 4765 3297 4835 τῆς
3321 4765 3654 4836 μελλήσεως.

2075 4850 2142 4904 El
2173 4849 2284 4920 γὰρ
2319 4849 2407 4903 διὰ
2449 4849 2608 4904 τοῦτο
2655 4851 3142 4923 παρακαλούμεθα,
3191 4853 3279 4908 ἵνα
3319 4855 3417 4909 καὶ
3472 4856 3657 4918 ἄλλους

2076 4942 2512 5015 παρακαλῶμεν,
2542 4945 2618 5015 μὴ
2642 4944 2907 5016 ἐγκαλῆτε
2941 4945 3019 5012 ὡς
3062 4947 3137 5019 μὴ
3171 4950 3652 5020 παραγενομένοις.

2076 5035 2172 5098 Et;
2201 5034 2310 5106 γάρ
2339 5033 2499 5088 τοῦτο
2527 5034 2672 5100 ἀπας
2701 5036 2898 5126 ήμῖνερ
2931 5038 3122 5109 χρόνος
3159 5040 3422 5110 ἐτρίϐετο,
3459 5044 3542 5106 είς
3567 5042 3654 5103 τάς

2075 5129 2389 5194 ἐπιϐουλὰς,
2428 5131 2509 5194 είς
2551 5129 2648 5194 τὰς
2695 5131 3013 5198 ἐπαγωγὰς,
3064 5133 3142 5195 είς
3197 5132 3260 5185 τὸ
3298 5133 3551 5188 διαλῦσαι
3594 5133 3656 5186 τά

2077 5221 2302 5276 ἐπιόντα
2345 5221 2514 5275 δεινά.
2561 5221 2689 5274 Ὀτι
2733 5221 2927 5287 καθὼς
2959 5223 3303 5290 περισσεύει
3349 5224 3424 5278 τὰ
3471 5222 3655 5287 παθή-

2073 5331 2234 5384 ματα
2274 5312 2383 5366 τοῦ
2429 5311 2690 5380 Χριστοῦ
2732 5313 2820 5379 είς
2851 5310 3030 5381 ἡμᾶς,
3076 5312 3229 5366 οὕτω
3257 5311 3354 5367 διὰ
3382 5315 3492 5369 τοῦ
3525 5317 3651 5386 Χρι-

2077 5405 2233 5462 στοῦ
2270 5404 2619 5474 περισσεύει
2673 5402 2772 5457 καί
2816 5403 2855 5471 ἡ
2890 5401 3271 5472 παράκλησις
3315 5404 3514 5474 ἡμῶν.
3544 5405 3651 5457 ἰνα

2078 5499 2189 5571 γάρ
2221 5499 2296 5570 μὴ
2327 5496 2612 5569 καταϐάλῃ
2627 5495 2756 5558 τὼς
2791 5493 3038 5567 μαθητὰς
3068 5495 3146 5565 τῷ
3175 5496 3383 5568 σφόδρα
3408 5498 3651 5567 ἐπαίρειν

2077 5591 2176 5655 τάς
2214 5587 2520 5660 συμφορὰς,
2544 5585 2784 5640 δείκνυσι
2807 5584 2970 5640 πάλιν
2992 5585 3190 5658 πολλὴν
3216 5588 3318 5659 τὴν
3341 5587 3648 5658 περιουσίαν

2079 5683 2173 5736 καὶ
2208 5681 2308 5751 τῆς
2363 5679 2760 5752 παρακλήσεως
2791 5672 2978 5742 οὖσαν,
3024 5679 3120 5732 καὶ
3147 5679 3426 5750 ἀνίστησιν
3475 5677 3648 5732 αὐτῶν

2081 5773 2179 5829 τὴν
2205 5773 2462 5836 διάνοιαν,
2489 5773 2549 5826 οὐ
2572 5769 2736 5841 ταύτῃ
2764 5769 2943 5841 μόνον,
2967 5770 3100 5824 ἀλλά
3124 5772 3218 5826 καὶ
3244 5772 3319 5842 τῷ
3339 5771 3644 5848 ἀναμνῆσαι
