3712 6212
94 253 159 308 εδδ
1096 248 1161 304 IN
1198 250 1410 306 EPIST.
1457 251 1496 305 ll
1565 253 1652 307 AD
1687 252 1841 310 COR.
1880 256 2108 314 llOMlL.
2148 260 2190 316 Ι.

97 381 162 416 mn
184 369 278 412 sunt
301 375 459 413 omnes
485 359 689 430 fratres,
722 358 959 415 Ecclesiis
990 360 1203 418 Galatia
1234 379 1252 416 :
1297 363 1474 416 Gratia
1495 381 1581 418 vo-

96 457 128 508 is
152 463 189 506 et
212 467 297 519 past
331 449 467 514 (Gal.
506 452 554 505 Ι.
602 452 652 504 1.
694 452 769 520 5).
800 452 934 516 Quin
974 451 1039 504 ad
1085 453 1334 506 Helms-os
1372 468 1582 522 quoque

101 559 202 598 nam
235 542 508 611 generatim
549 542 828 612 epistolam
862 542 1108 611 scripsit,
1141 558 1238 597 nec
1269 558 1361 598 eos
1388 559 1482 612 per
1507 545 1582 598 ci-

94 637 220 688 itates
258 631 503 686 distinxit.
544 632 796 698 Quaenam
841 633 996 701 igitur
1039 632 1257 701 hujusce
1304 635 1380 687 rei
1420 647 1579 688 causa

94 724 162 779 st?
202 721 298 775 Mea
340 721 545 791 quidem
591 723 893 786 sententia,
941 723 1080 791 quod
1131 738 1445 778 communes
1494 725 1578 779 bic

94 813 203 869 torbi
229 821 424 877 essent;
461 811 577 864 ideo
606 827 941 867 communem
969 828 1178 883 quoque
1202 816 1478 883 epistolam
1504 815 1580 869 fa-

97 915 128 967 t,
171 903 275 970 quia
313 903 572 956 communi
604 904 943 957 correctione
987 903 1315 973 indigebant.
1366 907 1576 960 Etenim

94 994 224 1048 alatte
250 1006 423 1046 omnes
452 991 638 1047 morbo
670 993 980 1046 laborabant
1016 1003 1070 1048 et
1100 994 1338 1060 llebrwi,
1379 1005 1572 1064 atque,

94 1097 220 1136 ,mea
245 1082 411 1150 opinio
437 1081 557 1145 fert,
589 1081 643 1135 hi
667 1097 894 1152 quoque.
924 1084 1280 1150 Quamobrem
1310 1101 1428 1140 cum
1454 1086 1574 1139 uni-

94 1189 226 1228 :rsam
246 1173 501 1227 nationem
531 1184 921 1244 congregasset,
948 1186 1104 1244 atque
1133 1191 1244 1241 eos,
1267 1185 1324 1230 ut
1345 1177 1574 1247 reliquos

94 1278 206 1318 nnes
230 1272 600 1326 consueverat,
630 1264 945 1328 salutasset;
981 1264 1158 1318 Gratia
1189 1266 1330 1319 enim
1368 1276 1412 1318 et
1449 1283 1569 1334 pax,

94 1354 207 1424 quit,
250 1369 279 1406 a
313 1351 417 1407 Deo
457 1353 615 1407 Patre
642 1365 814 1409 nostra
853 1365 900 1409 et
926 1355 1145 1409 Domino
1174 1356 1298 1410 Jesu
1333 1356 1572 1422 Christo;

99 1447 142 1499 di
159 1446 263 1513 jam
278 1444 538 1513 quomodo
564 1445 961 1500 accommodate
989 1447 1055 1500 ad
1090 1447 1384 1500 institutum
1412 1462 1569 1516 argu-

94 1549 251 1592 antum
277 1537 588 1591 exordiatur.
627 1537 924 1592 Benedictus
955 1538 1090 1593 Deus
1118 1550 1164 1593 et
1191 1537 1348 1592 Pater
1369 1539 1572 1592 Domini

94 1628 173 1682 stri
217 1625 334 1680 Jesu
377 1625 584 1694 Christi,
632 1626 789 1681 Pater
827 1630 1316 1696 miserim-diarum,
1349 1641 1393 1684 et
1437 1629 1570 1684 Deus

94 1721 162 1772 ius
208 1718 571 1772 consolationis.
617 1719 854 1785 Quonam
899 1730 1074 1775 autem
1121 1723 1299 1788 modo,
1341 1723 1566 1791 inquies,

94 1825 114 1862 υ
140 1809 371 1876 praesenti
393 1820 705 1878 argumento
731 1812 1014 1880 congruit?
1042 1812 1266 1866 Maxime
1291 1828 1419 1867 sane
1451 1832 1463 1867 :
1492 1815 1571 1869 sic

94 1903 149 1953 ἰιι
189 1901 420 1968 expende
453 1919 466 1954 :
495 1916 681 1971 magna
727 1904 826 1956 hoc
855 1918 952 1958 eos
987 1905 1229 1959 molestia
1260 1914 1316 1960 et
1354 1917 1566 1976 pertur-

94 1993 217 2044 ione
259 1990 546 2057 afﬁciebat,
574 1991 713 2061 quod
738 1994 1013 2062 apostolus
1039 1995 1165 2050 illuc
1193 1996 1412 2050 minime
1439 2013 1565 2066 pro-

94 2091 170 2134 tus
199 2081 412 2147 fuisset,
435 2097 556 2137 cum
587 2084 640 2137 id
663 2100 722 2138 se
753 2086 1010 2140 facturum
1038 2088 1436 2157 spopondisset,
1465 2103 1564 2144 ve-

94 2189 116 2225 n
142 2174 440 2227 universum
472 2183 680 2243 tempus
707 2177 758 2229 in
787 2177 1093 2232 Macedonia
1121 2182 1562 2250 consumpsisset,

94 2279 238 2333 isque
282 2264 405 2333 ipsis
447 2266 712 2321 anteferre
768 2268 1058 2323 videretur.
1109 2271 1284 2337 Quare
1330 2281 1387 2326 ut
1430 2273 1565 2328 hanc

98 2359 443 2413 turbatiouem
465 2361 796 2429 comprimat,
819 2376 1031 2416 causam
1053 2365 1286 2433 exponit,
1315 2366 1383 2419 ob
1405 2382 1565 2435 quam

94 2450 214 2503 time
243 2450 308 2504 ad
337 2464 430 2504 eos
455 2452 767 2519 perrexerit.
804 2451 913 2507 Nec
938 2463 1112 2507 tamen
1145 2465 1288 2509 recta
1318 2471 1434 2510 eam
1465 2472 1562 2524 po-

124 2555 226 2595 nec
253 2541 345 2606 ait,
386 2539 508 2594 Scio
533 2540 744 2609 quidem
771 2543 911 2612 quod
942 2544 1208 2613 pollicitus
1239 2560 1355 2599 sum
1387 2565 1469 2600 me
1495 2548 1561 2602 ad

116 2641 421 2698 venturum,
452 2632 567 2698 sed,
615 2633 737 2703 quia
781 2635 1112 2691 calamitates
1152 2638 1280 2691 mihi
1323 2639 1562 2708 impedi-

94 2733 169 2778 IlO
212 2723 388 2788 fuere,
440 2725 717 2793 ignoscite,
764 2741 978 2796 qua‘so,
1027 2743 1126 2784 nec
1168 2745 1254 2784 me
1297 2732 1562 2798 superbiae

94 2815 266 2869 isdam
310 2824 401 2869 aut
438 2815 770 2887 negligentia:
795 2818 1148 2873 condemnate
1193 2836 1206 2870 :
1249 2835 1432 2875 verum
1460 2822 1560 2877 alia

94 2924 192 2964 aue
219 2924 291 2964 ac
319 2909 741 2978 magniﬁcentius
769 2919 929 2980 atque
971 2910 1039 2964 ad
1081 2910 1238 2967 ﬁdem
1268 2911 1560 2968 faciendam

94 3000 442 3055 )mﬂlOdaliUS
473 3002 572 3057 hoc
596 3001 736 3057 idem
767 3002 950 3069 efficit,
980 3018 1091 3058 rem
1116 3017 1215 3072 per
1242 3005 1562 3060 consolatio-

122 3094 470 3164 amplificans
499 3111 514 3147 :
543 3109 647 3163 quo
672 3094 926 3164 deinceps
951 3095 1053 3164 ipsi
1083 3110 1188 3150 non
1219 3097 1561 3152 sciscitentur

104 3185 175 3238 ad
209 3200 310 3239 eos
340 3185 518 3239 venire
544 3194 822 3240 cunctatus
846 3187 932 3240 sit.
968 3189 1044 3240 Ac
1073 3188 1290 3255 perinde
1327 3189 1473 3253 facit,
1503 3197 1560 3243 ut

94 3278 196 3341 uis,
238 3291 367 3330 cum
399 3291 458 3332 se
497 3276 563 3330 ad
605 3277 873 3346 aliquem,
915 3293 1072 3348 quem
1112 3293 1294 3334 carum
1345 3281 1555 3350 habeat,

96 3382 269 3421 urum
299 3382 420 3422 esse
458 3368 764 3437 recepisset,
797 3382 861 3421 ac
888 3377 1072 3438 postea
1099 3371 1390 3425 innumeris
1415 3373 1559 3441 peri-

123 3461 451 3527 perfunctus
473 3460 668 3524 veniat,
686 3473 748 3513 ac
775 3458 947 3513 dicat:
969 3458 1146 3515 Gloria
1171 3462 1262 3516 tibi
1281 3463 1372 3529 sit,
1396 3463 1556 3532 Deus,

94 3550 100 3602 l
154 3552 363 3605 faciem
409 3549 537 3604 mihi
580 3566 756 3606 caram
799 3566 862 3607 ac
913 3552 1266 3610 desideratam
1326 3556 1562 3611 ostendi-

98 3643 440 3699 benedictus
474 3643 643 3708 Deus,
675 3646 868 3714 quibus
895 3646 1144 3715 periculis
1168 3662 1257 3703 me
1287 3649 1556 3705 liberastil

94 3735 251 3789 idem
299 3734 605 3803 hujusmodi
645 3734 841 3790 divina:
867 3736 1051 3806 gloria:
1094 3737 1401 3807 praedicatio
1431 3754 1558 3808 pur-

95 3827 192 3880 nis
225 3825 353 3879 vice
380 3825 519 3894 apud
547 3840 665 3880 eum
693 3836 808 3890 est,
841 3829 928 3897 qui
968 3831 1399 3898 expostulaturus
1439 3831 1556 3888 fue-

105 3935 223 3974 nec
257 3933 387 3974 eum
416 3918 484 3974 de
522 3921 858 3974 cunctatione
882 3936 944 3974 ac
974 3936 1120 3975 mora
1149 3925 1402 3993 conqueri
1432 3939 1556 3993 per-

94 4023 131 4066 t.
174 4012 478 4066 Erubescit
503 4012 646 4068 enim
676 4028 818 4080 eum,
846 4014 934 4082 qui
962 4015 1030 4068 ob
1057 4022 1134 4068 tot
1158 4029 1220 4068 ac
1247 4024 1388 4070 tanta
1421 4016 1558 4072 mala

94 4106 264 4159 tibus
292 4112 508 4172 ereptus
537 4113 620 4158 est
648 4104 756 4158 Deo
784 4105 978 4174 gratias
1006 4105 1130 4175 agit,
1155 4105 1207 4158 in
1229 4105 1316 4174 jus
1344 4121 1553 4174 vocare,

94 4210 276 4264 isque
309 4193 572 4249 tarditatis
612 4195 680 4249 ab
711 4211 774 4250 eo
805 4205 1073 4263 expetere.
1104 4196 1228 4250 ldeo
1259 4197 1338 4250 sic
1377 4199 1559 4266 auspi-

99 4331 115 4352 ,
149 4285 479 4340 Benedictus
503 4284 640 4340 Deus
664 4287 1135 4341 misericordiarum.
1162 4288 1365 4353 Quibus
1386 4290 1560 4344 verbis

94 4379 461 4443 subindicat,
495 4393 554 4433 se
603 4379 765 4449 ipsius
806 4395 907 4449 ope
954 4396 1018 4434 ex
1068 4381 1368 4450 ingentibus
1417 4384 1559 4451 peri-

104 4475 401 4529 eductum
451 4488 514 4527 ac
558 4473 840 4528 liberatum
888 4473 1068 4528 fuisse.
1122 4474 1560 4544 Quandoquidem

94 4567 103 4618 Ι
141 4582 276 4619 non
303 4563 504 4634 ubique
531 4563 718 4618 eodem
750 4565 928 4630 modo,
958 4580 1056 4620 nec
1086 4567 1152 4619 ab
1180 4566 1365 4620 iisdem
1396 4567 1560 4622 rebus

94 4674 110 4710 ι
167 4657 483 4725 appellat;
529 4671 710 4709 verum
755 4671 877 4710 cum
925 4656 993 4711 de
1035 4656 1180 4711 bello
1229 4672 1292 4712 ac
1340 4658 1558 4712 victoria

94 4797 95 4801 η
136 4748 320 4813 facit,
368 4747 591 4817 Diligam
637 4757 702 4811 te,
751 4748 982 4815 Domine,
1012 4749 1167 4803 virtus
1205 4766 1333 4815 mea,
1367 4752 1555 4820 inquit,

94 4858 211 4894 nus
248 4848 514 4909 protector
540 4855 675 4893 meus
703 4838 868 4912 (Psal.
899 4841 985 4895 l7.
1019 4841 1071 4911 l)
1103 4857 1117 4893 :
1148 4857 1268 4897 cum
1296 4851 1472 4898 autem
1493 4844 1560 4901 de

94 4935 206 4986 lita
219 4941 305 4996 te,
357 4945 461 5000 qua
508 4930 758 4985 liberatus
787 4941 888 4994 est,
920 4946 984 4985 ac
1009 4932 1075 4986 de
1100 4934 1263 4988 animi
1293 4935 1516 5004 caligine
1539 4976 1556 5002 ,

99 5041 305 5098 psum
340 5024 736 5089 circumdabat,
770 5025 1013 5078 Dominus
1041 5025 1347 5082 illuminatio
1383 5045 1493 5082 mea
1514 5039 1560 5084 et

97 5135 253 5172 inea
296 5117 472 5188 (Psal.
502 5117 591 5172 26.
625 5117 679 5187 1}
709 5135 721 5169 :
752 5127 908 5186 atque
936 5135 1074 5172 nunc
1103 5134 1134 5173 a
1163 5119 1484 5190 benignitate
1506 5131 1560 5178 et

102 5231 145 5265 n
159 5211 290 5275 tia,
326 5224 469 5262 nunc
497 5224 525 5261 a
547 5209 782 5278 justitia,
817 5225 955 5264 nunc
980 5211 1048 5264 ab
1073 5212 1378 5282 incorrupto
1413 5214 1558 5282 judi-

102 5309 275 5356 rout
306 5299 420 5365 illa,
453 5300 507 5354 in
540 5300 732 5369 quibus
759 5302 1085 5365 versabatur,
1116 5311 1349 5370 tempora
1379 5313 1560 5373 postu-

94 5411 133 5458 ι,
177 5402 632 5460 cognomentum
658 5392 754 5461 ipsi
777 5393 979 5447 tribuit.
1003 5396 1082 5448 Ad
1112 5397 1355 5451 eumdem
1387 5399 1561 5468 itaque

94 5502 160 5539 tn
232 5483 358 5536 hoc
391 5482 510 5538 loco
540 5483 734 5538 Paulus
765 5483 1020 5554 incipiens
1066 5502 1095 5540 a
1142 5487 1465 5558 benignitate
1507 5499 1560 5545 et

94 5593 138 5629 ιι
151 5576 258 5628 tia
298 5573 472 5643 ipsum
504 5575 754 5644 appellat,
783 5574 923 5630 Deus
945 5578 1399 5632 misericordiarum
1423 5621 1438 5646 ,
1473 5580 1558 5634 in-

94 5683 154 5732 s,
237 5665 365 5720 hoc
406 5675 507 5733 est,
553 5669 640 5736 qui
689 5676 845 5723 tanta:
893 5669 1248 5726 miserationis
1289 5672 1554 5740 specimen

3159 277 3264 336 380

1688 367 1888 428 edidit.
1948 381 2004 424 ut
2058 388 2154 426 nos
2206 388 2272 428 ex
2327 376 2454 444 ipsis
2503 380 2690 436 mortis
2744 385 2911 454 portis
2967 389 3228 446 eduxerit.

1755 458 1806 512 5.
1851 459 2006 514 Pauli
2034 464 2311 521 huniilitas.
2365 470 2473 521 lloc
2517 472 2658 524 enim
2710 477 2946 531 maxime
2997 482 3106 534 Deo
3133 499 3258 551 prn-

1684 547 1856 615 prium
1904 565 1965 605 ac
2009 555 2274 621 peculiare
2317 568 2398 611 est
2439 559 2710 631 ipsiusque
2757 575 2957 622 naturae
3006 547 3254 640 insitum,

1685 635 1932 691 nimirum
1961 641 2027 692 ad
2067 641 2207 697 hunc
2237 645 2451 700 modum
2495 649 2758 705 misereri.
2795 653 2919 708 Ideo
2955 635 3258 715 misericor;

1681 723 1883 780 diarum
1917 731 2076 784 Deum
2106 733 2274 801 ipsum
2299 745 2471 790 vocat.
2504 738 2677 808 Atque
2716 741 2839 797 hinc
2867 760 3077 815 quoque
3105 749 3256 805 Pauli

1679 812 2028 873 humilitatem
2056 821 2210 875 velim
2238 825 2569 881 consideres.
2597 829 2726 883 Nam
2752 812 3004 901 quamvis
3019 852 3252 908 evange-

1680 905 1794 961 licae
1837 911 2228 976 praedicationis
2270 931 2426 970 causa
2471 921 2888 987 periclitaretur,
2937 943 3041 980 non
3075 905 3252 986 tamen

1677 1001 1868 1054 merito
1903 1017 2029 1068 suo,
2062 1005 2154 1059 sed
2189 1021 2285 1076 per
2311 1009 2397 1062 Dei
2424 1010 2792 1069 miserationes
2818 1017 3040 1072 salutem
3066 1036 3255 1076 conse-

1677 1100 1896 1157 quutum
1949 1108 2007 1146 se
2060 1109 2180 1149 esse
2228 1097 2320 1151 ait.
2383 1099 2575 1153 Verum
2628 1103 2728 1157 hoc
2766 1107 2974 1173 quidem
3016 1113 3248 1178 apertius

1677 1190 1857 1248 postea
1898 1183 2030 1238 dixit
2058 1201 2071 1250 ;
2100 1203 2240 1242 nunc
2273 1201 2446 1244 autem
2479 1193 2589 1247 haec
2616 1197 2772 1250 verba
2815 1200 3114 1271 subjungit:
3148 1205 3249 1271 Qui

1674 1273 1960 1325 consolatur
2003 1291 2094 1328 nos
2131 1278 2182 1329 in
2210 1281 2345 1332 omni
2381 1282 2718 1339 tribulatione.
2770 1288 2883 1343 Non
2929 1292 3098 1356 dixit,
3147 1296 3246 1363 Qui

1674 1374 1778 1413 non
1820 1364 1946 1416 sinit
1972 1379 2067 1420 nos
2093 1369 2395 1426 calamitate
2424 1373 2601 1441 afﬁci,
2640 1379 2731 1432 sed
2760 1419 2775 1444 ,
2819 1380 2919 1446 Qui
2953 1384 3004 1436 in
3032 1388 3245 1440 calami-

1673 1458 1774 1504 tate
1820 1469 1910 1507 nos
1955 1459 2264 1515 consolatur.
2327 1461 2458 1516 Nam
2510 1464 2611 1520 hoc
2659 1479 2766 1522 tum
2819 1472 2909 1525 Dei
2957 1479 3244 1543 potentiam

1671 1540 1938 1609 declarat,
1978 1555 2085 1600 tum
2113 1565 2294 1604 eorum
2314 1593 2330 1617 ,
2366 1555 2455 1623 qui
2483 1558 2871 1617 calamitatibus
2895 1540 3205 1632 premuntur
3223 1610 3239 1635 ,

1671 1632 1976 1699 patientiam
2016 1648 2212 1706 auget:
2247 1640 2527 1698 Tribulatio
2578 1649 2752 1712 enim,
2801 1652 3003 1721 inquit,
3053 1632 3246 1726 patiens

1673 1721 1791 1819 tiam
1821 1735 2058 1819 operatur
2083 1728 2268 1800 (Rom.
2297 1733 2352 1787 5.
2380 1735 2468 1804 ὅ).
2501 1736 2553 1790 Id
2581 1741 2721 1807 quod
2753 1744 3006 1812 propheta
3034 1721 3244 1819 quoque

1670 1811 1753 1866 his
1797 1817 1977 1871 verbis
2025 1818 2291 1876 indicabat
2328 1841 2343 1878 :
2391 1826 2458 1880 In
2510 1811 2858 1888 tribulatione
2894 1811 3119 1893 dilatasti
3159 1811 3245 1896 ine

1671 1903 1839 1974 (Psal.
1881 1909 1934 1962 4.
1975 1910 2008 1962 2
2029 1912 2071 1980 ).
2105 1911 2216 1967 Νοιι
2246 1915 2380 1970 dixit
2403 1957 2418 1980 ,
2448 1919 2562 1974 Non
2592 1938 2776 1991 passus
2797 1943 2853 1982 es
2883 1945 2967 1984 me
2993 1933 3043 1985 iu
3073 1935 3242 1990 tribu.

1667 1997 1916 2054 lationem
1964 2003 2109 2068 labi,
2160 2014 2284 2071 aut,
2332 2009 2751 2071 Tribulationem
2796 2025 3074 2078 confestim
3113 2028 3240 2082 sub-

1670 2089 1916 2158 movisti,
1945 2094 2036 2147 sed
2062 2137 2076 2159 ,
2128 2096 2201 2150 Ea
2243 2111 2492 2156 manente
2539 2104 2772 2162 dilatasti
2813 2127 2940 2165 me:
2974 2115 3074 2170 hoc
3117 2128 3237 2183 est,

1670 2178 1936 2248 ingentem
1984 2185 2160 2241 cordis
2225 2189 2556 2248 latitudinem
2623 2205 2676 2251 et
2731 2200 3054 2270 voluptatem
3111 2178 3239 2263 mihi

1665 2271 1905 2326 attulisti.
1957 2273 2009 2328 Id
2057 2279 2199 2346 quod
2239 2282 2397 2336 etiam
2445 2285 2496 2338 in
2546 2288 2713 2342 tribus
2762 2295 2941 2360 pueris
2985 2299 3226 2369 contigit.

1665 2360 1846 2432 Neque
1891 2366 2071 2430 enim,
2118 2385 2224 2439 quo
2269 2375 2444 2429 minus
2489 2378 2540 2439 in
2585 2380 2853 2438 fornacem
2907 2387 3232 2454 inciderent,

1665 2453 1970 2521 prohibuit,
2001 2473 2099 2513 nec
2126 2475 2246 2515 cum
2275 2465 2617 2536 incidissent,
2647 2469 2912 2530 flammam
2943 2453 3234 2548 exstinxit,

1663 2557 1846 2598 verum
1871 2545 2123 2616 ﬂagrante
2149 2550 2365 2609 fornace
2392 2556 2722 2616 latitudinem
2749 2565 2878 2634 ipsis
2906 2571 3150 2637 pra:buit.

1733 2631 1871 2688 Deus
1895 2652 2090 2700 semper
2114 2644 2418 2699 consolatur.
2441 2677 2512 2688 —
2531 2650 2642 2705 Hoc
2671 2631 2850 2719 autem
2883 2631 3019 2714 Deus
3051 2677 3238 2732 perpe-

1663 2729 1756 2777 tuo
1794 2725 1968 2781 facere
1993 2733 2268 2787 consuevit
2301 2752 2315 2788 :
2343 2738 2482 2804 quod
2511 2740 2671 2795 etiam
2704 2742 2895 2799 Paulus
2935 2725 3238 2808 sultindica-

1662 2812 1786 2880 bat,
1840 2831 1959 2871 cum
2022 2819 2228 2878 diceret
2269 2843 2282 2879 :
2333 2826 2431 2892 Qui
2493 2834 2784 2888 consolatur
2847 2855 2939 2893 nos
2994 2842 3048 2895 in
3100 2848 3237 2899 omni

1664 2905 1998 2963 tribulatione.
2027 2911 2162 2978 Quin
2189 2914 2330 2971 aliud
2356 2933 2564 2990 quoque
2590 2923 2672 2978 his
2692 2927 2868 2982 verbis
2887 2930 3232 2990 demonstrat.

1662 2995 1920 3062 Quidnam
1948 3003 2158 3057 tandem
2190 3005 2373 3062 istud?
2401 3010 2603 3081 Nempe
2629 3017 2766 3084 quod
2799 3034 2904 3074 non
2942 3026 3104 3078 semel
3145 3035 3237 3081 aut

1663 3086 1885 3153 iterum,
1936 3091 2030 3146 sed
2081 3109 2295 3165 semper
2348 3098 2450 3156 hoc
2470 3098 2645 3158 faciat.
2685 3105 2868 3178 Neque
2909 3113 3051 3167 enim
3095 3132 3236 3172 nunc

1662 3181 1994 3248 consolatur,
2055 3201 2196 3241 nunc
2254 3205 2442 3248 rursus
2485 3193 2719 3264 deserit,
2775 3202 2868 3256 sed
2913 3219 3126 3274 semper
3171 3223 3235 3263 ac

1662 3284 1917 3367 perpetuo
1947 3274 2046 3329 hoc
2086 3278 2216 3346 agit.
2249 3279 2328 3334 Ob
2351 3281 2508 3352 idque
2553 3285 2724 3354 dixit,
2777 3291 2873 3357 Qui
2907 3297 3193 3352 consolatur
3214 3342 3231 3367 ,

1662 3379 1799 3430 non,
1836 3366 1935 3433 Qui
1978 3372 2264 3426 consolatus
2301 3384 2420 3439 est;
2459 3385 2542 3444 et,
2595 3378 2660 3433 In
2699 3385 2838 3436 omni
2868 3386 3220 3458 tribulatione,

1661 3473 1766 3512 non
1805 3460 1858 3513 in
1895 3459 1995 3516 hac
2029 3473 2189 3532 atque
2218 3465 2302 3520 illa
2325 3507 2339 3531 ,
2379 3471 2494 3532 sed,
2514 3469 2579 3525 In
2620 3475 2755 3527 omni
2779 3491 2798 3537 ;
2824 3489 2878 3530 ut
2908 3482 3155 3548 possimus
3183 3495 3234 3538 et

1659 3551 1758 3619 ipsi
1812 3554 2065 3606 consolari
2122 3572 2243 3623 eos,
2286 3558 2373 3627 qui
2410 3560 2463 3612 in
2500 3563 2638 3616 omni
2683 3581 2914 3634 pressura
2953 3582 3104 3638 sunt,
3145 3591 3238 3644 per

1659 3643 2048 3698 consolationem
2075 3686 2088 3712 ,
2115 3663 2216 3716 qua
2245 3652 2565 3706 consolamur
2588 3665 2635 3708 et
2657 3657 2756 3724 ipsi
2780 3675 2813 3712 a
2838 3659 2964 3714 Deo.
3000 3643 3230 3723 Videsne

1659 3733 1922 3800 quomodo
1985 3738 2381 3794 excusationem
2444 3754 2755 3813 priestruat,
2823 3749 2948 3804 dum
3016 3771 3219 3825 magna:

1660 3825 1933 3894 cujusdam
1981 3828 2284 3886 afﬁictionis
2331 3835 2684 3902 suspicionem
2727 3841 2952 3897 auditori
2995 3848 3232 3913 pra-bet?

1660 3919 1834 3987 Atque
1879 3922 2039 3976 etiam
2071 3937 2164 3992 per
2186 3921 2304 3980 haec
2346 3927 2458 3994 ipsa
2488 3929 2646 3983 verba
2677 3933 2990 3989 modestiam
3039 3954 3145 4007 pra:
3170 3957 3231 3998 se

1659 4007 1798 4076 fert,
1850 4026 1969 4066 cum
2015 4013 2086 4067 ait
2135 4016 2270 4071 hanc
2316 4033 2526 4088 quoque
2573 4023 2742 4091 ipsam
2794 4027 3228 4101 miserationem,

1662 4119 1765 4158 non
1795 4104 1863 4157 ob
1893 4104 2124 4174 ipsorum
2154 4108 2398 4164 meritum
2425 4125 2488 4166 ac
2517 4111 2855 4182 dignitatem,
2888 4121 2978 4174 sed
3009 4135 3225 4192 promer

1660 4210 1781 4261 eos,
1810 4196 1900 4265 qui
1938 4197 2005 4250 ab
2035 4199 2164 4267 ipsis
2187 4199 2472 4269 adjuvandi
2497 4215 2679 4270 erant,
2708 4210 3012 4278 contigisse.
3063 4215 3142 4268 Ob
3174 4216 3224 4270 id

1661 4285 1832 4349 enim,
1878 4286 2075 4355 inquit,
2125 4301 2222 4342 nos
2257 4291 2566 4346 consolatus
2610 4307 2723 4357 est,
2761 4306 2817 4350 ut
2857 4314 2954 4352 nos
2985 4312 3220 4357 mutuam

1660 4376 2078 4430 consolationem
2143 4379 2231 4431 alii
2283 4381 2403 4434 aliis
2457 4382 2822 4440 adhibeamus.
2889 4390 3060 4459 Atque
3100 4393 3223 4448 hinc

1662 4482 1867 4537 quoque
1903 4469 2264 4537 apostolorum
2311 4472 2618 4542 dignitatem
2663 4476 2928 4544 declarat,
2970 4482 3093 4536 dum
3127 4484 3228 4540 hoc

1662 4559 1890 4624 indicat,
1921 4561 2061 4630 quod
2090 4571 2436 4633 posteaquam
2463 4566 2654 4621 solatio
2680 4569 2900 4625 affectus
2927 4587 2988 4626 ac
3017 4589 3226 4630 recrea-

1663 4660 1747 4707 tus
1791 4651 1919 4718 fuit,
1968 4668 2074 4707 non
2104 4655 2244 4710 sicut
2269 4671 2367 4711 nos
2410 4659 2657 4728 supinum
2699 4676 2758 4715 se
2783 4672 2941 4734 atque
2980 4667 3225 4736 ignavum
3292 4711 3295 4715 .

1662 4744 1930 4813 praebeat,
1962 4759 2146 4799 verum
2175 4745 2242 4800 ad
2264 4746 2622 4804 cohortandos
2647 4761 2806 4822 atque
2834 4755 3228 4814 conﬁrmandos

1663 4835 2044 4891 etexcitandos
2064 4837 2200 4891 alios
2216 4839 2601 4909 progrediatur.
2630 4842 2764 4898 Sunt
2787 4846 2945 4900 etiam
2971 4850 3058 4918 qui
3091 4849 3229 4907 hunc

1662 4927 1835 4982 locum
1882 4928 1959 4982 sic
1997 4938 2300 4997 exponant,
2323 4943 2388 4984 ac
2406 4929 2455 4985 si
2485 4932 2769 5001 Apostolus
2814 4936 2953 4992 dicat
2984 4957 2998 4996 :
3031 4941 3229 4996 Conso-

1663 5017 1790 5073 latio
1836 5029 2015 5074 nostra
2072 5021 2296 5075 aliorum
2355 5038 2563 5092 quoque
2619 5027 2912 5084 consolatio
2949 5041 3048 5085 est.
3089 5034 3224 5099 Quin

1662 5108 1792 5162 mihi
1817 5109 1975 5164 etiam
2000 5111 2116 5180 ipse
2149 5112 2199 5164 in
2231 5111 2389 5167 falsos
2428 5115 2698 5182 apostolos
2718 5157 2734 5182 ,
2766 5120 2852 5187 qui
2881 5120 3143 5178 incassum
3174 5140 3234 5180 se

1659 5200 1966 5269 jactabant,
2012 5201 2263 5270 domique
2309 5202 2624 5259 desidebant
2656 5222 2718 5261 ac
2760 5209 2965 5265 deliciis
3013 5229 3228 5283 operam

1664 5289 1894 5355 dabant,
1936 5306 2032 5361 per
2075 5292 2376 5361 hujusmodi
2426 5298 2740 5363 procemium
2771 5300 2946 5355 invehi
2985 5305 3230 5372 videtur;

1665 5396 1847 5436 verum
1875 5381 2133 5446 obscure,
2179 5396 2242 5436 ac
2283 5383 2426 5437 velut
2455 5384 2645 5441 obiter.
2677 5387 2942 5444 Caeterum
2971 5395 3234 5463 pracipue

1665 5471 1716 5524 id
1743 5473 1967 5542 agebat,
2018 5482 2073 5527 ut
2123 5474 2476 5529 cunctationis
2519 5491 2582 5532 ac
2626 5481 2961 5550 negligentiae
2999 5492 3175 5537 notam
3203 5500 3234 5539 a

1666 5577 1723 5618 se
1753 5565 2061 5634 depelleret.
2112 5565 2244 5619 Nam
2273 5567 2318 5619 si
2351 5578 2630 5636 propterea
2678 5574 3039 5626 consolatione
3067 5573 3236 5629 afﬁci-

1671 5672 1825 5723 mur,
1888 5665 1946 5710 ut
2000 5657 2118 5710 aliis
2174 5673 2386 5728 quoque
2441 5660 2860 5717 consolationem
2911 5662 3230 5736 aderamus,
