3802 6312
355 263 464 324 38⁸1

358 378 575 439 crimini
616 392 685 436 ne
712 379 907 434 vertite
926 417 941 441 ,
980 375 1123 447 quod
1154 374 1220 429 ad
1252 389 1349 429 vos
1376 389 1480 428 non
1506 367 1893 426 accesserimus
1924 380 1941 418 :

357 476 404 531 si
440 471 657 544 quidem
696 470 853 526 nobis
882 483 1044 524 omne
1074 476 1283 537 tempus
1314 465 1366 519 in
1397 462 1607 519 insidiis
1632 468 1688 516 et
1712 457 1945 514 invasio-

359 565 517 621 nibus
538 604 555 631 ,
585 560 1029 633 depellendisque
1058 555 1430 628 ingruentibus
1454 551 1709 625 periculis
1735 548 1945 605 tereba-

361 666 468 711 tttr.
498 656 550 710 5.
603 653 857 720 Quoniam
900 651 1030 705 sicut
1076 647 1338 703 abundant
1383 645 1571 700 Christi
1604 642 1861 714 passiones
1890 639 1944 692 in

359 746 523 812 nobis,
545 747 616 798 ita
634 744 786 798 etiam
809 757 898 811 per
915 737 1171 795 Christum
1193 736 1418 791 abundat
1449 733 1730 788 consolatio
1751 739 1942 784 nostra.

360 836 571 890 Etenim
622 849 690 887 ne
747 831 1134 900 discipulorum
1178 828 1388 883 animos
1437 824 1771 881 calamitates
1818 834 1945 875 suas

361 928 587 980 nimium
613 922 989 994 exaggerando
1018 926 1394 976 consternaret
1412 957 1429 983 ,
1456 915 1691 972 ostendit
1733 927 1944 967 rursum

360 1021 630 1089 ingentem
658 1032 871 1087 quoque
898 1013 1287 1070 consolationis
1314 1010 1526 1081 copiam
1565 1022 1689 1063 esse
1717 1024 1732 1061 :
1760 1005 1945 1074 sicque

360 1110 570 1163 animos
598 1122 782 1163 eorum
810 1106 986 1176 erigit.
1014 1104 1201 1173 Neque
1231 1102 1331 1157 hac
1360 1109 1563 1155 tantum
1586 1098 1817 1161 ratione,
1848 1093 1946 1150 sed

362 1216 430 1257 eo
474 1202 669 1261 etiam,
722 1196 863 1265 quod
892 1212 987 1250 eos
1016 1193 1218 1251 Christi
1269 1191 1622 1254 submoneat,
1674 1188 1946 1257 ipsiusque

361 1292 641 1362 passiones
694 1304 816 1343 esse
861 1295 1109 1340 asserat:
1142 1293 1301 1352 atque
1348 1290 1475 1335 ante
1521 1274 1943 1333 consolationem

360 1385 429 1439 ah
457 1384 586 1451 ipsis
609 1394 822 1451 quoque
850 1375 1242 1434 calamitatibus
1265 1370 1686 1428 consolationem
1718 1367 1939 1422 inducit.

358 1477 496 1546 Quid
538 1476 679 1530 enim
711 1473 925 1527 suavius
969 1484 1033 1524 ac
1071 1465 1395 1538 jucundius,
1440 1479 1602 1534 quam
1630 1478 1715 1517 me
1740 1460 1945 1517 Christi

359 1569 565 1624 socium
592 1564 763 1628 effici,
793 1572 953 1631 atque
984 1561 1149 1630 ipsius
1187 1572 1348 1614 causa
1376 1557 1491 1611 haec
1516 1551 1760 1624 perpeti?
1805 1550 1944 1621 Quid

359 1675 482 1716 cum
515 1658 613 1713 hac
642 1654 1008 1711 consolatione
1032 1647 1498 1721 comparandum?
1527 1646 1638 1701 Nec
1660 1659 1790 1699 vero
1820 1643 1947 1698 hinc

360 1760 599 1814 tantum,
631 1747 725 1804 sed
767 1744 992 1801 aliunde
1038 1756 1253 1814 quoque
1279 1754 1500 1806 eorum,
1547 1736 1639 1807 qui
1667 1734 1945 1792 calamita-

359 1845 502 1900 tibus
542 1840 953 1904 eonﬂietantur,
1003 1836 1214 1891 animos
1257 1832 1473 1888 attollit.
1525 1829 1680 1885 Unde
1729 1827 1943 1883 tandem

356 1934 616 1991 aliunde?
664 1934 798 1988 Hine
849 1943 1079 2000 nempe,
1131 1926 1277 1999 quod
1324 1926 1432 1992 ait,
1489 1923 1783 1978 Abundant.
1824 1921 1943 1977 Non

359 2028 504 2084 enim
534 2025 704 2091 dixit,
737 2020 1200 2090 Quemadmodum
1246 2015 1445 2073 Christi
1476 2016 1755 2087 passiones
1790 2015 1946 2070 nobis

360 2120 649 2190 ingruunt,
696 2115 824 2179 sed,
876 2113 1022 2169 Sicut
1065 2109 1349 2183 abundant.
1378 2108 1584 2176 Quibus
1610 2106 1788 2163 verbis
1816 2106 1945 2161 illud

358 2208 627 2273 ostendit,
656 2204 798 2277 quod
842 2218 949 2258 non
998 2201 1159 2257 modo
1206 2200 1348 2255 illius
1392 2199 1692 2266 cruciatus,
1738 2199 1833 2254 sed
1862 2198 1946 2252 his

360 2315 573 2372 quoque
628 2299 808 2367 plures
855 2293 1153 2365 perferant.
1209 2291 1325 2347 Non
1374 2292 1560 2357 enim,
1618 2291 1821 2361 inquit,
1880 2305 1943 2345 ea

363 2392 769 2453 tantummodo,
801 2404 921 2460 quae
951 2388 1065 2458 ipse
1095 2400 1285 2457 passus
1312 2392 1427 2451 est,
1471 2383 1781 2453 pertulimus
1804 2423 1818 2447 ,
1848 2398 1947 2438 ve-

359 2500 477 2539 rum
507 2484 591 2538 his
610 2483 768 2537 etiam
792 2480 1074 2549 ampliora.
1101 2477 1190 2532 Sic
1212 2476 1357 2531 enim
1377 2474 1659 2530 considera
1689 2492 1702 2527 :
1726 2482 1949 2529 vexatus

359 2584 481 2642 est,
533 2572 1000 2645 persequutionem
1058 2582 1245 2639 passus
1295 2576 1379 2622 est
1423 2566 1669 2621 Christus
1699 2606 1713 2629 ,
1769 2564 1948 2635 ﬂagris

359 2682 533 2723 caesus
560 2674 645 2721 est
664 2705 678 2728 ,
725 2671 971 2718 mortuus
997 2668 1102 2716 est.
1132 2660 1201 2714 At
1230 2673 1330 2714 nos
1354 2698 1369 2723 ,
1416 2659 1589 2728 inquit
1615 2698 1631 2724 ,
1683 2656 1768 2712 his
1796 2657 1947 2726 plura

361 2760 595 2831 patimur
620 2773 634 2812 :
662 2755 804 2827 quod
849 2753 1066 2825 quidem
1092 2752 1179 2807 vel
1208 2750 1381 2806 solum
1412 2750 1479 2805 ad
1522 2750 1947 2805 consolationem

363 2853 494 2910 satis
521 2866 643 2907 esse
672 2856 853 2919 queat.
880 2845 988 2901 Nec
1017 2845 1298 2916 quisquam
1328 2843 1469 2898 hunc
1505 2856 1811 2897 sermonem
1856 2856 1945 2895 ar-

363 2944 619 3017 rogantia:
661 2957 726 2997 ac
766 2938 1081 2995 temeritatis
1124 2936 1343 2992 damnet
1377 2954 1389 2991 :
1425 2950 1547 2990 nam
1597 2944 1653 2990 et
1696 2935 1801 2989 alio
1831 2934 1950 2989 loco

363 3037 477 3089 ait:
516 3033 670 3087 Nunc
715 3030 909 3101 gaudeo
937 3032 990 3083 in
1034 3027 1353 3099 passionibus
1401 3027 1563 3093 meis,
1612 3036 1763 3098 atque
1786 3027 1952 3080 adim-

365 3128 477 3199 pleo
520 3143 582 3181 ea
607 3138 720 3196 qua:
757 3122 937 3177 desunt
980 3117 1299 3192 passionibus
1340 3118 1528 3174 Christi
1556 3120 1608 3174 in
1656 3136 1809 3173 carne
1841 3135 1952 3173 mea

364 3218 603 3290 (Coloss.
634 3217 685 3270 l.
714 3214 750 3269 4
777 3214 821 3285 ).
854 3215 923 3268 At
950 3221 1195 3268 neutrum
1228 3211 1419 3266 horum
1451 3212 1767 3266 temeritatis
1793 3212 1952 3266 uilius

364 3322 419 3367 et
452 3310 770 3381 arrogantia:
794 3316 895 3363 est.
920 3306 1069 3363 Sicut
1094 3306 1234 3361 enim
1262 3304 1508 3373 discipuli
1540 3306 1763 3374 majora,
1793 3320 1953 3373 quam

365 3406 513 3475 ipse,
558 3401 810 3458 miracula
866 3400 1145 3465 fecerunt;
1206 3397 1306 3464 Qui
1358 3399 1491 3452 enim
1534 3400 1693 3452 credit
1740 3399 1795 3452 in
1839 3415 1950 3464 me,

367 3494 560 3565 inquit,
584 3494 783 3563 majora
804 3492 882 3545 Itis
904 3492 1056 3562 faciet
1081 3490 1260 3563 (Joan.
1283 3490 1371 3545 ιι.
1398 3488 1522 3561 η);
1568 3498 1740 3545 totum
1771 3499 1952 3546 autem

367 3587 467 3656 ipsi
488 3584 828 3647 adscribitur,
847 3582 935 3654 qui
954 3582 1006 3636 in
1027 3582 1156 3652 ipsis
1174 3581 1528 3651 operabatur:
1549 3581 1626 3637 sic
1647 3582 1807 3637 etiam
1834 3582 1954 3652 plu-

367 3693 626 3750 ra,quam
657 3677 790 3745 ipse,
814 3674 1054 3747 perpessi
1082 3683 1248 3740 sunt;
1276 3683 1330 3727 at
1353 3674 1666 3728 universum
1698 3672 1799 3728 hoc
1830 3688 1954 3728 rur-

368 3785 463 3825 sus
483 3769 584 3838 ipsi
608 3766 841 3822 adscribi
860 3765 1039 3830 debet,
1057 3765 1148 3836 qui
1168 3777 1262 3819 eos
1283 3763 1685 3830 consolabatur,
1706 3773 1864 3835 atque
1883 3766 1954 3820 ita

369 3862 733 3933 comparabat,
752 3859 1118 3930 utingruentia
1141 3858 1280 3913 mala
1300 3857 1420 3913 forti
1442 3859 1620 3913 animo
1633 3857 1951 3929 perferrent.

442 3956 498 4011 4.
538 3952 693 4010 Unde
723 3954 884 4006 etiam
912 3950 1129 4016 Paulus,
1157 3964 1315 4020 quam
1342 3950 1553 4005 excelse
1579 3949 1831 4019 loquutus
1860 3963 1952 4004 es-

371 4057 476 4113 set,
508 4058 837 4117 agnoscens,
870 4042 993 4098 vide
1022 4040 1293 4111 quomodo
1321 4042 1422 4096 hoc
1449 4055 1635 4096 rursus
1665 4041 1748 4095 his
1777 4040 1956 4097 verbis

375 4143 601 4210 mitiget,
621 4140 646 4192 ι
656 4150 707 4192 ta
736 4146 778 4192 et
808 4154 897 4209 per
918 4136 1175 4192 Christum
1200 4135 1424 4189 abundat
1450 4134 1729 4189 consolatio
1758 4143 1956 4199 nostra;

374 4245 542 4290 totum
575 4234 673 4287 hoc
711 4240 987 4300 acceptum
1014 4230 1089 4283 illi
1115 4226 1379 4295 referens,
1411 4235 1571 4297 atque
1602 4226 1769 4297 ipsius
1800 4227 1955 4282 beni-

372 4326 629 4399 gnitatem
673 4321 987 4394 praedicans.
1018 4318 1139 4375 Non
1169 4319 1334 4384 enim,
1368 4317 1559 4388 inquit,
1589 4328 1786 4388 quanta
1816 4318 1957 4372 cala-

374 4420 599 4486 mitate,
647 4424 792 4472 tanta
848 4427 1061 4486 quoque
1095 4412 1460 4468 consolatione
1510 4410 1807 4477 afficimur,
1861 4410 1958 4465 sed

374 4515 543 4571 multo
568 4512 790 4582 majore.
834 4508 1018 4580 Neque
1045 4507 1189 4563 enim
1216 4506 1367 4571 dixit,
1395 4504 1707 4562 Consolatio
1735 4504 1959 4559 calami-

373 4614 513 4660 tates
542 4612 738 4675 :equat,
766 4600 884 4668 sed,
916 4598 1156 4655 Abundat
1174 4598 1451 4652 consolatio
1470 4611 1490 4661 ;
1512 4596 1582 4651 ita
1622 4604 1683 4650 ut
1705 4596 1960 4651 certami-

376 4712 502 4753 uum
531 4704 743 4767 tempus
760 4734 775 4759 ,
804 4693 1029 4749 aliarum
1055 4702 1243 4745 rursus
1283 4701 1605 4743 coronarum
1628 4694 1841 4757 tempus
1865 4687 1956 4741 sit.

374 4788 512 4857 Quid
528 4788 693 4855 enim,
712 4799 917 4857 quaeso,
938 4791 1047 4839 tam
1068 4781 1307 4852 amplum
1335 4794 1399 4835 ac
1438 4780 1776 4851 praclarum,
1799 4794 1957 4850 quam

376 4879 448 4934 ob
465 4877 735 4933 Christum
760 4876 940 4947 ﬂagris
959 4873 1117 4940 caedi,
1139 4882 1194 4929 et
1213 4887 1337 4929 cum
1362 4872 1473 4927 Deo
1500 4871 1752 4943 colloqui,
1781 4872 1960 4927 omni-

377 4971 584 5039 busque
613 4968 808 5024 robore
842 4977 1121 5039 praestare,
1152 4979 1216 5020 ac
1252 4973 1667 5037 persequutores
1707 4963 1956 5033 vincere,

379 5074 553 5130 neque
577 5059 644 5114 ab
672 5059 920 5114 universo
944 5066 1211 5114 terrarum
1236 5056 1369 5112 orbe
1396 5055 1566 5126 subigi
1589 5064 1640 5111 et
1670 5056 1961 5128 expugnari

379 5166 561 5224 posse,
590 5161 748 5220 atque
768 5151 1031 5220 ejusmodi
1052 5153 1189 5207 bona
1220 5151 1343 5206 hinc
1363 5158 1697 5221 exspectare,
1721 5165 1840 5221 quae
1862 5166 1961 5207 nec

376 5241 565 5298 oculus
594 5240 765 5307 vidit,
798 5255 898 5296 nec
946 5242 1092 5297 auris
1116 5241 1355 5305 audivit,
1388 5255 1490 5296 nec
1532 5242 1583 5296 in
1611 5256 1704 5296 cor
1729 5241 1962 5297 hominis

378 5332 770 5389 ascenderunt?
790 5332 916 5403 quid
938 5340 1043 5387 tam
1072 5334 1363 5404 egregium,
1381 5347 1538 5402 quam
1566 5332 1778 5403 pietatis
1803 5347 1962 5387 causa

379 5427 572 5498 premi,
614 5435 771 5496 atque
815 5426 1108 5481 innumeris
1159 5426 1255 5481 Dei
1310 5426 1766 5482 consolationibus
1814 5425 1959 5493 frui,

378 5534 443 5575 ac
483 5529 563 5575 tot
601 5520 873 5591 tantisque
902 5518 1134 5589 peccatis
1160 5516 1408 5582 liberari,
1452 5525 1506 5572 et
1534 5517 1735 5587 Spiritu
1775 5525 1961 5571 sancto

378 5620 435 5666 et
479 5613 763 5669 sanctitate
802 5619 963 5683 atque
1008 5609 1209 5681 justitia
1254 5609 1463 5675 donari,
1496 5624 1595 5664 nec.
1639 5625 1960 5680 quemquam

380 5710 617 5762 metuere
645 5719 707 5761 ac
733 5705 1170 5777 perhorrescere,
1203 5708 1363 5773 atque
1393 5700 1444 5755 in
1476 5701 1717 5771 ipsismet
1745 5700 1957 5771 perieu~

1069 260 1127 318 S.
1165 256 1443 317 JOANNIS
1476 248 1948 312 CHRYSOSTOMI
1988 246 2306 303 ARCHIEP.
2344 243 2876 305 CONSTANTINOP.

3533 249 3646 307 588

2054 360 2121 415 lis
2162 362 2351 432 quovis
2388 360 2811 429 splendidiorem
2853 358 3068 418 videri?
3094 359 3173 418 Ne
3193 359 3356 433 igitur
3384 362 3439 420 in
3466 372 3646 420 tenta-

2052 453 2287 508 tionibus
2328 453 2510 509 animo
2558 453 2894 524 dejiciamur.
2916 452 3087 509 Nemo
3115 456 3261 510 enim
3288 455 3502 511 deliciis
3523 467 3645 512 stu-

2050 543 2186 600 dens
2201 554 2255 600 et
2274 545 2549 601 dormiens
2569 559 2632 600 ac
2650 544 2932 616 languens,
2945 561 3068 600 eum
3086 547 3302 603 Christo
3323 548 3643 604 societatem

2050 636 2245 705 habet;
2272 653 2432 693 nemo
2451 652 2663 703 eorum,
2689 638 2780 708 qui
2810 638 3046 694 molliter
3070 654 3132 695 ac
3160 642 3387 697 remisse
3412 642 3600 697 vivunt
3624 660 3643 702 :

2050 732 2235 789 verum
2258 733 2303 789 is
2330 732 2545 789 demum
2574 733 2651 789 illi
2673 734 2880 789 vicinus
2906 743 3008 800 est,
3039 735 3127 805 qui
3158 734 3211 789 in
3241 736 3548 791 calamitate
3574 751 3644 792 ae

2052 824 2347 879 tentatione
2376 834 2659 889 versatur,
2703 832 2864 894 atque
2904 834 3113 879 arctum
3161 825 3286 881 vita:
3337 827 3440 882 iter
3470 836 3640 884 tenet.

2050 914 2182 969 Nam
2214 915 2328 984 ipse
2365 931 2578 987 quoque
2623 915 2723 970 hac
2749 916 2833 970 via
2860 915 3078 971 incessit
3104 934 3118 970 :
3148 931 3380 988 eamque
3407 917 3480 972 ob
3505 934 3643 974 cau-

2049 1022 2165 1062 sam
2185 1007 2418 1073 dicebat,
2437 1006 2603 1062 Filius
2619 1006 2839 1062 hominis
2857 1024 2960 1061 non
2980 1006 3126 1061 liabet
3150 1008 3236 1061 ubi
3254 1018 3410 1079 caput
3432 1011 3644 1064 reclinet

2053 1095 2267 1170 (Matth.
2297 1099 2352 1153 8.
2387 1098 2502 1171 20).

2124 1188 2189 1242 In
2217 1190 2589 1245 calamitatibus
2614 1191 2866 1262 quomodo
2904 1191 3174 1263 agendum.
3203 1223 3276 1235 —
3306 1193 3545 1250 Proinde
3575 1210 3645 1251 ne

2049 1280 2230 1335 animo
2256 1280 2597 1336 discrucieris
2622 1323 2636 1343 ,
2664 1297 2785 1336 cum
2810 1281 3115 1339 calamitate
3139 1285 3405 1354 premeris
3421 1324 3439 1351 ,
3468 1287 3649 1340 anim-

2048 1372 2340 1428 advertens
2365 1373 2449 1428 cui
2476 1374 2860 1437 communices,
2882 1382 2935 1429 et
2963 1390 3194 1446 quonam
3218 1376 3381 1431 modo
3405 1393 3506 1447 per
3531 1386 3650 1434 terr

2050 1465 2279 1519 taliones
2306 1466 2572 1519 scelerum
2624 1465 2861 1521 maculas
2897 1467 3083 1534 cluas,
3115 1477 3485 1540 quantumque
3514 1472 3646 1528 inde

2049 1554 2280 1611 fructum
2310 1556 2531 1613 referas.
2562 1558 2703 1613 Nihil
2725 1561 2869 1615 enim
2900 1560 3042 1616 aliud
3079 1577 3242 1632 grave
3282 1573 3444 1633 atque
3482 1580 3643 1620 acer-

2050 1647 2177 1702 bum
2206 1658 2328 1715 est,
2358 1665 2516 1719 quam
2565 1650 2616 1704 in
2664 1651 2757 1706 Dei
2800 1651 3148 1707 offensionem
3203 1653 3501 1712 incurrere.
3528 1657 3646 1713 Hoc

2050 1732 2282 1799 sublato,
2311 1748 2418 1788 non
2460 1733 2699 1800 afﬂictio,
2730 1751 2836 1791 non
2864 1736 3069 1792 insidiae
3099 1778 3114 1801 ,
3142 1753 3251 1793 non
3291 1739 3439 1795 aliud
3485 1742 3645 1812 quid.

2050 1838 2210 1893 quam
2253 1824 2572 1896 prudentem
2620 1828 2854 1882 animam
2903 1829 3146 1884 molestia
3191 1829 3412 1887 afficere
3454 1844 3637 1903 queat.

2050 1914 2190 1983 Quin
2223 1917 2418 1985 potius,
2438 1918 2891 1988 quemadmodum
2920 1921 2966 1975 si
2994 1922 3240 1992 exiguam
3266 1923 3561 1980 scintillam
3589 1927 3642 1980 in

2022 2026 2305 2083 magnum
2335 2013 2553 2084 pelagus
2591 2013 2817 2083 injicias,
2845 2029 2962 2070 eam
2990 2016 3236 2085 protinus
3262 2018 3593 2073 exstinxeris
3625 2036 3641 2073 :

2048 2107 2241 2167 eodem
2268 2106 2429 2163 modo
2454 2106 2698 2163 molestia
2728 2109 2923 2173 omnis,
2957 2109 3249 2179 quamlibet
3272 2110 3488 2182 ingens.
3513 2113 3561 2169 si
3589 2113 3644 2168 in

2050 2198 2289 2254 animum
2317 2199 2454 2255 bene
2478 2198 2578 2253 sibi
2600 2200 2875 2255 conscium
2901 2200 3166 2263 inciderit.
3186 2202 3471 2258 confestim
3504 2205 3645 2273 perit

2050 2299 2106 2346 et
2148 2290 2442 2345 evanescit.
2473 2288 2599 2346 ideo
2643 2290 2838 2345 Paulus
2884 2290 3045 2346 etiam
3093 2306 3308 2362 semper
3347 2294 3642 2364 gaudebat,

2051 2381 2481 2451 quandoquidem
2530 2380 2585 2435 in
2633 2381 2699 2436 iis
2740 2382 3081 2454 rebus,qua:
3134 2383 3332 2440 divina:
3377 2388 3644 2443 voluntati

2051 2482 2428 2529 consentaneae
2474 2483 2667 2540 erant,
2708 2473 2961 2530 ﬁdentem
3004 2476 3240 2531 animum
3286 2479 3551 2548 gerebat;
3582 2496 3646 2535 ac

2052 2572 2129 2618 tot
2169 2564 2306 2619 mala
2357 2579 2428 2619 ne
2466 2564 2683 2636 quidem
2728 2566 3027 2632 sentiebat,
3051 2582 3235 2623 verum
3265 2571 3520 2639 quamvis
3545 2613 3560 2637 ,
3590 2583 3646 2627 ut

2053 2656 2237 2724 homo,
2266 2656 2451 2713 dolore
2481 2667 2809 2729 tangeretur,
2836 2674 2942 2713 nou
2973 2671 3148 2715 tamen
3176 2662 3357 2716 animo
3382 2665 3647 2719 concide-

2052 2750 2162 2806 bat.
2185 2749 2276 2806 Sic
2316 2752 2616 2821 patriarcha
2636 2767 2848 2823 quoque
2882 2752 2973 2808 ille
3001 2754 3055 2807 in
3085 2754 3280 2825 gaudio
3301 2757 3643 2825 versabatur,

2055 2845 2265 2900 tametsi
2292 2845 2478 2916 gravia
2509 2849 2672 2900 multa
2693 2847 3002 2901 sustineret.
3032 2846 3122 2902 Sic
3145 2847 3288 2902 enim
3320 2851 3602 2917 perpende
3630 2867 3643 2903 :

2054 2936 2223 3006 patria
2270 2936 2507 3001 excidit,
2534 2936 2718 3007 longas
2775 2952 2838 2991 ac
2881 2938 3134 2993 molestas
3180 2941 3648 3010 peregrinationes

2055 3027 2253 3093 subiit;
2284 3036 2466 3096 atque,
2498 3042 2617 3082 cum
2673 3028 2723 3081 in
2774 3028 3003 3083 alienam
3057 3029 3327 3100 regionem
3378 3033 3644 3099 venisset,

2055 3133 2121 3173 ne
2147 3118 2300 3189 pedis
2324 3117 2540 3187 quidem
2566 3119 2847 3189 vestigium
2870 3119 3118 3175 habebat.
3142 3120 3275 3175 Hinc
3304 3138 3497 3177 rursus
3524 3140 3645 3179 eum

2056 3211 2226 3266 fames
2251 3211 2480 3278 excepit,
2510 3225 2572 3265 ac
2599 3212 2771 3266 solum
2801 3220 3013 3266 vertere
3055 3213 3266 3283 coegit;
3299 3212 3501 3269 famem
3529 3232 3649 3269 rur-

2056 3320 2172 3359 sum
2204 3305 2386 3359 uxoris
2425 3304 2632 3373 ereptio
2672 3313 2895 3374 sequuta
2922 3312 3044 3370 est,
3076 3319 3140 3359 ae
3167 3305 3357 3360 mortis
3388 3315 3571 3363 metus
3598 3318 3650 3363 et

2056 3398 2310 3452 sterilitas
2333 3404 2388 3450 et
2408 3395 2605 3450 bellum
2636 3402 2689 3449 et
2713 3394 2946 3465 pericula
2968 3404 3024 3450 et
3046 3394 3273 3463 insidiae,
3298 3410 3361 3450 ac
3385 3396 3647 3469 denique,

2056 3489 2198 3560 quod
2216 3502 2575 3543 aerumnarum
2596 3496 2757 3556 caput
2776 3494 2911 3554 erat,
2935 3487 3193 3558 unigeniti
3208 3496 3262 3543 et
3278 3492 3390 3543 cari
3412 3489 3513 3544 filii
3538 3506 3652 3545 ma-

2057 3580 2244 3645 elatio,
2270 3580 2379 3646 illa,
2407 3580 2643 3649 inquam,
2664 3579 3068 3635 acerbissimum
3086 3588 3246 3650 atque
3272 3579 3651 3638 immedicabi-

2057 3674 2161 3729 letn
2180 3672 2421 3728 dolorem
2438 3672 2695 3727 efferens.
2717 3671 2900 3741 Neque
2920 3672 3061 3727 enim
3083 3673 3377 3739 existimes,
3394 3678 3652 3745 quoniam

2058 3776 2309 3840 prompto
2328 3781 2391 3822 ac
2414 3766 2599 3821 libenti
2625 3765 2807 3820 animo
2829 3764 2942 3820 Deo
2969 3765 3161 3835 paruit,
3177 3765 3379 3820 ideirco
3399 3768 3538 3821 citra
3568 3769 3652 3824 ui-

2059 3858 2170 3913 lum
2191 3856 2394 3913 doloris
2414 3870 2632 3911 sensum
2655 3856 2742 3910 illa
2764 3856 2941 3911 omnia
2970 3855 3272 3926 pertulisse.
3297 3856 3430 3911 Nam
3455 3860 3652 3913 etiam-

2059 3953 2104 4010 si
2138 3952 2337 4008 millies
2359 3952 2539 4022 justus
2565 3949 2767 4014 fuisset,
2800 3958 2856 4004 ut
2882 3964 3071 4005 revera
3108 3958 3245 4015 erat,
3272 3956 3454 4005 tamen
3487 3952 3651 4005 homo

2061 4055 2196 4113 erat,
2228 4061 2397 4116 eaque
2444 4060 2564 4115 qua:
2609 4053 2795 4099 natura
2827 4046 2967 4109 fert,
2993 4041 3313 4113 patiebatur.
3347 4044 3418 4097 At
3468 4043 3649 4113 ipsum

2063 4149 2238 4194 tamen
2263 4138 2394 4191 nihil
2423 4137 2611 4191 horum
2642 4136 2904 4206 perculit;
2934 4134 3027 4189 sed
3056 4134 3207 4189 fortis
3234 4134 3452 4189 athleta:
3481 4136 3654 4191 instar

2061 4230 2320 4297 constitit,
2353 4239 2511 4299 atque
2543 4231 2594 4283 in
2622 4242 2725 4282 uno
2749 4242 2960 4297 quoque
2989 4226 3178 4281 horum
3219 4226 3499 4281 victoriam
3525 4228 3654 4283 ade-

2064 4331 2184 4394 ptus
2211 4330 2313 4376 est.
2340 4320 2421 4375 Ad
2450 4320 2695 4375 eumdem
2726 4318 2939 4373 modum
2968 4318 3153 4372 beatus
3180 4333 3392 4388 quoque
3424 4318 3648 4383 Paulus,

2062 4430 2182 4469 cum
2204 4412 2509 4482 frequentes
2525 4411 2841 4466 aiﬂictiones
2861 4410 3099 4480 quolibet
3118 4410 3203 4465 die
3225 4410 3275 4464 in
3299 4424 3357 4465 se
3379 4411 3652 4467 irruentes

2064 4505 2413 4576 perspiceret,
2439 4502 2577 4557 haud
2609 4517 2764 4557 secus
2789 4516 2852 4556 ac
2877 4501 2920 4555 si
2950 4502 3003 4555 iu
3050 4500 3229 4556 medio
3260 4501 3515 4571 paradiso
3560 4502 3652 4557 de-

2062 4608 2231 4668 geret,
2264 4596 2333 4650 ita
2374 4594 2637 4665 gaudebat
2682 4601 2737 4648 et
2787 4591 3105 4647 exsultabat.
3129 4590 3200 4648 lit
3241 4593 3401 4662 igitur
3442 4594 3488 4648 is
3512 4636 3528 4658 ,
3564 4596 3651 4665 qui

2064 4686 2367 4758 bujusmodi
2393 4684 2588 4756 gaudio
2612 4683 2823 4749 fruitur,
2853 4698 2883 4736 a
2911 4697 3144 4739 maerore
3191 4683 3355 4754 arripi
3404 4699 3516 4738 non
3562 4700 3653 4755 po-

2066 4783 2170 4829 test
2199 4789 2213 4828 :
2245 4772 2323 4827 sic
2342 4771 2433 4842 qui
2460 4769 2587 4826 illud
2618 4770 2837 4824 minime
2865 4769 3144 4840 amplexus
3182 4780 3282 4835 est,
3312 4784 3341 4823 a
3372 4770 3653 4840 quibusvis

2064 4864 2227 4934 arripi
2258 4873 2313 4918 et
2339 4863 2629 4932 expugnari
2657 4871 2834 4931 potest
2867 4875 2969 4916 :ac
3008 4860 3231 4931 perinde
3259 4863 3309 4917 ei
3337 4863 3562 4930 accidit,
3596 4873 3651 4919 ut

2064 4958 2115 5015 ei
2140 4958 2228 5028 qui
2259 4955 2614 5011 imbecillibus
2650 4952 2816 5009 armis
2842 4954 3132 5008 instructus
3158 4964 3259 5017 est,
3284 4970 3348 5010 ac
3374 4957 3461 5011 vel
3494 4957 3650 5013 levis-

2066 5051 2202 5106 simo
2226 5050 2331 5103 ictu
2358 5048 2658 5113 sauciatur;
2680 5062 2799 5101 cum
2826 5055 3013 5102 contra
3040 5046 3085 5102 is
3103 5048 3193 5117 qui
3220 5048 3388 5118 probe
3414 5050 3651 5119 undique

2064 5148 2303 5196 armatus
2328 5147 2432 5205 est,
2458 5138 2757 5210 ingruentia
2785 5138 2963 5193 omnia
2990 5138 3093 5193 tela
3123 5140 3413 5208 propulset.
3435 5140 3651 5197 Etenim

2065 5231 2342 5304 quibusvis
2367 5230 2529 5285 armis
2557 5228 2761 5283 firmior
2787 5243 2853 5283 ac
2878 5230 3144 5284 valentior
3182 5240 3263 5284 est
3289 5230 3541 5301 voluptas
3569 5248 3649 5296 ea,

2066 5341 2185 5396 quae
2210 5322 2502 5379 secundum
2538 5323 2702 5377 Deum
2736 5322 3068 5393 percipitur:
3102 5338 3200 5377 nec
3224 5322 3518 5392 quidquam
3549 5335 3647 5389 est,

2068 5419 2209 5489 quod
2234 5417 2536 5487 huiusmodi
2557 5416 2726 5470 virum
2755 5415 2809 5471 in
2838 5417 3102 5471 tristitiam
3132 5431 3194 5471 ac
3220 5431 3509 5472 maerorem
3536 5434 3650 5472 eon-

2064 5512 2232 5582 jieere
2261 5519 2457 5581 queat,
2492 5524 2673 5563 verum
2714 5509 2892 5562 omnia
2922 5507 3041 5560 forti
3089 5522 3151 5561 ac
3178 5523 3445 5576 generoso
3475 5512 3649 5563 atiiiuo

2072 5604 2289 5676 perfert.
2319 5601 2455 5669 Quid
2482 5600 2622 5654 enim
2650 5599 2771 5668 igne
2796 5598 3053 5667 gravius?
3077 5597 3198 5668 quid
3229 5600 3505 5667 perpetuis
3543 5614 3651 5653 cru-

2070 5700 2305 5756 ciatibus
2330 5694 2608 5752 acerbius?
2645 5693 2774 5748 Nam
2815 5702 2870 5748 ut
2906 5691 3068 5749 etiam
3114 5706 3241 5764 opes
3269 5701 3323 5747 et
3352 5691 3572 5760 liberos,
3594 5702 3651 5743 ae
