3712 6212
97 238 163 295 ί87
1068 234 1137 291 ΙΝ
1176 234 1391 292 EPIST.
1426 237 1473 293 ll
1510 238 1563 293 Al

1068 234 1137 291 IN
1176 234 1391 292 EPIST.
1426 237 1473 293 ll
1510 238 1601 293 AD
1628 239 1789 296 C08.
1844 241 2079 303 HOMIL.
2123 248 2164 304 l.

97 351 145 408 οὗ
181 344 385 418 Χριστοῦ
423 344 519 399 καὶ
552 342 719 401 αὐτοῦ
756 346 929 401 εἰπεῖν
968 341 1108 401 εἰναι
1141 348 1210 402 τά
1249 349 1583 421 παθήματαο

98 445 144 500 αὶ
172 439 261 513 πρὸ
291 442 379 510 τῆς
416 438 815 509 παρακλήσεως
847 438 941 492 ἀπ’
987 438 1165 493 αὐτῶν
1211 440 1320 494 τῶν
1355 440 1589 509 θλίψεων

97 540 145 608 ὴν
164 531 485 603 παραμυθίαν
531 531 759 599 εἰσάγει.
791 528 856 583 Τί
893 530 998 603 γὰρ
1031 530 1182 601 ἥδιον
1208 531 1303 584 τοῦ
1337 531 1414 602 τῷ
1448 534 1586 603 Χρι-

97 628 153 697 τῴ
181 641 238 696 με
271 620 505 692 γίνεσθαι
535 620 812 685 κοινωνὸν,
855 620 950 675 καὶ
977 620 1046 674 δι’
1079 621 1241 675 αὑτὸν
1277 620 1450 676 ταῦτα
1479 622 1586 677 πά-

97 736 185 790 (ειν
202 733 214 781 ;
234 717 280 769 τί
302 714 497 786 ταύτης
536 713 649 768 ῐσον
675 713 773 784 τῆς
797 713 1199 785 παρακλήσεως
1215 731 1230 780 ;
1261 715 1375 769 Ούκ
1401 716 1586 770 ἐντεῦ-

97 828 129 862 ςν
163 809 212 861 δὲ
255 808 422 878 μόνον,
456 804 591 859 ἀλλὰ
619 804 714 859 καὶ
756 804 1023 876 ἑτέρωθεν
1044 804 1261 876 ἐπαίρει
1291 804 1359 859 τὰ
1382 807 1585 877 φρονή-

97 917 178 955 ιτα
217 898 313 951 τῶν
342 895 692 966 θλιϐομένων.
743 895 915 950 Πόθεν
952 895 1250 967 ἐτέρωθεν;
1313 897 1444 951 Ἀπὸ
1485 897 1581 951 τοῦ

97 993 215 1055 πεῖν,
248 990 320 1042 ὄτι
364 987 735 1055 Περισσεύει.
783 987 858 1040 Οὐ
899 987 1007 1061 γάρ
1041 984 1214 1052 εἶπεν,
1266 989 1345 1042 ὅτι
1382 988 1582 1055 Καθὼς

97 1103 227 1141 ςεισιν
275 1087 397 1156 ἡμῖν
446 1082 518 1137 τά
568 1083 869 1155 παθήματα
931 1082 1026 1137 τοῦ
1080 1084 1358 1156 Χριστοῦ,
1419 1084 1578 1153 ἀλλὰ,

97 1178 221 1243 ιθὼς
239 1177 573 1245 περισσεύει
593 1192 607 1205 ·
630 1176 843 1238 δεικνὺς
868 1176 951 1229 ὅτι
975 1175 1037 1228 ού
1065 1177 1224 1246 μόνον
1255 1177 1322 1230 τὰ
1345 1176 1576 1243 ἐκείνου,

97 1267 155 1319 λὰ
189 1265 276 1319 καὶ
310 1265 527 1318 πλείονα
559 1264 761 1320 τούτων
793 1264 1126 1335 ὑπομένουσι
1158 1267 1328 1338 πάθη.
1358 1264 1436 1321 Οὐ
1469 1268 1578 1341 γάρ

97 1376 119 1411 ι
145 1355 318 1420 ἔπαθε,
343 1356 524 1426 φησὶν,
554 1355 831 1425 ἐπάθομεν
848 1356 1019 1426 πάθη,
1042 1356 1179 1411 ἀλλὰ
1204 1360 1300 1411 καὶ
1316 1361 1574 1430 περισσά.

99 1450 209 1503 όπει
230 1447 283 1500 δέ
305 1465 317 1479 ·
358 1446 583 1517 Ἥλάθη,
613 1446 847 1519 ἐδιώχθη
870 1450 898 1501 6
923 1449 1178 1520 Χριστὸς,
1202 1452 1573 1524 ἐμαστιγώθη,

98 1542 293 1595 έθανεν.
342 1539 475 1592 Ἀλλ’
503 1541 663 1610 ἡμεῖς
708 1540 870 1595 πλέον
923 1540 1150 1608 τούτων,
1196 1543 1397 1615 φησίν·
1437 1545 1574 1616 ὅπερ

97 1646 107 1683 ι
142 1631 294 1700 μόνον
337 1629 518 1683 ἱκανὸν
559 1631 639 1693 εἰς
688 1631 1042 1702 παραμυθίαν
1079 1634 1352 1705 ἀρκέσειε.
1412 1634 1573 1690 Ἀλλά

97 1722 196 1785 δεὶς
241 1721 437 1792 τόλμαν
487 1723 951 1789 καταγινωσκέτω
993 1723 1086 1777 τοῦ
1112 1724 1272 1793 λόγου
1294 1743 1309 1757 ο
1345 1726 1439 1779 καὶ
1463 1726 1572 1798 γάρ

97 1851 102 1863 .
142 1810 366 1880 ἀλλαχοῦ
411 1826 565 1880 φησι·
600 1810 731 1865 Νῦν
760 1811 946 1879 χαίρω
990 1812 1061 1865 ἐν
1097 1814 1222 1880 τοῖς
1262 1815 1574 1884 παθήμασί

97 1924 135 1967 1,
167 1903 266 1957 καὶ
295 1901 732 1971 ἀνταναπληρῶ
768 1905 839 1957 τὰ
882 1905 1268 1975 ὑστερήματα
1298 1906 1417 1961 τῶν
1445 1910 1574 1962 θλί-

98 2010 162 2047 υν
207 1993 312 2047 τοῦ
353 1990 609 2059 Χριστοῦ
652 1991 722 2045 ἐν
751 1991 829 2060 τῇ
860 1995 1041 2061 σαρκί
1058 2012 1200 2064 μου.
1249 1995 1389 2049 Ἀλλ’
1422 1998 1572 2051 οὐδέ-

97 2102 151 2138 ον
199 2084 399 2156 τόλμης
449 2083 572 2137 οὐδὲ
616 2083 879 2148 ἀπονοίας
920 2087 1085 2150 τινός.
1140 2088 1408 2159 Καθάπερ
1460 2090 1569 2162 γάρ

97 2177 217 2240 ζονα
239 2175 402 2229 αὐτοῦ
423 2175 754 2248 εἰργάσαντο
775 2180 977 2249 σημεῖα
998 2178 1095 2249 ('0
1114 2178 1223 2249 γὰρ
1242 2181 1566 2248 πιστεύων,

98 2268 177 2331 εἰν,
219 2269 307 2334 είς
347 2266 473 2337 ἐμὲ,
519 2266 763 2336 μείζονα
819 2271 1047 2323 τούτων
1092 2271 1380 2342 ποιήσει),
1410 2274 1472 2328 τὸ
1509 2275 1567 2329 δὲ

131 2357 299 2411 αὑτοῦ
339 2358 549 2427 γίνεται
586 2358 682 2412 τοῦ
709 2360 1058 2431 ἐνεργοῦντος
1086 2362 1146 2414 ἐν
1175 2363 1390 2427 αὐτοῖς’
1423 2364 1567 2419 οὕτω

123 2447 347 2502 πλείονα
389 2447 552 2503 αὑτοῦ
601 2448 832 2503 ἔπαθον·
867 2451 927 2504 τὸ
956 2451 1013 2504 δὲ
1051 2454 1157 2506 πᾶν
1192 2453 1357 2507 αὐτοῦ
1404 2455 1566 2511 πάλιν

98 2581 102 2592 .
132 2539 229 2593 τοῦ
266 2540 708 2612 παρακαλοῦντος
741 2542 957 2609 αὐτοὺς,
988 2543 1085 2597 καὶ
1121 2546 1566 2612 παοασκευάζον-

101 2630 295 2700 φέρειν
324 2631 394 2685 τὰ
417 2631 798 2701 συμπίπτοντα
831 2633 1000 2687 δεινά.

97 2852 107 2865 .
144 2812 242 2865 Διὸ
273 2811 336 2883 δὴ
376 2812 469 2866 καὶ
497 2812 525 2865 6
551 2811 764 2877 Παῦλος
807 2812 1129 2883 αἰσθόμενος
1171 2814 1357 2885 ἡλίκον
1404 2816 1563 2884 ἐφθέ-

97 2921 160 2967 to,
177 2904 288 2974 ὅρα
305 2903 421 2967 πῶς
438 2904 569 2956 αὐτὸ
589 2903 869 2956 συστέλλει
889 2904 1051 2957 πάλιν
1066 2903 1260 2973 λέγων·
1285 2905 1447 2959 Οὕτω
1465 2907 1564 2961 διὰ

98 2994 375 3063 Χριστοῦ
405 2996 754 3065 περισσεύει
773 2994 869 3048 καί
902 2996 940 3063 ἠ
962 2994 1347 3063 παράκλησις
1370 2996 1558 3065 ἡμῶν.

97 3087 152 3139 τὸ
195 3087 313 3140 πᾶν
344 3086 493 3156 αὐτῷ
522 3086 817 3152 ἀνατιθεὶς,
851 3088 942 3140 καὶ
974 3086 1366 3158 ἀνακηρύττων
1394 3087 1560 3142 αὑτοῦ

98 3176 367 3230 ἐντεῦθεν
391 3176 491 3248 τὴν
530 3176 959 3247 φιλανθρωπίαν.
995 3177 1069 3231 Ού
1100 3176 1209 3247 γὰρ
1234 3179 1357 3232 ὅσον
1383 3178 1562 3233 θλιϐό-

108 3313 123 3335 ,
168 3269 440 3323 τοσοῦτον
466 3262 962 3340 παρακαλούμεθα,
999 3272 1187 3341 φησὶν,
1220 3271 1357 3325 ἀλλά
1382 3272 1562 3343 πολλῷ

97 3381 145 3415 ν.
215 3362 298 3415 υύ
361 3362 471 3434 γὰρ
523 3358 699 3425 εἶπεν,
733 3362 1084 3434 Ἀντίρῤοπος
1132 3364 1164 3433 ἡ
1212 3365 1561 3435 παράκλησις

97 3453 264 3524 παθη
276 3454 485 3524 μάτων,
516 3453 665 3526 [425]
698 3454 856 3518 ἀλλὰ,
888 3454 1247 3522 Περισσεύει
1294 3456 1334 3521 ἡ
1368 3455 1558 3524 παρά-

97 3561 220 3609 πιςο
284 3545 363 3607 ώς
406 3544 499 3598 τὸν
546 3545 734 3615 καιρὸν
760 3545 872 3600 τῶν
915 3544 1164 3613 ἀγώνων,
1205 3546 1411 3617 ἐτέρων
1438 3564 1560 3600 στεο

102 3655 133 3689 ν
170 3636 355 3691 πάλιν
387 3633 527 3692 εἰναι
576 3638 787 3710 καιρόν.
839 3638 905 3691 Τί
951 3638 1059 3711 γὰρ
1111 3638 1245 3711 ἴσην,
1271 3640 1393 3693 εἰπέ
1441 3658 1555 3711 μοι,

98 3730 159 3783 ιά
192 3730 299 3783 τὸν
344 3729 580 3801 Χριστὸν
610 3728 995 3801 μαστίζεσθαι,
1034 3731 1131 3783 καὶ
1164 3730 1284 3802 Θεῷ
1309 3732 1557 3802 διαλέγε-

124 3819 239 3873 καὶ
271 3820 495 3873 πάντων
523 3814 661 3873 εἶναι
689 3818 1080 3890 δυνατώτερον,
1108 3821 1204 3875 καὶ
1243 3822 1353 3876 τῶν
1391 3823 1555 3877 ἐλαυ-

97 3928 142 3963 ον
199 3908 621 3982 περιγίνεσθαι,
668 3911 763 3964 καὶ
795 3914 862 3983 τῇ
914 3912 1207 3984 οἰκουμένῃ
1254 3914 1554 3985 ἀχείρωτον

157 3998 276 4051 καὶ
321 3996 549 4051 τοιαῦτα
602 3999 911 4070 προσδοκᾷν
962 3997 1214 4053 ἐντεῦθεν
1271 4000 1475 4069 ἀγαθά,
1515 4001 1552 4055 ἃ

107 4088 429 4158 ὀφθαλμὸς
484 4085 616 4154 εἶδε,
667 4090 807 4159 μήτε
858 4084 949 4150 οὖς
998 4090 1220 4158 ἢκουσε,
1273 4092 1553 4161 μήτε,ἐπὶ

97 4194 175 4230 αν
210 4175 522 4250 ἀνθρώπου
556 4176 765 4247 ἀνέϐη;
808 4175 861 4228 τί
902 4174 957 4228 δὲ
1005 4176 1117 4228 ἴσον
1145 4175 1239 4228 τοῦ
1274 4176 1551 4231 θλίϐεσθαι

97 4269 375 4333 σέϐειαν,
416 4269 510 4321 καὶ
542 4268 751 4338 μυρίων
775 4265 1072 4320 ἀπολαύειν
1107 4267 1258 4339 παρὰ
1282 4266 1376 4320 τοῦ
1414 4267 1549 4321 Θεοῦ

97 4362 204 4433 ιλή
217 4378 397 4424 σεων,
420 4360 515 4413 καί⁸
544 4358 963 4429 ἁμαρτημάτων
988 4358 1333 4429 ἀπηλλάχθαι
1362 4362 1552 4413 τοσού-

97 4454 199 4506 ιοιὶ
252 4451 587 4521 Πνεύματος
609 4449 998 4514 καταξιοῦσθαι
1029 4451 1124 4503 καὶ
1150 4452 1421 4523 ἀγιασμοῦ
1454 4453 1548 4506 καὶ

101 4542 337 4613 σύνης,
396 4541 491 4595 καὶ
547 4541 753 4611 μηδένα
804 4540 1100 4595 δεδοικέναι
1152 4544 1248 4596 καὶ
1300 4544 1545 4616 τρέμειν,

97 4634 311 4689 Ξιντων
344 4630 725 4702 λαμπρότερον
754 4631 1042 4701 φαίνεσθαι
1067 4634 1124 4686 ἐν
1145 4635 1293 4705 αὑτῷ
1318 4634 1395 4706 τῷ
1426 4653 1546 4690 κιν-

98 4740 218 4788 ηιν;
268 4721 373 4791 Μὴ
402 4722 467 4794 δὴ
502 4722 938 4793 καταπίπτωμεν
966 4725 1024 4777 ἐν
1045 4726 1158 4789 τοῖς
1192 4730 1541 4798 πειρασμοῖς.

139 4814 287 4884 γὰρ
327 4815 580 4867 κοινωνεῖ
619 4812 695 4886 τῷ
723 4812 943 4885 Χριστῷ
970 4814 1195 4885 τρυφῶν
1220 4816 1314 4869 καὶ
1346 4816 1544 4870 καθεύ-

97 4908 154 4959 ιιί
190 4904 567 4972 ἀναπίπτων,
598 4903 770 4971 οὐδεὶς
792 4903 899 4957 τῶν
927 4906 1017 4959 τὸν
1046 4905 1212 4977 ὑγρὸν
1236 4906 1422 4961 τοῦτον
1448 4909 1543 4962 καὶ

97 4997 340 5069 ιμένον
371 4995 592 5061 ζώντων
627 4994 760 5065 βίον·
797 4997 910 5052 ἀλλ’
937 5000 964 5052 6
1001 5000 1058 5053 ἐν
1090 4998 1266 5069 θλίψει
1294 5000 1388 5052 καὶ
1415 5017 1539 5053 πει-

107 5132 125 5154 ,
170 5083 365 5153 οὗτος
394 5090 562 5161 ἐγγὺς
591 5089 824 5160 ἔστηκεν
855 5091 1084 5157 ἐκείνου,
1134 5093 1162 5145 ὀ
1209 5092 1308 5163 τὴν
1348 5093 1539 5165 στενὴν

128 5181 318 5234 ὁδόν.
354 5182 468 5235 Καὶ
497 5181 608 5253 γὰρ
641 5183 735 5235 καὶ
762 5183 922 5247 αὐτὸς
947 5184 1151 5254 ταύτην
1176 5183 1391 5237 ἐϐάδισε
1412 5199 1425 5212 ’
1457 5185 1539 5238 διὸ

97 5287 285 5342 ;γεν’
325 5272 394 5325 ’0
438 5272 573 5338 Υίός
614 5274 719 5328 τοῦ
753 5274 1068 5344 ἀνθρώπου
1105 5277 1219 5330 οὐκ
1254 5275 1379 5345 ἔχει
1416 5277 1535 5331 ποῦ

98 5361 382 5435 ’φαλὴν
407 5363 633 5419 κλῖναι.

100 5581 347 5636 τοίνυν
385 5582 540 5653 ἀλγει
580 5583 919 5656 θλιϐόμενος,
955 5585 1154 5639 ἐννοῶν
1183 5585 1289 5641 τίνι
1335 5603 1534 5642 κοινω-

100 5676 183 5729 αὶ
266 5673 398 5737 πῶς
435 5675 733 5747 ἐκκαθαίρῃ
773 5674 861 5729 διά
900 5676 1008 5730 τῶν
1046 5677 1387 5745 πειρασμῶν,
1430 5678 1525 5733 καὶ

1696 352 1797 453 ὅσα
1824 356 2163 453 κερδαίνεις.
2192 360 2357 416 Ούδὶν
2385 363 2494 435 γάρ
2523 366 2672 422 ἐστιν
2695 370 2939 445 ἀνιαρὸν,
2976 376 3090 437 ἀλλ’
3137 380 3170 453 ἢ
3211 384 3274 437 τὸ

1694 443 1772 515 τῷ
1815 446 1937 516 Θεῷ
1986 450 2373 522 προσκρούειν.
2408 456 2612 511 Τούτου
2641 460 2698 513 δὲ
2722 443 3030 531 ούκήδντος,
3064 471 3126 524 ού
3157 443 3273 528 θλί-

1693 534 2301 635 ψεις,.ούκ-ἐπιϐουλαὶ,
2338 546 2438 600 ούκ
2478 548 2607 603 ἀλλο
2646 553 2800 609 οὐδὲν
2842 556 3064 615 δυνατὸν
3092 562 3269 635 λυπῆ-

1694 643 1786 680 σαι
1930 629 1989 683 εῦ
2012 634 2314 724 φρονοῦσαν
2336 635 2536 708 ψυχήνο
2568 640 2704 696 ἀλλά
2725 644 2974 717 καθάπερ
2995 627 3268 724 σπινθῆρα

1695 719 1891 789 μικρὸν
1937 723 2019 786 είς
2073 723 2310 782 ἄϐυσσον
2355 728 2558 802 πολλὴν
2595 732 2852 803 ἐμϐαλὼν
2890 738 3095 804 εὐθέως
3133 719 3268 798 κᾶτ-

1692 808 1955 904 έσϐεσας’
1991 813 2133 869 οὕτω
2182 818 2277 871 καὶ
2322 818 2563 891 ἀθυμίας
2607 823 2831 897 ἁπάσης
2873 828 3148 904 ὑπερϐολὴ
3186 838 3268 900 είς

1693 897 1932 966 συνειδὸς
1963 906 2280 975 ἐμπεσοῦσα
2310 910 2515 978 ἀγαθὸν
2544 914 2843 971 ἀπόλλυται
2871 920 2964 973 καὶ
2982 897 3266 991 ’ἀφανίζεέ

1688 1011 1778 1047 ται
1812 997 2029 1067 ῥᾳδίως.
2065 1000 2165 1053 Διά
2203 1001 2269 1072 δὴ
2295 1001 2452 1057 τοῦτο
2484 1006 2579 1059 καὶ
2606 1007 2634 1058 6
2662 1008 2873 1074 Παῦλος
2907 1012 3123 1085 ἔχαιρεν
3151 1017 3263 1082 ἀεὶ,

1688 1086 1877 1157 ἐπειδὴ
1908 1090 1967 1141 ἐν
2003 1093 2117 1154 τοῖς
2150 1093 2293 1147 κατὰ
2327 1094 2459 1148 Θεὸν
2506 1097 2747 1168 ἐθάρρει,
2778 1103 2872 1156 καὶ
2910 1106 3029 1158 οὐδὲ
3066 1108 3262 1180 αἰσθη-

1690 1194 1773 1269 σιν
1800 1180 1911 1234 τῶν
1934 1182 2203 1237 τοσούτων
2235 1185 2424 1241 κακῶν
2453 1188 2780 1259 ἐλάμϐανεν·
2815 1194 2929 1247 ἀλλ’
2960 1197 3112 1267 ἧλγει
3161 1199 3263 1269 μὲν

1686 1265 1761 1330 ὡς
1792 1269 2099 1341 ἄνθρωπος,
2132 1274 2193 1326 ού
2231 1274 2338 1345 μὴν
2372 1277 2728 1335 κατέπιπτεν.
2766 1282 2923 1336 Οὕτω
3095 1290 3122 1341 ὀ
3156 1265 3261 1342 πα-

1685 1359 1956 1430 τριάρχης
1990 1364 2196 1428 ἐκεῖνος
2238 1366 2297 1420 ἐν
2323 1367 2483 1439 ἡδονῇ
2518 1364 2608 1441 ἦν,
2642 1372 2811 1427 πολλά
2854 1375 3042 1430 παθὼν
3069 1379 3259 1450 ὀδυνη-

1689 1450 1776 1521 ρά.
1798 1451 1998 1505 Σκόπει
2027 1453 2102 1507 δέ·
2127 1455 2392 1529 Πατρίδος
2415 1458 2694 1525 ἐξέπεσεν,
2721 1464 3028 1536 ὁδοιπορίας
3047 1469 3255 1545 ὑπέστη

1687 1542 1904 1613 μακρὰς
1934 1546 2028 1600 καὶ
2056 1547 2321 1616 χαλεπάς,
2367 1552 2458 1605 ἐπὶ
2488 1552 2585 1623 τῆς
2614 1555 2900 1627 ἀλλοτρίας
2933 1559 3102 1615 ἐλθὼν
3135 1542 3259 1618 οὐδέ

1685 1634 1835 1704 βῆμα
1876 1630 1988 1706 εἰχε
2041 1638 2219 1702 ποδός.
2254 1641 2532 1696 Ἐντεῦθεν
2569 1643 2730 1699 πάλιν
2772 1646 2927 1717 λιμὸς
2968 1651 3131 1703 αὑτὸν
3178 1653 3257 1708 δι-

1682 1726 1902 1792 εδέξατο
1929 1727 2026 1781 καὶ
2048 1730 2670 1805 μτανάστηνιέποίησε,
2704 1738 2798 1791 καὶ
2830 1740 2923 1793 τὸν
2954 1742 3113 1813 λιμὸν
3135 1745 3254 1800 δια-

1680 1815 1895 1886 δέχεται
1927 1820 2090 1872 πάλιν
2130 1820 2355 1891 ἁρπαγὴ
2398 1826 2678 1889 γυναικὸς,
2708 1830 2801 1882 καὶ
2826 1830 3056 1886 θανάτου
3090 1835 3257 1905 φόϐος

1680 1908 1777 1961 καὶ
1807 1910 2032 1963 ἀπαιδία
2055 1913 2150 1965 καὶ
2174 1912 2411 1983 πόλεμος
2435 1914 2529 1968 καὶ
2559 1917 2796 1974 κίνδυνοι
2821 1923 2916 1976 καὶ
2945 1925 3252 1994 ἐπιϐουλαὶ,

1680 2000 1775 2052 καὶ
1806 2000 1867 2052 τὸ
1897 2001 2201 2056 τελευταῖον
2224 2004 2252 2056 6
2284 2004 2526 2073 κολοφὼν
2551 2006 2660 2062 τῶν
2694 2010 2892 2075 ἄθλων,
2936 2015 2969 2085 ἡ
3004 2015 3101 2069 τοῦ
3151 2034 3254 2087 μο-

1678 2094 1929 2161 νογενοῦς
1950 2094 2041 2148 καὶ
2064 2095 2288 2165 γνησίου
2317 2098 2505 2161 παιδὸς
2522 2102 2726 2173 σφαγὴ,
2751 2105 2784 2173 ὴ
2811 2104 3046 2178 ὀδυνηρά
3066 2110 3252 2182 ἐκείνη

1678 2186 1773 2239 καὶ
1800 2187 2118 2258 ἀνήκεστος.
2148 2187 2237 2257 Μὴ
2261 2187 2324 2259 δὴ
2346 2189 2475 2261 γὰρ,
2492 2191 2681 2263 ἐπειδὴ
2698 2194 2932 2260 εὐκόλως
2948 2198 3252 2268 ὑπήκουσε,

1677 2279 1904 2350 νομίσῃς
1939 2280 2100 2332 αὑτὸν
2130 2281 2224 2334 καί⁵
2254 2282 2483 2347 ἀπαθῶς
2523 2287 2701 2339 πάντα
2734 2288 2919 2343 ἐκεῖνα
2950 2292 3253 2365 ὑφεστηκέ-

1675 2387 1786 2424 ναι.
1816 2372 1878 2423 Εἰ
1911 2370 2020 2442 γὰρ
2044 2371 2137 2424 καὶ
2176 2372 2439 2442 μυριάκις
2471 2374 2679 2440 δίκαιος
2708 2372 2797 2449 ἦν,
2825 2376 3012 2451 ὥσπερ
3038 2378 3130 2436 οὖν
3154 2387 3252 2439 καὶ

1672 2456 1763 2533 ἦν,
1789 2461 1905 2515 ἀλλ’
1942 2462 2227 2533 ἄνθρωπος
2254 2458 2344 2533 ἦν,
2380 2465 2474 2518 καὶ
2503 2467 2573 2519 τὰ
2606 2468 2705 2538 τῆς
2741 2470 2955 2537 φύσεως
2987 2473 3247 2546 ἔπασχεν.

1686 2554 1829 2608 Ἀλλ’
1852 2556 2001 2625 ὅμως
2024 2555 2179 2608 οὐδὲν
2201 2557 2363 2609 αὐτὸν
2386 2557 2593 2612 τούτων
2615 2561 2936 2630 κατέϐαλεν,
2959 2564 3109 2638 [424]
3133 2568 3252 2621 ἀλλ’

1674 2648 1918 2705 εἱστήκει
1946 2648 2198 2720 καθάπερ
2224 2649 2464 2721 ἀθλητὴς
2489 2657 2758 2721 γενναῖος,
2794 2659 2888 2711 καὶ
2920 2662 3249 2733 στεφανίτης

1674 2739 1761 2807 ἐφ’
1790 2739 2005 2809 ἑκάστῳ
2051 2739 2257 2794 τούτων
2303 2742 2833 2815 ἀνακηρυττόμενος.
2893 2749 3048 2804 Οῦτω
3078 2754 3189 2806 ’καὶ
3218 2756 3249 2808 6

1676 2831 1948 2901 μακάριος
2002 2831 2214 2895 Παῦλος
2259 2835 2486 2902 νιφάδας
2553 2840 2875 2909 πειρασμῶν
2927 2843 3067 2913 ὀρῶν
3118 2845 3247 2899 καθ’

1673 2922 1911 2991 ἑκάστην
1954 2922 2215 2985 ἐπιούσας
2261 2925 2497 2994 ἡμέραν,
2545 2929 2620 2991 ὡς
2662 2931 2718 2981 ἐν
2754 2932 2903 3003 μέσῳ
2932 2937 3246 3009 παραδείσῳ

1670 3014 1913 3084 τρυφῶν,
1947 3012 2120 3078 οὕτως
2148 3014 2335 3085 ἔχαιρε
2378 3018 2472 3070 καὶ
2526 3020 2814 3090 ἠγάλλετο.
2858 3024 3069 3096 Ὥσπερ
3101 3024 3195 3083 οὗν
3217 3033 3246 3085 ὀ

1669 3101 1876 3171 ταύτην
1906 3102 2112 3173 χαίρων
2156 3103 2254 3175 τὴν
2296 3106 2472 3178 χαρὰν
2505 3109 2602 3161 ούκ
2635 3110 2780 3165 ἔστιν
2812 3114 3087 3186 ἁλώσιμος
3113 3119 3246 3172 ἀθυ-

1674 3193 1795 3264 μίᾳ,
1824 3193 1999 3258 οὕτως
2046 3196 2074 3248 6
2131 3195 2205 3266 μὴ
2248 3198 2454 3269 ταύτην
2486 3200 2741 3271 ἐλόμενος
2782 3207 2946 3259 πᾶσίν
2979 3208 3125 3261 ἐστιν
3154 3211 3246 3264 εύ-

1669 3283 1953 3354 χείρωτος,
1985 3285 2079 3338 καὶ
2108 3286 2310 3358 πάσχει
2334 3290 2553 3354 ταυτὸν,
2577 3287 2687 3347 οἷον
2716 3296 2769 3347 εἴ
2800 3313 2883 3358 τις
2921 3298 3060 3352 ὅπλα
3104 3300 3245 3371 ἔχων

1671 3375 1870 3446 σαθρὰ,
1900 3376 1995 3430 καὶ
2022 3377 2127 3430 ὑπὸ
2171 3379 2267 3448 τῆς
2308 3381 2575 3453 τυχούσης
2617 3385 2969 3456 τιτρώσκοιτο
3005 3391 3240 3462 πληγῆς.

1681 3468 1821 3522 Ἀλλ’
1847 3469 1944 3539 ούχ
1973 3470 2002 3522 6
2036 3469 2216 3533 καλῶς
2246 3471 2513 3526 πάντοθεν
2554 3482 3091 3551 περιπεφραγμένας,
3126 3485 3244 3539 ἀλλ’

1669 3560 1817 3614 ἅπαν
1860 3561 2113 3614 ἀκόντιον
2159 3562 2313 3615 ἐπιὸν
2360 3563 2727 3635 διακρούεται.
2776 3569 2883 3622 Καὶ
2921 3571 3030 3642 γὰρ
3072 3574 3241 3629 ὅπλου

1667 3651 1870 3715 παντὸς
1927 3652 2276 3724 ἰσχυρότερον
2319 3655 2351 3725 ἡ
2389 3656 2529 3710 κατά
2571 3657 2703 3712 Θεὸν
2749 3660 2930 3732 ἡδονή·
2963 3664 3058 3716 καὶ
3087 3666 3242 3720 οὐδὲν

1664 3744 1755 3798 τὸν
1783 3743 2024 3797 τοιοῦτον
2052 3744 2278 3815 ποιῆσαι
2313 3747 2535 3818 κατηφῆ
2563 3749 2656 3802 καὶ
2679 3751 3002 3822 σκυθρωπὸν
3036 3756 3244 3811 δύναιτ’

1663 3834 1752 3901 ἀν,
1783 3834 1922 3888 ἀλλὰ
1949 3834 2129 3890 πάντα
2158 3836 2316 3908 φέρει
2346 3838 2631 3906 γενναίως.
2672 3841 2737 3893 Τί
2775 3844 2884 3913 γάρ
2927 3845 3100 3915 πυρὸς
3124 3850 3241 3917 χεῖ.

1666 3942 1794 3998 ρον;
1824 3926 1878 3979 τί
1930 3925 2180 3997 βασάνων
2221 3926 2487 3999 διηνεκῶν
2525 3929 2947 4005 ὀδυνηρότερον;
2976 3936 3093 3991 Κᾶν
3126 3940 3242 4011 γάρ

1665 4015 1835 4086 μυρία
1858 4032 1942 4079 τις
1969 4015 2211 4087 ἀπολέσῃ
2238 4018 2518 4086 κτήματα,
2541 4019 2641 4074 κάν
2667 4024 2883 4090 παῖδας,
2903 4025 3006 4080 κᾶν
3033 4028 3236 4098 ὁτιοῦν,

1661 4106 1819 4160 τοῦτο
1848 4106 2064 4161 πάντων
2095 4107 2562 4180 τυραννικώτερον
2591 4115 2671 4174 εἰς
2693 4114 2887 4185 ὀδύνης
2910 4116 3068 4187 λόγον
3096 4121 3235 4178 ἐστί.

1661 4196 1850 4266 Δέρμα
1878 4198 2007 4269 γὰρ,
2032 4202 2218 4269 φησὶν,
2246 4200 2397 4268 ὑπὲρ
2418 4200 2728 4271 δέρματος,
2763 4206 2862 4260 καὶ
2895 4209 3091 4264 πάντα
3117 4213 3238 4269 ὅσα

1659 4289 1911 4358 ὑπάρχει
1961 4288 2270 4359 ἀνθρώπῳ,
2326 4289 2504 4346 δώσει
2540 4293 2693 4363 ὑπὲρ
2734 4295 2844 4366 τῆς
2881 4299 3089 4369 ψυχῆς
3130 4308 3237 4360 αὐ-

1658 4378 1786 4433 τοῦ.
1845 4380 1958 4433 Καὶ
2007 4380 2160 4433 οὐδὲν
2214 4382 2281 4435 ἂν
2332 4383 2543 4450 γένοιτο
2587 4385 2786 4441 ὀδυνῶν
2831 4390 3232 4466 χαλεπώτερον.

1671 4478 1813 4531 Ἀλλ’
1841 4479 1990 4550 ὅμως
2024 4481 2121 4534 καὶ
2162 4482 2231 4535 τὰ
2257 4485 2322 4554 τῇ
2358 4484 2495 4556 ἀκοῇ
2528 4485 2799 4559 ἀφόρητα,
2830 4491 3005 4547 ταῦτα
3022 4498 3235 4567 φορητὰ

1656 4579 1753 4633 καὶ
1782 4579 2007 4636 ποθεινά
2039 4580 2129 4636 διὰ
2164 4582 2263 4655 τὴν
2301 4584 2444 4638 κατά
2468 4586 2599 4641 Θεὸν
2629 4588 2821 4662 ἡδονὴν
2848 4592 3077 4661 γίνεται.
3111 4598 3231 4651 Κᾶν

1654 4680 1873 4753 ἀγάγῃς
1897 4681 1990 4736 τὸν
2038 4682 2292 4754 μάρτυρα
2321 4684 2403 4740 ἔτι
2432 4688 2742 4758 ἐμπνέοντα
2777 4695 2976 4765 μικρὸν
3005 4696 3111 4750 ἀπὸ
3135 4699 3229 4754 τοῦ

1656 4779 1837 4847 ξύλου,
1878 4780 1911 4852 ἢ
1959 4782 2068 4836 ἀπὸ
2102 4784 2213 4837 τῶν
2246 4786 2522 4856 τηγάνων,
2553 4790 2823 4862 τοσαύτην
2852 4794 3106 4867 εὑρήσεις
3130 4799 3231 4872 τὴν

1652 4880 2026 4952 ἀποκειμένην
2076 4895 2102 4923 ι
2135 4882 2284 4955 αὐτῷ
2339 4887 2537 4956 χαρὰν,
2587 4888 2720 4960 ὅσην
2765 4891 2889 4945 οὐδὲ
2916 4895 3095 4949 εἰπεῖν
3124 4897 3226 4955 ἐνι.

1651 4978 1763 5031 Καὶ
1787 4977 1840 5030 τί
1865 4978 2044 5042 πάθω,
2081 4982 2265 5053 φησὶν,
2297 4983 2378 5036 ὅτι
2417 4988 2719 5059 μαρτυρίου
2760 4991 2952 5063 καιρὸς
2981 4994 3041 5046 ού
3086 4998 3229 5068 πάρ-

1651 5096 1769 5133 εστι
1816 5079 1946 5147 νῦν;
2004 5082 2069 5134 Τί
2098 5084 2236 5154 φής;
2275 5084 2337 5137 ού
2384 5087 2614 5157 πάρεστι
2662 5094 2963 5163 μαρτυρίου
2998 5099 3225 5167 καιρός;

1651 5178 1922 5233 Οὐδέποτε
1954 5181 2052 5251 μὲν
2079 5179 2173 5235 οὖν
2225 5176 2381 5247 οὗτος
2410 5185 2659 5255 ἄπεστιν,
2707 5190 2825 5244 ἀλλ’
2859 5192 2947 5246 ἀεὶ
2979 5195 3085 5266 πρὸ
3116 5199 3225 5251 τῶν

1648 5278 1943 5350 ὀφθαλμῶν
1992 5284 2109 5335 ἐστι
2142 5283 2251 5336 τῶν
2282 5286 2582 5358 ἡμετέρων,
2633 5290 2729 5345 ὲάν
2768 5294 3053 5365 νήφωμεν.
3091 5299 3227 5355 Οὐδὲ

1648 5379 1758 5450 γὰρ
1787 5379 1848 5433 τὸ
1872 5381 1962 5433 ἐπὶ
1985 5381 2145 5450 ξύλου
2177 5384 2488 5456 κρέμασθαι
2521 5390 2703 5460 μόνον,
2730 5393 2889 5449 τοῦτο
2912 5400 3059 5450 ποιεῖ
3088 5401 3226 5471 μάρ-

1646 5497 1802 5554 τυρα*
1837 5483 1958 5537 ἐπεὶ¹
1996 5486 2046 5537 εἰ
2074 5485 2229 5539 τοῦτο
2255 5482 2344 5559 ἦν,
2376 5489 2534 5555 ἐκτὸς
2555 5490 2664 5548 τῶν
2691 5496 2974 5568 στεφάνων
3018 5496 3225 5555 τούτων

1707 5682 1723 5707 ⁸
1753 5683 1834 5734 Sic
1864 5698 1977 5736 mss.
2002 5685 2133 5738 Edili
2159 5702 2294 5749 vero,
2315 5696 2550 5754 κειμένην.
