3802 6320
344 270 453 331 389

344 396 375 448 6
408 389 530 445 Ἰωδ
554 382 646 460 ἤν.
677 384 817 441 Οὐτε
866 384 980 458 γὰρ
1006 384 1350 456 δικαστηρίῳ
1389 382 1668 455 παρέστη,
1702 382 1825 437 οὐτε
1855 383 1933 436 δι-

346 486 551 545 καστοῦ
585 485 774 556 φωνῆς
797 484 1053 556 ἤκουσεν,
1083 482 1146 535 οὐ
1176 481 1374 553 δήμιον
1408 475 1571 535 εἶδεν*
1606 480 1670 534 οὐ
1705 482 1817 552 7&9
1843 481 1939 534 ἀν-

347 587 659 660 ηρτημένος
692 585 785 638 ἐπὶ
822 582 982 650 ξύλου
1013 582 1109 637 καὶ
1155 579 1431 653 μετέωρος
1454 578 1553 645 ῶν,
1583 580 1939 646 κατεξαίνετο

347 693 449 758 τὰς
482 689 721 761 πλευράς
742 705 755 718 ·
788 686 902 741 ἀλλ’
931 684 1081 755 ὅμως
1110 682 1325 737 πολλῶν
1364 680 1662 754 μαρτύρων
1695 679 1941 753 χαλεπώι

347 811 484 865 τερα
512 788 703 851 ἔπαθε,
736 786 831 841 καὶ
863 786 918 840 αί
959 784 1138 853 φωναὶ
1186 784 1295 837 τῶν
1324 784 1645 856 ἐπαλλήλων
1688 782 1940 852 ἀγγέλων

348 892 575 947 ἐκείνων
627 889 812 958 πάσης
874 885 1089 957 πληγῆς
1144 884 1480 957 δριμύτερον
1532 884 1801 955 ἐπληττον
1846 885 1941 939 καὶ

350 990 606 1044 ἐκέντουν
638 985 907 1040 πάντοθεν
945 983 1131 1051 αὐτὸν,
1153 984 1250 1038 καὶ
1280 983 1489 1056 μυρίων
1511 983 1724 1054 δημίων
1750 982 1942 1054 πικρό-

270 1069 281 1077 ’
350 1105 510 1160 τερον
538 1085 648 1141 τῶν
678 1083 980 1155 σκωλήκων
1004 1080 1231 1136 ἐκείνων
1269 1080 1339 1135 τὰ
1371 1081 1621 1153 στόματα
1664 1080 1937 1136 πάντοθεν

351 1194 517 1247 αὐτὸν
546 1189 831 1261 κατήσθιε.

426 1420 490 1468 ε.’
518 1412 675 1477 Τίνος
697 1407 790 1466 οῦν
809 1410 908 1464 οὐκ
934 1409 1001 1464 ἂν
1020 1408 1268 1474 ἀντάξιος
1298 1408 1578 1481 μάρτυρος
1600 1399 1755 1472 οὗτος
1777 1426 1792 1476 ;
1820 1408 1942 1462 Mu-

358 1517 491 1588 ρίων
522 1514 622 1588 μὲν
649 1508 762 1568 οὖν.
803 1513 918 1567 Καὶ
950 1511 1060 1583 γὰρ
1093 1510 1183 1565 διὰ
1212 1510 1434 1566 πάντων
1463 1511 1559 1565 καὶ
1590 1512 1819 1565 ἐπάλαιε
1844 1510 1940 1564 καὶ

357 1616 741 1688 ἐστεφανοῦτο,
799 1615 886 1669 διὰ
918 1614 1237 1686 χρημάτων,
1260 1614 1351 1668 διὰ
1379 1614 1608 1679 παίδων,
1636 1613 1725 1668 διά
1754 1614 1944 1683 σώμα-

356 1736 472 1784 τος,
496 1716 584 1770 διὰ
617 1716 900 1786 γυναικὸς,
936 1714 1025 1768 διά
1072 1713 1264 1784 φίλων,
1309 1713 1380 1767 δι’
1427 1712 1662 1784 ἐχθρῶν,
1692 1711 1762 1766 δι’
1793 1714 1943 1767 οίκε-

357 1816 488 1873 τῶν·
522 1816 754 1887 καὶγὰρ
783 1816 880 1869 ml
908 1805 1057 1868 οὗτοι
1090 1814 1170 1877 είς
1198 1812 1261 1865 τὸ
1309 1812 1603 1883 πρόσωπον
1636 1810 1804 1866 αὐτοῦ
1849 1812 1940 1865 ἐν-

360 1918 591 1972 έπτυονο
632 1914 725 1969 διὰ
770 1912 957 1983 λιμοῦ,
987 1912 1055 1964 δι’
1104 1910 1421 1982 ὀνειράτων,
1463 1907 1531 1962 δι’
1578 1909 1803 1973 ὀδυνῶν,
1854 1911 1944 1966 διὰ

359 2014 644 2078 δυσωδίας.
682 2012 783 2067 Διά
824 2011 891 2083 δὴ
927 2010 1087 2064 τοῦτο
1110 2011 1274 2081 έφην,
1319 2012 1401 2064 ὅτι
1436 2011 1539 2082 οὐχ
1570 2012 1695 2075 ἐνὸς
1729 2012 1944 2067 καὶδύο

360 2118 457 2172 καὶ
486 2114 678 2187 τριῶν,
708 2112 847 2167 ἀλλὰ
877 2111 1088 2182 μυρίων
1117 2111 1369 2178 ἀντάξιος
1398 2110 1465 2165 ἂν
1494 2112 1580 2184 εἴη
1622 2113 1942 2185 μαρτύρων.

360 2217 518 2273 Μετά
545 2215 656 2286 7&9
679 2212 790 2267 τῶν
831 2214 953 2285 είρη
963 2211 1141 2283 μένων
1171 2213 1265 2267 καί⁵
1291 2214 1320 2267 6
1347 2213 1540 2285 χρόνος
1563 2215 1764 2287 πολλὴν
1793 2216 1946 2271 δίδω-

365 2332 451 2369 σιν
502 2310 666 2366 αὐτοῦ
706 2312 821 2374 τοῖς
871 2311 1157 2380 στεφάνοις
1205 2313 1559 2382 προσθήκηνο
1608 2306 1723 2366 οἷον
1752 2316 1813 2369 τὸ
1839 2316 1946 2388 πρὸ

363 2395 462 2470 τοῦ
490 2413 681 2484 νόμου,
703 2410 856 2483 [425]
882 2410 991 2484 πρὸ
1015 2411 1116 2481 τῆς
1150 2410 1373 2483 χάριτος
1398 2412 1573 2466 ταῦτα
1604 2414 1821 2483 παθεῖν,
1851 2417 1947 2473 καὶ

367 2515 544 2585 μῆνας
582 2511 835 2577 πολλοὺς,
870 2509 967 2563 καὶ
1011 2509 1192 2564 πάντα
1237 2511 1355 2582 μεθ’
1398 2512 1727 2584 ὑπερϐολῆς,
1766 2517 1948 2573 καὶτὸ

366 2614 545 2667 πάντα
593 2609 729 2681 ὁμοῦ
770 2609 1055 2664 ἐπιθέσθαι
1102 2609 1253 2681 αὐτῷ
1290 2610 1359 2664 τά
1400 2611 1583 2666 δεινάο
1634 2613 1813 2669 καίτοι
1852 2617 1949 2674 καὶ

366 2714 487 2770 καθ’
522 2713 686 2768 ἐαυτδ
733 2713 966 2767 ἕκαστον
994 2711 1176 2766 αὐτῶν
1211 2712 1508 2784 ἀφόρητον,
1550 2714 1735 2769 καὶτὸ
1756 2716 1949 2771 δοκοῦν

368 2814 739 2888 φορητότερον
777 2807 940 2877 εἶναι,
965 2814 1000 2884 ή
1053 2812 1164 2867 τῶν
1197 2814 1494 2884 χρημάτων
1524 2814 1718 2887 ζημία.
1755 2817 1950 2871 Πολλοὶ

366 2916 499 2987 γοῦν
522 2914 737 2987 πληγὰς
772 2915 871 2986 μὲν
899 2915 1161 2985 ἤνεγκαν,
1192 2916 1398 2987 ζημίαν
1434 2916 1491 2971 δὲ
1521 2917 1823 2988 χρημάτων
1848 2918 1950 2972 οὐκ

367 3019 630 3091 ἤνεγκαν,
646 3016 787 3071 ἀλλά
804 3017 898 3071 καὶ
925 3017 1287 3088 μαστίζεσθαι
1311 3019 1453 3090 ὐπέρ
1478 3019 1659 3074 αὐτῶν
1676 3020 1883 3076 ετλοντο
1904 3030 1948 3086 ⁸,

367 3120 463 3172 καὶ
505 3117 679 3190 μυρία
724 3118 956 3189 πάσχειν
987 3118 1139 3173 δεινὰ
1170 3118 1373 3190 μᾶλλον
1404 3120 1437 3192 ἢ
1475 3120 1701 3175 ἐκείνων
1734 3138 1787 3175 τι
1817 3139 1952 3195 προ-

366 3217 557 3273 έσθαι·
611 3220 708 3273 καὶ
761 3219 967 3289 μείζων
1000 3218 1190 3282 αὐτοῖς
1217 3218 1394 3289 ἐφάνη
1436 3220 1471 3289 ή
1511 3217 1695 3292 πληγή
1723 3220 1885 3294 αὐτη,
1916 3224 1950 3295 ή

366 3318 468 3389 τῆς
494 3317 698 3389 ζημίας
726 3317 836 3373 τῶν
879 3318 1207 3391 χρημάτων.
1234 3317 1401 3370 Ὥστε
1446 3317 1545 3371 καὶ
1581 3310 1738 3382 οὗτος
1760 3319 1953 3392 ἕτερος

368 3417 534 3473 πάλιν
567 3417 872 3488 μαρτυρίου
922 3416 1128 3488 τρόπος
1164 3415 1243 3487 τῷ
1287 3416 1507 3487 φέροντι
1552 3417 1815 3486 γενναίως
1851 3418 1951 3490 τήν

366 3517 574 3572 τούτων
598 3516 895 3574 ἀπώλειαν,
918 3519 1031 3571 Καὶ
1060 3517 1177 3581 πῶς
1202 3518 1422 3588 οῐσομεν
1450 3518 1737 3586 γενναίως,
1760 3519 1946 3591 φησίν;

370 3620 551 3675 Ὅταν
592 3618 770 3691 μάθῃς
808 3620 889 3675 ὅτι
944 3619 1168 3673 πλείονα
1218 3620 1500 3692 κερδανεῖς
1545 3612 1621 3674 ὧν
1662 3621 1951 3689 ἀπώλεσας

368 3718 436 3776 δι’
470 3718 589 3782 ἐνὸς
620 3719 866 3791 ῥήματος
888 3717 982 3771 τοῦ
1016 3718 1116 3789 τῆς
1141 3718 1514 3791 εὐχαριστίας.
1537 3720 1634 3772 Ἂν
1656 3718 1766 3791 7&9
1791 3720 1961 3775 ἀκούσ

372 3836 567 3882 σαντες
597 3818 696 3891 τὴν
721 3818 999 3874 ἀπώλειαν
1023 3818 1100 3889 μὴ
1131 3819 1514 3892 ταραχθῶμεν,
1541 3819 1659 3875 ἀλλ’
1683 3821 1949 3893 εἴπωμεν,

371 3919 683 3990 Εὐλογητὸς
725 3920 755 3972 ὁ
803 3918 958 3982 Θεόςο
989 3918 1173 3991 πολλῷ
1201 3918 1423 3975 πλείονα
1453 3921 1684 3978 πλοῦτον
1711 3925 1951 3997 εὑρήκα-

374 4039 494 4092 μεν.
534 4020 609 4073 Οὐ
647 4021 756 4092 γὰρ
780 4018 845 4090 δὴ
873 4019 1111 4074 τοσαῦτα
1135 4020 1427 4095 καρπώσῃ,
1452 4025 1545 4078 τὸν
1561 4025 1791 4080 πλοῦτον
1820 4028 1951 4082 ἀναν

370 4120 577 4174 λισκων
612 4120 693 4182 είς
724 4119 852 4183 τοὺς
885 4118 1198 4188 δεομένους,
1230 4121 1325 4174 καὶ
1357 4124 1607 4194 περιιὼν,
1661 4126 1758 4179 καὶ
1787 4127 1953 4199 πένης-

371 4237 472 4283 τας
498 4218 799 4290 ἐπιζητῶν,
828 4220 922 4273 καὶ
952 4220 1264 4291 σκορπίζων
1283 4221 1352 4276 τά
1380 4222 1508 4277 ὄντα
1528 4226 1643 4290 τοῖς
1668 4228 1948 4282 πεινῶσινο

368 4322 470 4374 ὅσα
494 4319 583 4373 διά
609 4318 801 4372 τούτου
832 4318 927 4372 τοῦ
958 4320 1203 4391 ῥήματος
1233 4325 1535 4396 κερδανεῖς.
1566 4328 1721 4381 Ἐπεὶ
1745 4329 1950 4383 καὶτὸν

383 4418 504 4474 Ἰὼϐ
538 4420 636 4489 οὐχ
670 4418 815 4473 οὕτω
844 4419 1113 4493 θαυμάζω
1160 4424 1259 4495 τὴν
1299 4426 1475 4480 οίκίαν
1517 4427 1802 4497 ἀνοίγοντα
1834 4433 1949 4496 τοῖς

370 4519 666 4591 δεομένοις,
724 4519 801 4581 ὡς
852 4520 1250 4593 ἐκπλήττομαι,
1304 4524 1401 4577 καὶ
1456 4526 1818 4597 ἀνακηρύττω
1849 4530 1948 4600 τὴν

372 4622 626 4694 ἁρπαγὴν
671 4622 780 4675 τῶν
832 4621 1132 4693 χρημάτων
1184 4623 1523 4695 εὐχαρίστως
1567 4627 1822 4698 φέροντα.
1872 4631 1945 4684 Τδ

372 4722 503 4778 αὐτὸ
546 4721 604 4774 δὲ
648 4720 807 4773 τοῦτο
853 4722 947 4775 καὶ
977 4720 1070 4774 ἐπὶ
1105 4720 1312 4775 παίδων
1346 4723 1618 4795 ἀποϐολῆς
1650 4725 1765 4780 ἔστι
1807 4745 1947 4800 συμ-

372 4824 555 4877 σαῖνον
589 4823 736 4877 ίδεῖν.
776 4822 910 4876 Οὐδὲ
940 4821 1050 4895 γὰρ
1078 4822 1314 4876 ἐνταῦθα
1358 4824 1615 4880 ἐλάττονα
1661 4827 1805 4901 λήψῃ
1859 4848 1949 4901 μια-

375 4921 502 4974 σθδν
546 4920 638 4974 τοῦ
671 4922 763 4974 τὸν
797 4922 911 4977 υίδν
954 4923 1326 4993 ἀναγαγόντος
1372 4926 1468 4981 καὶ⁵
1520 4929 1947 5001 καταθύσαντος,

374 5025 423 5077 εἰ
451 5022 792 5079 τελευτῶντα
828 5024 955 5081 ἰδὼν
1010 5027 1427 5100 ηὐχαρίστησας
1456 5027 1536 5100 τῷ
1580 5030 1949 5106 φιλανθρώπῳ

374 5122 515 5194 Θεῷ.
545 5124 610 5178 Τί
641 5125 747 5196 γὰρ
776 5128 804 5180 6
832 5126 1070 5193 τοιοῦτος
1096 5127 1194 5182 τοῦ
1222 5128 1475 5200 Ἀϐραὰμ
1514 5129 1666 5185 ἔσται
1715 5134 1946 5205 χείρων;

389 5227 626 5291 Ἐκεῖνος
660 5228 770 5299 γάρ
800 5228 900 5282 οὐκ
932 5225 1038 5284 εἶδε
1083 5232 1334 5302 κείμενον
1363 5232 1577 5303 νεκρὸν,
1612 5230 1751 5287 ἀλλά
1780 5252 1949 5304 προσ-

377 5325 605 5395 εδόκησε
682 5328 875 5397 μόνον’
940 5327 1083 5383 ὥστε
1137 5331 1186 5383 εί
1241 5330 1557 5386 πλεονεκτεῖ
1600 5332 1680 5405 τῷ
1735 5333 1950 5404 μέλλειν

374 5424 688 5491 καταθύειν,
721 5425 816 5481 καὶ
867 5426 966 5498 τήν
1020 5430 1178 5501 χεῖρα
1228 5429 1475 5497 ἐκτείνας
1526 5431 1627 5503 τὴν
1676 5433 1950 5507 μάχαιραν

438 5682 455 5707 ⁸
484 5683 570 5735 Ms.
582 5724 594 5745 ,
626 5687 829 5738 εἵλαντο.

1097 262 1159 321 S.
1193 256 1484 317 JOANNIS
1519 254 2023 316 CHRYSOSTOMI
2064 254 2387 313 ARCHIEP.
2427 252 2981 314 CONSTANTINOP.

2040 380 2311 451 ἁρπάσαι,
2346 382 2758 438 πλεονεκτεῐται
2809 384 2888 455 τῷ
2922 382 3141 437 κεῖσθαι
3181 382 3243 436 τὸ
3274 381 3485 436 παιδίον
3529 399 3623 436 νε·

2037 481 2171 553 κρδν
2199 482 2455 540 ἐνταῦθα.
2478 484 2589 538 Καὶ
2604 484 2779 548 ἄλλως
2798 484 2877 550 δέ,
2907 483 3098 555 ἐκείνῳ
3119 472 3216 555 μὲν
3236 485 3271 554 ή
3296 482 3392 536 τοῦ
3421 500 3623 554 κατορ-

2039 578 2292 650 θώματος
2320 581 2473 647 ἐλπὶς
2505 582 2671 656 ἔφερε
2713 582 3093 655 παραμυθίαν,
3125 584 3221 640 καὶ
3268 582 3330 636 τὸ
3354 584 3453 653 τῆς
3485 584 3625 645 ἰδίας

2040 681 2295 753 ἀνδρείας
2338 682 2502 753 ἔργον
2530 680 2673 737 εἶναι
2706 681 2807 754 τὴν
2838 682 3120 755 ἀριστείαν
3150 682 3388 753 ἐκείνην,
3423 682 3519 735 καὶ
3563 681 3627 735 τὸ

2041 775 2225 845 φωνῆς
2292 773 2501 827 ἄνωθεν
2565 775 2876 847 φερομένης
2943 774 3171 829 ἀκοῦσαι
3217 774 3627 846 προθυμότερον

2040 871 2213 926 ἐποίει
2240 886 2255 902 ο
2293 871 2532 926 ἐνταῦθα
2561 874 2618 927 δὲ
2658 873 2812 928 οὐδὲν
2844 872 3086 926 τοιοῦτόν
3109 875 3277 927 ἐστιν.
3301 872 3463 926 Ὀθεν
3493 873 3627 925 ἁδα-

2045 970 2311 1043 μαντίνης
2336 971 2417 1024 δεῖ
2447 971 2629 1043 ψυχῆς
2649 973 2728 1045 τῷ
2764 974 3030 1046 μονογενῆ
3062 973 3249 1039 παῖδα,
3272 973 3368 1027 καὶ
3383 974 3440 1025 ἐν
3461 973 3631 1025 πλού-

2041 1089 2118 1143 τῳ
2141 1074 2441 1145 τραφέντα,
2474 1076 2569 1129 καὶ
2600 1075 2844 1147 χρηστὰς
2875 1074 3246 1144 ὑποφαίνοντα
3269 1073 3514 1137 ἐλπίδας,
3536 1073 3633 1126 ἐπὶ

2041 1173 2136 1229 τοῦ
2196 1174 2392 1246 βόθρου
2430 1177 2683 1249 κείμενον
2734 1176 2933 1248 δρῶντι
2978 1176 3073 1230 καὶ
3123 1175 3448 1246 τεταμένον,
3485 1175 3631 1229 ῶστε

2047 1274 2241 1345 πράως
2268 1278 2513 1345 ἐνεγκεῖν
2548 1277 2610 1330 τὸ
2662 1278 2900 1347 συμὸάν.
2940 1278 2999 1331 ’0
3024 1277 3268 1340 τοιοῦτος
3301 1277 3369 1331 ἂν
3398 1276 3632 1348 δυνηθῇ,

2042 1375 2143 1444 τῆς
2184 1373 2403 1443 φύσεως
2432 1374 2501 1428 τά
2543 1373 2769 1444 κύματα
2822 1374 3185 1437 κατευνάσας,
3225 1376 3400 1427 είπεῖν
3436 1373 3503 1426 τὸ
3532 1371 3632 1427 τοῦ

2057 1475 2178 1533 ’1ὼό
2211 1475 2498 1546 ἀδακρυτὶ,
2533 1474 2588 1527 '0
2627 1475 2842 1541 Κύριος
2868 1473 3111 1538 ἔδωκεν,
3148 1476 3182 1527 ὁ
3211 1473 3429 1540 Κύριος
3462 1473 3637 1543 ἀφεί-

2043 1579 2206 1640 λετο,
2238 1570 2393 1645 ¹μετά
2439 1573 2536 1628 τοῦ
2564 1572 2818 1644 Ἀϐραὰμ
2845 1571 3010 1627 αὐτοῦ
3048 1573 3327 1642 στήσεται,
3365 1571 3510 1640 μετά
3539 1570 3635 1624 τοῦ

2058 1676 2179 1731 ’1ὼὸ
2208 1675 2727 1747 ἀνακηρυχθήσεται
2765 1674 2874 1728 ἀπὸ
2902 1673 2997 1727 τοῦ
3030 1674 3279 1743 ῥήματος
3301 1670 3499 1724 τούτου
3538 1670 3637 1743 μό-

2045 1792 2156 1831 νον.
2189 1774 2310 1830 Κᾶν
2339 1775 2467 1838 τοὺς
2496 1774 2782 1838 κωκυτούς
2807 1771 2916 1825 τῶν
2947 1770 3227 1841 γυναικῶν
3256 1766 3502 1835 παύσας,
3542 1769 3639 1822 καὶ

2043 1876 2171 1940 τούς
2203 1875 2400 1947 χοροὺς
2448 1873 2560 1927 τῶν
2606 1871 2926 1945 θρηνουσῶν
2953 1870 3237 1937 διαλύσας,
3290 1873 3371 1935 είς
3413 1869 3637 1935 δοξολοο

2046 1978 2171 2049 γίαν
2196 1976 2445 2039 ἅπαντας
2470 1975 2738 2047 διεγείρῃ,
2771 1974 2945 2046 μυρία
2981 1972 3212 2037 ἄνωθεν,
3247 1972 3416 2044 μυρία
3444 1970 3636 2027 κάτω-

2048 2081 2141 2136 θεν
2160 2079 2373 2144 δέξεται
2403 2076 2554 2150 [426]
2584 2076 2655 2132 τά
2698 2075 2947 2148 βραδεῖα,
2970 2073 3277 2147 ἀνθρώπων
3307 2073 3475 2128 αὐτὸν
3504 2073 3638 2126 θαυ·

2050 2181 2362 2252 μαζόντων,
2414 2178 2665 2250 ἀγγέλων
2722 2176 3088 2251 κροτούντων,
3132 2174 3229 2230 τοῦ
3268 2173 3405 2230 Θεοῦ
3432 2191 3639 2243 στεφα-

2047 2298 2294 2345 νουντος.

2121 2463 2197 2524 ς’·
2232 2453 2346 2511 Καὶ
2372 2453 2492 2518 πῶς
2517 2451 2744 2509 δυνατὸν
2781 2449 2856 2523 μὴ
2888 2448 3107 2505 πενθεῖν
3135 2448 3422 2520 ἄνθρωπον
3460 2447 3598 2501 ὄντα
3619 2487 3637 2512 ,

2050 2556 2221 2629 φησίν
2243 2574 2259 2624 ;
2282 2557 2382 2609 Ἂν
2407 2554 2671 2626 ἐννοήσῃς
2691 2551 2810 2617 πῶς
2828 2552 2859 2605 6
2880 2551 3246 2624 πατριάρχης,
3275 2550 3396 2613 πῶς
3424 2552 3453 2602 ὁ
3490 2549 3638 2612 Ἰὼϐ.

2048 2658 2327 2730 ἄνθρωποι
2352 2655 2505 2717 ὄντες
2525 2656 2575 2708 οί
2603 2653 2927 2725 ἀμφότεροι,
2956 2652 3108 2706 οὐδὲν
3130 2651 3372 2705 τοιοῦτον
3406 2650 3638 2715 ἔπαθον,

2047 2759 2144 2812 καὶ
2173 2756 2349 2811 ταῦτα
2379 2756 2487 2828 πρὸ
2518 2756 2686 2826 νόμου
2729 2755 2825 2809 καὶ
2857 2754 3079 2826 χάριτος
3106 2752 3201 2807 καὶ
3231 2753 3332 2823 τῆς
3360 2752 3641 2821 τοσαύτης

2047 2858 2158 2912 τῶν
2186 2856 2369 2928 νόμων
2394 2855 2713 2925 φιλοσοφίας
2734 2855 2993 2926 ἑκάτερος
3019 2852 3198 2907 αὐτῶν
3225 2852 3551 2924 γενόμενος,
3574 2854 3640 2907 ἂν

2048 2956 2265 3030 λογίσῃ,
2297 2956 2380 3010 ὅτι
2408 2956 2490 3019 είς
2516 2952 2766 3026 βελτίονα
2788 2953 2975 3026 χώραν
3011 2953 3250 3025 μετέστη
3281 2960 3332 3019 ι),
3363 2954 3465 3007 καὶ
3504 2954 3642 3027 πρὸς

2049 3056 2259 3129 ἀμείνω
2276 3055 2432 3127 λῆξιν
2459 3054 2814 3127 ἀπεπήδησεν
2847 3055 2877 3108 6
2904 3053 3257 3127 τελευτήσας,
3281 3055 3377 3109 καὶ
3400 3054 3510 3109 οὐκ
3538 3056 3641 3109 ἀπ-

2049 3157 2259 3221 ώλεσας
2284 3156 2379 3211 τὸν
2400 3158 2535 3222 υίδν,
2561 3155 2677 3211 ἀλλ’
2698 3156 2758 3208 ἐν
2780 3154 2964 3227 ἀσύλῳ
2981 3154 3167 3209 λοιπὸν
3190 3154 3399 3209 ἀπέθου
3424 3155 3640 3227 χωρίῳ.

2051 3258 2146 3330 Μή
2182 3258 2361 3312 τοίνυν
2391 3255 2540 3326 λέγε,
2575 3256 2659 3310 ὅτι
2696 3253 2895 3309 Οὐκέτι
2918 3252 3194 3321 καλοῦμαι
3223 3256 3433 3328 πατήρ.
3459 3255 3571 3309 Διά
3590 3254 3643 3309 τί

2051 3357 2162 3429 γὰρ
2194 3357 2380 3411 οὐκέτι
2406 3355 2548 3428 καλῇ
2583 3353 2680 3409 τοῦ
2711 3354 2826 3408 υίοῦ
2851 3356 3140 3425 μένοντος;
3176 3354 3254 3426 μὴ
3282 3354 3394 3425 γὰρ
3424 3353 3643 3411 ἀπέϐα-

2055 3457 2147 3522 λες
2167 3457 2230 3510 τὸ
2260 3453 2511 3521 παιδίον;
2550 3453 2626 3526 μὴ
2661 3453 2772 3527 7&9
2808 3451 3096 3517 ἀπώλεσας
3123 3453 3215 3508 τὸν
3238 3452 3381 3519 υίόν;
3417 3454 3644 3511 Mm

2056 3558 2296 3629 ἐκτήσω,
2330 3555 2428 3610 καὶ
2452 3555 2862 3626 ἀσφαλέστερον
2894 3555 3077 3625 ἔσχες.
3111 3553 3211 3608 Διά
3246 3554 3408 3609 τοῦτο
3450 3555 3645 3610 οὐκέτι

2054 3654 2293 3712 ἐνταῦθα
2325 3655 2484 3726 μόνον
2504 3653 2645 3725 καλῇ
2672 3653 2877 3724 πατὴρ,
2902 3650 3039 3705 ἀλλὰ
3068 3652 3163 3705 καὶ⁸
3197 3650 3255 3703 ἐν
3285 3650 3363 3722 τῷ
3395 3649 3641 3722 οὐρανῷ’

2051 3759 2195 3813 ῶστε
2229 3757 2292 3810 οὐ
2320 3757 2380 3810 τὺ
2410 3754 2592 3826 πατὴρ
2620 3752 2904 3808 καλεῖσθαι
2927 3751 3237 3817 ἀπώλεσας,
3271 3749 3414 3805 ἀλλά
3433 3750 3500 3804 τὸ
3525 3769 3645 3823 μει-

2052 3859 2225 3924 ζόνως
2260 3855 2543 3911 καλεῖσθαι
2574 3853 2929 3926 προσέλαϐες·
2959 3853 3018 3908 οὐ
3052 3853 3160 3924 7&9
3190 3852 3385 3924 θνητοῦ
3419 3853 3641 3908 παιδίου

2050 3959 2258 4025 λοιπὸν,
2290 3956 2407 4011 ἀλλ’
2444 3955 2714 4011 ἀθανάτου
2747 3954 2997 4026 κληθήσῃ
3043 3953 3246 4024 πατὴρ,
3296 3954 3642 4024 στρατιώτου

2050 4059 2323 4129 γενναίου,
2379 4056 2476 4110 καὶ¹
2530 4054 2677 4109 ἔνδον
2738 4054 2972 4118 ἑστῶτος
3014 4053 3301 4125 διηνεκῶς.
3357 4053 3457 4124 Μὴ
3507 4056 3641 4125 γάρ,

2052 4144 2241 4230 ἐπειδὴ
2274 4156 2353 4229 μὴ
2386 4156 2642 4228 πάρεστι,
2693 4155 2790 4208 καὶ
2833 4153 3173 4209 ἀπολωλέναι
3218 4154 3380 4208 αὐτὸν
3421 4154 3640 4225 νόμιζε.

2052 4261 2186 4317 Οὐδὲ
2214 4258 2344 4331 γὰρ,
2379 4260 2428 4312 εἰ
2472 4256 2772 4327 ἀποδημῶν
2815 4254 3135 4327 ἐτύγχανεν,
3170 4252 3384 4324 ἀπέστη
3432 4255 3501 4309 ἄν
3545 4271 3642 4306 σου

2050 4363 2146 4417 καὶ
2170 4359 2413 4430 τούνομα
2446 4358 2547 4429 τῆς
2586 4355 2906 4425 συγγενείας
2937 4356 3077 4427 μετά
3108 4354 3202 4410 τοῦ
3234 4353 3511 4424 σώματος.
3548 4354 3641 4426 Μή

2049 4464 2115 4536 δὴ
2139 4465 2207 4535 τῇ
2240 4462 2360 4532 ὕψει
2397 4460 2493 4515 τοῦ
2524 4459 2783 4531 κειμένου
2809 4458 3066 4531 πρόσεχε,
3094 4458 3217 4513 ἐπεὶ
3248 4458 3641 4530 ἀναῤῥιπίζεις

2052 4563 2115 4617 τὸ
2152 4562 2346 4627 πάθος,
2377 4560 2493 4614 ἀλλ’
2519 4558 2701 4627 ἄπαγε
2725 4559 2825 4630 τὴν
2844 4559 3084 4614 διάνοιαν
3107 4559 3216 4612 ἀπὸ
3240 4557 3336 4611 τοῦ
3371 4560 3639 4628 κειμένου

2058 4662 2195 4736 πρὸς
2231 4661 2323 4717 τὸν
2343 4660 2588 4731 οὐρανόν.
2618 4658 2731 4729 Οὐχ
2753 4651 2907 4722 οὗτός
2935 4658 3052 4711 ἐστι
3082 4656 3143 4711 τδ
3176 4657 3389 4711 παιδίον
3422 4657 3488 4711 τὸ
3521 4656 3638 4710 κεί-

2061 4769 2244 4838 μένον.
2272 4764 2388 4820 ἀλλ’
2434 4764 2642 4824 ἐκεῖνος
2686 4764 2715 4815 6
2754 4760 3006 4824 ἀποπτάς
3048 4761 3144 4814 καὶ
3174 4758 3512 4830 ἀναδραμὼν
3559 4761 3640 4821 είς

2046 4870 2181 4944 ὕψος
2206 4872 2451 4942 ἄπειρον.
2482 4868 2653 4923 Ὅταν
2679 4865 2856 4920 τοίνυν
2881 4865 2996 4937 ἴδῃς
3017 4865 3143 4927 τοὺς
3164 4863 3483 4932 ὀφθαλμοὺς
3511 4861 3639 4917 καθα

2047 4974 2380 5048 ῃρημένους,
2407 4969 2502 5025 καὶ
2527 4970 2588 5023 τὸ
2619 4967 2797 5039 στόμα
2827 4964 3227 5037 συνῃρημένον,
3262 4964 3358 5016 καὶ
3381 4962 3447 5015 τὸ
3477 4964 3637 5035 σῶμα

2047 5074 2326 5146 ἀκίνητον,
2364 5071 2439 5144 μὴ
2466 5070 2625 5125 τοῦτο
2650 5069 2843 5136 ἐννόει,
2868 5068 2951 5121 ὅτι
2973 5066 3130 5120 τοῦτο
3162 5066 3222 5120 τὸ
3248 5066 3425 5137 στόμα
3447 5067 3635 5121 οὐκέτι

2050 5177 2368 5248 φθέγγεται,
2391 5168 2536 5226 οὗτοι
2567 5171 2617 5224 οί
2644 5168 2916 5240 ὀφθαλμοὶ
2939 5170 3122 5223 οὐκέτι
3145 5167 3463 5238 βλέπουσιν,
3487 5163 3634 5223 οὗτοι

2049 5280 2101 5332 oi
2131 5276 2296 5341 πόδες
2345 5272 2530 5328 οὐκέτι
2577 5269 2905 5343 βαδίζουσιν,
2935 5270 3051 5325 ἀλλ’
3090 5272 3170 5333 είς
3213 5268 3421 5340 φθοράν
3458 5268 3633 5323 πάντα

2050 5379 2278 5449 οίχεταιο
2313 5375 2389 5447 μὴ
2417 5373 2590 5427 ταῦτα
2617 5372 2764 5441 λέγε,
2800 5371 2936 5425 ἀλλά
2967 5370 3225 5425 τάναντία
3270 5368 3503 5436 τούτων,
3548 5369 3631 5422 ὅτι

2050 5477 2223 5535 Τοῦτο
2245 5476 2344 5549 μὲν
2366 5475 2428 5530 τὸ
2460 5473 2638 5545 στόμα
2658 5472 2882 5544 ἄμεινον
2907 5471 3217 5542 φθέγξεται,
3243 5470 3338 5523 καὶ
3364 5470 3411 5523 οί
3432 5465 3630 5539 ὀφθαλ-

2119 5696 2147 5726 ι
2171 5692 2256 5743 Sic
2274 5706 2364 5742 ms.
2393 5691 2524 5743 Editi
2559 5702 2696 5750 vero,
2717 5664 2873 5753 χῶρον
2894 5688 3103 5751 μέτεστι,
3127 5686 3272 5737 male.
