3712 6212
112 285 162 339 39
1025 260 1089 318 IN
1126 256 1339 317 EPIST.
1380 255 1422 311 ll
1485 250 1577 310 AD
1615 253 1770 313 C03.
1814 254 2042 311 liO.\ilL.
2085 250 2125 311 l.

111 400 249 467 cuique
270 392 429 463 quidvis
461 388 689 450 amittat,
724 384 823 438 hoc
844 389 1023 436 tamen
1048 376 1116 432 ad
1156 374 1404 431 ciendum
1431 371 1521 426 do-

111 464 203 546 treat
226 484 414 539 omnibus
444 491 512 535 est
548 476 853 532 violentius.
889 471 1083 527 Pellem
1132 469 1299 533 enim,
1324 464 1514 536 inquit,

112 601 144 638 'o
173 577 288 652 pelle,
311 587 346 630 et
366 575 498 628 omnia
525 584 639 639 quia
678 568 825 620 habet
852 565 1023 627 homo,
1050 561 1188 615 dabit
1226 574 1318 629 pro
1347 558 1520 611 anima

111 650 570 741 :a(VJob.2.t).Nec
609 660 897 732 quidquam
948 653 1190 723 corporis
1239 650 1520 707 tormentis

112 767 257 825 erbius
277 762 374 832 ﬁngi
400 768 563 830 potest.
593 755 699 812 Sed
747 762 926 807 tamen
967 764 1086 818 qua:
1116 747 1195 801 vel
1225 744 1407 799 auditu
1435 742 1520 795 in-

112 856 276 915 leranda
298 860 398 908 sunt
418 893 430 915 ,
454 865 503 904 ea
532 848 601 901 ob
626 844 875 916 gaudium
921 839 1073 902 illud,
1101 836 1240 908 quod
1268 834 1521 889 divinitus

112 949 326 1019 ncipitur,
360 940 621 998 tolerabilia
667 946 828 1006 atque
854 934 1015 991 etiam
1040 928 1335 1001 expetenda
1367 927 1519 980 fiunt.

111 1044 170 1098 esi
192 1057 215 1096 a
241 1041 373 1109 ligno,
395 1036 463 1091 vel
484 1050 509 1088 a
537 1032 824 1101 sartagine,
854 1024 1096 1082 nonnihil
1121 1022 1294 1077 adhuc
1319 1023 1527 1089 apiran-

112 1156 134 1192 n
159 1144 396 1204 martyrem
411 1128 655 1190 eduxeris,
687 1133 888 1178 tantum
916 1118 1165 1191 gaudium
1189 1116 1240 1169 in
1272 1129 1340 1169 eo
1364 1113 1523 1167 situm

112 1225 293 1297 nperies
310 1266 323 1290 ,
346 1229 568 1293 quantum
598 1234 666 1271 ne
692 1215 870 1270 verbis
895 1212 1113 1282 quidem
1145 1208 1269 1263 ullis
1295 1204 1523 1275 exprimi

111 1295 196 1376 ssit.
235 1316 294 1371 Et
330 1314 435 1385 quid
484 1309 685 1372 faciam,
741 1306 972 1376 inquies,
1026 1299 1237 1371 quando
1288 1295 1529 1365 martyrii

117 1427 215 1482 lpliS
240 1422 359 1463 nunc
392 1421 481 1460 non
524 1402 644 1457 est?
670 1398 808 1467 Quid
847 1395 1025 1452 dicis?
1054 1389 1292 1461 martyrii
1322 1398 1530 1455 tempus

112 1523 154 1561 te
180 1520 270 1556 non
301 1496 467 1554 adest?
494 1495 785 1563 Numquam
812 1489 945 1544 illud
973 1486 1154 1548 abest,
1181 1482 1275 1538 sed
1319 1493 1532 1546 semper

111 1596 269 1653 oculos
294 1602 474 1647 nostros
498 1595 758 1650 versatur,
783 1582 829 1637 si
868 1578 1108 1652 vigilanti
1137 1576 1317 1630 animo
1341 1573 1527 1627 simus.

111 1704 184 1755 me
223 1684 347 1739 enim
391 1681 437 1736 in
483 1680 621 1749 ligno
673 1685 877 1731 tantum
932 1669 1187 1741 pendere,
1244 1674 1531 1735 martyrem

115 1792 163 1833 t:
188 1777 409 1847 quoniam
429 1774 467 1828 si
491 1772 563 1828 ita
591 1787 678 1826 res
703 1769 942 1831 haberet,
973 1776 1297 1820 coronarum
1343 1758 1533 1827 hujus-

112 1874 143 1927 li
166 1872 260 1926 Job
284 1882 455 1938 expers
478 1873 635 1920 esset.
672 1862 855 1931 Neque
894 1859 1037 1915 enim
1066 1856 1132 1911 ad
1165 1853 1395 1910 tribunal
1441 1851 1531 1906 ad-

111 1973 181 2017 tus
205 1970 302 2026 est,
330 1974 417 2013 nec
433 1955 621 2026 judicia
648 1966 834 2008 vecem
858 1948 1082 2013 audivit,
1110 1960 1209 2001 nec
1231 1941 1537 1999 carnificem

111 2068 154 2119 t;
182 2069 283 2110 non
306 2052 433 2108 enim
460 2065 489 2105 e
514 2048 659 2120 ligno
685 2042 932 2101 sublimis
969 2039 1209 2112 pendens
1249 2033 1541 2091 excarnifie

111 2161 206 2201 tilll'
229 2162 242 2199 :
269 2153 318 2200 et
354 2152 512 2197 tamen
555 2138 736 2194 multis
762 2133 1087 2205 martyribus
1116 2128 1391 2184 acerbiora
1420 2140 1540 2196 pas-

111 2248 212 2303 est;
234 2252 295 2290 ac
319 2231 596 2289 vocesilla:
618 2228 950 2291 nuntiorum,
972 2222 1063 2293 qui
1093 2221 1185 2275 alii
1210 2219 1329 2274 aliis
1354 2231 1541 2273 succe-

121 2340 191 2396 nt,
224 2343 338 2384 eum
374 2324 551 2397 quavis
578 2323 729 2392 plaga
753 2318 929 2374 acrius
956 2315 1305 2382 acerbiusque
1330 2309 1540 2365 convul-

112 2426 255 2488 baut,
301 2430 447 2489 atque
486 2414 720 2485 undique
770 2404 1540 2472 lancinabant,vermiumque

112 2532 185 2570 un
232 2529 325 2568 ora
365 2510 501 2565 omni
545 2524 612 2563 ex
644 2515 793 2577 parte
820 2504 993 2575 ipsum
1037 2498 1347 2561 immanius,
1375 2510 1537 2566 quam

111 2606 208 2661 emi
244 2600 531 2661 carniﬁces.
560 2595 938 2653 corrodebant.

132 2698 371 2767 Ecquem
411 2692 570 2763 igitur
612 2697 900 2759 martyrem
932 2683 1020 2738 hic
1062 2697 1167 2737 non
1191 2676 1403 2749 aequet?
1431 2676 1542 2731 lino

117 2798 423 2845 sexcentos.
451 2784 581 2838 Nam
631 2796 726 2851 per
764 2778 941 2832 omnia
990 2789 1166 2830 rerum
1197 2782 1392 2843 genera
1430 2781 1540 2825 tum

111 2885 287 2943 batur,
313 2890 418 2933 tum
449 2878 673 2947 palmam
700 2871 993 2934 obtinebat,
1026 2869 1269 2924 nimirum
1293 2879 1551 2947 perppes.

122 2977 292 3029 heros
314 3014 330 3040 ,
361 2986 455 3041 per
479 2983 674 3037 corpus
698 3006 712 3030 ,
741 2980 840 3035 per
889 2976 1109 3017 uxorem
1137 3001 1153 3028 ,
1183 2973 1280 3029 per
1305 2942 1541 3018 amicos,

111 3078 292 3130 astes,
341 3078 438 3133 per
486 3071 861 3123 servos;nam
907 3054 961 3107 hi
988 3066 1199 3123 quoque
1239 3050 1293 3105 in
1341 3063 1405 3102 os
1429 3047 1546 3116 ejus

111 3161 315 3219 ebant;
349 3168 446 3223 per
493 3151 708 3214 famem,
756 3161 850 3215 per
900 3143 1128 3207 somnia,
1170 3156 1267 3211 per
1304 3139 1540 3203 dolores,

111 3258 347 3305 storem.
378 3243 466 3299 0b
491 3254 717 3309 eamque
747 3250 961 3292 causam
987 3233 1120 3299 dixi,
1150 3247 1272 3287 eum
1320 3245 1424 3284 non
1452 3226 1544 3282 uni

111 3340 306 3395 uohus
348 3344 443 3390 aut
489 3333 698 3397 tribus,
746 3328 843 3385 sed
892 3326 1161 3383 sexcentis
1223 3322 1544 3394 martyribus

112 3431 268 3485 idum
298 3441 443 3482 esse.
473 3423 686 3479 Etenim
712 3435 817 3475 una
840 3435 961 3475 cum
984 3419 1049 3472 iis
1073 3428 1192 3488 quae
1218 3430 1545 3471 commemo-

116 3529 251 3587 uut,
288 3527 509 3588 tempus
558 3527 769 3585 quoque
820 3526 1070 3582 magnum
1118 3508 1286 3579 ipsius
1331 3507 1546 3561 coronis

112 3629 202 3667 um
244 3609 409 3665 addit
440 3627 454 3662 :
484 3606 685 3678 quippe
711 3605 853 3675 quod
892 3612 1016 3659 ante
1043 3602 1214 3673 legem
1241 3609 1297 3657 et
1319 3601 1545 3672 gratiam

111 3718 385 3776 :rpessus
411 3702 507 3769 sit,
537 3699 680 3771 quod
707 3699 905 3753 multos
930 3711 1169 3761 menses,
1195 3694 1337 3766 quod
1366 3694 1542 3749 omnia

112 3796 392 3861 nodum,
422 3792 569 3863 quod
596 3788 914 3846 acerbitates
937 3802 1125 3842 omnes
1155 3786 1314 3841 simul
1341 3786 1395 3839 in
1420 3800 1545 3839 eum

114 3905 176 3942 m
217 3885 481 3941 fecerint
509 3901 523 3937 :
553 3895 875 3952 quamquam
903 3877 1315 3948 unumquodque
1359 3890 1545 3931 eorum

112 3996 207 4033 1m
246 3973 617 4031 intolerabile
640 3980 757 4027 erat
780 4012 795 4036 ,
836 3971 1056 4040 ipsaque
1078 3969 1213 4024 adeo
1236 3968 1544 4024 divitiarum

111 4114 121 4135 ,
157 4083 315 4139 quae
338 4066 577 4137 reliquis
594 4063 921 4120 tolerabilior
942 4077 1061 4117 esse
1081 4061 1378 4116 videbatur.
1400 4061 1549 4115 Multi

123 4163 357 4231 plagas
386 4157 616 4228 quidem
658 4169 815 4224 aequo
841 4153 1021 4207 animo
1069 4152 1323 4217 tulerunt,
1349 4152 1439 4223 qui
1469 4162 1550 4205 ta-

112 4268 247 4306 lum
286 4250 577 4319 jacturam
608 4247 831 4302 minime
860 4245 1229 4315 pertulerunt;
1259 4261 1442 4299 verum
1471 4260 1554 4299 ea-

111 4358 259 4397 msa
331 4340 538 4410 ﬂagris
588 4339 765 4408 potius
808 4335 1036 4400 concidi,
1072 4346 1231 4405 atque
1258 4336 1553 4391 innumeris

116 4435 343 4489 ttibus
397 4430 782 4500 aftici,quam
836 4428 1067 4497 aliquam
1117 4442 1301 4481 earum
1350 4438 1552 4495 partem

112 4542 161 4580 ‘e
267 4524 654 4587 maluerunt,
707 4520 1113 4592 gravioremque
1178 4533 1296 4572 eam
1348 4518 1553 4589 plagam

112 4626 323 4673 σιὐηι
349 4658 367 4676 ,
407 4630 542 4685 quae
567 4630 629 4669 ex
668 4628 829 4683 opum
857 4611 1181 4667 detrimento
1202 4611 1426 4679 capitur.
1458 4611 1559 4664 Ita-

150 4724 440 4779 quoque
474 4706 622 4761 aliud
669 4704 911 4776 martyrii
936 4719 1105 4774 genus
1134 4714 1215 4757 est
1241 4746 1255 4767 ,
1289 4720 1409 4757 cum
1442 4706 1559 4773 quis

111 4800 547 4858 rmiSsiunem
591 4798 714 4851 forti
764 4796 944 4851 animo
972 4795 1189 4867 perfert.
1226 4795 1296 4849 Et
1329 4811 1558 4863 quonam

112 4894 394 4964 ,nquiet
427 4892 654 4960 aliquis,
687 4906 803 4945 eam
828 4889 950 4943 forti
978 4890 1158 4943 animo
1189 4888 1562 4958 perferemus?

112 4985 365 5043 ’iceris
403 4996 465 5038 te
506 4998 605 5053 per
624 4983 833 5036 unicam
861 4996 1067 5045 vocem,
1094 4996 1197 5050 qua
1228 4981 1336 5034 Deo
1364 4982 1563 5050 gratias

112 5097 185 5135 ns
260 5078 436 5132 lucri
486 5077 776 5139 facturum,
801 5089 957 5144 quam
981 5074 1163 5129 damni
1192 5072 1401 5128 feceris.
1432 5073 1562 5126 Nam

150 5186 428 5228 earum
463 5169 761 5223 amissione
788 5167 1005 5223 minime
1027 5168 1409 5222 conturbcmur
1433 5210 1445 5229 ,
1471 5167 1564 5219 sed

112 5314 114 5327 ,
162 5262 594 5319 Benedictus
640 5261 811 5325 Deus;
842 5260 997 5329 longe
1041 5260 1316 5313 uberiores
1357 5261 1568 5312 divitias

112 5375 222 5412 IS.
270 5353 515 5422 Neque
567 5353 709 5408 enim
760 5362 960 5405 tantum
1008 5352 1247 5406 utilitatis
1294 5353 1493 5421 capies,
1524 5353 1568 5405 si

122 5466 168 5504 s
257 5447 348 5501 in
415 5457 657 5515 egentes
700 5458 1003 5499 consumas.
1033 5454 1087 5498 et
1130 5444 1459 5507 obambules,
1509 5459 1572 5497 ac

198 5536 610 5606 conquiras,
639 5535 1021 5603 facultatesque
1074 5545 1190 5589 tuas
1235 5536 1288 5590 in
1340 5552 1434 5589 eos
1482 5535 1574 5605 qui

111 5638 369 5689 )rant
409 5643 672 5699 spargas,
701 5639 957 5696 quantum
1003 5644 1097 5696 per
1136 5628 1236 5683 hoc
1263 5644 1424 5681 unum
1449 5644 1575 5680 ver-

111 5732 151 5782 .l
170 5728 488 5779 ιηηθηιὶ
523 5726 687 5776 feres.
714 5724 1151 5793 Qumnloquitiem
1177 5734 1227 5777 ct
1253 5722 1439 5777 Jobmn
1470 5738 1572 5776 nou

213 5818 591 5877 PATROL.
627 5819 742 5877 Gtt.
788 5818 947 5880 LXI.

3099 251 3207 317 Sitti

1627 380 1737 425 tam
1766 370 2022 439 admiror,
2041 388 2162 426 cum
2191 372 2408 428 domum
2434 386 2587 429 suam
2619 376 2938 446 pauperibus
2966 388 3207 447 apertam

1624 459 1804 524 habet,
1830 476 1990 531 quam
2017 462 2266 517 eumdem
2309 465 2544 532 suspicio
2567 480 2631 520 ac
2660 466 2913 532 praedico,
2948 482 3068 521 cum
3106 466 3208 520 bo-

1623 566 1813 606 norum
1859 553 2189 623 ereptionem
2246 554 2320 609 ita
2366 554 2491 621 fert,
2517 565 2575 610 ut
2611 557 2809 627 gratias
2854 559 3014 611 etiam
3063 569 3207 627 agat.

1623 641 1776 709 Quod
1802 642 1962 697 etiam
1989 645 2161 714 ipsum
2210 644 2264 699 in
2310 645 2599 701 liberorum
2629 646 2920 704 amissione
2964 647 3212 703 accidere

1623 749 1846 790 cernere
1872 735 2015 790 licet.
2041 735 2224 807 Neque
2254 737 2395 791 enim
2426 736 2524 793 hac
2550 739 2605 793 in
2632 755 2692 793 re
2720 739 2981 794 minorem
3012 753 3210 793 merce

1625 823 1747 877 dem
1775 825 1974 895 capies,
1998 842 2157 895 quam
2187 828 2398 898 ille,qni
2426 828 2594 883 tilium
2622 842 2776 883 suum
2805 829 3025 885 adduxit
3050 840 3217 898 atque

1626 914 1944 983 immolavit,
1973 918 2019 972 si
2069 934 2193 973 cum
2248 919 2415 973 filium
2467 922 2784 976 morientem
2832 921 3208 991 conspexeris,

1628 1006 1861 1079 benigno
1888 1011 1999 1066 Deo
2028 1013 2227 1081 gratias
2256 1027 2405 1083 agas.
2434 1012 2490 1067 in
2520 1029 2627 1083 quo
2656 1014 2800 1069 enim
2831 1015 2877 1069 is
2905 1014 2997 1084 qui
3028 1013 3218 1083 hujus-

1630 1101 1775 1157 modi
1817 1103 1997 1158 animo
2040 1106 2295 1174 praeditus
2343 1116 2445 1172 est,
2476 1106 2782 1161 Abrahamo
2830 1106 3052 1162 inferior
3095 1108 3214 1161 sit?

1630 1192 1723 1248 Ille
1749 1196 1890 1249 enim
1923 1212 2028 1251 non
2062 1206 2326 1252 mortuum
2357 1197 2505 1253 humi
2534 1208 2758 1253 stratum
2790 1198 2944 1263 vidit,
2975 1199 3070 1254 sed
3099 1209 3217 1253 tan-

1633 1296 1742 1339 tum
1772 1288 2143 1355 exspectavit:
2176 1289 2427 1357 quocirca
2475 1293 2520 1344 si
2567 1290 2666 1345 hac
2710 1290 2919 1345 ratione
2968 1291 3215 1359 superior

1632 1383 1733 1437 est,
1756 1376 1898 1445 quod
1926 1376 2092 1431 filium
2115 1388 2350 1433 mactare
2373 1379 2787 1450 par‘abat,atque
2813 1389 3026 1436 extenta
3053 1396 3215 1435 manu

1633 1470 1867 1539 gladium
1895 1472 2190 1541 arripuerat
2215 1515 2228 1534 .
2256 1473 2309 1527 in
2341 1472 2443 1528 hoc
2465 1488 2677 1528 rursum
2707 1473 2924 1529 inferior
2942 1484 3044 1539 est,
3072 1475 3216 1545 quod
3298 1470 3303 1474 ’

1636 1559 1721 1613 hic
1747 1574 1880 1629 puer
1918 1571 2161 1617 mortuus
2192 1563 2386 1631 jaceat.
2411 1565 2706 1631 Quinetiam
2750 1564 2945 1634 alioqui
2974 1567 3217 1634 prmclari

1637 1653 1884 1708 facinoris
1921 1668 2049 1724 spes
2074 1656 2492 1712 consolationem
2523 1657 2622 1728 ipsi
2646 1657 2934 1713 afferebat:
2966 1668 3125 1729 atque
3155 1659 3243 1712 il-r

1638 1748 1726 1802 lud
1756 1750 1905 1815 item,
1946 1750 2087 1819 quod
2116 1760 2392 1805 strenuum
2421 1751 2722 1821 hujusmodi
2754 1752 2959 1807 facinus
2988 1755 3218 1823 propria)

1639 1840 1802 1909 ipsius
1844 1841 2167 1896 fortitudinis
2195 1857 2388 1897 munus
2429 1854 2581 1909 erat;
2609 1860 2672 1899 ac
2703 1856 2958 1914 praeterea
2988 1862 3087 1900 vox
3113 1861 3176 1900 ea
3199 1888 3215 1907 .

1638 1947 1757 2001 quas
1781 1934 1984 1988 caelitus
2015 1935 2343 2000 mittebatur,
2374 1935 2443 1989 ab
2486 1950 2554 1990 eo
2601 1937 2804 2002 audita,
2836 1939 3218 2009 promptiorem

1639 2038 1758 2077 eum
1790 2024 2065 2080 reddebat.
2096 2026 2196 2082 Hic
2219 2040 2397 2081 autem
2426 2026 2557 2082 nihil
2584 2027 2848 2099 ejusmodi
2877 2041 2977 2085 εει.
3008 2031 3084 2086 Ex
3113 2046 3247 2103 quo-

1641 2117 1973 2188 intelligitur,
2001 2119 2341 2174 adamantina
2368 2119 2599 2191 quadam
2628 2123 2803 2177 anima
2831 2136 2970 2193 opus
2991 2139 3132 2189 esse,
3164 2127 3220 2182 ut

1639 2212 1901 2281 quispiam
1926 2213 2143 2267 unicum
2174 2212 2361 2278 filium,
2386 2215 2476 2284 qui
2508 2215 2560 2268 in
2589 2215 2790 2271 divitiis
2819 2217 3077 2296 educatus
3107 2218 3221 2273 foe:

1642 2312 1744 2367 rat,
1773 2305 2057 2374 laetamque
2082 2304 2150 2360 de
2175 2321 2234 2361 se
2259 2321 2407 2377 spem
2433 2307 2710 2371 afferebat,
2739 2309 2790 2362 in
2817 2310 3018 2364 tumulo
3041 2312 3218 2379 jacen-

1642 2406 1749 2451 tem
1779 2408 1834 2451 et
1859 2406 2135 2452 extentum
2159 2400 2494 2468 conspiciens
2516 2439 2533 2466 ,
2560 2414 2743 2454 casum
2773 2400 2915 2455 hunc
2944 2401 3137 2457 leniter
3160 2418 3225 2458 ac

1641 2488 1849 2557 placide
1876 2488 2031 2544 ferat.
2062 2489 2162 2556 Qui
2203 2490 2306 2546 hoc
2347 2492 2529 2545 animo
2552 2500 2660 2559 est,
2689 2493 2736 2546 si
2778 2493 2980 2550 sedatis
3018 2506 3224 2550 natura:

1641 2579 1888 2635 fluctibus
1925 2581 2055 2637 illud
2084 2581 2205 2638 Jobi
2232 2583 2389 2638 siccis
2416 2583 2585 2639 oculis
2626 2583 2807 2639 dicere
2831 2594 3010 2655 queat,
3040 2584 3224 2640 Damia-

1641 2689 1737 2726 ηαδ
1774 2674 1952 2739 dedit,
1987 2674 2235 2730 Dominus
2287 2675 2493 2729 abstulit
2522 2674 2541 2745 (
2566 2674 2667 2729 Job
2697 2676 2749 2730 i.
2794 2676 2858 2731 21
2899 2680 2956 2746 );
3005 2679 3075 2733 ob
3121 2678 3225 2735 hoc

1642 2763 1919 2819 dumtaxat
1948 2766 2166 2820 verbum
2198 2783 2300 2820 una
2339 2782 2462 2821 cum
2507 2766 2812 2821 Abrahamo
2850 2768 3221 2834 collocabitur,

1642 2873 1748 2911 una
1773 2873 1894 2912 cum
1919 2858 2019 2913 Job
2048 2860 2215 2913 victor
2237 2859 2630 2929 praedicabitur.
2662 2859 2814 2927 Quod
2857 2860 2923 2923 si,
2951 2874 3224 2929 compres-
3250 2902 3253 2903 ν

1641 2951 1721 3003 sis
1745 2951 2025 3005 mulierum
2071 2951 2386 3021 singultibus
2412 2952 2697 3022 eborisque
2729 2954 3020 3022 lugentium
3051 2954 3224 3009 disso-

1644 3040 1789 3108 lutis,
1834 3057 2021 3097 omnes
2070 3042 2136 3097 ad
2186 3042 2538 3098 celebrandas
2588 3044 2680 3097 Dei
2737 3043 2923 3099 laudes
2953 3044 3220 3107 excitarit.

1644 3135 1923 3190 innumera
1950 3137 2002 3190 in
2030 3138 2164 3192 crelo
2187 3178 2201 3200 ,
2232 3136 2509 3192 innumera
2538 3138 2592 3192 in
2630 3148 2767 3192 terra
2795 3140 3011 3208 praemia
3038 3155 3225 3195 censes

1642 3234 1852 3296 quetur,
1881 3228 2183 3283 hominibus
2226 3244 2348 3284 eum
2402 3229 2809 3296 admirantibus,
2838 3232 3040 3302 angelis
3076 3234 3225 3303 plaut-

1644 3321 1912 3384 dentihus,
1944 3322 2053 3376 Deo
2077 3332 2394 3377 coronante.

1714 3413 1769 3469 6.
1800 3414 1869 3468 Et
1897 3416 1984 3484 qui
2016 3413 2129 3469 fieri
2158 3424 2353 3485 queat,
2395 3415 2539 3471 dicet
2565 3416 2787 3486 aliquis,
2833 3426 2893 3472 ut
2925 3420 3016 3489 qui
3055 3418 3219 3475 homo

1643 3515 1762 3571 est,
1791 3520 1900 3560 non
1928 3505 2147 3574 lugeat?
2175 3505 2437 3560 Nimirum
2466 3507 2510 3561 si
2531 3508 2752 3578 cogites,
2788 3523 2886 3563 nec
2908 3510 3224 3578 patriarchae

1645 3615 1745 3655 nec
1769 3600 1926 3665 Jobo,
1959 3614 2079 3654 cum
2114 3598 2275 3653 homo
2314 3606 2537 3669 uterque
2576 3608 2753 3665 esset,
2799 3600 3087 3670 quidquam
3120 3605 3225 3659 tale

1645 3692 1906 3747 accidisse
1927 3732 1943 3755 ,
1976 3691 2136 3761 idque
2158 3706 2283 3746 cum
2310 3700 2534 3761 uterque
2561 3700 2688 3746 ante
2718 3692 2887 3762 legem
2917 3698 2973 3747 et
2998 3695 3222 3763 gratiam

1645 3800 1709 3839 ac
1726 3795 1923 3839 tantam
1943 3784 2117 3853 legum
2139 3782 2529 3854 philosophiam
2551 3783 2841 3837 exstitisset
2866 3805 2878 3839 :
2901 3784 2944 3839 si
2966 3794 3225 3852 praetcrea

1647 3877 1776 3933 illud
1804 3875 2135 3940 consideres,
2165 3890 2309 3936 eum,
2342 3875 2428 3944 qui
2456 3874 2614 3927 vitam
2642 3889 2762 3928 cum
2792 3886 2963 3929 morte
2988 3892 3229 3931 commué

1650 3971 1799 4036 tavit,
1826 3970 1891 4023 ad
1924 3969 2199 4023 meliorem
2223 3966 2495 4037 regionem
2519 3966 2796 4036 migrasse,
2821 3975 2978 4038 atque
2996 3968 3062 4023 ad
3086 3985 3229 4039 pras-

1649 4063 1959 4116 stantiorem
1984 4070 2183 4113 sortem
2214 4059 2551 4123 transiliisse,
2582 4069 2737 4129 teque
2765 4074 2869 4113 non
2901 4059 3066 4114 filium
3098 4062 3233 4115 amis

1650 4156 1821 4217 sisse,
1853 4153 1947 4208 sed
1990 4154 2042 4206 in
2076 4164 2188 4205 tttlo
2223 4152 2331 4219 jam
2367 4152 2485 4204 loco
2512 4150 2828 4206 collocasse.
2869 4152 3228 4217 Quamobrem

1654 4263 1721 4302 ne
1744 4248 1943 4302 dixeris
1964 4288 1978 4311 ,
2010 4245 2127 4300 Jam
2156 4254 2308 4313 pater
2337 4256 2441 4298 non
2469 4260 2650 4300 vocor.
2679 4243 2786 4299 Cur
2814 4247 2955 4301 enim
2991 4262 3097 4302 non
3120 4248 3230 4316 jant

1654 4343 1863 4395 voceris
1884 4383 1897 4401 ,
1928 4354 2047 4393 cum
2090 4338 2230 4390 filius
2261 4348 2380 4391 tuus
2406 4347 2675 4404 superstes
2715 4338 2826 4391 sit?
2855 4354 2981 4393 num
3007 4354 3228 4409 puerum

1656 4431 1920 4488 amisisti?
1949 4448 2072 4484 num
2123 4429 2287 4483 filium
2321 4428 2630 4498 perdidisti?
2662 4430 2772 4484 lmo
2802 4433 2978 4498 potius
3006 4432 3230 4502 adeptus

1657 4542 1737 4588 es,
1768 4525 2037 4592 tutiusque
2068 4521 2331 4589 possides.
2365 4520 2488 4576 Ideo
2515 4534 2621 4574 non
2644 4520 2753 4590 jam
2783 4522 2867 4575 hic
2888 4523 3059 4577 solum
3088 4533 3241 4592 pater

1658 4617 1885 4680 vocaris,
1911 4616 2002 4670 sed
2025 4613 2182 4669 etiam
2206 4614 2257 4667 in
2280 4614 2432 4667 carie.
2456 4611 2831 4679 Quamobrem,
2861 4623 3063 4668 tantum
3087 4619 3239 4670 abest

1660 4723 1717 4765 ut
1749 4710 1911 4780 patris
1954 4723 2148 4763 nomen
2192 4707 2466 4769 amiseris,
2499 4714 2559 4759 ut
2601 4706 2868 4774 capiosius
2906 4709 3066 4762 etiam
3106 4708 3237 4763 illud

1663 4804 1756 4859 tibi
1784 4801 2074 4857 accesserit
2104 4818 2117 4855 :
2150 4815 2323 4869 neque
2359 4798 2502 4853 enim
2540 4799 2651 4868 jam
2691 4799 2967 4862 mortalis,
3013 4801 3105 4855 sed
3134 4802 3237 4856 im-

1663 4892 1907 4949 mortalis
1937 4888 2030 4946 tllii
2057 4899 2208 4960 pater
2234 4889 2533 4953 vocaberis,
2564 4889 2874 4959 strenuiqne
2903 4890 3089 4946 militis
3108 4934 3126 4960 ,
3156 4903 3241 4947 at-

1663 5000 1768 5057 que
1796 4986 1939 5039 intus
1969 4991 2227 5051 perpetuo
2267 4980 2476 5034 stantis.
2520 4979 2705 5049 Neque
2747 4980 2891 5034 enim
2929 4992 3048 5048 est,
3098 4985 3241 5053 quod

1667 5092 1789 5133 eum
1817 5075 2017 5130 idcirco
2039 5073 2133 5127 tibi
2164 5072 2386 5141 periisse
2427 5080 2581 5140 putes
2600 5112 2615 5135 ,
2644 5072 2765 5141 quia
2794 5088 2898 5126 non
2927 5074 3097 5129 adest.
3148 5078 3243 5130 Et-

1669 5170 1810 5225 enim
1843 5169 1889 5222 si
1921 5182 2142 5236 peregre
2172 5166 2439 5235 profectus
2472 5164 2679 5230 fuisset,
2698 5181 2804 5220 non
2835 5178 3117 5238 propterea
3136 5187 3259 5224 una

1671 5278 1791 5317 cum
1834 5276 2062 5328 corpore
2108 5257 2514 5328 propinquitatis
2553 5272 2766 5327 quoque
2804 5274 2998 5314 nomen
3029 5261 3247 5317 absces—

1673 5356 1849 5409 sisset.
1881 5351 2137 5419 Quocirca
2168 5366 2236 5404 ne
2262 5350 2486 5419 jacentis
2514 5351 2717 5404 vultum
2737 5354 2982 5418 attende;
3013 5354 3090 5408 sic
3109 5355 3252 5408 enim

1675 5445 2044 5516 aegritudinem
2072 5443 2387 5506 exsuscitas,
2422 5458 2604 5496 verum
2635 5442 2701 5495 da
2732 5458 2973 5512 operam,
3013 5454 3071 5497 ut
3102 5458 3255 5498 men-

1679 5549 1783 5592 tem
1815 5538 1882 5591 ab
1907 5553 1991 5599 eo,
2023 5536 2111 5605 qui
2147 5536 2307 5605 jacet,
2336 5535 2402 5590 ad
2431 5535 2623 5589 calum
2651 5536 2938 5592 sttbducas.
2969 5538 3083 5592 Non
3112 5546 3255 5591 enim

1679 5630 1906 5685 cadaver
1947 5630 2082 5692 hoc,
2114 5629 2255 5697 quod
2300 5628 2444 5680 hutni
2471 5627 2643 5693 jacet.
2676 5626 2818 5679 ﬁlius
2848 5636 2970 5679 tuus
3012 5636 3131 5685 est.
3163 5623 3259 5683 seti

1683 5724 1804 5789 ille,
1835 5720 1925 5790 qui
1964 5722 2226 5781 avolavit.
2273 5729 2427 5772 atoue
2471 5719 2524 5772 in
2556 5718 2871 5772 immensam
2917 5717 3254 5776 altttudtnettt

2851 5819 2927 5879 25
