3712 6212
353 317 615 376 aseendit.
644 315 778 372 Cum
802 314 978 384 itaque
1007 311 1297 383 depressos
1323 312 1510 367 oculos
1539 321 1700 382 atque
1726 319 1944 366 contra-

353 422 500 466 ctum
529 423 594 463 os
620 419 676 464 et
698 420 896 475 corpus
923 412 1072 459 motu
1094 418 1286 459 carens
1312 403 1531 470 videris,
1563 418 1694 458 cave
1723 401 1824 455 hoc
1846 401 1939 456 tihi

355 503 409 557 in
455 511 690 557 mentem
719 499 930 565 veniat,
962 499 1105 567 quod
1131 513 1194 554 os
1224 498 1364 552 istud
1397 513 1502 552 non
1539 497 1648 567 jam
1681 497 1937 565 loquitur,

355 593 499 648 oculi
525 593 612 648 isti
644 607 748 646 non
771 589 880 661 jam
911 598 1161 654 cernunt,
1191 589 1354 658 pedes
1377 590 1462 643 isti
1490 605 1592 643 non
1618 589 1726 658 jam
1754 589 1942 642 ambu-

355 685 486 750 Iant,
521 683 617 741 sed
641 684 820 737 omnia
851 683 902 736 in
930 681 1331 752 corruptionem
1357 680 1606 737 abierunt
1633 699 1646 734 :
1679 695 1829 742 cave.
1859 680 1942 734 in-

351 792 513 848 quam
534 817 553 845 ,
590 776 691 832 ista
721 774 901 839 dicas;
937 789 1118 828 verum
1151 773 1235 828 his
1269 773 1537 828 contraria
1557 815 1572 839 ,
1604 787 1797 842 nempe
1821 813 1836 837 ,
1867 772 1940 826 Os

351 868 496 927 istud
523 868 716 924 melius
744 867 1012 937 loquetur,
1043 864 1185 922 oculi
1216 865 1303 921 isti
1347 865 1568 920 meliora
1595 871 1817 920 cernent
1836 904 1852 930 ,
1884 871 1942 920 et

354 959 519 1031 pedes
548 959 601 1014 in
630 958 859 1014 nubibus
887 957 1150 1013 sublimes
1179 957 1452 1019 tollentur,
1483 969 1548 1011 ac
1567 954 1797 1024 denique
1821 969 1942 1008 cor-

349 1063 453 1119 pus
492 1048 672 1116 istud,
703 1047 848 1119 quod
886 1062 1030 1104 nunc
1072 1047 1451 1116 corrumpitur,
1485 1045 1937 1100 immortalitatem

348 1140 556 1208 induet,
588 1140 1044 1210 illustrioremque
1071 1137 1235 1192 tilium
1268 1152 1443 1192 meum
1477 1137 1749 1206 recipiam.
1781 1136 1936 1203 Quod

348 1236 394 1291 si
437 1249 728 1291 maerorem
767 1233 860 1289 tibi
901 1248 963 1287 ea
983 1273 999 1298 ,
1032 1247 1152 1303 qua:
1181 1231 1358 1286 cernis
1378 1270 1393 1294 ,
1426 1228 1686 1295 atl'erunt,
1719 1227 1935 1284 interim

348 1337 525 1385 tecum
572 1329 688 1399 ipse
720 1328 835 1383 Itzec
873 1327 1133 1396 loquere:
1167 1323 1554 1378 Vestimentum
1585 1321 1691 1376 hoc
1729 1333 1848 1386 est;
1882 1321 1937 1377 id

347 1421 517 1486 exuit,
549 1429 606 1476 ut
635 1420 808 1490 ipsum
838 1417 1144 1489 praeclarius
1168 1415 1392 1485 recipiat
1417 1435 1432 1470 :
1461 1414 1650 1470 domus
1677 1414 1792 1469 llaec
1815 1422 1898 1469 est
1922 1427 1938 1478 ;

347 1527 412 1566 ea
453 1525 640 1566 eversa
687 1520 800 1575 est,
849 1517 909 1563 ut
951 1506 1273 1562 luculentior
1317 1505 1430 1560 fiat.
1474 1503 1935 1571 Quemadmodum

345 1603 492 1658 enim
520 1617 640 1669 nos,
673 1617 792 1657 cum
820 1599 1040 1656 domum
1073 1597 1347 1670 purgaturi
1379 1612 1586 1664 sumus,
1618 1611 1712 1652 eos
1737 1597 1826 1665 qui
1849 1597 1934 1652 in-

345 1706 432 1752 tus
461 1697 731 1755 habitant.
763 1710 870 1750 non
901 1694 1128 1750 sinimus
1152 1707 1376 1750 manere
1395 1733 1409 1757 ,
1437 1692 1532 1746 sed
1568 1705 1635 1746 ne
1660 1689 1786 1760 quid
1813 1690 1934 1759 pul-

343 1788 487 1844 veris
507 1787 830 1845 contrahant
855 1802 918 1842 ac
941 1785 1168 1842 tumultu
1189 1782 1548 1848 oﬂendantur,
1581 1783 1724 1837 foras
1749 1797 1934 1837 aman-

342 1882 537 1936 datnus
564 1894 627 1935 ac
665 1879 936 1950 paulisper
975 1876 1228 1934 secedere
1251 1876 1531 1946 jubemus;
1589 1885 1931 1945 posteaquam

342 1984 522 2028 autem
553 1971 771 2026 domum
801 1979 966 2025 tutam
999 1967 1356 2035 reddidimus,
1389 1976 1498 2022 tum
1528 1966 1757 2036 denique
1788 1967 1932 2036 ipsos

343 2066 511 2121 libere
539 2065 764 2119 introire
799 2063 1028 2118 sinimus
1058 2079 1072 2116 :
1104 2059 1294 2116 eodem
1330 2059 1490 2114 modo
1533 2059 1674 2114 Deus
1717 2075 1933 2130 quoque

343 2157 498 2222 facit;
527 2170 718 2212 everso
755 2154 899 2210 enim
946 2152 1085 2224 putri
1118 2152 1284 2222 ipsius
1312 2151 1678 2218 tabernaculo,
1713 2151 1929 2206 interim

342 2263 466 2303 eum
501 2249 552 2301 in
585 2257 860 2316 paternam
889 2245 1107 2300 domum
1135 2253 1294 2312 atque
1322 2241 1390 2298 ad
1428 2257 1487 2298 se
1527 2242 1844 2310 introducit,
1874 2251 1932 2298 ut

345 2352 691 2412 posteaquam
723 2339 850 2395 illud
874 2339 1116 2406 diruerit,
1144 2347 1305 2407 atque
1329 2336 1660 2402 instauraril,
1693 2344 1802 2390 tum
1833 2336 1926 2390 de-

343 2453 490 2492 mum
519 2435 850 2506 splendidius
878 2433 927 2489 id
972 2434 1024 2490 ei
1057 2431 1264 2489 reddat.
1299 2429 1559 2497 Quocirca
1589 2445 1656 2484 ne
1685 2429 1886 2484 dixeris
1907 2471 1922 2494 ,

1088 197 1145 253 S.
1186 195 1461 254 JO.\NNIS
1498 192 1969 252 CllRYSOSTOMI
2007 191 2320 254 ARCHIEP.
2360 197 2896 257 CONSTANTINOP.
3547 208 3638 265 Si

2056 310 2256 377 Periit,
2302 327 2402 368 nec
2439 315 2550 382 jam
2591 325 2707 378 est;
2738 330 2923 372 eorum
2952 317 3130 385 enim,
3166 320 3260 389 qui
3293 319 3410 376 ﬁde
3437 337 3636 390 carui,

2051 403 2168 458 haec
2202 404 2366 461 verba
2393 414 2550 472 sunt;
2579 421 2766 462 verum
2796 407 2899 464 hoc
2928 410 3137 480 potius,
3187 411 3446 479 Dormit,
3479 429 3544 470 ac
3567 432 3636 470 re-

2049 505 2267 567 surget;
2299 513 2520 568 peregre
2549 499 2716 564 abiit,
2745 510 2907 572 atque
2930 517 3052 558 cum
3078 503 3228 575 Rege
3253 517 3532 561 venturus
3554 523 3636 562 est.

2047 588 2177 656 Quis
2203 587 2304 643 hoc
2328 604 2578 646 sermone
2600 592 2804 646 utitur?
2833 591 2882 648 is
2913 609 3107 664 nempe
3125 636 3139 658 ,
3167 597 3260 666 qui
3292 596 3576 650 Christum

2047 694 2108 734 se
2139 679 2444 750 loquentem
2477 680 2660 736 habet.
2689 682 2751 738 Si
2781 685 2911 736 enim
2937 686 3220 751 credimus,
3264 687 3455 756 inquit
3475 730 3494 752 ,
3523 695 3637 756 qui

2043 767 2199 823 Jesus
2227 781 2456 824 mortuus
2479 781 2553 827 est
2579 782 2626 826 et
2651 777 2930 829 resurrexit
2957 792 3019 829 ac
3044 779 3195 842 uiuit;
3221 779 3297 831 ita
3325 780 3492 832 etiam
3521 779 3639 835 Das

2046 880 2161 930 eos,
2189 864 2274 935 qui
2302 864 2681 920 obdormierunt
2701 907 2717 932 ,
2749 883 2838 935 per
2859 867 3036 924 Jesum
3064 870 3288 924 adducet
3333 887 3464 925 cui:
3491 888 3552 926 es
3579 875 3635 940 it.

2046 954 2226 1011 Thess.
2253 956 2308 1012 4.
2332 957 2445 1028 14).
2473 956 2651 1024 Quare
2676 959 2722 1013 si
2751 957 2921 1014 filium
2947 961 3169 1031 quaeris,
3199 961 3320 1016 illic
3340 977 3478 1016 eum
3505 978 3636 1032 qua

2043 1062 2136 1111 re,
2169 1048 2261 1103 ubi
2290 1047 2401 1104 Rex
2429 1058 2532 1116 est,
2560 1050 2647 1105 ubi
2671 1050 2985 1120 angelorum
3013 1053 3316 1118 exercitus,
3347 1070 3462 1108 non
3493 1055 3547 1108 in
3570 1071 3636 1109 se-

2043 1141 2250 1210 pulcro,
2277 1155 2383 1195 non
2422 1141 2476 1195 in
2519 1151 2659 1196 terra
2682 1183 2699 1208 ,
2741 1157 2809 1198 ne
2837 1143 3068 1213 alioqui,
3097 1159 3165 1199 eo
3206 1161 3392 1215 usque
3419 1146 3562 1200 adeo
3591 1148 3634 1199 is

2043 1233 2211 1289 altum
2250 1243 2430 1289 erecto
2453 1275 2470 1301 ,
2517 1235 2631 1304 ipse
2662 1235 2808 1290 humi
2855 1239 3166 1306 provolutus
3208 1254 3472 1294 maneas.
3503 1240 3558 1295 Si
3586 1243 3634 1295 al

2042 1323 2187 1382 hunc
2231 1326 2448 1380 modum
2485 1325 2945 1396 philosophentur,
2977 1344 3198 1384 omnem
3245 1331 3530 1400 ejusmodi
3556 1335 3634 1385 do-

2043 1418 2210 1474 lorem
2242 1419 2389 1474 nullo
2419 1420 2634 1490 negotio
2666 1421 3052 1490 propellemus.
3087 1423 3236 1478 Deus
3260 1434 3460 1479 autem
3493 1429 3634 1479 mis”

2043 1511 2308 1566 rationum
2346 1523 2400 1565 et
2447 1513 2607 1567 Pater
2635 1513 2797 1568 totius
2837 1516 3227 1570 consolationis
3257 1518 3516 1571 omnia
3555 1537 3632 1570 nn-

2042 1613 2211 1659 strum
2250 1604 2414 1660 corda
2443 1605 2774 1671 consoletur,
2820 1615 2876 1661 et
2915 1621 3104 1661 eorum
3153 1609 3250 1677 qui
3296 1609 3356 1662 in
3385 1611 3632 1679 ejnsmoii

2039 1696 2318 1752 doloribus
2351 1705 2654 1764 versantur,
2686 1705 2741 1752 et
2763 1713 2950 1752 eorum
2977 1699 3069 1769 qui
3115 1699 3230 1755 alio
3265 1704 3534 1756 maeroris
3555 1721 3632 1771 ge-

2038 1803 2169 1844 nere
2197 1797 2463 1856 tenentur,
2491 1788 2761 1859 donetque
2784 1798 2840 1843 ut
2865 1790 3012 1843 omni
3037 1792 3303 1845 maestitia
3333 1793 3630 1854 liberetur,

2038 1895 2102 1936 ac
2129 1881 2409 1951 spirituale
2437 1881 2684 1951 gaudium
2717 1882 3072 1952 percipiamus
3096 1925 3112 1950 ,
3162 1883 3473 1954 futuraque
3518 1887 3628 1941 bona

2037 1988 2427 2043 consequamur
2459 1991 2474 2027 :
2504 1988 2626 2043 qua:
2675 1971 2832 2027 detur
2873 1974 3132 2028 omnibus
3179 1976 3352 2030 nobis
3400 1983 3628 2047 assequi,

2035 2065 2205 2134 gratia
2231 2074 2285 2119 et
2311 2064 2638 2135 benignitate
2665 2065 2872 2119 Domini
2902 2067 3072 2120 nostri
3103 2065 3239 2122 Iesu
3259 2067 3506 2135 Christi,

2036 2171 2143 2226 quo
2186 2156 2328 2210 Patri
2357 2155 2622 2225 simulque
2649 2166 2835 2210 sancto
2867 2155 3089 2226 Spiritui
3119 2160 3299 2228 gloria
3318 2201 3340 2223 ,
3380 2174 3624 2230 potestas,

2038 2249 2243 2316 honor,
2293 2263 2435 2303 nunc
2471 2243 2526 2304 et
2561 2263 2796 2318 semper,
2839 2257 2896 2303 et
2940 2247 2994 2304 in
3037 2251 3245 2306 saecula
3293 2255 3624 2310 malum.

2037 2343 2227 2396 Amen.

340 2577 3620 2603 ww

1753 2657 2104 2720 HOMILIA
2144 2657 2226 2719 ll.

341 2818 468 2874 Cn.
502 2820 554 2874 i.
587 2834 636 2872 v.
665 2817 714 2872 6.
747 2817 870 2872 Sive
887 2825 1056 2869 autem
1085 2813 1405 2873 tribulamur,
1440 2825 1534 2878 pro
1553 2817 1714 2862 vestra
1740 2821 1920 2860 conso-

407 2911 596 2965 latione
623 2917 670 2962 et
693 2909 856 2963 salute
875 2949 890 2971 ,
922 2921 1036 2976 qua:
1063 2914 1303 2974 operatur
1335 2903 1390 2955 in
1427 2899 1694 2954 tolerantia
1717 2914 1923 2951 earum-

407 3003 522 3056 dem
543 3000 854 3069 passionum,
875 3013 1003 3067 quas
1025 3006 1070 3049 et
1091 3011 1182 3049 nos
1201 2993 1458 3065 patimur:
1476 2993 1528 3045 7.
1555 2999 1602 3044 et
1620 3005 1736 3060 spes
1753 2998 1926 3041 nostra

407 3095 556 3161 ﬁrma
583 3100 654 3146 est
680 3107 772 3160 pro
797 3089 954 3143 vobis.

408 3187 464 3240 1.
496 3185 786 3253 Postquam
818 3194 979 3235 unam
1007 3192 1070 3232 ac
1096 3176 1392 3249 principem
1417 3172 1812 3230 exhortationis
1839 3179 1924 3224 at-

338 3293 442 3348 quc
460 3272 842 3330 consolationis
857 3285 1074 3327 causam
1093 3268 1329 3339 protulit,
1349 3279 1540 3336 nempe
1554 3264 1695 3336 quod
1712 3264 1926 3320 Christo
1947 3307 1952 3314 .

339 3368 825 3432 communicemus,
871 3361 1160 3418 secundam
1193 3373 1407 3432 quoque
1449 3360 1584 3412 hanc
1615 3357 1796 3427 ponit,
1839 3357 1923 3411 ni-

340 3463 532 3515 mirum
560 3456 703 3527 quod
744 3453 1026 3525 discipulis
1053 3452 1185 3521 ipsis
1217 3451 1339 3505 hinc
1381 3449 1525 3504 salus
1561 3455 1921 3516 comparetur.

340 3552 418 3608 Ne
445 3551 602 3620 igitur
630 3547 826 3602 animis
850 3544 1164 3605 concidatis.
1194 3541 1386 3612 inquit,
1413 3555 1513 3594 nec
1543 3538 1923 3607 perturbemini

338 3662 404 3699 ac
434 3643 683 3698 metuatis
702 3681 718 3705 ,
747 3647 1030 3709 propterea
1059 3633 1204 3705 quod
1233 3632 1560 3703 afﬂigimur:
1588 3629 1923 3700 quandoqui-

341 3738 464 3793 dem
495 3737 594 3790 hoc
615 3734 732 3803 ipso
754 3730 970 3785 nomine
993 3727 1196 3797 aequius
1225 3724 1384 3779 fuerit
1407 3739 1501 3776 vos
1528 3721 1772 3776 ﬁduciam
1795 3735 1924 3776 con-

339 3832 540 3900 cipere.
573 3826 704 3881 Nam
734 3824 834 3878 nisi
861 3821 1243 3891 amigeremur,
1277 3816 1392 3872 haec
1422 3816 1599 3871 omnia
1631 3815 1778 3869 vobis
1805 3815 1920 3869 exi-

339 3924 476 3978 tium
495 3920 818 3977 attnlissent.
836 3916 937 3984 Qui
960 3913 1172 3970 tandem
1196 3912 1335 3968 istud
1350 3913 1374 3953 9
1392 3910 1652 3979 Quoniam
1673 3911 1716 3964 si
1733 3909 1924 3964 animis

338 4013 492 4070 fracti
529 4026 597 4066 ac
636 4009 989 4081 periculorum
1030 4013 1174 4060 metu
1217 4002 1517 4074 perterriti,
1563 4000 1684 4055 tidei
1727 3999 1926 4055 doctri-

339 4123 464 4162 nam
493 4105 647 4160 vohis
673 4101 895 4157 minime
919 4095 1436 4169 prtedicavissemus,
1470 4103 1527 4146 ut
1547 4108 1725 4147 veram
1749 4093 1923 4146 scien-

338 4202 466 4254 tiam
497 4190 861 4264 intélligeretis
883 4231 899 4259 ,
931 4200 1171 4244 extremo
1201 4186 1254 4240 in
1282 4184 1590 4240 discrimine
1617 4199 1701 4237 res
1730 4194 1922 4238 vestrae

337 4295 455 4348 siue
481 4299 682 4345 essent.
718 4285 879 4341 Vides
909 4297 1097 4338 rursus
1137 4289 1333 4352 quanta
1366 4279 1512 4334 Pauli
1543 4279 1623 4332 vis
1665 4277 1734 4331 sit
1761 4289 1922 4347 atque

335 4383 654 4440 contentio?
679 4379 748 4434 ab
776 4379 857 4433 his
885 4377 1011 4447 ipsis
1040 4372 1223 4439 rebus,
1253 4388 1371 4444 qua:
1398 4382 1596 4426 metum
1622 4385 1684 4424 ac
1711 4381 1919 4439 pertur-

338 4479 607 4534 bationem
637 4474 763 4543 ipsis
788 4468 1100 4528 atl‘erebant.
1124 4481 1218 4522 eos
1238 4464 1564 4520 consolatur.
1588 4463 1704 4529 Quo
1724 4463 1919 4516 etenim

337 4567 781 4642 persequutiones
807 4570 1004 4616 nostrae
1026 4561 1194 4628 magis
1220 4557 1614 4627 ingravescunt,
1642 4555 1829 4624 inquit,
1854 4567 1921 4608 eo

336 4665 505 4731 magis
533 4659 670 4720 bona
709 4663 885 4710 vestra
920 4667 1043 4722 spes
1081 4650 1469 4705 incrementum
1499 4661 1692 4714 capere
1722 4644 1914 4708 debet,

336 4749 766 4822 quandoquidem
817 4756 964 4802 tanto
1012 4743 1186 4812 major
1237 4741 1396 4796 saluti
1461 4739 1919 4808 consolatiunique

339 4856 534 4902 vcstrze
576 4843 820 4899 cumulus
861 4837 1086 4894 accedit.
1114 4835 1378 4906 Quidnam
1415 4835 1556 4890 enim
1610 4843 1806 4887 tantam
1851 4834 1916 4887 ad

337 4935 722 4991 consolandum
743 4933 849 4986 vim
881 4929 1129 4990 habebat,
1162 4942 1322 4997 quam
1351 4925 1495 4996 quod
1527 4925 1918 4995 przcdicationis

334 5025 598 5082 beneﬂcio
621 5033 701 5078 tot
737 5023 876 5078 bona
915 5019 1417 5090 consequebantur?
1446 5017 1635 5073 Postea
1657 5057 1673 5083 ,
1703 5033 1768 5071 ne
1801 5019 1918 5070 uni-

333 5132 546 5176 versam
596 5113 807 5170 laudem
851 5114 999 5168 solus
1045 5113 1158 5181 ipse
1205 5110 1307 5164 sibi
1354 5123 1606 5178 arrogare
1652 5107 1914 5173 videatur,

334 5208 459 5264 vide
487 5205 756 5278 quomodo
783 5219 877 5260 eos
922 5218 1134 5273 quoque
1183 5203 1235 5255 in
1268 5201 1440 5256 laudis
1483 5199 1794 5254 societatem
1825 5198 1919 5250 ad-

333 5303 549 5358 sciscat.
604 5299 885 5366 Postquam
913 5296 1055 5350 enim
1096 5294 1271 5355 dixit,
1316 5293 1435 5347 Sive
1477 5291 1795 5356 tribulamur,
1827 5305 1919 5360 pro

331 5405 498 5449 vestra
525 5389 866 5445 consolatione
895 5397 940 5440 et
965 5387 1155 5451 salute,
1189 5385 1491 5454 subiunxit,
1527 5384 1654 5448 Quae
1681 5391 1920 5451 operatur

328 5507 384 5542 tn
408 5483 678 5541 tolerantia
703 5483 990 5537 earumdem
1017 5479 1326 5549 passionum,
1350 5493 1474 5544 quas
1497 5487 1542 5530 et
1562 5493 1654 5530 nos
1676 5475 1913 5544 patimur.

331 5581 404 5633 Ac
437 5578 722 5633 dilucidius
752 5575 850 5630 hoc
870 5574 1084 5644 quidem
1115 5581 1296 5640 postea
1328 5569 1576 5639 exprimit
1605 5569 1684 5622 his
1715 5567 1916 5634 verbis,

333 5668 478 5727 Sicut
498 5669 625 5725 socii
654 5670 776 5722 estis
806 5665 1134 5736 passionum,
1165 5665 1236 5715 sic
1265 5645 1410 5716 eritis?
1441 5670 1485 5714 et
1514 5658 1870 5714 consolationis
1898 5673 1918 5712 :

2034 2801 2249 2858 interim
2281 2810 2458 2858 autem
2489 2801 2592 2857 hoc
2634 2803 2753 2858 loco
2794 2803 2844 2858 id
2876 2805 3237 2862 subindieavit
3257 2852 3276 2875 ,
3311 2826 3452 2867 cum
3485 2814 3622 2874 dixit.

2033 2893 2342 2948 Earumdem
2368 2895 2658 2963 passionum
2677 2936 2692 2959 ,
2725 2904 2886 2965 atque
2926 2896 2995 2951 ita
3024 2912 3346 2956 sermonem
3390 2921 3517 2958 cum
3543 2908 3622 2958 illis

2031 2985 2464 3041 communicavit.
2496 2986 2648 3051 Quod
2677 2996 2855 3040 autem
2883 2987 2978 3053 ait,
3014 2988 3153 3042 hanc
3177 2996 3526 3048 sententiam
3552 2998 3621 3048 ln-

2031 3077 2123 3132 het
2150 3093 2164 3131 :
2209 3076 2324 3132 Non
2357 3093 2454 3132 nos
2491 3079 2588 3132 soli
2621 3091 2811 3132 vestrae
2852 3079 3040 3135 salutis
3069 3083 3360 3152 negotium
3389 3089 3620 3156 agimus,

2030 3168 2124 3224 sed
2147 3177 2201 3224 et
2226 3183 2322 3222 vos
2350 3183 2582 3240 quoque.
2608 3169 2879 3239 Siquidem
2903 3180 2960 3227 et
2982 3189 3102 3240 nos,
3133 3174 3268 3230 dum
3299 3180 3622 3244 pandimus-

2030 3260 2112 3313 nis
2134 3274 2326 3314 munus
2354 3258 2586 3325 obimus,
2624 3259 2940 3330 afﬂigimur;
2973 3273 3026 3317 et
3052 3279 3168 3330 vos,
3201 3269 3298 3336 qui
3323 3285 3620 3324 seruorum

2030 3354 2295 3424 excipitis,
2326 3354 2379 3408 in
2409 3353 2596 3409 iisdem
2624 3354 3017 3410 calamitatibus
3049 3363 3346 3415 versamini
3380 3383 3397 3418 ι
3439 3380 3536 3418 nos
3559 3366 3622 3414 vi-

2029 3447 2246 3513 delicet,
2275 3457 2333 3502 ut
2351 3463 2472 3517 qua:
2491 3448 2796 3516 accepimus
2816 3448 2968 3503 vobis
2990 3450 3412 3518 impertiamus;
3441 3472 3552 3518 vos,
3575 3467 3620 3508 et

2029 3539 2171 3610 quod
2201 3538 2360 3594 datur
2399 3539 2673 3608 accipiatis
2710 3555 2812 3594 nec
2839 3541 3118 3596 amittatis.
3163 3542 3449 3609 Quidnam
3481 3548 3618 3616 igitur

2029 3640 2147 3698 est,
2196 3631 2336 3702 quod
2382 3646 2507 3686 cum
2558 3631 2658 3686 hac
2704 3631 3004 3689 humilitate
3051 3639 3364 3703 comparari
3429 3645 3614 3708 possit:

2029 3725 2224 3794 quippe
2252 3739 2372 3778 cum
2421 3740 2515 3778 eos
2539 3765 2553 3789 ,
2601 3724 2690 3794 qui
2740 3735 2886 3780 tanto
2925 3727 3206 3782 intervallo
3248 3730 3320 3783 ab
3359 3746 3432 3786 eo
3461 3733 3614 3785 dis-at

2028 3825 2214 3879 erant,
2260 3815 2313 3870 in
2344 3816 2586 3871 eamdem
2631 3817 2899 3886 patientia:
2942 3818 3156 3873 laudem
3197 3819 3614 3891 dignitatemque

2028 3907 2329 3963 Subvehat"
2363 3907 2530 3978 inquit
2573 3907 2714 3962 enim
2739 3948 2756 3973 ,
2807 3909 2933 3974 Quae
2970 3922 3210 3979 aperatur
3254 3914 3311 3965 in
3355 3915 3613 3966 tolerans

2028 4000 2316 4053 earumdem
2333 3999 2645 4068 passionum.
2665 3998 2847 4068 Neque
2869 4001 3010 4054 enim
3035 4015 3131 4069 per
3154 4002 3318 4056 fidem
3343 4003 3612 4059 dumtaxat

2026 4092 2172 4146 salus
2201 4091 2351 4144 Vobis
2376 4102 2734 4160 comparatur,
2767 4108 2950 4147 verum
2998 4109 3092 4162 per
3134 4095 3186 4148 id
3227 4097 3396 4151 etiam
3422 4141 3439 4162 ,
3482 4101 3606 4169 quod

2027 4183 2244 4239 easdem
2277 4197 2409 4252 quas
2433 4198 2534 4238 nos
2561 4183 2894 4239 calamitates
2923 4185 3182 4242 sutl‘ertis.

2095 4274 2130 4330 J
2138 4278 2235 4332 usti
2251 4277 2408 4330 virtus
2429 4277 2481 4330 in
2501 4278 2739 4331 aerumnis
2755 4279 2886 4332 lucet
2899 4289 2944 4331 et
2955 4281 3606 4350 augetur.—Quemadno~

2026 4366 2152 4423 dum
2170 4367 2417 4437 egregius
2433 4366 2634 4422 athleta
2652 4369 2722 4422 oh
2743 4369 3082 4438 splendorem
3103 4382 3160 4426 et
3183 4374 3410 4441 probam
3432 4391 3604 4442 corpo-

2027 4461 2104 4514 ris
2125 4458 2513 4525 habitudinem,
2544 4461 2705 4515 etiam
2728 4476 2848 4516 cum
2870 4471 3038 4516 artem
3066 4464 3118 4516 in
3145 4465 3331 4533 seipse
3355 4471 3600 4527 continet.

2027 4551 2276 4607 homines
2305 4552 2358 4606 in
2387 4552 2794 4608 admirationem
2825 4553 3019 4620 trahit;
3047 4565 3102 4608 at
3131 4571 3254 4610 cum
3287 4572 3537 4627 operatur
3555 4572 3600 4612 ct

2027 4642 2208 4712 plagas
2243 4642 2448 4713 perfert
2473 4654 2633 4714 atque
2656 4643 3019 4700 adversarium
3049 4645 3210 4711 ferit,
3243 4659 3358 4703 tum
3385 4651 3598 4718 denunt

2027 4735 2358 4804 potissimum
2381 4735 2576 4800 elucet,
2607 4739 2857 4807 quoniam
2889 4748 2997 4792 tum
3021 4739 3253 4810 denique
3281 4742 3424 4796 bona
3455 4745 3596 4812 imi-as

2026 4827 2282 4882 habitudo
2313 4827 2417 4881 vim
2448 4843 2596 4881 suam
2628 4830 2862 4893 exserit,
2903 4831 3142 4901 artisque
3179 4837 3486 4901 praestantia
3511 4836 3588 4887 de

2025 4920 2298 4973 claratur:
2330 4919 2518 4973 eodem
2553 4920 2712 4974 modo
2754 4922 2898 4976 salus
2936 4934 3118 4977 nostra
3153 4933 3263 4978 tum
3293 4927 3588 4980 luculentis

2024 5015 2217 5080 agitur,
2244 5011 2344 5066 hoc
2365 5022 2466 5075 est,
2485 5012 2805 5078 ostenditur,
2823 5024 3067 5086 augetur,
3090 5017 3470 5086 ampliﬁcatur,
3487 5034 3584 5072 cum

2030 5103 2224 5159 tolerat
2251 5114 2306 5159 et
2345 5105 2564 5175 patitur,
2593 5121 2657 5160 ac
2691 5115 2882 5160 cuncta
2911 5107 3032 5163 forti
3072 5119 3125 5163 et
3169 5123 3394 5166 strenuo
3433 5114 3586 5164 sino

2027 5198 2190 5250 subit.
2221 5196 2299 5250 Ex
2326 5213 2431 5267 quo
2455 5199 2742 5265 colligitur,
2772 5200 2958 5255 salutis
2987 5202 3259 5271 negotium
3291 5219 3398 5257 non
3425 5205 3476 5257 in
3504 5204 3582 5256 huc

2024 5288 2353 5351 consistere,
2404 5297 2462 5342 ut
2489 5289 2751 5358 quispiam
2780 5289 2941 5343 alium
2972 5291 3116 5345 malo
3144 5291 3376 5358 alliciat,
3419 5295 3506 5348 sed
3539 5303 3582 5344 ιιι

2022 5379 2136 5448 ipse
2167 5379 2449 5434 aﬂiciatur.
2478 5379 2588 5434 Nec
2613 5380 2764 5446 dixit,
2791 5386 3088 5452 ἐνεργούσης,
3117 5383 3219 5438 hoc
3241 5395 3353 5448 est,
3382 5401 3494 5453 qna-
3513 5381 3578 5435 el-

2025 5473 2152 5530 ticit.
2182 5473 2298 5538 sed,
2330 5478 2671 5543 ἐνεργουμένης,
2705 5474 2754 5528 id
2777 5485 2880 5538 est,
2903 5491 3022 5544 quae
3044 5476 3314 5530 efticitur:
3346 5489 3400 5530 ut
3422 5477 3577 5529 videli-

2022 5573 2106 5617 cet
2146 5563 2274 5618 iltud
2313 5563 2597 5629 ostendat,
2628 5569 2769 5635 quod
2812 5565 2880 5620 ad
2908 5583 3094 5622 eorum
3136 5569 3572 5638 promptitudiaca

2026 5667 2184 5728 atque
2210 5657 2372 5714 animi
2401 5657 2731 5716 alacritatem
2760 5658 2939 5716 divina
2981 5675 3196 5732 quoque
3217 5664 3383 5734 gratia
3409 5661 3571 5731 adju-
