3802 6312
210 295 300 354 391

207 409 288 480 μοὶ
316 407 528 480 μείζονα
559 410 800 482 ὄψονται,
847 419 944 473 καὶ
981 423 1032 475 οῖ
1059 423 1220 490 πόδες
1251 427 1345 482 ἐπὶ
1377 431 1616 499 νεφελῶν
1649 433 1750 504 ἀρ·-

199 502 460 572 θὴσονται,
482 504 652 558 καὶτὸ
678 506 1122 583 διαφθειρόμενον
1158 518 1316 573 τοῦτο
1353 521 1514 593 σῶμα
1547 502 1751 578 ἀθανα-

198 592 308 647 σίαν
333 595 628 663 ἐνδύσεται,
663 602 756 654 καὶ
784 602 1164 678 λαμπρότερον
1198 611 1290 665 τὸν
1328 592 1448 668 υἱὸν
1475 615 1751 687 ἀπολήψο-

195 701 303 755 μαι.
326 686 386 739 Εί
407 687 463 739 δὲ
484 687 642 743 λυπεῖ
663 708 723 745 σε
751 694 820 748 τὰ
847 695 1122 768 ὁρώμενα,
1148 702 1286 766 τέως
1306 706 1428 759 εἰπέ
1459 707 1595 779 πρὸς
1623 686 1750 763 ἐαυ-

191 776 290 830 τόν·
325 777 554 848 Ἰμάτιον
584 781 741 837 τοῦτό
772 786 911 852 ἐστι,
948 791 1044 843 καὶ
1073 792 1404 861 ἀπεδύσατο,
1436 776 1576 853 ὥστε
1613 800 1748 855 αὐτὸ

191 863 620 940 πολυτελέστερον
641 872 961 930 ἀπολαϐεῖν·
984 879 1130 933 οἰκία
1155 881 1292 954 αῦτη
1331 887 1470 950 ἐστὶ,
1501 889 1595 942 καὶ
1619 891 1748 945 καθ-

189 954 363 1026 ῃρέθη,
393 957 533 1012 ὥστε
560 963 814 1030 γενέσθαι
842 968 1011 1039 αὑτὴν
1052 972 1432 1047 φαιδροτέραν.
1477 981 1744 1054 Καθάπερ

189 1045 288 1117 γὰρ
314 1050 492 1118 ἡμεῖς,
522 1053 742 1109 ἐπειδάν
785 1059 1068 1132 μέλλωμεν
1102 1045 1388 1138 καθαιρεῖν
1413 1070 1609 1138 οἰκίας,
1642 1045 1743 1129 οὑκ

187 1140 401 1212 ἀφίεμεν
427 1144 552 1206 τοὺς
588 1145 738 1202 ἔνδον
763 1152 1046 1219 οἰκοῦντας
1077 1158 1278 1226 μένειν,
1309 1162 1424 1215 ἀλλ’
1450 1163 1590 1219 ὥστε
1631 1169 1740 1221 ἀπ-

186 1229 468 1302 αλλαγῆναι
508 1237 611 1308 τῆς
641 1241 843 1307 κόνεως
882 1247 978 1299 καὶ
1010 1251 1106 1302 τοῦ
1138 1250 1388 1322 θορύϐου,
1432 1254 1613 1330 [ἀλλὰ]
1647 1276 1740 1312 κε-

185 1323 452 1392 λεύσαντες
505 1333 643 1402 πρὸς
695 1335 873 1408 βραχὺ
916 1343 1269 1414 μεταστῆναι,
1309 1323 1527 1404 ἐπειδὰν
1568 1323 1740 1408 καατα-

187 1420 515 1491 σκευάσωμεν
545 1425 785 1494 ἀσφαλὲς
813 1429 876 1482 τὸ
897 1430 1188 1503 δωμάτιον,
1217 1437 1339 1491 τότε
1372 1443 1569 1506 αὑτοὺς
1601 1446 1739 1514 μετά

183 1511 343 1576 ἁδείας
375 1515 690 1587 εἰσάγομενο
743 1520 888 1575 οὕτω
934 1525 1027 1578 καὶ
1061 1529 1090 1580 ό
1118 1527 1251 1593 Θεὸς
1297 1536 1459 1595 ποιεῖ,
1492 1511 1737 1591 καθελὼν

183 1601 326 1654 αὑτοῦ
346 1603 442 1674 τὴν
463 1606 672 1674 σαθράν
699 1613 926 1682 σκηνὴν,
957 1615 1096 1679 τέως
1121 1620 1201 1681 είς
1221 1619 1320 1690 τὴν
1340 1625 1612 1696 πατρικὴν
1634 1628 1735 1680 αὑ-

179 1689 258 1743 τὸν
281 1692 463 1748 ἔλασεν
488 1698 668 1752 οἰκίαν
699 1701 795 1753 καὶ
821 1703 958 1772 πρὸς
983 1707 1193 1771 ἐαυτὸν,
1222 1689 1287 1761 ίν⁴
1317 1689 1736 1786 ὃταν-καθαιρε-

179 1779 236 1853 eg
265 1782 392 1856 αῦτη
435 1787 533 1842 καὶ
573 1790 926 1865 οίκοδομηθῇ,
976 1795 1368 1872 λαμπροτέραν
1411 1803 1581 1874 αὑτὴν
1609 1779 1732 1860 τότε

176 1877 311 1947 αὐτῷ
349 1880 550 1952 ἀποδῷ.
587 1883 679 1955 Μὴ
731 1886 908 1941 τοίνυν
961 1888 1143 1964 εἴπῃς,
1195 1893 1279 1945 ὅτι
1325 1895 1596 1950 Ἀπόλωλε
1636 1900 1732 1953 καὶ

176 1968 333 2024 οὐκέτι
377 1971 552 2027 ἐσται·
593 1977 687 2029 καὶ
727 1978 835 2050 γὰρ
879 1981 1127 2036 ἀπίστων
1157 1985 1226 2037 τά
1259 1986 1481 2056 ῥήματα
1533 1989 1726 2045 ταῦτα·

176 2057 306 2135 [ΩἹ]
339 2065 448 2118 ἀλλ’
481 2068 626 2136 εἰπέ,
659 2069 928 2126 Καθεύδει
966 2075 1061 2128 καὶ
1093 2075 1479 2148 ἀναστήσεται,
1519 2081 1725 2154 ἀπεδή-

175 2171 296 2227 μησε
317 2159 404 2212 καὶ
425 2159 546 2230 ἡξει
577 2163 716 2232 μετὰ
739 2164 835 2218 τοῦ
870 2166 1165 2231 Βασιλέως.
1193 2169 1288 2234 Τίς
1317 2170 1489 2225 ταῦτά
1522 2191 1721 2244 φησιν;

182 2247 233 2300 '0
263 2249 346 2304 τὸν
365 2253 600 2322 Χριστὸν
633 2255 773 2328 ἔχων
796 2259 854 2310 ἐν
880 2259 1059 2330 ἐαυτῷ
1080 2259 1364 2320 λαλοῦντα.
1393 2267 1461 2319 El
1486 2266 1594 2336 γὰρ
1626 2283 1722 2319 πι-

172 2457 2466 2486 W

1309 313 1376 369 IN
1414 313 1698 371 EPIST."
1733 317 1824 372 AD
1858 319 2016 376 COR.
2053 321 2287 379 HOMIL.
2331 327 2394 380 ll.

3327 343 3436 398 ’ὀθὲ

1855 438 2168 506 στεύομεν,
2191 441 2377 510 φησιν,
2403 440 2492 494 ὅτι
2529 443 2768 510 Ἰησοῦς
2799 449 3061 504 ἀπέθανε
3089 453 3186 506 καὶ
3203 455 3430 526 ἀνέστη

1853 526 2201 596 καίἕζησεν,
2249 531 2435 598 οὕτως
2464 536 2498 586 o'
2531 535 2673 601 Θεὸς
2718 537 2818 591 καὶ
2863 541 3005 607 τοὺς
3039 546 3431 614 κοιμηθέντας

1852 616 1949 673 διὰ
1981 619 2086 674 τοῦ
2126 621 2331 689 Ἰησοῦ
2383 623 2513 689 ἄξει
2551 626 2674 680 σὺν
2700 629 2882 695 αὐτῷ.
2938 633 3000 686 Et
3032 634 3209 689 τοίνυν
3245 637 3430 709 ζητεῖς

1849 708 1943 762 τὸν
1969 709 2106 776 υἱὸν,
2141 713 2260 765 ἐκεῖ
2298 711 2454 783 ζήτει
2483 715 2612 771 ἔνθα
2646 720 2675 770 ό
2719 720 3003 787 Βασιλεὺς,
3033 723 3160 779 ἔνθα
3213 727 3274 781 τὸ
3301 708 3429 782 τῶν

1849 797 2098 868 ἀγγέλων
2124 804 2504 874 στρατόπεδονο
2532 809 2608 880 μὴ
2633 811 2692 864 ἐν
2722 811 2799 882 τῷ
2820 812 2975 881 τάφῳ
2999 815 3136 885 μηδέ
3162 817 3219 870 ἐν
3241 822 3307 891 τῇ
3330 821 3428 891 γῇ,

1850 891 1939 945 ἵνα
1969 893 2065 964 μὴ,
2103 896 2316 950 ἐκείνου
2365 899 2616 956 τοσοῦτον
2667 903 2996 972 ὑψωθέντος,
3044 908 3206 973 αὐτὸς
3256 911 3427 983 μένῃς

1847 982 1942 1035 ἐπὶ
1974 984 2073 1054 τῆς
2105 986 2208 1056 γῆς
2239 990 2554 1060 συρόμενος.
2595 993 2694 1047 Ἂν
2729 997 2910 1050 τοίνυν
2945 999 3090 1054 οὕτω
3121 982 3426 1074 φιλοσοφῶ-

1849 1091 1969 1144 μεν,
1995 1079 2174 1131 πᾶσαν
2202 1079 2460 1154 τοιαύτην
2485 1083 2677 1156 ὀδύνην
2699 1088 2936 1154 εὐκόλως
2962 1091 3420 1167 διακρουσόμεθα.

1858 1166 1915 1221 Ὀ
1939 1169 1996 1222 δὲ
2025 1170 2156 1234 Θεὸς
2194 1172 2302 1226 τῶν
2340 1177 2643 1250 οἰκτιρμῶν
2687 1181 2780 1234 καὶ
2818 1182 3007 1254 Πατὴρ
3037 1186 3217 1257 πάσης
3243 1166 3425 1259 παρα-

1843 1259 2106 1331 κλήσεως,
2158 1267 2527 1336 παρακαλέσει
2567 1271 2932 1343 τὰςκαρδίας
2977 1277 3196 1332 πάντων
3240 1281 3417 1352 ἡμῶν,

1843 1353 1937 1404 καὶ⁸
1976 1355 2088 1406 τῶν
2133 1355 2203 1408 τὰ
2243 1357 2471 1412 τοιαῦτα
2503 1361 2854 1432 ὀδυνωμένων
2881 1379 2931 1430 ι,
2977 1369 3072 1421 καὶ
3118 1370 3225 1424 τῶν
3253 1374 3420 1446 ἐτέρᾳ

1841 1441 1987 1516 λύπῃ
2017 1449 2420 1518 κατεχομένων,
2457 1453 2550 1505 καὶ
2599 1453 2838 1524 ἀθυμίας
2887 1459 3267 1530 ἀπαλλαγῆναι

1842 1535 2046 1608 πάσης,
2084 1540 2176 1592 καὶ
2210 1545 2587 1615 πνευματικὴν
2622 1545 3021 1617 καρπώσασθαι
3075 1553 3276 1624 χαρὰν,
3319 1573 3417 1609 και

1840 1628 1950 1682 τῶν
2027 1631 2330 1700 μελλόντων
2397 1637 2621 1704 ἀγαθῶν
2687 1641 2964 1711 ἐπιτυχεῖν
2988 1658 3002 1673 ⁶
3065 1637 3141 1697 ὧν
3206 1647 3432 1714 γένοιτο·

1839 1717 2050 1783 πάντας
2102 1722 2250 1792 ἡμᾶς
2300 1727 2598 1797 ἐπιτυχεῖν,
2653 1729 2836 1800 χάριτι
2884 1732 2979 1786 καὶ
3033 1735 3416 1811 φιλανθρωπίᾳ

1835 1808 1931 1862 τοῦ
1990 1812 2197 1882 Κυρίου
2263 1815 2423 1886 ἡμῶν
2489 1820 2666 1891 Ἰησοῦ
2724 1824 2987 1894 Χριστοῦ,
3045 1829 3167 1898 μεθ’
3222 1826 3282 1885 οὗ
3337 1808 3414 1906 τῶ

1834 1901 2008 1974 Πατρὶ
2062 1907 2178 1974 ἅμα
2220 1907 2298 1978 τῷ
2326 1910 2466 1979 ἁγίῳ
2496 1912 2773 1983 Πνεύματι
2812 1917 2961 1984 δόξα,
2992 1920 3214 1989 κράτος,
3251 1901 3407 1995 τιμὴν,

1830 1993 1927 2047 νῦν
1976 1997 2071 2050 καὶ
2125 1998 2234 2064 ἀεὶ,
2284 2003 2380 2053 καὶ
2428 2004 2510 2065 εἰς
2566 2006 2696 2068 τοὺς
2750 2008 2956 2073 αἰῶνας
3013 2011 3122 2066 τῶν
3173 2013 3404 2070 αίώνων.

1846 2084 2038 2156 Ἀμήν.

1894 2278 1919 2304 ⁸
1948 2277 2034 2327 Ms.
2045 2316 2058 2338 ,
2093 2281 2420 2345 ὀδυρωμένων.

1645 2642 1889 2697 OMIAIA
1947 2646 2020 2700 B'.

167 2793 370 2874 Elteﬁé
391 2801 728 2874 θλιϐόμεθα,
751 2802 904 2874 ᾑπὲρ
935 2802 1047 2871 τῆς
1085 2803 1252 2873 ὑμῶν
1272 2806 1715 2874 παρακλήσεως

225 2817 286 2850 τε
307 2817 370 2850 οε
391 2817 556 2853 υλιῠο
601 2817 728 2864 ευα,
751 2817 904 2872 ὑπερ
935 2821 1047 2871 της
1085 2817 1252 2873 ῡμων
1272 2817 1715 2874 παρακλήσεως

225 2869 312 2946 καὶ
347 2817 663 2958 σωτηρίιές,
690 2871 1281 2958 ξῆςνὲνεργςυμένης
1305 2877 1716 2958 βηὺπομονῇ

224 2935 329 2989 τῶν
357 2935 551 3018 αὐτῶν
573 2935 998 3018 ’παθημάτων-,ξ
1015 2935 1104 3018 ᾧνῖ
1120 2935 1238 3018 Δκαῖ
1255 2935 1456 3018 ’ἡμεῖς
1483 2935 1715 3018 πάσχι)ίῖ

221 3023 337 3075 μεν-υ
363 3010 454 3062 καὶ
489 3011 527 3077 ὴ
559 3011 738 3076 ἐλπὶς
765 3012 934 3082 ἡμῶν
949 3014 1168 3078 βεϐαία
1201 3010 1354 3084 ὑπὲρ
1384 3010 1568 3087 ὑμῶν.

225 3169 285 3216 α’.
308 3161 481 3219 Εἰπὼν
513 3165 649 3236 μίαν
678 3166 773 3221 καὶ
802 3167 1025 3239 πρώτην
1043 3170 1443 3240 παρακλήσεως
1471 3172 1565 3226 καὶ
1593 3189 1712 3226 πα-

167 3253 404 3324 ραμυθίας
428 3256 686 3327 ἀφορμὴν
705 3257 866 3328 (αῦτη
895 3259 951 3312 δὲ
979 3255 1049 3331 ἦν
1068 3261 1128 3313 τὸ
1157 3260 1235 3330 τῷ
1266 3263 1490 3334 Χριστῷ
1519 3281 1710 3318 κοινω-

164 3344 291 3415 νεῖν),
317 3345 490 3418 τίθησι
531 3349 629 3401 καὶ
655 3349 912 3420 δευτέραν
940 3350 1144 3422 ταύτην
1170 3353 1239 3422 ἥν
1259 3371 1442 3424 φησιν.
1466 3355 1619 3408 Ἔστι
1651 3356 1710 3409 δὲ

163 3434 298 3506 αὕτη,
324 3438 384 3492 τὸ
423 3439 606 3494 αὑτῶν
635 3440 744 3494 τῶν
767 3443 1220 3514 μαθητευομένων
1258 3445 1508 3500 ἐντεῦθεν
1541 3465 1712 3502 κατα-

167 3528 491 3592 σκευάζεσθαι
526 3530 630 3601 τὴν
654 3531 948 3602 σωτηρίαν.
990 3533 1082 3602 Μὴ
1114 3533 1294 3587 τοίνυν
1339 3536 1703 3607 καταπέσητε,

164 3621 319 3688 φησὶν,
360 3624 544 3693 ἐπειδὴ
582 3623 897 3694 θλιϐόμεθα,
935 3625 1070 3695 μηδέ
1099 3625 1435 3698 θορυϐηθῆτε
1477 3630 1570 3682 καὶ
1598 3630 1707 3682 δεί-

163 3728 286 3782 σητεο
307 3714 395 3768 καὶ
424 3714 534 3787 γάρ
567 3715 636 3768 δι’
664 3715 797 3768 αὑτὸ
827 3713 986 3768 τοῦτο
1025 3718 1226 3787 μᾶλλον
1262 3717 1326 3772 ἂν
1373 3719 1458 3791 εἴη
1501 3721 1705 3775 δίκαιον

161 3801 280 3870 ὑμᾶς
300 3805 530 3876 Θαρρεἴν.
559 3806 620 3858 Εἰ
644 3804 752 3877 γὰρ
777 3805 852 3876 μὴ
874 3805 1218 3877 ἐθλιόόμεθα,
1239 3810 1446 3874 πάντας
1473 3810 1537 3863 ἂν
1563 3812 1704 3881 ὑμᾶς

160 3893 302 3948 ταῦτα
324 3897 592 3951 ἀπώλεσε.
621 3897 746 3961 Πῶς
773 3899 868 3951 καὶ
889 3900 1012 3953 τίνα
1035 3899 1236 3971 τρόπον
1259 3916 1273 3964 ;
1307 3901 1429 3954 Ὀτι
1455 3903 1502 3954 εἰ
1538 3903 1704 3972 μαλα-

161 3988 401 4054 κισθέντες
451 3991 546 4044 καὶ
598 3990 667 4042 τὰ
707 3989 855 4044 δεινὰ
901 3992 1198 4063 δείσαντες,
1243 3993 1317 4063 μὴ
1351 3993 1700 4065 ἐκηρύξαμεν

159 4077 265 4146 ὑμῖν
291 4081 374 4134 τὸν
402 4082 582 4150 λόγον,
618 4081 759 4135 ὥστε
805 4083 999 4152 μαθεῖν
1040 4083 1139 4155 τὴν
1173 4085 1348 4155 ἀληθῆ
1379 4084 1600 4153 γνῶσιν,
1642 4089 1698 4138 ἐν

158 4169 370 4239 ἐσχάτοις
407 4170 474 4245 ἦν
522 4177 594 4228 τά
643 4173 904 4244 ὑμέτερα.
947 4169 1100 4238 Εἶδες
1147 4176 1310 4230 πάλιν
1352 4177 1563 4230 Παύλου
1596 4178 1698 4248 τὴν

159 4259 255 4330 βίαν
280 4269 366 4318 καὶ
395 4268 492 4340 τὴν
519 4268 854 4338 φιλονεικίαν
877 4285 893 4328 ;
925 4268 1017 4338 ἀφ’
1044 4262 1119 4321 ὧν
1144 4268 1498 4340 ἐθορυϐοῦντο
1515 4282 1562 4333 ιι,
1591 4269 1698 4322 ἀπὸ

156 4355 326 4411 τούτων
345 4361 538 4424 αὑτοὺς
570 4360 996 4431 παραμυθεῖται.
1029 4360 1177 4430 Ὅσῳ
1202 4361 1312 4429 γὰρ
1337 4359 1402 4413 ἂν
1429 4359 1696 4428 ἐπιτείνη-

155 4461 226 4500 ται
252 4450 312 4505 τὰ
342 4451 447 4505 τῶν
479 4452 740 4523 διωγμῶν
772 4453 880 4506 τῶν
909 4452 1213 4523 ἡμετέρων,
1257 4453 1411 4522 φησὶ,
1457 4451 1696 4516 τοσούτῳ

159 4542 326 4608 μᾶλλον
361 4546 653 4600 ἐπιδιδόναι
695 4546 868 4599 δεῖτά
899 4545 1000 4614 τῆς
1026 4544 1270 4614 χρηστῆς
1297 4543 1513 4607 ἐλπίδος
1544 4545 1690 4612 ὑμῖν·

155 4626 308 4702 ἐπειδὴ
334 4634 423 4686 καὶ
451 4633 690 4703 τοσούτῳ
723 4634 922 4704 μᾶλλον
951 4633 1174 4698 αὑξεται
1204 4632 1272 4686 τὰ
1295 4633 1394 4703 τῆς
1423 4635 1695 4705 σωτηρίας

155 4719 233 4791 τῆς
249 4722 526 4797 ὑμετέρας,
551 4727 646 4780 καὶ
673 4726 743 4779 τά
771 4729 868 4797 τῆς
902 4726 1320 4799 παρακλήσεως.
1345 4727 1410 4779 Τί
1443 4727 1551 4797 γὰρ
1582 4728 1694 4782 ἴσον

156 4810 220 4874 εἰς
245 4817 624 4890 παρακλήσεως
649 4817 807 4886 λόγον
831 4818 923 4872 τοῦ
958 4817 1228 4872 τοσούτων
1257 4821 1533 4889 ἐπιτυχεῖν
1559 4822 1695 4888 ἁγα-

156 4896 242 4952 θῶν
266 4905 342 4958 διὰ
369 4908 459 4961 τοῦ
492 4909 878 4981 κηρύγματος;
912 4907 1043 4963 Εἶτα
1075 4910 1162 4963 ἵνα
1192 4909 1266 4981 μὴ
1297 4910 1423 4981 δόξῃ
1456 4913 1534 4975 εἰς
1567 4913 1694 4964 ἐαυ-

154 4993 226 5046 τὺν
245 4997 386 5064 μόνον
423 5002 484 5054 τὸ
507 5000 782 5073 ἐγκώμιον
814 5003 1120 5073 πριιπᾷν,
1152 5003 1254 5073 ὅρα
1282 5002 1399 5064 πῶς
1425 5003 1520 5055 καὶ
1550 5003 1692 5056 ἐκεί-

154 5100 255 5149 νους
302 5094 436 5145 ποιεῖ
485 5091 595 5146 τῶν
645 5093 882 5146 ἐπαίνων
936 5091 1140 5146 τούτων
1178 5091 1328 5166 [428]
1378 5093 1690 5158 κοινωνούς.

156 5175 307 5234 Εἰπὼν
347 5187 472 5255 γὰρ,
520 5186 657 5239 Εἴτε
706 5184 776 5239 δὲ
821 5186 1156 5255 θλιϐόμεθα,
1196 5185 1348 5253 ὑπὲρ
1385 5184 1494 5252 τῆς
1524 5187 1690 5254 ὑμῶν

155 5272 551 5340 παρακλήσεως
582 5275 679 5328 καὶ
709 5275 1028 5341 σωτηρίας,
1061 5275 1335 5344 ἐπήγαγε.
1373 5273 1493 5342 Τῆς
1523 5277 1673 5341 ἐνερ-

157 5364 408 5431 γουμένης
426 5367 494 5420 ἐν
521 5367 793 5437 ὑπομονῇ
821 5366 942 5420 τῶν
962 5365 1161 5420 αὐτῶν
1184 5367 1565 5436 παθημάτων,
1598 5361 1686 5419 ὧν

158 5448 233 5501 καὶ
254 5453 403 5520 ἡμεῖς
437 5453 772 5526 πάσχομεν.
815 5458 1155 5528 Σαφέστερον
1187 5457 1286 5527 μὲν
1315 5452 1408 5510 οὖν
1438 5455 1570 5512 αὑτὸ
1605 5456 1688 5508 τί-

158 5535 282 5609 θησιν
315 5544 530 5618 ὕστερον
574 5547 746 5616 λέγων
782 5547 976 5611 οὕτως·
1003 5548 1084 5600 ὅτι
1123 5546 1355 5616 Ὠσπερ
1410 5546 1686 5601 κοινωνοί

206 5725 228 5754 ⁸
248 5727 308 5778 Ms
347 5738 396 5781 el
426 5747 575 5796 marg.
593 5735 762 5794 Savil.,
790 5732 1108 5798 ἐθορυϐοῦντο.
1141 5733 1266 5782 Edili
1290 5730 1564 5795 ἐφοὸοῦντο.

1821 2812 1965 2863 ἐστε
2007 2809 2126 2863 τῶν
2159 2813 2542 2881 παθημάτων,
2605 2818 2759 2871 οὕτω
2810 2819 2908 2873 καί
2953 2820 3057 2888 τῆς
3094 2832 3405 2899 παρακλή-

1816 2917 1993 2966 σεωςο
2023 2903 2256 2958 ἐνταῦθα
2275 2906 2331 2959 δὲ
2358 2907 2496 2971 τέως
2524 2909 2655 2963 αὐτὸ
2677 2912 2897 2982 ᾐνίξατο
2924 2916 3118 2982 εἰπὼν,
3155 2919 3277 2973 Τῶν
3295 2927 3401 2976 αὐ·

1815 2990 1936 3046 τῶν
1954 2993 2335 3062 παθημάτων,
2373 2998 2468 3050 καὶ
2501 2999 2767 3065 κοινώσας
2794 3003 2886 3056 τὸν
2917 3004 3094 3073 λόγον.
3127 3011 3190 3062 ’0
3222 3011 3278 3064 δὲ
3314 3013 3401 3066 λέ-

1815 3100 1923 3152 γει,
1956 3086 2115 3140 τοῦτό
2138 3089 2307 3141 ἐστιν’
2365 3091 2476 3160 Οὐχ
2499 3092 2658 3162 ἡμῶν
2693 3094 2852 3164 ἔργον
2884 3099 2916 3168 ἡ
2948 3098 3190 3171 ὑμετέρα
3219 3121 3396 3175 σωτη-

1817 3178 1910 3249 pia
1934 3180 2113 3250 μόνον.
2139 3181 2273 3235 ἀλλὰ
2304 3183 2399 3236 καὶ
2430 3183 2584 3254 ὑμῶν
2610 3187 2811 3242 αὐτῶν.
2837 3191 2946 3242 Καὶ
2975 3191 3083 3264 γὰρ
3108 3197 3201 3249 καὶ
3235 3198 3396 3267 ἡμεῖς

1813 3270 2174 3341 κηρύττοντες
2209 3273 2524 3344 θλιϐόμεθα,
2567 3276 2663 3328 καὶ
2693 3278 2853 3348 ὑμεῖς
2881 3281 3156 3352 δεχόμενοι
3187 3287 3279 3339 τὸν
3307 3289 3395 3341 λό-

1812 3380 1927 3432 γον,
1971 3367 2041 3420 τὰ
2089 3367 2226 3420 αὑτὰ
2274 3367 2533 3438 πάσχετε·
2583 3371 2747 3439 ἡμεῖς
2793 3372 2911 3440 μὲν,
2942 3373 3030 3427 ἵνα
3073 3378 3394 3449 μεταδῶμεν

1811 3456 1956 3528 άπερ
1988 3457 2274 3529 ἐλάϐομεν·
2312 3459 2472 3530 ὑμεῖς
2515 3459 2595 3523 δὲ,
2630 3461 2716 3514 ἵνα
2753 3461 2814 3514 τὸ
2841 3463 3116 3534 διδόμενον
3142 3467 3386 3541 δέξησθε,

1811 3551 1906 3604 καὶ
1934 3551 2008 3621 μὴ
2038 3551 2368 3624 ἀποϐάλητε.
2398 3554 2463 3606 Τί
2497 3555 2673 3608 τοίνυν
2702 3555 2815 3609 ἴσον
2840 3557 2942 3626 τῆς
2969 3565 3396 3634 ταπεινοφροσύ-

1810 3659 1909 3712 νης
1945 3641 2151 3713 ταύτης
2174 3644 2371 3710 γένοιτ’
2402 3644 2490 3708 ἂν,
2519 3645 2647 3698 ὃταν
2669 3647 2764 3698 καὶ
2795 3648 2919 3712 τοὺς
2942 3651 3193 3704 τοσοῦτον
3219 3643 3386 3708 αὑτοῦ

1807 3735 2153 3799 ἀποδέοντας,
2177 3738 2258 3798 εἰς
2280 3736 2342 3790 τὸ
2364 3737 2494 3790 αὑτὸ
2516 3737 2733 3807 ἀξίωμα
2753 3743 2851 3808 τῆς
2875 3741 3153 3814 ὑπομονῆς
3178 3746 3387 3818 ἀνάγῃς

1809 3825 1929 3894 Τῆς
1955 3827 2391 3898 ἐνεργουμένης
2435 3830 2564 3900 γάρ,
2609 3831 2794 3899 φησὶν,
2830 3832 2899 3885 ἐν
2946 3837 3226 3906 ὑπομονῇ
3273 3839 3387 3892 τῶν

1803 3917 2002 3972 αὐτῶν
2023 3919 2404 3988 παθημάτων.
2426 3921 2500 3973 Ού
2537 3921 2645 3992 γὰρ
2674 3920 2764 3975 διὰ
2788 3923 2882 3976 τοῦ
2911 3927 3200 3982 πιστεῦσαι
3229 3933 3389 3999 μόνον

1804 4012 1838 4081 ἡ
1891 4011 2134 4083 σωτηρία
2164 4012 2318 4083 ὑμῶν
2346 4013 2577 4082 γίνεται,
2613 4015 2749 4070 ἀλλὰ
2779 4017 2874 4070 καὶ
2901 4017 2987 4073 διὰ
3020 4019 3116 4074 τοῦ
3155 4023 3388 4096 πάσχειν
3470 4055 3472 4057 -

1801 4103 1874 4157 τὰ
1906 4103 2047 4158 αὑτὰ
2073 4107 2208 4176 ἡμῖν
2240 4106 2332 4158 καὶ
2362 4107 2674 4178 ὑπομένειν.

1868 4261 2136 4333 Καθάπερ
2164 4263 2273 4334 γὰρ
2305 4268 2754 4340 παγκρατιαστὴς
2777 4268 3092 4340 θαυμαστὸς
3117 4273 3219 4342 μὲν
3243 4276 3381 4335 ἔστι,

1804 4352 1897 4405 καὶ
1925 4351 2251 4422 φαινόμενος
2285 4355 2378 4407 καὶ
2411 4356 2649 4409 εὑεκτῶν
2681 4359 2774 4411 καὶ
2802 4360 2902 4429 τὴν
2929 4361 3121 4432 τέχνην
3155 4363 3292 4434 ἔχων
3325 4369 3382 4418 ἐν

1798 4443 2005 4514 ἐαυτῷ,
2034 4444 2164 4498 ὅταν
2192 4445 2248 4498 δὲ
2283 4448 2482 4518 ἐνεργῇ
2515 4448 2610 4500 καὶ
2635 4449 2776 4520 φέρῃ
2806 4450 3018 4522 πληγὰς
3049 4456 3143 4507 καὶ
3170 4456 3379 4528 πλήττῃ

1795 4535 1888 4588 τὸν
1912 4535 2224 4601 ἀντίπαλον,
2252 4538 2374 4590 τότε
2413 4538 2648 4607 μάλιστα
2691 4541 3027 4611 ἀπολάμπει,
3063 4546 3247 4616 ἐπειδὴ
3286 4551 3381 4602 καὶ

1795 4625 1916 4679 τότε
1950 4626 2184 4696 μάλιστα
2217 4630 2519 4706 ἐνεργεῖται
2563 4630 2726 4684 αὑτοῦ
2761 4633 2792 4702 ἡ
2828 4633 3030 4700 εὐεξία,
3062 4637 3155 4688 καὶ
3181 4635 3381 4690 διαδεί-

1795 4739 1987 4776 κνυται
2011 4722 2112 4792 τῆς
2143 4722 2338 4793 τέχνης
2373 4726 2405 4794 ἡ
2438 4723 2655 4794 δοκιμὴ·
2683 4725 2826 4779 οὕτω
2854 4727 2917 4796 δὴ
2945 4728 3038 4781 καὶ
3064 4731 3095 4799 ἡ
3133 4733 3377 4802 σωτηρία

1795 4813 1949 4883 ὑμῶν
1975 4813 2098 4867 τότε
2133 4815 2437 4885 ἐνεργεῖται
2469 4815 2748 4885 μειζόνως,
2783 4817 3046 4882 τουτέστι,
3079 4821 3372 4886 δείκνυται,

1793 4903 2039 4970 αὑξεται,
2067 4908 2417 4972 ἐπιτείνεται,
2444 4909 2572 4961 ὅταν
2597 4910 2874 4981 ὑπομονὴν
2897 4909 3015 4983 ἔχῃ,
3039 4913 3168 4966 ὅταν
3192 4917 3374 4989 πάσχῃ

1794 5000 1888 5051 καὶ
1908 4999 2168 5066 γενναίως
2196 4998 2410 5052 ἅπαντα
2435 5000 2595 5071 φέρῃ.
2628 5003 2772 5072 Ἀρα
2795 5003 3045 5073 ἐνέργεια
3074 5008 3374 5077 σωτηρίας,

1792 5091 1852 5144 οὑ
1881 5091 1941 5142 τὸ
1971 5093 2141 5143 ποιεῖν
2164 5091 2372 5154 κακῶς,
2397 5092 2533 5145 ἀλλὰ
2556 5093 2617 5144 τὸ
2645 5094 2873 5163 πάσχειν
2895 5095 3100 5160 κακῶς.
3137 5099 3246 5151 Καὶ
3275 5101 3374 5154 οὐκ

1793 5181 1934 5246 εἰπε,
1961 5183 2072 5251 Τῆς
2090 5184 2440 5259 ἐνεργούσης,
2458 5184 2612 5247 ἀλλὰ,
2639 5185 2752 5252 Τῆς
2778 5187 3237 5258 ἐνεργουμένης,
3266 5192 3372 5245 63:-

1793 5276 1924 5338 κνὺς
1969 5276 2049 5328 ὅτι
2099 5275 2237 5344 μετά
2282 5276 2380 5346 τῆς
2430 5276 2608 5329 αὐτῶν
2653 5279 2959 5349 προθυμίας
2999 5282 3089 5333 καὶ
3135 5285 3166 5351 ἡ
3211 5285 3372 5353 χάρις

1787 5362 1956 5416 πολλὰ
1985 5365 2265 5436 εἰσέφερεν
2310 5365 2610 5436 ἐνεργοῦσα
2649 5367 2706 5419 ἐν
2748 5367 2951 5430 αὑτοῖς.
2982 5370 3094 5423 Καὶ
3123 5375 3159 5440 ἠ
3193 5373 3369 5436 ἐλπὶς

1787 5453 1958 5522 ἡμῶν
1971 5455 2191 5520 βεϐαία
2219 5456 2373 5524 ὑπὲρ
2396 5455 2583 5527 ὑμῶν.
2619 5459 2928 5524 Τουτέστιν,
2949 5463 3033 5515 ὃτι
3056 5463 3173 5517 Κᾶν
3197 5464 3370 5533 μυρία

1787 5545 2035 5616 πάσχητε
2074 5547 2245 5613 δεινὰ,
2288 5547 2600 5620 θαρροῦμεν
2645 5551 2727 5603 ὅτι
2760 5552 2822 5603 οὑ
2864 5555 3362 5626 περιτραπὴσεσθε,

1787 5638 1910 5692 οὕτε
1945 5640 2036 5692 ἐπὶ
2058 5643 2169 5703 τοῖς
2203 5643 2488 5714 ὑμετέροις
2517 5643 2797 5715 διωγμοῖς.
2830 5648 3093 5701 Τοσοῦτον
3125 5650 3232 5719 γὰρ
3256 5652 3368 5704 ἀπ-

1789 5734 1982 5807 έχομεν
2011 5737 2337 5791 ὑποπτεύειν
2369 5739 2530 5808 ὑμᾶς,
2561 5741 2646 5809 ἐφ’
2669 5734 2750 5803 οἷς
2776 5742 2928 5792 αὐτοὶ
2965 5742 3257 5808 raucam,
3289 5743 3364 5807 ὡς
