3802 6314
176 290 264 347 ωδ
1238 290 1306 346 lN
1331 287 1543 344 EPIST.
1586 287 1626 342 ll
1693 288 1784 344 AD
1820 289 1976 347 COR.
2016 293 2247 351 HOMIL.
2284 296 2350 353 ll.

168 424 268 466 ets.
294 407 481 463 multas
503 406 755 462 utilitates
779 404 1067 472 afferebat,
1098 403 1225 459 dum
1256 406 1308 460 in
1338 406 1440 460 illis
1464 420 1720 493 operare-

166 514 259 557 tur.
285 500 348 555 Et
362 516 474 568 spes
495 508 663 554 nostra
684 500 833 567 ﬁrma
853 507 925 551 est
947 514 1039 566 pro
1067 498 1219 551 vobis.
1245 496 1356 551 lloc
1380 507 1481 563 est,
1510 497 1717 552 etiamsi

166 596 449 649 innumeras
477 605 653 644 rerum
697 589 1018 643 acerbitates
1048 588 1420 659 perpetiamini
1442 630 1456 655 ,
1487 587 1716 642 conﬁdi-

162 702 269 741 mus
296 696 465 739 tamen
492 683 604 738 fore
622 724 637 747 ,
671 693 728 738 ut
755 699 822 736 ne
850 682 919 736 ob
946 691 1153 737 vestras
1180 681 1392 752 quidem
1424 696 1715 752 persequu-

161 782 314 834 tiones
356 776 666 832 concidatis.
713 776 938 831 Tantum
980 776 1125 830 enim
1172 776 1357 841 abest,
1410 783 1466 830 ut
1512 773 1713 829 sinistri

161 876 415 944 quicquam
449 872 517 927 de
540 871 694 927 vobis
732 871 803 925 ob
836 886 897 926 ea
934 886 1053 940 qua:
1092 870 1324 941 patimur
1350 870 1709 939 suspicemur,

163 977 341 1021 utcom
372 965 467 1035 ipsi
501 964 910 1034 periclitamini,
955 970 1069 1016 tum
1101 978 1312 1033 quoque
1352 962 1494 1017 bono
1534 962 1713 1017 animo

159 1063 322 1113 situus.
353 1057 512 1112 Vides
534 1065 791 1127 quantum
818 1056 890 1109 illi
921 1070 985 1109 ex
1014 1054 1191 1125 priore
1217 1054 1438 1124 epistola
1467 1052 1711 1124 profece-

158 1152 283 1205 rint?
311 1151 514 1205 Etenim
550 1150 721 1203 multo
749 1150 951 1218 majora
983 1148 1114 1218 ipsis
1142 1163 1240 1217 pro
1279 1149 1586 1203 testimonio
1617 1147 1712 1202 tri-

156 1244 283 1310 buit,
308 1258 459 1313 quam
486 1242 893 1315 Macedonibus,
920 1256 1058 1312 quos
1081 1250 1257 1296 tamen
1292 1241 1487 1311 alioqui
1511 1241 1707 1310 passim

155 1353 237 1407 per
262 1347 417 1391 totam
438 1335 721 1403 epistolam
742 1335 989 1389 laudibus
1012 1334 1170 1389 tollit.
1199 1332 1331 1388 Nam
1357 1333 1565 1388 illorum
1587 1333 1708 1402 qui-

150 1430 255 1482 dem
279 1443 429 1483 causa
456 1428 508 1481 in
539 1436 685 1481 metu
712 1434 855 1493 erat,
886 1434 1046 1495 atque
1090 1424 1267 1479 aiebat
1298 1443 1311 1477 :
1348 1423 1583 1478 Misimus
1613 1440 1702 1477 vo-

150 1523 215 1575 bis
239 1519 543 1573 Timotheum
571 1517 640 1570 ad
664 1515 1038 1585 confirmandos
1061 1532 1147 1569 vos
1171 1524 1219 1569 et
1245 1514 1585 1569 exhortandos
1613 1531 1705 1584 pro

151 1614 238 1681 ﬁde
270 1621 448 1675 vestra,
481 1621 536 1664 ut
563 1627 710 1665 nemo
740 1620 1000 1664 moveatur
1036 1609 1090 1663 in
1123 1607 1529 1662 tribulationibus
1557 1608 1703 1671 istis;

150 1707 231 1775 ipsi
252 1707 376 1759 enim
401 1704 541 1758 scitis
565 1703 702 1773 quod
731 1703 785 1756 in
811 1703 907 1757 hoc
936 1702 1091 1773 positi
1116 1718 1289 1756 sumus
1323 1701 1399 1772 (1.
1433 1699 1609 1755 Thess.

149 1798 192 1850 2.
213 1798 294 1867 5);
322 1812 382 1851 ac
401 1811 626 1851 rursus:
658 1794 940 1864 Propterea
970 1804 1017 1848 et
1044 1811 1135 1865 ego
1160 1794 1379 1863 amplius
1414 1809 1514 1846 non
1544 1794 1700 1847 susti-

147 1907 279 1954 nens,
318 1889 429 1943 misi
463 1889 532 1942 ad
570 1888 972 1959 cognoscendam
999 1886 1152 1954 ﬁdem
1193 1897 1404 1939 vestram
1426 1926 1442 1950 ,
1472 1901 1533 1938 ne
1570 1888 1701 1954 forte

146 1983 370 2036 temtauerit
408 1998 493 2036 vos
528 1983 572 2035 is
604 1982 692 2053 qui
730 1992 921 2046 tentat,
961 1990 1008 2034 et
1034 1981 1201 2035 inanis
1228 1981 1320 2049 ﬁat
1353 1980 1498 2034 labor
1530 1990 1698 2033 noster

146 2073 281 2139 (Ibid.
308 2090 353 2129 v.
376 2074 454 2145 5).
484 2074 560 2128 De
587 2073 669 2128 his
693 2082 870 2128 autem
906 2074 979 2127 nil
1008 2073 1115 2128 tale
1141 2072 1396 2142 loquitur,
1419 2071 1513 2127 sed
1540 2072 1694 2142 plane

143 2177 335 2220 contra:
367 2166 497 2235 Spes
522 2175 700 2221 nostra
725 2165 875 2235 ﬁrma
907 2174 981 2220 est
1006 2181 1099 2233 pro
1132 2164 1288 2219 vobis.
1318 2164 1437 2219 Sive
1462 2164 1697 2218 consola-

143 2275 253 2321 mur,
284 2276 371 2326 pro
410 2268 575 2314 vestra
618 2259 961 2313 consolatione
1001 2267 1048 2312 et
1089 2258 1287 2323 salute;
1326 2259 1535 2313 scientes
1558 2256 1694 2328 quod

141 2351 247 2403 sicut
271 2352 380 2406 estis
406 2351 533 2405 socii
560 2351 875 2420 passionum,
899 2351 971 2404 ita
990 2350 1131 2403 eritis
1153 2349 1531 2405 consolationis.
1556 2349 1691 2406 Nam

140 2444 256 2511 quod
283 2459 459 2499 eorum
494 2458 658 2497 causa
692 2443 917 2512 apostoli
962 2450 1355 2512 premerentur,
1389 2441 1472 2496 his
1513 2442 1689 2497 verbis

140 2533 386 2597 indicavit,
418 2535 538 2589 Sive
583 2535 907 2599 tribulamur,
942 2551 1033 2604 pro
1071 2542 1232 2588 vestra
1260 2534 1602 2588 consolatione
1641 2543 1689 2587 et

138 2626 290 2678 salute.
320 2625 438 2681 Vult
462 2626 592 2681 item
614 2624 923 2688 ostendere,
953 2625 1093 2695 quod
1122 2640 1310 2679 eorum
1339 2626 1497 2680 etiam
1525 2640 1687 2680 causa

137 2718 463 2774 consolatione
488 2717 855 2773 afficerentur.
879 2720 1053 2788 Atque
1074 2718 1176 2773 hoc
1197 2717 1412 2788 quidem
1440 2719 1685 2787 superius

136 2823 316 2878 qtioque
342 2809 509 2876 dixit,
556 2809 772 2864 tametsi
815 2808 1091 2864 indefinite
1122 2826 1135 2862 :
1167 2808 1467 2864 Benedictus
1502 2809 1643 2864 enim
1664 2849 1682 2875 ,

138 2899 296 2967 inquit,
323 2897 457 2953 Deus
482 2901 573 2969 qui
602 2901 895 2954 consolatur
916 2915 1007 2954 nos
1027 2900 1076 2953 in
1099 2899 1237 2953 omni
1256 2900 1595 2965 tribulatione,
1628 2910 1683 2954 ut

135 2994 348 3059 possimus
380 3005 426 3048 et
460 2995 565 3065 ipsi
601 2994 856 3049 consolari
896 3009 1010 3058 eos,
1058 2993 1146 3064 qui
1173 2994 1226 3047 in
1268 2994 1407 3047 omni
1446 3010 1682 3065 pressura

133 3094 245 3137 sunt.
267 3085 347 3139 Ait
365 3100 549 3139 rursus
573 3084 715 3140 idem
744 3084 845 3138 hoe
865 3099 1076 3154 quoque
1103 3084 1223 3139 loco
1242 3084 1498 3153 apertius,
1521 3093 1681 3155 atque

132 3176 185 3229 ad
206 3193 369 3232 eorum
390 3180 600 3234 animos
622 3178 889 3234 curandos
914 3179 1182 3234 efficacius
1208 3195 1220 3231 :
1251 3178 1373 3234 Sive
1392 3178 1533 3235 enim
1559 3194 1679 3231 con-

132 3270 339 3327 solamur.
370 3271 567 3341 inquit,
600 3287 694 3341 pro
714 3281 876 3325 vestra
903 3270 1268 3325 consolatione.
1296 3269 1532 3339 Quorum
1558 3285 1678 3324 ver-

134 3359 288 3415 borum
319 3362 399 3416 hic
425 3377 621 3419 sensus
655 3374 737 3417 est
761 3380 774 3417 :
802 3360 1112 3417 Consolatio
1142 3371 1353 3428 nostra,
1382 3360 1677 3416 consolatio

134 3461 276 3506 vestra
298 3455 521 3521 exsistit,
556 3453 771 3509 etiamsi
794 3468 888 3508 vos
912 3454 1132 3507 minime
1160 3467 1410 3508 sermone
1435 3452 1677 3507 console—

132 3560 242 3600 mur.
284 3545 407 3601 Nam
447 3547 493 3602 si
528 3546 748 3617 paulum
787 3545 888 3616 ipsi
928 3545 1289 3615 reSpiremus,
1335 3543 1388 3598 id
1428 3544 1579 3598 vobis
1608 3542 1674 3599 ad

129 3636 504 3694 consolationem
535 3639 671 3694 satis
697 3646 816 3702 est;
846 3652 910 3693 ac
935 3637 981 3691 si
1013 3651 1110 3691 nos
1138 3636 1331 3691 solatio
1353 3636 1669 3704 afﬁciamur,

132 3726 171 3780 in
194 3730 595 3785 consolationem
620 3739 854 3785 vestram
883 3729 985 3783 hoc
1023 3728 1185 3783 cedit.
1213 3726 1670 3795 Quemadmodum

128 3820 245 3875 enim
284 3822 613 3877 calamitates
651 3831 862 3876 nostras
913 3830 1117 3875 vestras
1164 3835 1283 3876 esse
1327 3819 1562 3875 ducitis:
1595 3821 1671 3874 sic

130 3915 257 3969 etiam
286 3928 515 3972 nostram
545 3915 967 3971 consolationem
997 3923 1227 3970 vestram
1264 3929 1386 3970 esse
1415 3915 1666 3969 censetis.

128 4003 275 4074 Neque
310 4010 444 4064 enim
470 4017 655 4074 certe,
684 4022 805 4063 cum
836 4007 888 4061 in
920 4006 1158 4062 adversis
1185 4007 1345 4062 rebus
1378 4006 1506 4062 socii
1538 4005 1668 4060 mihi

128 4098 249 4165 sitis,
275 4100 324 4155 in
348 4101 481 4157 laetis
509 4102 638 4155 item
667 4114 731 4154 ac
753 4098 1005 4155 secundis
1034 4099 1166 4154 socii
1188 4114 1293 4154 non
1320 4099 1489 4155 eritis.
1522 4098 1669 4167 Quo-

124 4192 237 4244 cim
262 4208 373 4248 cum
399 4194 449 4248 in
471 4192 722 4248 omnibus
752 4191 913 4247 rebus
942 4191 1118 4246 socios
1144 4206 1240 4246 vos
1270 4190 1515 4256 habeam,
1539 4200 1593 4245 et
1613 4191 1665 4243 in

128 4282 425 4344 tribulatione
451 4297 506 4343 et
531 4288 585 4342 in
606 4287 997 4355 consolatione,
1026 4301 1132 4341 non
1163 4295 1247 4341 est
1272 4286 1416 4357 quod
1445 4301 1533 4341 me
1563 4287 1663 4340 hu-

125 4375 244 4441 jusce
271 4382 524 4436 tarditatis
551 4396 617 4435 ac
647 4395 812 4434 morte
841 4379 1059 4435 nomine
1083 4380 1344 4435 accusetis
1368 4395 1384 4435 :
1415 4394 1537 4433 nam
1569 4393 1667 4447 pro

126 4467 249 4522 vobis
286 4471 589 4542 affligimur,
634 4482 689 4527 et
726 4480 945 4543 propter
968 4486 1067 4527 vos
1104 4471 1469 4527 consolatione
1503 4472 1667 4525 affici-

126 4572 236 4613 mur.
262 4562 331 4617 Ne
359 4565 478 4636 quis
501 4565 647 4618 enim
671 4578 831 4634 grave
856 4578 920 4618 ac
949 4563 1234 4618 molestum
1264 4562 1314 4617 id
1337 4577 1457 4617 esse
1476 4562 1663 4617 existi-

126 4663 278 4718 maret,
307 4656 446 4723 quod
476 4656 708 4721 dixerat,
734 4656 960 4726 Propter
989 4671 1083 4712 vos
1109 4657 1225 4712 haec
1253 4657 1503 4727 patimur,
1535 4656 1663 4711 illud

124 4754 252 4801 etiam
286 4750 453 4813 addit,
483 4751 553 4807 Et
586 4760 804 4820 propter
834 4766 929 4805 vos
968 4748 1339 4806 consolatione
1364 4749 1659 4813 al'ficimur;

123 4850 171 4890 ac
194 4854 250 4895 ne
275 4858 365 4897 nos
382 4844 597 4915 quidem
626 4844 727 4899 soli
769 4843 1156 4914 periclitamur,
1182 4859 1301 4898 eum
1327 4843 1425 4914 ipsi
1453 4858 1663 4913 quoque

124 4927 163 4981 in
186 4935 469 4989 earumdem
501 4935 862 4991 calamitatum
892 4944 1097 5005 partem
1129 4935 1376 4989 veniatis.

176 5020 221 5078 2,
245 5025 411 5098 Itaque
432 5038 545 5083 tum
564 5044 632 5084 ex
662 5043 728 5083 eo
753 5026 893 5098 quod
917 5027 1280 5097 periculorum
1314 5026 1490 5080 socios
1516 5026 1661 5095 ipsos

124 5120 389 5186 assumpsit,
416 5131 525 5175 tum
549 5138 613 5175 ex
640 5136 704 5175 eo
735 5119 878 5190 quod
904 5118 1290 5174 consolationis
1316 5133 1424 5172 sure
1444 5132 1659 5172 causam

125 5200 226 5271 ipsis
258 5210 534 5280 adscribit,
567 5212 866 5267 orationem
908 5212 1058 5266 lenit.
1090 5212 1169 5266 Ac
1201 5219 1480 5280 propterea
1504 5251 1517 5275 ,
1549 5210 1660 5263 sive

125 5295 294 5355 insidiis
312 5312 646 5372 appelamur,
678 5305 833 5358 firmo
854 5305 1039 5359 animo
1064 5313 1269 5369 estote;
1299 5319 1420 5359 nam
1451 5312 1508 5357 ut
1528 5303 1659 5357 fides

125 5402 265 5447 Vestra
293 5397 402 5464 plus
428 5400 635 5452 roboris
658 5398 874 5468 colligat
895 5439 910 5461 ,
942 5397 1048 5452 hoc
1076 5398 1342 5466 patimur;
1371 5397 1485 5451 sive
1515 5395 1658 5449 sola-

128 5484 229 5538 tium
266 5491 583 5559 accipimus,
638 5490 740 5546 hoc
791 5507 1005 5561 quoque
1058 5493 1274 5547 nomine
1320 5491 1655 5561 gloriamini:

129 5587 223 5628 iisin
252 5591 457 5650 propter
484 5598 582 5638 vos
611 5597 678 5637 eo
707 5582 963 5649 fruimur,
995 5592 1053 5636 ut
1076 5582 1198 5636 hinc
1222 5583 1382 5637 etiam
1410 5581 1657 5636 consola-

128 5664 257 5722 tionis
296 5674 531 5728 nonnihil
580 5675 647 5730 ad
682 5691 776 5731 vos
807 5674 1025 5741 redeat,
1066 5674 1190 5729 dum
1234 5674 1433 5728 laetitiae
1461 5683 1658 5729 nostra:

128 5761 365 5841 inrticipes
388 5769 536 5825 estis.
563 5773 732 5841 Atque
762 5781 817 5826 ut
848 5768 1122 5851 intelligas
1148 5769 1288 5844 quod
1315 5768 1378 5825 de
1401 5766 1503 5833 hoc
1531 5783 1659 5825 con-

3313 308 3418 369 394

1828 408 2111 466 solutionis
2139 413 2300 467 modo
2330 429 2470 469 nunc
2502 410 2781 487 loquatur,
2814 437 2972 490 quem
3004 440 3121 494 lp~0
3146 426 3412 499 percipie-

1824 497 1953 566 bat,
1998 516 2103 556 non
2136 501 2261 559 hinc
2311 514 2512 560 tantum
2558 509 2699 579 quod
2747 501 3117 572 consolatione
3160 518 3229 573 ab
3276 497 3411 591 ipsis

1823 590 2128 648 afficeretur
2148 637 2163 661 ,
2199 611 2387 651 verum
2417 600 2576 654 etiam
2620 603 2742 673 quia
2793 621 2890 660 eos
2914 606 2982 663 ab
3024 609 3313 667 afﬂictione
3342 614 3408 669 li-

1821 682 1979 737 beros
2007 700 2126 741 esse
2151 687 2490 760 intelligeret,
2515 692 2636 748 audi
2659 709 2777 764 quae
2798 696 3050 771 deinceps
3072 715 3400 773 sequuntur.

1821 791 1916 844 per
1945 793 2062 847 qure
2093 778 2192 834 hoc
2227 787 2412 851 aperte
2439 784 2765 855 declaravit,
2796 805 2917 845 eum
2963 792 3128 860 dixit,
3173 796 3405 854 Scientes

1818 868 1953 935 quod
1979 868 2108 922 sicut
2144 872 2272 926 socii
2297 875 2414 928 estis
2456 877 2788 947 passionum,
2816 886 2887 936 ita
2918 884 3056 938 eritis
3084 896 3129 939 et
3160 892 3400 943 consola-

1819 959 1988 1014 tionis.
2010 960 2161 1017 Sicut
2181 965 2345 1033 enim,
2369 982 2490 1022 cum
2518 984 2617 1026 nos
2640 976 3112 1043 persequutionem
3141 982 3393 1050 patimur,

1815 1066 1911 1106 vos
1942 1054 2165 1123 perinde
2194 1056 2387 1114 doletis
2417 1076 2479 1116 ac
2509 1064 2552 1116 si
2587 1063 2687 1133 ipsi
2718 1080 2836 1119 eam
2863 1068 3152 1125 subiretis:
3185 1074 3262 1128 sic
3287 1091 3394 1129 non

1815 1142 2118 1202 dubitamus
2138 1187 2152 1211 ,
2186 1149 2310 1218 quin
2331 1192 2346 1216 ,
2389 1166 2510 1207 cum
2558 1155 2806 1211 solatium
2854 1161 3177 1230 accipimus,
3206 1178 3302 1220 vos
3331 1182 3402 1221 eo

1815 1232 1913 1287 frui
1946 1238 2284 1296 existimetis.
2314 1242 2453 1308 Quid
2486 1244 2589 1300 hoc
2617 1248 2801 1304 animo
2828 1249 3086 1308 humilius
3114 1253 3239 1327 fingi
3273 1272 3400 1326 pos-

1814 1325 1920 1379 sit?
1944 1328 2138 1398 quippe
2181 1333 2270 1401 qui
2318 1335 2569 1403 periculis
2601 1346 2750 1395 tanto
2794 1357 2888 1397 eos
2918 1325 3209 1402 intervallo
3230 1325 3396 1419 supe-

1812 1431 1970 1479 rans,
2004 1420 2180 1477 socios
2211 1433 2387 1480 tamen
2416 1442 2511 1484 eos
2534 1440 2724 1500 vocat,
2757 1435 2846 1504 qui
2875 1451 2941 1490 ne
2972 1439 3246 1495 minimam
3277 1444 3397 1513 qni-

1810 1506 1933 1563 dem
1950 1528 2133 1567 eormn
2152 1526 2356 1584 partem
2372 1521 2742 1591 sustinebant;
2764 1525 2817 1581 in
2837 1532 3203 1589 consolatione
3215 1546 3392 1592 autem

1809 1600 2112 1658 universam
2142 1606 2272 1676 ipsis
2296 1624 2511 1667 causam
2533 1655 2547 1678 ,
2587 1632 2692 1670 non
2722 1618 2836 1673 suis
2862 1621 3138 1681 laboribus
3181 1628 3389 1684 adscri-

1807 1692 1904 1748 bit.
1942 1696 2142 1753 Deinde
2167 1704 2416 1771 quoniam
2457 1706 2523 1761 de
2549 1707 2929 1770 afflictionibus
2967 1721 3261 1786 generatim
3306 1723 3390 1778 lo-

1806 1786 2099 1857 quebatur,
2142 1790 2254 1860 jam
2300 1794 2475 1850 locum
2519 1815 2729 1871 quoque
2778 1816 2991 1871 narrat,
3040 1809 3093 1863 in
3135 1827 3240 1881 quo
3270 1812 3387 1870 haec

1804 1891 2092 1947 perpessus
2134 1881 2224 1937 sit.
2254 1884 2307 1939 8.
2359 1884 2481 1941 Non
2527 1892 2659 1944 enim
2704 1894 2936 1951 volumus
2982 1915 3068 1954 vos
3112 1902 3381 1973 ignorare,

1802 1972 1985 2038 fratres
2007 2012 2020 2033 ,
2062 1971 2125 2025 de
2169 1973 2489 2033 tribulatione
2533 1992 2705 2037 nostra
2732 2001 2844 2055 qua:
2891 1989 3029 2058 facta
3058 1971 3299 2051 est'nobis
3330 1999 3385 2053 in

1800 2057 1942 2113 Asia.
1975 2061 2127 2130 llzcc,
2160 2065 2363 2137 inquit,
2396 2070 2594 2128 idcirco
2623 2074 2882 2146 dicimus,
2914 2096 2979 2136 ne
3010 2098 3071 2137 ea
3093 2128 3108 2151 ,
3132 2102 3250 2157 qum
3285 2105 3383 2143 no-

1799 2151 1882 2207 bis
1928 2155 2270 2223 acciderunt,
2322 2160 2601 2233 ignoretis.
2649 2167 2924 2239 Siquidem
2957 2191 3135 2232 rerum
3168 2192 3380 2236 nostra-

1798 2257 1916 2298 rum
1955 2256 2149 2301 statum
2179 2251 2330 2305 vobis
2379 2256 2716 2324 exploratum
2761 2276 2882 2318 esse
2910 2268 3187 2337 cupimus,
3221 2284 3380 2345 atque

1796 2332 1849 2388 id
1880 2351 2090 2392 summo
2116 2340 2295 2397 studio
2324 2359 2576 2402 curamus
2601 2368 2613 2403 :
2642 2352 2784 2421 quod
2832 2356 3048 2425 quidem
3085 2364 3376 2421 maximum

1795 2434 1878 2481 est
1901 2426 2209 2487 dilectionis
2233 2449 2629 2506 argumentum.
2663 2442 2775 2498 lloc
2800 2456 2979 2502 autem
3015 2450 3067 2506 in
3098 2457 3379 2524 superiore

1793 2532 2005 2590 quoque
2031 2524 2257 2593 epiStola
2288 2529 2369 2582 his
2396 2532 2572 2587 verbis
2604 2536 2751 2604 prius
2779 2539 3107 2609 significarat
3132 2565 3145 2600 :
3177 2546 3375 2606 Ostium

1792 2611 1916 2664 mihi
1943 2626 2174 2681 apertum
2194 2628 2266 2672 est
2292 2637 2531 2691 magnum
2554 2636 2600 2679 et
2623 2629 2844 2695 evidens,
2869 2643 2913 2686 et
2934 2636 3212 2694 adversarii
3239 2646 3373 2699 mul.

1793 2701 1831 2754 ti
1856 2699 2053 2772 Ephesi
2084 2705 2173 2778 (l.
2214 2709 2332 2765 Cor.
2367 2713 2455 2768 l6.
2484 2714 2570 2787 9).
2602 2716 2729 2774 Haec
2760 2721 2918 2791 igitur
2959 2727 3012 2782 in
3059 2735 3371 2790 memoriam

1789 2790 1919 2860 ipsis
1950 2795 2230 2867 redigens,
2277 2811 2438 2873 atque
2482 2821 2763 2877 esponens
2803 2828 2921 2883 qua:
2952 2819 3226 2891 subierat,
3258 2827 3370 2893 ait,

1787 2882 1923 2939 Nolo
1956 2888 2108 2943 vobis
2140 2891 2374 2960 ignotam
2406 2911 2527 2952 esse
2557 2900 2900 2960 afflictionem
2934 2924 3051 2967 eam
3083 2929 3202 2983 qua:
3242 2919 3370 2973 mihi

1786 2975 1840 3033 in
1864 2979 1990 3036 Asia
2012 2984 2251 3054 contigit.
2275 2986 2426 3054 Quod
2451 2992 2611 3047 etiam
2642 2996 2836 3064 ipsum,
2860 3015 2981 3057 cum
3008 3004 3075 3059 ad
3100 2975 3370 3078 liphesios

1785 3072 2080 3140 scriberet,
2129 3076 2357 3133 dicebat.
2404 3081 2535 3137 Nam
2567 3100 2686 3141 cum
2734 3088 3024 3161 Tycbicum
3052 3098 3118 3153 ad
3144 3072 3240 3157 eos
3271 3106 3371 3158 mi-

1783 3165 1976 3230 sisset,
2004 3166 2142 3224 hane
2171 3171 2269 3240 ipsi
2307 3173 2654 3244 profectionis
2680 3196 2893 3239 causam
2926 3186 3091 3246 fuisse
3121 3208 3362 3253 comme-

1782 3269 1958 3313 morat
1981 3278 1993 3311 :
2028 3261 2256 3332 ideoque
2284 3267 2497 3324 dicebat
2520 3290 2531 3324 :
2568 3271 2635 3327 Ut
2663 3287 2829 3330 autem
2869 3282 3037 3337 sciatis
3065 3295 3111 3339 et
3141 3304 3224 3343 vos
3252 3308 3366 3360 qua:

1781 3349 1916 3403 circa
1943 3368 2021 3405 me
2039 3365 2187 3419 sunt,
2211 3357 2333 3426 quid
2354 3361 2570 3429 faciam,
2596 3368 2766 3420 omnia
2788 3370 2926 3425 vobis
2947 3386 3067 3428 nota
3088 3380 3236 3448 faciet
3264 3381 3368 3453 Ty-

1780 3440 1972 3508 c/ticus,
2003 3446 2295 3502 carissimus
2320 3455 2482 3521 frater
2505 3464 2552 3508 et
2573 3456 2739 3518 lidelis
2764 3462 2994 3520 minister
3018 3469 3068 3522 itt
3104 3469 3321 3529 Domino
3348 3492 3366 3529 :

1779 3547 1925 3599 quem
1972 3538 2089 3591 misi
2128 3540 2197 3593 ad
2238 3557 2323 3596 vos
2352 3545 2404 3598 in
2456 3547 2549 3601 hoc
2577 3551 2764 3621 ipsum,
2809 3567 2863 3608 ut
2892 3566 3206 3629 cognoscatis
3249 3584 3362 3637 qua:

1778 3626 1914 3679 circa
1939 3645 2030 3683 nos
2071 3643 2210 3697 sunt,
2238 3646 2285 3689 et
2314 3641 2604 3695 consoletur
2633 3647 2788 3701 corda
2835 3663 2997 3707 vestra
3029 3655 3262 3728 (Ep/tes.
3304 3664 3355 3718 6.

1776 3716 1865 3771 2|.
1896 3718 2019 3791 22).
2055 3722 2112 3777 In
2142 3726 2261 3780 aliis
2310 3745 2523 3801 quoque
2575 3736 2817 3806 epistolis
2859 3742 2962 3799 hoc
2991 3716 3166 3816 ipsum
3212 3716 3358 3809 facit.

1774 3807 1959 3881 Neque
1998 3813 2050 3869 id
2096 3828 2549 3887 supervacaneum
2581 3837 2696 3892 est,
2744 3830 2839 3885 sed
2896 3850 3149 3906 perquam
3197 3846 3356 3900 etiam

1776 3906 2177 3962 necessarium:
2232 3912 2425 3979 partim
2479 3917 2548 3970 ob
2598 3917 2868 3989 ingentem
2920 3910 3197 3987 caritatem
3254 3952 3356 4004 qua

1776 3994 2066 4067 discipulos
2093 4005 2519 4074 prosequebatur
2539 4052 2554 4076 ,
2589 4013 2779 4080 partim
2812 4016 2880 4071 ob
2908 4021 3150 4079 assiduas
3189 3994 3361 4081 tenta-

1777 4086 1989 4154 tiones,
2018 4090 2070 4144 in
2122 4093 2318 4162 quibus
2370 4112 2657 4170 permagna
2700 4108 2998 4163 consolatio
3045 4123 3177 4181 erat,
3208 4134 3359 4173 com-

1776 4187 1983 4246 pertum
2016 4180 2213 4238 habere
2238 4200 2466 4254 quonam
2489 4200 2628 4246 statu
2651 4203 2875 4266 utraque
2902 4215 2967 4253 ex
2996 4180 3263 4270 parteres
3292 4224 3355 4266 se

1774 4267 2034 4327 haberent
2058 4292 2069 4327 :
2104 4289 2209 4344 quo
2235 4277 2507 4346 nimirum,
2539 4283 2583 4337 si
2617 4285 2796 4341 tristes
2818 4298 2871 4344 et
2898 4294 3109 4348 acerba:
3132 4310 3314 4355 essent
3337 4343 3352 4365 ,

1772 4361 1839 4417 ad
1869 4379 1960 4418 eas
2002 4366 2347 4436 perferendas
2391 4386 2449 4427 se
2491 4389 2896 4450 compararent,
2934 4395 3091 4455 atque
3123 4388 3176 4443 in
3207 4393 3360 4447 solli-

1772 4457 2010 4514 citudine
2035 4462 2409 4532 eautioresque
2437 4477 2650 4535 essent;
2692 4472 2772 4525 sin
2804 4484 2982 4531 autem
3014 4478 3150 4536 laeta:
3178 4499 3241 4539 ac
3268 4485 3359 4556 jn-

1772 4548 1983 4616 cundze,
2012 4552 2170 4608 simul
2195 4553 2509 4625 gauderent.
2540 4559 2805 4617 Caeterum
2831 4566 2930 4621 hoc
2961 4570 3077 4623 loco
3102 4584 3155 4627 et
3185 4584 3353 4638 tenta-

1771 4642 1971 4696 tionum
2008 4644 2362 4702 invectionem
2383 4690 2399 4716 ,
2429 4659 2483 4705 et
2511 4667 2617 4721 quo
2644 4664 2798 4722 pacto
2840 4656 2923 4711 his
2949 4660 3204 4721 liberatus
3246 4671 3315 4724 sit
3340 4717 3353 4733 ,

1771 4734 1928 4789 simul
1955 4739 2193 4805 exponit.
2227 4740 2476 4808 Quoniam
2506 4762 2664 4815 supra
2703 4749 2907 4803 modum
2937 4757 3133 4822 gravati
3181 4775 3359 4817 sumus

1770 4842 1927 4898 supra
1958 4833 2227 4896 virtutem;
2258 4850 2361 4889 non
2403 4850 2557 4892 secus
2588 4839 2837 4896 videlicet
2865 4859 2927 4899 ae
2956 4848 3104 4907 navis
3144 4852 3355 4923 aliqua,

1769 4930 1890 4990 quae
1920 4924 2067 4993 gravi
2117 4925 2346 4994 quodam
2379 4943 2543 4983 onere
2586 4931 2935 5003 demergitur.
2983 4939 3160 5010 Atque
3192 4961 3351 5001 unam

1767 5012 1983 5083 quidem
2015 5025 2067 5069 et
2090 5018 2331 5074 eamdem
2362 5035 2474 5075 rem
2508 5021 2590 5076 his
2620 5024 2799 5079 verbis
2843 5026 3146 5099 intelligere
3190 5036 3340 5093 vide-

1771 5116 1889 5173 tur,
1917 5123 2039 5163 cum
2067 5109 2234 5178 dixit,
2272 5110 2448 5183 Supra
2474 5115 2711 5183 modum,
2747 5126 2834 5185 et,
2867 5118 3044 5190 Supra
3080 5125 3355 5194 virtutem;

1774 5215 1879 5253 non
1913 5209 2088 5256 tamen
2124 5218 2225 5257 una
2248 5214 2333 5260 est
2354 5246 2370 5271 ,
2402 5205 2496 5260 sed
2528 5206 2668 5263 dum.
2699 5208 2911 5266 Etenim
2941 5228 3009 5269 ne
3034 5216 3155 5286 quis
3186 5218 3351 5281 dicat,

1769 5292 1909 5358 Quid
1936 5298 2076 5350 enim
2098 5338 2114 5363 ,
2144 5297 2187 5351 si
2213 5314 2371 5368 supra
2400 5299 2613 5355 modum
2643 5303 2858 5372 quidem
2882 5316 2997 5361 erat
3024 5310 3349 5381 periculum,

1768 5392 1919 5447 vobis
1949 5401 2123 5446 autem
2155 5406 2260 5449 non
2289 5406 2537 5461 magnum
2563 5396 2719 5450 erat?
2747 5397 2948 5453 idcirco
2978 5401 3249 5471 subdidit,
3283 5406 3352 5460 Et

1770 5499 2018 5554 magnum
2044 5493 2162 5539 erat
2182 5493 2234 5539 et
2257 5485 2399 5539 vires
2427 5496 2638 5540 nostras
2664 5490 2975 5558 superabat,
2999 5501 3160 5563 atque
3182 5509 3350 5563 usque

1770 5576 1904 5631 adeo
1948 5576 2266 5645 superabat,
2302 5584 2359 5630 ut
2388 5578 2549 5632 etiam
2599 5579 2779 5636 vivere
2828 5596 2928 5636 nos
2958 5583 3218 5637 taederet:
3253 5585 3349 5639 hoc

1769 5680 1885 5734 est,
1914 5670 2108 5724 nullam
2148 5686 2298 5741 spem
2325 5680 2379 5727 et
2408 5672 2859 5741 cxspecmtionem
2904 5672 3225 5728 haberemus
3253 5690 3351 5729 nos

1774 5764 2003 5842 amplius
2034 5765 2287 5821 victuros.
2334 5764 2388 5822 ld
2441 5766 2581 5837 quod
2618 5766 2778 5831 David
2825 5767 3112 5831 inferorum
3146 5778 3348 5844 portas,
