3712 6212
137 274 179 331 ιι
986 265 1053 321 IN
1095 263 1316 322 EPIST.
1360 263 1403 317 ιι
1445 226 1535 317 AD
1565 263 1603 317 ε

986 265 1053 321 IN
1095 263 1316 322 EPIST.
1360 263 1403 317 ιι
1445 226 1535 317 AD
1565 261 1726 318 COR.
1763 261 1997 318 IIOMIL.
2047 258 2121 312 ιι.

137 402 268 441 νοντα.
297 382 415 438 Ἀλλ’
438 382 586 437 αὐτοὶ
625 384 695 436 ἐν
723 382 957 448 ἑαυτοῖς
990 382 1057 435 τὸ
1093 382 1391 449 ἀπόκριμα
1422 377 1529 432 τοῦ

137 482 280 535 ννὰτου
303 477 612 548 ἐσχήκαμεν,
640 480 740 533 ἵνα
764 478 850 548 μὴ
883 477 1235 542 πεποιθότες
1256 466 1415 546 ὦμεν
1440 473 1531 543 ἐφ’

142 576 278 642 υτοῖς,
304 576 412 630 ἀλλ’
434 576 515 629 ἐπὶ
544 574 623 639 τῷ
652 573 775 640 Θεῷ
823 573 903 641 τῷ
945 573 1233 643 ἐγείροντι
1268 570 1410 637 τοὺς
1434 587 1533 624 νε·

138 674 235 738 ούς.
283 672 335 725 Τί
376 673 484 735 ἐστι,
532 672 599 725 Τύ
632 672 931 739 ἀπόκριμα
962 668 1072 723 τοῦ
1105 666 1395 732 θανάτου;
1425 665 1535 736 Τὴν

144 786 236 838 φον,
274 767 353 838 τὴν
388 766 560 835 κρίσιν,
600 766 697 837 τὴν
737 765 1083 836 προσδοκίαν.
1124 762 1395 832 Τοιαύτην
1428 762 1537 834 γὰρ

138 866 190 916 ίει
218 863 271 916 τὰ
295 862 543 934 πράγματα
572 862 776 930 φωνὴν,
803 860 1059 924 τοιαύτην
1101 859 1390 928 ἀπόκρισιν
1430 857 1536 910 ὲδί-

138 984 140 1003 ι
190 957 244 1011 τά
288 957 540 1027 συμϐάντα,
591 958 674 1010 ὅτι
719 955 1138 1024 ἀποθανούμεθα
1182 955 1417 1017 πάντως.
1461 952 1535 1004 Οὐ

137 1074 156 1109 ν
194 1057 325 1127 μέχρι
359 1057 439 1125 τῆς
463 1055 649 1123 πείρας
678 1054 840 1125 ἐξέϐη
872 1054 1050 1117 τοῦτο,
1079 1052 1215 1106 ἀλλὰ
1243 1051 1404 1121 μέχρι
1438 1049 1538 1118 τῆς

137 1154 266 1215 μνοίας
305 1151 410 1221 ἔστη
437 1152 524 1221 τῆς
550 1151 845 1222 ἡμετέρας.
882 1150 947 1203 Ἦ
982 1150 1082 1220 μὲν
1121 1150 1234 1220 γὰρ
1258 1149 1369 1200 τῶν
1397 1164 1540 1216 πρα-

137 1251 241 1302 ὶτων
260 1247 395 1318 φύσις
410 1248 561 1301 ιτούτο
584 1248 915 1318 ἀπεφήνατο·
948 1247 981 1315 ἡ
1000 1247 1058 1298 δὲ
1090 1243 1184 1296 τοῦ
1219 1242 1356 1295 Θεοῦ
1379 1242 1539 1295 δύνα-

149 1346 233 1399 οὐκ
252 1345 402 1414 ἀφῆκε
421 1344 504 1414 τὴν
534 1343 807 1409 ἀπόφασιν
839 1344 918 1405 εις
939 1340 1100 1411 ἔργον
1130 1339 1392 1406 ἐξελθεῖν,
1423 1337 1539 1390 ἀλλ’

137 1444 174 1512 τῇ
206 1439 383 1510 διανοίᾳ
413 1439 531 1511 μόνῃ
556 1441 620 1508 τῇ
648 1437 894 1508 ἡμετέρᾳ
933 1436 1027 1488 καὶ
1061 1437 1117 1488 ὲν
1142 1436 1207 1505 τῇ
1238 1433 1540 1504 προσδοκίᾳ

137 1556 171 1590 :o
203 1536 437 1606 συμϐῆναι
464 1533 836 1604 συνεχώρησε·
886 1532 964 1584 διό
1012 1528 1161 1604 [451]
1200 1544 1386 1600 φησιν·
1439 1529 1542 1583 Ἔν

137 1632 239 1699 τοῖς
256 1634 313 1685 τὸ
334 1633 607 1700 ἀπόκριμα
627 1630 735 1683 τοῦ
762 1628 1023 1683 θανάτου
1049 1625 1415 1695 ἐσχήκαμεν,
1442 1625 1543 1679 οὐκ

137 1733 160 1801 ᾗ
195 1728 356 1800 πείρα.
387 1728 485 1781 Καὶ
505 1727 651 1790 τίνος
688 1726 876 1780 ἕνεκεν
907 1723 1257 1795 συνεχώρησε
1287 1722 1541 1777 τοσοῦτον

137 1838 258 1887 ινον,
288 1819 355 1884 ὡς
378 1818 657 1873 ἀπελπίσαι
703 1819 852 1889 ἡμᾶς
896 1816 990 1869 καὶ
1033 1815 1346 1884 ἀπογνῶναι
1373 1832 1387 1879 ;
1417 1816 1544 1869 Ἵνα

137 1917 426 1983 πεποιθότες
456 1910 608 1985 ὦμεν
641 1914 734 1984 ἐφ’
758 1912 1016 1979 ἑαυτοῖς,
1059 1912 1249 1983 φησιν,
1273 1912 1411 1965 ἀλλ’
1442 1911 1541 1965 ἐπὶ

137 2013 245 2078 νεῷ.

138 2223 309 2278 Ταῦτα
325 2222 375 2276 δὲ
391 2222 563 2291 ἔλεγεν
576 2222 607 2274 ὁ
624 2220 855 2287 Παῦλος,
880 2221 982 2274 οὐκ
1008 2219 1197 2289 ἐπειδὴ
1212 2218 1373 2282 αὐτὸς
1401 2217 1544 2271 οὕτω

138 2338 235 2385 ιτο,
259 2322 444 2387 ἄπαγε,
467 2318 603 2372 ἀλλὰ
623 2319 749 2382 τοὺς
777 2318 969 2381 ἀλλους
996 2318 1054 2370 ὲν
1078 2318 1190 2380 τοῖς
1219 2316 1348 2387 περὶ
1373 2314 1542 2369 αὐτοῦ

137 2417 289 2478 ιένοις
316 2414 604 2486 ῥυθμίζων,
629 2414 750 2485 ἅμα
783 2415 841 2466 δὲ
875 2413 971 2467 καὶ
1002 2410 1318 2485 μετριάζειν
1347 2413 1545 2464 ἐσπου-

137 2530 172 2577 ;'
208 2515 325 2566 ἐπεὶ
362 2512 449 2565 καὶ
467 2510 668 2580 προϊών
702 2525 884 2580 φησιν·
927 2509 1139 2577 Ἐδόθη
1162 2526 1265 2579 μοι
1294 2507 1542 2575 σκόλοψ

138 2610 295 2678 αρκί,
325 2611 444 2672 τοὺς
482 2610 821 2680 πειρασμοὺς
854 2607 1051 2676 λέγων,
1104 2608 1205 2659 ἵνα
1237 2605 1323 2675 μὴ
1368 2609 1547 2673 ὑπερ-

138 2725 241 2760 ιαι.
288 2706 473 2760 Καίτοι
506 2707 532 2758 ὁ
569 2704 703 2767 Θεὸς
750 2704 812 2756 οὐ
848 2704 939 2756 διὰ
969 2703 1126 2756 τοῦτό
1158 2720 1325 2773 φησιν
1350 2703 1546 2765 αὐτοὺς

138 2802 468 2872 χωρηκέναι,
508 2800 647 2854 ἀλλὰ
691 2799 756 2853 δι’
791 2799 987 2871 ἑτέραν
1038 2799 1241 2853 αἰτίαν.
1272 2799 1440 2852 Ποίαν
1482 2797 1547 2869 δὴ

137 2916 199 2964 ν;
237 2899 413 2968 Ἵναὴ
449 2896 677 2968 δύναμις
721 2894 888 2949 αὐτοῦ
930 2893 1211 2967 διαλάμψῃ
1259 2893 1544 2965 μειζόνως·

138 2995 171 3048 ’ῖ
191 2996 303 3066 γάρ
332 3010 450 3058 σοι,
476 2992 668 3065 φησὶν,
700 2993 738 3061 ἠ
776 2990 949 3060 χάρις
982 3006 1125 3062 μου·
1161 2993 1199 3060 ἠ
1230 2991 1339 3061 γὰρ
1368 2990 1550 3044 δύναο

137 3110 193 3146 >υ
217 3092 292 3145 ἐν
317 3090 604 3156 ἀσθενείᾳ
625 3088 980 3143 τελειοῦται.
1020 3087 1185 3151 Ἀλλ’,
1212 3088 1351 3155 ὅπερ
1383 3086 1545 3156 ἔφην,

137 3188 191 3241 >ῦ
252 3186 676 3241 ἐπιλανθάνεται
729 3183 824 3238 τοῦ
873 3184 1076 3237 οἰκείου
1116 3183 1303 3254 ἤθους,
1339 3183 1396 3236 ὲν
1437 3185 1549 3246 τοῖς

137 3303 153 3337 ι
194 3282 658 3353 καταδεεστέρως
682 3280 877 3334 ἑαυτὸν
901 3279 1170 3351 ἀριθμῶν,
1204 3279 1384 3333 καίτοι
1423 3278 1551 3331 πολ-

137 3382 368 3452 ομένοις
406 3379 794 3449 παιδαγωγίας
825 3378 920 3430 καὶ
950 3376 1309 3448 διορθώσεως.
1345 3378 1411 3431 Εἰ
1442 3377 1551 3448 γὰρ

137 3496 191 3542 ις
219 3478 499 3549 τυχόντας
531 3471 612 3541 εἷς
637 3476 732 3529 καὶ
752 3474 1006 3545 δεύτερος
1032 3474 1339 3545 πειρασμὸς
1370 3474 1555 3536 ἱκανὸς

137 3596 183 3631 ›ν
230 3574 605 3647 σωφρονίσαι·
644 3572 763 3637 πῶς
796 3573 1004 3634 ἐκεῖνος
1031 3573 1059 3623 ὁ
1087 3571 1307 3624 πάντων
1340 3568 1554 3642 ἀνθρώ-

137 3672 355 3725 άλιστα
395 3669 909 3740 ταπεινοφροσύνην
938 3669 1188 3738 ἀσκήσας
1231 3668 1320 3721 διὰ
1354 3667 1554 3729 παντὸς

142 3787 205 3832 υ,
254 3767 355 3820 καὶ
395 3766 644 3821 τοσαῦτα
674 3764 863 3819 παθὼν
891 3765 967 3829 ὡς
1004 3763 1193 3835 μηδεὶς
1228 3762 1553 3835 ἀνθρώπων,

137 3864 355 3918 ισοιῦτα
378 3863 484 3932 ἔτη
520 3863 615 3915 καὶ
638 3862 958 3931 φιλοσοφίαν
981 3858 1090 3913 τῶν
1110 3857 1355 3927 οὐρανῶν
1376 3856 1554 3923 ἀξίαν,

163 3963 365 4015 ἐδεῖτο
412 3961 521 4031 τῆς
561 3958 888 4024 νουθεσίας;
928 3955 1090 4010 Ὅθεν
1133 3955 1291 4025 δῆλον
1334 3955 1418 4007 ὅτι
1463 3957 1559 4007 καὶ

137 4061 257 4123 ζων
299 4057 579 4123 ἐνταῦθα,
612 4057 709 4110 καὶ
736 4056 865 4119 τοὺς
898 4054 983 4122 ἐφ’
1008 4055 1221 4116 ἑαυτοῖς
1250 4053 1395 4123 μέγα
1424 4070 1558 4123 φρο-

211 4156 323 4210 καὶ
387 4152 905 4224 ἁλαζονευομένους
956 4149 1337 4204 καταστέλλων
1386 4150 1555 4218 λέγει·

137 4256 179 4322 ἠ
236 4253 626 4316 πεποιθότες
661 4246 823 4320 ὦμεν
865 4249 958 4318 ἐφ’
984 4247 1248 4314 ἑαυτοῖς,
1294 4249 1432 4303 ἀλλ’
1460 4246 1559 4301 ἐπί

137 4393 151 4406 .
204 4350 339 4405 Καὶ
362 4351 482 4420 ὅρα
514 4348 635 4412 πῶς
669 4347 870 4410 αὐτοὺς
904 4346 1001 4399 καὶ
1037 4346 1211 4417 ταύτῃ
1245 4345 1558 4417 θεραπεύει.

183 4447 325 4517 γὰρ
395 4445 735 4517 πειρασμοὶ,
791 4442 951 4514 φησὶ,
993 4442 1060 4496 δι’
1106 4443 1250 4513 ὑμᾶς
1298 4443 1429 4512 ἡμῖν
1460 4443 1562 4493 ὲπ-

137 4563 204 4600 ιι
243 4543 769 4615 συνεχωρήθησαν·
798 4539 1061 4594 τοσούτου
1092 4540 1323 4610 τιμᾶται
1357 4539 1503 4610 ὑμᾶς
1534 4541 1564 4593 ὁ

137 4646 247 4698 (τε
290 4641 427 4713 τὰρ
461 4642 808 4711 θλιϐόμεθα,
842 4640 1032 4711 φησὶν,
1059 4638 1214 4706 ὑπὲρ
1246 4636 1357 4706 τῆς
1397 4634 1566 4707 ὑμῶν

138 4742 395 4809 ήσεως
462 4739 568 4794 καί
619 4737 939 4806 σωτηρίας·
999 4738 1033 4807 ὴ
1067 4736 1125 4789 δὲ
1172 4734 1447 4808 ὑπερϐολὴ
1496 4734 1565 4787 δι’

138 4857 199 4894 να
250 4838 345 4909 μὴ
380 4836 549 4908 μέγα
576 4835 887 4907 φρονῶμεν·
912 4834 1055 4889 Καθ’
1078 4832 1427 4902 ὑπερϐολὴν
1455 4833 1566 4902 γὰρ

138 4952 310 5007 νμεν
357 4934 479 4988 καὶ
514 4933 672 5001 ὑπὲρ
706 4931 991 5002 δύναμιν,
1019 4932 1122 4985 ἵνα
1163 4930 1249 5001 μὴ
1284 4930 1565 4985 πεποιθό-

138 5052 202 5087 ν
259 5032 376 5102 ἐφ’
428 5029 705 5096 ἑαυτοῖς,
725 5030 862 5083 ἀλλ’
896 5028 995 5081 ἐπὶ
1040 5026 1118 5093 τῷ
1147 5025 1268 5092 Θεῷ
1305 5027 1386 5093 τῷ
1412 5026 1565 5097 ἐγεί-

138 5134 273 5197 γὺς
305 5129 624 5198 νεκρούς.
673 5127 845 5179 Πάλιν
887 5125 981 5199 τοῦ
1040 5126 1169 5197 περὶ
1214 5124 1567 5188 ἀναστάσεως

137 5235 352 5298 ίμηνίει
396 5229 608 5298 λόγου,
646 5225 787 5295 ὑπὲρ
837 5218 898 5277 οὐ
939 5224 1178 5277 τοσαῦτα
1217 5219 1370 5275 εἶπεν
1410 5224 1467 5275 ἐν
1496 5224 1565 5293 τῇ

149 5272 165 5305 Δ

157 5327 568 5398 Ἐπιστολῇ,
592 5324 689 5379 καὶ
708 5324 814 5377 ἀπὸ
835 5323 946 5376 τῶν
976 5322 1258 5394 παρόντων
1278 5319 1448 5391 αὐτὴν
1471 5319 1562 5389 βε-

142 5574 574 5631 νεστηκὸτων.

140 5638 284 5686 itis
343 5628 572 5687 Graecis
601 5633 724 5685 Novi
764 5630 1069 5682 Testamenli
1098 5630 1281 5693 legitur
1311 5630 1364 5678 ἐκ
1382 5628 1570 5676 πολλῶν

3097 266 3204 322 396

1642 376 1830 448 βαιῶν·
1860 375 1940 431 διὸ
1967 380 2062 433 καὶ
2094 380 2391 449 ἐπήγαγεν·
2432 380 2528 444 Ὃς
2552 379 2621 431 ἐκ
2642 381 3008 445 τηλικούτων
3038 383 3219 435 θανά-

1640 489 1758 525 των
1786 473 2080 542 ἐρῤύσατο
2104 474 2281 543 ἡμᾶς.
2318 473 2432 528 Οὐκ
2458 470 2631 536 εἶπεν,
2674 474 2768 527 Ἐκ
2795 474 3063 529 τοσούτων
3096 493 3218 528 κιν-

1641 567 1833 631 δύνων,
1868 565 2007 637 όμοῦ
2049 570 2151 639 μὲν
2200 570 2416 633 δεικνὺς
2440 569 2502 622 τὸ
2547 569 2826 639 ἀφόρητον
2867 570 2975 623 τῶν
3018 588 3217 643 πειρα-

1644 664 1815 733 σμῶν,
1847 665 1982 734 ὁμοῦ
2013 666 2069 719 δὲ
2097 668 2325 731 ἐκεῖνον,
2358 667 2526 737 ὅνπερ
2548 665 2706 735 ἔφην,
2735 664 3100 736 πιστούμενος
3124 665 3217 719 τὸν

1641 759 1819 827 λόγον.
1860 760 2078 833 Ἐπειδὴ
2115 761 2223 834 γὰρ
2260 762 2451 833 μέλλον
2475 763 2707 833 πρᾶγμα
2736 763 2771 832 ἡ
2802 760 3097 825 ἀνάστασις
3123 757 3215 833 ἦν,

1642 856 1917 910 δείκνυσιν
1949 858 2030 911 ὅτι
2064 858 2222 911 τοῦτο
2254 859 2377 912 καθ’
2414 860 2650 929 ἑκάστην
2694 857 2900 927 γίνεται
2941 857 3040 930 τὴν
3078 859 3219 929 ὴμέ-

1646 970 1766 1023 ραν.
1799 954 1968 1007 Ὅταν
1998 955 2108 1027 γὰρ
2141 954 2428 1026 ἄνθρωπον
2471 954 2915 1022 ἀπογνωσθέντα,
2954 956 3049 1009 καὶ
3080 956 3217 1027 πρὸς

1645 1050 1815 1114 αὐτὰς
1860 1051 2083 1105 ἐλθόντα
2113 1052 2207 1105 τοῦ
2239 1052 2365 1122 ᾅδου
2403 1055 2503 1117 τάς
2537 1052 2715 1117 πύλας
2749 1052 3040 1127 ἀνελκύσῃ,
3068 1054 3220 1107 οὐδὲν

1643 1144 1832 1217 ἕτερον
1857 1147 1889 1217 ἦ
1918 1146 2216 1207 ἀνάστασιν
2246 1147 2636 1213 ἐπιδείκνυται,
2664 1149 2759 1202 ἀπ’
2786 1147 2950 1202 αὐτοῦ
2979 1148 3073 1202 τοῦ
3102 1148 3222 1203 στό-

1648 1259 1816 1313 ματος
1847 1243 2107 1296 ἀνασπῶν
2145 1243 2239 1296 τοῦ
2270 1243 2498 1298 θανάτου
2525 1243 2617 1298 τὸν
2640 1245 2968 1315 ἐμπεσόντα.
3013 1246 3104 1299 Διὸ
3126 1245 3223 1299 καὶ

1644 1341 1759 1400 τοῖς
1783 1337 1995 1402 πολλοῖς
2020 1338 2115 1391 ἐπὶ
2136 1338 2246 1392 τῶν
2267 1339 2751 1407 ἁπογνωσθέντων,
2767 1336 2884 1393 εἶτα
2905 1342 3223 1409 ἀνενεγκόν-

1645 1450 1753 1487 των
1793 1445 1820 1474 ι
1850 1432 1909 1497 ὲξ
1940 1435 2254 1505 ἀρρωστίας
2278 1436 2543 1505 χαλεπῆς,
2575 1423 2608 1507 ἢ
2645 1436 2710 1489 ὲκ
2743 1436 3064 1508 πειρασμῶν
3086 1438 3223 1506 ἀφο-

1652 1529 1853 1599 ρήτων,
1882 1529 2004 1592 ἔθος
2035 1534 2195 1583 τοῦτο
2219 1531 2418 1599 λέγειν·
2454 1532 2780 1586 Ἀνάστασιν
2804 1534 3012 1605 νεκρῶν
3044 1536 3224 1606 ἑωρά-

1650 1642 1825 1694 καμεν
1858 1626 1952 1677 ἐπὶ
1975 1625 2148 1680 τοῦδε.
2189 1626 2552 1697 Ἠλπίκαμεν
2579 1628 2648 1681 δὲ
2676 1628 2767 1683 ὄτι
2801 1629 2898 1682 καί
2928 1631 3017 1683 ἐτι
3036 1632 3226 1697 ῥύσε-

1647 1740 1763 1785 ται,
1795 1724 2383 1793 συνυπουργούντων
2408 1726 2505 1779 καὶ
2540 1723 2707 1795 ὑμῶν
2730 1726 2804 1794 τῇ
2839 1726 2986 1799 [452]
3020 1727 3228 1795 δεήσει

1648 1818 1799 1886 ὑπὲρ
1826 1818 2013 1888 ἡμῶν·
2040 1819 2141 1873 ἵνα
2166 1820 2234 1873 ἐν
2258 1819 2469 1886 πολλῷ
2496 1823 2794 1889 προσώπῳ
2819 1824 2846 1863 b
2873 1824 2939 1876 τὸ
2960 1826 3049 1891 είς
3069 1824 3230 1895 ἡμᾶς

1648 1914 1914 1984 χάρισμα
1952 1914 2051 1968 διὰ
2098 1914 2347 1969 πολλῶν
2383 1917 2791 1986 εὐχαριστηθῇ
2834 1920 2987 1988 ὑπὲρ
3034 1920 3225 1991 ἡμῶν.

1663 2012 1879 2083 Ἐπειδὴ
1918 2011 1998 2077 τὸ,
2042 2012 2175 2066 Ἵνα
2198 2011 2283 2081 μὴ
2310 2014 2658 2080 πεποιθότες
2676 2009 2834 2083 ὦμεν
2857 2016 2948 2085 ἐφ’
2970 2017 3228 2084 ἑαυτοῖς,

1650 2108 1829 2160 κοινὸν
1865 2108 2037 2161 ἐδόκει
2062 2104 2201 2160 εἶναι
2230 2108 2481 2179 ἔγκλημα
2511 2110 2605 2162 καὶ
2636 2112 2938 2182 κατηγορία
2972 2114 3063 2166 καὶ
3090 2114 3231 2166 ὲκεί-

1650 2220 1756 2255 νων
1786 2203 1958 2265 ένίους
1985 2204 2352 2274 αἰνιττομένη,
2382 2204 2785 2275 παραμυθεῖται
2819 2207 2981 2260 πάλιν
3002 2207 3061 2261 τὸ
3081 2210 3233 2280 εἰρη-

1654 2299 1835 2370 μένον,
1870 2300 1971 2363 τὰς
2018 2300 2184 2370 εὐχὰς
2214 2299 2311 2363 τὰς
2340 2300 2564 2354 ἐκείνων
2604 2302 2726 2355 ἀντὶ
2761 2305 3101 2373 προστασίας
3136 2322 3232 2375 με-

1651 2396 1825 2467 γάλης
1860 2396 2038 2450 καλῶν
2068 2398 2163 2451 καὶ
2189 2398 2404 2462 δεικνὺς
2435 2399 2573 2469 ἅμα,
2604 2400 2687 2452 ὅτι
2720 2401 3007 2466 διαπαντὸς
3030 2403 3236 2472 ὲναγώ·

1650 2511 1761 2547 νιον
1783 2489 1921 2547 εἶναι
1945 2494 2050 2566 χρὴ
2075 2495 2167 2547 τὸν
2199 2494 2312 2565 βίον
2342 2494 2433 2548 τὸν
2458 2495 2750 2566 ἡμέτερον,
2786 2498 2877 2568 Τῷ
2900 2499 3008 2570 γάρ
3033 2501 3232 2566 είπεῖν,

1662 2590 2023 2658 Ἠλπίκαμεν
2045 2589 2112 2642 δὲ
2140 2589 2229 2644 ὅτι
2252 2607 2349 2643 και
2372 2591 2647 2659 ῥύσεται,
2674 2592 2883 2647 πολλῶν
2911 2611 3235 2666 προαναφω-

1651 2689 1733 2739 νεῖ
1770 2690 2094 2757 πειρασμῶν
2133 2686 2383 2755 νιφάδας,
2416 2688 2476 2740 οὐ
2516 2687 2622 2759 μὴν
2649 2688 3036 2761 ὲγκατὰλειψιν
3079 2693 3237 2747 οὐδα-

1657 2782 1780 2854 μού,
1809 2782 1945 2835 ἀλλά
1972 2782 2225 2852 βοήθειαν
2256 2781 2419 2838 πάλιν
2459 2784 2553 2837 καὶ
2589 2785 2926 2856 συμμαχίαν.
2960 2784 3115 2854 Εἶτα,
3148 2788 3236 2841 ἵνα

1657 2879 1753 2950 μὴ,
1779 2878 2069 2942 ἀκούοντες
2126 2879 2207 2932 ὅτι
2250 2879 2517 2950 διηνεκῶς
2572 2880 2828 2951 μέλλουσι
2884 2883 3237 2950 κινδυνεύειν,

1655 2976 2060 3040 καταπέσωσιν,
2096 2975 2265 3039 ἔδειξε
2294 2976 2562 3048 πρότερον
2602 2977 2711 3031 τῶν
2742 2979 3004 3034 κινδύνων
3028 2981 3090 3035 τὸ
3111 2982 3242 3051 δφε-

1654 3073 1765 3135 λος,
1799 3068 1910 3125 οἷον
1930 3071 2013 3131 τὸ,
2040 3072 2174 3125 "Ira
2193 3071 2280 3141 μὴ
2308 3073 2659 3139 πεποιθότες
2684 3070 2842 3143 ὦμεν
2870 3076 2963 3144 ἐφ’
2981 3077 3237 3143 ἑαυτοῖς·

1659 3170 1953 3234 τουτέστιν,
1986 3168 2103 3221 Ἵνα
2148 3170 2206 3221 ὲν
2243 3167 2483 3237 διηνεκεῖ
2525 3171 2990 3244 ταπεινοφροσύνῃ
3036 3172 3242 3244 κατέχῃ

1656 3267 1824 3336 ἡμᾶς·
1855 3265 1948 3319 καί⁵
1975 3265 2061 3318 ἴνα
2084 3267 2117 3336 ἡ
2154 3266 2398 3335 σωτηρία
2420 3264 2602 3319 αὐτῶν
2623 3266 2936 3337 ὲνεργῆται,
2963 3269 3058 3321 καὶ
3080 3270 3246 3338 ἕτερα

1658 3362 1791 3430 γοῦν
1824 3362 2065 3416 πλείονα·
2102 3361 2162 3414 τὸ
2193 3360 2273 3431 τῷ
2310 3360 2534 3433 Χριστῷ
2564 3364 2862 3415 κοινωνεῖν·
2887 3366 3246 3432 Περισσεύει

1659 3460 1788 3529 γάρ,
1821 3458 1974 3529 φησὶ,
2010 3458 2083 3512 τὰ
2111 3456 2435 3526 παθήματα
2468 3458 2575 3511 τοῦ
2607 3459 2869 3527 Χριστοῦ
2896 3461 2966 3514 ἐν
2994 3462 3158 3530 ἡμῖν·
3184 3461 3248 3515 τὸ

1662 3556 1802 3626 ὑπὲρ
1833 3555 1941 3609 τῶν
1975 3555 2185 3608 πιστῶν
2227 3556 2457 3625 πάσχειν
2481 3570 2496 3586 ·
2527 3555 2668 3609 Εἴτε
2701 3555 2831 3627 γὰρ,
2863 3557 3016 3628 φησὶ,
3051 3559 3247 3611 θλιϐό-

1656 3657 1827 3722 μεθα.
1866 3651 2021 3720 ὑπὲρ
2055 3650 2166 3719 τῆς
2213 3648 2383 3719 ὑμῶν
2429 3650 2871 3718 παρακλήσεως
2922 3652 3019 3705 καί
3050 3669 3243 3718 σωτη-

1654 3751 1811 3818 ρίας·
1844 3750 1904 3802 τὸ
1924 3747 2020 3801 καὶ
2044 3747 2215 3817 αὐτὴν
2236 3745 2439 3817 ταύτην
2460 3745 2788 3817 διαλάμπειν
2813 3748 3099 3817 μειζόνως·
3130 3748 3247 3816 Τῆς

1662 3846 2097 3919 ἐνεργουμένης
2124 3846 2253 3916 γὰρ,
2290 3846 2475 3916 φησὶν,
2503 3846 2569 3899 ἐν
2592 3846 2873 3916 ὑπομονῇ
2906 3845 3023 3900 τῶν
3049 3845 3250 3901 αὐτῶν

1664 3943 2047 4013 παθημάτων·
2080 3943 2140 3996 τὸ
2169 3943 2535 4013 καρτερικούς
2562 3941 2833 4011 γίνεσθαι·
2871 3942 2966 3996 καὶ
2996 3942 3076 3996 ἔτι
3112 3944 3251 4015 πρὸς

1665 4046 1895 4111 τούτοις,
1935 4045 1996 4098 τὸ
2035 4044 2134 4115 τὴν
2167 4043 2467 4097 ἀνάστασιν
2502 4043 2635 4114 ὁρᾷν
2676 4043 2783 4115 πρὸ
2814 4044 2923 4097 τῶν
2954 4045 3250 4116 ὀφθαλμῶν

1665 4153 2099 4223 διαλάμπουσαν·
2139 4151 2243 4205 Ἐκ
2282 4152 2653 4219 τηλικούτων
2701 4152 2809 4223 γὰρ
2846 4153 3117 4207 θανάτων
3152 4157 3251 4224 ἐῤ-

1666 4258 1895 4323 ῥύσατο
1939 4252 2119 4323 ἡμᾶς·
2149 4253 2209 4306 τὸ
2238 4252 2567 4321 ἐναγωνίους
2601 4246 2742 4306 εἶναι
2787 4253 2882 4305 καὶ
2920 4253 3057 4324 πρὸς
3087 4253 3251 4308 αὐτὸν

1667 4358 1929 4430 διηνεκῶς
1951 4358 2099 4429 όρᾷν·
2142 4356 2511 4424 Ἠλπίκαμεν
2531 4354 2661 4427 γὰρ,
2681 4356 2867 4427 φησιν,
2897 4355 2988 4410 ὅτι
3019 4358 3116 4410 καί
3143 4358 3250 4424 ῥύ-

1670 4474 1863 4513 σεται·
1898 4457 1959 4510 τὸ
1990 4457 2177 4527 εὐχαῖς
2208 4453 2615 4525 προσηλῶσθαι·
2657 4458 3253 4527 Συνυπουργούντων

1670 4556 1799 4628 γὰρ,
1831 4553 1986 4626 φησὶ,
2014 4552 2114 4607 καί
2140 4551 2310 4619 ὑμῶν
2338 4550 2413 4621 τῇ
2442 4550 2652 4619 δεήσει
2670 4551 2824 4620 ὑπὲρ
2846 4550 3033 4622 ἡμῶν.
3061 4551 3255 4618 Δείξας

1670 4652 1850 4706 τοίνυν
1900 4650 1961 4705 τὸ
2017 4648 2208 4719 κέρδος
2258 4646 2369 4701 τῶν
2425 4647 2683 4718 θλίψεων,
2741 4643 2861 4702 εἶτα
2925 4648 3255 4719 ἐναγωνίους

1672 4755 1922 4826 ποιήσας,
1957 4752 2165 4820 ἀλείφει
2218 4749 2383 4804 πάλιν
2430 4751 2611 4803 αὐτῶν
2656 4748 2729 4804 τὰ
2777 4752 3126 4823 φρονήματα,
3159 4754 3255 4807 καὶ

1672 4855 2118 4928 προθυμοτέρους
2144 4856 2225 4917 είς
2250 4853 2449 4925 ἀρετὴν
2471 4855 2636 4920 ποιεῖ,
2667 4852 2879 4924 μεγάλα
2903 4853 3083 4907 αὐτῶν
3114 4872 3253 4926 μαρ-

1672 4960 1851 5033 τυρῶν
1875 4962 1992 5023 ταῖς
2023 4960 2231 5029 εὐχαῖς,
2265 4958 2318 5011 εί
2339 4975 2401 5027 γε
2423 4956 2646 5021 ταύταις
2672 4956 2883 5011 Παῦλον
2907 4958 3251 5031 ἐχαρίσαντο·

1673 5064 2266 5133 Συνυπουργούντων
2301 5064 2410 5132 γάρ
2434 5060 2603 5131 ὑμῶν
2625 5062 2779 5131 ὑπὲρ
2809 5060 2979 5132 ἡμῶν
3011 5063 3085 5132 τῇ
3119 5064 3257 5130 δειξ-

1674 5187 1790 5235 σει,
1818 5167 1969 5238 φησί.
2002 5167 2067 5219 Τί
2098 5165 2155 5219 δέ
2183 5167 2350 5233 ὲστιν,
2378 5167 2512 5220 Ἵνα
2532 5166 2602 5219 ἐν
2629 5161 2838 5234 πολλῷ
2862 5165 3158 5234 προσώπῳ
3187 5166 3254 5219 τὸ

1673 5269 1760 5332 εὶς
1784 5263 1941 5335 ἡμᾶς
1971 5263 2235 5332 χάρισμα
2259 5262 2357 5317 διὰ
2386 5262 2635 5317 πολλῶν
2664 5262 3073 5333 εὐχαριστηθῇ
3102 5261 3256 5332 ὑπὲρ

1675 5360 1884 5431 ἡμῶν;
1917 5360 2220 5431 Ἐρῤύσατο
2264 5361 2413 5431 ἡμᾶς
2456 5363 2520 5415 ὲκ
2567 5361 2677 5415 τῶν
2725 5361 2973 5415 θανάτων
3006 5360 3267 5426 ἐκείνων,

1678 5467 2199 5537 συνυπουργούντων
2226 5468 2320 5520 καί⁵
2366 5468 2520 5538 ὐμῶν
2561 5470 2627 5538 τῇ
2665 5467 2869 5537 δεήσει,
2905 5466 3066 5537 φησί·
3100 5481 3258 5517 τουτ-

1680 5576 1846 5639 έστιν,
1872 5573 2196 5643 Εὐχομένων
2226 5573 2445 5627 πάντων
2479 5573 2632 5644 ὐμῶν
2660 5573 2799 5643 ὑπὲρ
2833 5570 3112 5643 ἡμῶν..Τὸ
3148 5568 3257 5639 γὰρ

1680 5680 1758 5742 είς
1789 5679 1934 5749 ἡμᾶς
1964 5677 2229 5749 χάρισμα,
2263 5677 2531 5733 τουτέστι,
2555 5675 2652 5749 τὴν
2686 5675 2958 5749 σωτηρίαν
2985 5673 3083 5743 τὴν
3117 5673 3271 5743 ἠμί--
