3802 6314
383 279 490 342 τίῦῖ

381 391 544 460 τέραν
571 387 832 460 ἐϐουλήθη
863 387 1029 440 πᾶσιν
1061 385 1190 454 ύμῖν
1214 383 1565 454 χαρίσασθαι,
1584 385 1672 436 ἵνα
1697 383 1765 434 τά
1787 379 1956 434 πολλά

383 483 652 554 πρόσωπα
693 478 845 547 αὐτῷ
881 477 1272 548 εὐχαριστήσῃ,
1319 475 1508 544 ἐπειδὴ
1547 475 1639 528 καὶ
1684 474 1753 527 τὰ
1786 473 1956 526 πολλὰ

378 573 479 648 τὴν
514 575 676 646 χάριν
703 571 886 632 ἔλαϐε.

399 793 404 798 .
448 750 511 803 δ’.
529 747 716 802 Ταῦτα
727 747 783 799 δὲ
806 743 1158 815 ἐλεγεν,ὁμοῦ
1172 747 1268 812 μὲν
1282 741 1374 793 καὶ
1389 741 1468 804 εἰς
1481 740 1577 804 τὰς
1598 739 1738 812 ὑπὲρ
1753 739 1956 812 ἐτέρων

379 841 546 910 εὐχάς
573 839 768 902 αὐτοὺς
798 838 1102 906 διεγείρων,
1137 835 1273 905 ὁμοῦ
1295 835 1350 887 δὲ
1377 834 1569 898 ἐθίζων
1601 833 1692 887 καὶ
1713 833 1854 903 ὑπὲρ
1879 825 1956 885 ὧν

376 931 444 986 ἂν
477 930 654 1002 ἕτεροι
691 927 959 991 πάθωσιν,
993 928 1335 997 εὐχαριστεῖν
1363 925 1451 980 ἀεὶ
1481 925 1558 996 τῷ
1580 923 1721 996 Θεῷ,
1743 925 1954 988 δεικνὺς

375 1025 460 1077 δτι
498 1022 733 1098 μάλιστα
756 1020 914 1074 τοῦτο
946 1019 1192 1092 βούλεται
1221 1019 1316 1072 καὶ
1351 1019 1530 1082 αὐτός.
1565 1019 1629 1074 Oi
1659 1017 1768 1087 γάρ
1797 1017 1956 1088 μελε-

377 1119 640 1188 τήσαντες
681 1113 822 1185 ὑπὲρ
857 1113 1060 1182 ἑτέρων
1097 1109 1272 1164 ταῦτα
1313 1111 1507 1174 ποιεῖν,
1543 1108 1724 1178 πολλῷ
1756 1107 1954 1178 μᾶλλον

377 1209 520 1280 ὑπὲρ
553 1205 758 1262 ἐαυτῶν
787 1203 1142 1275 ἐπιδείξονται
1176 1201 1350 1256 ταῦτα
1386 1201 1692 1272 ἀμφότερα.
1723 1198 1869 1269 Πρὸς
1897 1197 1954 1250 δὲ

373 1301 608 1363 τούτοις,
645 1299 740 1352 καὶ
781 1295 1288 1366 ταπεινοφροσύνην
1324 1295 1523 1356 αὐτοὺς
1569 1291 1830 1352 διδάσκει,
1859 1289 1954 1343 καὶ

371 1395 459 1457 τίς
487 1392 706 1462 ἀγάπην
734 1390 858 1458 ἀγει
883 1387 1244 1458 θερμοτέραν.
1273 1385 1335 1438 Εἰ
1365 1386 1474 1456 γάρ
1511 1383 1676 1447 αὐτὸς
1705 1383 1735 1435 ό
1769 1381 1955 1442 τοσοῦ·-

373 1501 468 1538 τον
493 1483 672 1536 αὐτῶν
702 1481 1029 1552 ὑψηλότερος
1055 1479 1152 1543 ὢν,
1182 1479 1247 1530 ἐκ
1272 1477 1380 1530 τῶν
1409 1476 1584 1547 εὐχῶν
1611 1475 1834 1528 ἐκείνων
1867 1489 1955 1529 σε·

375 1573 586 1630 σῶσθαί
621 1590 774 1644 φησι,
806 1572 898 1626 καὶ
921 1570 1166 1644 χάρισμα
1192 1568 1370 1624 αὐτῶν
1405 1569 1526 1631 ταῖς
1560 1566 1776 1636 δεήσεσι
1810 1564 1953 1616 δεδό-

379 1671 508 1722 σθαι
537 1663 685 1736 [455]
721 1662 870 1732 αὐτῷ
895 1661 1047 1732 παρὰ
1075 1661 1168 1718 τοῦ
1199 1659 1358 1723 Θεοῦ,
1387 1659 1638 1729 ἐννόησον
1663 1657 1779 1720 πῶς
1809 1657 1952 1710 ἐκεί-

377 1777 502 1821 νους
550 1758 656 1810 ἔδει
708 1753 1012 1808 διακεῖσθαι
1070 1753 1168 1806 καὶ
1228 1752 1559 1826 μετριάζειν.
1623 1750 1694 1802 Σὺ
1743 1749 1800 1802 δέ
1863 1765 1952 1818 μοι

377 1850 600 1910 κάκεῖνο
658 1847 872 1909 σκόπει,
912 1845 994 1898 ὅτι
1029 1842 1132 1902 κᾶν
1169 1843 1278 1898 ἀπὸ
1319 1841 1617 1913 οἰκτιρμῶν
1655 1843 1684 1893 ὀ
1727 1839 1860 1901 Θεός
1899 1856 1952 1892 τι

377 1943 528 2011 ποιῇ.
571 1937 782 2010 μεγάλα
840 1935 1078 1992 ἐνταῦθα
1135 1935 1230 1990 καὶ
1275 1936 1310 2005 ἡ
1372 1936 1506 2005 εὐχὴ
1561 1933 1949 2004 συμϐάλλεται.

389 2031 716 2104 Ἀρχόμενος
753 2029 852 2100 μὲν
881 2027 1012 2102 γάρ,
1042 2029 1156 2090 τοῖς
1181 2027 1486 2097 οίκτιρμοίς
1519 2025 1684 2078 αὐτοῦ
1719 2025 1814 2096 τὴν
1851 2042 1955 2077 σω-

375 2107 574 2194 τηρίαν
618 2122 920 2190 ἐλογίσατο·
965 2119 1029 2170 '0
1069 2116 1216 2183 Θεὸς
1256 2117 1384 2190 γάρ,
1411 2117 1566 2188 φησι²
1589 2115 1707 2174 τῶν
1741 2119 1954 2186 οἰκτιρ-

371 2199 525 2294 μῶν,
560 2195 942 2280 αὐτός’ήμᾱς
979 2211 1296 2279 ὲρῤύσατο·
1329 2209 1563 2264 ἐνταῦθα
1607 2210 1664 2262 δὲ
1703 2209 1794 2261 καὶ
1833 2211 1953 2270 ταῖς

379 2311 568 2378 εὐχαῖς
597 2323 611 2338 ·
645 2309 767 2358 ἐπεὶ
804 2307 1054 2358 κάκεῖνον
1105 2306 1197 2358 τὸν
1235 2303 1305 2358 τὰ
1344 2305 1514 2374 μύρια
1545 2302 1831 2374 ὀφείλοντα
1861 2303 1955 2353 τά.

378 2401 568 2464 λαντα,
600 2401 737 2472 μετά
775 2400 835 2453 τὸ
877 2399 1206 2468 προσπεσεῖν
1240 2397 1464 2468 ήλέησε,
1503 2396 1683 2452 καίτοι
1713 2412 1776 2464 γε
1807 2395 1954 2465 εἴρη-

378 2513 491 2559 ται,
539 2496 621 2547 ὅτι
665 2491 1150 2561 Σπλαγχνισθεὶς
1182 2490 1495 2542 ἀπέλυσεν
1517 2487 1730 2542 αὐτόν·
1761 2485 1854 2539 καὶ
1887 2487 1952 2556 τῇ

379 2584 658 2656 Χαναναία
686 2595 712 2626 ει
744 2584 801 2638 δὲ
833 2583 970 2654 μετά
997 2581 1096 2653 τὴν
1126 2579 1324 2650 πολλὴν
1373 2577 1697 2649 προσεδρίαν
1737 2578 1954 2646 ἐκείνην

381 2677 474 2732 καὶ⁵
502 2674 794 2746 καρτερίαν
818 2673 939 2726 τότε
970 2672 1264 2743 ἐχαρίσατο
1288 2669 1386 2740 τῆς
1414 2670 1683 2739 θυγατρὸς
1726 2669 1823 2738 τὴν
1851 2685 1954 2720 σω-

379 2767 594 2838 τηρίαν,
627 2764 806 2818 καίτοι
835 2781 898 2832 γε
923 2764 1029 2817 ἀπὸ
1058 2761 1209 2816 ἐλέου
1237 2761 1406 2832 αὐτὴν
1428 2760 1652 2818 ἔσωσεν.
1690 2759 1822 2812 Ἀπὸ
1843 2757 1958 2809 τού-

379 2875 474 2913 του
499 2860 676 2912 τοίνυν
707 2858 1070 2928 μανθάνομεν,
1105 2857 1188 2910 ὅτι
1214 2855 1314 2908 κᾶν
1343 2853 1608 2912 ἐλεεῖσθαι
1647 2851 1954 2922 μέλλωμεν,

379 2953 564 3018 ἀξίους
600 2950 694 3004 τοῦ
734 2949 885 3002 ἐλέου
933 2950 1197 3020 πρότερον
1243 2948 1508 3020 παρέχειν
1541 2947 1689 3017 ἡμᾶς
1731 2943 1957 3006 ἐαυτούς

381 3047 508 3126 χρή.
543 3042 662 3098 Κᾶν
687 3042 798 3114 γάρ
831 3041 978 3105 ἔλεος
1005 3037 1062 3122 ᾗ.
1089 3044 1216 3105 τοὺς
1243 3039 1426 3110 ἀξίους
1462 3039 1730 3110 ἐπιζητεῖ·
1759 3037 1818 3090 οὐ
1848 3037 1957 3108 γὰρ

384 3135 567 3202 ἁπλῶς
595 3135 805 3188 ἔπεισιν
835 3132 1032 3196 ἅπασι,
1060 3135 1153 3186 καὶ
1181 3135 1294 3195 τοῖς
1316 3131 1656 3202 ἀναισθήτως
1680 3129 1958 3199 διακειμέ-

381 3245 514 3292 νοις·
559 3227 830 3296 Ἐλεήσω
887 3226 1015 3297 γάρ,
1056 3226 1244 3294 φησὶν,
1301 3223 1374 3277 ὃν
1419 3221 1496 3277 ἂν
1533 3221 1703 3286 ἐλεῶ,
1752 3221 1849 3275 καὶ
1883 3223 1960 3274 οἱ·

381 3323 694 3392 κτειρήσω,
735 3320 808 3374 ὃν
845 3319 922 3374 ἂν
949 3319 1234 3386 οἰκτείρω.
1267 3317 1410 3386 Ὅρα
1439 3315 1569 3384 γοῦν
1605 3319 1698 3368 καὶ
1724 3314 1958 3368 ἐνταῦθα

379 3417 434 3470 τί
481 3429 634 3484 φησι·
671 3411 1261 3480 Συνυπουργούντων
1287 3407 1386 3461 καὶ
1429 3406 1598 3476 ὑμῶν
1623 3405 1698 3474 τῇ
1729 3405 1954 3470 δεήσει.

381 3507 493 3562 Καὶ
516 3506 638 3560 οὐτε
657 3506 714 3558 τὸ
738 3507 848 3558 πᾶν
869 3503 1052 3566 αὐτοῖς
1075 3501 1294 3562 ἔδωκεν,
1319 3501 1406 3552 ῖνα
1437 3500 1510 3570 μὴ
1534 3499 1730 3562 αὐτοὺς
1755 3500 1954 3569 ἐπάρῃ,

381 3596 508 3652 οὔτε
539 3596 716 3666 πάντη
748 3593 1108 3665 ήλλοτρίωσεν
1142 3591 1340 3655 αὐτοὺς
1373 3589 1467 3650 τοῦ
1507 3589 1956 3661 κατορθώματος,

383 3691 470 3746 ἵνα
496 3687 774 3760 προτρέψῃ
802 3686 897 3738 καὶ
924 3683 1361 3755 προθυμοτέρους
1388 3683 1688 3754 ἐργάσηται
1716 3683 1810 3734 καὶ
1836 3699 1962 3734 συν-

381 3781 568 3851 αγάγῃ
623 3778 760 3850 πρὸς
805 3776 1070 3846 ἀλλήλους
1115 3773 1332 3836 αὐτούς.
1366 3774 1456 3827 Διὸ
1501 3773 1596 3826 καὶ
1641 3773 1846 3839 ἔλεγεν,
1875 3775 1958 3826 ὅτι

397 3873 554 3939 Ὑμῖν
573 3868 898 3940 ἐχαρίσατό
929 3884 1048 3936 μου
1080 3867 1193 3934 τὴν
1225 3865 1544 3932 σωτηρίαν.
1577 3865 1688 3917 Καὶ
1721 3864 1830 3936 γάρ
1864 3867 1960 3918 καὶ

385 3962 587 4033 πλῆθος
619 3961 947 4014 δυσωπεῖται
989 3957 1249 4022 πολλάκις
1301 3960 1330 4010 ὁ
1383 3957 1516 4020 Θεὸς
1566 3957 1824 4026 ὁμονοοῦν
1862 3957 1959 4010 καὶ

386 4051 710 4124 συμφωνοῦν
762 4053 840 4114 είς
871 4050 1064 4122 εὐχήν·
1103 4049 1182 4104 διὸ
1223 4049 1316 4102 καὶ
1365 4049 1503 4120 πρὸς
1532 4048 1624 4102 τὸν
1667 4051 1958 4122 προφήτην

384 4149 588 4215 ἔλεγεν·
625 4145 772 4215 Ἐγὼ
803 4144 870 4198 δὲ
903 4145 975 4198 οὺ
1003 4143 1286 4213 φείσομαι
1313 4141 1424 4214 τῆς
1451 4143 1683 4208 πόλεως
1713 4145 1954 4211 ταύτης,

384 4243 454 4300 ἐν
491 4239 529 4307 ᾖ
558 4237 904 4292 κατοικοῦσι
929 4236 1182 4301 πλείους
1213 4233 1249 4302 ἢ
1284 4233 1514 4287 δώδεκα
1533 4233 1820 4302 μυριάδες
1850 4235 1955 4288 ἀν-

387 4329 664 4400 θρώπων;
693 4325 824 4382 Εἶτα
855 4329 943 4380 ἵνα
983 4326 1062 4401 μὴ
1094 4327 1344 4400 νομίσῃς,
1370 4326 1452 4384 ὃτι
1490 4325 1692 4396 πλῆθος
1727 4325 1956 4379 αἰδεῖται

279 4483 286 4490 _
387 4421 568 4492 μόνον,
600 4418 783 4489 φησίν·
830 4411 1044 4488 Ἐὰνῇ
1078 4419 1110 4470 ὀ
1141 4415 1386 4484 ἀριθμὸς
1427 4414 1534 4468 τοῦ
1578 4415 1828 4484 Ἰσραὴλ
1877 4415 1955 4480 ὡς

382 4513 422 4579 ἡ
451 4511 643 4580 ἅμμος
673 4509 784 4576 τῆς
813 4506 1156 4573 θαλάσσης,
1187 4505 1256 4560 τὸ
1283 4507 1652 4575 καταλείμμα
1682 4505 1956 4575 σωθήσε-

380 4619 496 4668 ται.
534 4602 658 4665 Πῶς
689 4597 781 4654 οῦν
806 4601 1094 4662 Νινευΐτας
1115 4599 1355 4662 ἐσωσεν;
1384 4599 1504 4652 Ὅτι
1529 4599 1590 4659 οὐ
1623 4597 1823 4668 πλῆθος
1863 4599 1958 4669 μό..

382 4711 473 4746 νον
513 4689 604 4764 ἦν,
639 4691 774 4745 ἀλλὰ
821 4691 1024 4762 πλῆθος
1069 4689 1207 4760 μετά
1244 4691 1474 4760 ἀρετῆς·
1513 4691 1804 4760 μετενόησε
1849 4691 1954 4762 γάρ

384 4785 611 4847 εκαστος
638 4785 744 4842 ἀπὸ
769 4785 868 4853 τῆς
887 4782 1008 4836 ὁδοῦ
1035 4780 1200 4836 αὐτοῦ
1221 4781 1317 4850 τῆς
1340 4782 1602 4852 πονηρᾶς.
1633 4781 1742 4834 Καὶ
1769 4781 1956 4846 σώζων

385 4878 442 4934 ὅτε
469 4877 663 4940 αὐτοὺς
693 4877 899 4944 ἔλεγεν,
928 4877 1013 4930 ὅτι
1049 4877 1170 4928 Οὐκ
1205 4874 1482 4943 ἔγνωσαν
1519 4873 1730 4937 δεξιὰν
1760 4873 1798 4943 ἢ
1827 4875 1956 4944 ἀρι-

385 4968 626 5036 στεράν.
667 4968 826 5020 Ὅθεν
855 4968 1034 5040 δῆλον,
1063 4968 1144 5019 ὅτι
1178 4967 1272 5019 καὶ
1319 4966 1387 5020 τά
1430 4966 1674 5037 πρότερα
1720 4963 1782 5032 ἐξ
1824 4968 1957 5034 ἀφε-

385 5059 533 5122 λείας
574 5059 771 5130 μᾶλλον
809 5060 1052 5126 ἐπταιον,
1084 5061 1118 5131 ἢ
1153 5060 1438 5132 πονηρίας·
1469 5059 1564 5112 καὶ
1592 5058 1772 5129 δῆλον,
1800 5060 1858 5125 ἐξ
1879 5051 1956 5112 ὧν

389 5146 797 5220 μετεϐάλλοντο.
822 5147 1017 5217 ὀλίγων
1043 5150 1301 5222 ῥημάτων
1329 5151 1682 5207 ἀκούσαντες.
1715 5149 1778 5201 Εἰ
1803 5149 1860 5201 δέ
1897 5151 1956 5203 τὸ

383 5237 589 5294 δώδεκα
624 5239 888 5308 μυριάδας
917 5235 1056 5292 εἷναι
1105 5240 1262 5308 μόνον
1305 5239 1525 5310 ἴσχυσεν
1569 5241 1648 5301 είς
1685 5239 1745 5292 τὸ
1785 5239 1956 5292 σῶσαι

383 5330 602 5394 αὐτοὺς,
634 5329 685 5381 τί
715 5330 808 5382 καὶ
841 5329 948 5400 πρὸ
969 5330 1158 5383 τούτου
1184 5333 1379 5396 αὐτοὺς
1414 5333 1650 5404 σωθῆναι
1679 5331 1953 5400 ἐκώλυσε;

383 5421 495 5478 Καὶ
524 5421 669 5484 τίνος
697 5419 885 5473 ἕνεκεν
914 5420 1015 5473 οὐκ
1054 5415 1175 5472 εἷπε
1205 5422 1340 5491 πρὸς
1375 5424 1559 5486 αὐτὸν,
1603 5423 1746 5492 Ἐγὼ
1783 5424 1840 5476 δέ
1893 5425 1954 5476 οὐ

382 5513 642 5584 φείσομαι
671 5513 767 5584 τῆς
805 5513 1013 5578 πόλεως
1051 5513 1255 5583 ταύτης
1296 5515 1396 5584 τῆς
1439 5517 1580 5570 οὕτω
1629 5519 1958 5589 μεταϐαλλο-

443 5757 473 5795 ι
500 5756 612 5822 31.9.,
635 5759 718 5822 τήν
742 5755 1027 5806 Χαναναίαν.

1055 273 1111 327 S.
1147 270 1430 328 ιοιΝΝιε
1465 267 1950 326 (ιιιῐιγειοδτοιιι
1989 261 2308 322 ARCHIEP.
2349 255 2900 319 CONSTANTINOP.

3523 255 3632 318 598

2069 377 2273 446 μένης;
2325 373 2464 427 ἀλλὰ
2507 373 2606 435 τὰς
2663 370 2930 444 μυριάδας
2989 367 3268 438 παράγει;
3321 367 3416 419 Ἐκ
3480 379 3636 434 περι-

2065 467 2247 530 ουσίας
2301 467 2396 519 καὶ
2455 464 2612 517 τοῦτο
2663 461 2852 524 τιθείς.
2899 460 2972 512 Τὸ
3011 459 3109 530 μὲν
3147 459 3254 528 γὰρ
3285 453 3353 528 ἦν
3387 456 3568 525 δῆλον,
3595 459 3632 526 ή

2065 557 2361 630 μεταϐολή·
2410 557 2440 608 ὁ
2468 555 2526 607 δὲ.
2559 551 2788 625 ἀριθμὸς
2833 551 2928 610 καὶ
2974 552 3008 622 ή
3056 550 3302 619 ἀφέλεια,
3337 549 3506 618 ἄδηλα
3559 549 3634 618 τῷ

2064 653 2339 719 προφήτῃ.
2374 644 2645 698 Πάντοθεν
2673 643 2849 698 τοίνυν
2877 643 3072 705 αὐτοὺς
3102 639 3482 710 καταμαλάξαι
3511 639 3634 710 βού-

2064 739 2250 794 λεται·
2303 737 2477 809 ίσχύει
2536 737 2645 808 γὰρ
2713 736 2808 789 καὶ
2867 734 3102 806 πλῆθος,
3160 735 3290 786 ὅταν
3343 733 3438 786 καὶ
3503 734 3632 802 ἀρε-

2064 837 2130 905 τὴ
2166 829 2222 907 ᾖ.

2138 944 2286 1020 [454]
2331 944 2502 998 Τοῦτο
2542 943 2673 1012 γοῦν
2728 943 2823 996 καὶ
2859 940 3092 1012 ἀλλαχοῦ
3135 939 3288 1010 δηλοῖ
3329 939 3568 1006 λέγουσα
3603 940 3638 1008 ὴ

2063 1037 2273 1109 Γραφῄ·
2302 1037 2616 1106 Προσευχὴ
2645 1036 2714 1088 δὲ
2739 1031 2818 1105 ἦν
2839 1034 3092 1100 ἐκτενὴς
3111 1032 3234 1088 ὑπὸ
3262 1031 3376 1100 τῆς
3401 1033 3640 1098 Ἐκκλη-

2063 1134 2206 1198 σίας
2255 1129 2407 1198 πρὸς
2443 1129 2550 1183 τὸν
2593 1129 2740 1182 Θεὸν
2770 1127 3048 1196 γινομένη
3099 1121 3250 1192 ὑπὲρ
3285 1122 3510 1176 αὑτοῦ·
3545 1121 3641 1176 καίΙ

2063 1221 2314 1274 τοσοῦτον
2347 1219 2590 1291 ἴσχυσεν,
2613 1219 2710 1282 ὡς,
2743 1216 3144 1286 κεκλεισμένων
3171 1215 3278 1266 τῶν
3307 1213 3512 1284 θυρῶν,
3544 1213 3640 1268 καὶ

2063 1312 2307 1366 ἁλύσεων
2327 1310 2710 1382 ἐπικειμένων,
2730 1311 2824 1362 καὶ
2843 1309 3096 1376 φυλάκων
3112 1305 3456 1378 ἑκατέρωθεν
3471 1321 3644 1374 παρα-

2065 1404 2453 1470 καθευδόντων,
2490 1401 2779 1472 ἐξαγαγεῖν
2810 1401 2900 1454 τὸν
2929 1399 3252 1454 Ἀπόστολον
3276 1399 3370 1452 καὶ
3397 1397 3646 1451 ἀπαλλάο

2064 1499 2153 1568 ξαι
2205 1497 2424 1551 πάντων
2473 1494 2716 1550 ἐκείνων.
2756 1493 2896 1546 Ἀλλ’
2938 1493 3147 1564 ὥσπερ,
3197 1491 3398 1561 ἀρετῆς
3450 1487 3640 1559 οὔσης,

2066 1591 2209 1660 μέγα
2235 1589 2478 1642 δύναται·
2508 1585 2674 1649 οὕτω,
2705 1587 2906 1649 κακίας
2931 1585 3118 1656 οὐσης,
3143 1585 3294 1636 οὐδὲν
3326 1583 3540 1652 ὀνίνησι
3579 1582 3640 1634 τὸ

2064 1681 2288 1752 πλῆθος.
2323 1680 2430 1732 Καὶ
2458 1679 2567 1750 γάρ
2608 1680 2656 1732 οἱ
2695 1677 3046 1748 Ἰσραηλῖται,
3081 1675 3209 1745 περὶ
3242 1669 3316 1728 ὧν
3343 1691 3534 1743 φησιν,
3559 1675 3642 1727 ὅτι

2061 1773 2090 1827 ό
2121 1772 2351 1846 ἀριθμὸς
2376 1772 2554 1825 αὐτῶν
2577 1767 2646 1842 ἦν
2673 1769 2746 1834 ὡς
2774 1771 2806 1840 ἡ
2839 1769 3020 1839 ἄμμος
3049 1769 3150 1838 τῆς
3179 1768 3478 1835 θαλάσσης,
3503 1766 3644 1820 πάν-

2063 1879 2154 1926 τες
2182 1861 2478 1918 ἀπώλοντο·
2505 1861 2598 1914 καὶ
2643 1861 2690 1914 οι
2725 1859 2816 1912 ἐπὶ
2853 1858 2977 1911 Νῶε
3005 1857 3062 1910 δὲ
3089 1857 3272 1910 πολλοὶ
3299 1857 3395 1909 καὶ
3420 1856 3642 1926 ἄπειροι

2062 1947 2224 2024 ἦσαν,
2272 1951 2370 2003 καὶ
2430 1949 2581 2002 οὐδὲν
2634 1949 2830 2010 αὐτοὺς
2866 1945 3021 2000 τοῦτο
3055 1945 3230 2017 ῶνησε
3257 1963 3271 1976 ·
3315 1945 3442 1999 καθ’
3482 1943 3644 1998 ἑαυτὸ

2064 2043 2172 2114 γάρ
2200 2043 2349 2094 οὐδὲν
2372 2041 2594 2094 δύναται
2623 2040 2846 2109 πλῆθος,
2874 2040 2986 2092 ἀλλ’
3018 2042 3075 2092 ἐν
3111 2037 3434 2110 προσθήκης
3459 2040 3636 2109 μέρει.

2063 2133 2461 2204 Σπουδάζωμεν
2487 2129 2579 2186 οὖν
2605 2131 2844 2184 συνιέναι
2875 2133 2932 2184 ἐν
2966 2133 3086 2194 ταῖς
3115 2131 3350 2199 δεήσεσι,
3381 2133 3475 2182 καὶ
3501 2130 3644 2200 ὑπὲρ

2063 2227 2310 2295 ἀλλήλων
2341 2224 2650 2294 εὐχώμεθα,
2685 2222 2934 2292 καθάπερ
2984 2223 3126 2292 ὑπὲρ
3172 2220 3281 2274 τῶν
3321 2221 3642 2274 ἀποστόλων

2063 2321 2282 2372 ἐκεῖνοι.
2317 2319 2428 2371 Καὶ
2453 2318 2562 2388 γάρ
2582 2315 2800 2386 ἐντολὴν
2825 2314 3033 2386 πληροῦ
3042 2331 3163 2384 μεν,
3193 2315 3288 2366 καὶ
3315 2314 3396 2375 είς
3419 2313 3642 2382 ἀγάπην

2063 2409 2417 2481 ἁλειφόμεθα·
2461 2410 2591 2468 ὅταν
2637 2408 2694 2462 δὲ
2735 2406 2959 2478 ἀγάπην
2991 2405 3148 2470 εἴπω,
3187 2405 3362 2464 πάντα
3397 2403 3544 2471 λέγω
3571 2404 3644 2456 τά

2063 2502 2263 2571 ἀγαθά·
2298 2501 2390 2554 καὶ
2421 2501 2762 2570 εὐχαριστεῖν
2802 2498 3219 2567 σπουδαιότερον
3253 2495 3642 2568 μανθάνωμεν.

2065 2596 2128 2648 Οἱ
2167 2593 2275 2663 γὰρ
2307 2591 2448 2662 ὑπὲρ
2480 2589 2588 2642 τῶν
2623 2589 2919 2658 ἀλλοτρίων
2953 2587 3423 2658 εὐχαριστοῦντες,

2067 2687 2266 2758 μᾶλλον
2296 2685 2433 2755 ὑπὲρ
2455 2682 2562 2735 τῶν
2597 2682 2764 2736 ἰδίων.
2787 2679 2958 2740 Τοῦτο
2984 2680 3076 2732 καὶ
3109 2681 3136 2732 ό
3165 2679 3328 2731 Δαυῗὸ
3353 2680 3530 2732 ἐποίει
3555 2679 3644 2732 λέ-

2063 2763 2196 2848 γων·
2255 2777 2644 2846 Μεγανῖύνατε
2698 2774 2808 2826 τὸν
2861 2774 3084 2835 Κύριον
3139 2771 3262 2824 σὺν
3317 2770 3474 2838 ἐμοὶ,
3547 2771 3646 2824 καί

2065 2869 2403 2940 ὑψώσωμεν
2453 2865 2515 2918 τὸ
2571 2865 2758 2932 ὄνομα
2805 2861 2989 2918 αὐτοῦ
3030 2860 3127 2914 ἐπὶ
3169 2861 3234 2912 τὸ
3267 2861 3448 2913 αὐτό·
3489 2860 3648 2912 τοῦτο

2067 2963 2162 3020 καὶ
2201 2961 2228 3013 ὁ
2267 2955 2588 3020 Ἀπόστολος
2621 2949 2896 3024 πανταχοῦ
2927 2951 3099 3022 ζητεῖ·
3145 2949 3304 3010 τοῦτο
3353 2949 3453 3002 καὶ
3481 2949 3646 3021 ἡμεῖς

2067 3048 2451 3124 ἐργαζώμεθα,
2487 3045 2581 3099 καὶ
2627 3048 2705 3109 είς
2749 3045 2958 3107 πάντας
2995 3043 3088 3096 τοῦ
3117 3041 3253 3102 Θεοῦ
3283 3041 3382 3112 τὴν
3415 3041 3646 3111 εὐεργε-

2069 3141 2190 3194 σίαν
2231 3137 2572 3207 ὲκφέρωμεν,
2605 3135 2692 3188 ἵνα
2720 3135 3008 3193 κοινωνοὺς
3040 3131 3293 3202 λάϐωμεν
3332 3131 3436 3200 τῆς
3479 3131 3649 3200 εὐφη-

2071 3232 2218 3301 μίας.
2261 3229 2323 3281 Εί
2373 3227 2484 3298 γὰρ
2522 3225 2673 3296 παρά
2709 3225 3010 3298 ἀνθρώπων
3043 3241 3094 3276 τι
3123 3222 3384 3284 παθόντες
3417 3220 3646 3290 ἀγαθὸν,

2067 3325 2195 3380 ὅταν
2236 3319 2690 3390 ἁνακηρύξωμεν,
2738 3313 3177 3388 προθυμοτέρους
3218 3314 3416 3376 αὐτοὺς
3461 3311 3652 3366 ποιοῦ-

2071 3431 2190 3488 μεν·
2223 3411 2408 3483 πολλῷ
2449 3411 2649 3483 μᾶλλον
2679 3409 2774 3463 τοῦ
2801 3407 2938 3462 Θεοῦ
2963 3407 3062 3471 τάς
3097 3406 3420 3478 εὐεργεσίας
3448 3408 3654 3475 ἀναγο-

2069 3507 2341 3580 ρεύοντες,
2384 3507 2464 3568 είς
2503 3503 2723 3557 πλείονα
2755 3500 2916 3554 αὐτὸν
2952 3499 3370 3569 ἐπισπασόμεθα
3403 3497 3647 3552 εὔνοιαν.

2067 3601 2180 3654 Καὶ
2211 3601 2259 3651 εἰ
2301 3597 2452 3667 παρά
2475 3595 2778 3666 ἀνθρώπων
2805 3591 3276 3664 εὐεργετηθέντες,
3323 3593 3423 3645 καὶ
3451 3593 3652 3656 ἄλλους

2067 3691 2411 3761 διεγείρομεν
2459 3689 2541 3750 είς
2603 3685 2703 3756 τὴν
2765 3684 3050 3738 κοινωνίαν
3109 3683 3210 3753 τῆς
3265 3683 3648 3755 εὐχαριστίας·

2068 3782 2250 3852 πολλῷ
2287 3781 2488 3852 μᾶλλον
2515 3778 2594 3848 τῷ
2626 3777 2744 3847 Θεῷ
2783 3776 3010 3840 πολλοὺς
3053 3775 3348 3846 προσάγειν
3377 3775 3488 3847 χρὴ
3523 3777 3652 3842 τοὺς

2069 3873 2209 3943 ὑπὲρ
2243 3869 2402 3942 ἡμῶν
2435 3869 2951 3943 εὐχαριστήσοντας.
2987 3866 3050 3918 Εἰ
3083 3867 3191 3936 γὰρ
3229 3865 3444 3928 Παῦλος
3489 3865 3654 3920 τοῦτο

2066 3967 2230 4028 ποιεῖ,
2263 3962 2536 4031 τοσαύτην
2565 3960 2704 4033 ἔχων
2733 3961 2831 4030 τὴν
2854 3957 3188 4030 παρρησίαν,
3216 3956 3400 4027 πολλῷ
3439 3958 3654 4028 μᾶλλον

2067 4060 2213 4129 ἡμᾶς
2238 4055 2534 4123 ἀναγκαῖον
2561 4050 2716 4104 τοῦτο
2743 4053 2937 4105 ποιεῖν.

2136 4190 2196 4237 ε’.
2229 4179 2644 4253 Παρακαλῶμεν
2659 4178 2836 4232 τοίνυν
2853 4177 2981 4242 τοὺς
3006 4177 3196 4246 ἁγίους
3217 4178 3358 4248 ὑπὲρ
3377 4179 3410 4247 ἡ
3418 4177 3540 4248 μῶν
3561 4180 3654 4232 εὐ-

2065 4275 2346 4346 χαριστεῖν
2365 4313 2382 4337 ,
2421 4272 2516 4326 καὶ
2544 4265 2700 4324 αὐτοὶ
2739 4270 2878 4342 ὑπὲρ
2905 4269 3150 4340 ἀλλήλων
3181 4269 3340 4323 τοῦτο
3371 4270 3648 4340 ποιῶμεν.

2065 4368 2238 4424 Τοῦτο
2259 4365 2451 4438 ἱερέων
2480 4365 2718 4434 μάλιστά
2745 4366 2860 4416 ἐστι
2889 4363 3240 4434 κατόρθωμα,
3265 4362 3454 4433 ἐπειδὴ
3485 4362 3652 4432 μέγι-

2066 4477 2190 4513 στον
2219 4458 2446 4528 ἀγαθόν.
2475 4458 2800 4529 Προσιόντες
2822 4459 2952 4528 γὰρ,
2983 4455 3248 4526 πρότερον
3275 4454 3418 4524 ὑπὲρ
3439 4455 3546 4524 τῆς
3571 4457 3652 4508 οε-

2064 4550 2339 4620 κουμένης
2371 4549 2467 4602 καὶ
2491 4548 2599 4600 τῶν
2623 4545 2816 4600 κοινῶν
2839 4543 3270 4615 εὐχαριστοῦμεν
3299 4541 3550 4610 ἀγαθῶν.
3583 4545 3650 4598 Εἰ

2064 4641 2174 4712 γάρ
2203 4641 2296 4694 καὶ
2329 4639 2510 4693 κοιναὶ
2537 4638 2594 4692 αὶ
2627 4637 2936 4709 εὐεργεσίαι
2964 4636 3060 4690 τοῦ
3093 4633 3250 4696 Θεοῦ,
3287 4633 3426 4686 ἀλλά
3452 4635 3554 4687 καὶ
3582 4635 3648 4687 σύ

2063 4737 2119 4786 ἐν
2147 4733 2226 4802 τῷ
2246 4731 2412 4802 κοινῷ
2437 4729 2668 4800 ἐσώθης.
2697 4729 2856 4782 Ὥστε
2885 4728 2978 4780 καὶ
3001 4728 3142 4795 ὑπὲρ
3161 4726 3260 4795 τῆς
3293 4726 3430 4789 ἰδίας
3455 4727 3650 4797 κοινὴν

2063 4825 2302 4896 ὀψείλεις
2332 4825 2492 4898 χάριν
2513 4863 2526 4887 ,
2561 4823 2655 4876 καὶ
2687 4820 2828 4892 ὑπὲρ
2856 4820 2956 4890 τῆς
2993 4819 3178 4888 κοινῆς
3214 4817 3526 4882 ἰδιάζουσαν
3563 4819 3648 4871 δί-

2065 4936 2219 4982 καιος
2239 4919 2306 4972 ἂν
2333 4917 2451 4986 εἴης
2476 4915 2764 4985 ἀναφέρειν
2791 4911 3088 4983 εὐφημίαν.
3115 4912 3222 4964 Καὶ
3244 4911 3352 4982 γάρ
3377 4911 3468 4962 τὸν
3490 4912 3650 4982 ἥλιον

2064 5011 2268 5080 ἀνῆψεν
2298 5011 2358 5062 οὐ
2401 5009 2486 5062 σοι
2521 5009 2688 5080 μόνῳ.
2722 5005 2860 5058 ἀλλά
2888 5005 2983 5058 καὶ
3013 5002 3091 5074 τῷ
3127 5003 3310 5072 κοινῷ·
3345 5001 3459 5054 ἀλλ’
3491 5005 3646 5073 ὅμως

2065 5107 2122 5158 ὲν
2152 5105 2229 5174 τῷ
2264 5104 2419 5175 μέρει
2447 5103 2508 5156 τὸ
2537 5102 2657 5154 ὅλον
2701 5099 2845 5168 ἔχεις
2864 5116 2877 5128 ·
2906 5097 3002 5152 καλ⁵
3033 5098 3138 5168 γάρ
3164 5094 3416 5158 τοσοῦτος
3447 5096 3646 5163 γέγονε

2063 5195 2152 5254 διὰ
2176 5195 2238 5248 τὸ
2265 5193 2464 5246 κοινόν·
2495 5193 2584 5246 καὶ
2613 5192 2744 5263 ὁρᾷς
2775 5191 2838 5242 σὺ
2868 5189 3027 5260 μόνος
3055 5186 3328 5250 τοσοῦτον,
3351 5188 3474 5238 ὅσον
3501 5183 3646 5238 εἶδον

2066 5289 2268 5350 πάντες
2322 5285 2622 5356 ἄνθρωποι.
2659 5286 2821 5336 Ὥστε
2849 5283 3115 5350 τοσαύτην
3147 5279 3382 5348 ὀφείλεις
3415 5281 3644 5350 εὐχαρι-

2067 5380 2241 5440 στίαν,
2257 5381 2389 5450 ὅσην
2412 5379 2670 5441 ἅπαντες·
2690 5377 2784 5430 καὶ
2799 5377 2937 5446 ὑπὲρ
2957 5375 3064 5428 τῶν
3085 5373 3278 5428 κοινῶν
3299 5373 3644 5441 εὐχαριστεῖν

2065 5471 2132 5526 ἂν
2159 5473 2277 5542 εἴης
2301 5471 2526 5533 δίκαιος,
2559 5469 2654 5522 καὶ¹
2681 5469 2817 5538 ὑπὲρ
2852 5467 2950 5536 τῆς
2975 5465 3177 5536 ἑτέρων
3205 5463 3425 5534 ἀρετῆς.
3461 5459 3644 5512 Πολλά

2065 5563 2172 5632 γάρ
2210 5563 2305 5616 καὶ
2347 5563 2413 5616 δι’
2461 5562 2651 5625 ἀλλους
2695 5561 2978 5630 πάσχομεν
3023 5557 3226 5618 καλῶς.
3275 5555 3388 5607 Καὶ
3434 5553 3540 5625 γάρ
3591 5553 3642 5603 εί

2064 5655 2198 5708 δέκα
2247 5653 2404 5721 μόνον
2449 5655 2508 5706 ἐν
2541 5653 2794 5722 Σοδόμοις
2831 5650 3138 5721 εὑρέθησαν
3165 5647 3393 5705 δίκαιοι,
3435 5645 3536 5698 οὐκ
3575 5639 3644 5695 ἄν

2069 5745 2312 5814 ἔπαθον,
2357 5745 2518 5827 μὸἒίἶ.
2549 5746 2691 5816 άπερ
2739 5745 2956 5798 ἔπαθον.
2998 5743 3158 5794 Ὥστε
3214 5739 3308 5793 καὶ
3357 5735 3496 5812 ὑπὲρ
3541 5733 3656 5808 τῆς
