3712 6212
113 227 132 280 l
988 219 1055 276 ΙΝ
1092 220 1303 278 EPIST.
1346 220 1386 277 ll
1451 216 1542 273 AD
1578 218 1734 275 COR.
1778 220 2007 277 llOMlL.
2049 223 2115 282 il.

113 348 161 392 ὀι
187 354 199 390 :
224 334 455 392 ostendens
478 334 750 399 videlicet,
782 333 832 388 id
856 334 953 403 ipsi
966 349 1177 404 quoque
1200 348 1356 404 quam
1384 348 1506 403 gra-

113 431 249 482 simum
287 442 399 482 esse.
440 426 563 481 Nam
607 426 694 495 qui
747 425 863 479 lucc
892 424 1114 479 aliorum
1143 440 1301 479 causa
1332 410 1531 478 facere

114 518 354 581 [sueverinn
378 517 527 571 multo
553 532 681 570 sane
701 516 866 585 magis
894 526 1117 585 utraque
1144 513 1259 569 bare
1286 515 1383 582 ipsi
1412 528 1504 566 sua

116 627 162 663 sa
189 610 432 679 prastaturi
455 616 590 661 sunt.
617 607 919 675 Quinetiam
947 622 1042 661 eos
1066 606 1131 660 ad
1156 605 1506 659 humilitatem

113 701 189 762 ilit,
213 709 341 770 atque
364 699 417 753 ad
443 698 815 755 ferventiorem
861 698 1137 750 caritatem
1179 696 1343 752 ducit.
1374 696 1505 751 Nam

114 794 253 861 tipse,
281 792 355 861 qui
380 800 446 844 tot
471 790 706 859 partibus
727 789 1006 843 sublimior
1031 788 1134 843 illis
1157 797 1293 855 erat,
1319 803 1506 843 eorum

114 886 229 937 :ihus
264 884 453 938 salutem
497 898 553 937 se
600 891 985 950 consequutum
1009 895 1128 934 esse
1152 921 1168 945 ,
1201 896 1262 934 ac
1292 889 1509 950 pr0pter

114 993 217 1031 trum
237 976 470 1030 orationes
491 974 801 1029 beneficium
828 974 1101 1043 accepisse
1142 972 1283 1026 dicat
1306 1014 1320 1036 ,
1348 973 1506 1027 velim

114 1086 164 1123 tm
188 1078 383 1137 reputes.
408 1081 503 1137 quo
528 1080 620 1119 eos
638 1065 816 1118 animo
836 1079 1103 1134 quamque
1126 1063 1368 1119 modesto
1388 1078 1509 1118 esse

113 1159 267 1212 rtebat.
315 1158 430 1225 Quin
485 1156 611 1210 illud
658 1172 869 1225 quoque
921 1154 1309 1220 animadverte,
1365 1155 1508 1225 quod

114 1254 187 1305 nsi
216 1253 333 1306 Deus
367 1249 715 1305 misericordia
761 1258 1038 1319 permotus
1084 1248 1284 1317 aliquid
1328 1246 1506 1314 faciat,

114 1360 160 1397 an
186 1344 258 1397 hic
284 1357 467 1411 quoque
502 1342 738 1410 precatio
764 1341 985 1395 multum
1017 1340 1309 1410 adiumenti
1334 1339 1505 1394 affert.

114 1438 185 1489 lim
207 1437 250 1489 in
275 1436 503 1505 principio
522 1434 744 1488 salutem
776 1449 925 1487 suam
955 1433 1047 1488 Dei
1076 1431 1509 1487 miserationibus

114 1540 236 1598 ptaui
263 1528 442 1592 retulit;
486 1527 620 1581 Deus
665 1529 806 1581 enim
855 1526 1268 1591 miserationum,
1317 1525 1505 1595 inquit,

114 1622 284 1691 rripuit;
306 1620 380 1674 hic
414 1627 584 1673 autem
614 1619 854 1672 eamdem
887 1619 1121 1687 ipsorum
1149 1632 1360 1687 quoque
1388 1632 1509 1686 pre—

113 1726 125 1764 ;
165 1710 430 1780 adscripsit.
461 1708 590 1763 Nam
639 1709 798 1763 etiam
830 1709 1000 1770 illum,
1044 1708 1133 1779 qui
1186 1710 1507 1762 talentorum

113 1819 156 1857 m
187 1803 331 1857 millia
358 1801 593 1860 debebat.
626 1809 901 1870 postquam
926 1800 990 1853 ad
1025 1800 1190 1869 ipsius
1229 1799 1389 1868 pedes
1416 1812 1508 1853 ac-

114 1907 231 1961 sset,
262 1898 519 1948 miseratus
559 1901 642 1947 est
670 1908 683 1945 :
712 1901 766 1946 et
795 1901 973 1947 tamen
998 1891 1193 1946 dictum
1221 1902 1324 1956 est,
1356 1889 1510 1943 Mise-

113 1988 181 2038 lia
225 1994 372 2038 motus
411 1985 593 2037 dimisit
622 2000 755 2037 eum.
796 1985 969 2053 Atque
1015 1983 1143 2037 item
1192 1982 1508 2036 Cbananacte

114 2079 313 2132 multam
342 2076 473 2130 illam
506 2075 871 2129 assiduitatem
913 2089 974 2127 ac
1006 2074 1365 2131 tolerantiam.
1397 2081 1506 2125 tum

113 2185 186 2240 [ne
228 2168 336 2221 ﬁliae
384 2168 604 2222 salutem
657 2166 923 2220 concessit
971 2164 1186 2235 (Matth.
1237 2165 1323 2219 l5.
1372 2163 1505 2234 28):

121 2262 167 2317 si
192 2262 373 2327 alioqui
415 2258 777 2313 misericordia
820 2258 1008 2312 ductus
1043 2258 1143 2327 ipsi
1179 2258 1400 2312 salutem
1428 2267 1512 2311 at-

119 2367 155 2411 t.
180 2356 250 2409 Ex
277 2369 374 2424 quo
398 2353 642 2407 nimirum
673 2352 948 2416 discimus,
977 2352 1220 2421 quamvis
1250 2353 1391 2406 Deus
1419 2350 1511 2403 mi-

113 2450 286 2503 ιι-ίίἱειηι
328 2463 443 2517 erga
487 2463 585 2501 nos
627 2446 959 2501 adhibiturus
1003 2446 1104 2511 sit,
1134 2447 1288 2500 nobis
1332 2455 1507 2501 tamen

114 2544 259 2612 prius
288 2539 576 2594 faciendum
621 2553 761 2601 esse,
805 2548 862 2592 ut
904 2537 1271 2593 misericordia
1320 2538 1508 2609 dignos

113 2648 195 2686 sos
224 2641 544 2702 praestemus.
573 2629 827 2699 Quamvis
854 2631 995 2685 enim
1024 2629 1385 2684 misericordia
1417 2630 1505 2696 sit,

113 2740 135 2778 s
168 2733 335 2778 tamen
365 2722 585 2793 requirit
630 2740 642 2776 :
692 2737 795 2776 non
825 2722 964 2776 enim
999 2731 1199 2776 temere
1237 2722 1510 2791 quibusvis

113 2816 204 2882 ;it,
267 2815 421 2870 etiam
477 2824 695 2883 stupore
747 2813 1112 2867 laborantibus
1158 2829 1173 2865 :
1233 2812 1513 2867 Miserebor

113 2948 121 2969 ,
184 2906 349 2974 inquit
377 2946 391 2968 ,
437 2905 583 2973 cujus
639 2902 946 2965 miserebor;
1001 2912 1050 2955 et
1116 2902 1510 2956 misericordiam

113 2996 184 3049 δὺο
213 2998 275 3059 ei,
304 2997 383 3048 cui
413 2994 682 3048 miserebor
721 2993 913 3065 (Exod.
941 2995 1030 3048 55.
1059 2994 1171 3062 l9).
1211 2993 1340 3049 Vide
1365 2994 1512 3062 quip-

113 3090 286 3143 idnam
319 3089 404 3144 hic
431 3103 641 3158 quoque
669 3088 812 3141 dicat
844 3104 857 3140 :
888 3086 1255 3151 Adiuvantibus
1302 3097 1349 3141 et
1374 3088 1511 3141 vobis

114 3186 257 3236 ‘ione.
301 3180 434 3236 Nam
468 3196 567 3236 nec
600 3190 769 3235 totum
798 3181 928 3251 ipsis
960 3180 1173 3245 tribuit,
1219 3194 1285 3234 ne
1322 3193 1510 3235 eorum

113 3294 132 3330 ς
159 3276 379 3341 efferat;
410 3290 510 3331 nec
540 3290 722 3330 rursus
751 3289 845 3331 eos
868 3273 1014 3329 omni
1051 3291 1117 3328 ex
1144 3282 1295 3343 parte
1322 3274 1389 3328 ab
1412 3274 1511 3327 hu.

114 3371 271 3426 telicii
298 3370 458 3425 laude
485 3370 775 3432 submovit,
803 3379 860 3425 ut
880 3383 973 3425 eos
994 3367 1179 3423 incitet
1198 3366 1511 3423 alacriores-

113 3462 271 3527 iiciat,
306 3473 470 3533 atque
501 3463 642 3517 inter
663 3476 720 3516 se
744 3462 1030 3517 devinciat.
1061 3459 1215 3516 Unde
1240 3461 1400 3515 etiam
1428 3460 1509 3515 di-

130 3556 381 3612 Salutem
426 3570 599 3611 meam
643 3554 795 3610 vobis
834 3553 1071 3609 donavit.
1102 3554 1234 3608 Nam
1271 3570 1510 3625 perszepe

113 3665 124 3699 ε
156 3647 304 3700 Deus
325 3646 483 3716 quasi
516 3646 720 3715 pudore
762 3656 1148 3711 commovetur,
1176 3661 1296 3700 cum
1325 3644 1513 3700 multi-

114 3754 153 3790 ιι
200 3737 271 3791 ad
323 3738 690 3807 precationem
737 3737 1055 3791 concordem
1104 3747 1264 3807 atque
1291 3737 1511 3807 conspi-

138 3829 320 3883 cernit
353 3846 369 3883 :
402 3829 632 3899 ideoque
655 3828 925 3898 prOpheta:
947 3827 1180 3894 dicebat,
1207 3830 1318 3901 Ego
1342 3840 1511 3884 autem

114 3938 255 3974 rcam
301 3921 430 3974 huic
478 3921 666 3973 civitati
690 3963 703 3985 ,
733 3922 785 3975 in
822 3938 922 3991 qua
951 3921 1177 3975 habitant
1205 3923 1321 3992 plus
1358 3938 1511 3991 quam

130 4013 322 4083 viginti
367 4012 536 4066 millia
566 4012 826 4066 hominum
848 4011 1020 4080 (Jonas
1054 4012 1109 4069 4.
1141 4013 1252 4083 ll).
1285 4012 1505 4079 Deinde,

113 4122 152 4157 :s
181 4104 360 4158 Deum
392 4103 463 4157 ob
493 4103 884 4158 multitudinem
917 4104 1189 4157 dumtaxat
1214 4104 1280 4158 ad
1302 4106 1510 4160 miseri-

114 4211 133 4247 t
175 4194 422 4261 inflecti,
458 4194 542 4249 his
568 4195 744 4249 verbis
768 4196 935 4248 utitur
962 4210 976 4247 :
1006 4192 1067 4249 Si
1096 4197 1244 4266 fuerit
1270 4214 1509 4251 numerus

113 4296 402 4354 tamquam
457 4303 614 4340 arena
660 4287 815 4339 maris
838 4327 853 4349 ,
912 4286 1138 4356 reliquiae
1187 4288 1339 4341 salva:
1390 4291 1510 4353 ﬁent

113 4378 164 4431 Ο.
190 4376 320 4449 22).
355 4376 462 4445 Qui
496 4376 690 4431 factum
717 4387 797 4431 est
821 4377 999 4448 igitur,
1034 4389 1088 4430 ut
1112 4376 1370 4432 Ninivitas
1395 4395 1509 4434 ser-

113 4470 321 4540 iempe
364 4472 497 4541 quia
543 4486 646 4524 non
696 4471 979 4525 multitudo
1022 4472 1192 4525 solum
1239 4482 1374 4538 erat,
1413 4473 1504 4527 sed

114 4562 179 4617 io
217 4566 439 4618 virtute
470 4563 692 4633 praedita
724 4581 736 4617 :
766 4564 1131 4634 paenitentiam
1169 4564 1311 4619 enim
1343 4581 1508 4620 unus-

129 4654 276 4723 egit,
317 4664 377 4707 et
414 4669 444 4706 a
476 4656 558 4707 via
583 4669 675 4707 sua
700 4667 859 4723 prava
886 4654 1125 4708 recessit.
1152 4655 1326 4725 Atque
1346 4655 1506 4710 etiam

113 4761 185 4797 rm
239 4746 495 4799 salutem
542 4745 671 4813 ipsis
714 4745 951 4809 afferret,
984 4744 1162 4799 aiebat
1202 4764 1215 4799 :
1261 4745 1507 4800 Nesciunt

162 4838 318 4889 inter
374 4836 618 4890 dextram
660 4846 707 4890 et
744 4838 1002 4890 sinistram
1032 4835 1178 4903 (Jon.
1222 4837 1257 4890 Ι.
1303 4836 1397 4909 c.).
1426 4836 1505 4892 Ex

113 4929 381 4995 spicuum
409 4936 519 4990 est,
545 4942 639 4981 eos
661 4928 712 4981 in
733 4928 907 4996 priora
932 4936 1148 4995 peccata
1166 4927 1506 4997 simplicitate

119 5035 262 5073 nam
289 5021 480 5073 animi
505 5021 852 5090 perversitate
893 5020 1069 5089 lapsos
1112 5021 1313 5075 fuisse:
1344 5021 1505 5089 idque

114 5121 312 5177 nstat,
341 5113 501 5182 quod
524 5114 705 5181 paucis
728 5114 902 5167 verbis
924 5114 1119 5167 auditis
1138 5114 1201 5168 ad
1226 5115 1500 5169 meliorem

123 5221 197 5259 se
235 5215 611 5275 receperunt.
642 5206 793 5273 Quod
815 5208 857 5259 si
888 5207 952 5260 ad
978 5222 1070 5261 eos
1091 5209 1382 5262 servandos
1404 5212 1503 5265 hoc

120 5312 228 5350 um
262 5296 595 5359 habuisset,
618 5297 760 5367 quod
785 5306 994 5352 centum
1024 5299 1202 5367 viginti
1229 5300 1501 5356 hOminum

113 5398 271 5453 rant,
331 5391 608 5459 quidnam
660 5391 806 5459 prius
853 5406 1063 5460 quoque
1118 5392 1495 5460 prohibuisset,

113 5490 264 5535 item
303 5482 795 5550 adipiscerentur?
823 5481 928 5536 Cur
956 5483 1111 5552 igitur
1138 5500 1241 5537 non
1267 5484 1399 5538 dixit
1425 5486 1496 5547 ei.

118 5588 181 5625 m
232 5587 364 5626 non
407 5588 629 5642 parcam
671 5573 866 5626 civitati
912 5572 1035 5627 huic
1072 5574 1142 5627 ita
1188 5575 1496 5641 immutatae,

113 5664 288 5723 niilia
326 5664 599 5734 profert?
626 5664 698 5720 Ex
728 5665 1014 5722 abundanti
1047 5666 1149 5725 hoc
1177 5666 1300 5728 facit
1332 5688 1345 5724 :
1379 5686 1498 5725 nam

3088 239 3195 305 398

1630 334 1855 387 mutatio
1890 335 2105 404 quidem
2148 337 2424 394 manifesta
2465 349 2598 403 erat,
2644 357 2898 398 numerus
2935 357 3111 402 autem
3142 360 3198 404 ct

1614 424 1928 491 simplicitas
1975 428 2171 481 civium
2199 431 2476 499 propheta:
2508 433 2683 502 ignota
2733 446 2903 489 erant.
2951 436 3196 510 Undique

1616 513 1776 582 igitur
1793 531 1978 570 eorum
1998 517 2199 572 animos
2220 518 2462 576 emollire
2484 522 2662 578 studet
2682 541 2695 576 :
2714 540 2835 579 nam
2855 536 2964 580 tum
2986 530 3195 583 virilms

1617 607 1778 676 pollet
1805 609 2106 674 multitudo,
2135 627 2255 665 cum
2282 612 2449 667 virtus
2476 613 2695 684 insuper
2719 618 2941 671 accedit.

1688 697 1945 754 Orationis
1974 703 2065 755 vis.
2088 732 2160 742 -—
2189 703 2299 758 Hoc
2337 705 2497 760 etiam
2526 706 2632 762 alio
2660 707 2778 763 loco
2814 708 3084 780 Scriptura
3113 713 3196 769 his

1614 791 1791 845 verbis
1822 790 2055 847 declarat
2084 811 2097 847 :
2124 792 2302 849 Oratio
2327 806 2496 850 autem
2522 798 2672 866 ﬁebat
2699 800 2808 854 sine
2832 802 3197 858 intermissione

1615 884 1677 936 ab
1711 882 1936 937 Ecclesia
1961 885 2029 938 ad
2057 884 2217 939 Deum
2244 904 2335 957 pro
2359 904 2418 943 eo
2449 889 2600 957 (Act.
2632 891 2716 945 l2.
2745 892 2815 961 5)
2842 910 2855 945 :
2888 903 3197 965 tantamque

1613 976 1721 1029 vim
1754 976 1954 1042 habuit,
1980 987 2036 1032 ut
2062 981 2303 1048 quamvis
2327 983 2488 1036 etiam
2520 982 2660 1037 fores
2690 985 2884 1039 clausa:
2912 996 3108 1050 essent,
3141 998 3197 1042 ct

1614 1078 1818 1123 catenae
1846 1071 2143 1140 apostolum
2169 1073 2509 1143 stringerent,
2542 1078 2897 1148 custodesque
2930 1080 3195 1151 utrimque

1614 1158 1679 1213 ad
1704 1161 1869 1229 ipsius
1900 1164 2036 1217 latus
2066 1165 2380 1232 dormirent,
2415 1184 2535 1222 eum
2565 1179 2738 1225 tamen
2767 1174 3009 1227 eduxerit
3036 1184 3196 1245 atque

1614 1268 1681 1308 ex
1699 1255 1945 1311 omnibus
1967 1256 2070 1310 illis
2091 1258 2486 1315 difficultatibus
2510 1263 2767 1318 liberat-it.
2790 1266 2986 1321 Verum
3011 1285 3198 1339 quem-

1615 1346 1925 1412 admodum,
1955 1351 1997 1403 si
2031 1352 2197 1406 virtus
2227 1354 2385 1420 adsit,
2415 1371 2658 1425 magnam
2688 1360 2793 1414 vim
2825 1360 2984 1415 habet
3009 1364 3196 1417 multi-

1615 1440 1744 1493 tudo
1776 1458 1790 1495 :
1820 1441 1887 1495 ita
1928 1442 1970 1496 si
2016 1445 2200 1499 vitium
2249 1446 2406 1509 adsit.
2460 1450 2654 1504 nullam
2701 1453 2979 1509 utilitatem
3020 1454 3192 1509 affert.

1615 1530 1889 1599 Siquidem
1938 1543 1991 1587 ot
2035 1535 2309 1598 lsraelitm.
2347 1555 2479 1611 quos
2516 1558 2693 1598 arente
2723 1548 2885 1599 maris
2914 1564 3193 1602 numerum

1614 1621 1924 1692 adaequasse
1952 1625 2220 1695 Scriptura
2254 1631 2417 1685 refert
2437 1675 2451 1696 ,
2483 1649 2670 1691 onmes
2702 1639 3005 1705 perierunt;
3038 1652 3197 1712 atque

1615 1714 1771 1768 etiam
1801 1725 2038 1786 tempore
2062 1718 2171 1773 Noe
2195 1724 2460 1789 permulti,
2485 1726 2591 1779 imo
2613 1728 2874 1785 innumeri
2900 1741 3073 1799 erant,
3098 1750 3197 1789 nec

1616 1816 1791 1862 tamen
1822 1824 1914 1863 eos
1943 1811 2225 1882 quidquam
2260 1813 2514 1885 hocjuvit
2538 1836 2550 1871 :
2576 1821 2685 1875 sola
2723 1824 2865 1877 enim
2912 1827 3196 1879 multitudo

1614 1900 1744 1955 nihil
1779 1912 1970 1971 potest,
1995 1919 2176 1959 verum
2202 1914 2309 1960 tum
2334 1909 2545 1963 demum
2577 1926 2695 1965 cum
2724 1917 3047 1971 acccsdonis
3079 1918 3198 1972 loco

1614 2003 1718 2046 est.
1770 1993 1963 2047 Demus
1994 1995 2149 2063 igitur
2176 2013 2426 2067 operam,
2460 2009 2515 2053 ut
2546 2001 2595 2054 in
2629 2004 2876 2071 precibus
2906 2021 3156 2061 coeamus
3176 2050 3193 2073 ,

1614 2084 1701 2137 alii
1732 2099 1828 2152 pro
1854 2085 1971 2139 aliis
2002 2102 2284 2156 precemur
2308 2132 2321 2155 ,
2356 2092 2799 2160 quemadmodum
2830 2096 2903 2149 illi
2937 2114 3033 2167 pro
3061 2115 3194 2169 apo-

1614 2175 1781 2229 stolis.
1815 2176 1902 2231 Sic
1927 2179 2067 2231 enim
2100 2189 2153 2233 et
2179 2182 2487 2236 mandatum
2515 2184 2817 2254 explemus.
2841 2197 2894 2242 et
2913 2188 2977 2242 ad
3005 2191 3198 2243 carita-

1617 2280 1721 2321 tem
1768 2269 2090 2325 incitamur:
2122 2287 2240 2325 cum
2290 2284 2466 2328 autem
2509 2277 2787 2332 caritatem
2831 2278 2984 2345 dico,
3015 2283 3194 2336 omnia

1613 2359 1749 2413 bona
1782 2358 1884 2414 hoc
1916 2363 2177 2418 vocabulo
2212 2366 2538 2436 complector
2569 2385 2582 2423 :
2616 2379 2775 2438 atque
2803 2371 2962 2425 etiam
2993 2373 3195 2443 majore

1612 2452 1791 2506 studio
1832 2454 2031 2523 gratias
2072 2471 2232 2525 agere
2273 2458 2561 2515 discamus.
2604 2461 2735 2517 Nam
2762 2465 2849 2534 qui
2881 2481 2976 2533 pro
3006 2466 3196 2521 alienis

1612 2544 1810 2613 gratias
1844 2545 1959 2600 Deo
1995 2558 2179 2618 agunt,
2206 2550 2375 2605 multo
2405 2553 2572 2622 magis
2613 2553 2663 2608 id
2706 2570 2800 2625 pro
2823 2558 2933 2612 suis
2971 2556 3191 2613 faciunt.

1612 2634 1725 2691 Hoc
1752 2638 1916 2694 David
1945 2656 2156 2712 quoque
2186 2643 2431 2712 facicbat,
2463 2662 2582 2701 cum
2613 2648 2835 2716 diceret,
2867 2651 3197 2724 Magniﬁcam

1615 2727 1889 2784 Dominum
1919 2750 2133 2800 mecum,
2156 2744 2203 2789 et
2227 2738 2504 2793 exaltemus
2529 2757 2706 2795 nomen
2734 2744 2844 2812 ejus
2883 2747 2934 2798 in
2971 2746 3195 2817 idipsum

1615 2819 1784 2889 (Psal.
1811 2823 1899 2879 53.
1927 2824 1983 2895 4)
2017 2842 2031 2880 :
2060 2826 2161 2881 boc
2186 2836 2240 2881 et
2266 2830 2538 2897 apostolus
2569 2832 2764 2901 passim
2786 2838 3025 2905 exposcit
3049 2856 3060 2889 :
3094 2838 3195 2894 hoc

1614 2928 1713 2967 nos
1739 2913 1862 2968 item
1892 2915 2163 2983 faciamus,
2198 2928 2356 2990 atque
2379 2922 2519 2989 apud
2548 2939 2734 2979 omnes
2761 2926 2854 2980 Dei
2877 2927 3192 2984 beneficium

1613 3004 1985 3074 przrdicemus.
2022 3016 2081 3062 ut
2119 3024 2211 3064 eos
2253 3009 2573 3067 laudationis
2620 3015 2795 3071 socios
2834 3033 3191 3075 assumamus.

1612 3096 1744 3151 Nam
1774 3098 1839 3162 si,
1871 3115 1993 3154 cum
2026 3101 2340 3157 beneficium
2369 3105 2583 3175 aliquod
2611 3107 2678 3163 ab
2710 3108 3013 3166 hominibus
3040 3128 3194 3168 acce-

1614 3195 1786 3263 pimus
1806 3203 1963 3264 atque
1985 3196 2035 3249 id
2052 3194 2401 3264 celebramus,
2418 3204 2771 3270 promptiores
2784 3221 2877 3260 eos
2895 3207 2959 3260 ad
2979 3207 3113 3263 bene
3126 3208 3194 3264 do

1611 3284 1768 3338 nobis
1794 3286 2109 3341 merendum
2142 3289 2414 3345 reddimus
2446 3308 2460 3346 :
2487 3295 2655 3348 multo
2681 3298 2868 3367 magis,
2903 3298 2993 3352 Dei
3025 3300 3192 3355 bene-

1611 3377 1731 3434 llcia
1762 3376 2135 3447 praedicantes,
2159 3381 2223 3434 ad
2256 3382 2511 3451 majorem
2552 3385 2977 3443 benevolentiam
3016 3391 3191 3459 ipsum

1612 3466 1963 3523 attrahemus.
1992 3471 2053 3524 Et
2080 3472 2146 3537 si,
2179 3487 2299 3526 cum
2328 3474 2644 3529 beneficium
2675 3478 2887 3547 aliquod
2917 3480 2985 3534 ab
3015 3480 3191 3536 homi-

1615 3558 1772 3613 nibus
1798 3562 2112 3631 consequuti
2142 3578 2325 3618 sumus
2346 3606 2362 3630 ,
2394 3565 2459 3619 ad
2490 3568 2688 3636 gratias
2714 3570 2993 3625 nobiscum
3023 3587 3190 3642 agen-

1612 3649 1709 3703 das
1739 3649 1873 3729 alios
1897 3652 2055 3705 etiam
2082 3654 2396 3720 excitamus,
2429 3658 2601 3712 multo
2630 3660 2869 3728 profecto
2900 3665 3065 3733 magis
3096 3679 3192 3718 no-

1612 3740 1694 3794 bis
1732 3740 2023 3795 curandum
2063 3753 2164 3810 est,
2194 3752 2251 3798 ut
2278 3746 2493 3814 multos,
2534 3749 2622 3819 qui
2661 3752 2861 3820 gratias
2900 3768 2996 3820 pro
3039 3755 3190 3810 nobis

1612 3841 1791 3901 agant,
1832 3831 1899 3885 ad
1945 3833 2111 3887 Deum
2156 3835 2521 3893 adhibeamus.
2568 3840 2807 3912 Cumque
2850 3844 3062 3908 Paulus,
3096 3851 3185 3916 qui
3254 3914 3265 3930 ‘

1615 3932 1812 3977 tantam
1858 3923 2100 3980 ﬁduciam
2147 3926 2440 3995 obtinebat,
2474 3930 2573 3986 hoc
2621 3934 2796 3999 faciat,
2832 3945 2977 3991 tanto
3019 3942 3187 4010 magis

1613 4013 1716 4069 hoc
1766 4029 1798 4069 a
1843 4016 1997 4070 nobis
2054 4017 2167 4071 fieri
2226 4034 2449 4076 necesse
2504 4032 2605 4075 est.

1684 4106 1738 4160 5.
1767 4102 2029 4168 Quocirca
2062 4112 2279 4158 sanctos
2315 4105 2463 4159 viros
2506 4106 2670 4159 etiam
2702 4114 2867 4175 atque
2890 4106 3051 4161 etiam
3082 4108 3183 4161 ob-

1615 4211 1910 4257 secremus,
1943 4204 2000 4247 ut
2029 4208 2128 4264 pro
2167 4195 2328 4249 nobis
2357 4196 2562 4264 gratias
2594 4205 2789 4265 agant,
2819 4207 2983 4265 atque
3014 4199 3177 4251 etiam

1612 4289 1712 4358 ipsi
1747 4303 1842 4357 pro
1867 4287 2023 4342 nobis
2052 4288 2154 4341 hoc
2178 4288 2408 4341 invicem
2447 4286 2733 4341 faciamus.
2775 4288 2921 4341 Istud
2951 4304 3182 4357 praeser-

1613 4381 1708 4433 tim
1752 4381 2091 4434 sacerdotum
2131 4394 2332 4433 munus
2361 4388 2463 4444 est,
2494 4389 2675 4449 utpote
2707 4381 2904 4434 bonum
2935 4380 3180 4433 omnium

1612 4474 2151 4543 praestantissimum.
2203 4473 2537 4528 Accedentes
2584 4474 2760 4535 enim,
2815 4474 3049 4541 primum
3084 4486 3186 4539 pro

1613 4568 1871 4621 universo
1889 4566 2021 4620 orbe
2036 4565 2526 4633 communibusque
2540 4562 2842 4618 commodis
2858 4563 3058 4632 gratias
3076 4561 3186 4630 agi.

1611 4674 1753 4713 mus.
1772 4658 1904 4712 Nam
1924 4657 2023 4712 etsi
2042 4657 2352 4711 communia
2370 4657 2458 4710 Dei
2477 4656 2735 4710 beneficia
2756 4668 2900 4719 sunt,
2924 4666 3100 4709 tamen
3125 4665 3188 4717 tit

1609 4762 1820 4818 quoque
1861 4749 1912 4803 in
1959 4750 2226 4804 communi
2257 4751 2482 4805 salutem
2506 4766 2567 4806 es
2596 4762 2975 4822 consequutus.
3006 4754 3189 4824 Itaque

1612 4847 1722 4893 tum
1737 4856 1833 4910 pro
1847 4844 1990 4911 priva
2001 4853 2048 4895 ta
2065 4851 2148 4895 tua
2162 4856 2502 4897 Communem
2513 4844 2799 4912 gratiarum
2812 4846 3071 4899 actionem
3095 4846 3185 4899 de!

1609 4931 1725 4997 bes,
1745 4942 1853 4986 tum
1876 4949 1970 5001 pro
1985 4935 2252 4988 communi
2273 4935 2533 5003 privatam
2557 4937 2663 4990 Deo
2684 4937 2891 4992 laudem
2913 4938 3005 4992 abs
3026 4948 3076 4992 te
3097 4939 3158 4999 of
3171 4964 3186 4988 σ

1610 5021 1735 5077 ferri
1759 5040 1967 5092 acquum
1993 5024 2170 5080 fuerit.
2195 5026 2404 5080 Etenim
2425 5027 2590 5082 solem
2614 5043 2719 5082 non
2744 5029 2835 5087 tibi
2866 5030 2957 5085 uni
2984 5045 3186 5085 accep-2

1609 5117 1705 5180 dit,
1721 5118 1814 5172 sed
1833 5119 1989 5172 etiam
2006 5120 2365 5173 communiter
2383 5120 2657 5187 omnibus;
2682 5130 2733 5176 et
2752 5129 2925 5178 tamen
2954 5124 3005 5178 in
3030 5133 3182 5194 parte

1608 5216 1777 5262 totum
1806 5208 1970 5263 habes
1997 5227 2009 5262 :
2042 5224 2162 5263 nam
2190 5210 2260 5263 ob
2278 5224 2616 5266 communem
2639 5213 2873 5269 omnium
2901 5215 3183 5271 utilitatem

1609 5309 1750 5354 tanta
1775 5301 2137 5371 magnitudine
2152 5313 2366 5358 creatus
2389 5315 2503 5370 cst;
2534 5315 2585 5358 tu
2607 5314 2781 5360 tamen
2804 5308 2951 5362 solus
2973 5319 3183 5373 tantum,

1607 5393 1778 5458 vides,
1810 5403 2062 5462 quantum
2102 5396 2331 5450 universi
2378 5400 2626 5454 mortales
2650 5399 2831 5454 videre
2857 5412 3073 5470 queant.
3102 5403 3179 5457 Ex

1606 5497 1713 5552 quo
1737 5483 1984 5549 efﬁcitur,
2017 5493 2075 5540 ut
2104 5496 2299 5541 tantam
2330 5489 2616 5552 gratiarum
2647 5493 2912 5546 actionem
2940 5492 3135 5546 debeas
3157 5531 3173 5560 τ

1604 5584 1856 5647 quantam
1882 5578 2151 5642 universi;
2193 5593 2256 5633 ac
2286 5586 2336 5634 te
2366 5589 2421 5635 et
2450 5594 2545 5650 pro
2573 5581 2946 5636 communibus
2971 5582 3177 5635 beneli-

1605 5666 1702 5724 ciis
1739 5668 1937 5739 gratias
1980 5683 2138 5741 agere
2184 5686 2281 5741 par
2313 5681 2416 5739 est,
2459 5680 2514 5727 et
2555 5686 2652 5744 pro
2690 5672 2917 5728 aliorum
2960 5673 3171 5733 virtuts
