3780 6314
350 271 457 328 399

352 410 528 465 Multis
583 412 729 466 enim
780 408 941 465 etiam
985 418 1201 480 propter
1248 409 1383 465 alios
1430 409 1707 465 beneﬁciis
1753 409 1927 465 affici-

350 517 491 555 mur.
535 501 747 556 Etenim
774 502 819 555 si
848 500 932 555 vel
970 500 1155 555 dixem
1186 500 1283 555 soli
1311 500 1439 570 justi
1475 499 1575 554 viri
1601 502 1655 555 in
1684 500 1931 557 Sodomis

354 594 554 649 inventi
585 593 828 658 fuissent,
859 608 965 648 non
996 594 1047 647 in
1075 608 1169 648 eas
1191 634 1205 660 ,
1236 608 1369 662 quas
1400 594 1751 663 pertulerunt,
1784 594 1931 648 cala-

354 688 567 742 mitates
595 687 926 741 incidissent.
959 686 1312 753 Quamobrem
1342 700 1439 755 pro
1465 685 1689 739 aliorum
1720 700 1932 754 quoque

354 780 493 848 apud
538 779 706 834 Deum
753 779 995 831 libertate
1022 792 1087 831 ac
1114 777 1304 831 liducia
1346 777 1542 846 gratias
1571 791 1786 845 agamus
1820 793 1831 827 :
1862 776 1933 829 si-

352 873 566 941 quidem
610 872 780 940 prisca
822 871 908 925 lex
954 870 1068 924 haec
1112 876 1215 935 est,
1243 878 1402 939 atque
1426 868 1718 938 antiquitus
1746 869 1797 921 in
1832 867 1934 923 Ec-

359 962 521 1016 clesia
549 962 807 1017 instituta.
836 960 925 1015 Sic
956 959 1150 1013 Paulus
1181 974 1276 1029 pro
1302 960 1586 1022 Romanis,
1618 975 1713 1028 pro
1737 958 1932 1011 Corin-

355 1051 483 1105 thiis
504 1093 519 1117 ,
563 1066 661 1120 pro
700 1053 947 1105 universo
976 1051 1106 1105 orbe
1128 1050 1327 1119 gratias
1356 1052 1482 1119 agit.
1512 1049 1621 1105 Nec
1644 1066 1773 1105 vero
1804 1050 1933 1104 illud

355 1143 488 1197 mihi
512 1142 708 1196 dixeris
734 1161 747 1196 :
778 1141 889 1196 Hoc
921 1141 1232 1210 praeclarum
1262 1140 1463 1194 facinus
1487 1155 1664 1194 meum
1695 1156 1798 1193 non
1827 1149 1929 1194 est.

356 1234 608 1301 Quamvis
635 1235 778 1289 enim
811 1244 959 1288 tuum
986 1249 1091 1287 non
1122 1234 1224 1299 sit,
1258 1233 1335 1287 sic
1364 1247 1577 1302 quoque
1607 1242 1782 1286 tamen
1808 1249 1931 1302 gra-

352 1328 457 1381 tias
484 1342 641 1396 agere
668 1327 850 1391 debes,
876 1328 1015 1398 quod
1046 1327 1344 1382 membrum
1372 1338 1520 1382 tuum
1544 1328 1647 1383 tale
1672 1328 1761 1382 sit.
1786 1328 1934 1381 Alio-

354 1418 484 1485 quin
512 1418 671 1471 etiam
704 1428 853 1472 tuum
886 1418 1011 1472 illud
1038 1417 1166 1472 facis
1188 1459 1203 1484 ,
1235 1433 1356 1472 cum
1388 1418 1572 1473 laudas
1600 1429 1654 1473 et
1692 1419 1743 1472 in
1780 1433 1934 1471 coro-

354 1524 546 1563 narum
600 1520 803 1580 partem
857 1510 973 1579 ipse
1025 1510 1183 1564 etiam
1236 1512 1425 1578 venis,
1478 1521 1637 1581 atque
1689 1510 1931 1567 eamdem

351 1603 579 1672 gratiam
614 1602 894 1670 percipies.

428 1691 611 1747 Preces
637 1710 727 1761 pro
752 1693 1133 1747 catechumenis.
1157 1724 1227 1735 --
1251 1693 1332 1749 0b
1360 1709 1475 1748 eam
1506 1708 1720 1749 causam
1748 1693 1933 1749 Eccleo

353 1786 447 1840 size
478 1786 620 1855 leges
640 1785 706 1840 ad
730 1785 869 1840 hunc
893 1788 1104 1841 modum
1130 1801 1314 1855 preces
1336 1785 1446 1841 ﬁeri
1469 1786 1655 1855 jubent
1680 1804 1691 1838 :
1719 1802 1822 1840 non
1844 1801 1936 1840 eas

354 1878 632 1933 dumtaxat
674 1894 791 1948 qua:
831 1894 930 1949 pro
969 1878 1234 1942 ﬁdelibus,
1264 1878 1358 1934 sed
1386 1894 1477 1933 eas
1504 1880 1665 1933 etiam
1689 1894 1807 1949 qua:
1838 1895 1935 1948 pro

351 1973 750 2026 catechumenis
790 1972 1111 2027 adhibentur
1140 1989 1153 2025 :
1180 1972 1440 2039 siquidem
1492 1972 1576 2026 lex
1618 1972 1683 2025 ad
1732 1972 1936 2041 suppli-

351 2063 580 2117 candum
628 2078 723 2129 pro
766 2063 868 2128 bis,
915 2064 1002 2132 qui
1053 2063 1287 2117 nondunt
1340 2064 1528 2117 initiati
1571 2074 1715 2129 sunt,
1751 2063 1935 2117 ﬁdeles

352 2155 566 2208 excitat.
598 2154 728 2208 Nam
759 2169 878 2208 cum
907 2154 1165 2208 diaconus
1191 2156 1285 2220 ait,
1314 2153 1421 2208 Pro
1446 2155 1820 2209 catechumenis
1849 2154 1933 2206 in-

353 2259 483 2301 tente
518 2265 733 2313 oremus,
775 2248 903 2301 nihil
948 2249 1089 2302 aliud
1138 2248 1282 2312 facit,
1328 2265 1484 2319 quam
1532 2258 1588 2303 ut
1632 2249 1932 2303 universam

355 2339 589 2393 ιιὼιιίιιιιι
622 2339 1014 2394 multitudinem
1055 2340 1120 2393 ad
1164 2356 1351 2408 preces
1386 2355 1483 2409 pro
1520 2341 1623 2395 illis
1663 2341 1935 2395 obeundas

354 2433 566 2485 excitet.
605 2432 760 2500 Atqui
793 2431 951 2485 alieni
984 2432 1159 2485 adhuc
1190 2442 1311 2485 sunt
1347 2431 1715 2486 catecltumeni
1753 2449 1766 2484 :
1796 2447 1934 2485 non-

351 2527 479 2579 dum
505 2526 647 2579 enim
680 2526 889 2593 corpori
932 2522 1125 2579 Christi
1168 2526 1310 2579 insiti
1348 2534 1495 2591 sunt,
1528 2540 1625 2579 nec
1655 2525 1938 2595 mysterio-

355 2635 471 2672 rum
506 2618 789 2687 participes
815 2616 1009 2681 effecti,
1030 2632 1211 2671 verum
1234 2632 1262 2668 a
1287 2616 1545 2685 spirituali
1576 2631 1735 2685 grege
1761 2615 1936 2670 adhuc

352 2709 530 2762 divisi.
557 2708 708 2774 Quod
737 2708 778 2761 si
809 2722 938 2778 ergo
967 2723 1064 2778 pro
1092 2707 1174 2761 his
1202 2707 1461 2761 orandum
1485 2717 1587 2773 est,
1617 2707 1785 2761 multo
1808 2721 1937 2761 sane

356 2803 525 2873 magis
558 2817 654 2871 pro
680 2801 877 2855 nostris
908 2801 1180 2855 membris.
1212 2799 1293 2855 0b
1324 2800 1481 2871 idque
1510 2800 1671 2855 etiam
1700 2801 1812 2863 ait,
1848 2797 1934 2853 lno

356 2904 486 2947 tente
515 2910 735 2959 oremus,
763 2909 829 2946 tte
859 2892 1108 2947 videlicet
1135 2910 1225 2946 eos
1254 2901 1521 2963 tamquam
1550 2892 1755 2946 alienos
1784 2890 1908 2945 abdi
1934 2918 1942 2929 -

355 3000 446 3040 cus
466 3001 527 3040 ac
557 2984 787 3054 rejicias.
816 3000 880 3039 ne
905 2995 1169 3053 tamquam
1196 2986 1505 3055 peregrinos
1527 3000 1630 3038 non
1653 2997 1933 3053 agnoscas.

357 3078 601 3133 Nondum
633 3078 775 3133 enim
820 3078 933 3147 lege
970 3078 1262 3143 sancitum,
1292 3086 1449 3143 atque
1481 3092 1509 3129 a
1539 3077 1753 3132 Christo
1788 3077 1936 3131 inve-

353 3182 491 3228 ctam
531 3173 893 3241 precationem
937 3170 1167 3233 habent;
1216 3170 1450 3223 nondum
1491 3169 1708 3223 liberius
1747 3169 1934 3223 orandi

356 3272 671 3334 potestatem
718 3262 857 3316 nacti
904 3269 1051 3324 sunt,
1099 3259 1194 3313 sed
1243 3260 1489 3327 aliorum,
1530 3262 1617 3329 qui
1670 3262 1937 3331 mysteriis

357 3356 546 3411 initiati
576 3357 703 3420 sint,
728 3369 829 3424 Ope
858 3353 1115 3421 indigent.
1147 3353 1359 3407 Etenim
1387 3362 1538 3407 extra
1561 3353 1824 3407 vestibula
1854 3369 1936 3409 re-

354 3450 437 3520 gia
469 3457 631 3514 stant,
663 3448 925 3517 longeque
964 3463 992 3501 a
1036 3446 1202 3501 sacris
1244 3446 1498 3501 cancellis
1523 3464 1536 3498 :
1565 3462 1733 3517 eaque
1774 3447 1934 3501 etiam

355 3541 425 3595 de
463 3555 643 3605 causa,
676 3555 796 3594 cum
842 3539 1132 3593 tremendae
1178 3553 1364 3607 preces
1406 3537 1557 3602 ﬁunt,
1600 3539 1931 3608 ablegantnr.

356 3632 473 3697 Quo
504 3632 582 3695 ﬁt.
612 3642 668 3685 ut
698 3640 748 3685 te
772 3647 983 3701 quoque
1012 3631 1255 3685 hortetur
1278 3673 1292 3691 .
1325 3640 1381 3684 nt
1407 3646 1502 3700 pro
1530 3631 1634 3685 illis
1662 3646 1805 3693 ores,
1828 3648 1935 3699 quo

359 3724 593 3778 membra
621 3734 707 3777 tua
735 3725 882 3788 fiant,
910 3739 1007 3777 nec
1028 3722 1137 3791 jam
1163 3723 1424 3791 peregrini
1448 3733 1607 3792 atque
1628 3724 1783 3776 alieni
1806 3723 1931 3777 sint.

358 3816 491 3872 Illud
516 3819 656 3871 enim
678 3857 693 3880 ,
728 3817 970 3880 Oremus,
1005 3832 1108 3869 non
1139 3817 1203 3870 ad
1231 3815 1538 3870 sacerdotes
1570 3826 1772 3869 lautum
1794 3857 1809 3883 ,
1839 3815 1935 3871 sed

359 3910 516 3962 ctiam
537 3908 603 3962 ad
629 3908 878 3977 populum
902 3917 1123 3977 Spectat.
1147 3908 1275 3961 Nam
1297 3922 1417 3960 cum
1440 3909 1531 3974 ait,
1556 3906 1706 3961 Recte
1727 3918 1932 3975 stemus,

358 4018 577 4063 oremus,
606 4016 793 4056 omnes
824 4001 889 4054 ad
919 4000 1242 4069 precandum
1276 4000 1553 4064 hortatur;
1587 4015 1649 4055 ac
1674 4010 1781 4054 tum
1815 4017 1936 4070 pre-

357 4096 620 4148 cationem
651 4092 953 4162 auSpicans,
978 4094 1071 4154 ait,
1098 4090 1163 4146 Ut
1193 4091 1681 4145 misericordissimus
1705 4108 1764 4145 ac
1790 4094 1937 4148 mise-

359 4197 500 4239 rator
529 4184 662 4239 Deus
688 4186 939 4238 orationes
966 4201 1137 4238 eorum
1158 4185 1417 4240 exaudiat.
1447 4184 1653 4239 Etenim
1678 4200 1745 4240 ne
1765 4185 1929 4252 dicas,

358 4278 494 4347 Quid
517 4287 599 4333 est
617 4278 755 4348 quod
777 4278 1027 4332 oremus?
1054 4278 1210 4332 alieni
1232 4266 1376 4341 sunt,
1401 4278 1635 4333 nondum
1659 4278 1935 4334 nobiscum

361 4370 629 4437 conjuncti
677 4387 690 4424 :
735 4370 876 4425 unde
920 4370 1085 4424 Deum
1128 4384 1445 4439 permovere
1492 4370 1746 4439 possum?
1794 4370 1935 4426 unde

360 4480 480 4517 cum
507 4462 795 4526 adducere,
826 4473 880 4517 ut
922 4463 1341 4518 misericordiam
1370 4480 1431 4520 ac
1460 4464 1668 4519 veniam
1698 4463 1801 4518 illis
1832 4464 1933 4518 im-

366 4555 595 4623 pertiat?
622 4570 710 4619 ne,
740 4556 976 4623 inquam,
1000 4554 1114 4610 haec
1142 4570 1387 4624 quarens
1413 4555 1636 4617 bmreas,
1660 4554 1779 4609 vide
1802 4570 1937 4624 quo-

362 4648 520 4702 modo
569 4646 651 4701 his
693 4647 868 4701 verbis
905 4646 1285 4701 dubitationem
1336 4656 1479 4701 tuam
1520 4644 1770 4701 discutiat
1813 4662 1828 4701 :
1866 4644 1937 4701 Ut

364 4740 851 4794 misericordissima
880 4755 941 4793 ac
970 4740 1232 4793 miserator
1263 4738 1418 4794 Deus.
1449 4739 1695 4802 Audisti,
1732 4737 1937 4794 Miseri—

362 4833 707 4888 cordissimus
739 4833 912 4890 Deus?
938 4833 1197 4905 Perplexo
1214 4834 1324 4903 jam
1350 4834 1529 4889 animo
1554 4849 1675 4889 esse
1703 4832 1889 4888 desine
1917 4848 1932 4886 :

364 4926 895 4981 ntiserimrdissimus
923 4928 1065 4981 enim
1098 4927 1218 4993 ille,
1250 4927 1484 4980 omnium
1506 4968 1521 4990 ,
1552 4926 1651 4980 hoc
1681 4935 1763 4981 est
1786 4967 1801 4991 ,
1828 4935 1935 4980 tam

366 5029 701 5092 peccatorum
731 5037 888 5089 quam
914 5021 1228 5086 amicorum,
1252 5020 1554 5074 miseretur.
1584 5018 1841 5084 Quocirca
1868 5035 1936 5075 ne

367 5112 602 5179 dixeris,
632 5111 873 5179 Quonam
914 5114 1071 5169 modo
1114 5129 1300 5168 eorum
1336 5128 1494 5167 causa
1539 5112 1703 5166 Deum
1741 5112 1937 5167 adibo?

364 5206 479 5274 ipse
510 5205 649 5259 enim
675 5219 858 5261 eorum
888 5221 1070 5276 preces
1097 5207 1363 5262 exaudiet.
1388 5206 1639 5274 Quzenam
1660 5218 1815 5275 porro
1834 5207 1936 5259 alia

364 5295 868 5352 citechumenorum
885 5299 1115 5366 precatio
1144 5299 1320 5363 fuerit,
1338 5314 1494 5367 quam
1517 5308 1574 5353 ut
1602 5313 1668 5353 ne
1688 5297 1939 5352 catechu-

363 5389 507 5445 meni
547 5392 833 5444 maneant?
872 5390 988 5445 Mox
1034 5392 1432 5461 supplicationis
1472 5407 1683 5461 quoque
1720 5390 1938 5445 modum

360 5484 547 5537 dictat.
594 5481 844 5548 Quisnam
874 5491 1049 5537 autem
1078 5483 1164 5537 ille
1190 5483 1311 5537 est?
1363 5482 1430 5537 Ut
1459 5484 1685 5537 cordium
1710 5483 1941 5555 ipsorum

361 5591 512 5629 aures
536 5575 751 5645 aperiat.
784 5573 1020 5630 Occlusae
1049 5575 1189 5629 enim
1218 5584 1273 5629 et
1300 5576 1560 5630 obturatas
1589 5575 1763 5630 adhuc
1789 5583 1936 5630 sunt.

367 5670 539 5724 Aures
571 5682 729 5738 porro
760 5684 863 5721 non
894 5676 1141 5722 externas
1171 5667 1362 5731 hasce,
1395 5667 1488 5722 sed
1516 5669 1710 5723 mentis
1734 5666 1938 5722 intelli-

362 5759 457 5833 git.
494 5759 555 5817 Ut
587 5762 795 5817 audiant
820 5777 930 5832 qua'
959 5759 1130 5816 oculus
1156 5777 1255 5815 n~-n
1286 5760 1425 5831 vidit,
1445 5776 1531 5815 nec
1562 5759 1701 5815 auris
1721 5760 1934 5828 audivit,

1170 270 1227 327 S.
1266 267 1540 326 JOANNIS
1562 263 2037 325 CHRYSOSTOMI
2074 265 2387 324 ARCHIEP.
2429 267 2959 326 CONSTANTINOP.

3512 279 3623 335 ιοο

2036 405 2126 444 nee
2162 386 2218 443 in
2254 405 2342 443 cor
2380 388 2595 442 hominis
2634 390 2988 443 ascenderunt.
3028 388 3211 461 Neque
3237 391 3383 447 enim
3418 407 3621 447 arcana

2035 484 2287 554 mysteria
2308 481 2608 547 audierunt,
2629 482 2721 537 sed
2746 483 2925 551 procul
2943 492 2995 537 et
3016 484 3225 539 eminus
3242 494 3403 540 stant.
3439 489 3615 557 Atque

2036 577 2196 632 etiam
2218 576 2262 630 si
2288 575 2525 639 audiant,
2546 575 2685 630 baud
2707 584 2883 631 tamen
2905 576 3031 645 quid
3052 576 3259 631 dicatur
3283 579 3624 648 intelligunt:

2036 672 2298 743 siquidem
2337 687 2398 727 ea
2442 674 2707 743 ingentem
2752 675 3093 743 sagacitatem
3124 685 3179 729 et
3206 676 3611 747 intelligentiam

2038 768 2332 836 requirunt,
2363 783 2468 821 non
2509 777 2684 821 autem
2732 778 2792 822 ut
2834 768 3116 824 dumtaxat
3160 770 3486 833 audiantur;
3518 769 3612 837 ipsi

2036 876 2163 914 vero
2189 861 2425 915 internas
2447 876 2603 915 aures
2628 862 2862 916 nondum
2887 873 3229 931 acceperunt.
3272 862 3427 918 Unde
3456 862 3616 916 etiam

2037 950 2329 1021 prophetiae
2375 953 2599 1022 gratiam
2649 953 2776 1022 ipsis
2820 963 2970 1023 optat
3002 972 3015 1008 ε
3044 955 3306 1025 siquidem
3354 954 3617 1023 propheta

2035 1043 2102 1096 ad
2134 1042 2274 1097 hunc
2303 1045 2516 1098 modum
2545 1045 2861 1115 loquebatur
2891 1060 2906 1100 :
2941 1046 3182 1100 Dominus
3219 1048 3305 1099 dat
3345 1047 3473 1099 mihi
3517 1046 3616 1098 lin-

2034 1153 2186 1207 gnam
2208 1136 2479 1199 eruditam,
2511 1148 2567 1190 ut
2595 1138 2752 1190 sciam
2780 1139 2981 1208 quando
3010 1148 3235 1209 aporteat
3258 1140 3491 1207 proferre
3516 1154 3618 1192 ser-

2036 1246 2232 1283 monem
2265 1246 2282 1283 :
2305 1232 2541 1299 quoniam
2564 1230 2670 1300 ipse
2688 1232 2848 1298 aperit
2874 1248 2930 1284 os
2959 1247 3144 1294 meum,
3162 1232 3328 1300 posuit
3348 1247 3429 1284 me
3449 1246 3615 1294 mane,

2036 1324 2269 1391 apposuit
2294 1322 2417 1374 mihi
2437 1338 2611 1376 aurem
2635 1323 2915 1375 audientem
2944 1321 3096 1391 (Isai.
3121 1322 3208 1377 50.
3228 1323 3281 1376 4.
3312 1321 3389 1388 5).
3419 1320 3619 1387 Quem-

2035 1414 2319 1468 admodum
2342 1415 2483 1469 enim
2512 1414 2788 1485 propheta:
2817 1416 2920 1470 alio
2947 1414 3106 1469 modo
3131 1430 3195 1470 ac
3219 1415 3412 1485 reliqui
3443 1415 3618 1469 homi-

2038 1523 2133 1562 nes
2178 1508 2505 1563 audiebant:
2532 1508 2610 1563 sic
2655 1508 2825 1563 lidelis
2867 1523 3078 1579 quoque
3114 1508 3219 1562 alio
3259 1508 3421 1561 modo
3459 1522 3617 1576 quam

2036 1598 2425 1653 catechumeni.
2475 1600 2648 1669 Atque
2680 1598 2803 1654 hinc
2830 1599 2989 1653 etiam
3022 1599 3245 1654 docetur
3273 1598 3620 1654 catechume-

2037 1707 2161 1755 nus,
2193 1707 2251 1745 se
2278 1692 2345 1746 ab
2374 1691 2680 1747 hominibus
2705 1691 2819 1747 haec
2842 1708 2945 1747 non
2969 1692 3196 1757 discere,
3229 1707 3405 1762 neque
3432 1692 3618 1747 audire

2039 1781 2237 1849 (Nolite
2263 1784 2402 1838 enim
2426 1824 2444 1849 ,
2476 1784 2679 1853 inquit,
2705 1801 2881 1838 vocare
2906 1785 3043 1839 vobis
3073 1786 3369 1855 magistrum
3402 1787 3459 1838 in
3487 1794 3619 1838 terra

2039 1872 2248 1945 [ΜαιιΙι.
2277 1874 2367 1929 25.
2393 1874 2509 1945 8|),
2540 1875 2635 1930 sed
2669 1876 2968 1930 sublimitus
2998 1887 3157 1945 atque
3181 1892 3211 1932 e
3237 1877 3384 1929 caelis
3410 1894 3424 1930 :
3451 1875 3616 1929 Erunt

2038 1966 2180 2020 enim
2208 1982 2401 2031 omnes,
2427 1968 2596 2035 inquit
2624 1966 2920 2037 Scriptura,
2947 1968 3184 2022 docibiles
3210 1966 3308 2021 Dei
3340 1967 3499 2036 (Isai.
3529 1969 3616 2023 54.

2039 2065 2151 2132 15).
2188 2066 2359 2134 Atque
2389 2064 2585 2119 idcirco
2610 2070 2701 2128 ait,
2735 2064 2800 2117 Et
2825 2065 3033 2117 instillet
3059 2064 3179 2133 ipsis
3201 2062 3405 2117 verbum
3431 2063 3618 2117 verita-

2038 2162 2100 2210 tis
2126 2174 2144 2211 :
2176 2158 2244 2212 ita
2274 2168 2330 2212 ut
2358 2159 2567 2212 interne
2594 2158 2645 2212 in
2678 2158 2820 2227 ipsos
2846 2156 3169 2212 infundatur.
3190 2156 3429 2212 Necdum
3453 2157 3617 2223 enim,

2040 2260 2095 2302 ut
2119 2264 2214 2318 par
2239 2259 2339 2312 est,
2362 2248 2601 2304 veritatis
2625 2248 2845 2302 verbum
2870 2256 3083 2302 norunt.
3119 2246 3185 2302 Ut
3207 2249 3442 2301 timorem
3472 2266 3621 2301 suum

2038 2339 2090 2393 in
2138 2340 2260 2409 ipsis
2306 2340 2532 2393 seminet.
2579 2340 2649 2393 At
2689 2338 2790 2393 hoc
2833 2339 3049 2393 minime
3088 2338 3450 2393 sufﬁcitzalia
3477 2339 3620 2393 enim

2038 2433 2347 2487 ceciderunt
2371 2447 2525 2487 secus
2556 2432 2714 2495 viam,
2744 2432 2843 2486 alia
2874 2446 3035 2500 super
3063 2440 3259 2501 petras.

2111 2527 2165 2581 6.
2194 2525 2393 2579 Verum
2426 2540 2524 2579 nos
2554 2541 2658 2579 non
2699 2525 2763 2579 ad
2808 2527 2949 2579 hunc
2990 2524 3201 2579 modum
3242 2525 3619 2595 postulamus;

2038 2617 2132 2672 sed
2164 2618 2302 2671 sicut
2330 2628 2565 2670 aratrum
2612 2617 2664 2670 in
2709 2617 2883 2686 pingui
2929 2626 3066 2671 terra
3106 2618 3284 2671 sulcos
3317 2619 3518 2686 aperit,
3544 2618 3625 2673 sic

2036 2712 2196 2766 etiam
2230 2710 2315 2764 hic
2344 2720 2403 2765 ut
2433 2710 2523 2763 fiat
2554 2725 2861 2779 precamur,
2899 2725 3088 2779 nempe
3114 2718 3173 2763 ut
3206 2710 3255 2762 in
3284 2712 3485 2764 mentis
3515 2712 3623 2765 imo

2040 2802 2296 2867 innovati,
2321 2803 2523 2857 semina
2552 2801 2743 2872 injecta
2764 2802 3047 2870 excipiant,
3072 2817 3133 2855 ac
3153 2801 3407 2870 quidquid
3429 2802 3622 2857 audie-

2038 2895 2147 2950 rint
2180 2904 2426 2950 aceurate
2464 2898 2749 2949 retineant.
2794 2893 2946 2950 Unde
2974 2896 3132 2949 etiam
3162 2895 3272 2949 htec
3298 2896 3465 2950 verba
3491 2897 3622 2951 sub-

2039 2989 2242 3052 nectit,
2274 2987 2339 3041 Et
2368 2987 2627 3055 confirmet
2648 2987 2803 3055 [idem
2822 3003 2966 3041 suam
2992 2988 3044 3040 in
3067 2988 3249 3041 animis
3278 3004 3479 3043 eorum.
3512 2989 3624 3045 Hoc

2038 3091 2122 3135 est
2161 3089 2217 3133 ut
2257 3096 2323 3133 ne
2363 3079 2413 3133 in
2456 3079 2736 3147 superficie
2764 3078 2957 3148 jaceat,
2987 3079 3079 3134 sed
3104 3079 3209 3133 alte
3237 3080 3451 3135 radices
3479 3093 3621 3153 agat.

2043 3169 2112 3227 Ut
2140 3172 2355 3241 justitia:
2384 3171 2697 3243 evangelium
2735 3171 2856 3241 ipsis
2895 3171 3093 3225 reoelet.
3138 3171 3340 3241 Duplex
3372 3174 3621 3228 velamen

2039 3279 2159 3319 esse
2204 3264 2470 3329 ostendit;
2516 3265 2739 3318 alterum
2781 3263 2903 3334 quia
2948 3264 3141 3319 mentis
3190 3266 3428 3333 ipsorum
3478 3266 3622 3321 oculi

2038 3354 2206 3409 clausi
2234 3364 2377 3418 sunt,
2406 3355 2631 3409 alterum
2672 3354 2794 3424 quia
2832 3363 3075 3422 opertum
3125 3355 3227 3409 illis
3270 3365 3352 3410 est
3390 3372 3628 3427 evange-

2039 3446 2188 3500 lium.
2216 3447 2293 3501 Ac
2317 3445 2538 3511 proinde
2565 3446 2809 3516 superius
2836 3445 3050 3516 quidem
3073 3446 3300 3507 dicebat.
3329 3446 3399 3501 Ut
3420 3450 3625 3516 aperiat

2038 3557 2186 3593 aures
2215 3540 2380 3593 cordis
2407 3540 2663 3609 ipsorum;
2693 3539 2778 3594 hic
2815 3551 3021 3603 autem,
3058 3539 3126 3594 Ut
3157 3541 3373 3611 justitia:
3407 3558 3628 3613 evange-

2039 3632 2162 3686 lium
2182 3632 2303 3701 ipsis
2333 3631 2563 3701 detegat;
2592 3630 2693 3686 ltoc
2718 3640 2818 3695 est,
2845 3641 2900 3685 ιιι
2920 3633 3190 3702 sapientes
3209 3648 3303 3687 eos
3323 3644 3377 3687 et
3398 3635 3464 3687 ad
3492 3636 3625 3689 illud

2044 3722 2411 3792 excipiendum
2456 3722 2678 3778 idoneos
2706 3723 2922 3789 reddat,
2953 3734 3112 3793 atque
3145 3733 3198 3779 ut
3226 3723 3418 3779 doceat
3444 3740 3514 3781 ac
3539 3742 3625 3781 se-

2039 3818 2182 3873 mina
2202 3818 2383 3887 jaciat.
2412 3816 2541 3871 Nam
2565 3817 2682 3873 sive
2712 3817 2885 3872 idonei
2911 3818 3037 3879 sint,
3060 3817 3191 3870 nihil
3214 3826 3390 3871 tamen
3414 3818 3468 3872 id
3492 3819 3625 3887 ipsis

2039 3910 2383 3965 emolumenti
2412 3909 2684 3975 attulerit,
2724 3909 2825 3963 nisi
2857 3910 2994 3964 Deus
3014 3909 3273 3964 detexerit
3297 3926 3310 3961 :
3334 3909 3450 3964 sive
3480 3911 3626 3966 Deus

2038 4000 2272 4073 detegat,
2304 4002 2402 4073 ipsi
2430 4013 2607 4057 autem
2631 4002 2944 4073 repudient,
2983 4003 3035 4057 in
3067 4002 3204 4058 idem
3233 4020 3421 4059 rursus
3444 4005 3623 4061 detri-

2040 4105 2277 4149 mentum
2309 4096 2670 4165 prolabentur.
2715 4095 2825 4150 Hac
2858 4095 2925 4149 de
2964 4110 3122 4149 causa
3155 4105 3434 4165 utrumque
3478 4100 3620 4166 peti-

2040 4204 2179 4253 mus,
2211 4204 2403 4257 nempe
2430 4198 2483 4242 ιιι
2508 4197 2563 4243 et
2588 4188 2749 4242 corda
2775 4188 2996 4257 aperiat,
3022 4196 3077 4242 et
3101 4189 3435 4258 evangelium
3472 4202 3628 4260 pate-

2039 4280 2217 4337 faciat.
2248 4278 2429 4349 Neque
2457 4279 2600 4333 enim
2622 4279 2665 4334 si
2693 4281 2895 4349 regium
2927 4279 3359 4348 paludamentum
3382 4282 3627 4352 superje-

2038 4382 2127 4427 cto
2171 4374 2291 4428 velo
2337 4380 2532 4426 tectum
2572 4370 2786 4440 jaceat,
2831 4371 3114 4439 quicquam
3154 4369 3257 4424 hoc
3296 4371 3623 4426 intuentium

2038 4464 2209 4520 oculis
2231 4462 2488 4534 profuerit
2511 4480 2523 4515 :
2548 4460 2992 4532 quemadmodum
3021 4476 3229 4516 rursum
3251 4461 3325 4515 nil
3346 4460 3623 4517 detectum

2039 4557 2172 4612 illud
2218 4571 2339 4611 esse
2376 4554 2612 4625 juverit,
2656 4555 2702 4609 si
2747 4554 2887 4609 oculi
2927 4554 3145 4609 minime
3173 4553 3411 4623 vigilent.
3440 4554 3623 4609 Ambo

2039 4664 2202 4720 porro
2227 4648 2327 4703 ista
2348 4648 2676 4718 contingent,
2704 4647 2751 4703 si
2780 4646 2855 4701 illi
2881 4646 3028 4715 prius
3049 4645 3332 4700 voluerint.
3349 4644 3624 4713 Quidnam

2040 4751 2217 4798 autem
2245 4750 2348 4806 est,
2374 4740 2596 4795 Iustitia!
2616 4740 2967 4811 euangelium?
2990 4738 3250 4794 Nimirum
3275 4740 3418 4809 quod
3442 4739 3626 4808 justas

2039 4835 2225 4891 efficit.
2268 4833 2364 4889 His
2400 4834 2542 4889 enim
2573 4832 2752 4888 verbis
2777 4832 3022 4901 baptismi
3048 4831 3369 4886 desiderium
3402 4831 3457 4886 in
3491 4833 3625 4904 ipsis

2039 4930 2163 4991 ciet,
2188 4928 2313 4983 dum
2342 4926 2468 4981 illud
2491 4925 2744 4990 ostendit,
2765 4924 3095 4993 evangelium
3122 4938 3225 4977 non
3255 4933 3463 4978 tantum
3494 4940 3629 4993 pec:

2040 5031 2159 5074 cata
2189 5020 2485 5084 remittere,
2504 5018 2597 5072 sed
2614 5017 2872 5085 justitiam
2895 5017 3055 5071 etiam
3077 5014 3289 5069 afferre.
3322 5013 3390 5069 Ut
3413 5018 3498 5069 det
3519 5017 3622 5070 illis

2041 5121 2254 5164 mentem
2273 5110 2516 5174 divinam,
2535 5118 2724 5162 castam
2743 5107 3113 5178 cogitationem,
3132 5106 3284 5158 vitam
3303 5122 3419 5159 cum
3439 5108 3624 5161 virtute

2040 5204 2379 5273 conjunctam.
2410 5201 2642 5255 Audiant
2668 5200 2781 5254 ha'c
2805 5199 3009 5261 ﬁdeles,
3032 5199 3120 5268 qui
3144 5198 3262 5252 vita.
3285 5198 3510 5266 hujusce
3533 5214 3625 5252 ne-

2041 5297 2199 5365 gotiis
2221 5294 2366 5348 afﬁxi
2388 5302 2531 5347 sunt.
2556 5291 2687 5346 Nam
2713 5292 2758 5346 si
2786 5292 2870 5354 iis,
2896 5290 2987 5360 qui
3009 5290 3229 5344 minime
3252 5290 3444 5343 initiati
3468 5300 3617 5351 sunt,

2045 5388 2160 5443 haec
2190 5387 2459 5457 postulare
2485 5385 2736 5455 jubemur
2755 5425 2771 5450 ,
2801 5382 3194 5438 animadvertas
3222 5382 3403 5447 velim,
3432 5383 3619 5452 quales

2043 5482 2289 5550 nosipsos
2317 5493 2438 5534 esse
2461 5485 2707 5548 Oporteat
2732 5476 2823 5548 qui
2852 5475 2965 5529 hate
2990 5474 3110 5528 aliis
3140 5474 3468 5542 postulamus
3500 5491 3513 5526 :
3547 5471 3614 5527 si-

2043 5570 2257 5641 quidem
2287 5570 2337 5625 ld
2359 5568 2624 5640 agendum
2651 5578 2765 5633 est,
2796 5578 2853 5622 nt
2881 5566 2985 5621 vita
3013 5574 3194 5620 nostra
3223 5566 3503 5635 evangelio
3534 5581 3613 5620 re-

2044 5663 2320 5735 spondeat.
2355 5662 2472 5730 Quo
2496 5664 2655 5717 etiam
2686 5661 2765 5726 lit,
2792 5669 2849 5714 ut
2875 5657 3192 5729 precationis
3215 5656 3301 5711 lex
3322 5673 3349 5709 a
3376 5656 3616 5711 doctrina

2048 5757 2114 5812 ad
2143 5758 2304 5812 vitam
2333 5765 2584 5813 transeat.
2628 5754 2913 5824 Postquam
2942 5748 3083 5806 enim
3120 5747 3287 5815 dixit,
3320 5745 3386 5802 Ut
3414 5749 3619 5816 iustitia
