3712 6212
929 276 994 333 ΙΝ
1035 275 1253 333 EPIST.
1288 274 1329 330 ll
1371 274 1462 329 AD
1501 275 1659 332 COR.
1725 275 1958 330 HOMIL.
1997 274 2059 332 Il.

137 413 208 450 πον
233 394 469 468 παρῤησίας
493 391 915 465 εὐχαριστῶμεν.
948 389 1059 443 Καὶ
1094 388 1203 459 γὰρ
1240 387 1466 458 ἀρχαῖος

137 490 200 551 ιςό
217 488 340 557 νόμος
352 486 480 549 ἐστὶν,
503 483 703 539 ἄνωθεν
724 485 782 535 ὲν
801 484 867 551 τῇ
896 478 1193 549 Ἐκκλησία
1212 491 1475 545 πεφυτευ-

137 597 185 642 )ς.
210 578 328 632 Οῦτω
349 579 420 631 καὶ
439 575 626 638 Παῦλος
655 574 964 644 εὐχαριστεῖ
988 570 1127 640 ὑπὲρ
1163 566 1472 637 Ῥωμαίων,

137 670 425 741 οΚορινθίων,
454 669 577 737 ὑπὲρ
608 668 706 734 τῆς
740 662 1065 733 οἰκουμένης
1094 660 1332 729 ἀπάσης.
1366 655 1479 710 Καὶ

137 780 207 831 μοι
231 761 343 829 λέγε·
388 760 476 812 Οὐκ
513 758 655 810 ἐστιν
694 754 824 823 ἐμὸν
869 752 931 805 τὸ
966 748 1319 820 κατόρθωμα.
1360 743 1479 798 Κᾶν

151 853 210 924 μὴ
237 853 308 905 σὸν
330 847 376 926 ᾖ,
404 852 478 905 καὶ
509 848 680 912 οὕτως
718 846 1059 916 εὐχαριστεῖν
1095 840 1330 911 ὀφείλεις
1348 879 1362 900 ,
1397 838 1479 891 ὅτι

139 946 235 1007 ἐλος
256 962 329 997 σου
354 942 551 996 τοιοῦτόν
574 942 742 994 ἐστιν.
782 938 992 999 Ἀλλως
1018 935 1073 989 δὲ
1105 935 1199 988 καὶ
1229 932 1320 986 σὺν
1347 929 1481 985 αὐτὸ

137 1039 172 1098 ῖς
192 1034 261 1087 διὰ
277 1033 358 1102 τῆς
371 1030 633 1101 εὐφημίας,
646 1030 740 1083 καὶ
762 1030 1039 1089 κοινωνεῖς
1048 1024 1156 1077 τῶν
1178 1021 1478 1091 στεφάνων,

137 1127 245 1196 λήψῃ
274 1125 349 1177 καὶ
370 1123 500 1186 αὐτὸς
529 1122 588 1175 τὸ
617 1122 883 1193 χάρισμα.

137 1219 163 1271 ά
193 1232 259 1269 τοι
294 1213 424 1266 τοῦτο
442 1214 521 1266 καὶ
549 1212 649 1275 τὰς
684 1210 850 1280 εὐχὰς
891 1206 1033 1262 οὕτω
1067 1202 1352 1275 γίνεσθαι·
1395 1217 1487 1254 κε-

137 1325 225 1361 )σιν
249 1308 289 1359 οί
321 1307 403 1376 τῆς
442 1302 751 1372 Ἐκκλησίας
773 1301 948 1369 νόμοι,
978 1299 1038 1352 οὐ
1069 1298 1167 1359 τὰς
1196 1294 1337 1366 ὑπὲρ
1376 1292 1486 1347 τῶν

137 1400 193 1451 ὧν
228 1398 379 1467 μόνον,
411 1393 528 1448 ἀλλὰ
554 1394 648 1446 καὶ
680 1392 780 1453 τάς
809 1391 950 1462 ὐπὲρ
986 1389 1093 1443 τῶν
1140 1382 1488 1456 κατηχουμέ-

154 1490 270 1552 Τοὺς
295 1486 387 1557 γὰρ
420 1484 623 1547 πιστοὺς
656 1485 685 1536 ό
720 1482 882 1552 νόμος
926 1478 1183 1549 διεγείρει
1226 1476 1362 1547 πρὸς
1390 1472 1488 1545 τὴν

137 1582 345 1651 ιμυήτων
370 1576 645 1648 ἱκετηρίαν.
682 1576 850 1628 Ὅταν
876 1572 984 1643 γὰρ
1009 1572 1037 1624 ὁ
1061 1572 1307 1631 διάκονος
1331 1567 1489 1637 λέγῃ,

137 1694 170 1743 ρ
198 1672 298 1726 τῶν
316 1672 747 1739 κατηχουμένων
759 1665 1012 1730 ἐκτενῶς
1042 1661 1360 1730 δεηθῶμεν,
1398 1657 1492 1710 οὐ-

137 1767 211 1819 λλο
239 1765 265 1834 ἢ
297 1763 376 1816 τὸν
403 1762 558 1832 δῆμον
588 1759 805 1813 ἅπαντα
847 1757 954 1811 τῶν
983 1752 1190 1808 πιστῶν
1224 1750 1496 1818 διανίστη-

137 1856 178 1917 ίς
202 1854 286 1914 τὰς
309 1851 428 1918 ὑπὲρ
454 1847 668 1901 ἐκείνων
695 1846 883 1916 εὐχάς.
915 1845 1108 1898 Καίτοι
1134 1858 1199 1911 γε
1226 1838 1494 1909 ἀλλότριοι

138 1945 259 1997 εἰσὶν
284 1944 327 1995 οί
357 1940 757 2011 κατηχούμενοι.
790 1937 1017 1992 Οὐδέπω
1046 1935 1152 2006 γὰρ
1179 1932 1272 1987 τοῦ
1306 1929 1497 2000 σώμα-

146 2057 192 2091 σι
219 2037 302 2090 τοῦ
331 2033 573 2106 Χριστοῦ,
606 2032 819 2086 οὐδέπω
853 2030 1164 2102 μυστηρίων
1203 2023 1499 2094 ἐκοινώνη-

137 2131 229 2185 ιλλ’
253 2129 325 2183 ἔτι
349 2126 653 2198 διῃρημένοι
682 2123 1013 2193 τυγχάνουσι
1039 2120 1140 2189 τῆς
1172 2116 1374 2186 ἀγέλης
1399 2114 1500 2184 τῆς

137 2223 342 2293 ατικῆς.
379 2221 437 2274 El
480 2220 533 2272 δὲ
582 2218 723 2289 ὑπὲρ
766 2214 971 2270 τούτων
1022 2210 1359 2283 παρακαλεῖν
1399 2208 1499 2272 δεῖ,

138 2348 139 2357 ι
175 2316 356 2387 μᾶλλον
388 2313 517 2383 ὑπὲρ
558 2310 667 2364 τῶν
704 2306 881 2381 μελῶν
912 2306 1019 2359 τῶν
1054 2301 1360 2376 ἡμετέρων.
1404 2298 1504 2351 Διά

137 2409 246 2462 >ῦτο
275 2408 382 2469 καὶ,
422 2400 728 2468 Ἐκτενῶς,
760 2400 916 2471 φησὶ,
944 2395 1274 2464 δεηθῶμεν,
1304 2392 1393 2445 ίνα
1430 2388 1504 2461 μὴ

137 2500 355 2569 ιοτρίους
379 2494 702 2565 ἀποποιήσῃ,
726 2491 813 2544 ἵνα
837 2490 912 2561 μὴ
934 2488 1007 2552 ὡς
1034 2487 1216 2552 ξένους
1243 2483 1501 2555 ἀγνοήσῃ.

137 2609 177 2643 ω
204 2586 305 2660 γὰρ
334 2585 488 2657 εὐχὴν
522 2584 703 2654 έχουσι
729 2581 828 2653 τὴν
862 2576 1256 2649 νενομισμένην
1275 2572 1369 2627 καὶ
1397 2572 1508 2625 εἰσ-

138 2686 254 2735 ῖσαν
314 2679 415 2732 ὐπὸ
458 2676 548 2730 τοῦ
604 2670 878 2745 Χριστοῦ·
933 2670 1144 2724 οὐδέπω
1193 2664 1508 2738 παρρησίαν

137 2792 260 2837 δται,
299 2770 410 2826 ἀλλ’
444 2769 643 2841 ἑτέρων
675 2766 883 2819 δέονται
914 2762 1021 2817 τῶν
1057 2755 1511 2833 μυσταγωγηθέν-

137 2868 268 2934 Ἐξω
316 2864 423 2936 γὰρ
468 2862 575 2916 τῶν
628 2855 922 2930 βασιλικῶν
967 2855 1264 2925 ἑστήκασιν
1303 2847 1507 2911 αὐλῶν,

157 2962 259 3013 τῶν
286 2957 443 3029 ἱερῶν
474 2952 799 3025 περιϐόλων.
835 2947 934 3001 Διά
960 2945 1119 3000 τοῦτο
1145 2945 1242 2997 καὶ¹
1274 2939 1514 2995 ἀπελαύ-

137 3096 143 3115 ,
186 3052 293 3105 τῶν
327 3047 568 3120 φρικτῶν
605 3042 780 3115 εὐχῶν
811 3040 1034 3093 ἐκείνων
1063 3034 1383 3106 γινομένων.
1415 3028 1515 3084 Διά

137 3144 221 3198 οιαὶ
272 3142 331 3195 σὲ
383 3138 694 3211 παρακαλεῖ
733 3131 941 3186 δεῖσθαι
991 3128 1129 3199 ὑπὲρ
1168 3125 1379 3190 αὐτῶν,
1429 3124 1515 3178 ἵνα

137 3236 382 3289 ’ένωνται
428 3231 518 3297 σὰ,
556 3231 642 3282 ἵνα
678 3228 753 3298 μὴ
796 3226 875 3278 ἔτι
910 3218 1011 3277 ὦσι
1052 3220 1190 3286 ξένοι
1234 3219 1329 3272 καὶ
1360 3216 1518 3288 ἠλλο-

145 3346 249 3381 νοι.
280 3327 356 3379 Τὸ
389 3324 533 3397 γὰρ,
563 3319 873 3389 Δεηθῶμεν
894 3357 908 3379 ,
944 3315 1004 3368 οὐ
1047 3317 1160 3377 τοῖς
1192 3312 1396 3382 ἱερεῦσι
1430 3310 1519 3363 λέ-

137 3421 305 3483 ιόνον,
336 3416 480 3471 ἀλλά
511 3416 604 3469 καὶ
632 3416 745 3476 τοῖς
776 3413 855 3475 είς
878 3410 970 3463 τὸν
992 3407 1121 3461 λαδν
1149 3403 1515 3459 συντελοῦσιν.

137 3511 239 3581 γάρ
265 3510 421 3580 εἴπῃ,
438 3505 678 3575 Στῶμεν
702 3500 924 3566 καλῶς,
941 3496 1264 3566 δεηθῶμεν,
1288 3495 1518 3560 πάντας,

156 3603 328 3673 εὐχὴν
366 3596 699 3667 παρακαλεῖ.
732 3588 864 3647 Εἶτα
893 3592 1196 3662 ἀρχόμενος
1226 3590 1326 3658 τῆς
1355 3586 1522 3656 εὐχῆς

170 3696 312 3748 Ἵνα
364 3695 398 3746 ό
440 3686 838 3756 πανελεήμων
878 3686 977 3738 καί
1025 3682 1338 3751 οἰκτίρμων
1380 3677 1523 3743 Θεὸς

137 3790 239 3855 ισῃ
266 3785 397 3840 τῶν
421 3781 698 3851 δεήσεων
721 3777 937 3833 αὐτῶν.
965 3777 1086 3831 Ἵνα
1104 3774 1210 3845 γάρ
1233 3773 1307 3844 μὴ
1333 3772 1519 3841 λέγῃς,

147 3882 309 3951 ὦμεν
337 3898 352 3946 ;
408 3873 840 3947 ἠλλοτριωμένοι
868 3871 1033 3933 εἰσὶν,
1067 3868 1276 3922 οὐδέπω
1316 3883 1524 3935 συνημ-

139 3974 318 4027 πόθεν
372 3970 492 4040 ἔχω
526 3966 844 4035 δυσωπῆσαι
884 3963 976 4016 τὸν
1008 3962 1171 4025 Θεόν;
1208 3958 1369 4013 πόθεν
1417 3956 1525 4027 ἔχω

137 4063 487 4118 αεταδοῦναι
524 4060 673 4113 ἐλέου
708 4058 802 4111 καὶ¹
833 4052 1161 4124 συγγνώμης
1192 4050 1408 4114 αὐτοῖς;
1438 4049 1526 4101 ἵνα

138 4177 222 4214 ιτα
266 4156 467 4229 ζητῶν
520 4154 768 4224 ἀπορῇς,
819 4151 921 4220 ὅρα
964 4147 1081 4206 πῶς
1130 4163 1222 4198 σου
1267 4143 1383 4197 λύει
1431 4143 1527 4214 τὴν

138 4270 140 4287 ι
172 4250 393 4318 λέγων·
438 4248 571 4301 Ἵνα
596 4249 627 4299 ό
658 4239 1057 4309 πανελεήμων
1086 4235 1183 4290 καὶ
1212 4236 1530 4304 οἰκτίρμων

138 4344 468 4403 Ηκουσας,
528 4332 929 4402 Πανελεήμων
975 4332 1154 4395 Θεός;
1190 4328 1283 4397 Μὴ
1336 4326 1530 4398 ἀπόρει

137 4436 161 4489 5
194 4434 323 4504 γὰρ
360 4430 741 4500 πανελεήμων
780 4425 986 4487 πάντας
1024 4424 1199 4487 ἐλεεῖ,
1231 4421 1325 4474 καὶ
1353 4421 1533 4490 ἀμαρ-

137 4532 232 4581 cal
267 4526 513 4597 φίλους.
656 4519 836 4573 τοίνυν
859 4517 1006 4585 λέγε,
1028 4517 1153 4579 Πῶς
1184 4515 1322 4585 ὑπὲρ
1352 4512 1532 4567 αὐτῶν

137 4635 225 4684 ω;
291 4615 488 4679 αὐτὸς
536 4609 831 4665 ὲπακούσει
886 4606 994 4660 τῶν
1040 4606 1276 4675 δεήσεων
1333 4602 1530 4658 αὐτῶν.

3032 263 3139 321 400

1579 387 1895 455 ἀνθρώπου
1922 389 2032 441 οὐκ
2058 386 2259 454 ἀνέϐη.
2293 383 2427 439 Οὐδὲ
2452 384 2557 453 γὰρ
2584 382 2822 454 ἤκουσαν
2842 377 2950 432 τῶν
2974 378 3143 448 ἀπορ-

1580 478 1757 551 ρήτων
1814 478 2159 550 μυστηρίων,
2219 477 2353 530 ἀλλά
2401 476 2592 548 πόρρω
2642 489 2745 525 που
2793 471 2888 525 καὶ
2928 469 3142 540 μακρὰν

1579 572 1859 642 ἑστήκασι.
1892 570 2009 625 Κᾶν
2039 570 2310 624 ἀκούσωσι
2338 568 2417 629 δὲ,
2449 567 2548 620 οὐκ
2577 567 2723 618 ἴσασι
2753 562 2821 615 τὰ
2851 561 3139 630 λεγόμενα·

1580 664 1847 723 συνέσεως
1880 663 1988 733 γὰρ
2018 664 2188 716 δεῖται
2222 660 2425 730 πολλῆς
2455 661 2657 721 ἐκεῖνα,
2695 656 2795 709 οὐκ
2831 652 3147 723 ἀκροάσεως

1583 755 1771 825 μόνης·
1806 754 1907 819 τὰς
1939 754 2087 808 ἔνδον
2121 754 2178 807 δὲ
2210 752 2424 807 οὐδέπω
2455 751 2665 820 ἔχουσιν
2699 747 2886 809 ἀκοάς.
2934 742 3024 796 Διὸ
3054 742 3149 795 καὶ

1582 849 1921 920 προφητικὸν
1966 848 2149 910 αὐτοῖς
2186 844 2475 914 ἐπεύχεται
2516 842 2789 912 χάρισμα·
2836 836 2931 891 καὶ
2974 834 3083 901 γὰρ
3121 831 3151 882 ὁ

1586 941 1873 1010 προφήτης
1900 938 2071 1001 οὕτως
2096 937 2284 1004 ἔλεγεν
2305 953 2319 968 ·
2361 936 2421 987 '0
2450 933 2594 998 Θεὸς
2615 927 2825 983 δίδωσί
2839 944 2937 996 μοι
2957 925 3154 993 γλῶσο

1584 1045 1708 1083 σαν
1727 1031 2018 1097 παιδείας,
2047 1029 2153 1084 τοῦ
2176 1027 2394 1097 γνῶναι
2420 1026 2601 1093 ἡνίκα
2625 1021 2713 1076 δεῖ
2732 1018 2920 1074 εἰπεῖν
2944 1017 3149 1086 λόγον·

1586 1120 1675 1174 ὅτι
1707 1120 1890 1186 αὐτὸς
1913 1122 2139 1191 ἀνοίγει
2159 1137 2277 1189 μου
2303 1120 2367 1172 τὸ
2398 1118 2611 1185 στόμα,
2641 1112 2824 1167 ἔδωκέ
2850 1129 2950 1181 μοι
2985 1107 3154 1176 πρωῖν

1587 1212 1924 1281 προσέθηκέ
1950 1230 2053 1281 μοι
2112 1211 2290 1264 ὠτίον
2333 1210 2574 1264 ἀκούειν
2594 1217 2639 1260 ο.
2692 1206 2903 1274 Ὥσπερ
2956 1200 3063 1270 γὰρ
3105 1198 3156 1251 οἱ

1589 1305 1869 1376 προφῆται
1906 1305 2078 1369 άλλως
2114 1304 2310 1375 ἢκουον
2355 1301 2506 1372 παρὰ
2554 1300 2681 1363 τοὺς
2716 1297 2973 1359 πολλοὺς,
3015 1292 3158 1345 οῦτω

1590 1399 1683 1454 καὶ
1710 1399 1761 1451 οί
1795 1396 1981 1451 πιστοὶ
2021 1395 2171 1468 παρὰ
2206 1394 2333 1458 τοὺς
2371 1390 2829 1464 κατηχουμένους.
2877 1382 3160 1438 Ἐντεῦθεν

1596 1489 1858 1560 μανθάνει
1897 1490 1991 1543 καὶ
2028 1490 2057 1543 ό
2104 1489 2531 1559 κατηχούμενος,
2570 1486 2644 1558 μὴ
2680 1483 2827 1554 παρά
2860 1476 3161 1547 ἀνθρώπων

1593 1579 1767 1635 ταῦτα
1797 1580 2110 1651 μανθάνειν,
2142 1580 2276 1652 μηδὲ
2307 1578 2527 1633 ἀκούειν
2563 1576 2680 1649 (Μὴ
2712 1572 3008 1636 καλέσητε
3027 1568 3159 1638 γὰρ,

1596 1674 1753 1745 φησι,
1790 1672 2166 1727 διδάσκαλον
2193 1672 2292 1726 ἐπὶ
2335 1671 2445 1740 τῆς
2492 1670 2662 1741 γῆς),
2698 1666 2813 1721 ἀλλ’
2848 1662 3049 1719 ἀνωθεν
3099 1662 3166 1713 ἔκ

1594 1767 1705 1819 τῶν
1726 1764 1984 1839 οὐρανῶν·
2021 1767 2309 1819 Ἔσονται
2330 1765 2437 1836 γὰρ
2467 1761 2688 1827 πάντες
2708 1756 2968 1813 διδακτοὶ
2994 1752 3163 1808 Θεοῦ.

1599 1857 1691 1909 Διό
1720 1872 1881 1927 φησι·
1917 1856 2025 1909 Καί
2055 1854 2378 1924 κατηχήσῃ
2411 1852 2632 1917 αὐτοὺς
2668 1849 2775 1903 τὸν
2825 1848 3009 1915 λόγον
3056 1842 3169 1911 τῆς

1599 1948 1905 2016 ἀληθείας·
1936 1947 2075 2001 ὥστε
2113 1945 2324 1999 ἔνδοθεν
2352 1945 2534 2006 αὐτοῖς
2565 1939 2895 2011 ὲνηχεῖσθαι.
2943 1937 3030 1999 Ὠς
3060 1933 3169 2006 γὰρ

1603 2040 1802 2094 εἰδέναι
1848 2041 1974 2110 χρὴ,
2005 2038 2216 2092 οὐδέπω
2245 2037 2392 2090 ίσασι
2427 2034 2518 2086 τὸν
2548 2033 2707 2099 λόγον
2738 2031 2836 2099 τῆς
2889 2028 3168 2097 ἀληθείας.

1605 2132 1730 2188 Ἵνα
1752 2132 2122 2200 κατασπείρῃ
2141 2130 2247 2184 τὸν
2269 2130 2457 2199 φόϐον
2471 2125 2656 2180 αὑτοῦ
2682 2124 2751 2178 ἐν
2769 2121 2992 2186 αὐτοῖς.
3031 2119 3172 2171 Ἀλλ’

1604 2227 1705 2280 οὐκ
1734 2227 1898 2297 ἀρκεῖ
1923 2224 2083 2278 τοῦτο
2103 2242 2115 2255 ·
2145 2224 2213 2277 τὰ
2257 2222 2355 2294 μὲν
2380 2220 2487 2292 γάρ
2522 2219 2685 2272 ἔπεσε
2717 2216 2867 2290 παρά
2895 2214 2992 2286 τὴν
3030 2213 3171 2277 ὁδὸν,

1603 2319 1673 2373 τά
1700 2318 1758 2373 δὲ
1789 2319 1880 2372 ἐπὶ
1909 2318 2008 2387 τῆς
2030 2318 2255 2387 πέτρας.

1665 2418 1744 2477 ς’.
1762 2412 1901 2467 Ἀλλ’
1928 2413 2089 2482 ἡμεῖς
2108 2412 2207 2481 οὐχ
2234 2408 2406 2472 οὕτως
2436 2404 2589 2462 αἰτοῦ
2598 2420 2717 2476 μεν·
2749 2402 2860 2456 ἀλλ’
2879 2400 3068 2470 ὥσπερ
3084 2396 3181 2451 ἐπὶ

1606 2503 1713 2573 γῆς
1754 2503 1991 2573 λιπαρᾶς
2021 2502 2229 2571 ἀνοίγει
2261 2502 2358 2565 τὰς
2389 2499 2630 2576 αὐλακας
2658 2496 2719 2549 τὸ
2750 2496 2999 2567 ἄροτρον,
3034 2490 3179 2545 οὐτω

1606 2599 1703 2652 καὶ
1728 2596 1962 2652 ἐνταῦθα
2001 2595 2255 2666 γενέσθαι
2294 2592 2560 2663 δεόμεθα,
2609 2589 2749 2645 ὥστε
2794 2587 3090 2650 νεωθέντας
3119 2585 3179 2638 έν

1608 2692 1687 2762 τῷ
1722 2691 1876 2763 βάθει
1907 2691 2007 2753 τῆς
2037 2689 2274 2753 διανοίας
2304 2686 2558 2754 δέξασθαι
2593 2684 2664 2738 τά
2707 2679 3181 2749 καταϐαλλόμενα,

1611 2780 1708 2834 καὶ
1758 2782 1867 2833 πᾶν
1906 2780 2043 2849 ὅπερ
2074 2778 2313 2844 ἥκουσαν
2354 2775 2494 2845 μετά
2541 2771 2826 2845 ἀκριϐείας
2868 2769 3181 2838 κατασχεῖν.

1613 2873 1704 2926 Διὸ
1728 2874 1823 2926 καὶ
1835 2874 2031 2940 ἐπάγει
2042 2871 2235 2939 λέγων·
2260 2866 2679 2934 Καὶβεόαιώσῃ
2701 2865 2815 2931 τὴν
2842 2863 3051 2916 πίστιν
3080 2861 3188 2914 αὺ-

1614 2968 1721 3022 τοῦ
1749 2968 1818 3021 ἐν
1863 2966 1993 3032 ταῖς
2028 2965 2320 3029 διανοίαις
2364 2961 2571 3017 αὐτοῦ.
2623 2959 2947 3019 Τουτέστιν,
2976 2956 3063 3009 ἴνα
3108 2955 3186 3026 μὴ

1615 3060 1942 3130 ὲξεπιπολῆς
1983 3060 2200 3130 κέηται,
2231 3056 2346 3110 ἀλλ’
2378 3055 2466 3108 ἴνα
2503 3053 2645 3107 κατά
2687 3051 2883 3121 βάθους
2922 3048 3059 3118 βάλῃ
3088 3046 3189 3115 τὴν

1620 3154 1794 3225 ῥίζαν.
1826 3154 1957 3207 Ἵνα
1984 3149 2350 3216 ἀποκαλύψῃ
2385 3144 2586 3210 αὐτοῖς
2611 3143 2676 3196 τὸ
2706 3139 3055 3211 εὐαγγέλιον
3077 3135 3190 3204 τῆς

1618 3244 2032 3309 δικαιοσύνης.
2069 3240 2318 3293 Δείκνυσι
2351 3235 2571 3291 διπλοῦν
2600 3235 2660 3288 τὸ
2685 3234 2970 3303 κάλυμμα·
2998 3230 3059 3283 τὸ
3091 3229 3191 3300 μὲν

1620 3335 1710 3389 διὰ
1743 3334 1803 3387 τὸ
1840 3332 2142 3404 μεμυκέναι
2190 3329 2372 3384 αὐτῶν
2410 3328 2537 3390 τοὺς
2582 3325 2895 3394 ὀφθαλμοὺς
2934 3322 3033 3391 τῆς
3072 3318 3192 3373 δια-

1624 3428 1793 3490 νοίας,
1823 3426 1880 3478 τὸ
1904 3425 1960 3477 δὲ
1987 3423 2074 3477 διὰ
2102 3422 2163 3476 τὸ
2192 3420 2534 3489 κεκαλύφθαι
2562 3420 2745 3480 αὐτοῖς
2768 3416 2829 3468 τὸ
2850 3413 3190 3482 εὐαγγέλιον.

1624 3517 1715 3571 Διὸ
1751 3516 2006 3584 ἀνωτέρω
2061 3514 2158 3585 μὲν
2202 3512 2407 3580 ἔλεγεν·
2462 3510 2597 3562 Ἵνα
2645 3506 2918 3573 διανοίεῃ
2962 3506 3031 3557 τὰ
3074 3497 3196 3556 ὦτα

1625 3610 1743 3663 τῶν
1774 3605 2029 3676 καρδιῶν
2057 3603 2273 3659 αὐτῶν·
2306 3600 2541 3655 ἐνταῦθα
2568 3600 2645 3663 δὲ,
2680 3599 2803 3653 Ἵνα
2826 3595 3197 3665 ἀποκαλύψῃ

1626 3699 1829 3766 αὐτοῖς
1850 3699 1917 3752 τὸ
1947 3696 2298 3767 εὐαγγέλιον
2322 3692 2428 3761 τῆς
2457 3691 2868 3756 δικαιοσύνης·
2893 3688 3195 3750 τουτέστιν,

1630 3794 1717 3848 ἵνα
1758 3794 1852 3848 καὶ
1897 3793 2092 3855 αὐτοὺς
2146 3790 2341 3858 σοφοὺς
2384 3786 2686 3857 ἐργάσηται
2721 3784 2816 3837 καὶ
2858 3780 3198 3850 ἐπιτηδείους

1631 3888 1767 3958 πρὸς
1802 3884 2088 3954 ὑποδοχὴν,
2134 3882 2228 3935 καὶ
2271 3882 2358 3933 ἵνα
2411 3877 2619 3948 διδάξῃ,
2669 3876 2764 3929 καὶ
2803 3873 3089 3945 καταὸάλῃ
3130 3872 3200 3925 τά

1634 3982 1943 4051 σπέρματα.
1977 3978 2075 4030 "Av
2100 3992 2160 4028 τε
2183 3975 2292 4044 γὰρ
2316 3970 2608 4041 ἐπιτήδειοι
2634 3962 2789 4029 ὦσιν,
2810 3966 2961 4018 οὐδὲν
2984 3962 3199 4031 ὄφελος,

1632 4072 1725 4126 τοῦ
1760 4069 1894 4123 Θεοῦ
1944 4069 2019 4139 μὴ
2050 4065 2505 4127 ἐ.κκαλύϊετοντος⁹
2540 4062 2606 4115 ἄν
2643 4078 2702 4113 τε
2737 4056 3084 4129 ἀποκαλύψῃ,
3124 4055 3201 4125 μὴ

1633 4164 1890 4229 δέξωνται
1923 4161 2000 4225 δὲ,
2032 4160 2191 4215 πάλιν
2217 4160 2296 4221 είς
2319 4158 2382 4210 τὸ
2408 4155 2541 4209 αὐτὸ
2570 4156 2604 4225 ή
2629 4153 2803 4222 ζημία
2835 4149 3198 4220 περιίσταται.

1634 4258 1733 4311 Διά
1770 4255 1929 4309 τοῦτο
1971 4253 2258 4324 ἀμφότερα
2292 4249 2574 4319 αἰτοῦμεν,
2618 4246 2707 4298 ἴνα
2749 4243 2845 4297 καὶ⁹
2878 4241 3060 4311 ἀνοίξῃ
3103 4238 3204 4300 τὰς

1634 4350 1881 4424 καρδίας,
1906 4347 2002 4401 καὶ
2024 4343 2352 4413 ἀποκαλύψῃ
2380 4341 2440 4393 τὸ
2467 4337 2805 4406 εὐαγγέλιον.
2834 4333 2968 4386 Οὐδὲ
2996 4331 3128 4399 γὰρ,
3155 4331 3205 4381 εἰ

1637 4422 1841 4514 κόσμος
1861 4440 2040 4495 κέοιτο
2066 4433 2341 4508 βασιλικὸς
2364 4430 2571 4485 ἀνωθεν
2594 4425 3030 4496 κεκαλυμμένος,
3053 4422 3206 4474 ἔσται

1637 4558 1693 4593 τι
1722 4537 1884 4591 πλέον
1920 4530 2213 4603 ὀφθαλμῶν
2255 4525 2578 4598 βλεπόντων·
2618 4521 2804 4591 ῶσπερ
2833 4514 2927 4572 οῦν
2959 4515 3081 4571 οὐδὲ
3110 4530 3207 4582 γε·

1639 4627 2021 4701 γυμνωμένου,
2074 4621 2279 4676 τούτων
2335 4616 2411 4688 μὴ
2455 4611 2854 4685 ἰγρηγορότων.
2915 4607 3102 4662 Ταῦτα
3151 4604 3209 4658 δὲ

137 4712 176 4763 ἑὲ
211 4704 690 4777 κατηχουμένων
728 4702 812 4765 τίς
844 4699 910 4754 ἀν
941 4699 1049 4770 εἴη,
1085 4697 1198 4752 ἀλλ’
1229 4697 1263 4768 ἢ
1290 4697 1429 4749 ὥστε
1460 4696 1536 4768 μὴ

138 4818 393 4871 νατηχου
402 4799 617 4870 μένους
639 4815 654 4863 ;
677 4792 810 4849 Είτα
830 4794 923 4846 καὶ
947 4790 1276 4862 ὑπαγορεύει
1296 4790 1395 4859 τῆς
1422 4790 1535 4841 ἱκε-

137 4893 241 4947 τὸν
300 4892 564 4963 τρόπον,
606 4887 701 4951 Τίς
740 4886 798 4939 δὲ
855 4878 1008 4947 οῦτός
1052 4885 1230 4949 tactv;
1282 4882 1413 4938 Ἵνα
1454 4880 1537 4934 δι-

137 4987 209 5037 ξὰ
241 4979 393 5037 ὦτα
418 4981 558 5035 τῶν
584 4978 839 5049 καρδιῶν
868 4975 1084 5031 αὐτῶν.
1120 4975 1346 5045 Μέμυκε
1374 4974 1402 5014 ι)
1432 4974 1539 5046 γὰρ

143 5074 498 5144 βέὸυσται.
536 5066 676 5123 ’Ὦτα
700 5068 755 5121 δὲ
785 5067 845 5120 οὐ
870 5066 1043 5120 ταῦτά
1070 5081 1203 5135 φησι
1233 5062 1299 5116 τὰ
1323 5062 1539 5127 ἔξωθεν,

138 5165 325 5237 4561
352 5165 475 5234 τῆς
500 5161 766 5222 διανοίας.
788 5161 965 5211 Ὥστε
987 5155 1242 5212 ἀκοῦσαι
1267 5154 1305 5209 ἂ
1324 5157 1544 5224 ὀφθαλ-

144 5255 331 5321 εἷδε,
360 5256 487 5310 καὶ
522 5251 634 5321 οὖς
656 5256 765 5307 οὐκ
790 5251 1157 5309 ἤκουσε-καὶ
1178 5248 1275 5302 ἐπὶ
1298 5247 1547 5317 καρδίαν

1642 4791 1707 4886 δή
1740 4791 1946 4876 ίὲστιν,
1991 4804 2359 4875 Εὐαγγέλιον
2414 4798 2845 4863 δικαιοσύνης;
2898 4794 2971 4847 Τὸ
3024 4791 3212 4845 ποιοῦν

1644 4884 1904 4969 δικαίους.
1930 4901 2028 4955 Διά
2049 4897 2253 4953 τούτων
2276 4892 2385 4963 γὰρ
2410 4893 2492 4955 είς
2525 4888 2821 4958 ιπιθυμίαν
2865 4886 3061 4949 αὐτοὺς
3088 4884 3211 4953 ἄγει

1646 4999 1740 5053 τοῦ
1802 4993 2205 5067 βαπτίσματος,
2255 4984 2470 5046 δεικνὺς
2523 4982 2605 5035 ὅτι
2659 4979 2757 5049 οὐχ
2802 4978 3215 5049 ἁμαρτημάτων

1649 5087 1896 5161 ἀφέσεὼς
1933 5087 2048 5138 ἐστι
2104 5082 2265 5152 μόνον
2311 5076 2373 5131 τὸ
2428 5073 2770 5143 εὐαγγέλιον,
2814 5070 2951 5124 ἀλλά
3002 5069 3097 5122 καὶ
3137 5069 3215 5121 δι-

1651 5160 1945 5249 καιοσύνης
1972 5175 2122 5247 [457]
2167 5168 2469 5241 ποιητικόν.
2504 5168 2627 5223 Ἵνα
2659 5163 2863 5230 αὐτοῖς
2890 5162 3021 5229 δοίη
3066 5160 3218 5214 νοῦν

1651 5278 1889 5336 ἔνθεον,
1920 5268 2201 5337 σώφρονα
2229 5260 2543 5332 λογισμὸν,
2586 5257 2686 5312 καί
2731 5254 3011 5324 ἐνάρετον
3045 5255 3214 5305 πολι-

1652 5366 1836 5420 τείαν.
1884 5356 2257 5411 Ἀκουέτωσαν
2298 5352 2348 5405 οί
2387 5350 2586 5415 πιστοὶ,
2624 5349 2740 5401 ὅσοι
2787 5348 2901 5407 τοῖς
2948 5343 3213 5412 βιωτικοῖς

1653 5461 1757 5514 εἰσι
1791 5447 2201 5525 προσηλωμένοι
2228 5444 2563 5515 πράγμασιν.
2594 5440 2656 5495 El
2679 5439 2783 5509 γὰρ
2809 5438 2919 5499 τοῖς
2950 5436 3214 5506 ἀμυήτοις

138 5404 305 5452 οὕτω
332 5402 618 5450 τιμᾶσθαι.
646 5398 794 5454 Ediﬁ,
817 5398 943 5444 οὕτω
964 5396 1187 5457 γίνεσθαι.
1215 5396 1333 5454 Qum
1355 5394 1419 5442 de
1444 5397 1548 5457 ca;-

137 5466 184 5513 is
250 5466 355 5512 hic
384 5465 669 5519 dicuntur,
716 5459 940 5508 pluribus
960 5454 1214 5519 disquisita
1255 5458 1478 5518 reperies
1495 5454 1545 5505 in

144 5541 181 5572 θ
218 5525 533 5585 generali.

137 5579 376 5637 is‘éuxe.
441 5586 608 5634 Error
643 5587 782 5631 ortus
815 5594 875 5628 ex
910 5579 1229 5628 similitudine
1270 5580 1544 5628 litterarum

198 5663 303 5698 ms
358 5650 476 5697 aevi
503 5645 756 5702 cujusdam
803 5650 859 5693 ut
908 5642 1076 5691 videre
1100 5644 1253 5703 possis
1288 5643 1337 5692 iu
1365 5643 1546 5690 Palma-

198 5672 303 5698 una
358 5672 444 5697 ἔτι
464 5672 476 5695 l
503 5672 756 5702 UIIJuaudlu
806 5672 859 5693 υι
913 5672 1076 5691 νιυιιῠ
1101 5672 1253 5703 ιιυῠειισ
1290 5672 1337 5692 ιιι
1365 5672 1381 5690 ι
1401 5672 1537 5690 αιανν-

137 5719 307 5761 )stra
339 5724 403 5773 p.
446 5707 575 5758 536.

1708 5687 1751 5727 ’θ
1782 5693 1851 5743 Ms
1879 5728 1891 5752 ,
1916 5687 2129 5749 ἀκούειν,
2143 5692 2193 5736 el
2215 5692 2280 5736 Ila
2303 5684 2487 5748 legitur
2510 5694 2559 5731 ιιι
2590 5677 2774 5729 Bibliis.
2802 5675 2929 5726 Edili
2957 5709 2970 5733 ,
3003 5672 3187 5721 cum».

1642 4698 1929 4794 ἀμφότερα
1951 4716 2161 4786 γίνεται
2180 4756 2195 4779 ,
2227 4711 2297 4765 ἂν
2322 4710 2522 4762 ἐκεῖνοι
2553 4705 2783 4758 ῑλωνται
2813 4700 3099 4771 πρότερον.
3143 4698 3211 4751 Τί
3322 4745 3331 4753 ,
