3780 6320
428 247 529 312 $9!
1166 248 1225 304 S.
1259 245 1550 304 JOANNIS
1585 245 2074 304 CHRYSOSTOMI
2113 248 2437 306 ARCHIEP.
2485 251 3036 312 CONSTANTI‘NOP.

421 362 752 435 κελευόμεθα
767 362 940 418 ταῦτα
955 366 1148 428 αἰτεῖν,
1171 365 1422 435 ἐννόησον
1444 367 1501 418 ἐν
1519 365 1661 419 τίσιν
1679 367 1825 436 ἡμᾶς
1849 361 1988 418 εἶναι

422 455 550 526 χρὴ,
574 456 701 518 τοὺς
727 456 898 508 ταῦτα
928 455 1133 526 ἐτέροις
1159 455 1463 519 αἰτοῦντας⁸
1493 456 1589 510 καὶ
1616 455 1726 528 γάρ
1754 457 1988 526 ἐφάμιλ-

418 545 508 599 λον
554 545 636 598 δεῖ
665 544 742 616 τῷ
779 546 1096 617 Εὐαγγελίῳ
1137 546 1236 617 τὴν
1281 547 1555 601 πολιτείαν
1603 547 1765 618 ἔχειν.
1804 547 1894 600 Διὸ
1925 545 1988 616 δὴ

420 635 516 687 καὶ
540 635 638 702 τῆς
677 635 840 706 εὐχῆς
884 637 912 687 6
956 636 1119 705 νόμος
1156 636 1263 690 ἀπὸ
1302 636 1410 689 τῶν
1435 636 1718 707 δογμάτων
1752 637 1843 690 ἐπὶ
1889 635 1988 708 τὴν

421 726 699 778 πολιτείαν
733 726 1063 798 μεταϐαίνει.
1099 728 1282 781 Εἰπὼν
1305 727 1435 800 γὰρ,
1471 729 1604 784 Ἵνα
1620 729 1987 799 ἀποκαλύψῃ

418 807 622 881 αὐτοῖς
646 816 711 870 τὸ
736 818 1087 888 εὐαγγέλιον
1117 816 1225 886 τῆς
1251 818 1656 886 δικαιοσύνης,
1685 821 1986 890 ἐπήγαγεν

421 905 546 958 Ἵνα
576 905 657 971 δῷ
683 906 885 973 αὐτοῖς
925 908 1073 961 νοῦν
1100 907 1328 961 ἔνθεον.
1360 907 1424 958 Τί
1457 907 1513 959 δέ
1543 909 1709 970 ἐστιν,
1743 907 1986 972 ἓνθεον;

421 996 536 1048 Ἵνα
577 999 606 1050 6
633 996 762 1060 Θεὸς
792 999 913 1068 οἰκῇ
959 999 1018 1049 ἐν
1055 997 1220 1069 αὐτῷ·
1270 997 1593 1062 Ἐνοικήσω
1628 997 1758 1069 γὰρ,
1801 997 1986 1067 φησὶν,

421 1090 491 1141 ὲν
521 1089 725 1157 αὐτοῖς
760 1089 859 1142 καὶ
891 1089 1367 1160 ἐμπεριπατήσω.
1410 1091 1578 1144 Ὅταν
1611 1090 1717 1160 γὰρ
1764 1089 1990 1159 γένηται

419 1177 626 1244 δίκαιος
673 1183 701 1233 6
756 1181 879 1244 νοῦς
899 1221 914 1242 ,
963 1183 1088 1234 ὃταν
1121 1181 1453 1250 άποδύσηται
1484 1183 1552 1235 τὰ
1580 1181 1987 1251 ἁμαρτήματα,

419 1266 567 1334 οἶκος
601 1271 809 1340 γίνεται
838 1271 931 1325 τοῦ
965 1272 1121 1325 Θεοῦ·
1159 1273 1286 1326 όταν
1312 1274 1367 1326 δὲ
1395 1275 1422 1326 6
1454 1272 1586 1337 Θεὸς
1611 1274 1813 1343 ἐνοικῇ,
1837 1271 1990 1325 οὐδὲν

422 1363 761 1433 ἀνθρώπινον
797 1363 947 1418 ἔσται
976 1364 1180 1421 λοιπόν.
1215 1367 1326 1421 Kal
1353 1365 1494 1420 οὕτω
1518 1366 1725 1435 γίνεται
1751 1364 1935 1428 ἔνθους
1961 1365 1990 1416 6

421 1457 566 1522 νοῦς,
604 1456 817 1510 ἅπαντα
849 1457 1218 1527 φθεγγόμενος
1263 1457 1472 1511 ἐκεῖθεν
1493 1499 1508 1522 ,
1551 1456 1738 1528 ῶσπερ
1771 1453 1862 1509 οὖν
1897 1455 1991 1509 καὶ

421 1547 570 1615 οἶκος
593 1551 686 1604 τοῦ
713 1549 846 1604 Θεοῦ
887 1551 1034 1605 ἔνδον
1060 1551 1356 1616 οἰκοῦντος.
1407 1553 1465 1604 '0
1494 1551 1859 1622 αἰσχρολογῶν
1882 1550 1990 1622 ἄρα

421 1637 523 1708 οὐκ
553 1642 663 1714 ἔχει
691 1641 870 1696 ἔνθεον
903 1641 1050 1708 νοῦν,
1081 1643 1202 1696 οὐδὲ
1243 1645 1270 1696 6
1312 1641 1644 1714 εὐτραπελίᾳ
1673 1643 1767 1695 καὶ
1790 1640 1989 1709 γέλωτι

421 1734 648 1804 χαίρων.
689 1732 971 1802 Σώφρονα
1000 1731 1313 1802 λογισμόν.
1346 1733 1457 1785 Kal
1488 1731 1540 1785 τί
1570 1731 1700 1785 ποτέ
1736 1731 1850 1784 ἐστι
1887 1728 1991 1782 σώ-

422 1840 596 1894 φρονα
622 1822 880 1894 λογισμὸν
912 1822 1089 1894 ἔχειν;
1124 1822 1197 1876 Τὸ
1223 1822 1320 1892 τὴν
1351 1822 1537 1892 ὑγείαν
1572 1820 1867 1893 κεκτῆσθαι
1889 1819 1989 1891 τὴν

421 1917 564 1970 κατὰ
581 1916 777 1992 ψυχήνδ
802 1916 877 1982 ὡς
897 1917 925 1970 δ
947 1934 1009 1985 γε
1033 1915 1395 1988 κατεχόμενος
1416 1915 1679 1986 ἐπιθυμίᾳ
1700 1913 1986 1986 πονηρίας,

421 2009 516 2062 ναὶ
548 2007 684 2078 πρὸς
720 2008 788 2060 τὰ
833 2007 1076 2078 παρόντα
1111 2007 1444 2080 ἐπτοημένος
1466 2047 1482 2072 ,
1521 2008 1623 2061 οὐκ
1654 2006 1720 2062 ἂν
1765 2005 1850 2078 εἴη
1887 2004 1991 2059 σώ-

420 2098 596 2172 φρων,
623 2098 920 2163 τουτέστιν,
959 2100 1136 2170 ὐγιής.
1161 2099 1270 2154 Kal
1294 2098 1482 2171 ῶσπερ
1512 2102 1540 2154 6
1563 2098 1734 2152 νοσῶν
1763 2097 1858 2152 καὶ
1881 2095 1989 2152 τῶν

417 2192 482 2244 οὐ
537 2192 924 2261 προσηκόντων
977 2190 1254 2262 ἐπιθυμεῖ,
1310 2189 1453 2244 οὕτω
1501 2190 1598 2243 καὶ
1653 2183 1826 2251 οὗτος.
1878 2185 1990 2242 Kal

417 2277 702 2347 ἐνάρετον
753 2280 1086 2334 πολιτείαν.
1144 2280 1225 2333 Τά
1274 2278 1382 2349 γάρ
1427 2278 1675 2350 δόγματα
1718 2275 1988 2339 πολιτείας

421 2372 608 2442 χρείαν
644 2371 779 2441 ἔχει.
806 2372 1098 2428 ’Δκούσατε
1119 2373 1342 2440 τούτων,
1372 2372 1422 2424 οί
1451 2371 1586 2442 πρὸς
1609 2370 1686 2441 τῷ
1712 2371 1859 2424 τέλει
1893 2369 1986 2423 τοῦ

423 2462 541 2533 βίου
580 2464 670 2516 ἐπὶ
703 2464 764 2517 τὸ
798 2463 1083 2536 βάπτισμα
1121 2465 1311 2528 ἰόντες,
1371 2465 1564 2536 Ἡμεῖς
1607 2465 1706 2535 μὲν
1743 2461 1852 2535 γὰρ
1895 2461 1994 2536 εὖ⁹,

421 2555 650 2625 χόμεθα,
687 2555 770 2608 ἵνα
806 2555 945 2625 μετά
971 2555 1032 2608 τὸ
1063 2555 1345 2626 βάπτισμα
1378 2557 1471 2608 καὶ
1496 2553 1773 2626 πολιτείαν
1800 2554 1985 2624 σχῆτε·

421 2649 488 2699 σὺ
519 2645 577 2699 δέ
627 2634 876 2710 σπεύδεις
919 2647 1015 2700 καὶ
1060 2647 1237 2701 πάντα
1286 2649 1480 2711 ποιεῖς,
1525 2645 1667 2700 ὥστε
1714 2644 1988 2706 πολιτείας

418 2738 625 2810 ἔρημος
653 2738 925 2816 ἀπελθεῖν.
961 2739 1026 2792 Τί
1069 2739 1199 2813 γὰρ,
1250 2741 1296 2792 εἰ
1326 2741 1419 2793 καὶ
1451 2739 1659 2803 δίκαιος
1689 2737 1837 2810 γίνῃ.
1873 2737 1986 2791 ἀλλ’

419 2831 530 2884 άπὸ
561 2831 661 2902 τῆς
687 2830 920 2894 πίστεως
951 2831 1153 2901 μόνης;
1193 2832 1382 2902 Ἡμεῖς
1404 2831 1464 2885 δέ
1483 2831 1594 2906 καὶ
1627 2830 1725 2903 τὴν
1754 2830 1862 2884 άπὸ
1881 2829 1988 2884 τῶν

420 2922 859 2995 κατορθωμάτων
885 2923 1155 2994 εὐχόμεθα
1187 2928 1333 2994 σχεῖν
1370 2925 1704 2997 παρρησίαν.
1732 2926 1987 2977 Διαπαν-

418 3015 522 3081 τὸς
559 3015 632 3070 τὰ
657 3015 842 3070 αὐτοῦ
883 3016 1066 3080 νοεῖν,
1095 3017 1167 3070 τὰ
1196 3016 1382 3071 αὐτοῦ
1411 3016 1675 3086 φρονεῖν,
1705 3017 1774 3071 τὰ
1801 3015 1986 3070 αὐτοῦ

411 3107 695 3178 μελετᾷν.
728 3107 987 3180 Σώφρονα
1015 3109 1122 3180 γάρ
1155 3108 1414 3179 λογισμὸν
1435 3109 1530 3162 καὶ
1554 3109 1808 3180 ἐνάρετον
1833 3108 1987 3162 πολι-

416 3186 565 3252 τείαν
607 3200 666 3253 οὐ
711 3200 838 3271 μίαν
875 3201 1089 3272 ἡμέραν
1133 3201 1256 3254 οὐδέ
1293 3200 1386 3254 δύο
1424 3201 1521 3254 καὶ
1550 3203 1699 3274 τρεῖς
1729 3200 1988 3271 αἰτοῦμεν

420 3277 602 3361 μόνον,
636 3291 771 3344 ἀλλὰ
802 3290 891 3345 διὰ
919 3292 1118 3356 παντὸς
1157 3291 1252 3346 τοῦ
1285 3293 1400 3364 βίου
1435 3293 1529 3347 καὶ
1563 3293 1661 3363 τῆς
1695 3293 1859 3363 ζωῆς,
1893 3293 1988 3346 καὶ

415 3386 515 3452 τὴν
563 3383 818 3436 ὑπόθεσιν
861 3383 968 3436 τῶν
1013 3383 1236 3451 ἀγαθῶν
1269 3385 1543 3450 ἁπάντων,
1597 3384 1659 3437 τὸ
1706 3383 1775 3438 τά
1821 3383 1984 3438 αὐτοῦ

418 3478 653 3545 φρονεῖν.
691 3477 756 3527 Ol
787 3473 898 3542 γὰρ
929 3475 1149 3528 πολλοὶ
1188 3474 1262 3528 τὰ
1300 3475 1531 3529 ἑαυτῶν
1573 3474 1873 3544 ζητοῦσιν,
1915 3478 1987 3530 οὐ

415 3558 489 3618 τά
523 3565 717 3633 Ἰησοῦ
745 3566 1021 3632 Χριστοῦ.
1053 3565 1177 3631 Πῶς
1209 3563 1303 3621 οὖν
1335 3567 1492 3622 τοῦτο
1525 3567 1591 3621 ἂν
1620 3567 1861 3636 γένοιτο;
1908 3569 1988 3622 δεῖ

417 3660 526 3728 γὰρ
568 3657 706 3728 μετὰ
737 3657 836 3728 τῆς
877 3658 1042 3728 εὐχῆς
1075 3658 1169 3712 καὶ
1200 3659 1268 3712 τά
1299 3659 1430 3731 παρ’
1464 3660 1673 3712 ἑαυτῶν
1706 3661 1986 3729 συνεισφέ-

419 3761 554 3820 ρειν.
591 3750 715 3803 Ἐάν
754 3753 812 3802 ἐν
841 3749 918 3819 τῷ
946 3751 1094 3823 νόμῳ
1133 3750 1298 3805 αὐτοῦ
1325 3750 1743 3823 καταγινώμεθα
1769 3752 1986 3824 ἡμέρας

417 3842 514 3895 καὶ
569 3841 784 3904 νυκτός·
831 3840 911 3894 διὸ
954 3842 1048 3895 καὶ
1101 3841 1295 3911 ἐπάγει
1319 3842 1477 3897 τοῦτο
1524 3843 1692 3896 αίτῶν
1722 3859 1737 3873 ·
1783 3845 1878 3897 Ἐν
1905 3844 1986 3909 τῷ

415 3935 579 4001 νόμῳ
634 3931 822 3986 αὐτοῦ
874 3935 1316 4002 καταγίνεσθαι.
1369 3935 1477 3988 Kal
1521 3934 1709 4006 ῶσπερ
1743 3935 1853 3990 ἄνω
1901 3937 1982 3998 τὸ,

415 4025 766 4089 Διαπαντὸς,
827 4021 1001 4085 εἶπεν,
1056 4024 1228 4088 οὕτως
1277 4024 1537 4092 ἐνταῦθα,
1599 4026 1838 4094 Ἡμέρας
1885 4027 1984 4082 καί

414 4114 658 4179 νυκτός.
683 4113 775 4166 Διὸ
801 4113 898 4166 καὶ
924 4113 1247 4186 αἰσχύνομαι
1268 4115 1355 4169 διὰ
1380 4117 1504 4179 τοὺς
1525 4115 1671 4182 ἅπαξ
1690 4115 1782 4170 τοῦ
1811 4118 1986 4170 ἐνιαυ-

414 4203 511 4257 τοῦ
540 4204 693 4273 μόλις
721 4206 779 4257 ἐν
808 4205 1072 4275 ἐκκλησίᾳ
1101 4208 1481 4276 φαινομένους.
1513 4206 1647 4260 Τίνα
1669 4206 1776 4278 γάρ
1810 4210 1985 4278 σχοῖεν

415 4281 713 4363 ἀπολογίαν
733 4297 781 4348 οἰ
804 4295 871 4348 δι’
897 4296 1110 4367 ἡμέρας
1129 4297 1222 4350 καί
1243 4297 1434 4361 νυκτὸς
1454 4297 1553 4368 οὐχ
1576 4297 1760 4363 ἁπλῶς
1776 4299 1985 4371 ὁμιλεῖν

414 4386 494 4456 τῷ
526 4387 694 4457 νόμῳ,
733 4387 868 4441 ἀλλὰ
901 4389 1290 4458 καταγίνεσθαι
1336 4390 1707 4462 κελευόμενοι,
1737 4391 1985 4446 τουτέστι

417 4477 894 4548 προσαδολεσχεῖν,
933 4479 1028 4532 καὶ
1072 4481 1206 4551 μηδὲ
1255 4480 1316 4533 τὸ
1362 4481 1651 4535 πολλοστὸν
1693 4482 1859 4558 μέρος
1885 4485 1986 4553 τῆς

413 4566 562 4639 ζωῆς
595 4570 754 4624 τοῦτο
784 4569 1098 4634 ποιοῦντες,
1143 4571 1252 4624 τῶν
1291 4569 1521 4627 ἐντολῶν
1567 4574 1732 4627 αὐτοῦ
1774 4591 1986 4649 μνημο-

413 4662 611 4724 νεύειν,
640 4661 708 4716 τά
735 4661 1078 4732 δικαιώματα
1108 4662 1271 4716 αὐτοῦ
1303 4663 1628 4732 φυλάσσειν;

418 4766 422 4772 '
486 4754 549 4818 ζ’.
579 4749 732 4818 Εἶδες
758 4755 943 4826 σειρὰν
982 4754 1234 4824 ἀρίστην,
1277 4756 1368 4808 καὶ
1397 4757 1515 4820 πῶς
1540 4758 1772 4813 ἕκαστον
1807 4760 1986 4817 αὐτῶν

413 4843 509 4896 τοῦ
551 4843 699 4916 [458]
749 4846 978 4916 πλησίον
1021 4844 1224 4916 ἔχεται,
1275 4846 1454 4917 πάσης
1497 4851 1702 4919 χρυσῆς
1747 4841 1987 4918 ἁλύσεως

415 4931 820 5008 ἀσφαλέστερόν
863 4955 922 4992 τε
959 4941 1054 4992 καὶ
1103 4939 1544 5012 εὐπρεπέστερον
1591 4942 1982 5013 συγκείμενονς

417 5025 658 5096 Αἰτήσας
679 5026 788 5098 γὰρ
810 5027 935 5082 νοῦν
957 5029 1157 5096 ἔνθεον,
1182 5031 1330 5098 λέγει
1358 5031 1474 5094 πῶς
1499 5031 1565 5084 ἂν
1585 5027 1792 5100 γένοιτο
1810 5027 1983 5099 οὗτος.

420 5117 544 5179 Πῶς
567 5117 611 5170 δ’
632 5117 699 5172 ἂν
728 5120 936 5188 γένοιτο
958 5139 972 5187 ;
1010 5121 1105 5176 Ἐκ
1127 5123 1221 5177 τοῦ
1242 5124 1532 5188 διαπαντὸς
1554 5125 1712 5178 αὐτὸν
1736 5127 1981 5200 μελετᾷν.

420 5209 590 5268 Τοῦτο
621 5209 678 5263 δὲ
709 5213 821 5277 πῶς
856 5213 922 5267 ἂν
958 5216 1228 5287 συμϐαίη;
1285 5206 1379 5271 Ἐκ
1412 5218 1506 5270 τοῦ
1535 5217 1611 5288 τῷ
1642 5219 1789 5289 νόμῳ
1819 5238 1987 5292 προσ-

420 5302 564 5371 ἐχειν
608 5299 891 5371 διηνεκῶς.
945 5306 1068 5369 Πῶς
1118 5307 1162 5360 δ’
1201 5308 1266 5362 ἂν
1307 5309 1661 5380 πεισθείησαν
1708 5311 1985 5382 ἄνθρωποι
2023 5359 2030 5367 .

419 5395 612 5462 τοῦτο,
658 5397 720 5449 Εἰ
748 5397 846 5460 τὰς
875 5399 1091 5463 ἐντολὰς
1133 5403 1562 5473 αὐτοῦ’τηροῖεψ
1603 5406 1802 5474 μᾶλλον
1839 5407 1895 5460 δέ
1923 5409 1986 5461 ἐκ

419 5485 514 5537 τοῦ
544 5486 621 5556 τῷ
659 5486 808 5557 νόμῳ
853 5488 1172 5558 προσέχε.ν,
1205 5491 1300 5543 καὶ
1326 5493 1388 5544 τὸ
1420 5494 1517 5556 τὰς
1556 5495 1774 5558 ἐντολὰς
1799 5500 1986 5568 τηρεῖν

420 5578 652 5638 γίνεται·
687 5578 878 5651 ῶσπερ
901 5577 994 5635 οὖν
1024 5584 1118 5636 καὶ
1143 5585 1207 5635 ἐκ
1232 5582 1326 5634 τοῦ
1352 5585 1420 5636 τὰ
1449 5584 1614 5638 αὐτοῦ
1646 5591 1863 5658 φρονεῖν
1895 5592 1988 5643 καὶ

421 5669 602 5726 ἔνθεον
636 5671 781 5744 ἔχειν
830 5673 974 5744 νοῦν,
1011 5675 1070 5734 τὸ
1114 5675 1182 5729 τά
1228 5675 1392 5731 αὐτοῦ
1431 5679 1678 5750 μελετᾷν.
1723 5681 1987 5744 ’Ἐκαστον

2097 368 2207 441 γάρ
2249 369 2359 424 τῶν
2403 371 2708 443 εἰρημένων
2743 371 2837 425 καὶ
2875 371 3384 441 συγκατασκευάζει
3431 373 3496 428 τὸ
3535 375 3668 446 πλη.

2098 461 2235 526 σίον,
2270 462 2366 517 καὶ
2398 463 2975 531 συγκατασκευάζεται
3025 466 3156 536 παρ’
3197 465 3366 520 αὐτοῦ
3386 506 3403 532 ,
3449 467 3667 535 συνέχον

2094 571 2156 608 τε
2202 555 2332 619 αὐτὸ
2361 555 2456 609 καὶ
2486 556 2844 626 συνεχόμενον
2872 559 3004 627 παρ’
3043 555 3232 611 αὐτοῦ.
3280 559 3404 610 Ἔτι
3438 556 3667 610 ἐκτενέ-

2097 665 2314 716 στερον
2339 649 2488 717 ὑπὲρ
2513 648 2710 703 αὐτῶν
2742 649 3272 719 παρακαλέσωμεν.
3310 648 3537 720 Ἐπειδὴ
3565 649 3666 720 γάρ

2096 740 2154 793 ἐν
2185 739 2265 810 τῷ
2300 738 2494 810 μακρῴ
2533 739 2677 811 λόγῳ
2707 740 3176 812 καταδαρθάνειν’
3208 739 3399 795 εἴωθεν
3435 743 3471 810 ἡ
3503 741 3665 810 ψυχὴ.

2096 831 2258 884 πάλιν
2296 831 2466 901 αὐτὴν
2497 831 2822 900 διανίστησι.
2861 833 3091 901 Μεγάλα
3121 833 3230 904 γὰρ
3266 833 3522 903 βούλεταί
3555 850 3666 886 τινα

2094 923 2314 992 αἰτῆσαι
2332 923 2493 976 πάλιν
2519 923 2613 977 καὶ
2634 923 2832 993 ὑψηλά·
2855 924 2934 978 διό
2957 942 3143 996 φησιν*
3169 926 3297 983 Ἔτι
3321 925 3668 978 ἐκτενέστε-

2086 1030 2202 1080 ρον
2251 1013 2404 1081 ὑπὲρ
2448 1013 2649 1068 αὐτῶν
2696 1015 3231 1085 παρακαλέσωμεν.
3276 1016 3343 1069 Τί
3395 1016 3458 1068 δὲ
3514 1013 3666 1067 τοῦτό

2094 1107 2274 1171 ὲστιν;
2305 1107 2428 1160 Ἵνα
2448 1105 2722 1174 ἐξέληται
2752 1107 2973 1173 αὐτοὺς
2997 1108 3114 1162 ἀπὸ
3138 1108 3370 1174 παντὸς
3396 1107 3663 1174 πονηροῦ

2095 1196 2195 1251 καί
2232 1197 2459 1251 ἀτόπου
2490 1197 2855 1268 πράγματος.
2897 1197 3162 1253 Ἐνταῦθα
3188 1198 3250 1252 τὸ
3282 1199 3360 1269 μὴ
3407 1196 3663 1251 εἰσελθεῖν

2096 1291 2176 1352 εἰς
2209 1288 2510 1360 πειρασμὸν
2536 1289 2630 1342 καὶ
2660 1289 2722 1342 τὸ
2751 1289 2930 1359 πάσης
2961 1288 3258 1359 ἐπιϐουλῆς
3283 1289 3663 1359 ἀπαλλαγῆναι

2095 1380 2355 1450 αἰτοῦμεν
2389 1379 2572 1442 αὐτοῖς
2607 1379 2934 1450 σωματικῶν
2975 1396 3033 1432 τε
3062 1378 3198 1450 όμοῦ
3243 1379 3339 1432 καὶ
3366 1396 3664 1450 πνευματιο

2097 1471 2209 1526 κῶν
2237 1472 2265 1511 b
2285 1488 2298 1500 ·
2325 1471 2405 1525 διὸ
2431 1471 2525 1525 καὶ
2552 1471 2746 1541 ἐπάγει
2775 1471 2969 1539 λέγων’
3010 1470 3142 1525 Ἀπὸ
3162 1471 3387 1538 παντὸς
3409 1472 3664 1540 ἁμαρτή-

2090 1579 2278 1633 ματος
2311 1563 2680 1628 διαϐολικοῦ,
2723 1563 2822 1616 καὶ
2872 1562 3072 1629 πάσης
3110 1562 3526 1633 περιστάσεως
3562 1563 3661 1617 τοῦ

2106 1654 2549 1725 Ἅντικειμένου
2570 1671 2585 1686 ·
2620 1656 2743 1718 τοὺς
2795 1655 3135 1726 πειρασμοὺς
3189 1654 3366 1725 δηλῶν
3422 1656 3518 1708 καὶ
3569 1652 3660 1717 τὶς

2097 1745 2388 1818 ἁμαρτίας.

2107 1890 2109 1892 ,
2167 1836 2568 1908 Εὐπερίστατον
2599 1835 2706 1907 γάρ
2729 1836 2762 1906 ἡ
2787 1833 3030 1906 ἁμαρτία
3047 1874 3062 1898 ,
3085 1833 3351 1889 πάντοθεν
3374 1835 3656 1907 ἰσταμὲνη,

2095 1924 2426 1996 ἔμπροσθεν,
2451 1924 2696 1987 ὄπισθεν,
2731 1923 2825 1976 καὶ
2851 1922 3023 1986 οὕτως
3049 1924 3196 1993 ἡμᾶς
3226 1924 3653 1977 καταϐάλλουσα.

2110 2017 2324 2088 Ἐπειδὴ
2357 2017 2465 2088 γάρ
2495 2012 2646 2069 εἶπεν
2672 2014 2707 2069 ἃ
2747 2015 2828 2068 δεῖ
2854 2014 3107 2082 γενέσθαι
3131 2015 3258 2086 παρ’
3283 2015 3469 2084 ἡμῶν,
3503 2018 3558 2067 ἐν
3587 2014 3656 2085 τῷ

2094 2111 2244 2181 νόμῳ
2273 2109 2439 2163 αὐτοῦ
2479 2107 2892 2176 καταγίνεσθαι,
2924 2105 3032 2159 τῶν
3065 2104 3291 2160 ἐντολῶν
3323 2105 3494 2160 αὐτοῦ
3531 2125 3655 2176 μνη-

2099 2200 2375 2273 μονεύειν,
2406 2199 2475 2254 τὰ
2516 2197 2858 2269 δικαιώματα
2903 2197 3069 2251 αὐτοῦ
3120 2197 3444 2267 φυλάττειν·
3493 2197 3654 2251 πείθει

2095 2291 2300 2355 λοιπὸν,
2317 2291 2414 2344 ότι
2453 2289 2574 2343 οὐδὲ
2605 2289 2778 2342 ταῦτα
2805 2290 2983 2359 ἀρκεῖ,
3011 2289 3076 2341 ἂν
3109 2290 3183 2360 μὴ
3209 2288 3370 2350 αὐτὸς
3395 2292 3546 2360 παρῇ
3573 2289 3655 2340 καὶ

2096 2382 2288 2456 βοηθῇ.
2331 2380 2465 2434 Ἐὰν
2485 2379 2592 2451 γὰρ
2617 2379 2703 2449 μὴ
2733 2380 2950 2447 Κύριος
2973 2377 3344 2449 οὶκοδομήσῃ
3369 2375 3558 2445 οἷκον,
3577 2383 3654 2443 εὶς

2091 2474 2287 2544 μάτην
2329 2473 2663 2526 ἐκοπίασαν
2698 2473 2753 2524 οί
2797 2469 3250 2540 οἰκοδομοῦντες
3299 2471 3525 2523 αὐτόν’
3571 2469 3655 2520 καὶ

2098 2567 2331 2637 μάλιστα
2361 2565 2453 2618 ἐπὶ
2483 2563 2688 2617 τούτων
2708 2604 2724 2628 ,
2754 2563 2802 2614 οἳ
2832 2563 2914 2615 ἔτι
2947 2563 3262 2633 πρόκεινται
3290 2563 3368 2632 τῷ
3400 2561 3654 2630 διαϐόλῳ,

2095 2659 2190 2714 καὶ
2218 2657 2324 2711 ὐπὸ
2356 2657 2453 2724 τὴν
2483 2655 2656 2728 ἀρχήν
2685 2656 2789 2707 εἰσι
2820 2655 2920 2724 τὴν
2946 2653 3133 2708 αὐτοῦ.
3175 2653 3285 2706 Kal
3333 2654 3450 2706 ῐστε
3493 2652 3655 2706 ταῦτα

2095 2752 2146 2803 οἱ
2195 2747 2556 2820 μεμυημένοι.
2617 2745 3026 2816 Ἀναμνήσθητε
3081 2745 3211 2814 γοῦν
3258 2745 3370 2797 τῶν
3402 2746 3654 2815 ῥημάτων

2096 2839 2342 2902 ἐκείνων,
2372 2838 2438 2890 δι’
2466 2831 2541 2891 ῶν
2563 2833 2909 2900 άπετάξασθε
2930 2835 3094 2889 αὐτοῦ
3121 2837 3188 2906 τῇ
3218 2837 3517 2906 τυραννίδι,
3537 2837 3651 2904 γόνυ

2093 2928 2392 2992 κλίναντες,
2417 2928 2510 2980 καὶ
2534 2927 2670 2998 πρὸς
2691 2927 2784 2981 τὸν
2799 2925 3030 2979 Βασιλέα
3054 2925 3323 2996 αὑτομολή
3333 2943 3552 2992 σαντες,
3571 2928 3652 2980 καὶ

2093 3018 2161 3073 τὰ
2193 3016 2440 3090 φρικώδη
2465 3017 2649 3070 ἐκεῖνα
2673 3014 3038 3084 φθεγξάμενοι
3069 3013 3309 3084 ῥήματα,
3334 3011 3404 3064 δι’
3433 3005 3511 3066 ὧν
3538 3029 3652 3066 11a:-

2092 3109 2360 3179 δευόμεθα
2385 3109 2550 3180 μηδὲν
2568 3096 2716 3178 αὐτῷ
2737 3106 2967 3161 καθόλου
2994 3105 3295 3158 πείθεσθαι.
3332 3105 3653 3173 Ἀντικείμε-

2094 3223 2182 3260 νον
2204 3205 2260 3258 δὲ
2281 3204 2441 3257 αὐτὸν
2465 3202 2619 3257 καλεῖ
2641 3201 2732 3254 καὶ
2751 3198 3018 3263 διάϐολον,
3043 3197 3227 3269 ἐπειδὴ
3253 3197 3348 3249 καὶ
3368 3196 3505 3249 Θεὸν
3531 3197 3654 3265 πρὸς

2093 3294 2411 3367 ἀνθρώπους
2439 3292 2733 3356 διαϐάλλει,
2759 3292 2852 3345 καὶ
2873 3291 3022 3361 ἡμᾶς
3044 3288 3179 3361 πρὸς
3206 3288 3361 3349 Θεὸν,
3385 3289 3480 3340 καὶ
3505 3287 3654 3340 πάλιν

2092 3391 2125 3459 ἡ
2136 3391 2242 3459 μᾶς
2270 3388 2467 3450 αὐτοὺς
2491 3387 2630 3458 πρὸς
2653 3385 2913 3457 ἀλλήλους
2932 3399 2946 3414 ο
2982 3382 3110 3436 ποτέ
3141 3383 3239 3454 μὲν
3270 3381 3378 3452 γὰρ
3406 3381 3501 3434 τὸν
3543 3379 3654 3434 ’1ὼὸ

2094 3482 2231 3553 πρὸς
2252 3481 2341 3535 τὸν
2360 3481 2513 3540 Θεὸν.
2537 3479 2728 3549 λέγων·
2759 3477 2854 3546 Μὴ
2883 3476 3107 3544 δωρεὰν
3130 3475 3364 3530 σέϐεται
3399 3475 3532 3529 Ἰὼϐ
3557 3473 3656 3526 τόν

2091 3575 2344 3644 Κύριον;
2393 3573 2486 3627 καὶ
2516 3572 2676 3626 πάλιν
2711 3569 2803 3623 τὸν
2847 3568 2980 3621 Θεὸν
3029 3566 3166 3639 πρὸς
3204 3566 3292 3620 τὸν
3352 3565 3496 3619 Ἰώϐο
3536 3565 3656 3631 Πῦρ

2093 3663 2394 3733 κατῆλθεν
2432 3663 2501 3716 ἐκ
2545 3661 2652 3716 τοῦ
2699 3660 2960 3730 οὐρανοῦ
2985 3674 2998 3687 ·
3043 3659 3137 3712 καὶ
3179 3659 3313 3728 πρὸς
3356 3657 3447 3710 τὸν
3492 3655 3657 3726 Ἀδὰμ

2093 3753 2254 3808 πάλιν
2296 3753 2386 3806 τὸν
2433 3751 2585 3810 Θεὸν.
2623 3751 2712 3803 ὅτε
2761 3749 2914 3818 ἔλεγε
2956 3743 3426 3817 διανοιχθήσεσθαι
3479 3743 3656 3794 αὐτῶν

2091 3845 2217 3907 τοὺς
2257 3840 2594 3912 ὀφθαλμούς·
2623 3840 2716 3893 καὶ
2747 3839 2882 3910 πρὸς
2920 3836 3146 3902 πολλοὺς
3178 3835 3286 3888 τῶν
3312 3833 3406 3886 νῦν
3443 3830 3650 3902 ἀνθρώ-

2092 3952 2230 3999 πων,
2259 3934 2463 4002 λέγων·
2492 3932 2566 3985 Οὐ
2609 3931 2827 4002 προνοεῖ
2853 3927 2985 3990 Θεὸς
3025 3925 3133 3978 τῶν
3168 3923 3483 3996 ὁρωμένων,
3524 3920 3657 3974 ἀλλά

2091 4023 2338 4094 δαίμοσιν
2366 4021 2546 4091 ἀφῆκε
2583 4019 2654 4073 τὰ
2680 4017 2802 4073 καθ’
2848 4017 3014 4088 ὑμᾶς·
3046 4015 3141 4068 καὶ
3172 4013 3308 4084 πρὸς
3337 4010 3567 4074 πολλοὺς
3601 4010 3658 4062 δὲ

2091 4117 2200 4171 τῶν
2265 4115 2533 4169 Ἰουδαίων
2569 4111 2662 4166 τὸν
2709 4108 2943 4181 Χριστὸν
3001 4105 3210 4160 διέϐαλε
3237 4144 3252 4168 ,
3307 4103 3508 4155 πλάνον
3563 4102 3659 4154 καὶ

2091 4209 2263 4279 γόητα
2295 4205 2493 4261 καλῶν.
2538 4203 2662 4266 Πῶς
2705 4201 2764 4255 δέ
2803 4199 3052 4270 ἐνεργεῖ,
3103 4197 3233 4260 ἴσως
3275 4193 3523 4264 βούλεταί
3574 4211 3660 4256 τις

2095 4297 2246 4372 [459]
2272 4296 2524 4352 ἀκοῦσαι.
2565 4295 2733 4349 Ὅταν
2769 4291 2846 4364 μὴ
2879 4290 3016 4364 εὕρῃ
3041 4288 3162 4343 νοῦν
3194 4287 3396 4352 ἔνθεον,
3421 4289 3552 4342 ὅταν
3584 4286 3658 4358 μὴ

2094 4391 2346 4463 σώφρονα
2389 4387 2566 4459 ψυχὴν
2593 4426 2609 4452 ,
2647 4386 2774 4439 ὅταν
2821 4381 2896 4456 μὴ
2937 4378 3247 4453 μνημονεύῃ
3285 4378 3395 4431 τῶν
3427 4379 3658 4431 ἐντολῶν

2091 4481 2185 4536 τοῦ
2216 4479 2372 4545 Θεοῦ,
2405 4479 2538 4550 μηδὲ
2568 4476 2820 4549 φυλάσσῃ
2851 4474 2918 4528 τὰ
2944 4471 3287 4542 δικαιώματα
3317 4469 3506 4535 αὐτοῦ,
3539 4471 3657 4522 τότε

2091 4571 2432 4643 αἰχμάλωτον
2462 4567 2641 4623 λαϐὼν
2679 4569 2916 4623 ἄπεισιν.
2959 4565 3016 4618 '0
3047 4563 3178 4632 γοῦν
3217 4562 3387 4632 Ἀδὰμ
3415 4563 3462 4614 εἰ
3491 4562 3660 4632 ἐμνη-

2096 4666 2291 4738 μόνευε
2321 4664 2420 4734 τῆς
2446 4661 2666 4732 ἐντολῆς
2695 4658 2958 4729 λεγούσης
2977 4697 2991 4721 ,
3032 4655 3173 4711 Ἀπὸ
3207 4654 3435 4719 παντὸς
3465 4653 3661 4717 ξύλου

2091 4753 2278 4827 φαγῇ,
2319 4756 2368 4808 εί
2414 4752 2685 4823 ἐφύλασσε
2717 4749 2777 4803 τὸ
2814 4748 3086 4818 δικαίωμα
3118 4745 3180 4800 τὸ
3208 4745 3364 4812 λέγον
3388 4785 3404 4805 ,
3451 4739 3539 4815 ⁷ῌ
3584 4744 3661 4796 ἂν

2090 4845 2283 4917 ἡμέρα
2313 4845 2560 4916 φάγητε,
2591 4843 2724 4897 τότε
2753 4840 2984 4907 θανάτῳ
3008 4837 3423 4894 ἀποθανεῖσθε·
3455 4838 3561 4890 οὐκ
3592 4838 3660 4890 ἄν

2091 4938 2294 4991 ἔπαθεν
2335 4936 2478 5006 ἅπερ
2510 4932 2729 4988 ἔπαθεν.
2775 4932 2911 4986 Ἵνα
2949 4927 3288 4997 καταξιώσῃ
3329 4927 3556 4993 αὐτοὺς
3589 4928 3660 4979 ἐν

2093 5027 2274 5097 καιρῷ
2312 5026 2532 5090 εὐθέτῳ
2569 5023 2679 5094 τῆς
2716 5021 2824 5076 τοῦ
2859 5019 3117 5090 λουτροῦ
3155 5019 3658 5088 παλιγγενεσίας,

2091 5121 2204 5189 τῆς
2238 5119 2507 5190 ἀφέσεως
2533 5116 2652 5172 τῶν
2679 5113 2995 5185 ἁμαρτιῶν.
3031 5113 3114 5166 Τὰ
3143 5112 3239 5184 μὲν
3271 5112 3378 5182 γὰρ
3408 5114 3659 5183 παρόντα

2092 5210 2351 5282 αἰτοῦμεν
2370 5250 2385 5274 ,
2430 5210 2498 5262 τά
2526 5208 2581 5262 δὲ
2623 5207 2882 5278 μέλλοντα
2901 5222 2914 5235 ·
2963 5206 3058 5258 καὶ
3089 5201 3485 5273 φιλοσοφοῦμεν
3519 5202 3660 5273 ὑπὲρ

2093 5304 2186 5358 τοῦ
2217 5301 2442 5374 λουτροῦ
2465 5340 2480 5366 ,
2519 5301 2613 5353 xal
2650 5302 2708 5352 ἐν
2739 5301 2803 5370 τῇ
2840 5299 3051 5369 αἰτήσει
3087 5293 3412 5363 παιδεύομεν
3458 5295 3661 5353 αὐτοὺς

2091 5392 2288 5447 εἰδέναι
2316 5389 2480 5446 αὐτοῦ
2511 5389 2609 5461 τὴν
2651 5387 2824 5459 ἰσχύν.
2867 5386 3144 5442 Ἐντεῦθεν
3170 5386 3276 5457 γάρ
3307 5385 3408 5456 ἤδη
3443 5387 3472 5437 ό
3504 5385 3658 5452 λόγος

2159 5572 2184 5638 ξ¹
2208 5568 2360 5638 ῇόίιί,
2381 5572 2512 5638 λόγῳ
2524 5569 2912 5638 καταδαρθάνειν.
2941 5565 3029 5621 Μ.,
3052 5564 3178 5637 λόγῳ
3201 5565 3531 5638 καταπίπτειν.

2159 5633 2185 5672 b
2208 5633 2294 5704 Μςι.
2319 5635 2394 5683 sic
2420 5630 3191 5694 niéliusquameditimwaanxév
3215 5644 3266 5676 τε
3285 5630 3406 5692 ὲ.μοῦ
3423 5630 3501 5678 καὶ
3520 5641 3652 5681 mw-

2098 5711 2312 5759 ματικον.
