3712 6212
1009 286 1075 343 ΙΝ
1114 286 1329 344 EPIST.
1358 286 1404 343 ll
1467 285 1556 341 AD
1592 284 1749 342 COR.
1785 285 2014 344 HOMIL.
2056 288 2121 346 ll.

111 406 271 476 igeilum
294 405 392 471 ipsis
414 405 617 475 detegat,
652 404 923 475 subiunxit
943 445 956 465 ,
984 401 1063 458 ‘Ut
1088 403 1170 458 det
1192 403 1319 472 ipsis
1342 418 1487 457 men—

122 496 315 548 awinam.
338 496 450 564 Quid
475 506 577 560 est,
611 495 875 550 divinam?
902 494 1012 548 Hoc
1042 502 1142 558 est,
1174 503 1231 547 ut
1258 493 1398 547 Deus
1433 494 1486 546 in

111 586 255 640 tabitet
276 604 286 641 :
307 584 576 641 Inhabilabo
601 586 743 639 enim
766 586 821 639 in
851 585 996 655 ipsis,
1026 584 1215 653 inquit,
1247 594 1294 637 et
1320 584 1489 637 inam-

111 676 161 728 bo
188 675 300 744 (Leu.
320 675 392 730 26.
416 675 516 744 l2).
557 674 688 730 Nam
719 690 839 729 cum
868 689 1016 728 mens
1038 674 1239 743 iustitia
1268 673 1488 744 praedita

111 782 146 820 ιο
171 778 342 836 peccata
361 770 506 830 exuit,
535 768 624 821 Dei
649 767 837 822 domus
861 764 1091 821 efﬁcitur
1120 782 1132 818 :
1164 781 1285 821 cum
1310 775 1490 819 autem

112 874 124 911 I
149 859 416 915 domicilium
440 858 534 914 sibi
563 858 928 920 constituerit,
968 856 1096 910 nihil
1140 855 1361 926 pestltac
1392 853 1491 908 hu-

111 966 183 1003 um
206 952 305 1005 erit.
332 951 406 1006 Sic
429 951 601 1004 divina
633 964 783 1004 mens
811 948 1069 1013 redditur,
1098 946 1350 1001 divinitus
1374 962 1490 999 om-

112 1044 380 1111 iroloqucns,
404 1056 460 1097 ac
486 1042 631 1097 velut
659 1041 849 1095 domus
880 1039 975 1095 Dei
1007 1040 1058 1093 in
1085 1053 1149 1093 ea
1175 1026 1485 1093 habitantis.

116 1148 175 1186 uo
196 1133 420 1203 colligitur
444 1148 562 1187 eum
590 1140 823 1187 mentem
849 1131 1081 1186 divinam
1115 1144 1222 1184 non
1264 1129 1483 1195 habere,

112 1229 312 1294 turpibus
331 1228 655 1282 sermonibus
684 1228 886 1289 utitur,
927 1235 1021 1280 aut
1048 1225 1379 1280 scurrilitate
1422 1237 1487 1277 ac

144 1320 413 1373 delectatur.
470 1317 686 1373 Castam
762 1319 1153 1388 cogitationem.
1213 1314 1487 1382 Quidnam

111 1423 137 1458 ιι
163 1415 232 1460 est
255 1415 426 1460 castam
449 1406 821 1476 cogitationem
845 1405 1083 1459 habere?
1108 1403 1310 1472 Nempe
1330 1402 1488 1472 spiri-

115 1498 313 1550 sanitate
337 1497 601 1566 przuditum
628 1513 769 1552 esse.
805 1496 1011 1550 Etenim
1043 1496 1107 1561 is,
1133 1495 1220 1563 qui
1248 1494 1358 1548 vitii
1388 1508 1487 1548 cu-

111 1600 175 1644 ite
195 1600 436 1658 correptus
459 1600 684 1651 tenetur,
716 1589 1106 1659 pnesentiaque
1125 1586 1191 1640 ad
1210 1596 1483 1655 stuporem

111 1698 120 1733 ε
159 1681 369 1743 miratur,
406 1691 595 1745 castus,
639 1679 740 1734 hoc
777 1688 860 1734 est
901 1691 1080 1738 sanus.
1123 1690 1241 1731 esse
1282 1675 1484 1744 nequit.

119 1771 374 1825 admodum
397 1772 532 1825 enim
560 1771 648 1841 qui
673 1772 722 1824 in
749 1770 935 1824 morbo
956 1778 1216 1834 versatur,
1239 1782 1301 1823 ea
1323 1768 1483 1822 etiam

111 1867 171 1929 it,
215 1881 319 1935 quae
353 1864 560 1919 minime
605 1864 854 1919 convenit
885 1879 899 1917 :
931 1862 1118 1917 eodem
1149 1860 1235 1915 hic
1274 1875 1485 1931 quoque

111 1995 118 2008 .
150 1955 297 2010 Vitam
314 1972 417 2010 cum
436 1958 616 2009 virtute
640 1956 980 2025 coniunctam.
1013 1953 1261 2008 Doctrina
1287 1952 1484 2022 quippe

118 2049 267 2103 etiam
286 2047 559 2103 desiderat.
582 2048 775 2103 Audite
796 2047 931 2114 haec,
953 2048 1042 2118 qui
1062 2047 1163 2101 sub
1178 2048 1302 2101 vitae
1323 2046 1480 2100 linem

111 2143 324 2196 ttismum
345 2141 611 2197 acceditis.
640 2140 772 2195 Nam
797 2156 895 2195 nos
916 2141 1133 2211 quidem
1155 2140 1207 2195 id
1234 2139 1482 2208 precibus

123 2233 488 2297 contendimus,
521 2242 577 2287 ut
606 2242 725 2301 post
762 2233 1081 2300 baptismum
1116 2246 1326 2302 quoque
1353 2244 1482 2300 pro-

112 2326 243 2378 vitam
291 2324 519 2379 habeatis
550 2342 563 2379 :
593 2334 649 2379 tu
693 2333 879 2380 contra
918 2323 971 2378 in
1026 2324 1129 2378 hoc
1174 2322 1477 2389 incumbis,

111 2434 159 2471 te
196 2433 295 2470 non
324 2418 467 2482 iacis,
502 2426 559 2472 ut
593 2418 710 2473 sine
747 2417 913 2489 proba
946 2417 1052 2472 vita
1084 2416 1206 2471 hinc
1226 2416 1477 2471 excedas.

111 2511 232 2573 nim,
258 2510 298 2562 si
319 2509 486 2578 justus
506 2510 718 2579 quidem
742 2511 857 2575 ﬁas,
879 2509 974 2565 sed
994 2526 1022 2562 a
1046 2509 1150 2565 ﬁde
1168 2509 1479 2565 dumtaxat?

111 2619 117 2651 ι
163 2612 212 2655 ιιι
252 2618 281 2657 a
320 2605 565 2656 virtutum
592 2617 802 2672 quoque
830 2603 1138 2657 muneribus
1166 2602 1257 2657 tibi
1285 2601 1478 2657 ﬁducia

112 2704 263 2756 "etur,
290 2707 522 2748 oramus.
554 2691 807 2762 Perpetuo
842 2709 957 2763 quae
990 2694 1151 2763 ipsius
1186 2703 1305 2748 sunt
1340 2694 1481 2763 cogi-

111 2802 169 2839 tat
192 2787 348 2855 ipsius
373 2796 486 2840 sunt
510 2802 706 2857 sapere,
734 2802 846 2857 qua:
882 2786 1043 2856 ipsius
1067 2796 1186 2840 sunt
1219 2785 1475 2839 meditari.

155 2878 293 2932 enim
338 2878 713 2947 cogitationem
759 2886 919 2948 atque
962 2878 1240 2932 honestam
1287 2877 1473 2944 vitam,

111 2970 123 3023 Ι
184 2986 340 3024 ιιιιιιιιι
387 2971 666 3024 dumtaxat
715 2979 809 3024 aut
858 2969 996 3024 duos
1043 2979 1135 3024 aut
1182 2979 1294 3025 tres
1334 2969 1472 3038 dies,

112 3080 141 3116 r
189 3063 493 3116 universum
538 3063 663 3117 vitae
703 3062 1029 3117 curriculum
1072 3063 1339 3132 petimus.
1384 3071 1471 3128 et,

111 3170 335 3209 onorum
378 3155 617 3210 omnium
658 3170 821 3210 causa
859 3165 961 3217 est,
990 3169 1108 3224 quae
1148 3154 1315 3224 ipsius
1349 3164 1478 3211 sunt

128 3248 369 3319 Plerique
388 3250 525 3303 enim
553 3265 664 3319 qua:
685 3266 780 3303 sua
799 3259 917 3304 sunt
938 3259 1171 3321 quierunt
1188 3292 1205 3317 ,
1236 3266 1337 3303 non
1360 3265 1477 3320 qua

111 3343 215 3395 risti
232 3340 496 3411 (Philipp.
520 3341 572 3394 2.
596 3341 710 3412 21).
742 3341 983 3409 Quonam
1009 3342 1168 3412 igitur
1188 3341 1349 3396 modo
1371 3343 1475 3399 hoc

111 3435 247 3489 ssit?
288 3434 359 3489 ad
406 3450 622 3505 precem
667 3435 808 3490 enim
855 3435 959 3489 hoc
1002 3450 1215 3505 quoque
1254 3434 1475 3489 accedat

111 3570 116 3585 .
152 3537 210 3582 ut
236 3542 360 3596 quae
390 3538 574 3581 nostra
605 3535 729 3581 sunt
758 3535 1096 3596 praestemus.
1137 3525 1198 3580 Si
1225 3524 1282 3578 in
1309 3525 1473 3594 ipsius

111 3636 122 3669 ι
162 3628 445 3687 noctesque
490 3634 744 3672 versemur
770 3633 789 3672 :
819 3616 961 3671 unde
1005 3616 1169 3671 etiam
1213 3615 1472 3686 deinceps

112 3754 138 3777 .,
176 3710 244 3764 In
273 3713 442 3781 ipsius
464 3710 573 3782 lege
590 3710 673 3765 die
690 3726 752 3764 ac
776 3720 921 3764 nocte
945 3710 1155 3763 morari.
1187 3708 1254 3763 Et
1278 3723 1432 3778 quem
1448 3737 1472 3750 -

112 3819 146 3857 ιι
191 3803 456 3872 superius
495 3802 726 3865 dixerat,
754 3799 1009 3870 Perpetuo
1033 3816 1053 3854 :
1081 3797 1271 3855 eodem
1309 3798 1473 3853 modo

117 3912 184 3948 ac
212 3905 394 3951 nocte.
440 3894 625 3965 itaque
661 3910 846 3950 eorum
886 3909 975 3949 me
1011 3892 1192 3963 pudet,
1228 3891 1316 3963 qui
1357 3900 1472 3946 toto

130 3990 315 4043 semel
340 3991 399 4043 in
420 3988 651 4044 ecclesia
672 3989 1098 4059 conspiciuntur.
1128 3986 1300 4054 Quam
1325 3985 1469 4039 enim

112 4097 267 4137 mem
300 4084 549 4138 nancisci
575 4091 805 4152 queant,
833 4082 922 4151 qui
951 4094 1073 4135 cum
1103 4079 1192 4135 die
1215 4094 1279 4132 ac
1306 4088 1468 4132 noctu

111 4196 180 4243 τε,
200 4196 315 4232 non
332 4178 518 4233 dicam
535 4177 758 4240 versari,
775 4175 869 4231 sed
886 4175 1105 4240 morari,
1124 4174 1225 4228 hoc
1239 4181 1470 4228 estsem-

117 4273 227 4327 tari
271 4272 603 4342 iubeantur,
635 4279 815 4325 tamen
849 4284 916 4323 ne
944 4267 1219 4323 minimam
1250 4265 1466 4336 quidem

111 4381 201 4418 em
231 4365 289 4418 in
318 4365 432 4419 hoc
454 4362 791 4433 impendunt,
817 4371 874 4416 ut
893 4361 1059 4431 ipsius
1086 4357 1331 4414 mandata
1354 4370 1468 4411 me-

112 4465 331 4524 trpent.
350 4465 524 4525 atque
542 4454 706 4523 ipsius
717 4452 1125 4523 iustiﬁcationes
1137 4448 1471 4505 custodiant?

111 4562 255 4602 esne
286 4555 552 4601 catenam
578 4547 863 4615 optimam,
893 4559 1161 4614 quamque
1186 4552 1309 4613 apte
1338 4541 1463 4596 sin-

122 4640 287 4694 inter
317 4654 385 4693 se
414 4639 753 4700 cohaereant,
784 4648 944 4707 atque
972 4635 1161 4707 quavis
1185 4651 1347 4691 aurea
1374 4651 1469 4691 ca-

111 4733 208 4785 ius
237 4742 305 4786 et
343 4731 693 4800 elegantius?
723 4729 1013 4799 Postquam
1038 4729 1182 4783 enim
1227 4736 1461 4783 mentem

112 4823 433 4878 iostulavit
455 4865 472 4887 ,
511 4824 733 4893 exponit
752 4834 987 4893 quonam
1017 4830 1172 4891 pacto
1194 4822 1315 4876 talis
1344 4836 1467 4876 esse

111 4914 361 4968 tomodo
414 4913 641 4967 autem?
684 4912 944 4967 Nimirum
985 4912 1030 4966 si
1058 4911 1179 4981 quis
1204 4919 1466 4981 perpetuo

111 5006 212 5060 Dei
250 5015 442 5070 sunt,
499 5004 804 5058 meditetur.
854 5002 969 5058 Hoc
1008 5012 1188 5057 autem
1233 5017 1462 5072 quanam

111 5099 355 5167 tiSpiam
385 5097 655 5166 consequi
680 5096 887 5166 possit?
906 5096 960 5151 Si
984 5094 1179 5149 divina:
1210 5094 1312 5164 legi
1336 5108 1463 5163 ope-

160 5205 504 5259 numquam
553 5188 889 5242 intermittat.
939 5187 1180 5254 Quonam
1228 5195 1381 5255 pacto
1410 5183 1461 5237 id

111 5298 132 5335 5
167 5282 532 5351 persuaderi
572 5281 768 5349 queat?
812 5279 866 5333 Si
900 5279 1145 5333 mandata
1178 5279 1342 5347 ipsius
1366 5278 1466 5332 ob-

112 5376 250 5444 luin
308 5375 514 5438 potius
559 5388 622 5426 ex
650 5386 716 5425 eo
770 5371 919 5439 ipso,
951 5371 1093 5439 quod
1142 5371 1240 5439 legi
1271 5371 1466 5424 divinae

111 5468 364 5521 studeat
391 5509 409 5529 ,
460 5465 515 5520 id
540 5464 907 5533 consequitur,
952 5477 1010 5515 ut
1048 5463 1296 5516 mandata
1346 5477 1470 5517 sera

111 5559 487 5612 tadmodum
534 5558 739 5611 scilicet
790 5571 858 5610 ex
907 5571 1006 5620 eo,
1038 5554 1179 5625 quod
1229 5554 1349 5623 quis
1401 5569 1463 5608 ea

111 5669 123 5704 ι
164 5660 327 5704 sunt
354 5651 532 5719 sapit,
557 5666 618 5703 ac
646 5659 879 5702 mentem
905 5647 1141 5701 divinant
1172 5647 1357 5706 habet.
1390 5645 1459 5699 ιι-

111 5743 281 5798 citttr
319 5756 391 5798 ut
422 5759 547 5813 qua:
573 5743 737 5814 ipsius
766 5750 890 5797 sunt
913 5740 1219 5797 meditetur.
1244 5741 1465 5811 Singula

3068 278 3170 340 ωε

1598 401 1739 457 enim
1764 418 1829 457 ex
1856 400 1939 457 his
1964 418 2083 472 quae
2109 402 2365 467 diximus,
2394 413 2449 457 et
2474 400 2528 458 id
2551 403 2692 474 quod
2723 386 2955 462 vicinum
2984 420 3067 463 est
3093 402 3173 464 ei;

1596 493 1808 556 ilciunt,
1838 502 1893 547 et
1920 494 1986 548 ab
2016 507 2081 547 eo
2110 492 2453 556 efﬁciuntur;
2482 504 2536 550 et
2580 496 2751 563 ipsum
2780 498 3085 561 continent,
3118 510 3173 556 et

1595 582 1661 636 ab
1701 583 1816 652 ipso
1845 584 2206 638 continentur.
2251 581 2510 639 Intensius
2537 586 2707 639 adhuc
2736 603 2830 656 pro
2871 588 2993 657 ipsis
3023 607 3165 660 roge-

1595 692 1725 729 mus.
1774 675 2034 742 Quoniam
2080 676 2291 732 animus
2341 678 2395 732 in
2449 680 2652 748 prolixa
2700 682 2942 736 oratione
2967 682 3166 737 obdor-

1596 768 1821 822 miscere
1845 768 2157 833 consuevit,
2189 784 2376 823 rursus
2404 786 2524 824 eum
2551 773 2767 827 excitat.
2810 773 2996 844 Magna
3024 776 3167 829 enim

1596 870 1805 910 rursum
1831 868 1989 927 atque
2027 860 2241 914 excelsa
2291 862 2560 928 postulare
2593 863 2705 917 vult
2748 880 2761 917 :
2794 863 3023 935 ideoque
3052 867 3166 933 ait,

1596 945 1849 1005 Intensius
1865 951 2032 1004 adhuc
2048 968 2140 1023 pro
2161 952 2285 1021 ipsis
2312 971 2562 1025 rogemus.
2582 954 2844 1020 Quidnam
2874 968 3048 1011 autem
3070 960 3169 1012 hoc

1595 1040 1708 1094 est?
1740 1038 1808 1095 Ut
1836 1041 2018 1111 eripiat
2065 1060 2147 1098 eos
2188 1045 2251 1097 ab
2291 1046 2427 1098 omni
2471 1048 2606 1100 malo
2629 1057 2677 1100 et
2703 1047 2921 1103 absurdo
2948 1051 3165 1119 negotio.

1594 1130 1706 1185 Iloe
1735 1131 1855 1187 loco
1885 1132 1936 1187 id
1965 1133 2095 1202 ipsis
2122 1135 2384 1203 petimus,
2408 1147 2465 1190 ut
2510 1152 2579 1191 ne
2609 1138 2812 1192 intrent
2840 1140 2890 1192 in
2922 1142 3170 1193 tentati”.-

1594 1236 1738 1289 nem,
1764 1235 1922 1294 atque
1952 1235 2009 1279 ut
2034 1226 2101 1281 ab
2128 1229 2377 1285 omnibus
2408 1239 2511 1282 tam
2557 1231 2831 1299 corporeis
2861 1246 3017 1299 quam
3062 1233 3167 1299 spi-

1593 1316 1873 1370 ritualibns
1899 1317 2106 1373 insidiis
2152 1318 2463 1374 liberentur.
2498 1318 2578 1375 Ob
2604 1322 2655 1375 id
2685 1323 2845 1375 etiam
2872 1322 2983 1377 haec
3005 1324 3167 1377 verba

1591 1405 1881 1473 subiunxit,
1904 1408 1979 1461 Ab
2002 1409 2140 1463 omni
2162 1421 2367 1479 peccata
2391 1410 2658 1477 diabolica,
2682 1422 2727 1465 et
2749 1412 2884 1486 omni
2913 1413 3170 1466 obsidione

1591 1496 1885 1551 adversarii.
1908 1499 2110 1566 Quibus
2132 1501 2307 1556 verbis
2330 1502 2649 1557 tentationcs
2671 1518 2733 1557 ac
2756 1513 2974 1574 peccata
3003 1504 3169 1575 signi-

1592 1586 1731 1641 ﬁcat.

1660 1678 1867 1733 Peccati
1893 1689 2095 1735 natura.
2125 1711 2197 1723 --
2220 1683 2433 1739 Peccati
2466 1686 2608 1739 enim
2640 1701 2699 1741 ea
2745 1697 2933 1740 natura
2963 1696 3046 1741 est
3067 1728 3084 1748 .
3113 1696 3168 1742 ut

1588 1769 1740 1825 facile
1769 1770 2039 1826 hominem
2063 1772 2305 1828 obsideat
2334 1788 2494 1844 atque
2517 1776 2751 1845 undique
2780 1786 2904 1841 stet,
2932 1793 2961 1830 a
2994 1778 3168 1833 fronte

1589 1876 1782 1931 nempe
1826 1872 1877 1917 et
1923 1878 1954 1917 a
2002 1875 2191 1934 tergo,
2224 1866 2409 1935 sicque
2454 1882 2552 1921 nos
2598 1867 2830 1937 deiiciat.
2880 1868 3166 1939 Postquam

1588 1953 1731 2008 enim
1758 1970 1876 2024 qua:
1904 1970 1932 2007 a
1961 1955 2117 2011 nobis
2157 1956 2455 2025 prmstanda
2487 1958 2595 2012 sint
2622 1959 2885 2029 exposuit,
2917 1960 3017 2016 hoc
3046 1973 3129 2017 est
3148 2005 3162 2027 ,

1588 2054 1647 2101 ut
1673 2048 1723 2101 in
1756 2048 1874 2116 ejus
1911 2048 2027 2118 lege
2054 2063 2363 2116 versemur,
2419 2050 2587 2119 ipsius
2628 2052 2877 2106 mandata
2911 2056 3166 2109 metnoria

1589 2149 1888 2207 teneamus,
1918 2140 2328 2209 iustiﬁcationes
2354 2141 2470 2211 ejus
2496 2143 2892 2207 custodiamus,
2929 2145 3029 2200 hoc
3054 2146 3167 2214 iatn

1587 2230 1875 2297 admonet,
1910 2246 1977 2286 ne
2025 2233 2127 2288 ista
2157 2231 2373 2302 quidem
2420 2232 2704 2299 sufﬁcere,
2746 2235 2849 2289 nisi
2881 2236 3020 2290 adsit
3052 2238 3166 2305 ipse

1584 2332 1745 2394 atque
1769 2338 1924 2393 opem
1952 2324 2108 2379 ierat.
2138 2323 2253 2378 Nisi
2279 2325 2423 2380 enim
2450 2323 2697 2391 Dominus
2725 2327 3047 2395 tediﬁcaverit
3074 2328 3169 2380 do-

1585 2420 1743 2480 mum,
1776 2416 1830 2469 in
1856 2432 2044 2469 vanum
2069 2416 2423 2471 laboraverunt
2443 2418 2530 2487 qui
2555 2418 2810 2486 aediﬁcant
2838 2436 2948 2472 eam
2974 2418 3163 2491 (Psal.

1585 2505 1711 2560 126.
1740 2506 1795 2576 1)
1820 2522 1834 2559 :
1856 2510 1920 2560 ac
1950 2507 2250 2576 praesertim
2299 2507 2351 2561 in
2378 2508 2465 2581 iis,
2496 2508 2589 2578 qui
2617 2507 2834 2563 diabolo
2860 2509 3037 2563 adhuc
3064 2510 3163 2564 οὓς

1578 2594 1710 2667 jecti
1738 2606 1901 2665 sunt,
1932 2611 1995 2652 ac
2020 2597 2120 2653 sub
2163 2598 2332 2667 ipsius
2373 2600 2598 2668 imperio
2621 2608 2676 2653 et
2698 2598 2923 2653 ditione.
2958 2601 3035 2653 Ac
3065 2614 3167 2655 vos

1584 2688 1702 2743 haec
1729 2689 1900 2743 nostis
1926 2731 1940 2754 ,
1970 2691 2058 2760 qui
2090 2689 2259 2745 sacris
2286 2690 2478 2745 initiati
2507 2691 2656 2746 estis.
2688 2690 2867 2746 Facile
2892 2693 3033 2745 enim
3074 2692 3167 2746 illa

1583 2778 1747 2835 verba
1776 2778 1931 2834 vobis
1969 2779 2022 2834 in
2048 2780 2364 2835 memoriam
2411 2779 2674 2847 redeant,
2714 2795 2811 2851 per
2833 2796 2953 2851 quae
2998 2780 3166 2850 ipsius

1585 2869 1849 2942 tyrannidi
1879 2870 2125 2925 nuntium
2152 2869 2462 2938 remisistis,
2493 2887 2614 2927 cum
2642 2870 2781 2927 ﬂexo
2805 2887 2943 2942 genu
2966 2871 3032 2926 ad
3064 2872 3163 2926 Re-

1581 2976 1703 3033 gem
1730 2961 2107 3033 transfugistis,
2132 2978 2195 3017 ac
2216 2962 2493 3018 tremenda
2523 2963 2610 3017 illa
2636 2964 2797 3017 verba
2829 2963 3144 3034 promlistis,

1583 3056 1774 3127 quibus
1818 3065 2049 3129 tyranno
2092 3057 2241 3111 nullo
2272 3071 2492 3126 prorsus
2536 3056 2697 3110 modo
2739 3056 2961 3125 obsequi
2990 3054 3156 3110 doce;

1583 3163 1723 3203 mur.
1751 3148 2137 3203 Adversarium
2170 3162 2335 3217 porro
2365 3161 2431 3201 ac
2454 3146 2728 3201 diabolum
2770 3147 2943 3215 ipsum
2975 3146 3161 3216 appel-

1581 3240 1695 3307 lat,
1741 3242 1993 3310 quoniam
2021 3246 2077 3295 et
2108 3241 2273 3295 Deum
2317 3238 2459 3308 apud
2505 3237 2786 3301 homines,
2817 3248 2869 3292 et
2914 3236 3162 3292 homines

1581 3333 1721 3403 apud
1750 3334 1938 3398 Deum,
1970 3347 2035 3388 ac
2062 3348 2159 3387 nos
2205 3332 2351 3401 ipsos
2390 3331 2531 3386 inter
2558 3345 2658 3385 nos
2686 3330 3022 3384 criminatur.
3057 3329 3157 3383 Et-

1581 3428 1725 3482 enim
1748 3428 1861 3496 ipse
1886 3425 2015 3480 olim
2041 3425 2234 3481 Jobum
2250 3422 2392 3493 apud
2420 3424 2585 3478 Deum
2614 3423 2666 3476 in
2688 3423 2891 3477 crimen
2914 3422 3159 3488 vocabat,-

1579 3530 1701 3573 cum
1729 3518 1954 3583 diceret,
1985 3516 2128 3570 Num
2152 3515 2253 3570 Job
2292 3516 2484 3585 frustra
2509 3514 2627 3569 colit
2652 3512 2817 3567 Deum
2845 3513 2987 3583 (Job.
3018 3513 3156 3568 1.·9.

1582 3611 1670 3682 16)
1689 3612 1713 3664 7
1731 3626 1794 3666 ac
1821 3626 2030 3665 rursum
2067 3610 2232 3664 Deum
2263 3609 2401 3680 apud
2428 3607 2621 3664 Jobum
2666 3606 2751 3661 his
2776 3606 2977 3670 verbis,
3008 3605 3160 3676 Ignis

1579 3705 1837 3759 descendit
1862 3704 1925 3758 de
1948 3702 2072 3757 calo
2096 3719 2117 3757 :
2138 3712 2301 3773 atque
2341 3700 2470 3756 item
2501 3699 2670 3754 Deum
2690 3698 2831 3767 apud
2858 3696 3117 3751 Adamum
3140 3739 3155 3759 .

1577 3811 1700 3853 cum
1730 3796 1931 3851 diceret
1945 3795 2080 3861 fore,
2109 3804 2167 3848 ut
2193 3808 2381 3849 eorum
2403 3792 2540 3847 oculi
2569 3791 2908 3860 aperirentur
2923 3788 3074 3859 (Gen.
3097 3788 3157 3842 ὅ.

1579 3889 1639 3960 5)
1669 3904 1767 3943 :ac
1810 3903 1953 3943 nunc
1986 3887 2147 3942 etiam
2191 3884 2330 3956 apud
2373 3886 2655 3955 plerosque
2698 3880 3027 3946 mortalium,
3070 3879 3156 3934 di-

1580 3994 1707 4036 cens
1737 3998 1751 4035 :
1783 3981 1921 4035 Deus
1949 3979 2033 4045 iis,
2068 3994 2189 4049 quae
2212 3977 2384 4031 oculis
2413 3986 2711 4031 cernuntur
2739 3989 2844 4027 non
2873 3971 3155 4042 prospicit,

1580 4075 1675 4130 sed
1705 4088 1792 4130 res
1815 4084 2019 4129 vestras
2039 4071 2372 4127 daemonibus
2395 4068 2657 4139 permisit.
2681 4066 2818 4133 Quin
2845 4064 2983 4135 apud
3004 4078 3159 4118 com-

1580 4169 1765 4239 plures
1790 4179 2001 4236 quoque
2016 4163 2230 4219 Judzeos
2246 4162 2515 4218 Christum
2536 4159 2871 4224 traducebat,
2901 4158 3160 4225 imposto-

1579 4276 1693 4317 rem
1721 4274 1783 4314 ac
1807 4257 2250 4329 prmstigiatorem
2291 4270 2412 4311 eum
2455 4254 2750 4323 appellans.
2783 4252 3025 4317 Quonam
3050 4264 3153 4302 au-

1580 4364 1687 4409 tem
1727 4354 1887 4407 modo
1928 4358 2212 4420 operetur,
2252 4347 2438 4403 audire
2477 4345 2705 4407 fortasse
2749 4343 2940 4410 aliquis
2981 4340 3155 4409 copit.

1578 4448 1709 4504 Cum
1740 4454 1973 4500 mentem
2003 4457 2108 4497 non
2134 4442 2391 4496 divinitus
2434 4436 2667 4493 efﬂatam
2696 4446 2749 4491 et
2777 4452 2887 4490 non
2914 4434 3152 4489 sobriam

1579 4539 1955 4610 cogitationem
2002 4535 2241 4599 invenit,
2269 4549 2388 4604 quae
2414 4531 2508 4586 Dei
2552 4529 2803 4586 mandata
2835 4544 2942 4581 non
2973 4540 3160 4581 recor-

1579 4632 1771 4697 detur,
1832 4642 1932 4684 nec
1997 4627 2164 4697 ipsius
2219 4624 2626 4696 iustiﬁcationes
2666 4619 2971 4685 custodiat,
3042 4626 3159 4671 tum

1578 4725 1795 4781 demum
1868 4722 2131 4792 captivam
2195 4735 2315 4774 eam
2376 4732 2558 4772 secum
2626 4713 2861 4769 abducit.
2916 4711 3163 4775 Adamus

1579 4817 1797 4887 quippe,
1829 4815 1874 4869 si
1904 4814 2129 4883 hujusce
2157 4810 2396 4867 mandati
2442 4808 2806 4870 meminisset,
2830 4803 2908 4857 De
2934 4803 3069 4857 omni
3090 4802 3156 4855 li-

1580 4924 1680 4978 gno
1703 4907 1924 4970 comede,
1955 4904 2000 4959 si
2026 4905 2198 4974 legem
2223 4916 2342 4957 eam
2369 4906 2641 4956 servasset
2663 4912 2782 4968 quae
2810 4895 3051 4959 dicebat,
3086 4892 3161 4948 In

1579 5014 1890 5072 quacumque
1907 4997 1990 5051 die
2017 4994 2329 5050 comederitis
2355 5033 2370 5057 ,
2401 4998 2562 5045 morte
2589 4987 2870 5043 moriemini
2898 4986 2916 5056 (
2938 4985 3065 5039 Gen.
3094 4984 3149 5041 ἓ.

1583 5093 1649 5148 Π
1670 5094 1724 5163 );
1751 5106 1857 5146 non
1885 5104 1948 5145 ea
1970 5129 1985 5153 ,
2012 5104 2133 5159 quae
2172 5099 2362 5156 passus
2385 5093 2470 5139 est
2487 5124 2503 5149 ,
2532 5096 2720 5152 passus
2745 5080 2952 5135 fuisset.
2982 5076 3048 5134 Ut
3074 5078 3157 5131 di-

1581 5194 1760 5257 gnetur
1779 5199 1862 5236 eos
1881 5183 1935 5235 in
1956 5192 2177 5250 tempore
2196 5187 2479 5249 opportuno
2503 5176 2705 5231 lavacra
2729 5174 3145 5245 regenerationis,

1580 5288 1627 5332 et
1671 5275 1961 5330 remissione
2000 5282 2340 5344 peccatorum.
2390 5267 2645 5334 Quaedam
2683 5267 2826 5321 enim
2869 5264 3169 5334 praesentia

1564 5356 1825 5439 petimus,
1856 5365 2098 5437 quaedam
2129 5363 2306 5417 futura
2335 5380 2348 5414 :
2381 5376 2445 5415 ac
2473 5360 2543 5415 de
2568 5361 2783 5415 lavacro
2812 5358 3154 5428 philoSOplta-

1578 5477 1726 5525 mur,
1773 5469 1931 5529 atque
1969 5457 2021 5511 in
2053 5458 2165 5525 ipsa
2198 5452 2453 5523 petitione
2501 5452 2756 5509 docemus
2791 5465 2885 5505 eos
2928 5451 3035 5503 vim
3067 5449 3159 5501 ba-

1579 5554 1757 5624 ptismi
1788 5551 2055 5621 cognitam
2099 5547 2319 5602 habere.
2371 5545 2506 5599 Hinc
2548 5544 2690 5599 enim
2717 5543 2827 5612 iam
2858 5554 3037 5595 sermo
3064 5554 3159 5591 eos

1578 5644 1899 5705 assuefacit,
1945 5653 2004 5696 ut
2048 5638 2348 5709 intelligant
2395 5651 2507 5690 rem
2538 5650 2657 5689 eam
2687 5629 3155 5703 regenerationem

1582 5753 1699 5795 esse
1720 5779 1734 5807 ,
1768 5748 1969 5805 nosque
2014 5741 2071 5787 ut
2110 5746 2139 5811 a
2168 5730 2325 5784 vulva
2350 5766 2367 5796 ,
2392 5726 2471 5783 sic
2499 5726 2567 5782 ab
2597 5723 2748 5795 aquis
2776 5721 2955 5777 denuo
2979 5716 3161 5790 gigni:
