3780 6322
448 278 555 336 ωδ

447 401 510 448 ιιι
535 406 604 448 ne
622 388 701 446 illi
727 402 848 446 cum
873 385 1165 443 Nicodemo
1193 384 1411 448 dicant,
1450 380 1718 446 Quomodo
1747 385 1905 450 potest
1932 376 2024 430 Ito-

448 500 533 537 mo
559 482 700 537 nasci
724 497 837 535 cum
857 480 921 534 sit
945 477 1134 533 senex?
1155 484 1378 545 potestne
1397 475 1449 527 in
1473 482 1692 527 ventrem
1719 469 1894 523 matris
1919 481 2026 522 sua:

448 574 657 627 introire
675 613 690 636 ,
723 587 784 625 ac
827 570 970 624 nasci
1014 568 1177 622 denuo
1205 565 1395 636 (Joan.
1423 565 1476 618 5.
1506 561 1621 633 ι)ι
1648 560 1847 617 Deinde
1876 566 2024 629 post-

448 682 608 737 quam
634 674 970 737 peccatnrnm
992 659 1359 716 remissioan
1390 656 1543 718 dixit,
1579 670 1673 724 per
1706 670 1767 711 ea
1797 668 1915 723 quae
1940 668 2027 707 se—

452 765 691 827 quuntur
728 758 898 825 ipsam
921 754 1201 810 conﬁrmat
1245 750 1432 807 dicens
1460 769 1473 803 :
1502 749 1812 803 Indumenta
1849 747 2023 800 incor-

451 848 724 915 ruptionis.
752 845 961 901 Etenim
988 845 1076 914 qui
1111 844 1203 897 lilii
1248 842 1561 913 dignitatem
1610 839 1798 904 induit,
1842 836 2028 908 procul

450 938 615 994 dubio
663 936 1082 1007 iucorruptibilis
1129 934 1381 990 efﬁcitur.
1413 931 1548 1000 Quid
1578 940 1755 987 autem
1794 939 1878 985 est
1902 971 1917 995 ,
1960 928 2028 984 In

455 1040 675 1102 tempore
699 1030 1010 1101 opportuno!
1032 1028 1293 1083 Nimirum
1320 1042 1438 1081 cum
1464 1025 1582 1096 quis
1613 1023 1780 1094 probe
1808 1021 2030 1077 affectus

452 1132 565 1189 est,
595 1138 714 1177 cum
739 1122 921 1177 animo
945 1120 1109 1175 alacri
1133 1127 1187 1174 et
1212 1134 1333 1174 cum
1362 1118 1465 1172 lidc
1484 1116 1690 1171 accedit
1714 1137 1727 1171 :
1747 1115 1919 1171 ﬁdelis
1943 1122 2029 1168 et-

452 1213 593 1268 enim
621 1213 849 1267 hominis
878 1220 1239 1282 opportunum
1267 1218 1477 1278 tempus
1521 1208 1622 1262 hoc
1652 1217 1754 1263 est.
1791 1206 1859 1261 Ut
1882 1208 2033 1259 bene-

453 1306 589 1359 dicat
614 1306 847 1359 introitus
873 1315 918 1358 et
946 1305 1113 1359 exitus
1138 1319 1311 1358 eorum
1331 1344 1347 1368 ,
1379 1317 1576 1355 omnem
1600 1301 1756 1354 vitam
1781 1300 2029 1369 ipsorum.

455 1396 567 1451 [loc
596 1396 711 1452 loco
739 1395 958 1467 aliquid,
992 1394 1133 1462 quod
1162 1395 1228 1448 ad
1255 1408 1449 1462 corpus
1474 1401 1700 1462 spectet,
1732 1399 1916 1460 petere
1939 1389 2031 1457 ju-

454 1493 682 1557 bentur,
713 1501 770 1545 ut
795 1492 884 1560 Qui
927 1490 1100 1545 adhuc
1146 1488 1440 1543 imbecilles
1468 1487 1596 1541 sint.
1641 1484 1835 1539 Demos
1860 1500 2033 1538 eorum

456 1592 503 1635 et
544 1582 889 1636 habitationes.
921 1580 1032 1636 Hoc
1056 1589 1174 1646 est,
1216 1579 1328 1635 sive
1365 1578 1588 1632 famulos
1618 1576 1886 1639 habeant,
1919 1578 2034 1631 sive

457 1684 734 1747 cognatos,
759 1678 872 1731 sive
902 1676 1034 1731 alios
1064 1673 1323 1746 quosdam
1354 1672 1706 1728 necessarios.
1740 1669 1866 1724 Hmc
1890 1670 2033 1724 enim

456 1778 611 1823 erant
632 1766 837 1823 Veteris
859 1768 1188 1824 Testamenti
1216 1766 1434 1837 praemia
1457 1782 1470 1817 :
1492 1779 1591 1819 nec
1608 1763 1894 1834 quidquam
1916 1778 2036 1832 per.

458 1858 582 1913 inde
619 1873 798 1928 grave,
830 1869 987 1929 atque
1015 1858 1267 1914 acerbum
1297 1871 1418 1913 esse
1446 1855 1744 1916 videbatur.
1774 1864 1827 1908 ιιι
1859 1853 2033 1908 vidui-

458 1958 562 2016 tas,
592 1958 648 2002 ut
675 1950 928 2005 sterilitas
949 1993 963 2015 ,
993 1960 1048 2004 ut
1078 1957 1396 2019 prmmatura
1425 1947 1634 2014 funera,
1658 1954 1716 2000 ut
1745 1946 1943 2010 fames,
1981 1953 2037 1999 et

457 2041 671 2096 adversi
697 2057 875 2096 rerum
907 2055 1206 2096 successus.
1238 2039 1318 2095 0b
1345 2054 1464 2095 eam
1494 2053 1705 2094 causam
1733 2038 1786 2092 in
1820 2036 2037 2107 petitio-

458 2134 619 2190 nibus
651 2133 718 2189 ad
758 2148 953 2205 corpus
1000 2133 1387 2204 pertinentibus
1428 2146 1523 2187 eos
1570 2129 1843 2186 immorari
1885 2131 2033 2197 sinit,

460 2227 712 2300 paulatim
735 2228 879 2298 ipsos
904 2228 956 2281 in
981 2227 1147 2282 altum
1168 2226 1491 2282 subvehens.
1512 2224 1625 2279 Hoc
1644 2223 1786 2279 enim
1809 2232 1863 2278 et
1883 2222 2040 2277 Chri—

460 2331 576 2376 stus
602 2321 728 2375 facit
757 2329 814 2375 et
840 2320 1060 2385 Paulus,
1083 2319 1329 2389 antiquas
1358 2318 1610 2372 videlicet
1636 2315 2037 2372 benedictiones

462 2424 689 2485 uterque
733 2414 784 2468 in
835 2390 1147 2467 memoriam
1196 2426 1453 2467 revocans
1484 2408 1764 2465 :Christus
1808 2421 2038 2475 nempe,

461 2521 581 2562 cum
608 2506 702 2572 ait,
728 2505 875 2561 Beati
901 2505 1043 2558 mites
1064 2544 1080 2568 ,
1105 2505 1344 2572 quoniam
1374 2502 1475 2571 ipsi
1505 2500 1830 2571 possidebunt
1855 2509 2041 2553 terram

463 2599 676 2670 (Matth.
708 2600 762 2655 5.
793 2599 847 2670 4)
874 2616 887 2652 :
919 2597 1111 2653 Paulus
1132 2607 1309 2652 autem
1330 2638 1345 2663 ,
1373 2595 1586 2649 Honora
1615 2605 1805 2664 patrem
1825 2602 1967 2646 tuum
1994 2600 2042 2646 et

463 2701 673 2745 matrem
703 2699 861 2751 tuam,
891 2700 944 2744 ut
970 2689 1039 2744 sis
1062 2690 1318 2760 longaevus
1342 2704 1495 2758 super
1519 2696 1728 2741 terram.
1761 2683 1927 2738 Filios
1952 2699 2042 2738 eo-

462 2800 612 2851 rum,
662 2793 716 2837 ιιι
752 2800 835 2837 eos
871 2799 1056 2853 augeas
1090 2793 1136 2837 et
1162 2781 1426 2837 benedicas
1445 2821 1461 2845 ,
1483 2790 1633 2849 atque
1654 2781 1724 2832 ad
1753 2792 2043 2833 mensuram

464 2877 629 2929 aetatis
657 2874 922 2941 perductos
941 2873 1190 2943 sapientia
1217 2874 1439 2928 instruas
1461 2870 1675 2945 (Ephes.
1704 2871 1757 2927 6.
1785 2869 1838 2923 2.
1870 2867 1951 2940 3).

535 2969 589 3024 8.
625 2968 720 3025 llic
749 2982 933 3023 rursus
961 2967 1153 3039 partim
1175 2981 1516 3038 corporeum,
1541 2965 1731 3035 partim
1762 2963 2043 3034 spirituale

467 3061 781 3118 beneﬁcium
814 3062 943 3131 ipsis
980 3064 1146 3131 poscit
1173 3102 1189 3127 ,
1220 3068 1406 3129 utpote
1435 3059 1627 3129 puerili
1651 3056 1827 3113 adhuc
1860 3057 2043 3111 animo

470 3152 728 3225 praeditis.
757 3152 908 3221 Quod
934 3161 1111 3208 autem
1139 3152 1401 3223 sequitur,
1428 3151 1573 3206 omni
1607 3166 1670 3205 ex
1695 3158 1848 3221 parte
1879 3148 2041 3218 spiri-

466 3250 608 3305 tuale
630 3259 731 3313 est,
768 3249 835 3305 Ut
863 3251 1032 3304 omnia
1060 3264 1173 3319 qua:
1209 3248 1332 3317 ipsis
1363 3246 1621 3317 preposita
1646 3253 1823 3309 erunt,
1854 3243 1922 3297 ad
1944 3244 2044 3296 uti-

465 3339 656 3394 litatem
681 3340 888 3409 dirigat.
940 3338 1056 3393 Non
1080 3338 1221 3393 enim
1262 3336 1581 3407 simpliciter
1605 3351 1726 3406 quae
1770 3335 2042 3404 pr0posita

464 3442 641 3499 erunt,
672 3432 766 3487 sed
797 3449 916 3501 quae
942 3432 1009 3485 ad
1040 3430 1343 3487 utilitatem.
1375 3430 1530 3499 Szepe
1556 3430 1699 3485 etaim
1732 3428 2043 3498 peregrina-

468 3522 543 3577 tio
567 3524 739 3593 aliqua
778 3522 1107 3588 instituitur,
1148 3521 1243 3577 sed
1289 3521 1508 3576 minime
1553 3520 1838 3585 conducit;
1883 3528 2043 3588 atque

466 3612 610 3668 aliud
640 3612 893 3684 quiddam
938 3613 1142 3678 simile,
1184 3612 1325 3682 quod
1373 3627 1471 3667 nec
1514 3612 1641 3666 item
1672 3611 1801 3666 utile
1825 3618 1927 3666 est.
1963 3610 2040 3664 Ex

466 3707 660 3777 quibus
703 3705 805 3759 hoc
828 3704 1080 3770 discunt,
1116 3704 1226 3759 Deo
1272 3706 1325 3759 in
1353 3703 1603 3759 omnibus
1649 3703 1814 3759 rebus
1840 3702 2040 3773 gratias

465 3813 664 3869 agere,
696 3807 754 3852 ut
800 3814 918 3869 quae
958 3798 1027 3853 ad
1073 3814 1259 3854 eorum
1306 3792 1646 3855 commodum
1677 3807 1732 3854 et
1759 3798 2041 3853 utilitatem

469 3891 619 3945 ﬁant.
668 3891 794 3945 Post
836 3891 952 3945 hanc
977 3891 1154 3945 omnia
1195 3891 1304 3959 jam
1334 3905 1429 3946 eos
1456 3905 1676 3961 surgere
1706 3890 1878 3959 jubet.
1909 3888 2040 3943 Nam

465 3998 588 4038 cum
616 3983 759 4052 prius
782 3997 877 4039 eos
905 3984 1049 4037 humi
1072 3993 1369 4054 prostratos
1392 3983 1671 4051 tenuisset,
1695 3993 2041 4053 posteaquam

466 4092 530 4133 ea
561 4077 829 4148 petierunt
852 4092 969 4147 qua:
1011 4077 1313 4148 petierunt,
1342 4092 1405 4132 ac
1434 4075 1625 4132 ﬁducia
1666 4075 1853 4145 repleti
1883 4082 2040 4140 sunt,

462 4169 574 4240 jam
604 4184 698 4224 eos
718 4184 898 4225 sermo
923 4169 1100 4241 erigit,
1127 4184 1190 4225 ac
1215 4169 1473 4240 deinceps
1504 4170 1647 4239 ipsos
1672 4183 1883 4239 quoque
1904 4182 2034 4237 pre-

467 4265 732 4321 cationem
756 4264 820 4318 ad
844 4265 1007 4319 Deum
1034 4265 1279 4336 amplecti
1301 4264 1474 4335 jubet.
1497 4263 1770 4335 Siquidem
1797 4262 2042 4334 quaedam

467 4371 567 4411 nos
634 4356 900 4423 dicimus,
949 4356 1193 4426 quaedam
1244 4372 1431 4411 rursus
1461 4356 1591 4426 ipsis
1620 4355 2039 4421 committimus,

465 4451 734 4522 petitionis
809 4467 1002 4522 nempe
1058 4451 1250 4520 januas
1316 4452 1447 4521 ipsis
1517 4450 1820 4521 aperientes
1872 4467 1886 4504 :
1933 4462 2041 4503 non

461 4561 619 4601 secus
645 4545 896 4601 videlicet
922 4560 985 4599 ac
1014 4559 1211 4616 pueros
1237 4545 1467 4615 primum
1491 4544 1589 4614 ipsi
1611 4544 1887 4607 docemus,
1920 4547 2042 4611 post

461 4646 638 4693 aiitem
682 4639 828 4709 ipsos
853 4652 1062 4707 quoque
1107 4637 1249 4707 loqui
1269 4636 1541 4707 jubemns.
1569 4633 1753 4704 Itaque
1779 4633 1882 4687 hoc
1910 4632 2040 4701 ipsis

459 4729 720 4797 dicimus,
752 4730 1001 4800 Angelum
1045 4730 1183 4799 pacis
1253 4728 1442 4798 petite,
1470 4742 1500 4779 ο
1543 4725 1906 4780 catechumeni.
1944 4723 2041 4778 Est

459 4821 656 4890 quippe
681 4820 902 4890 angelus
921 4820 1083 4875 etiam
1111 4819 1408 4874 cruciatum
1437 4815 1693 4879 inferens,
1718 4824 1773 4868 ιιι
1794 4830 1914 4868 cum
1947 4813 2038 4869 ille

461 4913 572 4979 ait,
621 4912 991 4968 lmmissionem
1028 4930 1119 4983 per
1153 4911 1358 4983 angelos
1402 4910 1562 4963 malos
1588 4908 1760 4981 (Psal.
1796 4908 1884 4963 77.
1916 4908 2032 4978 54).

461 5003 557 5058 Est
579 5013 634 5058 et
652 5005 869 5074 angelus
886 5006 1287 5060 exterminatur.
1312 5004 1390 5058 Ac
1418 4999 1639 5072 provide
1669 5015 1763 5055 eos
1784 4999 2032 5068 angelum

461 5094 608 5166 pacis
628 5104 808 5162 petere
829 5095 1102 5165 iubemus,
1127 5095 1380 5150 docentes
1402 5107 1516 5158 eos,
1537 5092 1587 5147 id
1606 5091 1745 5162 quod
1770 5090 2029 5145 bonorum

458 5186 694 5244 omnium
712 5187 980 5242 vinculum
994 5198 1097 5253 est,
1110 5187 1213 5242 hoc
1227 5195 1330 5253 est,
1364 5200 1546 5255 pacem
1564 5184 1832 5255 postulare
1851 5200 1866 5237 :
1886 5184 1954 5238 ita
1976 5190 2033 5236 ut

457 5284 528 5339 ab
550 5282 695 5336 omni
726 5296 900 5351 pugna
930 5321 945 5345 ,
972 5280 1040 5335 ab
1081 5281 1226 5335 omni
1261 5280 1421 5346 bello,
1448 5287 1504 5334 et
1531 5278 1601 5333 ab
1629 5278 1773 5333 omni
1803 5277 2028 5332 dissidio

456 5374 651 5432 absint.
682 5372 907 5441 Paci/ica
928 5371 1062 5425 vobis
1081 5371 1248 5425 omnia
1276 5386 1388 5441 qua:
1407 5379 1777 5442 proponuntur.
1807 5368 2032 5424 Utcum-

456 5484 560 5540 que
589 5465 730 5522 enim
754 5477 915 5535 grave
944 5460 1141 5532 aliquid
1166 5463 1266 5527 sit,
1298 5461 1424 5516 dum
1457 5470 1634 5517 tamen
1662 5476 1847 5532 pacem
1872 5460 2025 5532 quis-

1186 264 1245 323 S.
1271 260 1548 321 JOANNIS
1582 251 2052 316 CIIRYSOSTOMI
2087 252 2400 313 ARCHIEP.
2440 257 2971 323 CONS‘I'ANTINOP.
3599 278 3678 337 ιω

2135 374 2275 440 piam
2307 376 2518 445 habeat,
2538 380 2654 438 leve
2680 395 2781 439 est.
2816 386 3000 458 quue
3035 388 3197 444 etiam
3225 393 3440 451 nomine
3465 395 3674 457 Christus

2130 465 2374 563 dicebat,
2405 469 2592 527 Pacem
2620 478 2870 533 meamdo
2889 480 3025 534 vobis
3050 481 3069 548 (
3086 480 3336 541 JoanJL.
3368 489 3437 541 27
3456 488 3495 559 ).
3520 490 3673 563 Neque

2131 559 2274 614 enim
2303 562 2468 617 ullum
2491 580 2762 622 armorum
2792 585 2960 639 genus
2989 572 3206 630 diabolo
3232 592 3384 647 teque
3411 559 3675 640 ﬁrmum-ac

2131 651 2363 708 validum
2392 665 2495 718 est,
2522 666 2580 711 ut
2614 674 2784 730 pugna
2810 671 2865 717 et
2892 663 3137 720 simultas
3162 682 3226 722 ac
3265 670 3483 726 bellum.
3511 674 3675 745 Paciﬁ—

2132 759 2248 836 cum
2273 745 2407 801 hunc
2427 751 2596 819 diem,
2619 762 2767 823 atque
2785 772 2958 811 omnes
2978 759 3093 814 uiue
3110 770 3284 817 uestra
3307 765 3417 820 dies
3440 770 3672 836 postulate.

2134 835 2380 895 Vidistin’
2400 857 2588 898 rursus
2608 847 2877 915 quomodo
2902 852 3207 909 universam
3239 856 3403 912 vitam
3436 835 3486 914 in
3508 866 3671 918 virtute

2136 933 2352 1005 transigi
2382 934 2598 1006 iubeat?
2624 937 2939 997 Christianos
2967 954 3157 1000 uestros
3182 948 3347 1015 ﬁnes;
3374 963 3428 1005 et
3449 954 3575 1021 quod
3600 956 3673 1009 bo-

2136 1040 2325 1081 norum
2350 1038 2510 1098 caput
2535 1039 2639 1097 est,
2662 1034 2797 1102 quod
2816 1036 3080 1090 honestum
3099 1049 3171 1091 est
3191 1050 3237 1094 et
3260 1043 3397 1110 quod
3414 1045 3546 1099 utile.
3568 1047 3675 1103 Nam

2135 1116 2277 1187 quod
2308 1116 2593 1175 honestum
2618 1137 2726 1177 non
2755 1134 2858 1190 est,
2889 1125 2940 1180 id
2969 1143 3037 1182 ne
3068 1129 3196 1184 utile
3225 1132 3441 1200 quidem
3469 1150 3576 1190 esse
3599 1153 3677 1206 po-

2138 1216 2262 1263 test.
2294 1211 2414 1265 Alia
2438 1213 2581 1267 enim
2629 1230 2806 1269 rerum
2837 1218 3046 1272 utilium
3075 1222 3215 1289 apud
3246 1239 3347 1278 nos
3376 1235 3550 1281 natura
3578 1240 3672 1291 est.

2136 1316 2295 1371 quam
2333 1304 2520 1374 vulgus
2549 1307 2817 1377 opinatur.
2856 1310 2956 1365 Vos
2980 1313 3118 1381 ipsos
3149 1312 3255 1368 Deo
3282 1317 3461 1370 viventi
3483 1318 3674 1374 acCIiri-

2137 1403 2213 1447 sto
2239 1395 2399 1465 ipsius
2425 1401 2791 1456 commendata.
2832 1402 3079 1459 Nondum
3108 1406 3250 1460 enim
3304 1410 3407 1462 hoc
3435 1410 3533 1465 illis
3556 1426 3673 1467 com-

2138 1488 2421 1557 mittimus,
2452 1501 2508 1547 ιιι
2547 1508 2645 1562 pro
2668 1495 2788 1549 aliis
2818 1506 3009 1561 orent,
3040 1499 3134 1554 sed
3168 1502 3423 1568 praeclare
3450 1505 3526 1573 agi
3550 1516 3674 1573 put:-

2139 1598 2281 1649 mus,
2310 1584 2354 1638 si
2384 1600 2480 1655 pro
2500 1587 2692 1655 seipsis
2712 1604 2868 1645 orare
2888 1601 3104 1659 queant.
3126 1592 3361 1650 Videsne
3383 1611 3531 1665 quam
3552 1599 3672 1666 plena

2139 1684 2191 1731 et
2218 1676 2458 1732 numeris
2477 1680 2723 1734 omnibus
2743 1681 2983 1736 absoluta
3008 1687 3243 1752 precatio
3266 1680 3358 1753 sit,
3383 1689 3489 1743 sive
3514 1691 3675 1745 doctri-

2141 1783 2264 1823 nam
2318 1771 2432 1826 sive
2456 1771 2618 1828 vitam
2664 1774 3015 1832 consideres?
3055 1777 3188 1832 Nam
3226 1794 3352 1835 cum
3393 1785 3671 1853 evangelium

2139 1858 2390 1927 dicimus,
2423 1877 2542 1917 cum
2573 1864 2989 1935 incorruptionis
3017 1869 3396 1927 indumentum
3418 1914 3434 1938 ,
3462 1890 3569 1928 cum
3604 1891 3673 1930 re-

2140 1952 2504 2022 generationis
2530 1955 2820 2023 lavacrum,
2842 1956 3139 2015 dbctrinam
3168 1964 3469 2019 universam
3493 1965 3566 2022 his
3585 1984 3676 2023 ver-

2142 2047 2230 2103 bis
2272 2051 2703 2120 complectimur.
2754 2054 2959 2110 Rursus
2989 2072 3115 2111 cum
3160 2069 3399 2115 mentem
3424 2061 3584 2117 divino
3603 2081 3675 2117 nu.

2142 2140 2289 2195 mine
2304 2140 2537 2197 amatam
2557 2184 2573 2208 ,
2603 2159 2724 2199 cum
2742 2146 2974 2201 sobriam
3003 2149 3408 2218 cogitationem,
3433 2166 3543 2206 cum
3560 2152 3675 2207 deni-

2143 2249 2249 2304 que
2273 2243 2467 2290 caatera
2490 2278 2504 2303 ,
2532 2252 2653 2307 quae
2683 2253 2714 2292 a
2756 2240 2913 2295 nobis
2937 2254 3362 2299 commemorata
3391 2256 3525 2309 sunt,
3549 2248 3676 2301 vitam

2145 2328 2531 2398 signiﬁcamus.
2562 2331 2785 2386 Demum
2812 2348 2906 2388 eos
2933 2334 3109 2404 capita
3136 2336 3403 2393 inclinare
3444 2338 3673 2408 iubemus,

2146 2418 2251 2475 hoc
2280 2420 2531 2477 videlicet
2576 2434 2890 2493 argumento
2937 2441 3125 2496 preces
3150 2429 3435 2485 exauditas
3461 2446 3567 2486 esse
3590 2442 3675 2484 sta-

2146 2518 2379 2579 tuentes,
2410 2514 2554 2583 quod
2575 2515 2714 2571 Deus
2737 2532 2832 2573 eos
2850 2518 3154 2576 benedicat.
3180 2521 3373 2593 Neque
3398 2525 3529 2579 enim
3554 2524 3677 2579 homo

2145 2613 2231 2660 est
2259 2606 2349 2676 qui
2379 2606 2678 2673 benedicit,
2706 2608 2802 2663 sed
2846 2626 2941 2678 per
2983 2612 3128 2667 illius
3156 2629 3381 2669 manum
3408 2631 3469 2671 ac
3490 2616 3676 2685 linguam

2146 2696 2258 2767 regi
2280 2697 2383 2766 ipsi
2397 2699 2571 2769 capita
2591 2715 2802 2768 eorum,
2826 2704 2917 2771 qui
2946 2702 3162 2770 adsunt,
3184 2704 3483 2762 offerimus.
3510 2709 3674 2762 Actum

2148 2787 2437 2847 inclamant
2457 2806 2669 2861 omnes,
2698 2794 2879 2850 Amen.
2912 2796 3035 2852 Haec
3061 2806 3240 2854 autem
3265 2802 3446 2857 omnia
3468 2818 3676 2873 quorsum

2148 2880 2363 2937 tandem
2395 2898 2426 2937 a
2455 2900 2544 2939 me
2584 2884 2727 2941 dicta
2773 2889 2932 2943 sunt?
2976 2888 3050 2945 Ut
3095 2889 3322 2946 doceam
3370 2909 3465 2947 nos
3491 2893 3675 2948 aliorum

2146 2975 2429 3031 commoda
2452 2992 2698 3046 quaerere
2724 2978 2919 3035 debere
2934 3022 2950 3045 ,
2980 2996 3044 3036 ac
3068 2998 3139 3037 ne
3159 2992 3351 3051 putent
3381 2984 3552 3041 ﬁdeles
3572 2986 3674 3048 hac,

2146 3080 2268 3122 cum
2314 3070 2639 3136 recitantur,
2685 3071 2816 3127 nihil
2860 3073 2927 3128 ad
2958 3090 3018 3129 se
3048 3078 3346 3145 pertinere.
3376 3077 3545 3147 Neque
3568 3081 3675 3132 enim

2147 3157 2213 3213 ad
2240 3159 2471 3228 parietes
2500 3161 2756 3219 diaconus
2790 3164 3044 3234 loquitur,
3074 3183 3196 3222 cum
3242 3169 3359 3234 ait,
3396 3169 3587 3223 Oremus
3608 3185 3677 3239 pro

2145 3251 2537 3307 catechumenis.
2567 3254 2762 3310 Verum
2814 3259 3053 3312 nonnulli
3099 3260 3234 3315 adeo
3261 3272 3530 3328 amentes,
3556 3273 3678 3330 atque

2147 3343 2321 3413 ignavi
2346 3360 2411 3399 ac
2438 3345 2682 3402 dissoluti
2709 3358 2858 3414 sunt,
2885 3359 2943 3403 ut
2972 3366 3076 3404 non
3106 3354 3265 3407 modo
3305 3356 3357 3410 in
3386 3355 3675 3411 catechumeo

2147 3453 2360 3505 norum,
2394 3439 2488 3493 sed
2519 3440 2678 3495 etiam
2708 3441 2943 3498 ﬁdelium
2977 3453 3217 3516 tempore
3247 3457 3393 3503 stent
3417 3460 3559 3521 atque
3578 3465 3678 3504 con-

2147 3527 2473 3586 l'abulentur.
2520 3532 2654 3587 Hinc
2697 3536 2875 3591 omnia
2916 3537 3173 3593 subversa
3204 3548 3367 3606 sunt,
3399 3542 3514 3597 hinc
3536 3544 3676 3597 omnia

2147 3624 2423 3694 perierunt
2454 3642 2467 3678 :
2499 3627 2620 3695 quia
2650 3642 2756 3697 quo
2786 3637 3028 3699 tempore
3058 3633 3295 3688 maxime
3326 3634 3595 3689 curandum
3617 3640 3677 3687 est

2148 3725 2205 3770 ut
2232 3715 2401 3771 Deum
2439 3718 2598 3774 nobis
2627 3720 3037 3776 reconciliemus
3060 3764 3075 3787 ,
3108 3723 3210 3777 hoc
3254 3726 3375 3794 ipso
3401 3726 3468 3779 ita
3490 3725 3676 3779 discedi-

2147 3821 2269 3862 mus
2288 3847 2302 3870 ,
2333 3815 2386 3862 ut
2416 3807 2533 3876 ejus
2576 3806 2707 3863 iram
2739 3811 2790 3864 in
2821 3826 2919 3866 nos
2948 3814 3301 3869 concitemus.
3334 3815 3583 3885 Siquidem
3608 3828 3674 3868 eoo

2147 3913 2261 3954 ram
2293 3898 2540 3955 ﬁdelibus
2565 3915 2663 3970 pro
2688 3902 2975 3972 episcopis,
3005 3920 3101 3974 pro
3128 3907 3472 3978 presbyteris,
3499 3922 3584 3978 pro
3609 3922 3677 3959 re-

2147 3991 2335 4061 gibus,
2376 4007 2473 4062 pro
2525 3994 2972 4064 imperatoribus,
3023 4013 3120 4067 pro
3164 4009 3304 4054 terra
3351 4012 3404 4055 et
3432 4002 3578 4065 mari,
3605 4014 3676 4067 pro

2146 4084 2286 4139 aeris
2311 4087 2569 4156 temperie
2592 4129 2606 4153 ,
2636 4088 2869 4158 denique
2898 4105 2997 4159 pro
3025 4092 3275 4149 universo
3304 4104 3550 4149 terrarum
3574 4094 3676 4147 orbe

2146 4175 2431 4246 benignum
2457 4178 2736 4233 Dominum
2758 4180 2908 4234 adire
2924 4181 3196 4249 jubemur.
3223 4182 3562 4250 Quamobrem
3580 4198 3674 4237 cum

2147 4283 2267 4334 nos,
2285 4268 2373 4339 qui
2401 4278 2545 4324 tanta
2574 4269 2761 4325 ﬁducia
2786 4272 2995 4341 prmdili
3022 4288 3144 4330 esse
3173 4274 3452 4343 debemus,
3479 4276 3671 4330 utetiam

2145 4377 2243 4432 pro
2284 4363 2404 4418 aliis
2432 4378 2684 4430 oremus,
2733 4380 2801 4420 ne
2842 4380 2939 4434 pro
2986 4367 3142 4422 nobis
3182 4369 3396 4436 quidem
3425 4377 3603 4423 attento
3626 4380 3673 4417 ac

2145 4454 2383 4524 vigilanti
2446 4456 2628 4512 animo
2675 4471 2994 4526 precemur,
3048 4461 3269 4527 quinam
3322 4460 3667 4519 excusationis,

2143 4547 2360 4617 quinam
2391 4551 2561 4605 venia:
2609 4549 2765 4606 nobis
2795 4552 2947 4607 locus
2984 4567 3105 4608 esse
3147 4555 3348 4624 possit?
3389 4558 3463 4609 Ac
3489 4552 3669 4623 proinde

2142 4641 2388 4707 obsecro,
2419 4651 2477 4695 ut
2502 4642 2616 4697 haec
2641 4644 2819 4697 omnia
2846 4644 3028 4699 animo
3054 4660 3119 4700 ac
3146 4656 3325 4702 mente
3353 4646 3669 4714 complecten-

2144 4739 2258 4795 tes,
2290 4732 2615 4803 precationis
2672 4742 2881 4803 tempus
2922 4750 3307 4804 agnoscamus,
3355 4737 3669 4799 sublimesque

2142 4825 2426 4882 ell‘eramur
2454 4838 2615 4898 atque
2643 4843 2673 4882 a
2704 4838 2843 4883 terra
2885 4828 3204 4884 excedamus
3224 4872 3239 4896 ,
3274 4831 3539 4900 ipsumque
3576 4824 3666 4881 cali

2139 4920 2399 4976 fornicem
2440 4922 2799 4991 attingamus.
2844 4932 2901 4977 ut
2945 4923 3110 4977 Deum
3157 4925 3309 4978 nobis
3346 4923 3601 4993 propitium
3627 4927 3666 4966 rt

2139 5011 2406 5081 placidum
2435 5012 2683 5076 reddere,
2710 5027 2771 5067 ac
2800 5015 3061 5082 promissa
3093 5013 3228 5069 bona
3258 5013 3501 5082 consequi
3530 5008 3663 5081 possi-

2139 5118 2295 5159 mus:
2319 5119 2437 5173 qua:
2461 5103 2661 5158 utinam
2687 5105 2940 5173 consequi
2965 5105 3117 5160 nobis
3143 5108 3432 5174 contingat,
3462 5119 3546 5175 per
3566 5117 3663 5171 ετειο

2139 5195 2266 5251 tiam
2296 5210 2360 5250 ac
2385 5196 2806 5249 misericordiam
2840 5196 3049 5251 Domini
3101 5198 3268 5251 nostri
3311 5198 3433 5252 Jesu
3457 5192 3655 5251 Christi.

2138 5288 2351 5355 quicum
2372 5289 2510 5342 Patri
2534 5298 2587 5342 et
2610 5287 2827 5358 Spiritui
2852 5296 3038 5343 sancto
3057 5288 3247 5358 gloria,
3274 5289 3557 5359 imperium,
3580 5284 3657 5338 lm-

2137 5396 2271 5447 nor,
2322 5396 2462 5437 nunc
2506 5391 2560 5437 et
2609 5396 2859 5452 seraper,
2910 5391 2964 5437 et
3014 5381 3066 5436 in
3106 5381 3300 5438 saecula
3358 5379 3655 5437 smeulorum.

2136 5475 2328 5529 Amen.
