3712 6212
123 200 158 254 »ὅ
1079 202 1147 258 ΙΝ
1179 202 1396 261 EPIST.
1422 206 1467 260 ll
1494 206 1588 262 AD

1796 206 2035 265 HOHIL.
2064 210 2130 266 II.
3146 220 3256 277 404

125 306 229 367 τοὺς
254 305 498 372 συνεθίζει
523 309 742 377 εἰδέναι,
766 313 849 368 ὃτι
873 314 1229 387 ἀναγέννησις
1257 316 1319 372 τὸ
1340 321 1576 391 πρᾶγμά
1678 322 1787 394 γὰρ
1822 323 2079 395 φορτικὸν
2172 342 2250 391 τι,
2277 324 2505 401 εἰρήνην
2524 324 2583 380 δὲ
2603 325 2724 399 ἔχῃ,
2751 326 2954 397 κοῦφόν
2988 329 3124 384 ἐστι.
3156 332 3259 389 Διά

123 417 178 459 τι,
199 398 278 450 καί
304 398 451 452 πάλιν
480 401 822 473 γεννώμεθα,
847 403 1038 478 ὥσπερ
1067 408 1176 462 ἀπὸ
1197 409 1297 480 τῆς
1333 412 1570 482 μήτρας,
1673 413 1833 467 τοῦτο
1859 417 1953 467 καὶ
1980 417 2009 468 6
2031 398 2265 486 Χριστὸς
2296 398 2484 486 ἔλεγεν
2510 432 2524 449 ’
2547 417 2815 487 Εἰρήνην
2838 419 2954 488 τὴν
2986 421 3141 490 ἐμὴν
3169 423 3259 476 δεῖ·

123 506 203 551 τως
230 489 324 542 ἀπὸ
345 489 446 544 τῶν
472 491 699 547 ὑδάτωψ
736 496 823 548 ἵνα
864 496 941 568 μὴ
967 496 1167 567 λέγωσι
1193 501 1336 556 κατὰ
1356 502 1448 555 τὸν
1473 504 1573 557 Νι-
1672 504 1818 575 δωμι
1873 507 2036 577 ὑμῖν.
2092 508 2260 564 Οὐδὲν
2310 509 2421 582 γὰρ
2472 510 2647 575 οὕτως
2697 511 2861 566 ὅπλον
2899 489 3116 584 ἰσχυρὸν
3176 514 3256 587 τῷ

123 584 161 651 ῖη
172 597 272 650 μον,
300 580 417 648 Πῶς
448 582 701 638 δύναταί
728 604 820 653 τις
844 590 1205 659 γεννηθῆναι
1232 593 1420 662 γέρων
1445 594 1570 663 ὠν;
1670 598 1911 671 διοὸόλῳ,
1940 600 2016 664 ὡς
2039 601 2186 672 μάχη
2208 604 2300 656 καὶ
2326 580 2495 674 ἔχθρα
2526 605 2619 657 καὶ
2646 604 2897 675 πόλεμος.
2930 580 3254 675 Εἰρηνικὴν

134 672 347 725 δύναται
369 675 451 740 εἰς
470 674 581 743 τὴν
601 679 837 732 κοιλίαν
854 678 963 748 τῆς
980 682 1209 751 μητρὸς
1231 685 1419 740 αὐτοῦ
1443 690 1569 742 εἰσ·
1667 688 1786 757 τὴν
1831 690 2152 760 παροῦσαν
2188 672 2439 763 ἡμέραν,
2492 695 2592 748 καί
2626 672 2830 761 πάσας
2882 672 3003 761 τὰς
3026 672 3250 764 ἡμέρας

123 761 215 815 ἰεῖν
234 799 248 826 ,
286 762 373 817 καὶ
427 766 792 836 γεννηθῆναι
848 770 1116 837 arma";
1160 769 1324 843 Εἶτα,
1375 777 1565 852 δπειδὴ
1664 782 1777 850 τῆς
1805 781 1957 853 ζωῆς
1991 783 2159 854 ὑμῶν
2193 761 2546 853 αἰτήσασθε.
2590 782 2743 851 Εἶδες
2791 787 2910 852 πῶς
2937 761 3098 843 πάλῖν
3129 761 3249 842 616-

123 872 208 907 εσιν
236 850 372 911 εἶπεν
397 856 701 929 ἁμαρτιῶν,
731 860 817 914 διὰ
844 861 955 916 τῶν
977 863 1106 936 ἑξῆς
1139 866 1310 940 αὐτὴν
1340 850 1566 926 πιστοῦέ
1664 873 1869 946 κληρον
2023 850 2138 947 βίον
2169 878 2229 932 ὲν
2259 850 2429 950 ἀρετῇ
2479 879 2695 934 κελεύει
2717 850 2901 949 εῖναιςθ
2921 883 3249 952 Χριστιανὰ

142 946 310 1015 λέγων’
344 948 445 1003 Τοῦ
468 949 801 1020 ἐνδύματος
821 951 934 1022 τῆς
962 955 1320 1026 ἀφθαρσίας.
1364 959 1424 1015 '0
1452 963 1563 1035 γάρ
1661 964 1829 1035 ὑμῶν
1854 966 1928 1022 τὰ
1970 966 2146 1036 τέλη·
2175 968 2240 1022 τὸ
2269 946 2569 1038 κεφάλαιον
2612 972 2720 1027 τῶν
2753 946 2996 1043 ἀγαθῶν,
3041 974 3108 1028 τὸ
3140 992 3248 1029 κα-

123 1056 234 1108 τητα
257 1039 580 1110 ἐνδυόμενος,
610 1041 769 1112 δῆλον
806 1045 891 1098 ὃτι
919 1045 1197 1119 ἄφθαρτος
1229 1051 1460 1113 γίνεται.
1493 1053 1561 1106 Τί
1658 1056 1775 1111 λον
1833 1059 1934 1112 καί
1992 1059 2061 1112 τὸ
2126 1061 2458 1131 συμφέρον.
2520 1065 2586 1117 ὐ
2617 1065 2726 1138 γὰρ
2782 1039 2857 1137 μὴ
2905 1067 3088 1131 καλὸν,
3123 1068 3246 1122 οὐδὲ

123 1145 262 1193 εστιν,
297 1128 383 1182 Ἐν
417 1129 598 1199 καιρῷ
631 1134 886 1201 εὑθέτφ;
917 1137 1086 1191 Ὅταν
1116 1135 1175 1193 εὖ
1216 1141 1559 1214 διακείμενος
1659 1149 1960 1219 συμφέρον.
1996 1151 2163 1223 Ἄλλη
2326 1128 2460 1225 παρ’
2490 1128 2758 1225 ημῖν-τῶν
2782 1128 3176 1228 ὦμφερόντων
3204 1162 3239 1230 ἡ

123 1221 229 1273 ὅταν
264 1221 390 1291 μετά
434 1222 745 1294 προθυμίας
796 1227 891 1280 καὶ
937 1228 1175 1294 πίστεως
1209 1234 1426 1307 προσίῃ·
1459 1235 1554 1289 τοῦ
1656 1240 1821 1309 φύσις
1869 1243 2022 1313 παρὰ
2072 1221 2170 1315 τὴν
2216 1221 2330 1299 τῶν
2367 1221 2575 1300 πολλῶν
2627 1221 2926 1319 ὑπόληψιν..
2961 1221 3244 1317 ’ἑαυτοὺς

147 1310 321 1363 πιστοῦ
352 1315 536 1383 καιρὸς
568 1314 785 1381 εὔθετος
813 1312 970 1382 οὗτός
1009 1321 1177 1374 ἐστιν.
1209 1323 1344 1378 Ἵνα
1380 1326 1551 1379 εὐλο-

1653 1329 1732 1396 τῷ
1764 1331 1931 1392 ζῶντι
1962 1332 2083 1399 Θεῷ
2127 1336 2226 1389 καὶ
2257 1334 2339 1401 τῷ
2366 1336 2599 1405 Χριστῷ
2630 1339 2816 1394 αὐτοῦ
2845 1342 3236 1411 παραθέσθαι.

124 1423 163 1472 κῃ
184 1406 280 1470 τὰς
301 1406 569 1475 εἰσόδους
589 1409 787 1463 αὐτῶν
809 1412 907 1465 καί
934 1412 1041 1479 τὰς
1056 1414 1329 1480 ἐξόδους,
1355 1415 1554 1472 πάντα
1653 1422 1823 1478 ούπω
1874 1426 1982 1498 γὰρ
2027 1428 2136 1480 τῶν
2176 1430 2317 1501 ὑπὲρ
2368 1431 2572 1503 ἐτέρων
2611 1435 2795 1498 αὐτοῖς
2847 1406 3235 1507 ἐπιτρέπομεν,

145 1495 282 1559 ,ϐίον
316 1496 529 1552 αὐτῶν.
594 1501 860 1556 Ἐνταῦθα
902 1504 960 1557 δὲ
999 1506 1093 1559 καὶ
1134 1507 1443 1576 σωματικόν
1494 1525 1550 1562 τι

123 1588 164 1636 ἰν
200 1585 494 1641 κελεύονται
514 1628 529 1652 ,
560 1590 636 1650 ὡς
672 1590 751 1643 ἔτι
782 1592 1161 1665 ἀσθενέστεροι
1190 1596 1362 1660 ὄντες.
1400 1598 1549 1665 Τοὺς

130 1696 194 1742 υς
218 1678 423 1741 αὐτῶν,
452 1680 555 1734 καὶ
586 1682 693 1748 τὰς
723 1684 1002 1750 οἰκετίας.
1042 1686 1331 1742 Τουτέστιν
1349 1729 1364 1753 ,
1390 1690 1456 1743 ἀν
1486 1708 1547 1744 τε

128 1784 318 1831 ποντας
344 1769 557 1840 ἔχωσιν,
587 1773 652 1826 ἀν
684 1790 744 1825 τε
786 1777 1090 1842 συγγενεῖς,
1131 1777 1197 1831 ἀν
1233 1795 1291 1832 τε
1326 1780 1548 1851 ἑτέρους

123 1877 137 1922 ;
174 1865 551 1931 προσήκοντας.
594 1864 779 1920 Ταῦτα
810 1867 921 1939 γάρ
965 1864 1033 1940 ἦν
1070 1871 1170 1941 τῆς
1201 1873 1449 1938 Παλαιᾶς
1478 1876 1546 1929 τά

125 1952 229 2006 λα·
274 1954 362 2007 καὶ
412 1956 564 2010 οὐδὲν
611 1957 754 2013 οὕτω
804 1960 976 2015 δεινὸν
1035 1964 1208 2018 ἐδόκει
1261 1963 1420 2031 εἷναι,
1469 1968 1546 2034 ὡς

124 2046 195 2111 ἔα,
239 2045 309 2110 ὡς
339 2049 586 2115 ἀπαιδία,
622 2051 698 2115 ὡς
734 2052 801 2106 τά
831 2054 1002 2128 πένθη
1050 2057 1120 2110 τά
1155 2059 1342 2130 ἀωρα,
1378 2060 1453 2125 ὡς
1483 2062 1545 2116 τὸ

123 2136 204 2207 μῷ
231 2138 383 2205 εἶναι,
419 2140 494 2205 ὼς
522 2142 581 2196 τὸ
611 2142 685 2215 μὴ
717 2144 776 2211 ἐξ
803 2148 991 2218 οὐρίας
1019 2149 1088 2203 τά
1115 2151 1419 2223 πράγματα
1447 2155 1546 2209 αύ-

123 2230 383 2299 ρέρεσθαι.
412 2236 510 2288 Διά
539 2235 602 2307 δὴ
633 2238 791 2291 τοῦτο
820 2242 915 2294 καὶ
940 2242 1164 2307 τούτους
1192 2245 1416 2316 ἀφίησιν
1442 2248 1544 2319 ἐμ-

123 2325 296 2391 ςωρεῖν
313 2328 429 2388 ταῖς
454 2328 703 2398 αἰτήσεσι
719 2333 840 2394 ταῖς
871 2336 1374 2409 σωματικωτέραις,
1397 2339 1542 2393 κατά

123 2430 167 2465 >ν
193 2415 385 2480 αὐτοὺς
414 2420 781 2486 ἀναϐιϐάζων.
808 2422 979 2478 Τοῦτο
1001 2428 1109 2498 γάρ
1140 2430 1234 2481 καὶ
1257 2431 1285 2482 6
1306 2431 1541 2502 Χριστὸς

123 2546 130 2567 ,
164 2508 324 2562 τοῦτο
363 2512 455 2563 καὶ
482 2513 509 2563 6
544 2514 776 2579 Παῦλος,
802 2517 1048 2573 παλαιῶν
1081 2523 1428 2592 μεμνημένος
1450 2525 1541 2577 εύ-

123 2614 179 2649 ›ν·
233 2600 261 2651 6
315 2600 412 2671 μὲν
470 2604 733 2674 Χριστὸς,
774 2609 902 2662 ὅταν
952 2609 1103 2683 λέγῃ⁹
1164 2613 1454 2682 Μακάριοι
1483 2619 1539 2670 οἱ

123 2691 190 2756 Γς,
222 2691 308 2745 ὅτι
331 2695 500 2748 αὐτοί
529 2699 1062 2769 κλτωονομήσουσι
1087 2702 1225 2773 τῆν’
1256 2707 1284 2758 6
1305 2705 1360 2758 δὲ
1389 2706 1539 2760 Παῦ-

123 2781 153 2833 Γ
156 2783 267 2850 [μα
303 2784 408 2838 τὸν
443 2789 671 2857 πατέρα
700 2806 816 2844 σου
847 2793 946 2847 καί
980 2792 1096 2862 τὴν
1127 2795 1358 2865 μητέρα
1394 2815 1534 2863 σου,

123 2889 201 2941 σῃ
235 2880 671 2948 μακροχρόνιος
692 2882 791 2936 ἐπὶ
817 2883 928 2953 τῆς
955 2884 1086 2955 γῆς.
1126 2888 1201 2941 Τὰ
1225 2889 1408 2944 τέκνα
1431 2893 1538 2946 αὑ-

123 2966 215 3017 ῖνα
245 2968 523 3036 αὐξήσας
547 2974 877 3045 εὐλογήσῃ,
909 2979 1009 3031 καὶ
1050 2980 1137 3046 εἰς
1157 2980 1380 3051 μέτρον
1402 2983 1539 3051 ἡλι-

123 3057 375 3127 ἀγαγὼν
411 3064 665 3134 σοφίσῃ.

124 3148 288 3202 Ιάλιν
318 3152 552 3207 ἐνταῦθα
578 3156 673 3210 καὶ
691 3162 1003 3229 σωματικὸν
1026 3162 1119 3217 καὶ
1140 3168 1531 3237 πνευματικὸν,
1594 3230 1599 3234 ,

130 3241 500 3313 πιωδέστερον
523 3246 906 3319 διακειμένοις.
922 3246 1053 3306 Εἶτα
1069 3255 1130 3308 τὸ
1150 3255 1276 3310 ὖστε
1285 3275 1374 3329 ρον
1401 3259 1533 3314 καθ-

123 3338 515 3404 πνευματικόν·
553 3339 679 3394 Ἵνα
739 3346 1073 3416 κατευθύνῃ
1102 3348 1307 3417 αὐτοῖς
1336 3352 1532 3407 πάντα

123 3429 419 3499 οκείμενα
446 3434 595 3501 πρὸς
625 3434 692 3488 τὸ
732 3438 1064 3506 συμφέρον.
1101 3442 1176 3494 Ού
1205 3442 1312 3512 γὰρ
1343 3445 1532 3509 ἀπλῶς

123 3521 415 3592 >κείμενα,
466 3525 602 3579 ἀλλά
649 3528 787 3601 πρὸς
826 3529 887 3583 τὸ
918 3533 1214 3604 συμφέρον.
1263 3535 1529 3602 Πολλάκις

123 3613 368 3667 ιόκειται
392 3615 691 3687 ἀποδημία,
718 3618 833 3671 ἀλλ’
856 3620 916 3673 ού
942 3623 1239 3694 συμφέρει·
1265 3625 1448 3698 ἕτερόν
1476 3646 1529 3682 τι

123 3722 201 3766 δν,
268 3705 385 3759 ἀλλ’
439 3708 540 3762 οὐκ
595 3708 711 3763 ἐστι
762 3710 1094 3768 λυσιτελοῦν.
1145 3717 1275 3771 Ἀπὸ
1323 3721 1528 3776 τούτων

123 3814 295 3850 ονται
326 3799 384 3850 ὲν
426 3801 593 3852 πᾶσιν
629 3802 968 3874 εὐχαριστεῖν
997 3804 1073 3876 τῷ
1107 3806 1243 3878 Θεῷ,
1275 3808 1351 3874 ὡς
1390 3828 1527 3883 συμ-

123 3905 213 3949 ως
247 3887 581 3959 γινομένοις.
630 3892 742 3945 Καὶ
777 3894 913 3962 μετά
958 3895 1130 3950 ταῦτα
1157 3899 1333 3952 πάντα
1380 3901 1525 3969 ὲγείο

143 3979 380 4033 κελεύει
412 3983 617 4038 λοιπόν.
667 3985 935 4056 Πρότερον
972 3988 1078 4059 γάρ
1121 3990 1319 4056 αὐτοὺς
1348 3996 1524 4065 χαμαὶ

130 4072 241 4125 ὅτε
274 4073 488 4145 ᾔτησαν
524 4076 668 4148 ἆπερ
712 4077 919 4149 ᾔτησαν
951 4083 1043 4133 καὶ
1088 4084 1400 4155 παρρησίας
1434 4089 1521 4141 ὲν-

124 4182 307 4235 ησαν,
355 4165 509 4239 [440]
552 4168 835 4241 ἀνίστησιν
884 4171 1078 4237 αὐτοὺς
1120 4177 1148 4228 6
1195 4175 1370 4245 λόγος,
1426 4182 1518 4234 καὶ

152 4257 363 4310 λοιπὸν
395 4261 489 4313 καὶ
517 4262 714 4325 αὐτοὺς
741 4261 959 4333 ἔχεσθαι
986 4265 1085 4335 τῆς
1114 4268 1249 4337 πρὸς
1273 4269 1363 4323 τὸν
1385 4272 1516 4327 Θεὸν

126 4366 237 4411 ας.
282 4349 366 4402 Τά
412 4350 508 4420 μὲν
538 4351 647 4423 γὰρ
676 4354 837 4423 ἡμεῖς
874 4352 1124 4425 λέγομεν,
1156 4357 1223 4412 τά
1248 4359 1303 4412 δὲ
1334 4363 1516 4427 αὐτοῖς

123 4457 326 4509 τομεν,
377 4442 479 4512 ἥδη
515 4443 615 4506 τὰς
650 4443 819 4514 θύρας
863 4445 1046 4510 αὐτοῖς
1080 4448 1387 4517 ἀνοίγοντες
1421 4454 1514 4507 τοῦ

142 4531 430 4602 καθάπερ
458 4534 582 4596 τοὺς
615 4535 809 4598 παῖδας
842 4536 1104 4608 πρότερον
1140 4540 1239 4609 μὲν
1263 4543 1514 4595 0161016:-

123 4640 209 4684 εν,
251 4622 455 4676 ἔπειτα
502 4625 557 4677 δὲ
600 4625 694 4679 καὶ
726 4626 791 4679 δι’
819 4626 1025 4681 ἑαυτῶν
1054 4629 1388 4699 φθέγγεσθαι
1419 4651 1513 4688 κε-

226 4714 492 4783 λέγοντες
520 4732 534 4746 ο
605 4716 718 4771 Τὸν
779 4719 1037 4789 ἄγγελον
1094 4722 1206 4792 τῆς
1268 4726 1512 4795 εἰρήνης

123 4826 225 4874 τε,
257 4813 318 4871 οἱ
350 4813 809 4881 κατηχούμενοι.
845 4815 999 4867 Ἔστι
1026 4815 1134 4885 γάρ
1159 4819 1387 4888 ἄγγελος
1415 4823 1510 4876 κό-

123 4918 264 4971 ςων,
295 4901 378 4966 ὡς
399 4904 528 4957 ὅταν
550 4903 701 4977 λέγῃ·
740 4906 1110 4975 Ἀποστολὴν
1138 4911 1212 4963 δι’
1240 4913 1511 4983 ἀγγέλων

124 5011 208 5046 ν.
239 4994 443 5047 Ἔστιν
472 4996 812 5069 δλοθρευτής.
851 5000 950 5053 Διά
981 5001 1140 5056 τοῦτο
1161 5004 1250 5058 τὸν
1278 5006 1507 5077 ἄγγελον

125 5102 259 5154 νης
290 5086 594 5158 κελεύομεν
618 5092 810 5153 αἰτεῖν,
845 5092 1212 5161 παιδεύοντες,
1238 5097 1266 5150 6
1288 5099 1507 5155 πάντων

123 5178 180 5229 Se:
195 5190 350 5246 σμος
368 5179 481 5232 τῶν
497 5181 959 5256 ἀγαθῶν,εἰρήνη,
977 5187 1135 5241 τοῦτο
1147 5188 1349 5260 ζητεῖν,
1365 5191 1505 5247 ὥστε

123 5268 505 5342 ιπηλλάχθαι
555 5275 755 5345 μάχης,
796 5278 998 5342 παντὸς
1036 5278 1294 5351 πολέμου,
1323 5284 1504 5356 πάσης

124 5397 144 5413 .
165 5360 490 5430 Εἰρηνικὰ
508 5364 654 5435 ὑμῖν
669 5365 866 5422 πάντα
889 5370 960 5426 τὰ
979 5373 1355 5443 προκείμενα.
1382 5378 1502 5435 Κᾶν

1506 5650 1584 5661 —..

1649 1515 1765 1567 ἀλλ’
1785 1528 1812 1555 ι
1843 1516 2126 1587 ἀγαπητὸν
2152 1520 2294 1594 ὑπὲρ
2320 1522 2503 1577 αὐτῶν
2525 1524 2784 1580 δύνασθαι
2817 1527 3048 1581 δεῖσθαι.
3082 1525 3237 1592 Εἶδες

1648 1604 1815 1677 εὐχὴν
1844 1606 2287 1679 ἀπηρτισμένην,
2324 1612 2418 1665 καὶ
2450 1611 2738 1683 δογμάτων
2781 1613 2968 1669 ἕνεκεν
3008 1618 3105 1670 καὶ
3136 1636 3236 1671 πο-

1647 1693 1882 1763 λιτείας;
1914 1697 2084 1751 Ὅταν
2103 1699 2212 1770 γὰρ
2238 1701 2570 1771 Εὑαγγέλιον
2596 1704 2860 1776 εἴπωμεν,
2879 1707 3006 1760 ὅταν
3031 1707 3235 1778 ἔνδυμα

1649 1782 1980 1856 ἀφθαρσίας,
2021 1787 2150 1840 ὅταν
2176 1787 2404 1860 λουτρὸν
2429 1791 2961 1861 παλιγγενεσίας,ητά
2987 1796 3233 1866 δόγματα

1648 1874 1878 1945 εἴπομεν
1929 1877 2139 1932 πάντα·
2185 1881 2314 1935 ὅταν
2369 1882 2494 1935 νοῦν
2551 1883 2752 1949 ἔνθεον,
2803 1887 2929 1941 ὅταν
2976 1888 3231 1959 σώφρονα

1647 1966 1928 2037 λογισμὸν,
1976 1969 2104 2025 ὅταν
2130 1971 2201 2025 τά
2240 1972 2375 2026 ἄλλα
2408 1974 2554 2045 άπερ
2582 1977 2907 2049 εἰρήκαμεν,
2942 1978 3043 2051 τὴν
3081 1981 3231 2033 πολι-

1644 2058 1798 2112 τείαν
1847 2058 2171 2131 ῂνιξάμεθα.
2202 2057 2338 2116 Εἶτα
2374 2064 2556 2118 κλῖναι
2601 2066 2701 2129 τὰς
2739 2069 2980 2137 κεφαλὰς
3007 2069 3229 2124 κελεύο-

1648 2164 1771 2217 μεν,
1797 2152 2098 2222 τεκμήριον
2125 2151 2222 2205 τοῦ
2247 2154 2344 2218 τὰς
2367 2155 2534 2225 εύχάς
2556 2158 2888 2228 ἀκουσθῆναι
2913 2161 3228 2231 ποιούμενοι

1641 2238 1704 2290 τὸ
1734 2238 1827 2293 τὸν
1859 2240 1991 2294 Θεὸν
2034 2243 2298 2312 εὐλογεῖν.
2348 2246 2422 2299 υύ
2469 2247 2578 2317 γὰρ
2603 2247 2666 2318 δὴ
2700 2249 2987 2319 ἄνθρωπός
3016 2253 3165 2304 ἐστιν
3196 2252 3228 2305 6

1642 2329 1903 2399 εὐλογῶν,
1949 2332 2085 2386 ἀλλά
2134 2335 2221 2389 διά
2269 2337 2367 2407 τῆς
2405 2338 2613 2391 ἐκείνου
2641 2339 2824 2410 χειρὸς
2853 2341 2947 2393 καὶ
2977 2342 3225 2414 γλώττης

1641 2418 1789 2489 αὐτῷ
1843 2422 2194 2493 προσάγομεν
2249 2424 2323 2495 τῷ
2372 2425 2593 2478 Βασιλεῖ
2643 2426 2743 2490 τάς
2803 2429 3048 2497 κεφαλὰς
3111 2430 3223 2485 τῶν

1639 2514 2009 2583 παρεστώτων
2030 2516 2080 2570 δ.
2121 2516 2232 2570 Καὶ
2280 2518 2571 2572 ἐπιϐοῶσιν
2610 2520 2850 2584 ἅπαντες
2882 2520 2962 2585 τὸ,
3014 2522 3219 2590 Ἀμήν.

1640 2597 1827 2653 Ταῦτα
1875 2601 1933 2654 δέ
1984 2619 2077 2673 μοι
2124 2605 2300 2658 πάντα
2351 2607 2495 2670 τίνος
2546 2608 2734 2661 ἕνεκεν
2789 2610 3040 2681 simul;
3098 2611 3222 2666 Ἵνα

1637 2684 1833 2752 διδάξω
1862 2690 1943 2743 ὃτι
1979 2691 2040 2744 τὸ
2081 2693 2284 2763 ἐτέρων
2313 2695 2395 2748 δεῖ
2442 2697 2648 2766 ζητεῖν,
2686 2698 2775 2753 ἵνα
2814 2699 2889 2771 μὴ
2921 2702 3219 2770 νομίσωσιν

1636 2781 1685 2832 οἰ
1711 2782 1892 2834 πιστοὶ
1938 2784 2106 2855 μηδὲν
2143 2781 2283 2839 εἶναι
2314 2789 2450 2858 πρὸς
2494 2790 2713 2857 αὐτοὺς,
2749 2792 2878 2845 ὅταν
2924 2794 3100 2849 ταῦτα
3129 2796 3218 2850 λέ-

1637 2888 1827 2943 γηται.
1869 2874 1944 2926 Οὐ
1998 2874 2109 2946 γάρ
2159 2878 2224 2949 δὴ
2273 2883 2387 2944 τοῖς
2426 2881 2627 2951 τοίχοις
2678 2886 2706 2937 6
2761 2885 3009 2950 διάκονος
3042 2887 3213 2955 λέγει*

1635 2962 1944 3033 Δεηθῶμεν
1986 2966 2141 3034 ὑπὲρ
2187 2966 2304 3021 τῶν
2338 2972 2823 3043 κατηχουμένων.
2870 2976 3031 3032 Ἀλλά
3072 2995 3218 3043 τινες

1635 3051 1807 3117 οὕτως
1832 3055 1969 3107 εἰσὶν
2008 3055 2226 3127 ἀνόητοι
2253 3060 2348 3112 καὶ
2376 3059 2572 3129 βλᾶκες
2599 3064 2692 3116 κα)⁵
2722 3063 3112 3136 διαλελυμένοι,
3138 3068 3215 3132 ὡς

1637 3141 1713 3215 μὴ
1743 3144 1903 3213 μόνον
1933 3146 1991 3199 ὲν
2018 3146 2095 3217 τῷ
2131 3148 2304 3219 καιρῷ
2334 3150 2443 3204 τῶν
2483 3154 2926 3223 κατηχουμένων,
2958 3155 3093 3209 ἀλλά
3116 3157 3214 3211 καὶ

1633 3233 1692 3286 ὲν
1723 3234 1801 3305 τῷ
1846 3236 2025 3309 καιρῷ
2069 3238 2178 3291 τῶν
2209 3240 2417 3294 πιστῶν
2463 3244 2806 3298 ἑστάναικαὶ
2843 3246 3210 3317 διαλέγεσθαι.

1645 3326 1924 3381 Ἐντεῦθεν
1964 3330 2139 3384 πάντα
2180 3330 2559 3401 διέστραπται,
2608 3335 2858 3390 ἐντεῦθεν
2888 3338 3067 3392 πάντα
3104 3341 3211 3393 ἀπ-

1634 3417 1854 3482 όλωλεν,
1885 3420 1967 3473 ὅτι
1997 3423 2054 3474 ὲν
2085 3420 2165 3491 τῷ
2194 3422 2393 3494 καιρῷ,
2417 3425 2477 3477 ὲν
2510 3417 2553 3492 ᾧ
2581 3424 2817 3495 μάλιστα
2850 3428 2930 3481 δεῖ
2954 3430 3047 3482 τὸν
3076 3430 3211 3484 Θεὸν

1630 3508 2041 3575 καταλλάττειν,
2106 3513 2164 3565 ὲν
2221 3514 2393 3585 τούτῳ
2461 3516 2856 3587 παροξύνοντες
2881 3531 2913 3559 οη
2976 3520 3204 3592 ἄπιμεν.

1629 3598 1737 3651 Καὶ
1788 3598 1899 3671 γάρ
1942 3600 2036 3653 επὶ
2085 3600 2196 3654 τῶν
2249 3604 2459 3656 πιστῶν
2510 3605 2648 3675 ὑπὲρ
2695 3608 3028 3674 ἐπισκόπων,
3065 3610 3206 3683 ὑπὲρ

1627 3691 2039 3764 πρεσϐυτέρων,
2079 3694 2220 3765 ὑπὲρ
2267 3695 2553 3765 βασιλέων,
2592 3698 2731 3769 ὑπὲρ
2776 3700 2886 3754 τῶν
2938 3703 3203 3772 κρατούν-

1626 3797 1755 3846 των,
1790 3783 1931 3854 ύπὲρ
1961 3784 2064 3855 γῆς
2090 3787 2184 3839 καὶ
2211 3787 2507 3860 Θαλάσσης,
2538 3790 2679 3863 ὑπὲρ
2707 3792 2906 3864 ἀέρων,
2938 3795 3077 3866 ὑπὲρ
3101 3797 3201 3867 τῆς

1626 3876 2208 3950 οἰκουμένηςάπάσης
2236 3879 2384 3953 [441]
2431 3883 2765 3954 κελευόμεθα
2800 3888 3081 3958 προσιέναι
3119 3890 3199 3961 τῷ

1626 3967 1994 4040 φιλανθρώπῳ
2021 3970 2161 4041 Θεῷ.
2196 3972 2366 4027 Ὅταν
2393 3969 2487 4027 οὖν
2514 3977 2564 4028 οἱ
2599 3977 2865 4048 τοσαύτην
2894 3980 3199 4048 ὀφείλοντες

1625 4057 1771 4129 ἔχειν
1802 4062 2135 4132 παρρησίαν,
2169 4063 2243 4126 ὡς
2282 4064 2423 4136 ὑπὲρ
2455 4066 2750 4137 ἀλλοτρίων
2791 4069 3018 4137 δεῖσθαι,
3062 4073 3197 4143 μηδὲ

1627 4152 1766 4221 ὑπὲρ
1812 4152 2020 4205 ἑαυτῶν
2071 4154 2334 4224 νήφοντες
2396 4158 2845 4231 προσευχώμεθα,
2888 4164 2966 4226 τίς
2999 4166 3128 4234 ἡμῖν
3158 4169 3192 4237 ἡ

1620 4243 1911 4313 ἀπολογία;
1945 4246 2073 4298 ποία
2101 4247 2433 4318 συγγνώμη;
2465 4250 2555 4302 Διὸ
2598 4252 2661 4321 δὴ
2693 4255 2995 4322 παρακαλῶ
3022 4257 3195 4310 ταῦτα

1619 4336 1797 4390 πάντα
1816 4338 2196 4406 ἐννοήσαντας,
2219 4339 2417 4392 εἰδέναι
2442 4342 2630 4411 καιρὸν
2656 4344 2844 4413 εὐχῆς,
2874 4347 2966 4397 καὶ
2996 4363 3193 4416 μεταρ-

1620 4429 1768 4492 σίους
1813 4428 2078 4497 γίνεσθαι,
2128 4432 2223 4485 καὶ
2279 4432 2714 4486 ἀπαλλάττεσθαι
2763 4436 2863 4504 τῆς
2920 4436 3044 4507 γῆς,
3097 4440 3191 4490 καὶ

1616 4521 1795 4575 αὐτῶν
1824 4522 2092 4577 ἅπτεσθαι
2125 4523 2232 4576 τῶν
2254 4523 2459 4593 ἀψίδων
2491 4523 2583 4576 τοῦ
2617 4526 2872 4596 οὐρανοῦ,
2913 4530 2997 4581 ἵνα
3027 4528 3187 4599 δυνη-

1616 4611 1795 4682 θῶμεν
1827 4612 1916 4666 τὸν
1942 4613 2074 4667 Θεὸν
2100 4613 2257 4668 ἵλεων
2280 4615 2522 4684 ποιῆσαι,
2557 4615 2649 4669 καὶ
2672 4619 2859 4688 τυχεῖν
2884 4618 2993 4671 τῶν
3026 4621 3191 4690 ἐπηγ-

1613 4703 1891 4774 γελμένων
1925 4704 2179 4773 ἀγαθῶνσ
2217 4700 2292 4759 ὧν
2336 4709 2546 4775 γένοιτο
2583 4709 2790 4771 πάντας
2820 4711 2965 4781 ἡμᾶς
2994 4714 3183 4767 ἐπιτυ-

1612 4796 1751 4863 χεῖν,
1805 4794 1989 4865 χάριτι
2040 4796 2135 4849 καὶ
2193 4796 2573 4869 φιλανθρωπίᾳ
2621 4799 2713 4851 τοῦ
2765 4800 2969 4870 Κυρίου
3025 4803 3185 4872 ἡμῶν

1624 4883 1798 4953 Ἰησοῦ
1846 4885 2103 4956 Χριστοῦ,
2151 4886 2271 4956 μεθ’
2319 4882 2380 4942 οὗ
2423 4889 2499 4959 τῷ
2532 4890 2707 4961 Πατρὶ
2755 4890 2871 4961 ἅμα
2919 4891 2997 4965 τῷ
3044 4894 3184 4967 ἀγίῷ

1610 4976 1889 5047 Πνεύματι
1923 4977 2069 5045 δόξα,
2107 4980 2329 5050 κράτος,
2371 4980 2528 5052 τιμὴ,
2581 4980 2677 5036 νῦν
2709 4984 2803 5037 καὶ
2831 4983 2939 5053 ἀεὶ,
2973 4986 3069 5040 καὶ
3102 4990 3181 5053 εἰς

1608 5070 1733 5131 τοὺς
1764 5068 1965 5132 αἰῶνας
1989 5070 2097 5122 τῶν
2118 5070 2354 5127 αἰώνων.
2397 5072 2591 5144 Ἀμήν.

1668 5267 1692 5340 ξι
1717 5267 2157 5340 ξρνὶι.γιρεθηᾶιὶῐο
2180 5272 2373 5340 gpnjici}
2395 5272 2700 5340 ἐπιτρέπομεν
2732 5276 2890 5340 εύχήτ,
2915 5278 3036 5331 ἀλλ’.

1666 5326 1694 5398 [ι
1722 5328 1810 5398 Ms.
1836 5339 1888 5377 et
1912 5326 2062 5398 ηῐςιιζες.
2091 5332 2239 5383 Savil.
2256 5326 2286 5395 ,⁷
2303 5334 2399 5383 τῶν
2421 5326 2753 5398 προεστώτων.

1670 5390 1692 5419 ⁸
1720 5391 1830 5453 Με.,
1847 5390 2196 5454 παροξύναντες.
