3780 6314
185 251 271 307 ωε

1203 253 1268 313 ΙΝ
1305 256 1598 315 ΕΡΙΒΤ.-ΙΙ
1660 262 1751 318 AD
1776 262 1931 323 60R.
1975 268 2205 327 HOMIL.
2246 272 2334 330 111.

3302 294 3402 349 606

192 382 3402 457 η--ῄ--ἮἪ

1541 470 1869 536 HOMILIA
1910 476 2015 539 111.

174 612 288 667 (Συ.
342 609 389 665 1.
438 626 487 662 v.
530 609 613 664 12.
647 608 787 664 Nam
837 610 1002 681 gloria
1039 621 1211 665 nostra
1243 610 1349 666 lucc
1375 621 1466 677 est,
1497 613 1720 667 testimo-

234 704 360 755 nium
400 703 712 756 conscientia
750 715 967 763 nostris,
1018 704 1153 774 quod
1209 705 1261 758 in
1312 706 1631 773 simplicitate
1674 715 1723 759 et

230 796 496 850 sinceritate
535 794 662 861 Dei,
697 804 741 848 et
780 812 881 848 non
909 796 963 848 in
996 798 1241 865 sapientia
1286 798 1500 861 carnali,
1551 798 1640 851 sed
1665 801 1717 852 in

228 886 380 956 gratia
404 885 495 940 Dei
516 886 793 939 conversati
819 902 989 939 sumus
1016 887 1069 939 in
1095 886 1301 940 mundo.

230 980 274 1031 1.
302 974 381 1030 Et
407 992 532 1045 pura
557 978 861 1029 conscientia
889 986 1074 1045 quanta
1095 976 1373 1032 consolatio
1402 977 1614 1059 oriatur.
1639 1004 1714 1017 ν-

171 1071 252 1124 llic
291 1084 493 1122 rursum
538 1067 681 1122 aliud
712 1083 921 1137 quoque
948 1084 1053 1122 non
1083 1085 1301 1138 parvum
1332 1070 1712 1125 consolationis

164 1171 502 1229 argumentum
554 1159 709 1213 nobis
762 1160 972 1228 aperit,
1036 1157 1142 1213 imo
1180 1175 1435 1233 perquam
1488 1162 1707 1232 ingens,

163 1254 385 1321 quodque
436 1252 673 1305 animum
728 1252 781 1305 in
835 1254 1086 1322 periculis
1134 1253 1437 1309 demersum
1503 1255 1710 1324 erigere

163 1354 319 1415 queat.
347 1344 601 1413 Quoniam
631 1346 769 1399 enim
800 1344 1029 1408 dixerat,
1060 1345 1193 1400 Deus
1214 1363 1305 1400 nos
1330 1347 1531 1413 eripuit,
1550 1356 1708 1415 atque

163 1437 205 1491 id
245 1445 400 1491 totum
449 1436 879 1491 miserationibus
929 1437 1023 1491 Dei
1067 1438 1418 1507 precibusque
1469 1438 1703 1506 ipsorum

161 1529 521 1599 adscripserat;
569 1544 636 1584 ne
666 1529 765 1584 hac
796 1530 1006 1585 ratione
1054 1530 1314 1585 auditoris
1342 1532 1577 1585 animum
1607 1544 1703 1584 su-

161 1622 315 1690 pinum
356 1637 416 1676 ac
459 1621 766 1692 languidum
806 1623 1089 1690 redderet,
1122 1633 1303 1693 utpote
1353 1625 1445 1678 Dei
1495 1624 1705 1679 miseri-

158 1714 328 1769 cordiae
352 1714 627 1771 dumtaxat
653 1698 987 1786 alioi'umque
1018 1717 1269 1787 precibus
1316 1717 1698 1783 confidentem,

160 1807 368 1863 ostendit
391 1809 534 1879 ipsos
563 1825 774 1881 quoque
801 1825 905 1864 non
936 1826 1122 1881 parum
1152 1826 1219 1866 ex
1268 1825 1326 1865 se
1358 1812 1696 1882 praestitisse.

160 1904 310 1970 Atque
351 1902 399 1955 id
437 1902 650 1973 quidem
678 1903 826 1973 prius
852 1904 1013 1958 etiam
1043 1903 1126 1958 his
1151 1904 1326 1959 verbis
1370 1903 1695 1971 declaravit,

156 1994 276 2047 Sicut
318 1992 573 2049 abundant
620 1996 880 2065 passiones
927 1996 1114 2050 Christi
1158 1997 1211 2050 in
1240 1996 1412 2061 nobis,
1440 1996 1512 2049 sic
1548 1998 1698 2049 etiam

153 2085 345 2137 abundat
370 2086 650 2141 consolatio
671 2097 843 2141 nostra
874 2102 893 2139 :
922 2086 1009 2142 hic
1034 2095 1214 2142 autem
1239 2087 1380 2142 aliud
1406 2102 1437 2142 a
1464 2103 1521 2142 se
1551 2097 1696 2144 recte

150 2178 319 2231 factum
346 2188 753 2233 commemorat.
801 2179 1085 2248 Quodnam
1136 2178 1274 2235 hoc?
1322 2179 1583 2248 Quoniam
1640 2182 1693 2235 in

152 2283 258 2336 pura
283 2270 600 2325 conscientia
631 2271 954 2341 minimeque
995 2272 1115 2326 ﬁcta
1145 2279 1323 2327 mente
1352 2271 1549 2341 ubique
1582 2280 1692 2326 tcr-

150 2374 303 2413 rarum
325 2363 625 2417 conversati
657 2378 861 2428 sumus,
908 2364 1097 2433 inquit.
1142 2363 1255 2419 Hoc
1305 2379 1466 2435 porro
1491 2364 1558 2419 ad
1590 2380 1690 2419 no-

148 2464 287 2506 stram
311 2457 727 2511 consolationem
778 2466 832 2511 et
873 2456 1298 2512 cohortationem
1350 2474 1458 2512 non
1503 2472 1690 2527 parum

146 2546 370 2599 momenti
402 2546 595 2613 habet;
626 2563 726 2603 nec
770 2548 835 2602 ad
865 2548 1286 2603 consolationem
1320 2558 1526 2605 tantum
1546 2591 1561 2615 ,
1595 2548 1689 2604 sed

145 2638 199 2690 ad
218 2639 343 2693 aliud
373 2641 531 2695 etiam
564 2641 801 2711 insuper,
819 2643 962 2713 quod
989 2643 1351 2699 consolatione
1377 2643 1530 2713 longe
1553 2657 1689 2711 pra:-

145 2732 341 2786 stantius
362 2743 463 2800 est,
496 2735 602 2789 hoc
624 2744 726 2799 est,
750 2738 815 2789 ad
841 2737 1232 2805 gloriationem.
1262 2737 1354 2791 llis
1372 2747 1547 2791 autem
1565 2752 1687 2791 vcr-

143 2821 212 2875 bis
247 2825 420 2891 partim
466 2840 563 2881 eos
611 2825 801 2891 docet,
832 2836 890 2881 ut
937 2827 988 2881 in
1028 2826 1406 2884 aliiictionibus
1466 2829 1686 2883 minimc

143 2913 307 2969 animis
332 2915 667 2987 frangantur,
684 2918 778 2973 sed
810 2919 984 2987 potius
1009 2921 1323 2990 glorientur,
1354 2937 1473 2977 cum
1499 2937 1683 2991 puram

142 3006 487 3062 conscientiam
515 3008 749 3064 habeant
775 3026 789 3064 :
819 3012 1012 3079 partim
1041 3012 1200 3066 etiam
1233 3012 1395 3067 falsos
1411 3014 1683 3084 apostolos

144 3098 280 3152 tacite
325 3101 657 3169 perstringit.
711 3101 777 3155 Et
812 3103 1260 3171 quemadmodum
1316 3104 1367 3157 in
1405 3106 1682 3174 superiore

140 3188 333 3256 cpistola
372 3192 465 3253 ait.
504 3191 647 3245 Misit
673 3209 751 3247 me
780 3192 1007 3248 Christus
1034 3202 1091 3248 ut
1117 3196 1470 3266 evangelium,
1494 3214 1594 3251 non
1628 3200 1681 3253 in

138 3283 353 3349 sapientia
378 3286 646 3349 sermonis,
675 3302 737 3339 ne
774 3296 1036 3341 euacuetur
1074 3304 1199 3343 crua:
1222 3286 1409 3344 Christi
1448 3291 1525 3358 (1.
1558 3287 1677 3345 Cor.

140 3370 180 3424 1.
197 3372 271 3444 l7)
290 3390 303 3438 ;
326 3383 396 3439 et,
421 3374 489 3430 Ut
510 3376 642 3445 fides
662 3386 822 3431 vestra
845 3394 946 3433 non
965 3380 1030 3433 sit
1052 3379 1103 3433 in
1122 3381 1368 3451 sapientia
1393 3382 1672 3448 hominum,

137 3467 208 3517 sed
234 3467 278 3519 in
307 3471 526 3535 potentia
561 3468 652 3523 Dei
678 3470 754 3542 (1.
781 3468 901 3526 Cor.
927 3470 980 3525 2.
1010 3472 1065 3541 5)
1098 3489 1113 3527 :
1143 3472 1220 3527 sic
1245 3475 1404 3528 etiam
1431 3474 1531 3529 hoc
1562 3478 1678 3531 loco

138 3559 215 3623 ait,
244 3558 355 3614 Non
383 3564 435 3616 in
459 3564 736 3633 sapientia,
765 3564 853 3618 sed
879 3564 931 3618 in
954 3567 1119 3637 gratia
1145 3565 1349 3621 Christi.
1370 3568 1507 3636 Quin
1533 3571 1674 3627 aliud

133 3663 312 3721 quoque
336 3653 417 3709 his
449 3655 633 3711 verbis
661 3656 1036 3725 subindicavit,
1069 3658 1191 3713 Non
1212 3660 1263 3714 in
1279 3663 1548 3731 sapientia,
1574 3662 1674 3718 hoc

131 3754 224 3808 est,
249 3761 345 3801 non
375 3748 429 3803 in
470 3749 663 3805 fraude
690 3767 704 3804 :
736 3752 987 3805 nimirum
1030 3752 1117 3807 hic
1145 3768 1358 3824 quoque
1390 3755 1670 3823 profanam

132 3835 447 3894 eruditionem
490 3841 779 3909 impetens.
832 3841 1009 3897 Gloria
1053 3844 1185 3898 enim
1236 3857 1410 3900 nostra
1439 3848 1546 3902 haec
1574 3858 1667 3915 est,

132 3923 291 3994 inquit,
321 3932 662 3985 testimonium
691 3933 1008 3987 conscientite
1033 3944 1236 3990 nostra.
1276 3936 1387 3991 Hoc
1411 3947 1511 4003 est,
1542 3954 1671 3993 con-

128 4017 312 4075 scientia
357 4036 562 4087 nostra,
593 4040 712 4094 quae
751 4041 851 4081 nos
897 4027 1257 4084 condemnare
1298 4032 1501 4101 nequit,
1534 4039 1669 4087 tam-

125 4121 253 4175 quam
279 4113 364 4182 qui
387 4114 455 4170 ob
482 4115 726 4186 improba
752 4118 983 4173 facinora
1032 4121 1381 4189 exagitemur.
1414 4122 1665 4190 Quamvis

127 4200 239 4255 cuitu
268 4205 559 4261 innumeris
582 4206 972 4264 calamitatibus
998 4210 1315 4278 afliciamur,
1333 4223 1492 4283 atque
1512 4214 1665 4269 undi-

124 4304 206 4359 que
243 4294 558 4368 impetamur
596 4309 651 4355 et
699 4300 1098 4370 periclitemur,
1161 4304 1317 4359 nobis
1366 4315 1546 4361 tamen
1594 4306 1660 4360 ad

124 4388 529 4457 consolationem,
557 4406 659 4448 nec
696 4391 763 4447 ad
806 4393 1226 4450 consolationem
1274 4404 1477 4452 tantum
1502 4439 1518 4461 ,
1564 4397 1660 4453 sed

122 4476 251 4532 etiam
269 4481 330 4535 ad
352 4497 609 4538 coronam
637 4483 835 4539 sufficit
862 4488 1186 4541 conscientia
1218 4504 1336 4558 qua:
1380 4505 1508 4559 pura
1554 4500 1655 4557 est,

122 4568 341 4642 nobisque
392 4576 496 4632 hoc
547 4578 897 4645 testiﬁcatur,
952 4595 1049 4635 nos
1102 4597 1205 4636 non
1244 4583 1461 4638 Sceleris
1498 4584 1657 4641 ullius

119 4674 264 4729 causa,
292 4668 382 4723 sed
413 4670 485 4724 ob
517 4670 610 4723 Dei
640 4672 991 4734 voluntatem.
1015 4674 1086 4729 ob
1111 4674 1359 4730 virtutem
1383 4717 1398 4740 ,
1444 4676 1512 4730 ob
1541 4678 1657 4747 phi-

120 4750 397 4824 losophiam,
426 4761 498 4816 ob
525 4761 815 4817 multorum
843 4764 1069 4819 salutem
1098 4764 1210 4819 haec
1241 4767 1370 4834 pati.
1402 4769 1479 4822 Ac
1508 4769 1655 4838 prior

116 4845 292 4909 quidem
322 4852 406 4905 illa
449 4854 750 4909 consolatio
783 4870 813 4909 a
857 4855 970 4923 Deo
1001 4857 1281 4923 manabat;
1327 4858 1440 4914 haec
1476 4870 1651 4915 autem

114 4935 166 4985 ab
208 4938 322 5007 ipsis
370 4954 533 5014 atque
563 4960 594 4999 a
639 4946 760 4999 vitae
810 4947 1040 5015 puritate
1084 4948 1453 5019 colligebatur.
1488 4952 1645 5009 Unde

113 5026 241 5083 etiam
267 5031 486 5100 gloriam
521 5036 687 5102 ipsam
717 5046 890 5103 vocat,
918 5039 1167 5107 quoniam
1211 5042 1424 5109 propria
1462 5058 1648 5098 eorum

114 5117 271 5177 tirtute
293 5129 721 5196 comparabatur.
751 5130 1004 5195 Quaenam
1028 5132 1186 5201 igitur
1213 5140 1296 5187 est
1320 5133 1434 5189 haec
1458 5135 1645 5205 gloria,

112 5220 153 5259 et
173 5214 402 5278 quidnam
430 5220 586 5273 nobis
609 5221 935 5275 conscientia
954 5232 1132 5277 nostra
1153 5225 1485 5290 testificatur,
1506 5227 1646 5293 Quo~

111 5302 218 5355 niam
243 5308 288 5360 in
324 5312 649 5380 simplicitate
672 5322 720 5366 et
760 5315 812 5366 in
840 5317 1167 5371 sinceritate?
1205 5318 1316 5373 lloc
1360 5331 1461 5385 est,
1511 5323 1643 5378 nihil

111 5388 482 5470 fraudulentum,
499 5403 628 5458 nihil
645 5419 738 5474 per
753 5405 1093 5476 hypocrisim,
1111 5424 1206 5479 per
1225 5412 1639 5482 simulationem,

111 5497 182 5547 ρετ
206 5498 625 5564 assentationem,
662 5514 760 5568 per
785 5500 1026 5566 insidias,
1052 5518 1144 5570 per
1166 5502 1448 5572 fallaciam,
1468 5522 1531 5562 ac
1549 5523 1642 5577 per

108 5574 220 5633 aliud
246 5584 523 5658 quidquam
547 5590 807 5659 ejusmodi
835 5591 1089 5660 fecimus;
1118 5596 1210 5650 scd
1242 5596 1291 5651 in
1312 5599 1457 5652 omni
1484 5574 1641 5655 liber-

109 5675 209 5739 δάε,
237 5676 285 5732 in
312 5682 551 5750 veritate,
582 5685 635 5739 in
659 5700 788 5755 pura
835 5686 1158 5758 minimeque
1183 5690 1409 5763 maligna
1441 5694 1633 5749 volun-

384 5791 646 5849 l’aruon.
693 5789 810 5850 Gn.
870 5796 963 5851 LX
980 5798 1020 5853 1.

1828 621 1954 681 tate,
1985 617 2034 671 in
2064 631 2240 678 mente
2278 625 2345 680 ab
2384 631 2529 686 omni
2559 632 2683 690 dolo
2703 654 2890 705 vacua,
2941 646 3077 703 nihil
3111 660 3306 711 tectum
3344 668 3400 713 et

1825 706 2216 781 adumbratam,
2250 718 2380 775 nihil
2412 721 2639 780 fucatum
2681 745 2744 785 ac
2784 706 3162 796 veteratorinm
3192 744 3395 803 haben-

1822 806 1920 851 tes.
1954 798 2074 854 Non
2100 804 2153 857 in
2193 811 2440 878 sapientia
2464 818 2679 871 carnali.
2711 819 2823 878 lloc
2850 836 2951 890 est,
2980 845 3082 885 non
3104 833 3159 888 in
3186 836 3395 896 vafritie

1818 901 1867 945 et
1899 891 2258 964 improbitate,
2310 917 2411 960 nec
2445 907 2498 960 in
2542 914 2807 970 sermonis
2849 915 3091 977 facundia
3146 943 3394 1000 nexuque

3195 981 3208 982 κ
3309 981 3319 1000 ,
3348 981 3389 989 κ-

1815 981 2199 1051 sophismatum
2242 1009 2255 1045 :
2289 992 2403 1049 haec
2456 998 2597 1052 enim
2649 1018 2742 1072 per
2769 1011 3040 1065 carnalem
3068 1019 3389 1087 sapientiam

1815 1074 2078 1181 intelligit.
2100 1083 2272 1153 Atque
2301 1086 2375 1152 id,
2394 1091 2535 1146 unde
2558 1093 2631 1148 illi
2654 1112 2975 1170 magnopere
2999 1074 3386 1181 gloriabantur,

1814 1164 2078 1225 inficiatur
2105 1172 2218 1242 ipse
2246 1192 2308 1232 ac
2348 1180 2517 1250 rejicit
2547 1200 2561 1237 :
2591 1202 2657 1241 ex
2687 1164 2975 1249 abundanti
2999 1164 3251 1258 videlicet
3287 1164 3380 1260 os:

1812 1258 2058 1366 tendens,
2084 1262 2224 1366 haud
2267 1270 2483 1342 dignum
2530 1276 2666 1333 istud
2698 1296 2841 1352 esse,
2874 1285 2942 1343 de
2966 1306 3072 1358 quo
3100 1258 3379 1366 quisquam

1808 1347 2098 1419 glorietur;
2127 1356 2319 1458 quippe
2347 1378 2466 1417 cum
2512 1366 2625 1436 ipse
2654 1385 2759 1427 non
2782 1347 2942 1432 modo
2970 1347 3019 1433 id
3065 1347 3381 1458 noni-equi:

1807 1447 1908 1502 rat,
1934 1454 2112 1497 verum
2143 1447 2303 1503 etiam
2330 1454 2640 1513 submoveat
2668 1477 2729 1517 ac
2760 1464 2956 1532 probro
2984 1468 3163 1527 ducat.
3195 1447 3300 1530 Sal
3326 1481 3381 1533 in

1804 1531 1968 1597 gratia
1996 1532 2093 1589 Dei
2142 1546 2420 1597 conversati
2457 1564 2627 1603 sumus
2667 1552 2720 1606 in
2747 1531 2954 1612 mundo.
3002 1561 3136 1629 Quid
3165 1576 3278 1633 est,
3315 1569 3381 1623 In

1802 1624 1968 1690 gratia
1996 1624 2133 1682 Dei?
2171 1631 2280 1687 Hoc
2318 1645 2418 1699 est.
2444 1639 2756 1709 sapientiam
2794 1662 2856 1701 ac
2885 1624 3173 1719 potentiam
3211 1624 3378 1730 ipsius

1801 1715 2060 1775 beneficio
2088 1723 2242 1781 nobis
2270 1742 2578 1787 concessam
2604 1751 2701 1805 per
2725 1740 2977 1797 miracula
3009 1715 3375 1810 declarantes:

1800 1815 1960 1876 atque
1986 1809 2109 1866 hinc
2132 1815 2313 1885 etiam,
2345 1822 2505 1888 quod,
2528 1839 2647 1879 cum
2672 1829 2831 1885 rudes
2862 1849 3106 1892 essemus
3134 1842 3375 1914 nihilque

1799 1909 2034 1957 externa
2048 1905 2304 1964 doctrinm
2319 1914 2590 1971 nobiscum
2605 1920 2939 1991 alferremus.
2964 1929 3148 1988 doctos
3169 1905 3369 2005 tamen,

1798 2002 2058 2063 oratores,
2089 1997 2465 2071 philosophos,
2510 2024 2662 2079 reges
2690 2028 2751 2067 ac
2800 2020 3029 2087 populos
3066 2025 3370 2087 vicerimus.
3440 2080 3443 2087 ,

1800 2080 1965 2137 Porro
2006 2103 2110 2143 non
2152 2092 2385 2163 vulgaris
2410 2108 2493 2153 est
2539 2104 2653 2158 haec
2675 2109 2972 2165 consolatio
3001 2129 3064 2169 ac
3100 2118 3370 2187 gloriatio,

1797 2187 1989 2244 nempe
2011 2180 2150 2247 quod
2195 2182 2295 2253 ipsi
2332 2187 2432 2242 sibi
2475 2195 2673 2248 conscii
2705 2208 2919 2267 essent,
2946 2220 3005 2259 se
3046 2180 3150 2262 no'n
3179 2208 3371 2265 huma-

1795 2281 1915 2320 nam
1966 2278 2253 2338 potentiam
2284 2278 2572 2349 adhihcre,
2607 2287 2702 2341 sed
2750 2290 2925 2347 divina
2980 2298 3146 2366 gratia
3191 2305 3371 2359 omnia

1792 2357 2075 2415 coniicere.
2104 2362 2170 2417 In
2202 2370 2411 2424 mundo.
2464 2371 2535 2425 Ita
2567 2392 2672 2430 non
2718 2378 2958 2438 Corinthi
2980 2357 3210 2444 viantum
3234 2434 3250 2459 ,
3273 2395 3371 2450 sed

1793 2449 1989 2515 passim
2017 2467 2227 2525 quoque
2259 2468 2369 2512 toto
2398 2470 2661 2520 terrarum
2684 2470 2836 2526 orbe.
2887 2475 3243 2537 Abundantius
3266 2502 3364 2539 au-

1791 2548 1888 2593 tem
1910 2547 2050 2612 apud
2077 2562 2181 2603 vos.
2206 2550 2342 2616 Quid
2369 2556 2727 2616 abundantius
2752 2564 2817 2618 ad
2846 2568 3059 2625 vos?1n
3086 2576 3249 2644 gratia
3274 2577 3371 2635 Dei

1789 2640 2069 2692 conversati
2093 2658 2286 2698 sumus.
2315 2644 2452 2702 Nam
2480 2662 2533 2704 et
2559 2653 2709 2724 signa
2738 2666 2793 2711 et
2820 2640 3238 2739 miracula—apud
3272 2689 3367 2728 vos

1787 2728 2069 2793 edidimus,
2101 2741 2153 2787 ct
2179 2735 2509 2807 diligentiam
2539 2746 2795 2814 majorem
2820 2728 3159 2817 adhibuimus
3177 2764 3369 2817 vitam-

1786 2833 1890 2887 que
1920 2821 1988 2875 ab
2007 2826 2149 2878 omni
2179 2829 2597 2897 reprehensione
2623 2838 2874 2895 alienam.
2916 2843 3046 2900 Nam
3096 2848 3200 2906 hoc
3226 2870 3365 2924 quo-

1784 2929 1888 2984 que
1916 2918 2137 2983 gratiam
2168 2921 2261 2976 Dei
2283 2938 2455 2990 vocat,
2487 2929 2735 2985 nimirum
2780 2950 2843 2989 ea
2870 2938 3053 3005 etiam,
3093 2960 3211 3012 quae
3240 2918 3361 3005 cum

1784 3005 1980 3061 virtute
2003 3011 2190 3078 gessit,
2225 3014 2324 3083 ipsi
2353 3016 2683 3075 adscribcns.
2719 3023 2834 3079 Illic
2876 3030 3017 3083 enim
3049 3005 3181 3087 ultra
3210 3050 3360 3108 septa

1784 3099 2031 3165 prosiliit,
2061 3101 2187 3156 dum
2220 3105 2336 3160 sine
2361 3119 2574 3179 sumptu
2612 3118 2948 3186 evangelium
2995 3137 3221 3193 poneret
3242 3099 3362 3191 ..ιιι

1781 3201 1969 3241 eorum
2015 3191 2365 3250 imbecillitati
2412 3201 2740 3258 consuleret.
2787 3207 2871 3262 15.
2916 3191 3038 3265 Non
3080 3216 3212 3270 enim
3252 3220 3359 3275 alia

1778 3278 2041 3333 scribimus
2065 3283 2203 3337 vobis
2224 3326 2242 3352 ,
2286 3303 2439 3357 quam
2463 3305 2575 3358 qua
2601 3293 2766 3363 legitis
2800 3306 2846 3350 ct
2884 3304 3181 3370 agnoscitis.
3213 3306 3358 3373 Quo-

1778 3368 1921 3424 niam
1949 3374 2224 3443 magnilica
2248 3376 2315 3433 de
2338 3395 2395 3434 se
2426 3382 2778 3454 proloquutus
2806 3368 2979 3446 fuerat
3004 3368 3347 3472 sibiqttewipsi

1779 3461 2141 3518 testimonium
2174 3466 2400 3535 dixerat,
2434 3472 2487 3527 id
2517 3476 2656 3544 quod
2684 3479 3045 3549 importunum
3072 3461 3206 3555 erat,
3230 3461 3352 3545 rur-

1776 3566 1894 3607 sum
1921 3568 2107 3610 eorum
2134 3574 2253 3628 qua:
2297 3561 2427 3617 dicit
2471 3565 2617 3634 ipsos
2648 3579 2812 3627 testes
2840 3576 3101 3643 producit.
3130 3579 3207 3637 Ne
3232 3586 3352 3653 quis

1774 3645 1938 3711 enim,
1970 3646 2157 3718 inquit,
2186 3650 2455 3709 existimet
2479 3668 2562 3722 ea,
2595 3674 2712 3729 quae
2738 3677 2767 3716 a
2798 3680 2883 3719 me
2907 3667 3189 3737 dicuntur,
3221 3645 3352 3730 ver-

1773 3735 1961 3792 borum
2002 3739 2278 3798 dumtaxat
2326 3760 2572 3817 pompam
2612 3766 2732 3807 esse
2777 3772 2791 3808 :
2837 3756 2952 3813 haec
3003 3762 3145 3818 enim
3176 3735 3349 3823 vobis

1770 3842 2271 3902 commemoramus,
2323 3852 2439 3907 qua:
2483 3841 2634 3896 vobis
2677 3844 2807 3913 ipsis
2854 3851 3128 3919 explorata
3179 3869 3342 3924 sunt;

1770 3923 2017 3992 quodque
2059 3941 2156 3980 nos
2186 3928 2408 3986 minime
2453 3936 2794 4004 mentiamur,
2833 3955 2942 4009 przn
2989 3947 3199 4003 caeteris
3243 3950 3345 4021 ipsi

1770 4022 1932 4068 testes
1962 4030 2080 4071 esse
2104 4021 2329 4088 queatis.
2368 4021 2630 4094 Legentes
2653 4029 2794 4084 enim
2826 4038 3138 4103 agnoscitis,
3166 4044 3333 4110 quod,

1767 4121 1887 4174 quae
1917 4121 2012 4162 nos
2034 4124 2094 4164 re
2120 4112 2233 4180 ipsa
2263 4116 2574 4182 prazstitisse
2610 4133 2940 4191 compertum
2990 4129 3197 4185 habetis
3218 4175 3233 4198 ,
3276 4153 3337 4189 ea

1768 4212 1861 4265 per
1900 4197 2084 4255 literas
2132 4218 2347 4274 quoque
2392 4209 2787 4276 praedicamus:
2831 4232 2929 4272 nec
2975 4223 3339 4280 testimonium

1764 4298 2001 4345 vestrum
2030 4293 2198 4351 literis
2228 4300 2427 4353 nostris
2450 4313 2733 4373 repugnat,
2761 4308 2855 4361 sed
2885 4325 3067 4366 earum
3100 4316 3332 4384 ipsarum

1764 4380 1977 4437 lectioni
2020 4399 2279 4443 consonat
2307 4389 2423 4446 haec
2452 4396 2685 4464 cognitio
2704 4437 2720 4464 ,
2749 4415 2908 4469 quam
2935 4414 3059 4459 ante
3085 4380 3152 4463 de
3178 4410 3334 4464 nobis

1761 4472 2057 4533 habebatis.
2086 4478 2177 4535 14.
2201 4480 2349 4535 Sicut
2365 4493 2414 4537 et
2429 4491 2727 4557 cognovistis
2750 4507 2842 4546 nos
2865 4509 2926 4548 ea:
2954 4507 3118 4565 parte.
3141 4499 3326 4570 Neque

1758 4567 1900 4620 enim
1931 4584 1998 4623 ex
2048 4570 2273 4627 aliorum
2322 4587 2574 4632 sermone
2601 4594 2689 4634 res
2720 4593 2933 4639 nostras
2962 4567 3285 4656 cognovistis
3309 4635 3347 4657 ,ν

1757 4657 1849 4711 sed
1878 4673 1943 4713 ex
1972 4660 2082 4730 ipsa
2112 4664 2457 4733 experientia.
2501 4666 2633 4724 illud
2662 4682 2837 4727 autem
2861 4713 2879 4741 ,
2906 4674 2989 4729 Ea;
3012 4687 3187 4746 parte,
3215 4697 3328 4736 mo.

1755 4750 1940 4807 destire
1982 4769 2140 4810 causa
2169 4757 2321 4812 dixit.
2365 4760 2474 4816 Hoc
2505 4763 2646 4818 enim
2697 4765 2795 4834 ipsi
2826 4766 2877 4820 in
2910 4784 3057 4824 more
3097 4773 3324 4839 positum

1754 4855 1855 4909 est,
1883 4860 2003 4900 cum
2034 4850 2350 4907 necessitate
2379 4853 2640 4911 adductus
2666 4856 2686 4927 (
2715 4872 2884 4926 neque
2904 4861 3047 4915 enim
3068 4863 3198 4917 alias
3225 4863 3325 4918 hoc

1752 4934 1902 5007 facit)
1925 4941 2097 5009 magni
2145 4940 2212 4996 de
2251 4956 2311 4997 se
2335 4944 2602 5021 quidpiam
2633 4950 3023 5017 pronuntiarit,
3052 4962 3108 5006 ut
3136 4969 3320 5009 eorum
3356 4962 3363 4971 ‘

1750 5044 1870 5097 qua:
1911 5030 2044 5085 dixit
2095 5042 2357 5088 tumorem
2408 5034 2588 5091 Statim
2638 5040 2910 5095 retundat.
2954 5041 3118 5114 Spero
3153 5057 3320 5101 autem

1748 5122 1881 5181 quod
1909 5126 2059 5176 etiam
2080 5140 2237 5194 usque
2264 5127 2317 5179 in
2340 5127 2488 5196 [ineat
2514 5133 2841 5199 cognoscetis.

1861 5257 1875 5267 .
1906 5212 2066 5267 Vides
2105 5230 2315 5269 rursum
2342 5233 2448 5287 quo
2477 5230 2633 5288 pacto
2661 5237 2691 5273 a
2721 5224 3007 5290 pncteritis
3035 5224 3193 5282 ﬁdem
3226 5228 3314 5284 fu~

1744 5306 1876 5355 turis
1903 5303 2144 5359 adstruat
2165 5348 2180 5373 ,
2212 5322 2310 5362 nec
2333 5323 2363 5362 a
2394 5311 2672 5378 praeteritis
2709 5322 2913 5371 tantum
2934 5358 2949 5383 ,
2981 5320 3075 5373 sed
3100 5321 3257 5376 etiam
3285 5342 3313 5375 a

1747 5391 1840 5446 Dei
1885 5396 2167 5462 potentia?
2212 5397 2395 5468 Neque
2420 5402 2564 5456 enim
2595 5405 2839 5461 absolute
2873 5408 3187 5477 afﬁrmavit,
3218 5414 3312 5467 sed

1744 5481 1848 5537 hoc
1878 5495 2044 5539 totum
2073 5486 2140 5541 ad
2170 5488 2343 5558 ipsum
2369 5505 2645 5564 spemque,
2671 5513 2830 5566 quam
2861 5500 2910 5552 in
2940 5500 3055 5569 ipso
3083 5504 3306 5572 positam

1744 5577 1925 5644 habet,
1976 5581 2244 5651 relegavit.
2294 5583 2442 5649 Quod
2480 5591 2642 5657 gloria
2670 5601 2832 5644 uestra
2856 5608 3061 5657 sumus,
3087 5595 3219 5647 sicut
3258 5606 3307 5647 et

1742 5688 1828 5727 vos
1858 5683 2031 5729 nostra
2055 5676 2107 5729 in
2132 5677 2213 5730 die
2239 5675 2443 5732 Domini
2484 5683 2641 5734 nostri
2663 5681 2696 5735 J
2704 5701 2789 5740 esu
2814 5683 3017 5739 Christi.
3053 5684 3165 5740 Hoc
3194 5686 3306 5740 loco

2891 5793 2968 5850 9.6
