3712 6212
371 256 488 314 τοτ
1063 248 1122 308 3.
1161 247 1436 308 JOANNIS
1468 241 1935 306 CHRYSOSTOMI
1974 241 2288 299 ARCHlEP.
2329 242 2860 301 CONSTANTINOP.
3579 250 3645 303 ιιι

385 370 640 428 invidiam
668 411 682 435 ,
709 383 869 442 quam
898 382 962 424 ea
989 382 1108 438 qua:
1151 369 1396 438 superius
1426 363 1635 419 dixerat
1655 362 1754 433 ipsi
1778 358 1960 415 conci-

385 476 500 521 tare
525 470 829 535 potuerant,
853 459 1101 526 succidit,
1128 458 1256 514 dum
1284 457 1350 512 ad
1377 470 1562 511 eorum
1590 468 1712 524 qua:
1731 462 1878 507 recte
1902 457 1958 505 et

383 571 507 613 cum
533 556 728 610 virtute
753 559 994 625 gesserat
1019 550 1348 606 consortium
1374 563 1438 602 ac
1467 547 1776 602 societatem
1801 543 1947 612 ipsos

383 645 661 702 adsciscit.
696 644 810 700 Non
839 644 980 698 enim
1032 641 1170 696 intra
1220 655 1320 694 nos
1346 639 1702 692 coostiterunt
1725 675 1740 700 ,
1770 633 1865 688 sed
1897 631 1965 686 ad

383 753 488 794 vos
515 753 730 810 quoque
778 735 1089 799 dimanant,
1121 748 1183 786 ac
1210 731 1442 786 vicissim
1473 746 1502 782 a
1535 729 1685 782 vobis
1729 725 1794 780 ad
1845 739 1961 778 nos.

2067 360 2237 414 dentia
2265 359 2486 413 volebam
2513 359 2656 429 prius
2681 361 2847 414 venire
2873 360 2941 413 ad
2968 376 3076 414 vos.
3105 358 3370 426 Quanam
3400 358 3626 414 confidas

2069 451 2139 506 tia
2156 452 2180 505 τ
2200 452 2351 519 Quod
2369 453 2552 507 virtuti
2573 463 2764 507 vestra:
2781 453 3038 522 majorem
3063 455 3119 505 in
3139 453 3379 506 modum
3395 454 3645 512 conﬁdam

2067 545 2209 617 quod
2243 555 2460 616 propter
2489 561 2583 600 vos
2611 546 2827 614 glorier,
2851 546 2994 616 quod
3020 545 3293 616 gloriatio
3327 554 3518 599 nostra
3543 547 3645 608 έιιι

2069 638 2211 709 quod
2257 653 2352 693 vos
2391 639 2544 693 unice
2573 653 2778 701 amem,
2807 638 2950 708 quod
2984 638 3192 693 nullius
3225 638 3367 691 mali
3403 638 3531 690 mihi
3555 654 3646 690 cns-

2069 730 2212 784 scius
2241 729 2365 794 sint,
2395 729 2536 798 quod
2577 745 2680 784 non
2718 730 2952 784 dubitem
2995 732 3125 798 quin
3166 730 3376 784 omnia
3417 729 3550 797 apud
3585 747 3647 782 nos

393 831 660 900 Quoniam
710 828 853 884 enim
901 825 1136 896 seipsnm
1163 824 1426 878 extulerat
1449 863 1466 889 ,
1487 836 1553 875 ac
1578 819 1966 890 praeteritorum
2070 823 2363 889 spiritualia
2395 824 2521 882 sint,
2551 837 2614 876 ac
2644 839 2738 875 vos
2769 821 2954 876 harum
2999 839 3183 878 rerum
3231 831 3419 875 testes
3449 822 3647 874 hat-ear.
3701 819 3703 856 ¹

389 930 759 993 argumentum
783 917 1118 979 exhibuerat,
1133 926 1186 970 et
1205 914 1273 969 de
1296 913 1485 968 futuris
1501 909 1882 981 Spoponderat,
1899 921 1970 963 ne
2086 911 2321 967 Volebam
2346 915 2514 968 venire
2542 913 2610 966 ad
2626 930 2732 978 vos,
2759 914 2845 968 16.
2873 926 2921 968 et
2949 931 3036 981 per
3055 931 3144 968 vos
3177 914 3430 966 transire
3448 914 3500 964 ἱιι
3527 914 3647 964 Nam

393 1012 666 1067 auditores
693 1026 815 1065 eum
851 1019 1120 1079 tamquam
1147 1022 1337 1076 magna
1380 1005 1448 1060 de
1489 1019 1548 1058 se
1592 1001 1968 1072 pradicantem
2073 1004 2298 1060 doniam.
2328 1006 2485 1074 Atqui
2515 1010 2842 1060 contrarium
2865 1007 2916 1059 in
2943 1006 3120 1074 priore
3146 1005 3406 1074 epistola
3437 1005 3648 1073 pollicem

370 1106 746 1168 ~ineesserent,
769 1112 928 1173 atque
949 1102 1000 1156 in
1021 1100 1292 1162 invidiam,
1317 1108 1373 1152 ut
1392 1097 1521 1160 dixi,
1537 1093 1836 1166 prolaberet

2181 1108 2268 1162 'at,
2302 1098 2385 1152 his
2416 1097 2594 1151 verbis
2624 1107 2778 1152 utens
2811 1113 2826 1150 :
2865 1096 3076 1150 Veniam
3107 1107 3300 1151 autem
3339 1098 3418 1148 ad
3456 1112 3647 1154 nam

371 1197 765 1266 “gloriationcm
793 1211 914 1251 cum
937 1195 1066 1265 ipsis
1087 1191 1470 1253 communicat,
1497 1199 1656 1257 atque
1682 1187 1820 1242 hanc
1846 1186 1967 1240 lau-
2078 1189 2434 1244 Macedoniam
2457 1192 2706 1243 transiero
2731 1206 2748 1243 :
2780 1189 3138 1244 Macedoniam
3165 1190 3323 1244 enim
3360 1193 3647 1257 perimat-$2.

369 1289 525 1344 idum
565 1303 819 1344 coronam
867 1287 933 1342 ad
983 1287 1127 1357 ipsos
1155 1284 1422 1354 pertinere
1450 1281 1545 1335 ait.
1591 1279 1725 1335 Nam
1767 1278 1812 1333 si
1840 1277 1974 1332 tales
2075 1281 2175 1350 Qui
2205 1281 2263 1335 fit
2291 1281 2489 1350 itaque,
2516 1291 2572 1334 ut
2600 1280 2686 1334 hic
2715 1282 2998 1350 pugnantia
3028 1281 3218 1335 dicat?
3251 1279 3386 1334 Non
3419 1295 3647 1347 pugnam

398 1396 752 1452 appareamus
775 1421 791 1445 ,
834 1379 1038 1449 inquit,
1072 1384 1254 1432 nostra
1300 1378 1414 1430 laus
1441 1381 1619 1430 vestra
1649 1373 1816 1443 gloria
1847 1379 1930 1427 est
1956 1385 1972 1422 :
2079 1374 2229 1438 dicit,
2273 1375 2411 1428 absit
2438 1393 2452 1428 :
2487 1373 2602 1428 hazc
2630 1376 2772 1428 enim
2797 1387 2917 1427 cum
2947 1374 3011 1428 iis
3039 1375 3275 1444 quidem
3309 1390 3444 1444 qua:
3474 1377 3648 1442 scripse-

399 1471 850 1543 quemadmodum
895 1468 1100 1523 scilicet
1126 1482 1226 1521 nos
1251 1480 1497 1536 quoque,
1539 1463 1667 1517 dum
1695 1476 1792 1517 vos
1820 1459 1978 1516 laude
2070 1477 2184 1534 rat,
2215 1468 2556 1538 pugnabant;
2583 1483 2704 1521 eum
2733 1469 2797 1521 iis
2825 1477 3025 1532 autem,
3057 1485 3181 1538 qua!
3217 1469 3280 1520 in
3319 1469 3512 1520 animo
3537 1470 3649 1520 hair

405 1575 566 1635 atque
594 1564 757 1634 gloria
788 1560 1010 1625 ﬂoretis,
1043 1558 1374 1614 exsullamus
1394 1598 1409 1618 .
1436 1556 1692 1627 gestimus
1721 1563 1777 1608 el
1818 1567 1977 1608 (30ΐο-
2081 1559 2204 1626 bat,
2233 1560 2450 1613 minime
2495 1561 2816 1629 pugnabant.
2860 1559 2982 1614 Ideo
3013 1577 3119 1613 non
3154 1560 3256 1613 hic
3291 1560 3475 1622 dixit,
3505 1561 3649 1614 Serus.

399 1673 615 1711 'namur.
648 1658 818 1726 Atque
845 1653 933 1708 hic
973 1667 1188 1723 quoque
1232 1666 1421 1706 rursus
1459 1664 1552 1719 per
1577 1663 1639 1703 ea
1660 1661 1780 1718 qum
1813 1645 1977 1714 dixit,
2083 1667 2170 1706 me
2193 1666 2285 1720 per
2305 1652 2466 1705 Vttsin
2487 1651 2848 1706 Macedoniam
2872 1651 3257 1716 transiturum,
3282 1652 3412 1712 sed.
3451 1651 3649 1703 ῑόιιόιι

406 1751 673 1820 ingentem
725 1746 1040 1801 humilitatis
1089 1759 1201 1799 suae
1249 1741 1690 1812 significationem
1755 1739 1976 1810 praebet.
2082 1741 2214 1796 Nam
2245 1743 2453 1797 etiamsi
2486 1758 2589 1795 non
2623 1745 2693 1796 ita
2723 1743 3028 1814 scripserim
3052 1786 3066 1808 ,
3103 1745 3331 1812 inquit,
3369 1753 3543 1798 nmen
3577 1761 3650 1796 su-

405 1841 522 1896 Non
569 1840 712 1896 enim
741 1847 798 1893 ut
821 1836 1078 1910 Magister
1124 1835 1192 1891 ad
1231 1834 1522 1904 discipulos
1546 1875 1561 1899 ,
1595 1831 1689 1888 sed
1715 1840 1774 1887 ut
1817 1831 1982 1887 disci-

390 1933 559 2002 polus
608 1929 898 2000 discipulos
952 1928 1270 1999 alloquens,
1327 1926 1401 1982 ita
1453 1939 1760 1982 sermonem
1833 1939 1976 1980 exte-

405 2034 554 2096 quat.
605 2024 683 2078 Ac
742 2022 866 2078 vide
915 2037 1022 2092 quo
1083 2030 1239 2092 pacto
1283 2034 1378 2076 eos
1437 2018 1696 2074 sublimes
1735 2016 1939 2073 efﬁciat
1967 2058 1983 2082 ,

403 2132 468 2172 ac
513 2114 849 2189 philosophia
899 2113 1135 2184 impleat,
1184 2113 1310 2166 dum
1356 2112 1500 2180 ipsos
1533 2109 1600 2165 ad
1649 2111 1796 2164 illum
1843 2109 1986 2164 diem

387 2206 744 2263 ‘transmittit.
790 2203 869 2261 Ne
914 2205 1058 2260 enim
1105 2203 1234 2258 mihi
1277 2203 1562 2273 praesentia
1603 2215 1988 2257 commemore-

412 2301 503 2366 tis,
555 2299 752 2370 inquit,
794 2297 899 2352 hoc
940 2305 1022 2352 est
1064 2296 1280 2367 probra,
1323 2295 1601 2360 convicia,
1655 2303 1985 2359 scommata,

411 2409 531 2464 quae
553 2391 703 2447 vobis
731 2405 760 2446 a
793 2389 1062 2461 plerisque
1091 2386 1432 2455 inferuntur;
1463 2401 1637 2457 neque
1662 2386 1804 2441 enim
1833 2384 1991 2455 quid-

391 2499 572 2555 quam
636 2481 721 2538 hic
773 2481 946 2552 magni
1005 2480 1261 2535 momenti
1323 2487 1441 2544 est,
1507 2492 1610 2534 non
1672 2478 1834 2540 heta,
1886 2491 1990 2532 non

413 2575 654 2641 molesta,
678 2587 784 2629 non
806 2581 1121 2639 scommata,
1146 2587 1250 2627 non
1283 2571 1529 2627 humana:
1555 2569 1738 2625 Iaudes
1764 2588 1779 2624 :
1807 2584 1992 2626 verum

415 2664 677 2722 tremendi
715 2663 858 2720 illius
889 2672 1048 2733 atque
1087 2661 1340 2718 horrendi
1365 2661 1469 2717 diei
1499 2660 1651 2716 vobis
1681 2661 1734 2715 in
1761 2669 1995 2716 mentem

417 2759 615 2824 veniat,
643 2758 695 2813 in
721 2772 828 2828 quo
856 2757 1032 2811 omnia
1076 2765 1258 2825 aperta
1287 2764 1462 2810 erunt.
1493 2753 1626 2809 Tum
1650 2754 1792 2808 enim
1817 2763 1873 2810 et
1896 2768 1996 2810 nos

419 2851 472 2905 in
499 2849 670 2914 vobis,
697 2861 750 2905 et
779 2863 875 2904 vos
902 2849 953 2904 in
984 2848 1138 2904 nobis
1164 2847 1542 2919 gloriabimini,
1564 2861 1684 2902 cum
1715 2856 1770 2902 et
1797 2861 1891 2903 vos
1917 2855 1998 2901 ta-

399 2941 497 2997 'les
525 2941 807 3011 magistros
847 2939 1092 2994 habuisse
1125 2939 1460 3009 perspicuum
1489 2939 1612 3005 erit,
1646 2937 1736 3008 qui
1764 2952 1865 2993 nec
1895 2936 1996 2991 hu-

405 3032 560 3087 mani
587 3031 877 3103 quidquam
921 3029 1231 3094 docuerint,
1255 3044 1356 3084 nec
1385 3029 1625 3099 improbe
1651 3043 1715 3083 ac
1739 3027 1999 3098 flagitiose

419 3107 668 3187 vixerint,
692 3137 793 3178 nec
821 3122 980 3178 ullam
1008 3122 1119 3178 vitii
1147 3136 1331 3177 ansam
1360 3121 1604 3191 cuiquam
1633 3120 1997 3191 porrexerint,

363 3219 374 3227 '
409 3231 484 3272 ac
514 3217 669 3272 nobis
694 3231 878 3271 rursus
925 3215 1058 3270 tales
1101 3213 1391 3284 discipulos
1437 3212 1622 3279 fuisse,
1655 3212 1744 3282 qui
1770 3225 1869 3267 nec
1899 3211 2000 3264 ltu-

426 3309 567 3364 mani
596 3307 796 3379 aliquid
827 3307 966 3378 passi
998 3305 1210 3371 fuerint,
1236 3319 1337 3360 nec
1363 3304 1683 3369 vacillarint,
1715 3301 1808 3358 sed
1837 3299 2002 3356 alacri

421 3415 489 3456 ac
531 3409 778 3471 prompto
815 3401 996 3455 animo
1040 3407 1231 3454 cuncta
1274 3397 1602 3468 exceperint,
1649 3411 1748 3451 nec
1789 3395 1892 3450 ulla
1935 3402 2002 3450 ex

420 3503 581 3566 parte
610 3493 868 3548 fallaciam
894 3492 994 3550 sibi
1026 3492 1138 3548 fieri
1164 3491 1524 3563 permiserint.
1553 3491 1621 3546 Et
1650 3491 1764 3545 haec
1790 3489 2003 3559 quidem

430 3600 574 3641 nunc
602 3593 782 3640 mente
807 3584 1041 3655 prmditis
1067 3584 1342 3638 manifesta
1365 3592 1512 3648 sunt,
1536 3592 1644 3637 tum
1672 3591 1848 3637 autem
1869 3596 2004 3636 cun-

425 3678 529 3734 ctis
555 3685 730 3735 erunt.
754 3677 935 3748 Itaque
959 3676 1166 3733 etiamsi
1189 3691 1328 3730 nunc
1347 3673 1650 3746 afﬂigimur,
1676 3689 1780 3730 non
1805 3675 2008 3729 medio-

427 3769 540 3826 cris
570 3769 684 3824 haec
708 3783 918 3839 quoque
944 3767 1098 3822 nobis
1117 3767 1410 3822 consolatio
1431 3767 1666 3837 suppetit
1694 3785 1706 3819 :
1738 3781 1856 3836 qua:
1885 3767 2006 3836 qui-

433 3861 556 3918 dem
576 3877 715 3918 nunc
731 3878 759 3916 a
775 3861 1099 3918 conscientia
1114 3861 1483 3931 proficiscitur,
1495 3870 1603 3916 tum
1622 3871 1800 3916 autem
1813 3861 1881 3915 ab
1897 3863 2006 3932 ipsa

432 3953 876 4010 manifestatione.
903 3953 1052 4009 Nunc
1077 3954 1218 4009 enim
1246 3939 1568 4009 conscientia
1591 3953 1802 4023 quidem
1827 3963 2008 4010 nostra

433 4047 536 4103 hoc
559 4056 898 4118 perspectum
927 4047 1104 4112 habet,
1123 4061 1221 4102 nos
1251 4047 1344 4103 Dei
1373 4047 1540 4118 gratia
1565 4047 1744 4102 omnia
1773 4046 2008 4110 efficere,

431 4138 881 4208 quemadmodum
909 4139 1007 4209 ipsi
1035 4153 1247 4209 quoque
1274 4139 1422 4194 scitis
1463 4153 1527 4194 ac
1565 4140 1785 4194 scietis:
1815 4147 1871 4194 at
1899 4148 2011 4194 tum

433 4249 621 4289 omnes
646 4233 805 4287 etiam
839 4232 1114 4299 mortales,
1144 4240 1250 4286 tam
1281 4241 1497 4296 nostra,
1529 4246 1688 4301 quam
1717 4241 1889 4285 vestra
1920 4244 2014 4284 co-

434 4332 722 4396 gnoscent,
759 4338 961 4392 uosque
989 4333 1174 4378 mutuo
1203 4323 1335 4378 alios
1362 4323 1429 4378 ab
1457 4322 1574 4378 aliis
1601 4321 1858 4378 celebrari
1887 4337 2011 4391 per-

435 4418 679 4488 spicieut.
712 4416 923 4471 Etenim
953 4431 1020 4472 ne
1045 4417 1194 4472 solus
1224 4418 1336 4487 ipse
1359 4416 1701 4487 splendorem
1731 4432 1797 4471 ex
1821 4416 2015 4485 gloria—

433 4512 579 4565 tione
603 4509 859 4579 consequi
893 4509 1166 4571 videatur,
1196 4509 1324 4578 ipsis
1351 4523 1560 4578 quoque
1589 4507 1848 4578 gloriandi
1884 4522 2012 4561 cau-

435 4617 546 4656 sam
568 4601 792 4672 prarbet,
807 4611 965 4671 atque
984 4617 1014 4654 a
1025 4600 1388 4671 praesentibus
1409 4599 1667 4655 molestiis
1691 4615 1784 4654 eos
1804 4611 2011 4655 avocat.

435 4693 693 4764 Quodque
721 4693 773 4746 in
801 4691 1170 4748 consolatione
1200 4690 1432 4756 fecerat,
1460 4707 1580 4746 cum
1610 4691 1848 4758 diceret,
1881 4690 2015 4745 Pro-

437 4794 554 4856 pter
582 4801 677 4842 vos
704 4786 1072 4841 consolatione
1101 4785 1387 4850 aflieimur,
1420 4785 1522 4840 hoc
1547 4786 1706 4841 etiam
1738 4786 1824 4840 hic
1852 4784 2012 4850 facit,

438 4895 558 4932 cum
586 4879 678 4939 ait,
715 4879 936 4948 Propter
963 4894 1057 4932 vos
1086 4879 1396 4949 gloriamur,
1429 4877 1876 4948 quemadmodum
1921 4894 2014 4933 vos

441 4985 652 5040 quoque
671 4981 887 5039 propter
906 4985 1004 5026 nos
1020 4988 1032 5024 :
1051 4971 1246 5040 ubique
1259 4969 1462 5025 scilicet
1475 4985 1568 5024 eos
1585 4985 1765 5024 rerum
1779 4971 2015 5026 omnium

439 5059 614 5115 socios
638 5059 918 5128 adhibens,
948 5043 1350 5129 consolationis,
1375 5062 1701 5132 passionum,
1731 5077 1840 5117 sua:
1865 5062 2019 5118 deni-

439 5169 544 5226 que
571 5153 755 5209 salutis
775 5171 788 5206 :
808 5170 928 5210 nam
957 5156 1092 5210 hanc
1111 5155 1336 5211 salutem
1359 5155 1613 5226 precibus
1633 5171 1845 5227 quoque
1867 5156 2014 5226 ipso-

440 5263 556 5302 rum
578 5247 812 5318 assignat
839 5264 852 5300 :
881 5246 1248 5317 Adjavantibus
1266 5249 1430 5310 enim,
1455 5247 1648 5318 inquit,
1669 5249 1805 5302 vobis
1825 5249 1876 5302 in
1903 5265 2020 5301 ora-

439 5339 594 5404 tione,
621 5335 759 5393 Deus
779 5355 870 5392 nos
890 5339 1094 5407 eripuit.
1117 5339 1196 5393 Ad
1226 5340 1368 5396 hunc
1393 5341 1548 5412 igitur
1565 5340 1778 5396 modum
1799 5356 1862 5394 ea
1888 5355 2020 5410 quo-

439 5445 564 5500 que,
596 5429 666 5484 ob
693 5445 813 5500 qua:
840 5430 1117 5496 gloriatur,
1146 5434 1447 5487 communia
1469 5447 1590 5487 cum
1619 5431 1749 5502 ipsis
1779 5430 1921 5486 facit.
1949 5431 2020 5488 Ut

440 5523 582 5577 etaim
611 5521 718 5578 illic
736 5521 832 5588 ait,
860 5521 1090 5578 Scientss
1116 5523 1355 5594 quoniam
1378 5524 1504 5579 sicut
1528 5525 1651 5580 socii
1679 5525 1796 5578 estis
1825 5524 2020 5595 passio-

440 5633 560 5672 num
581 5658 596 5682 ,
627 5616 701 5672 ita
729 5626 774 5672 et
801 5616 1160 5674 consolationis
1187 5631 1207 5670 :
1235 5617 1423 5673 eodem
1449 5617 1534 5674 hic
1569 5633 1782 5689 quoque
1823 5618 1983 5675 modo
2001 5659 2017 5686 ,

441 5709 620 5765 Gloria
644 5718 810 5766 vestra
834 5725 1031 5779 sumus,
1058 5718 1112 5763 «ιι
1135 5718 1183 5765 et
1210 5723 1295 5765 vos
1321 5718 1508 5765 nostra.
1536 5710 1623 5766 £5.
1653 5707 1717 5766 Et
1742 5712 1835 5768 hac
1853 5707 2018 5782 conﬁ-

2073 1833 2275 1888 debam
2301 1849 2363 1887 ac
2390 1835 2668 1904 cupiebam
2711 1837 2856 1906 prius
2895 1853 3109 1907 quoque
3139 1838 3210 1892 ad
3252 1853 3364 1891 vos
3401 1838 3649 1906 proﬂuam;

2087 1932 2396 1995 tantumque
2423 1924 2594 1986 abest,
2614 1934 2684 1980 .ut
2711 1927 2885 1982 serius
2911 1943 3072 1996 quam
3105 1930 3493 1997 promiseram
3515 1930 3570 1982 ad
3595 1948 3649 1981 tta

2088 2033 2174 2071 me
2199 2018 2516 2083 conferrem,
2541 2028 2599 2072 ut
2624 2018 2791 2088 ipsam
2813 2035 3030 2090 quoque
3057 2020 3531 2090 pollicitationem
3553 2035 3640 2072 atat:

2089 2119 2298 2166 vertere
2318 2125 2588 2180 cuperem.
2618 2109 2980 2167 Utsecundam
3000 2115 3228 2184 gratiam
3258 2114 3545 2168 haberetis.
3564 2119 3651 2179 ριιὲ

2089 2215 2193 2272 est,
2225 2204 2515 2260 Secundam
2535 2205 2563 2258 ?
2596 2205 2868 2275 Duplicem
2899 2207 3178 2261 :alteram
3209 2222 3433 2277 nempe
3464 2224 3550 2276 per
3577 2210 3652 2260 ius

2092 2317 2197 2366 ras,
2227 2301 2449 2356 alteram
2479 2315 2573 2369 per
2603 2299 2963 2369 prmsentiam.
2984 2300 3097 2355 Per
3131 2303 3390 2371 gratiam
3423 2317 3574 2372 pom
3594 2304 3655 2354 hc

2092 2395 2211 2451 loco
2237 2393 2474 2448 laetitiam
2502 2392 2767 2463 intelligit.
2808 2391 2869 2446 Et
2887 2408 2987 2458 per
3007 2409 3093 2446 vos
3113 2394 3357 2446 transire
3385 2395 3443 2446 in
3472 2393 3655 2446 lima;-

2095 2485 2252 2547 niant,
2281 2493 2327 2538 et
2353 2499 2528 2537 rursus
2557 2499 2588 2536 a
2620 2481 2921 2536 Macedonia
2951 2483 3173 2537 transire
3200 2484 3278 2536 ad
3312 2500 3430 2548 ros,
3453 2495 3499 2536 ct
3520 2502 3546 2534 α
3571 2502 3624 2534 ι..·
3645 2519 3655 2531 .η

2094 2576 2276 2632 deduci
2298 2577 2351 2630 in
2377 2574 2635 2630 Judwam.
2679 2577 2767 2631 17.
2796 2575 2920 2630 Cum
2944 2591 3064 2647 ergo
3090 2579 3190 2629 hoc
3216 2576 3444 2639 vellent,
3475 2595 3651 2638 mra:

2095 2668 2297 2723 levitate
2321 2684 2442 2722 usus
2469 2667 2626 2721 sum?

2167 2759 2220 2814 5.
2251 2759 2344 2814 llic
2368 2759 2476 2828 jam
2507 2768 2649 2813 recta
2678 2766 2732 2814 et
2757 2768 2942 2828 aperte
2991 2761 3376 2814 cunctationis
3437 2762 3604 2813 abem
3647 2793 3658 2801 -
3707 2777 3709 2828 ί

2096 2866 2199 2920 que
2225 2852 2425 2905 crimen
2453 2865 2482 2904 a
2511 2866 2568 2906 se
2595 2852 2892 2921 propulsat.
2918 2852 3068 2918 Quod
3097 2853 3247 2907 enim
3283 2855 3394 2912 ait.
3429 2855 3558 2906 hanc
3579 2874 3658 2904 ,εθ-
3707 2852 3709 2918 ἦ

2093 2942 2318 2996 tentiam
2369 2937 2528 2996 habet
2557 2959 2570 2994 :
2605 2937 2857 2996 Volebam
2909 2943 3092 2998 venire
3129 2943 3201 2997 ad
3253 2959 3365 2998 vos
3398 2963 3417 2998 :
3449 2963 3542 2999 cur
3578 2963 3656 2996 cr."
3707 2929 3709 2994 ξ

2100 3049 2204 3088 non
2227 3033 2386 3088 veni?
2407 3049 2471 3086 an
2494 3033 2634 3103 quod
2660 3034 2870 3089 levitate
2891 3045 2944 3088 et
2966 3035 3341 3089 inconstantla
3374 3037 3626 3089 laborans:
3707 3033 3709 3103 ξ

2103 3127 2202 3181 hoc
2229 3127 2370 3181 enim
2397 3125 2651 3195 significat
2681 3126 2842 3190 istud,
2871 3125 3137 3198 Numquid
3165 3130 3388 3183 levitate
3417 3148 3538 3185 uss
3559 3137 3658 3182 ss.“

2101 3218 2336 3273 Minime.
2368 3216 2506 3286 Quid
2533 3219 2690 3288 igitur
2713 3232 2887 3273 causa:
2914 3221 3036 3274 est?
3081 3219 3356 3286 Quoniam
3390 3239 3509 3291 quc
3529 3237 3658 3288 (cy...

2103 3328 2206 3364 non
2232 3309 2508 3365 secundum
2533 3326 2734 3364 carnem
2759 3311 2940 3381 cogito.
2973 3310 3107 3379 Quid
3137 3323 3248 3376 est,
3278 3311 3418 3366 Non
3442 3331 3660 3367 “cum:

2103 3420 2305 3457 carnem
2324 3401 2526 3474 cogito?
2553 3401 2670 3457 Non
2699 3403 2901 3457 carnali
2932 3402 3110 3457 modo.
3141 3403 3190 3459 Π
3194 3417 3213 3457 ι
3234 3406 3307 3459 sit
3330 3409 3482 3476 apud
3501 3424 3587 3467 ne,
3605 3405 3661 3456 is

2105 3511 2196 3565 est,
2217 3498 2358 3563 Non,
2374 3515 2494 3552 non.
2511 3498 2639 3552 Atid
2659 3514 2868 3569 quoque
2880 3498 3167 3553 obscurum
3192 3512 3307 3556 est.
3323 3501 3587 3570 Quidnam
3607 3519 3663 3564 -

2107 3603 2192 3648 tur
2219 3594 2302 3648 his
2326 3593 2503 3648 verbis
2531 3591 2630 3647 sibi
2662 3593 2811 3647 vult?
2842 3593 3080 3648 Carnalis
3109 3595 3300 3656 homo,
3341 3597 3456 3652 hoc
3493 3607 3585 3654 est.
3607 3613 3662 3662 μ

2107 3688 2456 3758 praesentibus
2485 3687 2647 3742 rebus
2672 3688 2862 3742 aflixus
2888 3696 2969 3742 est
2994 3703 3056 3742 ac
3088 3699 3365 3758 perpetuo
3402 3691 3461 3745 in
3500 3694 3558 3744 iis
3581 3708 3664 3742 ta-

2108 3790 2271 3843 satur,
2301 3788 2356 3834 et
2383 3794 2413 3832 a
2442 3779 2669 3848 Spiritus
2696 3780 3009 3849 operatione
3051 3781 3267 3836 alienus
3290 3793 3406 3847 est,
3447 3785 3664 3852 quasue

2109 3872 2163 3926 iu
2193 3886 2315 3926 oras
2342 3871 2600 3941 proficisci
2627 3881 2682 3926 et
2706 3873 2885 3943 vagari
2927 3888 3022 3943 pro
3059 3873 3233 3928 lubito
3266 3887 3475 3944 potest.
3500 3877 3664 3942 Διεμ-

2110 3963 2242 4018 ritus
2282 3963 2546 4030 minister,
2577 3964 2772 4034 quique
2816 3965 2883 4018 ab
2925 3979 2990 4018 eo
3016 3965 3236 4019 afﬂatur
3260 3982 3326 4020 ac
3353 3970 3664 4021 circumdat.

2112 4064 2226 4120 tur,
2269 4070 2372 4110 nou
2419 4065 2592 4126 potest
2634 4057 2829 4126 ubique
2865 4072 2959 4126 pro
3001 4057 3230 4112 arbitrio
3255 4075 3360 4114 suo
3399 4077 3666 4130 segetes:

2111 4148 2306 4218 quippe
2332 4162 2489 4218 quem
2517 4147 2747 4216 Spiritus
2776 4148 3077 4203 auctoritati
3111 4150 3182 4203 ita
3219 4150 3498 4206 addixerit
3517 4193 3533 4214 ,
3559 4165 3604 4204 ut
3627 4167 3665 4202 ei

2114 4240 2278 4310 ipsius
2305 4251 2437 4294 nutu
2467 4239 2696 4310 pendeat
2723 4261 2735 4296 :
2765 4256 2945 4294 verum
2971 4241 3195 4309 perinde
3223 4243 3302 4296 illi
3328 4244 3551 4304 amidit,
3577 4255 3619 4294 ut
3640 4271 3660 4284 ς

2113 4333 2309 4402 probus
2324 4331 2584 4402 quispiam
2604 4346 2810 4396 servus,
2831 4331 2918 4402 qui
2937 4332 3007 4386 ob
3024 4332 3214 4386 herilia
3235 4334 3470 4404 imperia
3485 4351 3632 4404 quoq.
3651 4363 3664 4375 -

2113 4439 2325 4478 versum
2347 4422 2682 4490 distrahitur,
2710 4440 2808 4479 nec
2836 4425 2916 4478 sui
2940 4425 3075 4493 juris
3098 4435 3263 4495 atque
3283 4428 3606 4488 arbitriiest,
3629 4443 3664 4478 :1

2115 4529 2184 4569 ne
2214 4515 2473 4569 tantillum
2497 4516 2709 4584 quidem
2731 4515 3022 4585 respirandi
3045 4515 3357 4573 facultatem
3384 4519 3564 4581 habet.
3579 4535 3652 4570 an:

2115 4609 2286 4663 servis
2315 4609 2427 4664 suis
2452 4608 2627 4677 aliqua
2658 4609 2968 4677 promittat,
2993 4623 3055 4663 ac
3075 4607 3306 4674 deinde,
3337 4612 3474 4681 quia
3497 4611 3666 4664 deum

2115 4702 2268 4756 aliter
2299 4702 2535 4770 placeat,
2569 4702 2787 4755 minime
2815 4712 3029 4772 praestet
3054 4719 3175 4772 qua:
3205 4707 3558 4773 promiserat.
3591 4704 3666 4756 il“:

2117 4794 2276 4865 igitur
2315 4795 2420 4858 ait,
2460 4794 2576 4848 Non
2615 4794 2908 4849 secundum
2949 4810 3167 4850 carnem
3204 4798 3498 4861 consulto,
3539 4812 3664 4860 mu:

2117 4902 2146 4940 a
2189 4885 2420 4957 Spiritus
2453 4886 2836 4957 gubernatione
2881 4887 3013 4942 liber
3053 4898 3216 4958 atque
3251 4889 3518 4944 immunis
3551 4905 3660 4942 sum.

2119 4993 2220 5034 nec
2257 4978 2420 5044 mihi,
2463 4992 2570 5048 quo
2613 4978 2811 5041 libeat,
2847 4978 3110 5047 proficisci
3158 4980 3303 5034 licet.
3355 4980 3500 5035 Nam
3544 4981 3661 5032 Pan-

2118 5071 2240 5125 cleti
2272 5069 2496 5138 imperio
2520 5078 2573 5125 et
2601 5069 2788 5124 edictis
2808 5069 3093 5138 subjicior,
3124 5081 3287 5139 atque
3310 5070 3384 5124 ad
3414 5071 3662 5140 ipsisne-'-

2118 5162 2296 5216 culum
2323 5176 2452 5231 agor
2475 5176 2538 5216 ac
2560 5160 2912 5230 circumagor.
2937 5160 3071 5216 Hinc
3098 5160 3296 5216 factum
3320 5172 3418 5216 est
3448 5172 3501 5215 ut
3525 5176 3610 5213 seu
3626 5173 3656 5206 νε

2120 5253 2452 5323 nequiverim
2497 5268 2651 5306 :non
2710 5252 2851 5308 enim
2905 5252 3124 5322 Spiritui
3182 5253 3403 5321 placuit.
3459 5251 3514 5307 ιιι
3560 5249 3660 5319 qui!

2120 5344 2279 5400 etiam
2309 5343 2361 5398 iu
2385 5343 2608 5399 Actuum
2641 5342 2778 5397 libro
2807 5342 3073 5413 plerisque
3101 5343 3232 5398 locis
3274 5343 3373 5414 ipsi
3416 5359 3513 5396 usa
3557 5349 3660 5391 ποετ

2122 5435 2269 5506 (Act.
2328 5434 2473 5506 16);
2522 5433 2629 5488 alio
2676 5433 2819 5488 enim
2868 5448 2927 5489 se
2973 5433 3221 5489 conferre
3283 5435 3658 5489 constituens.

2123 5527 2352 5595 Spiritus
2375 5525 2482 5581 alio
2505 5526 2766 5595 proﬁcisci
2791 5525 3030 5596 jnbebat.
3053 5527 3409 5594 Quamobrem
3435 5542 3539 5578 non
3555 5535 3656 5575 sic:

2122 5619 2352 5676 levitatis
2381 5629 2434 5674 et
2471 5619 2841 5674 inconstantia:
2868 5627 2974 5685 est,
3002 5618 3195 5688 inquit,
3222 5618 3360 5688 quod
3391 5633 3501 5671 nou
3531 5627 3654 5666 vae

2123 5713 2262 5782 rim,
2291 5709 2384 5768 scd
2429 5711 2569 5784 quod
2607 5710 2866 5784 Spiritui,
2905 5710 2993 5769 cui
3021 5711 3292 5782 subjectus
3331 5723 3484 5776 sum,
3508 5717 3659 5778 pam-
