3712 6212
107 250 153 305 07
1000 248 1068 304 IN
1108 247 1332 304 EPIST.
1373 246 1415 304 ΙΙ
1439 247 1533 303 ΔΙ)
1572 276 1573 285 ι

1000 248 1068 304 IN
1108 247 1332 304 EPIST.
1373 246 1415 304 ll
1439 247 1533 303 ΔΙ)
1572 247 1729 307 COB.
1770 246 2006 308 HOMIL.
2031 249 2118 305 111.

107 366 145 433 ᾖν
167 360 231 419 εἰς
252 358 379 412 αὐτὸν
404 358 594 417 ἐλπίδα.
637 362 759 417 Ὅτι
790 364 1071 432 καύχημα
1103 363 1271 431 ὑμῶν
1310 365 1516 433 ἐσμεν,

107 450 272 517 αθάπερ
304 450 379 504 καί
408 452 558 521 ὑμεῖς
588 453 779 523 ἡμῶν,
820 455 891 508 ἐν
927 454 1001 523 τῇ
1047 452 1238 524 ἡμέρᾳ
1268 452 1379 507 τοῦ
1407 458 1524 510 Κυ-

107 546 166 596 του
187 540 319 610 ἡμῶν
363 543 538 612 Ἰησοῦ
567 544 846 613 Χριστοῦ.
894 546 1160 599 Ἐνταῦθα
1189 544 1281 598 τὸν
1320 545 1385 599 ἐκ
1410 545 1523 599 τῶν

107 636 296 705 ρημένων
321 634 645 706 ὑποτέμνεται
677 637 890 705 φθόνον,
919 638 1183 708 μεριστάς
1209 638 1407 700 αὐτοὺς
1428 640 1521 690 καὶ

113 726 283 790 ινωνοὺς
310 728 504 799 ποιήσας
531 728 631 800 τῆς
656 729 814 801 δόξης
840 730 950 784 τῶν
970 729 1133 785 αὑτοῦ
1160 728 1522 800 κατορθωμά-

107 838 151 873 .ν.
180 819 237 873 Ού
277 818 364 890 γὰρ
402 821 580 895 μέχρις
620 822 778 893 ήμῶν
822 822 1073 893 ἕστηκεν,
1121 820 1260 876 ἀλλά
1298 822 1394 875 καὶ
1441 822 1522 884 είς

112 916 162 976 ᾶς
185 912 412 979 διαϐαίνει,
434 916 522 968 καὶ
546 915 706 971 πάλιν
737 915 832 986 ἀφ’
860 916 889 969 ύ
898 915 1013 987 μῶν
1037 918 1118 979 είς
1140 916 1307 987 ἡμᾶς.
1341 914 1523 968 Ἐπει-

120 1004 207 1075 7&9
240 1004 408 1076 ἐπῆρεν
439 1006 647 1069 ἐαυτὸν,
688 1008 784 1060 καὶ
828 1007 938 1060 τῶν
970 1008 1346 1079 παρελθόντων
1376 1021 1520 1076 παρ-

107 1116 166 1168 {ev
183 1098 426 1163 ἀπόδειξιν,
455 1099 546 1151 καὶ
564 1097 632 1151 τά
662 1097 926 1168 μέλλοντα
953 1100 1319 1169 ὲνεγγυήσατο
1337 1116 1353 1132 ·
1380 1096 1519 1151 ὥστε

133 1191 387 1261 ἐπισκῆψαι
426 1194 543 1257 τοὺς
577 1193 872 1257 ἀκούοντας
907 1194 984 1259 ὡς
1030 1192 1518 1265 μεγαληγοροῦντι.

107 1280 142 1333 Si
172 1281 240 1343 είς
266 1281 545 1349 βασκανίαν,
575 1285 713 1355 ὅπερ
742 1283 900 1354 ἔφην,
947 1283 1312 1353 ἐξενεχθῆναι,
1352 1282 1522 1334 κοινοῖ

107 1368 330 1439 ιαύχημα,
372 1371 455 1424 καὶ
501 1371 680 1425 αὐτῶν
728 1370 864 1425 εἶναι
895 1389 1027 1443 φησι
1068 1372 1161 1424 τὸν
1197 1372 1306 1423 τῶν
1341 1372 1517 1438 ἐγκω-

107 1477 140 1511 ιν
168 1461 393 1529 στέφανον
428 1462 631 1518 τοῦτον.
679 1464 778 1516 Ἂν
805 1463 915 1535 γὰρ
960 1461 1194 1516 τοιοῦτοι
1234 1461 1515 1531 φανῶμεν,

108 1548 171 1610 νίν,
197 1548 224 1600 ό
256 1548 445 1614 ἔπαινος
474 1551 628 1623 ήμῶν
652 1550 806 1623 ὑμῶν
832 1555 866 1623 ή
895 1551 1051 1617 δόξα·
1082 1551 1272 1623 ὥσπερ
1303 1546 1397 1605 οὖν
1423 1549 1519 1603 καὶ

107 1655 142 1687 ιν
170 1637 558 1709 εὐδοκιμούντων
591 1643 753 1712 ἡμεῖς
780 1641 1131 1713 ἀγαλλόμεθα
1156 1643 1251 1695 καὶ
1280 1640 1517 1707 σκιρτῶ-

115 1727 199 1780 καὶ
231 1731 625 1802 στεφανούμεθα.
657 1734 826 1787 Πάλιν
859 1733 1139 1788 κάνταῦθα
1165 1733 1301 1788 πολὺ
1329 1733 1391 1786 τὸ
1414 1733 1517 1804 τῆς

107 1822 448 1892 εινοφροσύνης
475 1823 639 1877 αὑτοῦ
663 1825 731 1879 δι’
754 1818 829 1879 ὧν
862 1826 1085 1897 εἴρηκεν
1118 1825 1513 1879 ἐπιδείκνυται.

107 1910 186 1981 ’ἀρ
217 1911 285 1975 ὡς
323 1913 623 1979 διδάσκαλος
669 1917 959 1989 μαθηταῖς,
1000 1919 1116 1973 ἀλλ’
1150 1918 1225 1983 ὼς
1269 1916 1516 1989 μαθητὴς

107 2005 241 2073 ιταῖς
264 2006 523 2076 ὁμοτίμοις
547 2007 946 2081 διαλεγόμενος,
969 2009 1141 2075 οὕτως
1162 2009 1399 2076 ἐξισάζει
1426 2007 1517 2062 τὸν

107 2110 145 2148 ν.
175 2096 282 2149 Καὶ
305 2096 393 2150 θέα
424 2096 537 2163 πῶς
563 2100 761 2165 αὐτοὺς
790 2100 1027 2174 ὑψηλοὺς
1052 2104 1219 2166 ποιεῖ,
1248 2102 1343 2155 καὶ
1368 2100 1518 2171 φιλο-

107 2202 161 2249 ις
208 2185 409 2257 πληροῖ,
439 2188 827 2260 παραπέμπων
855 2191 1039 2264 ἐκείνη
1073 2194 1140 2263 τῇ
1190 2191 1390 2262 ήμέρᾳ.
1422 2189 1515 2261 Μὴ

107 2293 184 2343 μοι
213 2276 278 2331 τὰ
302 2278 531 2349 παρόντα
558 2279 771 2351 εἴπητε,
796 2282 950 2353 φησὶ,
980 2284 1249 2347 τουτέστι,
1281 2285 1351 2337 τὰ
1376 2282 1517 2336 όνεί-

110 2369 175 2433 ἀς
199 2368 470 2441 λοιδορίας,
499 2372 569 2425 τά
602 2371 913 2444 σκώμματα.
944 2374 1013 2428 τά
1041 2376 1193 2445 παρὰ
1238 2376 1348 2428 τῶν
1386 2373 1515 2428 πολ-

125 2460 280 2513 οὐδὲν
309 2462 410 2532 7&9
446 2462 588 2534 μέγα
632 2464 703 2517 τά
738 2464 990 2532 ἐνταῦθα,
1036 2464 1159 2520 οὔτε
1201 2466 1271 2519 τά
1304 2465 1517 2538 χρηστά

107 2553 170 2607 τὰ
191 2552 424 2625 λυπηρὰ,
454 2557 514 2609 οὐ
536 2555 605 2609 τά
629 2557 959 2628 σκώμματα,
989 2558 1050 2611 ού
1077 2559 1145 2612 τά
1166 2556 1417 2629 ἐγκώμια
1444 2557 1514 2610 τὰ

145 2642 261 2696 τῶν
301 2644 626 2715 ἀνθρώπωνο
675 2646 790 2700 ἀλλ’
837 2647 1222 2720 ἀναμνήσθητέ
1283 2664 1375 2718 μοι
1414 2650 1514 2717 τῆς

107 2753 162 2799 ις
210 2737 418 2808 ἐκείνης
464 2737 565 2807 τῆς
600 2738 835 2809 φοϐερᾶς
869 2740 962 2793 καὶ
1013 2738 1336 2811 φρικώδους,
1375 2741 1433 2793 ἐν

107 2846 118 2880 ι
178 2829 707 2901 ἀνακεκαλυμμένα.
760 2832 892 2886 Τότε
940 2833 1051 2903 γὰρ
1093 2834 1187 2887 καὶ⁵
1238 2834 1399 2903 ἡμεῖς
1455 2833 1515 2884 ἐν

107 2918 203 2971 καὶ
244 2919 397 2989 ὑμεῖς
427 2921 485 2973 ἐν
514 2921 645 2991 ήμῖν
672 2922 1206 2995 καλλωπισθήσεσθε,
1253 2924 1384 2977 ὅταν
1421 2922 1514 2977 καὶ

122 3011 392 3081 φαίνησθε
433 3014 708 3079 τοιούτους
749 3015 964 3086 ἔχοντες
993 3016 1369 3083 διδασκάλους.
1408 3034 1514 3087 μη-

108 3100 400 3173 νθρώπινον
426 3101 799 3168 διδάσκοντας,
844 3105 981 3176 μηδὲ
1017 3107 1251 3178 πονηρίᾳ
1291 3108 1515 3177 συνεζη-

158 3191 306 3261 μηδὲ
332 3189 502 3262 λαϐήν
529 3209 656 3248 τινα
683 3193 1004 3259 δεδωκότας,
1034 3196 1130 3250 καὶ
1153 3199 1314 3268 ἡμεῖς
1342 3196 1517 3251 τοιού-

107 3299 307 3350 χοντες
332 3282 599 3355 μαθητὰς,
626 3284 793 3356 μηδὲν
815 3286 1155 3358 ἀνθρώπινον
1185 3290 1512 3359 πάσχοντας,

107 3379 543 3450 σαλευομένους,
595 3382 731 3436 ἀλλά
786 3384 925 3454 μετά
982 3385 1291 3457 προθυμίας
1338 3389 1515 3442 πάντα

107 3473 400 3542 ὀμὲνους,
449 3474 545 3527 καὶ
604 3474 916 3544 μηδαμόθεν
956 3477 1511 3549 παραλογιζομένους.

107 3565 155 3616 ἰν
191 3564 307 3634 μὲν
336 3565 445 3636 γὰρ
481 3565 654 3619 ταῦτα
683 3566 815 3636 δῆλα
842 3570 953 3632 τοῖς
978 3569 1101 3623 νοῦν
1128 3568 1313 3640 έχουσι
1346 3585 1359 3600 ·
1391 3572 1513 3625 τότε

114 3674 194 3710 ιν.
242 3657 412 3709 ’Ὥστε
455 3659 506 3710 εί
545 3660 641 3711 καὶ
667 3657 959 3731 θλιϐόμεθα
1004 3660 1151 3734 [444]
1184 3661 1298 3725 νῦν,
1333 3663 1394 3717 οὐ
1428 3682 1517 3735 μι·

107 3750 195 3800 ιαὶ
234 3748 452 3817 ταύτην
491 3747 689 3819 ἔχομεν
719 3751 1104 3821 παραμυθίαν·
1131 3752 1226 3808 νῦν
1272 3754 1374 3825 μὲν
1417 3755 1515 3824 τὴν

107 3840 133 3892 ’.5
173 3841 523 3908 συνειδότος,
561 3841 682 3894 τότε
717 3842 773 3895 δὲ
804 3843 897 3897 καὶ
918 3844 1017 3916 τὴν
1044 3846 1153 3900 ἀπὸ
1180 3848 1282 3919 τῆς
1305 3848 1514 3919 ἐκλάμ-

113 3931 296 4000 ὐτῆς.
331 3929 454 3983 Νῦν
496 3932 593 4000 μὲν
627 3931 736 4002 7&9
778 3933 840 3985 τὸ
875 3935 1111 3998 συνειδὸς
1148 3938 1305 4008 ήμῶν
1352 3936 1513 4006 οἶδεν,

107 4040 211 4075 σιτι
251 4021 403 4075 Θεοῦ
436 4023 616 4077 πάντα
647 4024 929 4095 ποιοῦμεν,
979 4027 1055 4090 ὡς
1088 4029 1183 4081 καὶ
1214 4030 1371 4101 ὑμεῖς
1400 4033 1515 4086 ίστε

107 4112 251 4165 εσθε
279 4129 295 4143 ο
336 4113 470 4167 τότε
510 4113 566 4167 δὲ
596 4116 692 4168 καὶ
719 4118 919 4180 πάντες
944 4118 1276 4190 μαθήσονται
1308 4122 1516 4194 ἀνθρω-

131 4210 223 4258 τὰ
252 4204 521 4278 ἡμέτερα
555 4208 650 4261 καὶ
669 4209 738 4262 τά
760 4208 935 4279 ὑμῶν,
967 4210 1063 4263 καί
1093 4211 1313 4283 ὄψονται
1330 4214 1397 4267 δι’
1417 4216 1513 4269 ἀλα

107 4301 272 4369 ήμᾶς
309 4299 740 4371 δοξαζομένους.
786 4303 906 4356 Ἵνα
939 4304 1047 4376 γάρ
1084 4308 1157 4377 μὴ
1196 4308 1323 4379 δόξῃ
1356 4309 1515 4380 μόνος

107 4388 242 4443 Eva:
267 4390 541 4460 λαμπρὸς
569 4392 677 4444 ἀπὸ
706 4396 805 4463 τῆς
830 4396 1173 4466 καυχήσεως,
1209 4397 1302 4450 καὶ
1331 4400 1515 4463 αὐτοῖς

137 4481 363 4535 αἰτίαν
425 4481 525 4536 τοῦ
579 4486 947 4553 καυχήματος,
996 4487 1091 4540 καὶ
1144 4487 1346 4556 ἀπάγει
1406 4491 1513 4544 τῶν

107 4588 171 4622 ›ν
220 4568 536 4639 λυπηρῶν.
565 4571 676 4625 Καὶ
695 4572 831 4643 ὅπερ
861 4573 954 4626 ἐπὶ
990 4574 1088 4644 τῆς
1110 4577 1513 4648 παρακλήσεως

107 4677 124 4710 ρ
152 4658 498 4723 ειπὼν,ὅτι
513 4662 589 4714 Δι’
620 4661 763 4731 ὑμᾶς
797 4679 1042 4732 παρακα,
1075 4664 1334 4736 λούμεθα,
1356 4667 1513 4722 τοῦτο

107 4752 265 4805 ιῦθα
310 4755 500 4820 ποιεῖ,
537 4754 614 4805 Δι’
646 4753 789 4824 ὑμᾶς
817 4754 1148 4826 καυχώμεθα
1175 4756 1369 4825 λέγων,
1400 4757 1510 4812 ῶσ-

116 4846 331 4915 ύμεῖς
362 4845 442 4899 δι’
475 4847 646 4917 ἡμᾶς,
685 4846 962 4919 πανταχοῦ
1001 4851 1287 4913 κοινωνοὺς
1313 4850 1511 4914 αὐτοὺς

107 4936 403 5003 πάντων,
435 4938 541 5007 τῆς
562 4937 978 5009 παρακλήσεως,
1013 4938 1124 4993 τῶν
1150 4940 1509 5012 παθημάτων,

108 5028 336 5099 ηρίας·
382 5028 502 5100 τῆς
550 5029 715 5083 αὑτοῦ
748 5045 764 5062 ’
818 5030 914 5085 καὶ
955 5030 1065 5103 γὰρ
1099 5029 1200 5103 τήν
1238 5034 1511 5104 σωτηρίαν

107 5121 267 5181 ταῖς
316 5119 534 5191 εὐχαῖς
583 5120 763 5175 αὐτῶν
813 5120 1122 5190 λογίζεται·
1159 5125 1509 5193 Συνυπουρ-

107 5232 119 5246 ν
164 5211 316 5284 γὰρ
372 5213 557 5282 ὑμῶν
606 5212 684 5282 τῇ
732 5212 955 5281 δεήσει,
987 5215 1170 5287 φησιν,
1214 5215 1509 5285 ἐρρύσατο

107 5304 317 5369 ἓεός.
365 5304 544 5358 Οῦτω
565 5303 630 5375 δὴ
668 5304 762 5357 καὶ
789 5304 859 5357 τὰ
894 5308 1222 5378 καυχήματα
1246 5308 1398 5362 κοινά
1425 5308 1509 5363 τί·

107 5405 327 5464 ισπερ
379 5395 508 5467 γὰρ
549 5398 666 5449 ἐκεῖ
696 5412 880 5466 φησιν·
916 5398 1155 5467 nunc
1183 5399 1273 5454 ὅτι
1303 5399 1507 5471 ὥσπερ

107 5486 115 5530 .'
152 5484 355 5538 ἐστε
380 5484 519 5539 τῶν
542 5486 919 5557 παθημάτων,
950 5491 1102 5545 οὕτω
1136 5491 1235 5546 καί
1263 5492 1375 5562 τῆς
1397 5509 1508 5548 πα-

109 5594 246 5642 ως
288 5592 307 5605 '
359 5577 527 5633 οὕτω
570 5580 660 5632 καὶ
709 5579 974 5647 ἐνταῦθα,
1012 5583 1303 5653 Καύχημα
1341 5586 1508 5655 ὑμῶν

107 5666 457 5739 καθάπερ
499 5669 597 5723 καί
629 5671 795 5741 ὑμεῖς
830 5671 1017 5742 ἡμῶν,
1056 5674 1169 5729 Καὶ
1216 5676 1402 5748 ταύτῃ
1431 5677 1506 5747 τῆ

3101 244 3209 303 408

1633 364 1978 432 πεποιθήσει
2021 363 2360 432 ἐϐουλόμην
2394 364 2683 431 πρότερον
2734 361 2885 430 πρὸς
2919 357 3074 430 ὑμᾶς
3101 358 3207 412 u-

1627 455 1773 511 θεῖν.
1810 457 1947 529 Ποία
1975 456 2329 524 πεποιθήσει;
2354 455 2446 525 Τῷ
2468 453 2673 524 σφόδρα
2700 449 2926 525 θαρρεῖν
2951 452 3101 522 ὑμῖν,
3126 448 3209 519 τῷ

1626 550 1941 621 καυχᾶσθαι
1982 552 2068 620 ἐφ’
2096 551 2248 622 ὑμῖν,
2294 548 2374 619 τῷ
2421 546 2684 617 καύχημα
2727 543 2886 616 ὑμῶν
2926 540 3089 607 εἶναι,
3127 542 3209 614 τῷ
3264 530 3267 539 ”

1627 641 1829 711 σφόδρα
1869 642 2015 713 ὑμᾶς
2062 641 2303 711 ἀγαπᾷν,
2349 639 2427 710 τῷ
2477 638 2640 711 μηδὲν
2683 635 2861 708 ἐαυτῷ
2909 634 3207 690 συνειδέναι

1625 734 1895 803 πονηρὸν,
1965 732 2042 804 τῷ
2096 731 2413 786 πεποιθέναι
2479 730 2561 784 ὅτι
2624 728 2805 783 πάντα
2862 726 3207 799 πνευματικά

1624 825 1756 895 παρ’
1785 824 1935 895 ἡμῖν,
1970 823 2065 878 καὶ
2097 824 2242 894 ὑμᾶς
2264 820 2474 876 τούτων
2501 821 2786 891 μάρτυρας
2806 817 2970 889 ἔχειν.
3006 816 3206 870 Ἐϐου-

1623 918 1821 984 λόμην
1856 914 2057 969 ἐλθεῖν
2087 913 2236 982 πρὸς
2267 911 2446 982 ὑμᾶς,
2494 909 2595 964 καί
2629 910 2706 964 δι’
2745 906 2913 979 ὑμῶν
2940 904 3206 961 διελθεῖν

1623 1009 1711 1073 εὶς
1749 1007 2143 1061 Μακεδονίαν.
2189 1004 2300 1058 Καὶ
2335 1004 2442 1076 μὴν
2483 1000 2792 1057 τούναντίον
2835 998 3204 1070 ἐπηγγείλατο

1624 1100 1683 1151 ἐν
1722 1101 1788 1170 τῇ
1827 1097 2090 1169 προτέρᾳ,
2131 1096 2272 1151 οὕτω
2312 1095 2519 1165 λέγων’
2567 1092 2921 1161 Ἐλεύσομαι
2954 1090 3025 1143 δέ
3052 1090 3203 1157 πρὸς

1623 1188 1799 1256 ὑμᾶς,
1829 1188 1974 1244 ὅταν
2003 1186 2383 1242 Μακεδονίαν
2408 1185 2656 1239 διέλθω’
2685 1180 3066 1237 Μακεδονίαν
3090 1179 3204 1249 γὰρ

1622 1279 1943 1351 διέρχομαι.
1975 1280 2099 1343 Πῶς
2123 1275 2216 1334 οῦν
2245 1277 2482 1332 ἐνταῦθα
2509 1275 2772 1330 τάναντία
2794 1272 2997 1344 φησίν;
3028 1271 3105 1325 οο
3130 1270 3201 1322 τὰ

1623 1374 1840 1428 ἐναντία
1865 1376 2049 1445 φησιν,
2079 1374 2259 1441 ἄπαγε
2278 1389 2292 1403 ο
2324 1370 2495 1426 ταῦτα
2526 1369 2638 1442 γὰρ
2668 1367 2887 1423 ἐναντία
2926 1366 3027 1437 μὲν
3052 1365 3202 1419 ἐστιν

1621 1458 1703 1529 οἷς
1741 1464 1977 1535 ἔγραψεν
2002 1504 2016 1528 ,
2062 1465 2163 1518 οὐκ
2204 1463 2422 1518 ἐναντία
2455 1462 2512 1516 δέ
2545 1456 2628 1526 οἷς
2674 1457 2943 1514 ἐϐούλετο.
2978 1457 3072 1512 Διὸ
3104 1458 3201 1511 καὶ

1621 1554 1856 1609 ἐνταῦθα
1886 1556 1986 1609 οὐκ
2020 1550 2195 1617 εἶπεν,
2236 1556 2319 1608 ὅτι
2352 1552 2611 1625 Ἔγραψα
2646 1551 2715 1605 δι’
2742 1549 2897 1620 ὑμῶν
2940 1546 3201 1603 ἀπελθεῖν

1620 1648 1701 1712 είς
1737 1647 2091 1714 Μακεδονίαν,
2134 1646 2273 1710 ἀλλ’,
2314 1646 2696 1713 Ἐϐουλόμην.
2729 1643 2793 1696 Εἰ
2828 1641 2940 1712 7&9
2969 1639 3065 1694 xu!
3100 1638 3199 1710 οὐχ

1619 1738 1792 1801 οὕτως
1842 1738 2076 1809 ἔγραψα,
2128 1737 2316 1809 φησιν,
2369 1736 2483 1790 ἀλλ’
2530 1736 2679 1805 ὅμως
2738 1731 3071 1797 ἐσπούδαζον
3104 1730 3201 1783 καὶ

1621 1827 1925 1899 ἐϐουλόμην
1953 1828 2047 1883 καὶ
2079 1828 2185 1900 πρὸ
2227 1827 2322 1881 τοῦ
2363 1826 2538 1880 ἐλθεῖν
2570 1825 2707 1897 πρὸς
2738 1824 2909 1895 ὑμᾶς·
2942 1820 3200 1875 τοσοῦτον

1620 1921 1859 1992 ἀπέσχον
1890 1920 1985 1974 τοῦ
2017 1918 2348 1992 βουληθῆναι
2369 1917 2671 1989 ὑστερῆσαι
2694 1915 2796 1986 τῆς
2822 1913 3197 1983 ὑποσχέσεως,

1619 2014 1702 2068 ὃτι
1734 2014 1829 2068 καὶ
1867 2012 2072 2082 φθάσαι
2102 2010 2275 2083 αὐτὴν
2311 2009 2575 2081 ἠθέλησα.
2609 2009 2743 2062 Ἵνα
2773 2005 3061 2075 δευτέραν
3095 2002 3201 2072 χάν-

1614 2121 1717 2174 ριν
1752 2106 1949 2174 ἔχητε.
1980 2104 2047 2157 Τί
2083 2105 2220 2167 ἐστι,
2272 2100 2599 2170 Δευτέρανς
2642 2099 2762 2153 Ἵνα
2809 2097 3006 2167 διπλῆν
3037 2099 3197 2167 χάριν

1619 2193 1803 2265 ἔχητε,
1832 2195 1925 2248 καὶ
1953 2195 2054 2267 τὴν
2081 2194 2171 2249 διά
2188 2194 2300 2249 τῶν
2328 2191 2699 2266 γραμμάτων,
2733 2189 2828 2243 καὶ
2864 2188 2965 2261 τὴν
2982 2187 3070 2242 διά
3095 2186 3199 2256 τῆς

1620 2286 1942 2358 παρουσίας.
1977 2286 2153 2358 Χάριν
2178 2286 2236 2340 δέ
2271 2283 2508 2339 ἐνταῦθα
2546 2283 2645 2355 τὴν
2672 2281 2848 2353 χαράν
2876 2278 3042 2348 λέγει.
3084 2274 3201 2331 Kal

1617 2379 1694 2433 δι’
1713 2378 1880 2449 ὑμῶν
1905 2379 2165 2435 διελθεῖν
2188 2381 2278 2446 είς
2308 2375 2709 2437 Μακεδονίαν,
2733 2374 2832 2427 καί
2861 2371 3051 2427 πάλιν
3076 2370 3199 2425 ἀπὸ

1615 2460 2218 2538 Μακεδονίας-’ἐλθεῖν
2240 2468 2390 2539 πρὸς
2411 2466 2589 2538 ὑμᾶς,
2616 2466 2717 2520 καὶ
2739 2465 2840 2535 ὑφ’
2866 2462 3035 2533 ὑμῶν
3057 2476 3200 2531 προ-

1618 2562 1960 2634 πεμφθῆναι
1993 2567 2079 2629 εις
2109 2562 2225 2631 τὴν
2265 2559 2580 2617 Ἰουδαίαν.
2622 2557 2804 2613 Τοῦτο
2831 2550 2947 2611 οὖν
2970 2555 3202 2621 ,ϐουλό-

1611 2674 1814 2727 μενος.
1840 2654 1924 2725 μή
1952 2672 2007 2709 τι
2029 2655 2143 2723 ἆρα
2178 2653 2256 2724 τῇ
2289 2652 2549 2723 ἐλαφρίᾳ
2584 2649 2987 2722 ἐχρησάμηνῖ

1687 2845 1759 2909 γ’.
1777 2836 2039 2893 Ἐνταῦθα
2054 2836 2236 2891 λοιπὸν
2252 2836 2314 2902 ἐξ
2323 2836 2536 2901 εὐθείας
2549 2835 2839 2891 ἀποδύεται
2862 2835 2923 2888 τὸ
2945 2831 3199 2903 ἔγκλημα
3289 2848 3295 2855 ·

1614 2932 1678 2986 τὸ
1695 2932 1762 2985 ἐκ
1779 2933 1878 3001 τῆς
1902 2931 2217 3002 μελλήσεως
2241 2932 2337 2986 καὶ
2354 2930 2455 3003 τῆς
2479 2931 2773 2996 ἀπουσίας.
2802 2931 2870 2983 ⁸0
2890 2928 3000 3001 7&9
3025 2928 3197 2998 λέγει,

1616 3024 1856 3080 τοιοῦτόν
1884 3026 2032 3077 ἐστιν
2056 3041 2071 3055 ·
2112 3022 2447 3094 Ἐϐουλόμην
2480 3023 2657 3077 ἐλθεῖν
2681 3023 2817 3094 πρὸς
2844 3022 2991 3093 ἑ
3011 3038 3027 3054 ·
3051 3020 3200 3085 τίνος

1614 3112 1711 3172 οὖν
1742 3116 1928 3170 ἕνεκεν
1952 3114 2051 3169 ούκ
2076 3109 2239 3187 ἦλθον
2270 3133 2285 3183 ;
2337 3111 2447 3188 ἆρα
2498 3115 2575 3180 ὡς
2605 3114 2809 3185 κοῦφος
2843 3113 2940 3169 καὶ
2983 3112 3200 3185 εὑρετι-

1620 3225 1763 3275 στος;
1793 3208 1963 3263 τοῦτο·
1984 3207 2094 3279 γάρ
2123 3208 2261 3270 ἐστι,
2293 3206 2460 3274 Μήτι
2489 3206 2605 3275 ἄρα
2635 3205 2712 3275 τῇ
2739 3206 3000 3275 ἐλαφρίᾳ
3025 3206 3201 3276 ἐχρη-

1617 3300 1861 3371 σάμην;
1888 3297 2153 3370 Οὐδαμῶς
2172 3311 2187 3326 ⁸
2219 3298 2356 3352 ἀλλά
2377 3298 2466 3352 διὰ
2485 3296 2571 3364 τί;
2596 3299 2726 3352 Ὀτι
2747 3296 3195 3366 ἁβουλεύομαι,

1616 3394 1690 3449 οὐ
1738 3391 1888 3446 κατὰ
1927 3390 2124 3460 σάρκα
2164 3390 2560 3459 βουλεύομαι.
2600 3388 2666 3442 Τί
2708 3391 2878 3453 ἐστιν,
2924 3390 3008 3443 Οὐ
3045 3387 3200 3441 κατὰ

1617 3484 1854 3553 σάρκα;
1904 3480 2053 3555 [445]
2108 3482 2183 3535 Οὐ
2242 3479 2521 3551 σαρκικῶς
2565 3478 2908 3551 βουλεύομαι.
2971 3480 3105 3534 ἰνα
3152 3471 3197 3548 ᾖ

1618 3577 1753 3644 παρ’
1776 3575 1905 3644 ἐμοὶ
1944 3573 2010 3627 τὸ
2036 3573 2151 3628 Ναὶ
2181 3570 2306 3638 ναὶ,
2340 3572 2439 3625 καί
2464 3570 2531 3625 τὸ
2560 3570 2644 3625 Οὒ
2672 3572 2765 3628 οὕ.
2806 3570 2948 3626 Ἀλλ’
2973 3569 3055 3622 ἔτι
3101 3570 3195 3622 καὶ

1618 3666 1775 3721 τοῦτο
1818 3664 2050 3734 ἀσαφές.
2088 3662 2156 3717 Τί
2189 3659 2282 3717 οὖν
2323 3664 2472 3717 ἐστιν
2505 3663 2535 3717 ὅ
2580 3679 2785 3734 φησιν;
2830 3662 2891 3715 '0
2933 3659 3195 3733 σαρκικδς

1619 3758 1923 3829 ἄνθρωπος,
1962 3754 2263 3819 τουτέστιν,
2289 3755 2317 3807 ό
2355 3756 2469 3815 τοῖς
2499 3752 2737 3825 παροῦσι
2765 3751 3194 3823 προσηλωμένος

1617 3851 1712 3905 καὶ
1735 3851 1794 3903 ἐν
1814 3847 2025 3912 τούτοις
2054 3844 2344 3909 διαπαντὸς
2376 3845 2473 3909 ὣν,
2500 3846 2597 3899 καὶ
2623 3845 2723 3917 τῆς
2755 3842 2849 3898 τοῦ
2872 3842 3012 3897 Πνεύ
3023 3858 3193 3913 ματος

1618 3943 1900 4015 ἐνεργείας
1929 3940 2085 4005 ἐκτὸς
2126 3940 2432 4011 τυγχάνων,
2473 3938 2752 4009 πανταχοῦ
2775 3937 2994 3993 ἀπιέναι
3034 3935 3195 3990 δύναο

1617 4056 1729 4104 ται,
1770 4036 1867 4090 καὶ
1910 4034 2214 4090 πλανᾶσθαι
2256 4035 2391 4087 ὅπου
2438 4032 2718 4103 βούλεταιο
2751 4032 2781 4084 δ
2822 4031 2878 4085 δὲ
2912 4030 3195 4102 ὑπηρέτης

1617 4124 1713 4179 τοῦ
1747 4122 2084 4193 Πνεύματος,
2112 4123 2209 4175 καὶ
2236 4121 2327 4173 ὑπ’
2364 4121 2573 4175 ἐκείνου
2617 4121 2881 4192 ἀγόμενος
2909 4120 3003 4174 καὶ
3031 4136 3193 4192 περι-

1618 4217 1904 4286 αγόμενος,
1934 4214 1994 4267 ού
2016 4213 2238 4268 δύναται
2258 4213 2449 4284 κύριος
2472 4208 2610 4266 εἶναι
2630 4211 2731 4282 τῆς
2747 4211 2941 4266 ἐαυτοῦ
2964 4212 3193 4284 γνώμης

1617 4303 1915 4375 πανταχοῦ,
1961 4304 2059 4375 τῆς
2097 4304 2309 4357 ἐκεῖθεν
2350 4303 2598 4367 ἐξουσίας
2638 4301 2946 4374 ἐξαρτήσας
2981 4303 3151 4373 αὑτήν
3174 4316 3190 4333 ο

1614 4398 1751 4453 ἀλλά
1811 4396 2049 4450 τοιοῦτον
2082 4395 2364 4465 ὑπομένει,
2410 4391 2519 4449 οἷον
2553 4395 2621 4450 ἂν
2666 4396 2715 4448 εί
2756 4394 2943 4459 δοῦλος
2981 4394 3191 4449 εὐδοκι-

1619 4491 1757 4559 μῶν,
1780 4490 1875 4543 καὶ
1899 4486 2176 4559 πανταχοῦ
2217 4486 2636 4560 περιελκόμενος
2669 4487 2775 4542 ὑπὸ
2801 4487 2910 4541 τῶν
2938 4487 3192 4541 δεσποτι-

1614 4582 1727 4635 κῶν
1755 4581 2170 4653 ἐπιταγμάτων,
2214 4581 2309 4634 καὶ⁵
2350 4581 2452 4634 οὐκ
2498 4580 2639 4650 ἔχων
2679 4581 2925 4646 ἐξουσίαν
2970 4580 3189 4645 ἑαυτοῦ,

1613 4673 1737 4727 οὐδὲ
1777 4673 2114 4729 ἀναπνεῦσαι
2152 4671 2448 4742 δυνάμενος
2474 4672 2595 4728 οὐδὲ
2641 4672 2857 4744 μικρὸν,
2910 4670 3187 4741 ἐπαγγέλο

1613 4764 1758 4819 λοιτό
1788 4780 1910 4818 τινα
1932 4766 2044 4827 τοῖς
2074 4763 2397 4827 συνδούλοις,
2420 4760 2540 4818 εἶτα
2564 4764 2644 4835 τῷ
2671 4765 2907 4837 δεσπότῃ
2933 4764 3189 4818 τάναντία

1611 4856 1892 4921 δοκοῦντα,
1927 4856 2001 4927 μὴ
2035 4855 2188 4909 ἀνύοι
2216 4854 2288 4909 τά
2314 4855 2730 4926 ἀπηγγελμένα.
2764 4855 2934 4910 Τοῦτο
2961 4852 3056 4910 οὖν
3086 4871 3187 4925 φη-

1616 4947 1822 5013 σιν,ότι
1857 4949 1939 5001 Οῠ
1960 4947 2112 5001 κατὰ
2133 4946 2335 5017 σάρκα
2348 4948 2750 5016 βουλεύομαι,
2784 4946 2877 5001 καὶ
2926 4947 3026 5000 οὐκ
3069 4946 3187 5018 είμὶ

1611 5038 1712 5109 τῆς
1736 5036 1829 5091 τοῦ
1859 5037 1999 5091 Πνεύ
2007 5054 2176 5108 ματος
2196 5038 2353 5100 ἐκτὸς
2372 5036 2771 5108 κυϐερνήσεως,
2793 5037 2914 5091 ούδέ
2941 5036 3185 5101 ἐξουσίαν

1611 5129 1722 5201 ἔχω
1743 5129 1979 5201 βαδίζειν
2006 5132 2140 5183 ὅπου
2165 5130 2446 5201 βούλομαι.
2479 5132 2591 5186 Καὶ
2638 5130 2747 5202 7&9
2783 5130 3077 5201 ὑπόκειμαι
3096 5130 3184 5184 δε-

1613 5221 1838 5293 σποτεία
1854 5224 1919 5294 τῇ
1947 5221 2043 5275 τοῦ
2068 5222 2429 5294 Παρακλήτου
2448 5224 2542 5277 καὶ
2561 5223 2918 5293 ἐπιτάγμασι,
2939 5222 3035 5277 καὶ
3061 5224 3182 5287 ταῖς

1610 5312 1818 5367 ἐκείνου
1857 5314 2059 5384 ψήφοις
2091 5314 2298 5385 ἀγομαι
2344 5316 2440 5369 καὶ
2484 5314 2844 5387 περιάγομαι.
2897 5316 2996 5370 Διά
3026 5315 3182 5370 τοῦτο

1609 5405 1709 5459 οὐκ
1732 5403 2004 5476 ἠδυνήθην
2043 5403 2219 5460 ἐλθεῖν
2243 5420 2258 5436 ⁸
2293 5406 2354 5459 οὐ
2393 5407 2503 5479 7&9
2547 5407 2726 5472 ῑδοξεν
2762 5407 2841 5479 τῷ
2877 5400 3177 5477 Πνεύματι.

1615 5499 1681 5551 ‘0
1701 5497 1797 5552 καὶ
1822 5497 1881 5550 ἐν
1904 5498 2022 5558 ταῖς
2048 5495 2287 5568 Πράξεσι
2318 5496 2587 5570 πολλαχοῦ
2632 5499 2854 5569 γέγονεν
2882 5516 2898 5531 ·
2944 5497 3179 5568 ἀλλαχοῦ

1608 5593 1720 5663 γὰρ
1747 5588 2128 5663 προῃρημένον
2163 5587 2360 5655 ἐλθεῖν,
2402 5590 2466 5644 τὸ
2503 5591 2729 5661 Πνεῦμα
2769 5587 3004 5661 ἀλλαχοῦ
3030 5589 3181 5659 βαδίο

1615 5686 1731 5750 ζειν
1748 5681 2015 5738 ἐκέλευεν.
2034 5680 2203 5734 Ὠστε
2229 5680 2290 5737 ού
2313 5682 2411 5753 τῆς
2442 5682 2583 5755 ἐμῆς
2601 5682 2881 5752 ἐλαφρίας,
2909 5680 3176 5740 τουτέστι.
