3780 6374
143 383 226 439 1119
448 400 451 407 ί
1201 377 1263 432 ΙΝ
1306 379 1517 435 EPIST.
1559 381 1599 436 11
1656 383 1676 436 ,Α

1837 381 1937 436 illi.
1980 381 2210 437 HOMIL.
2256 384 2341 440 Ill.

136 498 238 550 dum
252 502 405 548 esset.
427 492 587 548 Vides
600 500 1130 548 rursumconsuetam
1154 491 1251 563 ipsi
1268 492 1676 563 argumentandi

136 590 359 643 rationem
377 586 399 638 ?
417 585 568 641 Unde
582 586 726 641 enim
750 584 852 655 ipsi
867 600 927 640 se
947 584 1263 654 probaturos
1280 586 1672 651 existimabant,

134 679 317 732 militiis
342 678 582 731 consiliis
625 677 720 738 uti,
751 692 871 747 quae
909 691 940 730 a
986 691 1149 731 carne
1187 676 1674 746 proﬁciscerentur,

132 774 248 843 quod
275 774 518 826 nimirum
552 772 828 840 promissis
858 787 966 825 non
986 770 1258 831 stetisset;
1293 769 1416 826 hine
1445 771 1558 840 ipse
1596 772 1677 826 vel

131 865 331 919 maxime
352 879 411 918 se
438 862 696 933 spirituali
725 861 948 917 consilio
974 862 1191 917 ductum
1231 861 1397 917 fuisse
1421 862 1675 925 ostendit,

130 973 181 1013 ac
216 966 391 1012 contra
427 955 628 1010 carnali
656 955 816 1009 modo
840 955 1197 1024 cogitaturum
1226 953 1390 1009 fuisse
1413 995 1431 1020 ,
1473 954 1516 1008 si
1547 969 1677 1008 eon-

130 1050 322 1104 trarium
368 1047 604 1102 fecisset.
638 1046 776 1113 Quid
816 1047 993 1115 igitur,
1025 1046 1169 1100 dicet
1206 1045 1438 1114 aliquis,
1469 1058 1535 1098 an
1568 1060 1675 1099 non

127 1160 180 1197 ex
216 1142 402 1211 Spiritu
448 1141 717 1211 pollicitus
762 1138 982 1194 fuerat?
1010 1139 1227 1195 Minime
1272 1154 1402 1193 vero
1436 1157 1448 1192 :
1478 1139 1676 1193 etenim

121 1236 212 1302 iam
232 1232 421 1287 dictum
435 1240 517 1287 est
531 1246 561 1285 a
583 1246 691 1296 me,
715 1245 820 1285 non
833 1232 1011 1285 omnia
1030 1246 1090 1285 ea
1112 1231 1275 1285 Paulo
1291 1230 1498 1300 cognita
1517 1230 1677 1285 fuisse

126 1341 225 1393 quae
262 1324 435 1378 lutura
467 1333 623 1378 erant
662 1333 715 1377 et
739 1322 1129 1378 conducebant.
1165 1320 1288 1377 ldeo
1314 1323 1365 1376 in
1394 1320 1676 1391 superiore

124 1417 309 1487 quidem
338 1416 564 1486 epistola
595 1415 684 1471 his
701 1414 876 1470 verbis
902 1414 1081 1476 utitur,
1120 1411 1189 1467 Ut
1206 1429 1292 1468 vos
1316 1429 1395 1466 me
1414 1412 1677 1469 deducatis

123 1524 409 1578 quocumque
431 1508 729 1578 proﬁciscar
755 1506 773 1576 (
800 1508 851 1558 l.
883 1505 1002 1560 Cor.
1036 1505 1121 1560 16.
1157 1505 1225 1574 6)
1252 1522 1265 1570 ;
1299 1505 1400 1559 hoc
1430 1504 1678 1559 videlicet

123 1611 361 1665 metuens,
394 1616 461 1654 ne
490 1614 611 1654 cum
646 1599 701 1652 in
726 1597 965 1653 Judaeam
996 1597 1239 1661 dixisset,
1269 1596 1375 1651 alio
1401 1596 1549 1651 abire
1586 1611 1691 1650 (ιο-λ

120 1702 312 1760 geretur
341 1709 355 1744 :
390 1690 479 1746 hic
505 1700 706 1755 autem,
725 1688 977 1759 quoniam
1002 1689 1100 1743 hae
1126 1704 1220 1758 spe
1235 1688 1453 1743 delusus
1484 1688 1678 1753 fuerat,

124 1784 243 1838 istud
283 1784 374 1847 ait,
407 1783 476 1838 Et
515 1800 548 1836 α
586 1784 721 1837 vobis
760 1783 941 1836 deduci
982 1783 1032 1835 in
1069 1780 1328 1836 Judttam.
1360 1780 1492 1836 Nam
1531 1780 1675 1849 quod

120 1875 334 1929 caritatis
356 1882 494 1939 erat,
521 1873 573 1928 id
619 1874 791 1942 ponit,
822 1872 925 1928 hoc
950 1883 1052 1937 est,
1076 1872 1141 1926 ad
1169 1887 1262 1926 eos
1288 1873 1471 1927 venire
1497 1890 1509 1925 :
1537 1872 1675 1941 quod

121 1978 277 2021 autem
319 1982 510 2021 eorum
546 1965 679 2020 nihil
708 1966 1004 2029 intererat,
1034 1979 1229 2034 nempe
1260 1974 1313 2017 ut
1343 1964 1396 2017 in
1438 1963 1676 2018 Judaeum

118 2057 302 2122 abiret,
370 2059 475 2112 hoc
549 2071 655 2110 non
723 2056 833 2125 jam
902 2055 1103 2111 diserte
1162 2054 1329 2109 addit.
1389 2054 1674 2125 Postquam

116 2159 272 2203 autem
323 2150 603 2204 convictus
655 2158 775 2213 est,
832 2148 918 2203 hic
964 2148 1075 2217 jam
1124 2146 1351 2202 ﬁdenter
1392 2147 1562 2215 dicit,
1611 2146 1677 2201 In

113 2244 350 2298 Judaeum.
397 2245 572 2313 Atque
618 2242 718 2297 hoc
762 2241 1384 2312 utiliter_contingebat,
1442 2255 1509 2294 ne
1557 2240 1678 2308 quis

115 2336 327 2400 ipsorum
396 2335 699 2403 majorem,
759 2348 917 2403 quam
972 2348 1069 2403 par
1125 2342 1309 2398 esset,
1369 2330 1676 2400 opinionem

112 2428 170 2481 de
219 2442 281 2481 eo
335 2426 581 2482 haberet.
642 2424 854 2481 Etenim
909 2425 986 2489 si,
1047 2439 1168 2479 cum
1220 2423 1337 2479 inec
1390 2424 1550 2477 etiam
1604 2423 1677 2477 ita

109 2534 161 2573 se
184 2519 477 2584 baberent,
513 2526 692 2573 tamen
716 2532 822 2572 non
845 2516 1158 2581 defuerunt,
1184 2517 1273 2587 qui
1318 2525 1502 2572 tauros
1547 2515 1677 2586 ipsis

102 2612 372 2667 immolare
400 2611 640 2675 vellent;
689 2625 795 2679 quo
838 2602 1051 2664 tandem
1091 2607 1377 2677 impietatis
1405 2621 1511 2661 non
1551 2621 1678 2675 pro-

101 2705 362 2771 ruissent,
419 2704 520 2759 nisi
566 2703 731 2757 multa
786 2702 1031 2757 humanae
1087 2700 1460 2756 imbecillitatis
1515 2698 1677 2754 docu-

103 2806 272 2852 menta
314 2797 707 2869 praebuissent?
744 2796 814 2850 Et
855 2809 950 2850 cur
976 2794 1189 2849 miraris
1223 2808 1285 2849 ea
1314 2792 1527 2857 omnia,
1558 2806 1679 2862 quae

100 2887 266 2944 t'utura
303 2899 495 2956 erant,
525 2888 689 2943 Paulo
732 2887 952 2941 minime
978 2897 1101 2940 nota
1130 2885 1323 2951 fuisse,
1363 2899 1485 2939 eum
1516 2884 1678 2938 etiam

98 2984 150 3037 io
178 2983 427 3052 precibus
453 2982 769 3055 plerumque
796 2977 941 3050 quod
980 2977 1230 3047 expediat
1266 2975 1514 3047 ignoret?
1542 2975 1680 3041 Quid

99 3076 234 3129 enim
274 3092 518 3141 oremus,
564 3066 1228 3144 inquitfquemadmodum
1275 3077 1468 3139 Oportet
1520 3069 1681 3122 nesci-

100 3184 205 3223 mus
230 3168 426 3238 (Rom.
450 3168 504 3223 8.
527 3166 597 3221 26
621 3167 660 3235 ).
691 3166 800 3220 Nec
822 3180 949 3219 vero
976 3165 1078 3218 hoc
1105 3178 1171 3218 eo
1193 3163 1465 3217 dumtaxat
1489 3159 1582 3226 ait,
1621 3166 1681 3213 u:

101 3261 373 3317 modestia:
398 3260 706 3331 opinionem
730 3257 978 3328 colligat;
1000 3256 1095 3311 sed
1111 3255 1270 3311 etiam
1293 3253 1545 3317 ostendit,
1564 3251 1680 3306 ubi~

103 3367 237 3419 nam,
265 3352 398 3423 quid
426 3353 478 3406 in
512 3352 762 3421 precibus
791 3350 919 3404 utile
944 3357 1107 3412 esset,
1142 3346 1417 3418 ignorarit.
1449 3344 1678 3402 Ubinam

102 3456 265 3501 autem
293 3443 603 3516 ignoravit?
628 3441 832 3510 Nempe
855 3455 977 3495 cum
1004 3438 1249 3509 precibus
1268 3452 1299 3492 a
1326 3436 1436 3492 Deo
1458 3440 1681 3491 conten-

104 3537 271 3603 debat,
297 3547 358 3592 ut
379 3553 413 3591 e
440 3534 821 3590 tentationibus
842 3532 1162 3602 eriperetur,
1187 3529 1270 3584 his
1289 3527 1467 3583 verbis
1489 3537 1676 3582 utens:

104 3630 255 3694 Datus
292 3639 370 3683 est
407 3627 535 3681 mihi
573 3625 805 3681 stimulus
832 3623 1005 3677 carnis
1028 3622 1236 3691 angelus
1264 3629 1457 3675 satana:
1480 3618 1566 3688 qui
1604 3633 1683 3670 me

104 3720 397 3787 colapltizet.
434 3718 655 3787 Pmpter
680 3714 814 3786 quod
844 3722 918 3767 ter
944 3712 1222 3767 Dominum
1247 3711 1456 3782 rogavi;
1478 3720 1526 3763 et
1554 3708 1683 3761 dixit

102 3785 260 3867 mihi
288 3812 497 3882 Str/ﬁcit
522 3785 610 3863 tibi
638 3785 803 3879 gratia
826 3822 969 3873 mea;
989 3807 1146 3859 uirtus
1170 3805 1302 3859 enim
1329 3819 1440 3857 mea
1461 3804 1516 3856 in
1538 3803 1684 3868 inﬁr-

104 3904 261 3967 mitate
290 3903 565 3971 perﬁcitur
595 3901 669 3971 (2.
699 3899 817 3955 Cor.
875 3898 964 3953 12.
988 3897 1157 3967 7.-9).
1202 3897 1362 3952 Vides
1389 3895 1678 3966 quomodo,

100 3995 212 4062 quid
244 4009 311 4052 ex
343 4009 450 4048 usu
470 4000 636 4055 esset,
662 3990 931 4061 postulare
959 3988 1282 4045 nesciverit?
1304 3989 1380 4042 Ac
1403 3997 1682 4057 propterea

105 4102 194 4139 non
220 4086 467 4154 accepit,
489 4099 612 4138 eum
635 4092 813 4137 tamen
838 4097 981 4152 saepe
1008 4080 1349 4152 postulasset.
1375 4080 1464 4135 18.
1492 4078 1684 4133 Fidelis

100 4188 251 4231 autem
272 4175 476 4240 Deus,
509 4176 627 4245 quia
656 4190 820 4229 sermo
849 4183 1039 4241 noster,
1068 4174 1156 4242 qui
1183 4171 1281 4243 fuit
1325 4172 1394 4226 ad
1434 4187 1520 4226 uos
1538 4213 1554 4235 ,
1582 4187 1685 4224 non

104 4269 186 4334 {ait
224 4270 321 4327 Est
368 4279 422 4323 et
462 4266 608 4322 Non.
650 4267 993 4323 Exorientem
1035 4265 1389 4336 objectionem
1428 4262 1686 4335 protelare

101 4362 326 4423 discutit,
364 4362 566 4417 Dicere
590 4362 732 4416 enim
766 4361 1059 4431 potuissent
1088 4378 1102 4412 :
1147 4357 1203 4415 Si
1229 4373 1351 4413 cum
1381 4359 1498 4427 ipse
1539 4367 1590 4411 te
1618 4356 1685 4410 ad

102 4470 190 4510 nos
212 4466 515 4513 venturum
546 4456 815 4525 receperis
834 4497 850 4521 ,
896 4454 949 4509 id
979 4463 1155 4509 tamen
1194 4453 1370 4511 facere
1397 4452 1683 4517 distulisti,

101 4556 244 4617 atque
270 4550 348 4605 ita
384 4562 499 4603 non
528 4554 613 4603 est
640 4546 777 4616 apud
806 4556 879 4611 te,
908 4546 1003 4601 Est
1030 4554 1147 4612 est,
1179 4544 1293 4600 Non
1325 4559 1428 4598 non
1454 4584 1472 4611 ,
1504 4554 1685 4598 verum

103 4654 210 4706 qua:
249 4656 410 4697 nunc
455 4639 587 4694 dicis
606 4680 622 4707 ,
659 4649 840 4709 postea
869 4638 1133 4695 subvertis
1154 4678 1169 4704 ,
1208 4645 1267 4692 ut
1296 4636 1347 4691 in
1377 4644 1464 4690 tua
1494 4636 1559 4691 ad
1591 4651 1688 4691 nos

103 4729 437 4796 profectione
463 4730 668 4795 iecisti;
696 4745 777 4783 vae
816 4729 989 4795 nobis,
1014 4720 1059 4783 si
1084 4728 1185 4783 hoc
1209 4742 1420 4798 quoque
1446 4728 1499 4782 in
1521 4743 1685 4782 evan-

101 4821 212 4885 gelii
238 4820 640 4891 prtrdicatioue
670 4819 945 4890 contingit.
978 4818 1047 4875 Ut
1073 4833 1200 4889 ergo
1223 4818 1338 4873 haec
1366 4833 1465 4873 nec
1491 4819 1691 4889 cogita-

103 4922 209 4967 rent
234 4928 336 4969 nee
362 4913 836 4985 perturbarentur,
858 4912 951 4977 ait,
982 4909 1179 4973 Fidelis
1210 4910 1365 4975 Deus,
1391 4911 1509 4979 quia
1528 4927 1689 4964 sermo

103 5018 257 5060 noster
280 5009 352 5064 ad
380 5024 483 5061 vos
506 5023 608 5059 non
636 5006 733 5076 fuit
762 5004 853 5059 Est
881 5015 929 5059 et
960 5004 1105 5059 Non.
1138 5004 1253 5059 Hoc
1276 5004 1416 5058 enim
1434 5044 1450 5070 ,
1482 5003 1688 5074 inquit,

103 5098 147 5151 in
173 5100 572 5168 prmdicatione
593 5113 698 5152 non
724 5098 1003 5168 contingit.
1036 5097 1130 5152 sed
1159 5098 1215 5151 in
1238 5096 1336 5151 viis
1362 5110 1424 5150 ac
1451 5097 1689 5167 peregri-

104 5191 413 5247 nationibutt
447 5190 728 5245 dumtaxat
753 5208 766 5244 :
796 5204 916 5242 nam
946 5190 998 5242 in
1024 5187 1400 5257 praedicatione
1434 5188 1582 5242 ﬁrma
1606 5198 1691 5241 at-

102 5296 195 5351 que
224 5284 466 5338 immota
516 5290 735 5337 manent
778 5296 897 5351 qua:
941 5280 1191 5334 diximus.
1245 5280 1346 5334 Per
1390 5294 1691 5334 sermonem

102 5374 232 5427 enim
261 5374 368 5430 hoc
400 5374 535 5430 loco
560 5371 990 5443 prmdicationem
1019 5371 1299 5441 signiﬁcat.
1331 5372 1522 5426 Postea
1554 5372 1690 5426 irre-

102 5462 308 5520 lutabile
326 5476 718 5536 argumentum
745 5464 901 5534 hujus
922 5465 999 5519 rei
1021 5464 1197 5529 aﬁ‘ert,
1216 5460 1283 5517 ad
1307 5464 1472 5518 Deum
1495 5463 1597 5518 boc
1625 5477 1697 5518 to-

102 5567 203 5609 tum
230 5540 512 5612 referetos.
546 5554 700 5622 Quod
734 5564 912 5609 autem
942 5556 1036 5621 ait,
1069 5554 1210 5609 hunc
1236 5568 1452 5609 sensum
1494 5554 1691 5609 habet:

103 5648 373 5705 Adventus
400 5650 519 5705 mei
563 5648 876 5719 pollicitatio
914 5662 1032 5702 mea
1071 5658 1218 5712 erat,
1265 5656 1424 5715 atque
1448 5660 1547 5714 ego
1572 5664 1693 5702 mea

101 5750 282 5807 sponte
316 5743 374 5797 id
404 5742 802 5812 promiseram;
832 5749 887 5794 at
910 5738 1219 5811 praedicatio
1248 5755 1353 5793 non
1383 5754 1500 5794 mea
1540 5752 1689 5803 erat,

104 5848 195 5891 nec
222 5836 477 5902 humana
499 5877 515 5904 ,
559 5835 651 5892 sed
700 5836 792 5895 Dei
824 5853 836 5891 :
869 5834 1007 5907 quod
1054 5844 1230 5890 autem
1270 5834 1367 5891 Dei
1407 5841 1523 5899 est,
1559 5835 1611 5889 in
1642 5834 1691 5889 id

1886 280 1897 325 l
2900 304 2905 309 ~
3290 320 3293 321 ,

3261 394 3363 450 410

1784 493 2117 551 mendacium
2152 497 2343 554 cadere
2370 499 2590 570 nequit:
2618 501 2760 557 unde
2778 503 2942 559 etiam
2972 503 3134 570 dicit,
3167 504 3365 564 Fidelis

1783 597 1948 642 autem
1988 588 2159 655 Deus;
2186 591 2291 647 hoc
2319 603 2430 657 εει,
2463 609 2644 650 verax.
2680 595 3037 664 Quamobrem
3072 600 3207 654 nihil
3245 612 3361 668 est,

1782 691 1880 735 Cur
1906 694 1967 733 ea
1993 720 2010 745 ,
2054 697 2177 750 qua:
2204 682 2345 738 illius
2385 694 2539 751 sunt,
2566 685 2719 740 vobis
2755 698 3002 757 suspecta
3046 690 3199 745 sint:
3230 694 3365 747 nihil

1783 770 1925 824 enim
1970 771 2026 825 in
2072 772 2202 841 ipsis
2250 773 2541 830 humanum
2586 787 2688 833 est.
2735 781 2815 833 Ac
2856 789 3201 852 posteaquam
3249 799 3365 839 ser-

1782 873 1994 914 monem
2033 860 2200 927 dixit,
2248 862 2316 919 de
2342 880 2451 935 quo
2497 880 2747 924 sermone
2783 868 3071 940 loquatur,
3104 872 3363 942 deinceps

1782 952 2016 1019 exponit.

1850 1040 1904 1097 4.
1946 1042 2198 1109 Quisnam
2242 1045 2402 1115 igitur
2444 1047 2531 1117 hic
2568 1063 2751 1106 sermo
2788 1052 2911 1107 est?
2950 1053 3041 1109 i9.
3088 1052 3185 1108 Dei
3225 1057 3359 1110 enim

1785 1131 1951 1187 Filius
1971 1175 1985 1197 ,
2011 1137 2097 1205 qui
2128 1137 2183 1190 in
2207 1139 2344 1194 vobis
2373 1156 2462 1209 per
2487 1154 2582 1196 nos
2610 1143 2917 1213 praedicatus
2936 1154 3010 1199 est
3032 1184 3050 1211 ,
3083 1162 3174 1216 per
3206 1164 3288 1201 me
3315 1162 3362 1201 et

1784 1227 2048 1282 Silvanum
2075 1240 2124 1284 et
2152 1231 2486 1300 Timotheum,
2518 1252 2619 1290 non
2647 1237 2746 1307 fuit
2776 1238 2867 1293 Est
2892 1248 2939 1294 et
2960 1238 3102 1295 Non.
3135 1241 3216 1296 0b
3241 1257 3359 1295 eam

1782 1318 1924 1372 enim
1956 1334 2169 1377 causam
2195 1325 2570 1393 magistrorum
2596 1326 2820 1383 chorum
2851 1330 2902 1383 in
2934 1331 3170 1386 medium
3194 1332 3363 1387 addu-

1781 1410 1876 1475 cit,
1898 1410 2020 1467 hinc
2040 1424 2257 1485 quoque
2284 1416 2589 1472 testimonio
2613 1434 2711 1473 suo
2735 1420 2891 1475 ﬁdem
2918 1421 3221 1487 adstruens,
3254 1440 3360 1477 non

1784 1516 1879 1569 per
1899 1503 2170 1559 auditores
2193 1512 2416 1571 tantum,
2444 1509 2538 1564 sed
2566 1511 2724 1565 etiam
2750 1527 2847 1581 per
2876 1515 3177 1584 magistros.
3204 1518 3362 1585 Atqui

1781 1595 2023 1665 discipuli
2056 1597 2129 1651 illi
2155 1610 2328 1664 erant,
2355 1601 2449 1655 sed
2475 1603 2748 1658 modestiae
2766 1605 2944 1659 studio
2974 1621 3071 1661 eos
3107 1609 3160 1662 in
3188 1613 3363 1677 magi-

1782 1696 2013 1742 strorum
2039 1689 2216 1744 album
2245 1693 2425 1746 rel'ert.
2454 1693 2591 1761 Quid
2613 1704 2789 1749 autem
2818 1707 2901 1750 est
2920 1737 2937 1759 η,
2974 1697 3096 1752 Νοη
3128 1702 3223 1769 fuit
3273 1699 3363 1753 Est

1781 1788 1827 1830 et
1856 1776 1978 1832 Non
2000 1779 2026 1832 ?
2060 1779 2177 1835 Non
2221 1797 2281 1836 ea
2319 1783 2590 1850 subverti,
2634 1786 2839 1856 inquit,
2876 1802 2996 1857 qua:
3028 1789 3176 1857 prius
3222 1791 3363 1845 inter

1782 1870 2204 1926 concionandunt
2231 1874 2339 1928 dixi
2362 1892 2378 1927 :
2407 1889 2513 1929 non
2540 1876 2700 1931 modo
2729 1878 2851 1942 hue,
2874 1880 3037 1935 modo
3065 1880 3195 1936 illud
3222 1885 3360 1951 apud

1784 1976 1876 2016 VOS
1901 1961 2127 2018 disserui
2154 1982 2169 2017 :
2194 1965 2302 2021 hoc
2336 1968 2483 2022 enim
2529 1984 2633 2022 non
2686 1968 2808 2024 ﬁdei
2833 1972 3025 2037 fuerit,
3056 1975 3152 2028 sed
3197 1976 3362 2029 animi

1781 2053 2098 2108 aberrantis.
2129 2056 2235 2111 Sed
2263 2055 2356 2111 Est
2380 2061 2433 2112 in
2459 2059 2549 2113 illo
2579 2062 2693 2126 fuit.
2727 2061 2841 2116 lloe
2868 2072 2980 2130 est,
3012 2065 3267 2121 immotus
3299 2082 3363 2121 ao

1783 2146 1968 2199 ﬁrmus
1995 2163 2174 2202 sermo
2206 2163 2402 2206 manet.
2430 2151 2522 2205 ς21).
2556 2151 2812 2223 Quotquot
2839 2155 2972 2209 enim
3002 2158 3363 2227 promissiones

1781 2234 1878 2289 Dei
1905 2246 2042 2303 sunt,
2069 2239 2123 2290 in
2152 2239 2242 2293 illo
2272 2238 2385 2303 Est,
2413 2250 2462 2295 et
2495 2243 2550 2295 in
2572 2244 2686 2312 ipso
2711 2245 2892 2307 Amen,
2923 2245 3034 2300 Deo
3054 2250 3121 2300 ad
3146 2250 3364 2317 gloriam

1783 2343 1871 2394 per
1898 2343 2004 2381 nos.
2039 2328 2174 2395 Quid
2209 2340 2292 2384 est
2314 2371 2330 2395 ,
2362 2332 2618 2402 Quotquot
2658 2337 3013 2405 promissiones
3042 2338 3138 2393 Dei
3159 2342 3185 2394 ?
3213 2342 3362 2395 Pras-

1781 2418 1979 2473 dieatio
2027 2422 2331 2491 evangelica
2386 2424 2552 2479 multa
2613 2428 3001 2497 promittebat;
3054 2439 3214 2501 atque
3262 2433 3364 2503 ipsi

1782 2512 1945 2564 mttlta
1974 2511 2090 2566 haec
2118 2515 2498 2583 promittebant
2539 2531 2603 2571 ac
2632 2519 3017 2586 prtedicabant.
3052 2521 3187 2577 Nam
3213 2534 3267 2578 et
3295 2526 3364 2580 de

1781 2604 2177 2659 resurrectione
2203 2607 2369 2660 verba
2418 2608 2655 2663 fecerant
2678 2650 2695 2676 ,
2725 2620 2781 2665 et
2803 2611 2873 2666 de
2912 2616 3281 2683 assumptione
3307 2624 3363 2670 et

1782 2694 1850 2751 de
1878 2696 2281 2767 incorruptione
2306 2708 2360 2753 et
2382 2699 2450 2754 de
2470 2703 2677 2772 magnis
2699 2705 2936 2772 prmmiis
2960 2716 3123 2775 atque
3146 2709 3362 2763 arcanis

1782 2790 1887 2845 illis
1917 2790 2094 2846 bonis.
2129 2791 2234 2845 Has
2264 2793 2425 2863 igitur
2450 2795 2863 2863 pollicitationes
2894 2796 3075 2852 ﬁrmas
3097 2814 3161 2853 ac
3193 2801 3363 2855 stabi-

1782 2880 1878 2945 les,
1908 2897 2127 2937 manere
2152 2884 2261 2947 ait;
2307 2891 2362 2939 et
2390 2899 2497 2939 non
2538 2885 2635 2941 fuit
2663 2886 2761 2941 Est
2785 2897 2839 2942 et
2864 2888 2979 2943 Non
3017 2889 3071 2943 in
3102 2891 3225 2945 illis.
3253 2891 3364 2946 [loc

1783 2983 1883 3037 est,
1912 2990 2020 3029 non
2040 2976 2359 3047 quandoque
2386 2993 2536 3045 vera,
2566 2994 2685 3049 qua:
2710 2980 2841 3045 dixi,
2870 2982 3189 3052 quandoque
3231 2984 3359 3039 falsa

1783 3066 2014 3130 fuerunt,
2047 3079 2105 3121 ut
2129 3082 2281 3123 meus
2306 3068 2371 3123 ad
2405 3083 2503 3123 vos
2528 3084 2776 3126 accessus
2798 3111 2813 3138 ,
2847 3071 2941 3126 sed
2981 3089 3192 3144 semper
3208 3090 3359 3131 vera.

1783 3158 1862 3213 Ac
1887 3159 2117 3227 primum
2146 3160 2360 3229 quidem
2388 3175 2486 3230 pro
2506 3162 2627 3216 ﬁdei
2648 3162 2985 3232 dogmatibus
3010 3179 3365 3236 sermoneque

1783 3249 1852 3304 de
1876 3248 2091 3304 Christo
2131 3250 2407 3305 contendit
2435 3251 2622 3308 dicens
2655 3269 2667 3306 :
2702 3252 2886 3308 Sermo
2915 3271 3052 3310 meus
3078 3265 3133 3311 et
3168 3258 3361 3326 ιιι-ω(ιί-

1783 3340 1922 3395 eutio
1962 3356 2080 3396 mea
2118 3358 2221 3397 non
2264 3344 2358 3413 fuit
2398 3342 2489 3397 Est
2521 3354 2567 3399 et
2606 3343 2729 3399 Non
2757 3356 2777 3401 :
2803 3346 2997 3402 deinde
3044 3364 3141 3417 pro
3197 3350 3364 3419 ipsius

1784 3431 2257 3502 pollicitationibus
2286 3444 2483 3504 pugnat
2509 3450 2526 3493 :
2552 3436 2805 3505 Quotquot
2835 3440 2987 3505 enim,
3021 3439 3210 3509 inquit,
3238 3457 3364 3510 pro-

1786 3525 2050 3579 missiones
2076 3523 2174 3579 Dei
2201 3536 2339 3592 sunt,
2369 3527 2423 3580 in
2444 3526 2545 3580 illo
2562 3526 2673 3581 Est.
2703 3527 2857 3595 Quod
2882 3530 2927 3583 si
2955 3530 3106 3584 ﬁrma
3130 3546 3193 3586 ae
3216 3542 3363 3586 certa

1785 3627 1910 3671 sunt
1934 3633 2054 3687 qua:
2083 3619 2354 3687 promisit,
2393 3634 2494 3676 nec
2517 3620 2739 3677 dubium
2774 3632 2859 3677 est
2885 3624 3011 3693 quin
3043 3640 3104 3679 ea
3142 3626 3365 3681 daturus

1786 3711 1876 3777 sit,
1910 3710 2076 3765 multo
2096 3712 2286 3782 utique
2312 3712 2483 3782 magis
2509 3715 2643 3783 ipse,
2673 3726 2737 3767 ac
2764 3728 2944 3768 sermo
2965 3716 3052 3784 qui
3083 3715 3151 3769 de
3176 3732 3240 3770 eo
3267 3717 3364 3769 ha-

1787 3802 1962 3868 betur,
1994 3800 2179 3856 ﬁrmus
2217 3817 2281 3858 ac
2310 3810 2489 3858 certus
2512 3811 2595 3858 est
2625 3818 2641 3867 ;
2684 3819 2858 3874 neque
2887 3806 3028 3860 istud
3056 3807 3160 3861 diei
3192 3816 3368 3877 potest

1787 3894 1926 3964 quod
1955 3909 2095 3949 nunc
2123 3894 2336 3966 quidem
2360 3896 2453 3961 sit,
2486 3913 2627 3953 nunc
2650 3908 2829 3953 autem
2860 3894 2967 3954 non
2994 3902 3082 3967 sit,
3110 3903 3204 3957 sed
3227 3917 3367 3957 sem-

1790 4002 1883 4056 per
1903 3996 2004 4053 est,
2034 3997 2194 4058 atque
2221 3989 2362 4044 idem
2394 3999 2495 4045 est.

1859 4078 2121 4133 Promissa
2169 4079 2260 4133 Dei
2292 4097 2441 4151 quam
2480 4084 2648 4151 firma.
2673 4083 2899 4152 -—Quid
2930 4093 3012 4139 est
3052 4095 3226 4140 autem
3252 4128 3267 4150 ,
3302 4085 3368 4140 In

1789 4171 1879 4226 illo
1908 4171 2033 4236 Est,
2062 4183 2110 4227 et
2140 4174 2294 4227 Amen
2317 4175 2343 4227 ?
2370 4175 2462 4229 His
2490 4176 2669 4230 verbis
2712 4176 2763 4229 id
2794 4177 2934 4246 qttnd
2970 4179 3187 4232 omnino
3229 4177 3373 4232 futu-

1792 4279 1908 4318 rum
1939 4273 2021 4319 est
2050 4265 2330 4336 signiﬁcat.
2364 4266 2753 4321 Promissiones
2782 4268 2925 4323 enim
2958 4269 3147 4338 inipso
3168 4284 3230 4324 ac
3261 4287 3365 4323 noti

1793 4355 1844 4409 in
1872 4355 2108 4422 homine,
2134 4356 2233 4411 hoc
2263 4357 2492 4421 habent,
2523 4367 2580 4411 ut
2604 4360 2914 4429 contingant
2942 4368 2997 4413 et
3026 4359 3363 4429 expleantur.

1791 4448 1967 4516 Quare
1996 4447 2126 4500 nihil
2154 4455 2238 4501 est
2274 4447 2415 4517 quod
2444 4455 2688 4502 metuas:
2718 4463 2824 4502 non
2860 4449 3001 4504 enim
3043 4448 3203 4502 homo
3244 4458 3323 4502 est
3351 4489 3366 4508 .

1794 4550 1851 4593 ut
1876 4545 2180 4610 suspectum
2204 4554 2332 4595 eum
2362 4539 2560 4594 habere
2597 4540 2768 4609 possis
2790 4581 2804 4606 ,
2845 4540 2940 4595 sed
2974 4540 3113 4594 Deus
3141 4582 3156 4605 ,
3198 4541 3290 4608 qui
3317 4548 3371 4593 et

1794 4634 1928 4687 dixit
1947 4642 2001 4687 et
2025 4633 2226 4701 explet.
2258 4633 2363 4686 Deo
2394 4635 2462 4686 ad
2489 4633 2704 4705 gloriam
2732 4649 2821 4703 per
2847 4650 2959 4687 nos.
2988 4631 3124 4700 Quid
3155 4641 3258 4698 est,
3291 4634 3370 4685 Ad

1794 4726 2011 4799 gloriam
2056 4742 2145 4796 per
2188 4728 2327 4780 nos?
2356 4727 2459 4782 Eas
2489 4742 2585 4797 per
2621 4742 2719 4782 nos
2751 4729 2963 4797 explet;
2993 4727 3097 4781 hoe
3129 4737 3209 4781 eSt
3233 4768 3247 4791 ,
3278 4742 3371 4796 per

1794 4819 1986 4873 collata
2016 4819 2066 4873 in
2099 4832 2199 4872 nos
2234 4818 2488 4875 beneﬁcia
2535 4819 2599 4875 ad
2644 4820 2864 4890 gloriam
2898 4821 2988 4874 Dei
3020 4837 3033 4872 :
3084 4818 3184 4875 hoc
3226 4821 3368 4874 enim

1795 4919 1875 4964 est
1895 4952 1910 4977 ,
1942 4910 2051 4965 Deo
2075 4910 2141 4964 ad
2171 4912 2404 4982 gloriam.
2434 4912 2490 4966 Si
2518 4920 2692 4966 autem
2729 4912 2796 4965 ad
2822 4911 2921 4967 Dei
2951 4912 3172 4982 gloriam
3199 4954 3215 4977 ,
3245 4913 3369 4982 quin

1797 5005 1890 5057 ﬁat
1919 5020 2023 5058 non
2050 5014 2132 5059 eet
2160 5003 2542 5070 dubitandum,
2577 5013 2686 5057 tum
2715 5006 2835 5072 quia
2856 5045 2870 5067 ,
2903 5005 3113 5057 etiamsi
3143 5004 3372 5058 salutem

1799 5107 2032 5149 nostram
2054 5096 2381 5164 contemptui
2402 5094 2643 5160 haberet,
2665 5110 2768 5148 non
2789 5104 2962 5150 tamen
2978 5095 3200 5166 gloriam
3222 5109 3373 5149 suam

1797 5197 2199 5256 contempturus
2220 5197 2303 5241 est
2324 5202 2339 5251 ;
2365 5194 2474 5241 tum
2498 5186 2618 5256 quia
2643 5186 2962 5256 singularem
2982 5201 3103 5257 ergo
3128 5185 3373 5241 homines

1800 5280 2222 5334 benevolentiam
2254 5280 2409 5349 gerit.
2455 5279 2606 5333 Adde
2657 5278 2798 5349 quod
2847 5286 3029 5333 nostra
3077 5279 3223 5333 salus
3252 5296 3372 5334 cum

1797 5371 1963 5438 gloria
1991 5385 2076 5435 ea,
2104 5384 2222 5439 qua:
2254 5369 2377 5423 hine
2423 5368 2489 5422 ad
2532 5370 2702 5438 ipsum
2744 5369 2884 5423 redit
2907 5411 2923 5436 ,
2954 5370 3237 5438 conjuncta
3268 5383 3369 5425 est.

1798 5462 1914 5527 Quo
1944 5460 2036 5525 ﬁt,
2068 5471 2125 5514 ut
2153 5475 2274 5514 cum
2306 5462 2687 5530 promissioncs
2717 5460 2783 5514 ad
2811 5461 2975 5529 ipsius
3001 5463 3219 5532 gloriam
3254 5478 3374 5530 per-

1803 5555 2003 5607 tineant
2023 5594 2037 5618 ,
2070 5553 2291 5607 dubium
2320 5569 2441 5608 esse
2472 5568 2577 5607 non
2606 5555 2810 5625 possit,
2838 5554 2963 5623 quitt
2992 5555 3136 5609 salus
3159 5570 3370 5622 quoque

1803 5654 1981 5699 nostra
2009 5655 2383 5715 consequatur.
2411 5645 2560 5713 Quod
2582 5646 2741 5700 etiam
2770 5646 2821 5699 itt
2851 5646 3082 5715 Epistula
3105 5645 3168 5697 ad
3194 5644 3374 5712 Ephe-

1802 5738 2126 5794 sioscrebro
2152 5738 2378 5793 inculcat
2406 5738 2589 5794 dicens
2621 5756 2636 5792 :
2669 5740 2735 5791 In
2777 5739 3153 5801 acquisitionem
3194 5736 3372 5804 gloria:

1807 5834 1964 5905 ipsius
1994 5832 2205 5905 (Ep/tes.
2242 5833 2288 5887 l.
2326 5833 2431 5902 H).
2466 5834 2635 5903 Atque
2680 5831 2873 5901 ubique
2919 5831 3055 5885 istud
3103 5830 3281 5899 ponit.
3315 5841 3377 5885 ut
