3712 6212
441 336 541 394 611

439 445 687 505 ostendat
724 444 779 501 id
816 441 1121 499 necessario
1144 446 1456 495 eventurum
1483 453 1497 489 :
1528 434 1669 506 quod
1698 434 1860 490 etiam
1902 432 2005 489 hoc

444 542 565 597 loco
588 539 694 606 ait,
728 549 920 606 nempe
952 533 1092 605 quod
1144 530 1311 601 ipsius
1354 525 1764 601 pollicitationes
1787 524 2005 579 minime

444 633 649 688 tollant.
698 629 880 700 Neque
920 626 1061 683 enim
1101 623 1255 679 nobis
1295 621 1568 677 dumtaxat
1609 618 1865 683 salutem,
1911 612 2007 669 sed

446 723 550 793 ipsi
574 737 785 794 quoque
807 718 1029 790 gloriam
1066 714 1313 771 afferunt.
1359 712 1436 768 Ne
1477 723 1608 781 ergo
1654 708 1783 763 illud
1832 717 2007 793 tecum

446 824 683 885 reputes,
711 811 851 883 quod
876 825 972 881 per
998 822 1096 864 nos
1135 806 1236 862 ista
1282 807 1542 877 promissa
1583 804 1689 858 sint
1708 841 1724 867 ,
1752 816 1851 856 nec
1889 814 2011 869 pro.

450 917 630 975 pterea
656 904 724 961 de
757 904 823 961 iis
850 901 1060 959 dubites
1089 916 1104 954 :
1136 913 1309 969 neque
1333 897 1474 953 enim
1504 912 1599 966 per
1626 909 1723 959 nos
1744 936 1758 958 ,
1788 891 1884 947 sed
1915 907 2012 961 per

447 1014 570 1054 eum
610 996 925 1067 explentur;
955 1002 1012 1051 et
1052 991 1432 1064 promissiones
1478 1003 1573 1057 per
1614 988 1786 1057 ipsum
1835 991 2005 1046 sunt;

452 1104 557 1143 non
581 1086 725 1143 enim
752 1092 935 1140 nostra
959 1122 978 1149 ,
1022 1082 1115 1137 sed
1149 1096 1266 1153 quae
1290 1080 1383 1135 Dei
1414 1087 1555 1141 sunt,
1585 1075 1737 1131 vobis
1759 1074 2009 1128 diximus.

450 1177 544 1234 21.
577 1178 678 1245 Qui
713 1186 881 1231 autem
908 1175 1173 1244 conﬁrmat
1211 1188 1301 1225 nos
1326 1170 1575 1224 uobiscum
1605 1169 1656 1220 in
1684 1165 1883 1220 Christo
1909 1205 1926 1227 ,
1965 1174 2014 1218 et

450 1271 537 1341 qui
560 1270 702 1323 unxit
738 1284 851 1331 nos.
884 1265 1057 1330 Deus;
1079 1263 1169 1320 ἥ.
1211 1263 1298 1333 qui
1333 1270 1380 1315 ct
1405 1260 1619 1331 signauit
1644 1274 1730 1312 vos
1749 1298 1765 1322 ,
1803 1265 1851 1309 et
1879 1254 2017 1307 dedit

453 1362 636 1431 pignus
705 1357 931 1428 Spiritus
999 1357 1053 1409 in
1108 1351 1341 1409 cordibus
1394 1348 1599 1405 nostris.
1650 1348 1877 1403 Rursum
1920 1359 2016 1414 per

455 1449 720 1521 praeterita
750 1447 907 1503 fidem
956 1445 1144 1499 futuris
1180 1442 1449 1497 conciliat.
1494 1438 1627 1495 Nam
1667 1439 1714 1493 si
1750 1438 1863 1507 ipse
1892 1443 2013 1499 est,

452 1543 543 1613 qui
571 1556 668 1597 nos
694 1540 745 1595 in
775 1538 985 1594 Christo
1011 1535 1293 1591 conﬁrmat
1313 1572 1329 1597 ,
1359 1531 1462 1586 hoc
1481 1541 1585 1594 est,
1614 1530 1703 1599 qui
1732 1543 1829 1581 nos
1856 1541 1883 1579 a
1915 1525 2019 1579 fide

454 1647 574 1702 qua:
619 1632 671 1685 in
696 1629 964 1685 Christum
991 1633 1073 1682 est
1100 1622 1361 1679 dimoveri
1390 1636 1499 1677 non
1524 1621 1690 1683 sinit;
1720 1626 1877 1687 atque
1905 1615 2019 1684 ipse

455 1723 614 1777 etiam
645 1730 765 1786 est,
796 1719 889 1790 qui
932 1732 1031 1773 nos
1055 1716 1246 1784 unxit,
1278 1712 1642 1785 Spiritumqne
1680 1710 1732 1763 in
1770 1705 2020 1764 cordibus

456 1815 651 1869 nostris
685 1811 832 1868 dedit
859 1829 872 1865 :
899 1809 1169 1883 quomodo
1206 1822 1312 1862 non
1356 1805 1528 1860 futura
1556 1815 1765 1872 quoque
1802 1800 2021 1854 daturus

455 1904 580 1961 est?
604 1903 734 1961 Nam
760 1918 882 1958 cum
912 1900 1171 1971 principia
1212 1908 1268 1954 et
1310 1895 1587 1952 materiam
1622 1908 1685 1947 ac
1708 1891 1941 1946 radicem
1967 1897 2023 1943 et

458 1998 678 2060 fontem,
702 1995 805 2050 huc
832 2002 935 2058 est,
966 2007 1147 2047 veram
1177 1990 1342 2060 ipsius
1367 1987 1723 2058 cognitionem
1763 1997 1828 2037 ac
1849 1980 2021 2051 Spiri-

460 2100 547 2145 tus
570 2085 1033 2159 participationem
1062 2082 1281 2152 largitus
1304 2080 1376 2135 sit
1406 2096 1420 2134 :
1450 2078 1538 2148 qui
1578 2076 1691 2132 ﬁeri
1721 2081 1934 2145 potest,
1965 2079 2025 2126 ut

463 2196 570 2236 non
608 2194 674 2235 ea
700 2179 860 2233 etiam
894 2177 1151 2247 largiatur
1172 2216 1186 2237 ,
1227 2188 1347 2245 quae
1367 2186 1434 2228 ex
1464 2171 1548 2226 his
1574 2167 1861 2225 oriuntur?
1890 2166 2021 2220 Nam

462 2286 585 2326 cum
614 2270 701 2330 illa
728 2268 914 2324 horum
934 2282 1093 2323 causa
1118 2266 1383 2322 donentur
1405 2303 1422 2330 ,
1454 2263 1621 2318 multo
1648 2260 1816 2330 magis
1844 2258 1906 2323 is,
1934 2257 2023 2329 qui

464 2361 580 2416 hac
606 2358 774 2425 dedit,
811 2359 898 2414 illa
925 2372 1137 2428 quoque
1164 2354 1422 2427 prmbebit
1450 2370 1463 2408 :
1492 2361 1689 2408 etcum
1720 2352 1834 2405 haec
1853 2349 2026 2404 adhuc

465 2449 707 2505 hostibus
723 2448 952 2512 dederit.
975 2448 1140 2503 multo
1167 2447 1334 2517 magis
1358 2445 1447 2500 illa
1473 2444 1659 2499 amicis
1686 2442 1925 2498 donabit.
1949 2443 2026 2496 Ac

464 2543 690 2614 proinde
732 2557 801 2597 ne
834 2540 1088 2611 Spiritum
1123 2540 1338 2612 quidem
1385 2538 1701 2607 simpliciter
1728 2537 1901 2601 dixit,
1932 2534 2026 2591 sed

465 2634 655 2705 pignus
684 2631 996 2697 nominavit,
1026 2641 1083 2686 ut
1112 2646 1208 2701 per
1228 2630 1329 2685 hoc
1356 2629 1424 2684 de
1449 2637 1560 2684 toto
1585 2628 1828 2683 ﬁduciam
1849 2627 2030 2683 conci-

466 2725 603 2795 pias.
632 2723 813 2794 Neqne
832 2723 973 2777 enim
1002 2723 1050 2779 si
1077 2731 1244 2777 totum
1273 2722 1492 2776 daturus
1516 2735 1620 2774 non
1646 2728 1808 2786 esset,
1838 2718 2028 2790 pignus
2064 2782 2065 2785 η

468 2814 726 2885 priebcre,
756 2828 818 2868 ac
839 2813 1029 2868 frustra
1056 2821 1110 2868 et
1133 2820 1332 2868 temere
1358 2809 1581 2881 perdere
1606 2809 1659 2864 in
1680 2810 1913 2863 animum
1942 2809 2027 2862 iu-

464 2908 722 2967 duxisset.
764 2907 841 2961 Ac
869 2905 1027 2970 vide,
1067 2918 1267 2974 quaeso,
1311 2902 1459 2959 Pauli
1509 2901 1845 2972 probitatem.
1889 2898 2027 2967 Quid

466 2999 630 3061 enim,
662 2997 850 3067 inquit.
878 2996 1056 3051 dicere
1073 2994 1283 3058 attinet,
1314 2993 1725 3061 promissionum
1749 2992 2027 3047 veritatem

467 3090 520 3147 in
547 3088 699 3143 nobis
740 3087 959 3149 minime
992 3086 1147 3142 sitam
1173 3083 1337 3141 esse?
1366 3086 1475 3141 imo
1498 3082 1601 3140 hoc
1628 3085 1800 3154 ipsum
1826 3125 1842 3150 ,
1887 3082 2029 3154 quod

468 3198 562 3238 vos
592 3182 727 3242 firmi
753 3190 916 3251 atque
944 3179 1245 3235 immobiles
1282 3178 1436 3234 statis
1459 3217 1477 3243 ,
1506 3192 1614 3233 non
1643 3178 1697 3233 in
1725 3175 1880 3232 nobis
1901 3186 1984 3232 est
2008 3218 2026 3244 ,

467 3273 562 3331 scd
590 3274 678 3329 Dei
718 3271 1032 3333 beneficium
1059 3278 1142 3327 est
1170 3286 1185 3326 :
1217 3269 1318 3337 Qui
1346 3269 1489 3325 enim
1514 3268 1778 3338 conﬁrmat
1806 3284 1921 3333 vos,
1950 3267 2032 3323 in-

467 3366 605 3435 quit.
634 3364 770 3424 Deus
792 3373 884 3421 cst.
913 3361 1030 3419 Non
1068 3376 1194 3433 ergo
1227 3375 1327 3417 nos
1366 3375 1552 3416 sumus
1574 3400 1590 3426 ,
1615 3360 1707 3431 qui
1736 3374 1831 3415 vos
1871 3359 2029 3415 fulci-

471 3471 590 3516 nius
616 3474 630 3511 :
664 3470 785 3511 nam
813 3454 911 3525 ipsi
936 3468 1150 3525 quoque
1182 3452 1547 3509 conﬁrmantis
1565 3466 1668 3523 ope
1711 3451 2027 3529 indigemus.

468 3545 727 3614 Quocirca
765 3560 872 3598 non
896 3555 1013 3611 est,
1038 3543 1179 3614 quod
1205 3543 1484 3613 quisquam
1515 3542 1945 3613 praedicationem
1975 3543 2029 3597 in

471 3637 624 3695 nobis
650 3636 934 3707 periclitari
963 3635 1232 3692 existimet
1259 3651 1275 3689 :
1306 3635 1421 3706 ipse
1449 3644 1619 3692 totum
1648 3634 1751 3692 hoc
1778 3636 1832 3690 in
1867 3650 1927 3691 se
1948 3650 2033 3691 re-

469 3726 635 3797 cepit,
659 3726 756 3798 ipsi
786 3726 947 3781 totius
976 3726 1171 3797 negotii
1202 3740 1328 3781 cura
1355 3733 1458 3782 est.

542 3821 597 3877 5.
635 3818 772 3886 Quid
798 3827 974 3877 autem
998 3828 1100 3883 est,
1133 3818 1233 3886 Qui
1261 3818 1403 3873 unxit
1428 3828 1475 3873 et
1500 3818 1759 3889 signavit!
1786 3817 1899 3874 Hoc
1925 3826 2030 3882 est,

471 3912 561 3979 qui
588 3910 840 3980 Spiritum
868 3909 1035 3976 dedit,
1064 3924 1159 3979 per
1183 3923 1342 3980 quem
1371 3919 1654 3978 utrumque
1683 3908 1871 3964 horum
1899 3907 2033 3963 eﬁ‘e-

471 4004 566 4069 cit,
597 4000 847 4058 nimirum
877 4000 1033 4056 simul
1060 4009 1115 4057 et
1141 3998 1430 4070 prophetas
1452 4010 1502 4055 et
1531 3999 1836 4054 sacerdotes
1863 4009 1917 4053 et
1945 4014 2033 4055 re-

471 4108 566 4164 gos
592 4091 874 4150 efﬁciens:
903 4089 1167 4163 siquidem
1213 4091 1327 4146 lure
1364 4090 1637 4150 hominum
1665 4105 1860 4160 genera
1903 4089 2031 4146 olim

473 4183 824 4254 ungebantur.
864 4182 934 4237 At
962 4198 1057 4238 nos
1083 4196 1188 4240 nou
1216 4196 1373 4235 unam
1397 4221 1413 4247 ,
1453 4180 1547 4235 sed
1578 4190 1687 4236 tres
1715 4180 1842 4235 istas
1861 4180 2033 4252 digni-

474 4288 612 4341 tates
659 4274 1027 4350 prtestantiore
1068 4274 1375 4331 conditione
1417 4273 1719 4329 obtinemus
1761 4291 1774 4327 :
1820 4289 1940 4327 nam
1979 4283 2034 4329 et

471 4384 639 4443 regno
665 4368 880 4439 potituri
914 4382 1121 4433 sumus,
1151 4374 1226 4432 et,
1256 4381 1378 4422 cum
1408 4366 1636 4420 victimae
1663 4365 1780 4420 loco
1807 4380 2033 4436 corpora

471 4472 654 4517 nostra
668 4459 959 4525 offerimus,
977 4458 1284 4515 sacerdotes
1304 4456 1585 4522 efﬁcimur;
1606 4454 1850 4519 Exhibcte
1865 4458 2028 4524 enim,

470 4552 661 4623 inquit,
691 4551 912 4607 membra
961 4559 1125 4605 ucstra
1172 4550 1389 4604 hostium
1429 4548 1672 4603 viventem
1696 4588 1713 4613 ,
1758 4549 2034 4618 placentem

470 4644 577 4699 Deo
598 4642 773 4713 (Rom.
800 4642 887 4698 12.
912 4641 970 4713 1)
989 4658 1006 4704 ;
1034 4649 1194 4711 atque
1216 4641 1435 4710 insuper
1457 4640 1731 4712 propheta:
1753 4639 2034 4695 constitui-

470 4750 609 4790 Inur.
636 4733 762 4801 Qua:
786 4733 920 4787 enim
945 4731 1123 4786 oculus
1151 4746 1257 4785 non
1281 4730 1426 4793 cidit,
1454 4745 1545 4783 nec
1568 4729 1708 4784 auris
1730 4730 1947 4796 audivit,
1974 4746 2036 4785 ea

470 4826 612 4879 nobis
641 4824 894 4895 patefacta
920 4833 1038 4878 sunt
1065 4821 1141 4893 (1.
1170 4819 1290 4879 Cor.
1323 4820 1383 4881 2.
1408 4820 1491 4891 9).
1521 4821 1849 4892 Quamquam
1874 4822 2032 4877 etiam

469 4919 572 4973 alia
593 4916 800 4973 ratione
827 4930 982 4988 reges
1006 4913 1271 4971 efﬁcimur
1288 4954 1304 4978 ,
1344 4913 1392 4968 si
1420 4913 1676 4984 improbis
1698 4914 2034 4984 cogitationi-

470 5011 573 5067 bus
597 5010 861 5081 imperare
903 5006 1249 5063 voluerimus.
1288 5003 1422 5062 Nam
1446 5005 1591 5077 quod
1615 5005 1663 5061 is
1688 5006 1779 5077 qui
1816 5004 1938 5062 talis
1964 5006 2037 5062 sit

469 5107 681 5171 regnet,
701 5108 758 5156 et
778 5098 989 5171 quidem
1010 5099 1199 5171 magis,
1221 5113 1378 5170 quam
1402 5098 1493 5169 qui
1512 5096 1813 5155 diademate
1830 5098 2036 5155 cinctus

471 5202 576 5259 est,
604 5191 803 5263 liquido
817 5192 926 5263 jam
951 5190 1104 5246 vobis
1123 5191 1525 5258 demonstrabo.
1552 5190 1747 5249 Multos
1772 5190 1858 5247 ille
1882 5206 2033 5245 exer-

469 5286 606 5339 citus
631 5283 827 5349 habet;
861 5292 917 5338 at
965 5296 1064 5337 nos
1088 5296 1299 5353 quoque
1326 5282 1508 5352 plures
1545 5281 1655 5337 illis
1679 5283 2034 5353 cogitationes

468 5376 765 5431 habemus:
793 5388 965 5445 neque
991 5373 1133 5428 enim
1164 5372 1365 5427 inﬁnita
1393 5373 1792 5442 c0gitationum,
1823 5389 1942 5444 quae
1978 5374 2059 5428 in»

470 5469 627 5524 nobis
667 5475 831 5532 sunt,
871 5464 1155 5521 multitudo
1191 5465 1493 5522 enumerari
1534 5474 1729 5535 potest.
1768 5464 1879 5525 Nec
1907 5480 2034 5521 vero

470 5557 863 5615 multitudinem
889 5556 1170 5612 dumtaxat
1194 5556 1386 5611 intueri
1416 5555 1559 5620 licet,
1588 5554 1684 5610 sed
1710 5554 1870 5609 etiam
1896 5555 2034 5609 mul-

466 5671 552 5714 tos
589 5658 642 5713 in
674 5659 774 5714 hac
802 5655 1182 5728 cogitationum
1211 5652 1365 5722 copia
1389 5650 1586 5715 duces,
1615 5651 1857 5709 tribunos
1878 5690 1895 5713 ,
1924 5658 2037 5705 tur-

469 5765 671 5808 tuarum
714 5748 1021 5821 prmioctos,
1062 5743 1399 5816 sagittarios,
1438 5740 1842 5803 fundibularios.
1887 5739 2033 5810 Quid

1162 325 1221 384 8.
1255 323 1529 383 JOANNIS
1561 318 2030 378 CllliYSOSTOSlI

2129 316 2383 373 RCHIEP.
2406 317 2933 376 CUNSTANTINOP.
3529 333 3603 391 il!

2106 430 2248 487 aliud
2267 439 2368 494 est,
2390 431 2533 501 quod
2556 446 2734 503 regem
2760 434 2955 489 efficiat
2973 435 2999 490 τ
3018 446 3267 495 vestesne
3285 439 3311 493 τ
3338 440 3402 495 At
3422 442 3603 517 hicqao-

2107 536 2212 591 que
2236 520 2440 575 meliori
2469 536 2532 577 ac
2559 525 2915 591 praestantiori
2945 536 3095 582 veste
3129 530 3357 585 amictus
3378 542 3468 598 est,
3489 552 3601 608 qua.

2108 624 2208 665 nec
2236 612 2373 665 tinea
2400 621 2548 667 exest
2566 652 2583 677 ,
2612 627 2711 668 nec
2736 624 2972 670 vetustas
2994 617 3228 673 conﬁcit.
3259 621 3392 688 Quin
3416 627 3605 697 multiplt.

2108 713 2226 755 cem
2251 716 2461 770 quoque
2498 717 2750 757 coronam
2779 705 2940 761 habet
2960 749 2976 774 ,
3007 724 3199 785 nempe
3224 712 3408 782 gloria:
3432 725 3479 769 et
3497 720 3607 776 inise-

2111 791 2372 845 rationum
2401 792 2492 847 Dei
2518 811 2531 847 :
2561 792 2781 849 Benedic
2809 797 2973 862 enim,
3004 799 3172 869 inquit
3191 842 3207 868 ,
3239 805 3411 856 unum
3430 808 3608 862 meaba-

2112 882 2248 936 mino
2267 923 2283 949 ,
2310 884 2395 952 qui
2423 895 2632 938 coronat
2656 895 2705 939 tc
2738 887 2793 941 in
2829 889 3175 945 misericordia
3208 904 3257 947 et

2114 972 2605 1047 (Ρεαι.102.2.4)
2639 994 2654 1031 ε
2701 988 2756 1033 et
2780 979 3000 1049 gloriae;
3038 982 3217 1038 Gloria
3249 988 3424 1053 enim,
3460 992 3606 1058 inquit,
3690 972 3691 1049 ἕ

2113 1074 2160 1118 et
2186 1065 2375 1119 honore
2399 1069 2653 1122 coronasti
2676 1085 2790 1123 eum
2821 1069 2990 1137 (Psal.
3020 1073 3074 1127 8.
3101 1074 3160 1143 6)
3185 1092 3199 1128 :
3232 1086 3289 1131 et
3316 1078 3459 1132 bona
3482 1083 3612 1135 volsa-

2115 1158 2279 1221 tatis;
2313 1156 2381 1212 Ut
2408 1170 2551 1213 scuto
2587 1161 2728 1215 enim
2750 1203 2765 1225 ,
2797 1163 3002 1233 inquit,
3047 1166 3195 1221 boum
3236 1171 3492 1227 uoluntatis
3513 1192 3609 1229 coro-

2116 1248 2247 1301 nosti
2275 1265 2367 1303 nos
2393 1250 2564 1317 (Psal.
2583 1252 2637 1307 5.
2664 1253 2752 1323 15)
2784 1264 2874 1309 :et
2898 1257 3223 1324 gratiarum;
3249 1260 3486 1315 Coronam
3500 1270 3609 1325 enin,

2118 1339 2326 1409 inquit,
2375 1343 2656 1412 gratiarum
2697 1346 2910 1416 accipies
2947 1350 3100 1418 capiti
3141 1361 3230 1405 tuo
3274 1351 3462 1420 (Prae.
3494 1360 3609 1423 Lit
3690 1364 3691 1423 ξ

2117 1428 2348 1486 Videsne
2385 1448 2543 1501 quam
2583 1436 2727 1489 varie
2770 1445 2970 1492 textum
3022 1452 3332 1512 quantoque
3376 1448 3613 1515 gratias.»

2119 1524 2390 1603 venustius
2415 1525 2485 1579 sit
2512 1525 2650 1581 istud
2670 1527 2913 1583 diadema
2935 1530 2960 1582 ἲ
2986 1530 3181 1587 Verum
3212 1534 3377 1591 altius
3400 1555 3565 1595 rursum
3581 1558 3614 1597 et

2121 1614 2418 1669 accuratius
2460 1615 2650 1671 horum
2693 1634 2874 1688 regum
2918 1630 3114 1677 statum
3157 1626 3525 1694 expendamus.
3558 1632 3613 1688 lii:

2120 1697 2464 1770 stipatoribus
2493 1706 2605 1760 suis
2628 1706 2935 1764 dominatur
2960 1719 3015 1765 et
3049 1715 3261 1768 cunctis
3292 1714 3523 1786 imperat,
3542 1738 3615 1775 ou:-

2124 1806 2324 1861 nesque
2355 1794 2451 1864 ipsi
2475 1807 2733 1864 parentet
2758 1799 3123 1871 obsequuntur
3148 1823 3162 1859 :
3196 1814 3255 1860 at
3283 1823 3383 1877 ego
3408 1809 3481 1864 hic
3502 1818 3615 1883 ntajes

2124 1884 2566 1955 praestantiusque
2592 1886 2871 1959 imperium
2904 1892 2996 1946 tibi
3018 1896 3270 1951 ostendo.
3294 1897 3421 1953 Nam
3448 1905 3616 1960 multin-

2123 1970 2193 2026 do
2212 1972 2423 2042 quidem
2454 1990 2551 2045 par
2576 1986 2658 2033 est
2675 2019 2690 2042 .
2716 1990 2807 2035 aut
2832 1982 2993 2037 etiam
3024 1986 3257 2056 amplior
3285 2006 3301 2052 ;
3333 2004 3543 2059 superest
3559 2011 3619 2050 as.

2126 2071 2236 2118 tem
2295 2074 2353 2121 ut
2391 2067 2772 2137 subjectionem
2812 2073 2983 2143 ipsam
3031 2078 3453 2138 consideremus.
3489 2089 3547 2140 Ac
3578 2105 3619 2144 se

2126 2156 2255 2211 mihi
2288 2172 2381 2213 eos
2424 2159 2477 2214 in
2518 2161 2749 2218 medium
2788 2165 3061 2234 proferas,
3108 2170 3199 2239 qui
3256 2174 3400 2241 regia
3440 2175 3621 2246 dignitate

2125 2249 2258 2319 lapsi
2296 2262 2420 2307 sunt
2440 2293 2455 2315 .
2484 2262 2642 2325 atque
2671 2257 2737 2311 ab
2771 2259 3013 2329 ipsismet
3046 2264 3370 2321 satellitibus
3391 2270 3490 2324 suis
3511 2273 3620 2326 truci-

2127 2340 2254 2396 dati.
2279 2341 2374 2409 Ne,
2404 2344 2637 2415 inquam,
2660 2362 2754 2402 eos
2775 2349 2825 2403 in
2846 2351 3077 2406 medium
3107 2354 3477 2423 producamus,
3496 2376 3621 2416 rm

2127 2449 2220 2488 eos
2244 2436 2617 2506 eonquiramus
2644 2479 2660 2504 ,
2707 2440 2796 2510 qui
2842 2443 3061 2510 pulchre
3088 2445 3141 2500 in
3172 2457 3399 2518 utraque
3426 2461 3546 2520 parte
3563 2469 3620 2507 re.

2129 2541 2288 2595 gnum
2319 2527 2777 2586 administrarunt.
2808 2534 2885 2588 Ac
2914 2542 2970 2589 tu
2997 2538 3211 2606 quidem
3239 2579 3256 2603 ,
3288 2557 3419 2610 quos
3447 2544 3624 2611 libtiait,

2132 2631 2299 2685 pone;
2335 2633 2435 2688 ego
2452 2630 2629 2676 autem
2661 2624 3011 2691 patriarcham
3039 2643 3201 2684 unum
3232 2634 3438 2687 cunctis
3456 2649 3623 2705 oppom.

2200 2709 2417 2764 Abralue
2438 2711 2565 2779 ﬁdes
2585 2722 2633 2766 ct
2657 2714 2831 2770 uirtus.
2847 2740 2917 2759 -ι
2937 2716 3068 2772 Nam
3094 2735 3215 2775 eum
3249 2723 3365 2793 ipse
3391 2724 3529 2779 filiuni
3553 2744 3628 2780 na-

2128 2810 2275 2857 ctare
2305 2802 2581 2872 jnheretur
2609 2803 2767 2876 (Gen.
2803 2807 2874 2862 22
2898 2809 2915 2873 )
2943 2849 2959 2874 ,
2988 2812 3190 2882 cogites
3240 2816 3399 2870 velim
3442 2828 3628 2887 quotum

2133 2899 2241 2946 tum
2267 2892 2522 2948 adversus
2548 2910 2669 2950 eum
2710 2899 3060 2967 cogitationes
3086 2902 3483 2961 insurrexerint.
3511 2907 3637 2961 Etu-

2131 2998 2253 3037 men
2283 2998 2469 3041 omnes
2508 2986 2734 3056 subegit,
2761 2998 2921 3059 atque
2941 3005 3128 3053 omnes
3168 3011 3298 3051 eum
3334 3000 3488 3068 magis
3520 3015 3635 3070 quas.

2131 3090 2312 3144 regem
2339 3077 2593 3132 satellites
2633 3080 3074 3149 pertimescebant
3107 3103 3121 3139 :
3154 3101 3217 3140 ac
3254 3089 3338 3142 vel
3369 3091 3477 3143 solo
3497 3092 3632 3144 obtexi

2131 3179 2317 3221 omnes
2341 3168 2746 3238 comprimebat,
2775 3172 2843 3226 ita
2869 3182 2927 3227 ut
2946 3189 3015 3229 ne
3032 3174 3241 3233 hiscere
3267 3179 3475 3249 quidem
3498 3196 3629 3235 carm

2133 3257 2238 3311 ulla
2265 3257 2518 3325 auderet;
2551 3276 2733 3316 verum
2773 3274 2979 3319 cuncta
3018 3277 3177 3337 caput
3224 3271 3630 3327 submitterent-1

2133 3349 2277 3404 velut
2304 3350 2414 3419 regi
2434 3355 2706 3419 cederent,
2736 3358 2977 3424 quamvis
3000 3358 3195 3430 alioqui
3224 3366 3492 3418 acerrim
3506 3380 3630 3418 essu

2132 3448 2290 3510 atque
2316 3441 2574 3510 imprimis
2599 3445 2827 3500 acerbae.
2853 3446 3033 3518 Neque
3054 3453 3198 3505 enim
3219 3452 3482 3509 hastarum
3505 3460 3629 3519 susp

2133 3532 2228 3587 des
2253 3540 2358 3586 tam
2387 3532 2663 3589 horrenda:
2692 3545 2836 3603 sunt,
2857 3553 2975 3592 cum
2996 3553 3027 3593 a
3052 3540 3232 3597 multis
3257 3544 3501 3598 militibus
3518 3548 3630 3599 suci-

2132 3632 2346 3693 guntur,
2364 3639 2519 3692 quam
2544 3634 2652 3679 tum
2675 3624 3029 3685 formidabiles
3046 3642 3200 3684 erant
3214 3632 3321 3688 illa:
3333 3636 3627 3704 cogitationes

2134 3715 2325 3769 Annon
2354 3716 2496 3770 enim
2525 3714 2691 3769 hastis
2719 3719 2951 3772 atrocior
2994 3730 3111 3775 erat
3136 3723 3227 3777 illa
3247 3763 3266 3785 ,
3314 3740 3464 3795 quam
3501 3732 3627 3779 nam

2133 3804 2326 3871 ciebat,
2354 3808 2746 3862 commiseratio
2761 3807 2785 3861 ἲ
2799 3812 2877 3863 Ac
2897 3810 3117 3879 proinde
3160 3814 3393 3870 animam
3412 3818 3539 3870 illam
3564 3832 3626 3869 m-

2134 3896 2234 3966 gis,
2257 3911 2413 3966 quam
2440 3910 2703 3968 praeacuta
2726 3900 2936 3969 cuspis,
2956 3903 3270 3960 exscindere
3296 3917 3547 3976 poterant.
3566 3908 3626 3959 lie

2134 3989 2277 4043 enim
2302 3989 2406 4043 ulla
2431 3989 2581 4045 hasta
2603 3999 2708 4046 tam
2734 4004 2889 4047 acuta
2918 4010 3163 4065 umquam
3191 4012 3315 4054 esse
3333 4010 3500 4068 queat,
3528 4014 3625 4069 quia

2134 4081 2510 4151 cogitationum
2533 4083 2737 4138 illarum
2753 4085 2944 4151 aculei,
2972 4087 3063 4157 qui
3089 4089 3156 4142 ab
3179 4090 3383 4146 intimis
3407 4093 3627 4146 visurum

2134 4174 2458 4230 acuebantur
2475 4190 2540 4231 ac
2564 4177 2980 4247 surrigehantur,
3009 4178 3136 4249 justi
3158 4182 3255 4235 viri
3276 4183 3497 4237 animam
3522 4191 3627 4237 trau-

2138 4266 2384 4336 figebant.
2415 4267 2545 4322 Nam
2576 4268 2661 4323 hic
2687 4278 2743 4323 et
2773 4280 3009 4340 tempore
3032 4281 3087 4325 et
3110 4274 3336 4328 consilio
3362 4285 3415 4329 et
3441 4276 3561 4345 plaga
3596 4282 3626 4323 ct

2136 4358 2323 4414 dolore
2343 4374 2477 4427 opus
2505 4370 2617 4424 est;
2647 4375 2712 4418 ac
2758 4369 2866 4415 tum
2895 4378 3039 4416 mors
3075 4366 3317 4433 sequitur
3342 4383 3357 4418 :
3390 4366 3492 4420 illic
3516 4374 3623 4417 mica

2136 4454 2268 4509 nihil
2299 4454 2486 4508 horum
2518 4455 2916 4525 requirebatur;
2963 4455 3096 4509 adeo
3134 4464 3247 4512 tum
3280 4459 3537 4517 celeriora.
3559 4468 3621 4507 ua

2135 4547 2341 4615 acriora
2372 4546 2587 4601 vulnera
2613 4555 2784 4600 erant.
2824 4544 2894 4600 Et
2922 4558 3118 4610 tamen,
3148 4563 3269 4601 cum
3299 4549 3621 4603 advers-sena

2135 4639 2482 4710 cogitationes
2526 4654 2669 4693 arma
2697 4638 3008 4701 induissent,
3042 4640 3226 4708 ingens
3258 4650 3375 4694 erat
3402 4637 3622 4705 [migdili-

2138 4740 2239 4793 tas,
2267 4743 2559 4798 omnesque
2600 4729 2894 4797 composite
2935 4729 3179 4790 stabant.
3232 4742 3480 4785 amantes
3511 4727 3622 4797 potis

2138 4822 2310 4890 ipsum
2355 4834 2512 4890 quam
2544 4830 2747 4873 terrore
2769 4817 3080 4874 allicientes.
3117 4818 3248 4873 Eum
3294 4822 3437 4873 enim
3465 4818 3618 4887 glad“

2135 4911 2512 4969 extendentem
2540 4920 2666 4967 ante
2689 4910 2873 4966 oculos
2908 4910 2999 4965 tibi
3030 4924 3189 4979 pone,
3218 4925 3280 4965 ac
3306 4926 3442 4980 quos
3463 4908 3617 4962 voluens

2137 5018 2309 5074 reges,
2339 5006 2626 5074 Augustos,
2657 5003 2914 5068 Cesares,
2959 5002 3013 5057 in
3060 5002 3289 5057 medium
3332 5002 3509 5073 proter.
3530 4998 3617 5052 sibi!

2135 5100 2277 5155 enim
2302 5096 2478 5153 simile
2500 5094 2719 5160 dixeris,
2743 5111 2842 5151 nec
2855 5095 3085 5165 speciem
3105 5095 3261 5148 ullam
3279 5094 3518 5163 ejusmodi
3534 5101 3619 5142 um-

2136 5207 2240 5261 que
2286 5188 2516 5261 amplam
2544 5197 2601 5243 et
2627 5187 2892 5258 insignem
2914 5202 2979 5243 ac
3002 5187 3148 5242 caelis
3175 5186 3387 5256 dignam
3412 5182 3617 5241 minutim

2138 5284 2358 5356 poteris.
2387 5281 2521 5337 Tum
2549 5281 2692 5336 enim
2716 5281 2797 5335 vir
2816 5280 2908 5335 ille
2929 5280 3101 5348 justus
3128 5278 3195 5335 de
3220 5278 3542 5347 potentissima
3564 5282 3615 5335 ty-

2138 5374 2357 5431 rannide
2381 5372 2703 5442 triumphum
2723 5373 2831 5441 egit
2848 5388 2861 5424 :
2881 5371 3009 5425 nihil
3033 5371 3177 5425 enim
3188 5379 3267 5424 est
3285 5370 3427 5437 quod
3437 5365 3612 5433 majora

2141 5464 2473 5538 tyrannidem
2490 5461 2702 5527 habeat,
2723 5476 2881 5531 quam
2899 5469 3105 5515 natura.
3123 5462 3291 5528 Atque
3313 5469 3373 5513 ut
3390 5463 3597 5513 sexcentos

2138 5558 2230 5629 qui
2279 5570 2468 5612 necem
2514 5553 2754 5624 tyrannis
2780 5551 3074 5615 intulerint,
3103 5549 3359 5620 proferas,
3388 5546 3612 5605 nullanu-

2138 5663 2261 5711 men
2308 5644 2567 5718 ejusmodi
2596 5643 2749 5699 nobis
2776 5641 3095 5696 ostenderis.
3129 5640 3331 5695 Etenim
3379 5638 3471 5693 lac
3493 5630 3610 5702 sibi

2140 5737 2313 5808 angeli
2364 5738 2542 5797 verius
2587 5750 2743 5804 quam
2798 5732 3027 5791 hominis
3065 5741 3184 5788 tunc
3210 5739 3343 5785 erat.
3386 5722 3608 5795 Sicqlilt‘
