3780 6326
379 289 490 344 ιιδ

375 401 610 471 ἀγγέλου
634 400 698 454 τὸ
719 401 980 470 τρόπαιον
1015 397 1104 472 ἦν,
1141 405 1242 458 οὐκ
1270 403 1556 474 ἀνθρώπου
1582 401 1722 456 τότε.
1749 401 1949 454 Σκόπει

372 499 462 552 δέ’
513 497 582 551 Ἦ
622 497 783 566 φύσις
840 496 1068 570 ἔρριπτο
1116 501 1292 569 χαμαὶ
1319 499 1460 570 μετά
1500 499 1610 552 τῶν
1636 497 1815 552 ὃπλων
1841 497 1950 550 τῶν

373 595 565 664 αὐτῆς,
605 594 742 664 μετά
775 594 869 646 τοῦ
895 596 1261 664 στρατοπέδου
1291 596 1514 660 παντὸς,
1544 596 1639 649 καὶ
1675 593 1837 657 αὐτὸς
1876 594 1952 646 ει-

375 692 566 760 στήκει
593 691 694 762 τὴν
726 694 886 761 χεῖρα
922 691 1226 756 ἀνατείνας,
1257 693 1378 763 οὐχῖ⁹
1406 693 1669 761 στέφανον
1697 691 1946 762 ἔχουσαν,

373 786 512 840 ἀλλά
555 788 831 857 μάχαιραν
861 788 1128 856 στεφάνου
1165 788 1370 852 παντὸς
1415 787 1825 860 λαμπροτέραν,
1856 787 1950 841 καὶ

375 887 405 938 6
430 883 540 939 τῶν
578 883 826 953 ἀγγέλων
849 887 1138 957 ἐπεκρότει
1164 888 1356 957 δῆμος,
1404 888 1499 941 καὶ
1527 889 1558 941 6
1594 887 1726 951 Θεὸς
1751 889 1816 940 ὲκ
1842 886 1950 941 τῶν

373 981 622 1052 οὐρανῶν
649 983 1034 1052 ἀνεκήρυττεν.
1060 983 1278 1054 Ἐπειδὴ
1306 983 1416 1056 γὰρ
1452 985 1511 1038 ὲν
1541 985 1791 1055 οὐρανοῖς
1818 985 1949 1037 ἐπο-

375 1064 632 1128 λιτεύετο,
669 1065 878 1118 ἐκεῖθεν
919 1067 1136 1136 ἐδέχετο
1184 1067 1369 1121 καὶτὸ
1403 1069 1688 1139 κήρυγμα.
1729 1068 1795 1121 Τί
1823 1068 1950 1121 τού-

373 1177 468 1214 του
491 1158 902 1232 λαμπρότερον;
935 1162 1136 1232 μᾶλλον
1161 1163 1218 1217 δὲ
1238 1164 1290 1217 τί
1311 1164 1501 1217 τούτου
1533 1164 1726 1232 γένοιτ’
1750 1164 1816 1218 ἂν
1837 1167 1951 1218 ἴσον

372 1253 470 1307 τοῦ
529 1257 828 1326 τροπαίους
884 1259 948 1312 Εἰ
1003 1260 1134 1331 γὰρ,
1179 1259 1413 1332 ἀθλητοῦ
1470 1261 1814 1332 νικήσαντος,
1875 1260 1950 1332 μὴ

375 1350 555 1423 κῆρυξ
581 1353 844 1416 κάτωθεν,
878 1354 994 1407 ἀλλ’
1027 1355 1233 1410 ἀνωθεν
1261 1356 1425 1420 αὐτὸς
1452 1360 1482 1410 6
1517 1357 1774 1427 βασιλεὺς
1819 1358 1951 1412 ἀνα-

379 1449 510 1512 στὰς
552 1449 891 1519 ἀνηγόρευσε
940 1452 1030 1505 τὸν
1061 1452 1508 1524 Ὀλυμπιονίκην,
1534 1449 1624 1524 ἄρ’
1651 1453 1772 1523 οὐχὶ
1794 1453 1952 1507 τοῦτο

377 1543 488 1597 τῶν
516 1546 797 1614 στεφάνων
835 1545 984 1617 αὐτῷ
1032 1547 1411 1620 λαμπρότερον
1453 1548 1633 1614 ἔδοξεν
1663 1546 1824 1614 εἶναι,
1860 1552 1954 1606 καὶ

377 1640 439 1692 τὸ
479 1638 704 1711 θέατρον
738 1640 885 1696 ἅπαν
925 1643 1262 1714 ἐπέστρεψεν
1292 1645 1388 1709 ἀν;
1421 1646 1589 1699 Ὅταν
1612 1642 1707 1699 οὖν
1746 1646 1823 1718 μὴ
1854 1649 1952 1702 ἄν·

288 1727 289 1730 “
379 1737 595 1807 θρωπος
620 1737 892 1808 βασιλεὺς,
931 1740 1046 1794 ἀλλ’
1077 1741 1240 1805 αὐτὸς
1268 1744 1297 1795 6
1323 1742 1477 1808 Θεὸς,
1507 1743 1609 1796 οὐκ
1651 1746 1710 1796 ὲν
1740 1741 1952 1815 θεάτρῳ

377 1832 572 1904 τούτῳ,
630 1836 746 1889 ἀλλ’
795 1838 853 1889 ἐν
902 1837 1118 1910 θεάτρῳ
1148 1839 1228 1908 τῷ
1274 1839 1378 1909 τῆς
1405 1839 1752 1911 οἰκουμένης,
1792 1838 1851 1894 ὲν
1873 1841 1953 1913 τῷ

377 1931 532 2002 δήμῳ
557 1932 662 1985 τῶν
697 1934 967 2002 ἀγγέλων,
991 1935 1101 1988 τῶν
1137 1937 1516 2005 ἀρχαγγέλων,
1556 1938 1720 1992 αὐτὸν
1750 1940 1954 2012 ἀνακηο

381 2028 551 2102 ρύττῃ
572 2028 803 2102 λαμπρᾷ.
831 2033 896 2102 τῇ
943 2034 1094 2103 φωνῇ
1143 2031 1280 2102 βοῶν
1310 2033 1535 2098 ἀνωθεν,
1571 2034 1674 2088 ποῦ
1714 2034 1952 2108 θήσομεν

376 2125 469 2177 τὶν
495 2124 650 2195 ἀγιον
672 2126 880 2191 τοῦτον,
915 2127 1038 2182 είπέ
1071 2145 1197 2198 μοις
1238 2129 1301 2182 Εἰ
1349 2128 1406 2181 δὲ
1447 2129 1611 2195 δοκεῖ,
1660 2133 1754 2186 καὶ
1782 2133 1954 2204 αὐτῆς

377 2219 702 2292 ἀκούσωμεν
747 2225 849 2294 τῆς
900 2226 1107 2295 φωνῆς.
1136 2227 1231 2290 Τίς
1253 2223 1347 2282 οὖν
1377 2228 1410 2299 ή
1452 2229 1641 2301 φωνής
1675 2229 1952 2298 Ἀϐραὰμ,

391 2317 658 2387 Ἀϐραὰμ,
697 2320 778 2389 μὴ
816 2321 1150 2391 ὲπενέγκῃς
1181 2323 1299 2392 τὴν
1321 2323 1492 2394 χεῖρά
1520 2341 1637 2380 σου
1671 2325 1824 2398 [450]
1855 2326 1954 2380 ἐπὶ

391 2411 611 2479 Ἰσαὰκ,
663 2415 820 2484 μηδὲ
865 2401 1130 2488 ποιήσῃς
1173 2419 1333 2486 αὐτῷ
1383 2420 1598 2492 μηδέν.
1647 2423 1778 2477 Νῦν
1843 2426 1955 2492 γὰρ

378 2511 593 2578 ἔγνων,
625 2512 713 2566 ὅτι
753 2516 910 2584 φοϐῇ
960 2517 1042 2569 σὺ
1093 2516 1201 2571 τὸν
1237 2518 1406 2583 Θεὸν,
1436 2519 1535 2576 καὶ
1577 2521 1690 2576 οὐκ
1733 2520 1956 2588 ἐφείσω

380 2605 489 2659 τοῦ
512 2608 646 2663 υἱοῦ
674 2623 791 2665 σου
827 2612 935 2666 τοῦ
981 2614 1293 2682 ἀγαπητοῦ
1325 2615 1399 2668 δι’
1424 2614 1547 2684 ἐμέ.
1582 2614 1648 2667 Τί
1691 2615 1881 2681 τοῦτο;
1927 2599 1962 2670 6

382 2703 562 2759 πάντα
585 2705 692 2775 πρὸ
721 2708 992 2775 γενέσεως
1023 2710 1205 2763 αὐτῶν
1250 2709 1427 2774 εἰδὼς,
1460 2711 1556 2764 νῦν
1586 2711 1762 2781 ἔγνω;
1818 2712 1957 2766 Καί-

381 2817 464 2854 τοι
495 2817 561 2870 γε
593 2809 687 2855 καὶ
735 2803 1012 2876 ἀνθρώπῳ
1048 2805 1184 2876 δήλη
1214 2802 1283 2877 ἦν
1331 2809 1365 2879 ή
1401 2809 1659 2863 εὐλάϐεια
1696 2811 1952 2883 τάνδρός·

381 2897 621 2953 τοσαῦτα
650 2891 958 2983 παρέσχετο
1002 2903 1271 2973 δείγματα
1298 2905 1400 2975 τῆς
1425 2907 1554 2978 περὶ¹
1577 2907 1670 2961 τὸν
1699 2909 1834 2963 Θεὸν
1863 2909 1957 2962 εὐ-

381 2995 555 3064 νοίας,
581 2997 669 3050 ὅτε
720 2994 873 3052 εἶπεν
907 2990 1080 3071 αὐτῷ·
1109 3000 1356 3078 Ἔξελθε
1393 3003 1462 3056 ἐκ
1511 3003 1622 3072 τῆς
1668 3003 1784 3075 γῆς
1815 3022 1954 3074 σου,

384 3095 485 3148 καὶ
520 3094 593 3148 ἐκ
618 3093 731 3164 τῆς
763 3100 1124 3167 συγγενείας
1151 3081 1299 3154 σουέ
1335 3102 1425 3155 ὅτε
1455 3101 1522 3155 δι’
1551 3103 1715 3156 αὐτὸν
1741 3088 1836 3158 καί
1861 3104 1959 3175 τὴν

385 3192 466 3253 εἰς
517 3191 682 3245 αὐτὸν
729 3193 916 3266 ⁶τιμὴν,
965 3175 1094 3248 τῶν
1123 3197 1408 3266 πρωτείων
1465 3200 1832 3271 παρεχώρησε
1879 3200 1958 3271 τῷ

386 3291 678 3364 ἀδελφιδῷ·
721 3295 812 3348 ὅτε
862 3296 1027 3351 αὐτὸν
1059 3297 1169 3352 τῶν
1195 3299 1468 3352 τοσούτων
1499 3299 1740 3367 ἐξείλετο
1775 3301 1960 3356 κινδύ-

384 3405 514 3441 νων’
549 3389 640 3443 ὅτε
693 3391 978 3446 ἐκέλευσεν
1025 3395 1108 3457 εἰς
1151 3395 1426 3463 Αἴγυπτον
1465 3395 1660 3463 ἐλθεῖν,
1715 3399 1812 3451 καὶ
1863 3399 1961 3470 τὴν

389 3489 625 3553 γυναῖκα
668 3489 1093 3560 ἀφαιρούμενος,
1137 3482 1238 3544 οὐκ
1270 3489 1640 3565 ἐδυσχέραινε,
1673 3497 1770 3549 καὶ⁵
1799 3497 1963 3570 ἔτερα

393 3584 636 3639 πλείονα.
661 3586 771 3640 Καὶ
801 3587 942 3656 ὅπερ
975 3585 1136 3658 ἔφην,
1164 3587 1269 3642 κάν
1299 3588 1588 3667 ἄνθρωπος
1619 3583 1728 3645 ἀπὺ
1759 3592 1964 3648 τούτων

393 3681 598 3751 ἔμαθεν
625 3683 690 3736 ἀν
723 3683 954 3752 τάνδρὸς
982 3696 1009 3726 ι
1041 3684 1139 3755 τὴν
1164 3685 1467 3762 εὐλάϐειαν,
1496 3685 1626 3758 μήτι
1654 3705 1718 3758 γε
1746 3691 1777 3742 6
1809 3689 1963 3754 Θεὸς,

394 3782 424 3832 6
454 3781 530 3852 μὴ
558 3782 882 3852 περιμένων
912 3782 1021 3835 ἀπὺ
1061 3781 1173 3835 τῶν
1205 3783 1549 3855 πραγμάτων
1579 3785 1770 3856 μαθεῖν
1793 3786 1855 3841 τὸ
1875 3787 1966 3840 τέ-

396 3877 506 3940 λος.
539 3877 666 3941 Πῶς
704 3878 762 3931 δὲ
809 3877 974 3931 αὐτὸν
1023 3878 1120 3932 καὶ
1156 3879 1474 3936 ἐδικαίωσεν
1511 3875 1755 3951 ἀγνοῶν;
1809 3884 1968 3942 Ἐπί-

398 3990 622 4030 atavos
665 3975 798 4047 γὰρ.
851 3977 1036 4048 φησὶν,
1070 3977 1339 4047 Ἀϐραὰμ,
1368 3979 1468 4032 καί
1492 3979 1778 4050 ἐλογίσθη
1807 3979 1968 4049 αὐτῷ

397 4075 486 4135 εις
513 4070 926 4138 δικαιοσύνην.
1626 4087 1628 4090 ’
1910 4075 1914 4081 ’

462 4263 540 4319 ς’.
558 4262 625 4317 Τί
648 4261 742 4318 οὖν
756 4266 870 4318 ἐστι
900 4266 979 4328 τὸ,
1014 4267 1144 4321 Νῦν
1157 4267 1382 4336 ἕγνων;
1422 4268 1481 4323 '0
1501 4268 1601 4339 μὲν
1627 4268 1796 4340 Σύρος
1812 4271 1964 4342 φησί’

401 4359 534 4415 Νῦν
557 4361 907 4432 ἐγγώριο-ας,
963 4362 1232 4427 τουτέστι,
1277 4365 1391 4427 τοῖς
1452 4363 1785 4435 ἀνθρώποις.
1829 4367 1971 4437 Ἐγὼ

403 4465 512 4531 γὰρ
536 4461 685 4534 ᾔδειν
713 4462 882 4517 πάλαι
905 4466 1002 4517 καὶ
1029 4463 1136 4535 πρὸ
1162 4461 1271 4516 τῶν
1297 4460 1690 4534 ἐπιταγμάτων
1712 4465 1969 4520 ἁπάντων

403 4559 646 4632 ἐκείνων.
676 4559 776 4612 Διὰ
802 4559 856 4611 τί
881 4559 936 4612 δὲ
964 4559 1060 4612 καὶ
1099 4562 1214 4624 τοῖς
1239 4559 1550 4630 ἀνθρώποις
1579 4560 1676 4613 νῦν
1697 4578 1712 4627 ;
1736 4559 1970 4616 ’Ἐκεῖνα

402 4658 510 4728 γὰρ
563 4656 662 4728 οὐχ
717 4657 876 4710 ἱκανὰ
911 4656 1082 4722 δεῖξαι
1121 4657 1222 4728 τὴν
1251 4658 1383 4728 περὶ
1419 4658 1512 4711 τὸν
1556 4657 1688 4711 Θεὸν
1714 4654 1968 4724 εῦνοιαν;

415 4759 599 4814 Ἰκανά
644 4760 742 4829 μέν
762 4777 776 4790 ο
841 4757 978 4812 ἀλλὰ
1023 4757 1265 4828 τοσούτῳ
1300 4759 1515 4820 πάντως
1546 4757 1705 4810 τοῦτο
1745 4755 1978 4811 ἐκείνων

409 4856 612 4926 μεῖζον,
669 4857 746 4920 ὡς
795 4855 962 4925 μηδὲν
1020 4855 1206 4907 ἐκεῖνα
1258 4852 1393 4924 πρὸς
1443 4851 1602 4905 τοῦτο
1657 4853 1967 4921 φαίνεσθαι.

405 4951 577 5004 Τοῦτο
622 4950 800 5004 τοίνυν
849 4950 1092 5021 ὲπαίρων
1134 4949 1194 5002 τὸ
1241 4946 1589 5017 κατόρθωμα,
1626 4948 1720 5000 καὶ
1759 4949 1971 5014 δεικνὺς

405 5050 625 5103 πάντων
667 5046 957 5118 ἀνώτερον,
995 5045 1177 5101 ταῦτα
1225 5044 1438 5116 εἴρηκε.
1485 5045 1596 5098 Καὶ
1635 5045 1742 5116 γὰρ
1790 5046 1974 5100 πολλοὶ

407 5145 518 5199 τῶν
542 5143 845 5217 ἀνθρώπων
897 5145 990 5197 ἐπὶ
1025 5147 1139 5207 τοῖς
1173 5141 1500 5213 ὑπερέχουσι
1539 5141 1636 5196 καὶ
1675 5143 1744 5196 τά
1784 5143 1976 5214 πρῶτα

409 5241 656 5305 νικῶσιν,
687 5240 859 5304 οὐτως
884 5239 1105 5293 εἰώθασι
1134 5240 1314 5308 λέγειν
1333 5254 1346 5267 ⁸
1379 5232 1490 5293 οἷον
1522 5239 1648 5292 ὅταν
1679 5256 1763 5303 τις
1792 5239 1976 5310 μεῖζον

410 5340 523 5394 τῶν
551 5337 831 5410 προτέρων
846 5336 985 5406 λάϐῃ
1009 5353 1064 5389 τι
1090 5339 1220 5406 παρ’
1251 5336 1417 5390 αὐτοῦ
1448 5337 1476 5376 ιι
1501 5336 1693 5407 δῶρον,
1720 5337 1980 5402 πολλάκις

411 5437 596 5505 λέγει·
627 5431 742 5486 Νῦν
781 5431 953 5500 ἔγνων
987 5431 1071 5484 ὅτι
1109 5447 1176 5501 με
1220 5432 1410 5502 ἀγαπᾷ
1440 5433 1469 5486 6
1499 5431 1646 5485 δεῖνα
1672 5449 1686 5464 ο
1731 5432 1792 5485 οὐ
1825 5433 1980 5487 τοῦτο

411 5537 610 5603 λέγων,
640 5533 723 5585 ὅτι
751 5527 844 5583 τὸν
874 5527 1186 5600 ἔμπροσθεν
1217 5527 1406 5597 ἠγνόει
1454 5529 1666 5600 χρόνον,
1699 5529 1836 5584 ἀλλά
1884 5530 1980 5601 δη-

474 5654 501 5682 ⁸
524 5649 633 5708 Μςο,
659 5647 744 5697 τοῦ
766 5647 948 5710 ἀνδρὸς.

478 5721 506 5758 δ
539 5706 690 5762 Savil.
715 5706 863 5774 pum"
883 5707 1151 5772 legendum
1174 5706 1304 5770 παρά
1322 5723 1424 5767 του,
1445 5719 1533 5757 seu
1557 5708 1685 5770 παρά
1708 5725 1852 5764 τινος.

1090 287 1146 341 S.
1188 285 1470 344 ιοΑΝΝιε
1501 285 1982 344 CHRYSOSTOIII
2017 289 2334 351 ARCHIEP.
2369 295 2907 354 CONSTANTINOP.

3498 303 3593 359 ιιι

2054 407 2227 464 λῶσαι
2277 411 2620 483 βουλόμενος,
2651 412 2735 465 ὅτι
2773 412 2992 488 πάντων
3025 410 3208 480 μεῖζον
3228 413 3285 466 τύ
3309 410 3458 468 δοθὲν
3488 416 3593 472 νῦν.

2051 505 2210 559 Οὕτω
2242 512 2336 560 καὶ
2369 511 2398 561 6
2445 506 2577 571 Θεὸς
2627 507 2981 577 ἀνθρωπίνως
3026 508 3424 578 διαλεγόμενος,
3479 511 3596 565 Νῦν

2047 600 2258 670 ἔγνων,
2295 603 2479 674 φησὶν,
2519 602 2672 656 οὐδὲν
2727 603 2854 656 ἄλλο
2895 602 2930 673 ἦ
2974 603 3072 674 τὴν
3105 604 3399 675 ὑπερϐολὴν
3431 623 3594 670 παρα-

2052 699 2243 768 στῆσαι
2291 700 2384 753 τοῦ
2423 699 2585 754 ἄθλου
2619 699 2959 770 βουλόμενος,
2991 702 3112 770 οὐχὶ
3149 701 3270 754 τότε
3302 701 3502 770 μαθὼν,
3540 704 3594 757 οὐ

2050 795 2142 848 τὸν
2170 796 2357 864 φόϐον,
2389 797 2423 866 ἢ
2455 796 2518 850 τὸ
2571 795 2802 868 μέγεθος
2837 795 2934 850 τοῦ
2984 797 3173 866 φόϐου.
3209 799 3318 852 Καὶ
3348 800 3455 870 γάρ
3481 801 3596 854 ὅταν

2049 891 2205 962 λέγῃ,
2233 892 2431 956 Δεῦτε,
2464 895 2828 962 καταϐάντες
2870 893 3116 962 ἴδωμεν,
3160 894 3222 947 οὐ
3263 897 3597 960 καταϐάσεως

2049 985 2304 1056 δεόμενος
2353 987 2535 1056 λέγει·
2586 973 2692 1043 καὶ
2733 992 2844 1058 γάρ
2893 989 2964 1043 τά
3023 991 3205 1043 πάντα
3254 990 3466 1062 πληροῖ,
3514 992 3597 1044 καὶ

2051 1084 2227 1137 πάντα
2255 1080 2368 1137 οἶδε
2401 1087 2588 1154 σαφῶς
2602 1103 2619 1120 ·
2659 1087 2794 1140 ἀλλά
2826 1087 3100 1141 παιδεύων
3129 1089 3297 1158 ἡμᾶς,
3329 1087 3403 1158 μὴ
3431 1088 3597 1152 ἀτελῶς

2051 1180 2466 1249 ἀποφαίνεσθαι.
2495 1184 2606 1237 Καὶ
2624 1184 2751 1238 ὅταν
2785 1185 2940 1256 λέγῃ,
2977 1185 3194 1252 Κύριος
3220 1184 3516 1254 ἐξέκυψεν
3536 1185 3596 1239 ἐκ

2051 1277 2159 1332 τοῦ
2189 1278 2471 1346 οὐρανοῦ,
2513 1281 2622 1336 ἀπὸ
2675 1285 2992 1353 μεταφορᾶς
3031 1285 3140 1336 τῶν
3174 1281 3476 1354 ἀνθρώπων
3513 1283 3598 1355 τὴν

2051 1376 2254 1446 ἀκριϐῆ
2284 1376 2432 1445 λέγει
2447 1377 2668 1446 γνῶσιν.
2698 1379 2853 1433 Οὕτω
2873 1381 2967 1434 καὶ
2982 1379 3238 1445 ἐνταῦθα,
3261 1379 3394 1434 Νῦν
3407 1380 3595 1449 ἔγνων,

2053 1483 2209 1553 φησὶ,
2249 1483 2408 1537 τοῦτο
2434 1485 2648 1548 δεικνὺς
2693 1483 2880 1555 μεῖζον
2906 1485 3158 1540 ἀπάντων
3189 1486 3247 1538 ὃν
3271 1483 3382 1539 τῶν
3416 1486 3600 1557 ἔμπρο-

2055 1587 2201 1641 σθεν.
2233 1587 2440 1641 Τούτου
2460 1590 2555 1642 καὶ
2583 1589 2854 1654 ἀπόδειξιν
2875 1589 3041 1642 αὐτοῦ
3069 1590 3372 1661 παρέχεται
3398 1589 3600 1658 ἐπάγων

2053 1684 2148 1736 καὶ
2187 1682 2383 1752 λέγων,
2433 1684 2515 1736 ὄτι
2577 1687 2699 1738 Οὐκ
2753 1685 2973 1755 ἐφείσω
3019 1685 3124 1739 τοῦ
3180 1685 3316 1738 υἱοῦ
3355 1701 3468 1738 σου
3507 1685 3600 1738 τοῦ

2053 1784 2362 1853 ἀγαπητοῦ
2393 1783 2468 1837 δι’
2506 1783 2628 1854 ἐμέ.
2649 1783 2763 1836 Οὐκ
2789 1781 2929 1847 εἷπε,
2962 1783 3068 1837 Τοῦ
3099 1784 3236 1848 υἱοῦ,
3275 1785 3457 1852 μόνον,
3481 1784 3598 1838 ἀλλὰ

2053 1884 2169 1948 καὶ,
2209 1882 2322 1938 Τοῦ
2352 1882 2683 1952 ἀγαπητοῦ.
2715 1883 2849 1937 Οὐδὲ
2881 1882 2990 1953 γὰρ
3029 1883 3242 1951 φύσεως
3283 1885 3464 1954 μόνον,
3486 1885 3601 1937 ἀλλὰ

2053 1983 2149 2033 καὶ
2181 1979 2584 2051 φιλοστοργίας,
2618 1974 2686 2050 ἦς
2713 1980 2807 2031 καὶ
2835 1979 2922 2032 διὰ
2948 1979 3039 2032 τὸν
3067 1981 3263 2032 οἰκεῖον
3285 1982 3502 2050 τρόπον,
3522 1981 3603 2034 καὶ

2054 2076 2153 2146 τὴν
2182 2075 2386 2147 ἀρετὴν
2410 2075 2502 2128 τοῦ
2544 2075 2732 2137 παιδὸς
2761 2075 2961 2145 πολλὴν
2990 2073 3156 2128 οὖσαν
3194 2077 3253 2128 ὲν
3286 2074 3458 2144 αὐτῷ,
3488 2092 3604 2127 κατ-

2054 2173 2371 2245 ετόλμησεν.
2409 2173 2472 2224 Et
2501 2171 2556 2224 δὲ
2590 2171 2808 2240 φαύλων
2837 2171 2986 2243 [451]
3018 2172 3221 2225 παίδων
3247 2178 3352 2225 οὐκ
3379 2173 3443 2226 ἀν
3470 2171 3604 2225 εὐκό-

2053 2267 2158 2330 λως
2207 2269 2681 2337 καταφρονήσαιεν
2733 2267 2989 2338 πατέρες,
3054 2268 3192 2321 ἀλλά
3238 2270 3339 2321 καὶ
3396 2268 3602 2328 τούτους

2054 2363 2376 2418 πενθοῦσιν·
2405 2365 2533 2417 ὅταν
2577 2364 2673 2418 καὶ
2701 2363 2814 2427 υίὸς
2850 2361 2907 2436 ᾗ,
2940 2364 3035 2416 καὶ
3058 2365 3303 2433 γνήσιος,
3342 2364 3434 2416 καὶ
3463 2379 3601 2432 μονο-

2053 2470 2236 2541 γενὴς,
2289 2470 2384 2543 καὶ
2443 2469 2744 2540 ἀγαπητὸς,
2801 2468 2896 2522 καὶ
2952 2467 3160 2533 Ἰσαὰκ,
3201 2469 3296 2521 καὶ
3336 2469 3427 2520 ὐπ’
3459 2465 3604 2520 αὐτοῦ

2059 2569 2224 2640 μέλλῃ
2256 2563 2586 2636 σφάττεσθαι
2614 2566 2706 2619 τοῦ
2727 2566 2947 2637 πατρὸς,
2974 2565 3058 2629 τίς
3087 2565 3152 2620 ἂν
3184 2567 3314 2636 εἴπῃ
3345 2565 3443 2637 τὴν
3461 2565 3608 2633 ὑπερ-

2055 2663 2216 2734 ϐολὴν
2261 2661 2362 2732 τῆς
2401 2662 2752 2732 φιλοσοφίας;
2796 2648 2970 2725 Ὀὗτος
3018 2661 3225 2732 μυρίων
3280 2659 3606 2730 διαδημάτων

2055 2762 2150 2814 καὶ
2184 2761 2464 2830 στεφάνων
2489 2759 2730 2831 ἀπείρων
2756 2759 2784 2810 6
2815 2754 2974 2822 ἆθλος
3003 2759 3375 2831 φαιδρότερος.
3411 2755 3498 2827 Τῷ
3523 2756 3608 2827 μὲν

2055 2857 2164 2927 γὰρ
2187 2857 2278 2910 τὸν
2309 2856 2574 2926 στέφανον
2606 2857 2810 2909 ἐκεῖνον
2855 2855 3222 2925 περικειμένῳ
3263 2855 3364 2906 καὶ
3400 2853 3608 2914 θάνατος

2057 2953 2297 3008 ἐπελθὼν
2347 2955 2629 3031 πολλάκις,
2655 2951 2973 3024 ὲπηρεάζει,
3006 2951 3099 3004 καὶ
3135 2953 3240 3022 πρὸ
3269 2950 3370 3004 τοῦ
3394 2951 3607 3005 θανάτου

2061 3054 2252 3124 μυρίαι
2297 3052 2640 3126 πραγμάτων
2668 3049 2948 3104 ὲπιϐουλαί
2967 3067 2981 3079 ο
3029 3048 3189 3102 τοῦτο
3217 3049 3272 3102 δὲ
3305 3048 3480 3111 οὐδεὶς
3505 3047 3610 3100 οὐδὲ

2061 3152 2198 3219 μετά
2221 3151 2477 3221 τελευτὴν
2505 3150 2566 3204 τὸ
2596 3149 2831 3221 διάδημα
2867 3147 3158 3217 ἀφελέσθαι
3207 3147 3495 3220 δυνήσεται
3531 3146 3610 3198 τὸν

2061 3249 2466 3320 περικείμενον,
2492 3247 2553 3300 οὐ
2583 3245 2690 3302 τῶν
2722 3246 2887 3310 ἰδίων,
2915 3248 2975 3299 οὐ
3023 3247 3132 3298 τῶν
3165 3246 3486 3316 ἀλλοτρίων.
3516 3244 3612 3297 Θέα

2060 3362 2118 3414 δέ
2144 3379 2235 3432 μοι
2261 3361 2354 3414 καὶ
2381 3359 2469 3412 τὸν
2499 3356 2829 3429 τιμιώτατον
2853 3357 2998 3411 λίθον
3021 3355 3116 3411 τοῦ
3149 3356 3478 3428 διαδήματος
3505 3354 3613 3408 τούο

2060 3476 2175 3513 του.
2205 3457 2416 3526 ’Ὠσπερ
2471 3456 2580 3525 γὰρ
2622 3454 2768 3518 λίθος
2806 3454 3004 3524 τίμιος,
3055 3451 3226 3518 οὕτως
3267 3451 3403 3506 αὐτὸ
3455 3451 3614 3505 συνδεῖ

2065 3555 2199 3624 πρὸς
2224 3554 2302 3625 τῷ
2342 3553 2506 3605 τέλει.
2552 3551 2617 3604 Τί
2650 3551 2708 3604 δὲ
2735 3550 2893 3603 τοῦτό
2919 3553 3058 3612 ἐστι,
3084 3533 3166 3613 τὸ,
3191 3552 3271 3604 Δι’
3299 3551 3447 3619 ἐμέ;
3493 3547 3612 3602 Οὐδὲ

2063 3653 2171 3722 γὰρ
2208 3650 2270 3704 τὸ
2315 3648 2625 3720 θαυμαστὸν
2653 3647 2811 3700 τοῦτό
2858 3649 3027 3709 ἐστιν,
3077 3648 3160 3700 ὅτι
3203 3644 3306 3700 οὐκ
3355 3646 3610 3716 ἐφείσατο,

2065 3730 2178 3802 ἀλλ’
2226 3731 2309 3801 ὅτι
2345 3747 2412 3800 δι’
2454 3745 2634 3801 αὐτόν.
2675 3747 2739 3798 Ὢ
2785 3743 2963 3810 δεξιᾶς
3015 3743 3312 3816 μακαρίας,
3359 3745 3474 3807 οἵας
3495 3757 3610 3796 κατ-

2066 3843 2273 3916 ηξιώθη
2319 3842 2616 3915 μαχαίραςί
2672 3840 2716 3894 ὣ
2768 3841 3042 3912 μαχαίρας
3074 3832 3416 3909 θαυμαστῆς,
3472 3838 3614 3899 ποίας

2066 3940 2377 4012 κατηξιώθη
2402 3940 2579 4006 δεξιᾶς
2599 3940 2612 3992 !
2645 3937 2690 3990 ὣ
2718 3920 2990 4008 μαχαίρας
3011 3933 3355 4006 θαυμαστῆς,
3374 3937 3452 3999 είς
3470 3933 3612 3987 ποίαν

2067 4035 2489 4110 παρεσκευάσθη
2522 4034 2729 4106 χρείαν,
2763 4034 2857 4086 καὶ
2914 4032 3074 4085 ποίαν
3123 4031 3285 4102 ἡνυσε
3330 4030 3610 4092 διακονίαν,

2068 4137 2162 4190 καὶ
2190 4134 2328 4205 ποίῳ
2358 4130 2672 4202 ὑπηρέτησε
2699 4129 2882 4195 τύπῳί
2941 4128 3060 4190 πῶς
3090 4127 3336 4198 ᾑμάχθη,
3388 4127 3500 4190 πῶς
3529 4125 3612 4193 οὐχ

2067 4231 2324 4308 ᾑμάχθηῑ
2367 4229 2501 4284 Οὐδὲ
2546 4228 2651 4298 γὰρ
2684 4223 2802 4280 οἶδα
2834 4229 2885 4279 τί
2915 4227 3086 4278 είπωο
3123 4223 3263 4277 οῦτω
3309 4223 3528 4294 φρικτὸν
3562 4219 3614 4272 τε,

2072 4331 2367 4401 μυστήριον
2396 4323 2484 4398 ἦν.
2534 4326 2644 4394 Οὐχ
2670 4323 2848 4404 ἥψατο
2876 4325 2973 4392 τῆς
3023 4320 3116 4374 τοῦ
3167 4319 3359 4384 παιδὸς
3409 4320 3612 4391 δέρῤης,

2067 4423 2188 4481 οὐδέ
2216 4425 2398 4502 διῆλθε
2431 4423 2519 4478 διά
2547 4423 2640 4475 τοῦ
2665 4419 2863 4490 λαιμοῦ
2911 4418 3004 4471 τοῦ
3053 4417 3206 4485 ἁγίου
3253 4417 3485 4481 ἐκείνου,
3509 4412 3614 4466 οὐδὲ

2069 4521 2346 4594 ὲφοινίχθη
2380 4521 2572 4591 αἵματι
2599 4518 2809 4572 δικαίου
2834 4533 2846 4548 ·
2901 4517 3102 4588 μᾶλλον
3126 4515 3184 4568 δὲ
3215 4515 3312 4567 καὶ
3341 4513 3515 4582 ἥψατο
3533 4509 3613 4563 καὶ

2069 4622 2250 4694 διῆλθε
2284 4620 2378 4674 καὶ
2412 4615 2690 4687 ὲφοινίχθη
2710 4614 2806 4668 καὶ
2827 4613 3149 4684 ἐϐαπτίσθη,
3168 4613 3261 4666 καὶ
3293 4613 3397 4664 οὐκ
3421 4607 3613 4663 ὲϐαπτί·

2073 4721 2195 4793 σθη.
2221 4719 2376 4789 Τάχα
2408 4715 2759 4784 ὲξεστηκέναι
2802 4707 2930 4783 ὐμῖν
2961 4709 3103 4764 δοκῶ
3139 4709 3308 4771 οὓτως
3339 4705 3614 4761 ὲναντιολο-

2071 4792 2203 4886 γῶν.
2226 4816 2334 4868 Kal
2356 4812 2463 4883 γὰρ
2488 4810 2777 4879 ἐξέστηκα,
2792 4808 2852 4860 τὸ
2875 4807 3058 4878 θαῦμα
3075 4805 3268 4859 ἐννοῶν
3290 4803 3384 4860 τοῦ
3405 4803 3611 4861 δικαίου,

2072 4913 2187 4970 ἀλλ’
2215 4914 2315 4966 οὐκ
2349 4905 2728 4976 ὲναντιολογῶ.
2765 4908 2831 4959 Ἥ
2879 4904 2978 4975 μὲν
3001 4901 3110 4975 γὰρ
3145 4903 3238 4957 τοῦ
3278 4903 3483 4958 δικαίου
3511 4900 3613 4969 χεὶρ

2073 5008 2334 5083 ὲνέπηξεν
2379 5006 2549 5078 αὐτὴν
2583 5005 2661 5072 τῷ
2693 5006 2935 5076 φάρυγγι
2978 5001 3074 5055 τοῦ
3127 5000 3340 5063 παιδός·
3378 5002 3411 5070 ή
3459 4997 3512 5050 δὲ
3534 4991 3612 5048 τοῦ

2073 5108 2208 5164 Θεοῦ
2255 5107 2374 5178 χείρ
2420 5107 2514 5158 καὶ
2558 5105 2901 5174 ὲμπαγείσαν
2936 5089 3035 5155 οὐκ
3078 5093 3290 5169 ἀφῆκεν
3315 5099 3503 5168 αἵματι
3530 5108 3611 5162 μο-

2073 5182 2330 5276 λυνθῆναι
2358 5189 2457 5256 τοῦ
2485 5201 2696 5263 παιδός.
2743 5200 2853 5252 Καὶ
2876 5200 2984 5270 γὰρ
3011 5199 3108 5268 οὐχ
3129 5200 3158 5249 6
3189 5194 3439 5267 Ἀϐραὰμ
3465 5189 3610 5245 αὐτὴν

2077 5305 2291 5372 κατεῖχε
2326 5301 2505 5371 μόνον,
2537 5297 2672 5351 ἀλλά
2703 5297 2796 5350 καὶ
2817 5298 2846 5349 6
2870 5296 3002 5354 Θεός
3024 5311 3039 5324 ο
3076 5294 3167 5346 καὶ
3195 5295 3224 5344 6
3261 5291 3360 5361 μὲν
3392 5289 3514 5342 ὤθει
3535 5286 3611 5339 διά

2079 5406 2178 5474 τῆς
2207 5400 2454 5471 γνώμης,
2477 5399 2506 5449 6
2533 5397 2592 5450 δὲ
2629 5394 2757 5458 Θεὸς
2781 5391 3062 5464 ἀνέστελλε
3089 5390 3176 5444 διὰ
3198 5391 3297 5453 τῆς
3325 5387 3522 5455 φωνῆς.
3556 5380 3609 5432 Ἦ

2081 5499 2189 5571 γὰρ
2232 5494 2370 5566 αὐτὴ
2416 5494 2567 5563 φωνὴ
2613 5491 2708 5543 καὶ
2755 5488 2959 5542 ὥπλισε
3007 5485 3102 5557 τὴν
3132 5483 3330 5549 δεξιὰν,
3372 5482 3462 5537 καὶ
3497 5493 3612 5532 κστ-

2089 5592 2296 5648 έστειλε
2317 5609 2330 5622 ·
2368 5590 2462 5644 καὶ
2511 5587 2760 5658 καθάπερ
2794 5584 2898 5639 ὑπὸ
2923 5581 3212 5651 στρατηγῷ
3234 5578 3530 5644 ταττομένη
3548 5573 3615 5640 τῷ

2095 5689 2236 5762 Θεῷ,
2279 5691 2453 5745 πάντα
2485 5687 2561 5758 τῷ
2611 5685 2818 5740 ἐκείνου
2875 5683 3100 5752 νεύματι
3146 5680 3504 5750 διεπράττετο,
3535 5668 3614 5725 καὶ
