3712 6212
129 328 193 384 ωδ
1092 313 1157 369 lN
1193 309 1410 367 EPIST.
1447 307 1493 365 ιι
1553 308 1645 363 an
1682 306 1833 364 con.
1874 302 2103 362 unum.
2143 306 2230 364 ut.

129 435 320 493 misidera
345 447 357 485 :
380 440 543 486 natura
570 444 689 486 eum
714 428 875 484 armis
916 427 1047 493 suis,
1082 439 1202 480 cum
1244 420 1559 478 militaribus

130 528 298 584 mnibus
312 522 444 591 copiis
456 521 562 575 suis
589 520 734 575 humi
758 518 998 590 iacebat;
1027 518 1139 587 ipse
1166 524 1342 570 autem
1383 511 1560 568 Stabat

132 626 267 673 xtenta
290 628 435 678 manu,
452 627 553 667 non
581 626 852 677 coronam,
885 610 978 665 sed
1007 608 1239 679 gladium
1262 606 1447 675 quavis
1471 616 1563 657 co-

129 726 202 765 ona
226 706 500 762 illustriorem
540 712 753 759 tenente
785 718 798 755 :
828 710 984 771 atque
1023 698 1330 769 angelorum
1375 707 1565 765 agmen

129 796 394 869 pplaudebat,
417 809 470 849 ac
495 795 635 849 Deus
662 810 694 849 e
718 792 863 848 caelis
890 791 1142 846 victorem
1165 803 1287 844 eum
1323 800 1565 857 pronun-

132 892 242 944 abat.
258 886 470 955 Quoniam
482 886 620 939 enim
637 885 689 938 in
711 883 855 938 caelis
870 880 1199 937 conversatio
1213 886 1347 941 erat,
1370 876 1567 930 ideirco

129 978 253 1033 elesti
273 991 450 1046 quoque
472 976 734 1045 prmeonio
755 971 1143 1028 celebrabatur.
1171 968 1433 1038 Quidnam
1463 964 1566 1020 hoe

130 1065 392 1121 ilendidius?
416 1067 511 1119 imo
533 1063 782 1134 quidnam
807 1075 930 1117 cum
982 1061 1085 1115 hoc
1113 1069 1312 1128 tropaeo
1337 1053 1568 1112 conferri

130 1158 248 1213 teat?
266 1155 378 1210 Nam
403 1156 460 1219 si,
483 1170 603 1209 cum
627 1155 822 1209 athleta
843 1152 1077 1215 vicisset,
1116 1166 1222 1205 non
1254 1163 1429 1219 praeco
1451 1145 1568 1217 qui-

129 1266 183 1304 nn
204 1263 260 1303 ex
281 1245 485 1302 inferiori
506 1246 643 1309 loco,
672 1245 765 1300 sed
789 1260 885 1300 rex
912 1245 1025 1314 ipse
1044 1258 1077 1298 e
1096 1241 1368 1312 superiore
1392 1252 1570 1294 assur-

130 1353 187 1393 rns
210 1337 398 1391 victoris
419 1335 588 1391 laudes
617 1333 927 1405 praedicaret
944 1349 961 1399 ;
980 1348 1157 1387 annon
1180 1332 1281 1385 hoc
1300 1331 1389 1385 ille
1412 1344 1569 1385 coro-

129 1444 148 1482 s
169 1426 279 1496 ipsis
296 1424 701 1479 honoriﬁcentius
720 1423 821 1479 sibi
834 1436 955 1479 esse
971 1423 1206 1484 duceret,
1229 1422 1571 1487 omniumque

129 1526 383 1573 ectatorum
408 1516 582 1570 oculos
628 1515 694 1569 ad
740 1529 801 1569 se
850 1512 1229 1570 converteret?
1255 1512 1385 1566 Cum
1416 1511 1573 1580 igitur

134 1627 160 1663 n
184 1608 395 1662 mortalis
419 1607 667 1677 quiSpiam
690 1622 805 1671 rex,
827 1605 922 1661 sed
944 1605 1083 1660 Deus
1104 1605 1237 1673 ipse,
1258 1618 1363 1657 non
1391 1603 1441 1657 in
1470 1601 1573 1655 hoc

129 1709 268 1763 astro,
289 1697 375 1753 sed
397 1706 500 1752 toto
527 1696 657 1752 orbe
686 1697 1030 1765 inspectante,
1068 1702 1226 1763 atque
1270 1692 1574 1763 angelorum

132 1791 535 1861 archangelorum
550 1804 728 1860 grege,
760 1789 868 1844 alta
891 1803 1021 1843 voce
1049 1788 1115 1843 de
1152 1788 1280 1841 caelo
1304 1786 1536 1840 clamans
1553 1821 1572 1849 ,

133 1892 286 1938 torem
312 1882 467 1951 ipsum
497 1882 833 1950 pronuntiet,
878 1879 1112 1944 ubinam,
1138 1893 1338 1948 quaeso,
1374 1876 1574 1945 justum

129 1990 185 2027 un
213 1972 608 2029 collocabimus?
643 1972 805 2039 Quin,
829 1972 875 2027 si
900 1972 1109 2042 placet,
1140 1983 1326 2024 vocem
1363 1981 1576 2039 quoque

129 2080 202 2118 am
219 2064 495 2119 audiamus.
514 2064 765 2132 Quasnam
781 2077 907 2133 ergo
921 2061 1038 2118 ha:c
1053 2077 1153 2115 vox
1169 2061 1286 2117 est?
1301 2060 1573 2123 Abraham,

130 2157 302 2220 'aham,
328 2172 421 2209 non
448 2155 683 2209 extendas
712 2169 914 2208 manum
954 2164 1092 2206 tuam
1140 2152 1191 2207 in
1248 2150 1399 2204 Isaac
1420 2190 1438 2217 ,
1487 2163 1578 2203 nec

129 2250 191 2303 ias
215 2249 291 2303 illi
308 2248 590 2317 quidquam.
618 2245 769 2300 Nunc
785 2247 918 2300 enim
942 2244 1151 2316 cognovi
1173 2244 1306 2313 quod
1326 2253 1380 2297 tu
1403 2244 1581 2296 timeas

130 2343 322 2408 uinum,
347 2341 575 2411 quoniam
594 2355 695 2393 non
740 2338 1005 2407 pepercisti
1031 2337 1282 2407 unigenito
1333 2334 1441 2403 ﬁlio
1492 2343 1578 2389 tuo

129 2442 229 2499 pter
252 2446 330 2485 me
353 2429 509 2501 (Gen.
532 2429 621 2483 22.
650 2428 717 2484 12
736 2429 776 2500 ).
808 2427 944 2496 Quid
981 2438 1158 2481 autem
1182 2424 1321 2479 hoc?
1349 2424 1463 2478 isne
1489 2422 1580 2493 qui

130 2526 199 2579 aia
226 2522 371 2576 novit
396 2531 673 2589 antequam
700 2520 960 2585 oriantur,
988 2532 1128 2573 nunc
1151 2515 1361 2570 demum
1382 2528 1579 2584 cogno-

130 2622 133 2637 '
153 2617 313 2684 Atqui
336 2614 631 2669 hominibus
648 2625 856 2682 quoque
876 2618 1147 2679 perSpeeta
1158 2608 1266 2677 jam
1283 2617 1395 2663 erat
1418 2605 1582 2675 ipsius

130 2726 187 2764 as
217 2728 231 2763 :
267 2718 345 2764 tot
377 2724 485 2764 suae
509 2723 634 2779 erga
664 2708 826 2762 Deum
855 2703 1242 2761 benevolentia:
1271 2708 1581 2771 argumenta

129 2811 267 2865 erat;
300 2816 422 2855 cum
442 2800 580 2855 Deus
596 2798 661 2854 ad
687 2813 806 2853 eum
823 2795 1063 2858 dixisset,
1091 2792 1342 2864 Egredere
1363 2792 1427 2845 de
1451 2800 1585 2844 terra

153 2902 200 2945 et
221 2893 288 2945 de
311 2892 607 2961 cognatione
631 2900 718 2943 tua
739 2888 759 2961 (
778 2887 904 2942 Gen.
935 2886 1021 2941 12.
1047 2886 1070 2939 1
1094 2886 1113 2955 )
1143 2903 1155 2938 :
1179 2900 1296 2939 cum
1318 2883 1386 2938 ob
1412 2883 1581 2951 ipsum

129 2997 172 3036 ie
200 2982 427 3036 honoris
455 2980 619 3049 ipsius
642 2992 800 3032 causa
821 2975 998 3045 nepoti
1023 2988 1121 3029 suo
1140 2975 1371 3044 primatu
1396 2972 1587 3026 cessis-

129 3090 134 3125 :
164 3086 295 3125 cum
329 3085 453 3125 eum
481 3085 514 3125 e
542 3078 617 3123 tot
652 3068 916 3136 tantisque
945 3064 1194 3135 periculis
1222 3063 1539 3117 extraxisset
1567 3079 1580 3115 :

148 3162 203 3218 in
234 3161 533 3233 Egyptum
562 3160 725 3232 ipsius
738 3158 889 3229 jussu
911 3156 1177 3227 profectus
1199 3154 1401 3221 fuisset,
1428 3161 1587 3222 atque

129 3270 171 3308 'e
196 3254 310 3308 sibi
342 3252 592 3320 adempta
618 3265 722 3305 non
770 3248 1183 3319 indignationem
1214 3243 1583 3314 concepisset,

130 3360 211 3414 {ne
242 3344 420 3397 multa
447 3343 676 3397 iecisset.
709 3339 909 3408 Quibus
936 3354 999 3394 ex
1025 3338 1185 3393 rebus
1210 3335 1370 3391 homo
1404 3337 1585 3403 etiam,

129 3454 201 3489 nn
255 3436 399 3500 dixi,
433 3434 684 3504 pietatem
708 3432 873 3501 ipsius
898 3438 1221 3499 compertam
1271 3428 1465 3484 habere
1494 3442 1587 3496 po-

129 3537 184 3583 et
203 3571 219 3593 ,
255 3528 469 3583 nedum
498 3526 639 3582 Deus
658 3565 675 3593 ,
706 3525 794 3594 qui
816 3539 920 3578 non
942 3529 1217 3591 eXSpectat
1245 3530 1300 3574 ut
1325 3536 1417 3589 per
1446 3519 1588 3587 ipsas

129 3621 286 3674 inem
312 3628 529 3673 noscat.
567 3616 805 3684 Quonam
828 3622 1003 3669 autem
1029 3612 1187 3667 modo
1213 3612 1363 3666 illum
1382 3611 1587 3681 justum

129 3712 457 3771 nntiasset,
485 3709 530 3763 si
558 3709 727 3777 ipsum
767 3702 1098 3777 ignorasset?
1149 3702 1370 3757 Credidit
1407 3703 1585 3770 enim,

138 3802 570 3942 t,‘Abgt;ltam,
611 3808 656 3853 et
707 3806 990 3867 reputatum
1034 3804 1106 3850 est
1130 3794 1226 3864 ipsi
1254 3794 1321 3847 ad
1333 3794 1587 3864 justitiam

138 3894 176 3927 ι.
253 3912 269 3925 .
418 3910 434 3925 ο

130 3894 176 3927 ’1.
204 3894 269 3927 4.
330 3894 434 3927 01.

134 3965 301 4034 Quid
337 3964 507 4034 igitur
532 3970 612 4016 est
647 3959 808 4025 istud,
831 3958 981 4013 Nunc
1008 3960 1248 4030 cognovi?
1276 3958 1438 4030 Syrus
1464 3958 1585 4027 qui-

129 4060 217 4112 sic
258 4056 467 4119 habet,
496 4050 649 4106 Nunc
676 4051 962 4118 declarasti,
988 4049 1228 4115 subaudi,
1260 4047 1584 4103 hominibus.

129 4152 263 4219 ipse
283 4143 629 4219 jampridem
646 4155 805 4215 atque
821 4154 942 4199 ante
961 4144 1133 4197 omnia
1148 4144 1291 4212 jussa
1311 4143 1361 4197 id
1380 4157 1584 4196 noram.

130 4250 303 4296 item
332 4254 482 4292 nunc
502 4252 710 4307 qquUt:
734 4233 1064 4289 hominibus?
1085 4248 1260 4286 annon
1289 4232 1374 4286 illa
1401 4231 1466 4286 ad
1497 4232 1588 4286 de-

129 4333 305 4387 udam
349 4328 530 4399 ipsius
556 4343 677 4397 erga
712 4328 872 4381 Deum
913 4325 1330 4380 benevolentiam
1359 4322 1589 4381 sufﬁcie-

146 4420 560 4479 Sufﬁciebant
588 4433 747 4480 sane;
777 4432 962 4472 verum
989 4415 1090 4471 hoc
1116 4425 1260 4471 tanto
1299 4418 1384 4470 illa
1412 4418 1587 4471 omnia

129 4517 281 4579 :llit,
306 4522 379 4568 ut
408 4528 525 4582 pra:
548 4525 612 4566 eo
637 4509 766 4565 nihil
792 4524 1005 4580 prorsus
1029 4508 1115 4561 illa
1147 4523 1265 4562 esse
1292 4508 1586 4563 videantur.

130 4610 396 4673 abrem,
435 4616 496 4661 ut
528 4605 837 4676 praeclarum
879 4603 978 4659 hoc
997 4602 1199 4657 facinus
1222 4604 1587 4672 ampliﬁcaret,

129 4700 419 4770 reliquis
432 4698 682 4752 omnibus
694 4696 1029 4768 prmstantius
1040 4710 1157 4750 esse
1174 4695 1492 4763 ostenderet,
1506 4694 1589 4750 bis

139 4808 320 4848 usus
343 4799 467 4845 est.
488 4790 698 4845 Etenim
722 4789 819 4842 hoc
836 4789 992 4842 etiam
1012 4788 1061 4840 in
1081 4787 1351 4840 hominum
1375 4801 1589 4842 consue-

143 4886 454 4956 positum
472 4893 575 4944 est,
596 4881 719 4936 utin
741 4878 948 4935 eximiis
969 4895 1029 4934 ac
1057 4879 1479 4949 praecellentibus
1500 4897 1588 4937 re-

129 4978 479 5042 lmamque
501 4970 860 5026 obtinentibus
873 4969 940 5024 ad
970 4970 1108 5023 hunc
1130 4969 1342 5024 modum
1365 4970 1588 5038 loquan-

129 5071 276 5125 δι’ὺὶ
306 5068 534 5138 gratia,
559 5080 677 5120 eum
705 5067 823 5133 quis
847 5064 1016 5133 majus
1035 5079 1194 5132 quam
1217 5076 1371 5120 antea
1400 5080 1591 5120 munus

134 5179 263 5218 am
300 5160 556 5229 accipit,
577 5173 718 5228 saepe
746 5159 816 5212 ita
845 5158 1075 5226 loquitur
1103 5175 1115 5211 :
1145 5156 1292 5212 Nunc
1322 5160 1585 5228 perspexi,

130 5271 204 5309 ie
238 5252 377 5307 ille
395 5259 586 5305 amet:
613 5263 714 5302 non
743 5248 842 5301 hoc
870 5248 1048 5301 dicens
1068 5248 1213 5316 quasi
1235 5263 1295 5300 ea
1322 5264 1436 5315 quae
1459 5265 1590 5316 prae-

129 5350 185 5402 is
253 5342 567 5412 temporis
592 5350 740 5395 erant
771 5341 1007 5409 ignoret;
1051 5338 1144 5394 sed
1174 5348 1231 5392 ut
1259 5339 1357 5392 hac
1386 5340 1586 5394 ratione

130 5448 222 5503 ιι,
268 5450 521 5490 munus
547 5431 683 5487 istud
710 5446 813 5501 quo
840 5445 978 5485 nunc
1004 5430 1224 5484 allectus
1249 5440 1351 5493 est,
1384 5429 1590 5483 caeteris

129 5546 185 5584 IS
226 5535 579 5598 praestare.
624 5523 711 5578 Sic
760 5523 898 5576 Deus
937 5536 1145 5591 quoque
1174 5520 1405 5575 humano
1443 5536 1590 5576 more

129 5642 171 5689 ι,
229 5617 484 5682 Nunc,
514 5615 702 5685 inquit,
729 5614 938 5683 cognovi
958 5628 977 5667 :
1005 5612 1132 5667 nilnl
1177 5613 1323 5668 hisce
1375 5613 1553 5667 verbis
1572 5653 1586 5678 ,

129 5707 523 5783 crtatqinis
548 5706 957 5778 magnitudinem
984 5746 997 5771 ,
1041 5705 1340 5775 exprimere
1368 5706 1551 5761 volens
1572 5744 1586 5767 ,

1992 200 2006 227 |

1671 436 1776 476 non
1808 430 1985 476 auitam
2010 422 2148 493 quod
2177 431 2287 476 tum
2320 420 2620 486 dumtaxat,
2660 430 2748 476 aut
2777 423 3017 478 timorem
3046 435 3137 479 aut
3160 427 3221 480 ti-

1668 512 1832 566 moris
1872 511 2288 582 magnitudinem
2313 521 2675 581 cognosceret.
2714 512 2845 567 Nam
2890 516 3047 569 etiam
3099 530 3222 571 cum

1667 604 1760 669 ait,
1798 602 1974 658 Venite
1999 605 2353 659 descendemus
2380 601 2542 675 (Gen.
2576 606 2663 659 11.
2693 605 2755 676 7)
2808 620 2872 659 ac
2914 608 3220 670 videamus,

1669 708 1774 746 non
1801 692 1997 747 idcirco
2020 693 2121 747 hac
2144 695 2351 749 ratione
2393 695 2577 761 utitur,
2624 695 2765 764 quod
2806 695 3063 751 descensu
3091 713 3226 766 opus

1668 782 1888 847 habeat;
1920 784 2114 853 quippe
2138 784 2226 853 qui
2253 784 2429 838 omnia
2450 785 2682 854 impleat,
2704 794 2859 854 atque
2878 788 3050 840 omnia
3073 804 3223 856 aper-

1673 876 1873 930 tissime
1889 885 2203 945 cognoscat;
2232 875 2324 930 sed
2341 886 2398 929 ut
2421 876 2548 931 hinc
2572 877 2858 945 discamus,
2882 880 2947 933 de
2970 895 3028 934 re
3047 881 3224 949 aliqua

1672 981 1777 1018 non
1805 973 2004 1020 temere
2028 966 2389 1036 pronuntiare.
2415 970 2587 1035 Atque
2624 970 2770 1035 item,
2791 984 2911 1023 enm
2952 971 3027 1023 ait
3075 970 3223 1025 Scri-

1672 1064 1857 1124 ptura,
1910 1054 2049 1111 Deus
2098 1056 2160 1109 de
2186 1056 2308 1111 calo
2357 1059 2608 1127 prospexit
2654 1058 2837 1127 (Psat.
2881 1061 2966 1116 15.
2997 1060 3103 1132 2),
3133 1078 3227 1133 per

1674 1145 2034 1216 metaphoram
2055 1145 2122 1199 ab
2144 1146 2443 1202 hominibus
2465 1147 2694 1214 ductam,
2725 1152 3108 1205 exaetissimam
3137 1168 3225 1206 co-

1675 1237 1959 1315 gnitionem
1983 1238 2244 1308 intelligit.
2273 1238 2472 1294 Eodem
2512 1240 2671 1295 modo
2706 1243 2791 1296 hic
2817 1257 3047 1313 quoque,
3077 1243 3228 1305 Nunc

1675 1330 1881 1398 cognovi
1902 1371 1917 1395 ,
1947 1331 2023 1385 ait
2051 1348 2065 1383 :
2089 1339 2147 1386 ut
2173 1332 2275 1386 hoc
2293 1333 2542 1388 omnibus
2570 1335 2834 1402 prioribus
2863 1338 3031 1405 majus
3058 1339 3229 1392 excel-

1676 1419 1976 1491 lentiusque
2018 1437 2139 1479 esse
2179 1424 2528 1481 demonstret.
2559 1427 2670 1481 Hoc
2715 1429 2783 1482 ita
2810 1443 2928 1483 esse
2956 1429 3141 1497 probat
3166 1446 3229 1493 ex

1676 1525 1764 1575 eo,
1806 1511 1946 1581 quod
1990 1512 2245 1583 deinceps
2288 1515 2589 1586 subjungit,
2639 1517 2770 1584 Quia
2818 1535 2917 1571 non
2970 1521 3232 1590 pepercisti

1677 1600 1782 1669 ﬁlio
1808 1610 1893 1653 tuo
1912 1601 2090 1657 dilecto
2119 1614 2320 1673 propter
2348 1623 2446 1660 me.
2467 1606 2579 1661 Non
2618 1607 2890 1663 dumtaxat
2916 1610 3066 1677 dixit,
3097 1609 3232 1665 Filio

1678 1702 1789 1760 tuo,
1815 1695 1931 1760 sed,
1964 1694 2099 1749 Filio
2139 1697 2339 1752 dilecto.
2368 1698 2483 1753 Non
2526 1701 2666 1756 enim
2711 1702 2964 1759 adversus
2993 1714 3232 1761 naturam

1678 1793 1901 1846 tantum,
1928 1785 2217 1841 sedetiam
2247 1789 2501 1843 adversus
2528 1789 2914 1847 benevolentiae
2940 1793 3189 1850 atiectum
3213 1838 3231 1862 ,

1678 1879 1765 1945 qui
1793 1887 1902 1931 tum
1943 1877 2011 1931 ob
2042 1879 2283 1947 proprios
2323 1895 2499 1935 mores
2518 1922 2532 1946 ,
2584 1892 2693 1936 tum
2722 1884 2790 1937 oh
2818 1902 3055 1954 magnam
3092 1890 3235 1956 pueri

1680 1967 1923 2023 virtutem
1951 1969 2134 2039 ingens
2175 1980 2309 2036 erat,
2360 1972 2680 2040 intrepidum
2708 1989 2767 2029 se
2797 1977 3041 2044 praebuit.
3086 1979 3239 2045 Quod

1680 2061 1747 2123 si.
1776 2076 1843 2115 ne
1866 2070 1922 2115 ut
1947 2062 2217 2132 improbos
2240 2064 2451 2132 quidem
2501 2065 2637 2121 ﬁlios
2659 2079 3034 2136 aspernentur,
3089 2071 3242 2127 facile

1681 2150 1867 2206 adduci
1897 2162 2142 2221 parentes
2171 2163 2387 2222 queunt,
2420 2169 2601 2208 verum
2636 2172 2731 2210 eos
2754 2172 2965 2227 quoque
2994 2159 3243 2231 lacrymis

1683 2251 2076 2311 prosequuntur
2107 2261 2121 2297 :
2148 2259 2267 2297 eum
2290 2254 2344 2298 et
2369 2244 2507 2299 ﬁlius
2549 2244 2727 2311 fuerit,
2753 2256 2807 2301 et
2855 2264 3159 2317 germanus,
3191 2264 3244 2307 et

1684 2332 2004 2402 nnigenitus,
2027 2342 2082 2388 et
2103 2334 2347 2397 dilectus,
2375 2344 2431 2390 et
2462 2336 2625 2401 Isaae,
2653 2346 2706 2390 et
2741 2338 2808 2392 ab
2838 2339 2953 2407 ipso
2986 2350 3131 2408 patre
3151 2342 3240 2410 ju-

1683 2422 1943 2491 gulandus
1964 2424 2054 2489 sit,
2071 2425 2309 2494 quisnam
2327 2425 2684 2482 incredibilem
2700 2428 2840 2481 illam
2858 2429 3244 2500 philosomtiam

1684 2516 1860 2569 verbis
1880 2517 2155 2585 complecti
2180 2517 2384 2586 possit?
2406 2518 2663 2572 Nimirum
2692 2520 2794 2575 hoc
2813 2529 3078 2577 certamen
3102 2524 3250 2578 mille

1686 2604 1985 2659 diademata
2009 2615 2167 2675 atque
2197 2608 2504 2662 innumeras
2528 2623 2756 2663 coronas
2778 2612 3062 2679 splendere
3086 2630 3245 2683 supe-

1685 2702 1786 2748 rat.
1817 2696 2021 2750 Etenim
2047 2697 2118 2760 ei,
2144 2699 2232 2767 qui
2270 2713 2521 2753 coronam
2552 2700 2694 2754 illam
2732 2705 2886 2771 gerit,
2934 2705 3243 2776 plerumque

1688 2792 1741 2838 et
1769 2799 1913 2839 mors
1931 2788 2308 2854 superveniens
2336 2788 2526 2843 infesta
2551 2799 2653 2855 est,
2676 2801 2727 2849 et
2754 2794 2900 2848 mille
2939 2796 3097 2850 etiam
3124 2809 3248 2853 ante

1690 2884 1912 2930 mortem
1944 2894 2119 2932 rerum
2152 2879 2356 2934 insidia:
2386 2898 2399 2934 :
2428 2880 2531 2935 hoc
2560 2892 2737 2937 autem
2763 2885 3057 2942 diademate
3100 2891 3247 2958 quis-

1688 2968 1810 3034 quis
1832 2968 2108 3023 redimitus
2134 2968 2311 3036 fuerit,
2343 2969 2394 3024 id
2424 2971 2474 3025 ei
2506 2986 2572 3026 ne
2604 2983 2722 3040 post
2764 2984 2987 3041 mortem
3035 2978 3247 3046 quidem

1689 3058 1966 3129 quisquam
1996 3059 2203 3129 eripere
2228 3061 2442 3130 poterit,
2472 3077 2579 3117 non
2619 3078 2871 3132 suorum,
2920 3083 3026 3121 non
3050 3070 3249 3124 alieno-

1689 3165 1826 3203 rum.
1854 3152 2026 3220 Atque
2063 3153 2221 3206 etiam
2265 3154 2705 3222 pretiosissimum
2756 3157 2911 3227 hujus
2939 3161 3249 3219 diadematis

1690 3240 1917 3311 lapidem
1939 3243 2229 3312 perspicias
2253 3244 2435 3301 velim.
2458 3245 2527 3300 Ut
2544 3246 2682 3301 enim
2713 3250 2972 3317 pretiosus
2995 3253 3143 3321 lapis,
3172 3256 3248 3308 sic

1690 3345 1810 3388 eum
1839 3331 1905 3386 ad
1936 3342 2232 3388 extremum
2257 3335 2438 3406 cingit.
2479 3337 2737 3405 Quidnam
2772 3352 2945 3394 autem
2992 3342 3091 3398 hoc
3133 3357 3248 3409 est,

1690 3422 1908 3493 Propter
1930 3428 2046 3481 me?
2069 3426 2249 3497 Neque
2274 3428 2412 3482 enim
2440 3428 2540 3484 hoc
2568 3439 2667 3493 est,
2691 3432 2826 3500 quod
2848 3433 3247 3491 admirationem

1692 3527 1943 3583 meretur,
1974 3532 2162 3587 nempe
2182 3519 2321 3588 quod
2350 3534 2455 3574 non
2490 3523 2783 3589 pepercerit
2808 3564 2821 3583 ,
2850 3525 2939 3578 sed
2963 3526 3099 3594 quod
3129 3543 3250 3595 pro-

1692 3619 1809 3678 pter
1838 3625 1978 3663 eum.
2008 3608 2051 3665 Ο
2076 3611 2346 3665 dexteram
2376 3612 2579 3666 beatam
2601 3654 2614 3677 ,
2665 3613 2806 3682 quali
2842 3614 3014 3683 gladio
3058 3617 3248 3672 donata

1691 3700 1803 3754 εδιὲ
1835 3715 1867 3753 o
1895 3699 2260 3755 admirandum
2300 3703 2553 3772 gladium,
2601 3705 2742 3774 quali
2772 3705 2983 3760 dextera
3025 3708 3248 3765 donatus

1692 3790 1807 3843 est!
1840 3805 1872 3844 ο
1900 3790 2105 3845 beatum
2129 3792 2336 3861 inquam
2364 3792 2611 3863 gladium,
2645 3794 2709 3847 ad
2740 3796 2877 3864 quod
2902 3798 3245 3854 ministerium

1694 3893 1905 3948 paratus
1952 3884 2065 3937 est!
2099 3882 2238 3952 quod
2267 3899 2457 3938 munus
2488 3883 2672 3950 obivit,
2699 3894 2751 3938 et
2780 3888 2863 3939 cui
2910 3888 3089 3957 ﬁguric
3120 3890 3246 3944 sub-

1692 3972 1945 4026 servivit!
1974 3989 2201 4042 quonam
2233 3985 2381 4044 pacto
2408 3989 2599 4030 cruore
2623 3978 2815 4032 tinctus
2845 3989 2945 4043 est,
2976 3992 3031 4036 et
3058 3996 3247 4038 cruore

1694 4080 1797 4117 non
1823 4074 1903 4118 est
1934 4066 2161 4121 tinctus!
2193 4066 2373 4136 Neque
2400 4068 2562 4133 enim,
2585 4085 2689 4137 quo
2720 4072 2881 4125 verbo
2910 4083 3046 4139 utar,
3096 4077 3207 4129 scio
3232 4095 3246 4130 :

1692 4155 1826 4209 adeo
1852 4156 2178 4211 tremendum
2208 4157 2342 4211 istud
2392 4157 2700 4228 mysterium
2751 4171 2883 4216 erat.
2934 4161 3049 4216 Non
3100 4168 3247 4233 pueri

1694 4246 1882 4314 pellem
1914 4247 2106 4316 attigit,
2132 4263 2226 4301 nec
2252 4249 2416 4301 sancti
2450 4249 2589 4302 illius
2609 4259 2787 4319 guttur
2809 4254 3120 4319 penetravit,
3150 4269 3249 4307 nec

1688 4335 1817 4405 justi
1846 4351 2036 4392 cruore
2060 4337 2269 4392 rubuit:
2298 4338 2404 4391 imo
2428 4353 2553 4392 vero
2601 4348 2653 4393 et
2672 4341 2843 4410 attigit
2871 4351 2921 4393 et
2960 4344 3246 4410 penetravit

1694 4437 1749 4482 et
1769 4443 1957 4483 cruore
1980 4429 2176 4492 rubuit,
2209 4438 2260 4482 et
2288 4427 2565 4483 immersus
2592 4438 2693 4493 est,
2720 4440 2773 4484 et
2812 4446 2914 4484 non
2948 4432 3245 4488 immersus.

1694 4519 1885 4574 Mentis
1912 4534 2093 4575 errore
2123 4518 2256 4573 afﬁci
2283 4521 2505 4573 fortasse
2524 4522 2673 4573 vobis
2695 4520 2898 4585 videor,
2937 4524 3021 4589 qui
3053 4523 3118 4574 ita
3149 4538 3246 4591 pu-

1693 4612 1902 4682 gnantia
1936 4611 2142 4681 loquar.
2166 4611 2234 4666 Et
2259 4620 2403 4667 certe
2424 4611 2647 4678 afﬁcior,
2674 4612 2796 4666 dum
2819 4612 2947 4683 justi
2977 4615 3113 4668 illius
3142 4617 3244 4668 mi-

1695 4703 1928 4757 raculum
1972 4703 2150 4755 animo
2202 4703 2553 4771 contemplor,
2605 4718 2704 4758 nec
2752 4711 2924 4758 tamen
2966 4707 3244 4773 pugnantia

1694 4792 1899 4863 loquor.
1931 4790 2140 4846 Etenim
2166 4791 2291 4861 justi
2317 4792 2413 4846 viri
2442 4807 2625 4846 manus
2645 4808 2763 4848 eum
2786 4794 2838 4847 in
2869 4796 3011 4862 pueri
3038 4806 3246 4864 gutture

1694 4884 1911 4948 deﬁxit;
1943 4893 1996 4936 at
2023 4883 2161 4937 Deus
2190 4883 2346 4935 etiam
2393 4881 2614 4935 inﬁxum
2658 4898 2761 4937 non
2812 4885 3051 4953 permisit
3097 4886 3243 4955 pueri

1694 4988 1886 5029 cruore
1911 4974 2273 5027 contaminari.
2296 4970 2475 5039 Neque
2500 4973 2638 5026 enim
2667 4972 2928 5027 Abraham
2952 4975 3095 5029 solus
3124 4992 3241 5031 eum

1698 5064 1931 5126 tenebat,
1957 5063 2049 5117 sed
2076 5063 2233 5117 etiam
2266 5062 2404 5115 Deus
2435 5080 2447 5116 :
2475 5062 2562 5116 ille
2590 5078 2684 5130 per
2704 5064 3022 5119 voluntatem
3054 5067 3242 5137 impel-

1696 5159 1835 5213 lebat
1855 5200 1870 5223 ,
1901 5156 1987 5211 hic
2033 5171 2128 5226 per
2158 5170 2339 5208 vocem
2382 5154 2722 5223 reprimebat.
2770 5155 2898 5211 Nam
2928 5158 3110 5212 eadem
3140 5176 3239 5213 vox

1696 5250 1932 5304 dextram
1966 5248 2103 5300 illius
2128 5257 2177 5300 et
2206 5246 2426 5299 armavit
2453 5254 2506 5299 et
2532 5248 2879 5314 compescuit,
2912 5257 3068 5317 atque
3099 5250 3206 5303 Deo
3226 5290 3243 5316 ,

1695 5351 1957 5407 tamquam
1978 5337 2163 5390 bellico
2178 5336 2381 5390 cuidam
2405 5337 2729 5405 imperatori,
2745 5336 2969 5395 subdita.
2991 5339 3054 5392 ad
3080 5339 3244 5407 ipsius

1696 5439 1880 5483 nutum
1902 5428 2074 5480 omnia
2095 5428 2500 5495 exsequebatur,
2519 5438 2810 5498 cunctaque
2825 5429 2887 5483 ad
2911 5429 3051 5483 illius
3062 5444 3242 5485 Vocem

1695 5519 2213 5574 administrabantur.
2239 5518 2325 5572 Sic
2347 5519 2486 5571 enim
2516 5518 2788 5572 considera
2816 5536 2828 5571 :
2856 5519 3003 5583 dixit,
3029 5518 3245 5584 Occide,

1696 5627 1758 5666 ac
1782 5612 1957 5665 Statim
2008 5611 2310 5665 armabatur
2339 5628 2352 5663 :
2384 5608 2549 5673 dixit,
2575 5608 2655 5664 Ne
2694 5609 2903 5663 occidas
2923 5651 2937 5672 ,
2968 5623 3032 5662 ac
3068 5611 3246 5663 statim
3329 5655 3333 5661 .

1706 5718 1848 5757 arma
1876 5703 2169 5772 depnnehat
2205 5718 2220 5757 :
2249 5701 2507 5771 siquidem
2544 5699 2717 5754 omnia
2743 5707 2917 5767 parata
2941 5698 3046 5767 jam
3074 5709 3242 5753 erant.
