3712 6212
352 234 462 293 ιη

353 350 431 406 Ae
458 353 640 418 postea
678 344 823 400 Deus
864 339 1090 399 militem
1114 355 1269 398 suum
1294 354 1369 395 ac
1385 338 1583 395 ducem
1606 336 1726 393 orbi
1748 342 1931 392 osten-

348 438 449 507 dit,
475 437 736 494 victorem
752 434 1063 507 angelorum
1085 432 1315 498 theatro,
1334 431 1486 486 illum
1507 429 1722 500 inquam
1746 440 1928 484 sacer-

347 532 567 596 dotem,
615 531 764 585 illum
801 542 1016 598 regem,
1062 525 1241 597 gladio
1280 524 1450 595 magis
1486 536 1644 594 quam
1673 519 1785 576 ullo
1810 518 1927 574 dia-

350 624 563 682 demate
582 629 915 685 coronatum,
942 619 1095 673 illum
1112 626 1315 688 tropaeo
1339 623 1702 687 praestantem,
1730 626 1793 667 ac
1810 611 1927 666 sine

346 714 601 773 conflictu
664 713 943 768 victorem.
999 709 1457 777 Quemadmodum
1513 707 1654 763 enim
1711 706 1757 760 si
1807 703 1925 775 quis

350 806 642 876 imperator
660 802 1087 859 strenuissimum
1128 801 1347 856 militem
1387 799 1598 863 habeat,
1629 797 1787 852 etiam
1812 798 1923 865 ipsa

348 896 703 968 gerendon
729 908 999 949 armorum
1026 893 1364 957 dexteritate,
1389 893 1500 961 ipsa
1527 890 1775 954 statione,
1808 887 1924 957 ipso

348 990 550 1061 impetu
571 1028 587 1053 ,
620 986 831 1042 hostem
879 996 1027 1042 metu
1056 986 1300 1057 percellit
1328 1004 1341 1039 :
1385 985 1462 1039 sic
1494 984 1630 1039 Deus
1661 983 1769 1037 sola
1792 981 1922 1051 justi

346 1082 446 1136 viri
476 1080 748 1135 voluntate
773 1120 788 1146 ,
820 1079 938 1134 solo
964 1087 1151 1149 gestu,
1197 1077 1310 1132 sola
1364 1075 1594 1146 denique
1648 1074 1878 1129 statione
1899 1113 1917 1140 ,

345 1185 685 1228 communem
710 1172 946 1226 omnium
978 1180 1216 1225 nostrum
1258 1168 1464 1222 hostem
1508 1166 1786 1221 diabolum
1828 1181 1919 1220 ett-

348 1264 539 1319 terruit
563 1273 722 1333 atque
746 1263 798 1316 in
834 1263 1010 1333 fugam
1041 1261 1215 1315 vertit.
1243 1258 1376 1313 Nam
1405 1265 1460 1312 et
1497 1257 1643 1312 illum
1675 1257 1920 1312 existimo

348 1367 460 1411 tum
509 1352 913 1412 tremebundam
970 1352 1280 1409 recessisse.
1332 1352 1437 1417 At,
1476 1349 1669 1403 dixerit
1695 1350 1920 1403 fortasse

345 1448 561 1518 aliquis,
585 1463 749 1518 quare
788 1448 931 1502 Deus
960 1445 1201 1500 dextram
1232 1442 1504 1497 cruentari
1528 1454 1634 1494 non
1664 1439 1922 1509 permisc-

344 1542 448 1605 rit,
474 1554 537 1594 ae
564 1548 747 1609 postea
777 1546 1063 1593 mactatum
1092 1544 1313 1604 repente
1338 1532 1405 1587 ad
1437 1533 1597 1587 vitam
1624 1528 1919 1586 revocarit?

343 1631 604 1699 Quoniam
636 1632 711 1685 fas
737 1646 843 1685 non
897 1637 1015 1684 erat
1064 1628 1230 1683 Deum
1260 1625 1563 1696 lmjusmodi
1610 1624 1918 1694 sanguinem

342 1736 567 1792 capere;
595 1720 689 1776 sed
718 1718 1002 1790 pestiferos
1027 1718 1298 1774 dmmones
1330 1731 1515 1772 mensa
1543 1714 1656 1771 haec
1675 1715 1914 1769 decebat.

347 1819 518 1884 Atque
546 1814 632 1869 hic
670 1822 955 1883 utrumque
979 1811 1383 1877 declarabatur,
1414 1824 1604 1879 nempe
1627 1817 1681 1862 et
1711 1806 1919 1863 Domini

340 1906 640 1977 benignitas
690 1917 745 1962 et
793 1908 935 1962 servi
980 1906 1238 1975 probitas.
1278 1906 1357 1959 Ae
1409 1904 1555 1973 prius
1597 1901 1808 1971 quidem
1850 1901 1919 1955 de

342 2008 482 2053 terra
505 2013 598 2053 sua
628 2013 876 2069 egressus
905 1997 1109 2061 fuerat;
1155 2004 1262 2049 tum
1313 2009 1441 2049 vero
1468 1993 1534 2049 ab
1571 1993 1683 2063 ipsa
1708 2006 1919 2063 quoque

341 2100 526 2145 natura
556 2092 801 2146 excessit.
863 2088 1050 2159 quue
1079 2089 1296 2141 nomine
1324 2096 1525 2141 sortem
1555 2101 1674 2140 cum
1716 2086 1918 2141 foenore

341 2183 572 2252 accepit,
598 2182 764 2252 idque
782 2181 1067 2236 admodum
1093 2179 1284 2234 merito
1319 2198 1333 2234 :
1364 2179 1528 2248 patris
1554 2178 1695 2233 enim
1725 2192 1916 2230 nomen

340 2277 592 2329 amittere
618 2274 845 2335 maluit,
878 2288 1036 2343 quam
1082 2286 1110 2326 a
1162 2270 1313 2342 probi
1359 2270 1499 2324 servi
1544 2268 1721 2324 ofﬁcio
1771 2282 1919 2322 rece-

340 2364 489 2419 dere.
525 2362 603 2418 Eo
631 2364 827 2418 factum
854 2372 957 2429 est,
984 2370 1042 2416 ut
1084 2376 1190 2416 non
1220 2360 1379 2414 modo
1408 2370 1580 2430 pater,
1627 2358 1721 2415 sed
1756 2359 1917 2413 etiam

339 2455 592 2511 sacerdos
621 2455 938 2521 exsisteret;
989 2464 1041 2509 et
1079 2454 1201 2524 quia
1250 2452 1345 2507 Dei
1374 2467 1535 2507 causa
1560 2452 1720 2507 etiam
1748 2466 1778 2505 a
1807 2451 1921 2505 suis

339 2550 709 2612 abscesserat,
752 2548 950 2602 idcirco
980 2547 1119 2602 Deus
1149 2546 1248 2616 ipsi
1278 2562 1399 2602 cum
1424 2546 1530 2600 illis
1571 2561 1668 2600 sua
1707 2559 1919 2614 quoque

342 2640 561 2711 largitus
588 2650 689 2695 est.
728 2641 806 2694 Ac
832 2638 1045 2709 quidem
1074 2641 1223 2709 ipse,
1264 2654 1387 2694 cum
1413 2638 1482 2692 ab
1511 2637 1756 2693 hostibus
1786 2638 1916 2691 iusi-

338 2734 442 2788 diae
466 2743 747 2801 creantur,
778 2733 939 2789 etiam
984 2747 1171 2804 usque,
1196 2732 1262 2788 ad
1292 2748 1406 2789 rem
1436 2734 1603 2803 ipsam
1643 2732 1916 2803 progredi-

345 2837 463 2890 tur,
492 2842 555 2881 ae
582 2826 835 2881 miracula
859 2825 1002 2893 edit;
1034 2837 1091 2881 ut
1110 2826 1163 2881 in
1186 2825 1403 2882 fornace
1423 2867 1439 2893 ,
1468 2840 1533 2880 ae
1557 2825 1798 2881 leonibus
1820 2840 1916 2879 usu

339 2921 482 2976 venit
507 2920 678 2989 (Dan.
730 2922 783 2976 5.
813 2929 861 2975 et
897 2921 966 2992 6)
996 2938 1012 2974 :
1041 2935 1162 2976 cum
1207 2930 1385 2974 autem
1432 2920 1659 2990 ipsemet
1707 2928 1791 2975 est
1827 2919 1918 2990 qui

338 3014 583 3086 imperat,
610 3015 749 3070 intra
772 3015 933 3070 animi
956 3013 1433 3085 promptitudinetn
1456 3013 1734 3085 imperium
1760 3027 1917 3067 suum

336 3108 501 3164 sistit.

410 3200 464 3254 7.
488 3200 705 3255 Abralue
727 3200 1029 3255 constantia.
1048 3228 1123 3241 —
1138 3198 1275 3267 Quid
1299 3200 1464 3268 enim,
1486 3199 1620 3256 heus
1647 3209 1726 3266 tu,
1751 3200 1803 3254 in
1830 3199 1916 3254 illa

338 3274 859 3347 animi'lortitudine
895 3307 959 3347 ac
993 3293 1298 3362 praestantia
1338 3293 1447 3362 jam
1474 3292 1919 3347 desiderabatur?

340 3404 469 3443 num
487 3386 753 3441 Abraham
774 3387 914 3458 quod
934 3394 1252 3442 eventurum
1271 3394 1404 3448 erat.
1423 3386 1772 3456 praeseiebat?
1792 3401 1917 3441 num

340 3479 435 3536 Dei
463 3461 883 3534 misericordiam
911 3477 1021 3532 ullo
1058 3476 1288 3532 artificio
1316 3477 1602 3547 captabat?
1629 3476 1757 3532 Nam
1795 3478 1921 3533 licet

344 3572 600 3643 propheta
626 3580 791 3635 esset,
823 3580 878 3625 at
908 3570 1163 3642 propheta
1189 3586 1295 3625 non
1324 3571 1502 3626 omnia
1542 3572 1708 3627 novit.
1738 3570 1919 3641 Itaque

341 3678 738 3734 supervacanea
772 3663 883 3733 jam
927 3676 994 3717 ac
1027 3662 1135 3718 Deo
1180 3661 1395 3733 indigna
1437 3662 1721 3720 trucidatio
1757 3664 1920 3717 exsti-

344 3759 513 3813 tisset.
538 3757 690 3825 Quod
711 3757 756 3811 si
782 3756 913 3811 illud
938 3770 1114 3827 operae
1131 3756 1356 3825 pretium
1379 3754 1552 3811 fuerat
1574 3756 1732 3821 scire,
1753 3756 1919 3811 Deum

342 3858 584 3907 mortuos
608 3848 674 3903 ad
702 3848 862 3903 vitam
888 3861 1143 3903 revocare
1174 3861 1351 3918 posse,
1397 3848 1567 3903 multo
1593 3848 1798 3903 scilicet
1821 3839 1918 3903 ad-

343 3942 640 3998 mirabilius
675 3942 728 3997 id
758 3942 825 3997 ab
853 3941 1038 3997 uxoris
1064 3940 1218 3996 vulva
1257 3942 1619 4008 intellexerat,
1649 3944 1757 3998 imo
1797 3956 1920 4001 ante

344 4033 482 4091 hanc
505 4048 717 4104 quoque
753 4032 1287 4101 demonstrationem,
1320 4042 1377 4088 ut
1402 4034 1492 4104 qui
1533 4034 1638 4091 lide
1668 4036 1919 4106 prazditus

342 4136 506 4183 esset.
535 4125 614 4181 'l‘u
643 4140 773 4182 vero
810 4125 1015 4195 justum
1061 4125 1208 4181 illum
1254 4142 1361 4181 non
1401 4127 1572 4183 solum
1613 4129 1918 4199 admireris,

341 4219 438 4273 sed
461 4217 621 4273 etiam
646 4216 872 4272 imiteris
901 4233 916 4271 :
945 4232 1172 4287 cumque
1205 4232 1327 4273 eum
1350 4219 1402 4272 in
1431 4228 1577 4275 tanto
1606 4222 1834 4277 tumultu
1857 4239 1921 4280 ac

342 4317 487 4364 tanta
517 4307 773 4363 fluctuum
816 4317 1131 4379 tempestate
1168 4325 1271 4362 non
1309 4324 1462 4365 secus
1492 4320 1650 4382 atque
1690 4312 1742 4367 in
1771 4324 1919 4369 tran-

342 4400 603 4470 quillitate
635 4399 976 4469 navigantem
1005 4400 1201 4467 cernis,
1225 4399 1307 4454 l'ac
1330 4401 1490 4456 etiam
1519 4414 1575 4457 ut
1598 4403 1921 4460 obedientize

342 4500 395 4546 et
424 4489 751 4546 fortitudinis
777 4491 985 4545 clavum
1008 4491 1252 4562 arripias.
1277 4491 1385 4547 Nec
1414 4494 1540 4547 mihi
1569 4493 1695 4549 illud
1719 4504 1919 4550 tantum

342 4597 725 4650 commemora,
748 4581 889 4652 quod
915 4582 1083 4637 altare
1108 4583 1432 4638 exstruxerit
1455 4592 1509 4640 et
1531 4585 1668 4656 ligna
1691 4588 1918 4657 pararit;

344 4674 440 4730 sed
470 4674 618 4744 pueri
641 4690 854 4744 quoque
884 4690 1069 4729 vocem
1115 4677 1168 4729 in
1211 4685 1442 4730 mentem
1471 4692 1688 4744 revoca,
1715 4668 1921 4734 tecum-

345 4782 450 4837 que
476 4766 603 4821 illud
632 4775 840 4836 reputa,
870 4776 1067 4837 quanta
1084 4768 1410 4822 exercituum
1438 4770 1645 4839 agmina
1668 4772 1920 4841 impetum

348 4864 401 4917 in
435 4877 556 4917 eum
583 4861 827 4925 fecerint,
859 4863 961 4933 ipsi
992 4878 1244 4933 pavorem
1288 4864 1600 4933 injicientia,
1644 4881 1763 4920 cum
1794 4881 1923 4935 pue—

347 4968 465 5008 rum
490 4953 755 5009 dicentem
778 4955 1001 5020 audivit,
1029 4954 1203 5021 Pater,
1229 4955 1431 5009 ubinam
1457 4965 1527 5009 est
1552 4957 1749 5010 victima
1767 4956 1916 5028 (Gen.

343 5044 436 5101 22.
467 5045 563 5116 7)?
587 5046 969 5112 animadverte,
996 5056 1125 5115 quot
1148 5057 1257 5103 tum
1276 5047 1625 5119 cogitationes
1643 5058 1922 5105 commota:

346 5137 475 5202 sint,
516 5152 621 5192 non
647 5136 813 5204 ferro,
846 5138 940 5193 sed
970 5139 1135 5209 igneis
1169 5139 1335 5196 hastis
1362 5151 1604 5208 armatze,
1634 5156 1794 5213 atque
1826 5159 1922 5198 un-

346 5229 507 5300 dique
530 5244 654 5284 eum
678 5238 974 5300 pungentes
1010 5242 1064 5284 et
1092 5232 1520 5289 conscindentes.
1549 5233 1680 5289 Nam
1705 5236 1748 5290 si
1778 5250 1921 5291 nunc

345 5338 558 5394 quoque
605 5323 801 5388 multi,
841 5323 1001 5379 etiam
1043 5326 1134 5395 qui
1178 5336 1354 5396 patres
1396 5343 1505 5383 non
1545 5338 1690 5394 sunt,
1734 5329 1921 5386 dolore

345 5413 681 5486 franguntur,
709 5423 764 5470 et
802 5415 1296 5486 collacrymassent,
1333 5418 1432 5472 nisi
1461 5419 1539 5474 rei
1570 5420 1770 5474 exitum
1801 5435 1922 5489 per-

344 5516 583 5577 spectum
612 5508 903 5574 haberent;
930 5507 1038 5562 imo
1062 5508 1222 5563 etiam
1248 5511 1572 5580 complures,
1599 5527 1917 5583 quamquam

345 5596 492 5653 illum
534 5599 734 5668 norint,
774 5598 1134 5671 lacrymantes
1173 5608 1351 5654 tamen
1390 5599 1639 5657 intueor:
1670 5618 1775 5673 quo
1808 5614 1919 5657 tan-

347 5686 470 5746 dem
494 5691 731 5748 cruciatu
772 5689 1017 5748 allectum
1043 5706 1163 5748 eum
1190 5689 1354 5749 fuisse
1388 5692 1662 5767 probabile
1691 5704 1791 5762 est,
1829 5694 1917 5767 qui

1053 226 1115 284 S.
1150 224 1428 286 JOANNIS
1462 215 1938 281 CHRYSOSTOMI
1972 216 2286 276 ARCHIEP.
2330 220 2865 281 CONSTANTINOP.
3513 229 3597 283 416

2036 332 2212 405 ipsum
2239 346 2516 407 genuerat,
2560 338 2649 409 qui
2694 338 3039 404 educaverat,
3085 338 3179 410 qui
3219 339 3279 395 in
3320 352 3597 400 senectute.

2032 428 2125 499 qui
2149 428 2323 485 solum
2354 428 2605 499 habebat,
2634 432 2723 502 qui
2752 432 2934 499 talem,
2966 432 3057 504 qui
3079 433 3365 499 cernebat,
3400 436 3488 506 qui
3514 451 3593 490 su-

2033 520 2235 589 diebat,
2278 522 2371 594 qui
2401 522 2623 594 jamjam
2652 524 2721 581 de
2750 525 2927 581 medio
2954 526 3264 582 sublaturus
3298 528 3465 582 erat?
3490 528 3597 595 Qu:

2032 611 2315 668 verborum
2338 613 2616 683 prudentia
2637 616 2662 667 ?
2685 631 2804 686 qua:
2830 619 3199 687 responsionis
3224 620 3597 674 mansuetudo?

2032 706 2165 774 Quis
2189 718 2364 763 autem
2411 719 2523 763 tum
2562 710 2930 779 operabatur?
2972 713 3315 781 diabolusne,
3367 724 3429 768 ut
3478 715 3597 772 iacet

2028 800 2284 869 quasdam
2316 810 2518 857 natura:
2546 802 2895 860 admoveret?
2923 805 3141 863 Minime
3179 826 3193 861 :
3228 824 3426 863 verum
3459 810 3597 875 Dens,

2028 900 2087 944 ut
2120 905 2336 946 auream
2373 892 2503 962 justi
2528 894 2759 949 animam
2804 897 2974 968 magis
3016 898 3351 968 exploraret.
3411 900 3601 957 Etenim

2028 998 2150 1039 cum
2192 982 2311 1039 Johi
2348 1000 2491 1039 uxor
2525 988 2686 1042 verba
2725 987 2945 1055 laceret,
2974 988 3221 1045 diabolus
3248 972 3598 1062 operabatur;

2026 1075 2134 1131 tale
2161 1078 2357 1148 quippe
2380 1077 2506 1133 illud
2531 1079 2814 1135 consilium
2838 1090 2956 1137 erat
2982 1100 2995 1134 :
3025 1083 3111 1138 hic
3140 1099 3275 1139 vero
3298 1084 3440 1139 nihil
3464 1088 3598 1156 impie

2026 1166 2342 1237 loquebatur
2366 1211 2381 1233 ,
2421 1169 2516 1225 sed
2569 1186 2823 1242 perquam
2869 1173 2957 1243 pie
2993 1182 3049 1229 et
3085 1175 3528 1246 circumspecte:
3552 1194 3599 1233 κ

2026 1258 2190 1312 multa
2222 1269 2471 1315 venustas
2498 1261 2551 1315 in
2578 1263 2754 1317 verbis
2783 1262 3081 1331 el‘llorebat,
3106 1280 3422 1337 magnaque
3450 1269 3599 1324 mellis

2025 1352 2175 1420 copia
2206 1367 2237 1406 e
2265 1354 2604 1426 sermonibus
2630 1356 2899 1422 manabat,
2926 1374 2957 1411 a
2987 1360 3277 1429 tranquilla
3304 1360 3399 1415 illa
3426 1371 3481 1415 et
3503 1363 3599 1431 pla-

2024 1442 2141 1498 cida
2175 1444 2351 1498 anima
2384 1444 2555 1501 ﬂuens
2581 1462 2594 1499 :
2618 1456 2778 1516 atque
2804 1455 3003 1503 tantam
3035 1450 3142 1503 vim
3174 1449 3299 1505 haec
3323 1452 3494 1507 verba
3521 1453 3599 1506 In~

2025 1535 2237 1603 hebant,
2268 1548 2327 1592 ut
2352 1539 2432 1593 vel
2463 1553 2682 1595 saxeum
2715 1550 2900 1610 pectus
2940 1542 3186 1598 emollire
3214 1554 3475 1613 possent.
3512 1545 3598 1602 Nec

2026 1634 2201 1681 tamen
2240 1628 2575 1685 adamantem
2605 1629 2751 1685 illum
2783 1631 3144 1701 perculerunt,
3200 1634 3320 1689 imo
3352 1650 3459 1690 nec
3497 1651 3603 1691 eoo-

2023 1731 2340 1785 cusserunt;
2371 1736 2469 1777 nec
2492 1722 2645 1789 dixit,
2680 1722 2818 1790 Quid
2848 1732 3051 1792 patrem
3083 1739 3273 1791 vocas,
3326 1727 3425 1796 qui
3468 1729 3604 1793 paulo

2024 1823 2144 1882 post
2164 1822 2314 1882 pater
2335 1823 2463 1870 tuus.
2480 1813 2691 1870 futurus
2721 1827 2947 1884 nonest,
2970 1817 3169 1887 quique
3184 1818 3303 1887 jam
3332 1818 3501 1889 hujus
3528 1820 3606 1873 ho-

2023 1906 2171 1960 noris
2197 1905 2457 1974 iacturam
2507 1905 2669 1963 fecit?
2712 1908 2951 1975 Quanam
2985 1925 3145 1980 porro
3190 1910 3262 1965 de
3290 1927 3462 1967 causa
3496 1929 3606 1981 puer

2022 2011 2235 2065 quoque
2259 1997 2597 2052 sciscitatur?
2623 1998 2782 2054 Certe
2808 2013 2913 2054 non
2930 2000 3079 2070 quod
3098 2002 3431 2057 curiositate
3457 2002 3605 2059 duee-

2022 2096 2193 2154 rctur,
2221 2088 2485 2159 sedquod
2514 2089 2582 2145 dc
2626 2090 2713 2155 iis,
2754 2105 2873 2160 qua:
2912 2092 3181 2160 proposita
3218 2104 3388 2147 erant
3414 2135 3431 2157 ,
3465 2096 3605 2147 anxie

2022 2194 2085 2234 ac
2113 2180 2344 2234 sollicito
2386 2182 2568 2237 animo
2604 2191 2767 2238 esset.
2797 2181 2885 2238 Sic
2912 2184 3055 2239 enim
3086 2199 3275 2240 secum
3319 2188 3603 2257 cogitatui,

2023 2271 2129 2325 nisi
2152 2282 2303 2341 pater
2330 2287 2451 2327 eum
2494 2272 2802 2343 participem
2848 2290 3030 2329 earum
3078 2293 3261 2330 rerum
3304 2294 3433 2348 quze
3462 2295 3601 2350 gere-

2021 2362 2215 2416 bantur
2238 2362 2490 2419 adhibere
2521 2365 2812 2432 voluisset,
2862 2365 3081 2421 minimc
3122 2366 3397 2422 facturum
3432 2370 3599 2432 fuisse,

2021 2467 2081 2512 ut
2109 2458 2277 2513 servis
2301 2458 2432 2513 infra
2457 2474 2675 2515 manere
2690 2459 2875 2529 jussis,
2896 2460 3067 2531 ipsum
3085 2460 3259 2516 solum
3283 2476 3597 2519 assumeret.

2020 2550 2102 2607 Oh
2129 2550 2286 2621 idque
2314 2562 2423 2606 tum
2454 2552 2684 2623 denique
2733 2553 2902 2622 ipsum
2955 2554 3278 2623 interrogat,
3331 2570 3462 2609 eum
3503 2557 3597 2623 jam

2021 2642 2121 2697 soli
2146 2653 2346 2710 essent,
2366 2658 2465 2698 nec
2486 2644 2769 2714 quisquam
2795 2658 2856 2699 ea
2882 2658 3000 2714 qua:
3020 2643 3341 2700 dicebantur
3363 2646 3597 2701 audiret:

2022 2740 2167 2789 tanta
2218 2735 2367 2804 pueri
2396 2735 2677 2805 prudentia
2706 2744 2840 2789 erat.
2888 2737 3095 2790 Annon.
3121 2750 3335 2799 omnes,
3369 2748 3485 2791 tam
3513 2741 3598 2792 vin‘

2020 2842 2181 2898 quam
2225 2842 2446 2891 uxores,
2498 2827 2835 2883 incaluistis?
2878 2843 3056 2882 annon
3104 2830 3479 2899 unusquisque
3523 2846 3599 2881 ve-

2021 2928 2190 2975 strum
2220 2935 2454 2990 puerum;
2476 2920 2622 2974 illum
2648 2920 2827 2975 animo
2854 2919 3247 2991 complectitur,
3292 2930 3348 2975 et
3373 2936 3598 2977 exoscu-

2021 3011 2183 3075 latur,
2233 3010 2674 3083 prudentiamque
2718 3011 2960 3082 suscipit,
2990 3021 3147 3083 atque
3196 3013 3369 3083 ipsius
3412 3014 3599 3084 pietate

2021 3111 2408 3167 commovetur,
2441 3118 2545 3175 qua
2586 3104 2746 3159 liehat
2786 3113 2863 3166 ut,
2896 3118 3017 3159 cum
3058 3105 3221 3159 etiam
3258 3105 3604 3177 colligarcter

2021 3209 2085 3248 ac
2110 3209 2240 3265 rogo
2266 3195 2648 3265 imponeretur,
2677 3209 2780 3249 non
2812 3203 2956 3251 metu
2982 3206 3365 3253 concuteretur
3392 3213 3503 3254 nec
3522 3215 3599 3253 re-

2021 3286 2192 3341 siliret
2220 3300 2317 3341 nec
2344 3295 2547 3356 patrem
2576 3295 2635 3341 ut
2660 3285 2842 3343 furore
2870 3289 3130 3358 percitum
3158 3302 3488 3357 accusaret;
3519 3307 3605 3346 ve-

2021 3392 2139 3433 rum
2180 3385 2236 3433 et
2261 3377 2487 3432 vinculis
2525 3378 2913 3449 astringerctur
2936 3387 2993 3436 et
3036 3380 3319 3437 tolleretur
3341 3398 3407 3437 ac
3442 3384 3604 3453 impo-

2022 3478 2259 3537 neretur,
2285 3478 2599 3541 cunctaque,
2619 3471 2765 3526 velut
2789 3485 2960 3543 agnus
2978 3473 3263 3544 quispiam,
3292 3476 3379 3530 vel
3410 3480 3602 3545 potiris,

2023 3574 2082 3620 ut
2108 3564 2405 3619 communis
2432 3564 2668 3619 omnium
2698 3564 2950 3620 Dominus
2969 3605 2986 3631 ,
3018 3567 3243 3622 silentio
3272 3568 3450 3625 ferret
3470 3574 3493 3621 ἲ
3524 3572 3609 3626 D-

2028 3657 2172 3711 enim
2195 3655 2339 3710 illius
2359 3655 2826 3712 mansuetudinem
2845 3657 3166 3722 imitabatur,
3186 3674 3249 3714 ac
3271 3662 3510 3730 ﬁguram
3538 3674 3607 3716 te-

2024 3748 2204 3805 nebat.
2234 3747 2517 3814 Tamquam
2545 3750 2650 3803 ovis
2675 3750 2839 3810 enim,
2863 3752 3051 3821 inquit,
3083 3752 3155 3805 ad
3182 3756 3498 3808 occisionem
3527 3758 3609 3807 άιο

2024 3850 2134 3895 ctus
2162 3849 2255 3906 est,
2292 3849 2339 3894 et
2384 3840 2530 3911 quasi
2570 3856 2731 3912 agnus
2772 3858 2943 3896 coram
2985 3843 3224 3898 tondente
3264 3862 3324 3899 se
3362 3848 3609 3900 obium

2026 3932 2178 4007 (Isai.
2207 3933 2384 4005 55.7).
2409 3933 2569 4003 Atqui
2599 3934 2842 4003 loquutus
2871 3945 2953 3990 est
2972 3935 3105 3999 iste;
3139 3951 3261 3991 nam
3280 3946 3337 3991 et
3355 3938 3607 3993 υυωίυιε

2024 4040 2238 4098 quoque
2284 4025 2451 4096 ipsius
2490 4026 2737 4095 loquutus
2789 4034 2871 4082 est
2914 4043 3194 4097 :quonam
3244 4030 3407 4099 igitur
3456 4034 3610 4085 meo

2024 4116 2330 4173 obmutuit?
2358 4117 2469 4172 Hoc
2495 4128 2599 4184 est,
2631 4117 2760 4172 nihil
2787 4132 3064 4189 arrogans,
3098 4120 3231 4174 nihil
3262 4136 3527 4191 asperum
3550 4124 3611 4174 lu-

2026 4220 2223 4281 quutus
2246 4219 2348 4276 est,
2374 4211 2467 4265 sed
2493 4210 2683 4265 blanda
2715 4212 2893 4265 omnia
2922 4223 2976 4267 et
3006 4226 3282 4267 mansueta
3306 4230 3322 4279 ;
3354 4230 3418 4268 ac
3454 4218 3607 4270 verba

2027 4301 2139 4371 ipsa
2170 4301 2284 4372 plus
2328 4301 2751 4357 mansuetudinis
2788 4317 2897 4372 prae
2938 4316 2996 4356 se
3036 4301 3319 4367 ferebant,
3363 4321 3529 4374 quam
3568 4321 3604 4356 si

2029 4396 2297 4452 tacuisset.
2330 4394 2768 4464 Quandoquidem
2805 4396 2963 4449 etiam
2994 4392 3240 4452 Christus
3276 4397 3516 4461 dicebat,
3553 4397 3604 4450 Si

2028 4490 2157 4543 male
2185 4490 2415 4555 loquutus
2445 4505 2556 4541 sum
2578 4528 2596 4555 ,
2628 4488 2959 4543 testimonium
2998 4488 3204 4557 perlu'be
3242 4490 3307 4542 de
3354 4492 3534 4553 male;
3568 4492 3604 4539 si

2026 4592 2194 4637 autem
2222 4580 2363 4648 bene,
2392 4581 2513 4649 quid
2554 4597 2632 4635 me
2672 4580 2824 4634 caedis
2859 4579 3034 4649 (Ioan.
3066 4581 3152 4634 l8.
3184 4581 3317 4649 25)?
3351 4593 3407 4636 et
3436 4592 3599 4634 tamen

2026 4674 2105 4729 sic
2138 4672 2596 4727 mansuetudinem
2628 4687 2775 4726 suam
2808 4673 2973 4741 magis
2998 4671 3328 4734 declaravit,
3369 4689 3531 4741 quam
3566 4674 3601 4723 si

2028 4766 2239 4820 silentio
2265 4779 2391 4818 usus
2422 4763 2624 4819 fuiSset.
2661 4763 2727 4818 Et
2756 4772 2811 4817 ut
2844 4761 2928 4817 hic
2956 4764 3089 4832 patri
3115 4779 3179 4817 ex
3211 4765 3400 4831 altari,
3429 4766 3507 4819 sic
3528 4765 3603 4818 ille

2027 4859 2184 4913 etiam
2216 4872 2247 4912 e
2283 4871 2442 4910 cruce
2485 4856 2735 4925 loquitur,
2772 4853 2947 4919 Pater,
2982 4856 3179 4908 dimitte
3204 4856 3333 4917 illis,
3372 4858 3491 4925 quia
3524 4872 3601 4906 nr-

2028 4953 2189 5007 sciunt
2213 4950 2334 5021 quid
2361 4950 2551 5019 faciunt
2584 4947 2734 5019 (Luc.
2765 4948 2857 5001 25.
2882 4948 2994 5016 54).
3037 4948 3174 5012 Quid
3217 4948 3386 5017 igitur
3420 4948 3487 5001 ad
3516 4950 3599 5000 isu

2030 5044 2366 5115 patriarcha?
2400 5042 2539 5096 Deus
2565 5043 2836 5113 providebit
2863 5043 2955 5095 sibi
2988 5043 3243 5095 victimant
3272 5046 3326 5096 in
3368 5047 3601 5097 holocau-

2029 5149 2180 5203 stum,
2210 5138 2285 5205 ﬁli
2309 5136 2459 5205 (Gen.
2493 5135 2582 5189 22.
2613 5134 2929 5205 8).Uterque
2958 5139 3441 5192 natura'vocabula
3464 5152 3602 5190 us::r-

2029 5240 2155 5303 pat:
2186 5231 2276 5285 ille
2307 5230 2537 5293 Patrem,
2568 5230 2651 5283 hic
2678 5228 2838 5281 lilium
2864 5237 3033 5281 vocat.
3064 5230 3142 5281 Ac
3162 5244 3327 5296 grave
3348 5232 3599 5293 utrimque

2028 5323 2225 5378 bellum
2254 5322 2535 5384 excitatur,
2568 5332 2726 5388 atque
2755 5320 2938 5388 ingens
2972 5329 3301 5387 tempestas;
3354 5336 3599 5387 nusquam

2028 5425 2205 5472 tamen
2249 5412 2577 5483 naufragium
2609 5427 2623 5465 :
2667 5410 2998 5481 philosophia
3030 5412 3173 5463 enim
3206 5412 3395 5464 omnia
3430 5414 3597 5463 vinci.

2028 5507 2228 5563 Deinde
2257 5516 2313 5561 ut
2342 5507 2431 5560 Dei
2476 5519 2670 5560 nomen
2703 5502 2923 5567 audivit,
2958 5504 3165 5558 nullum
3206 5506 3348 5559 ultra
3391 5509 3597 5558 verbosa

2028 5599 2250 5664 addidit,
2277 5614 2377 5655 nec
2396 5598 2656 5652 curiosius
2681 5596 2954 5667 inquisivit
2980 5612 2992 5647 :
3026 5612 3192 5663 usque
3213 5597 3353 5651 adeo
3383 5599 3605 5666 prudens

2032 5702 2145 5749 erat
2176 5692 2257 5747 hic
2286 5707 2435 5763 puer,
2466 5690 2621 5761 idque
2662 5690 2715 5744 in
2756 5690 2868 5758 ipso
2894 5689 3063 5743 attatis
3093 5688 3248 5745 ﬂore.
3297 5690 3462 5745 Vides
3486 5698 3601 5759 qua
