  <div class='ocr_page' id='page_1' title='image "/cluster/home/n/w/nwhite01/storage/ocr_20150623/61/hvd.32044019190461/422.png"; bbox 0 0 3712 6212; ppageno 0'>
   <div class='ocr_carea' id='block_1_1' title="bbox 156 308 243 366">
    <p class='ocr_par' dir='ltr' id='par_1_1' title="bbox 156 308 243 366">
     <span class='ocr_line' id='line_1_1' title="bbox 156 308 243 366; baseline 0.011 -1"><span class='ocrx_word' id='word_1_1' title='bbox 156 308 243 366; x_wconf 66' lang='lat'>615</span> 
     </span>
    </p>
   </div>
   <div class='ocr_carea' id='block_1_2' title="bbox 148 423 1642 502">
    <p class='ocr_par' dir='ltr' id='par_1_2' title="bbox 148 423 1642 502">
     <span class='ocr_line' id='line_1_2' title="bbox 148 423 1642 502; baseline 0.004 -19"><span class='ocrx_word' id='word_1_2' title='bbox 148 423 299 483; x_wconf 57' lang='grc' dir='ltr'>πάντα</span> <span class='ocrx_word' id='word_1_3' title='bbox 320 427 374 498; x_wconf 80' lang='grc' dir='ltr'>τῇ</span> <span class='ocrx_word' id='word_1_4' title='bbox 398 424 598 481; x_wconf 80' lang='grc' dir='ltr'>ἐκείνου</span> <span class='ocrx_word' id='word_1_5' title='bbox 615 430 765 500; x_wconf 74' lang='grc' dir='ltr'>φωνῇ</span> <span class='ocrx_word' id='word_1_6' title='bbox 794 428 1123 502; x_wconf 84' lang='grc' dir='ltr'>διηκόνηται.</span> <span class='ocrx_word' id='word_1_7' title='bbox 1146 434 1346 488; x_wconf 81' lang='grc' dir='ltr'>Σκόπει</span> <span class='ocrx_word' id='word_1_8' title='bbox 1364 433 1420 487; x_wconf 86' lang='grc' dir='ltr'>δέ</span> <span class='ocrx_word' id='word_1_9' title='bbox 1440 451 1454 466; x_wconf 78' lang='grc' dir='ltr'><strong>ο</strong></span> <span class='ocrx_word' id='word_1_10' title='bbox 1488 431 1642 499; x_wconf 84' lang='grc' dir='ltr'>Εἷπε,</span> 
     </span>
    </p>
   </div>
   <div class='ocr_carea' id='block_1_3' title="bbox 148 515 1644 598">
    <p class='ocr_par' dir='ltr' id='par_1_3' title="bbox 148 515 1644 598">
     <span class='ocr_line' id='line_1_3' title="bbox 148 515 1644 598; baseline 0.006 -25"><span class='ocrx_word' id='word_1_11' title='bbox 148 518 339 591; x_wconf 81' lang='grc' dir='ltr'>Σφάξον,</span> <span class='ocrx_word' id='word_1_12' title='bbox 364 518 447 572; x_wconf 75' lang='grc' dir='ltr'>καὶ</span> <span class='ocrx_word' id='word_1_13' title='bbox 504 515 707 584; x_wconf 79' lang='grc' dir='ltr'>εὐθέως</span> <span class='ocrx_word' id='word_1_14' title='bbox 745 520 1013 585; x_wconf 79' lang='grc' dir='ltr'>ὡπλίζετο</span> <span class='ocrx_word' id='word_1_15' title='bbox 1037 538 1050 551; x_wconf 89' lang='grc'><strong>·</strong></span> <span class='ocrx_word' id='word_1_16' title='bbox 1093 518 1235 588; x_wconf 75' lang='grc' dir='ltr'>εἶπε,</span> <span class='ocrx_word' id='word_1_17' title='bbox 1282 525 1372 597; x_wconf 85' lang='grc' dir='ltr'>Μὴ</span> <span class='ocrx_word' id='word_1_18' title='bbox 1416 526 1644 598; x_wconf 79' lang='grc' dir='ltr'>σφάξῃς,</span> 
     </span>
    </p>
   </div>
   <div class='ocr_carea' id='block_1_4' title="bbox 147 610 1647 688">
    <p class='ocr_par' dir='ltr' id='par_1_4' title="bbox 147 610 1647 688">
     <span class='ocr_line' id='line_1_4' title="bbox 147 610 1647 688; baseline 0.001 -21"><span class='ocrx_word' id='word_1_19' title='bbox 147 614 226 667; x_wconf 82' lang='grc' dir='ltr'>καὶ</span> <span class='ocrx_word' id='word_1_20' title='bbox 247 610 414 675; x_wconf 77' lang='grc' dir='ltr'>εὐθέως</span> <span class='ocrx_word' id='word_1_21' title='bbox 448 611 815 681; x_wconf 80' lang='grc' dir='ltr'>ἀφωπλίζετο·</span> <span class='ocrx_word' id='word_1_22' title='bbox 858 615 953 669; x_wconf 74' lang='grc' dir='ltr'>καὶ</span> <span class='ocrx_word' id='word_1_23' title='bbox 984 614 1091 686; x_wconf 99' lang='lat'>7&amp;9</span> <span class='ocrx_word' id='word_1_24' title='bbox 1118 611 1186 686; x_wconf 80' lang='grc' dir='ltr'>ἦν</span> <span class='ocrx_word' id='word_1_25' title='bbox 1210 617 1385 671; x_wconf 85' lang='grc' dir='ltr'>πάντα</span> <span class='ocrx_word' id='word_1_26' title='bbox 1416 619 1647 688; x_wconf 86' lang='grc' dir='ltr'>ἀπηρτι-</span> 
     </span>
    </p>
   </div>
   <div class='ocr_carea' id='block_1_5' title="bbox 145 702 1645 780">
    <p class='ocr_par' dir='ltr' id='par_1_5' title="bbox 145 702 1645 780">
     <span class='ocr_line' id='line_1_5' title="bbox 145 702 1645 780; baseline 0.005 -24"><span class='ocrx_word' id='word_1_27' title='bbox 145 702 306 773; x_wconf 82' lang='grc' dir='ltr'>σμένα.</span> <span class='ocrx_word' id='word_1_28' title='bbox 344 702 437 755; x_wconf 86' lang='lat' dir='ltr'>Kal</span> <span class='ocrx_word' id='word_1_29' title='bbox 480 702 687 757; x_wconf 84' lang='grc' dir='ltr'>ἐδείκνυ</span> <span class='ocrx_word' id='word_1_30' title='bbox 738 703 923 758; x_wconf 70' lang='grc' dir='ltr'>λοιπὸν</span> <span class='ocrx_word' id='word_1_31' title='bbox 950 708 978 760; x_wconf 93' lang='lat'>6</span> <span class='ocrx_word' id='word_1_32' title='bbox 1022 705 1154 770; x_wconf 69' lang='grc' dir='ltr'>Θεὸς</span> <span class='ocrx_word' id='word_1_33' title='bbox 1181 708 1273 760; x_wconf 81' lang='grc' dir='ltr'>τὸν</span> <span class='ocrx_word' id='word_1_34' title='bbox 1307 709 1645 780; x_wconf 71' lang='grc' dir='ltr'>στρατιώτην</span> 
     </span>
    </p>
   </div>
   <div class='ocr_carea' id='block_1_6' title="bbox 139 796 1644 872">
    <p class='ocr_par' dir='ltr' id='par_1_6' title="bbox 139 796 1644 872">
     <span class='ocr_line' id='line_1_6' title="bbox 139 796 1644 872; baseline 0.002 -22"><span class='ocrx_word' id='word_1_35' title='bbox 139 797 221 850; x_wconf 80' lang='grc' dir='ltr'>καὶ</span> <span class='ocrx_word' id='word_1_36' title='bbox 253 796 523 867; x_wconf 83' lang='grc' dir='ltr'>στρατηγὸν</span> <span class='ocrx_word' id='word_1_37' title='bbox 578 798 645 867; x_wconf 80' lang='grc' dir='ltr'>τῇ</span> <span class='ocrx_word' id='word_1_38' title='bbox 686 796 1005 870; x_wconf 82' lang='grc' dir='ltr'>οἰκουμένῃ,</span> <span class='ocrx_word' id='word_1_39' title='bbox 1059 798 1151 851; x_wconf 83' lang='grc' dir='ltr'>τὸν</span> <span class='ocrx_word' id='word_1_40' title='bbox 1200 800 1527 871; x_wconf 79' lang='grc' dir='ltr'>στεφανίτην</span> <span class='ocrx_word' id='word_1_41' title='bbox 1565 801 1644 872; x_wconf 83' lang='grc' dir='ltr'>τῷ</span> 
     </span>
    </p>
   </div>
   <div class='ocr_carea' id='block_1_7' title="bbox 136 887 1643 961">
    <p class='ocr_par' dir='ltr' id='par_1_7' title="bbox 136 887 1643 961">
     <span class='ocr_line' id='line_1_7' title="bbox 136 887 1643 961; baseline 0.002 -19"><span class='ocrx_word' id='word_1_42' title='bbox 136 888 316 959; x_wconf 81' lang='grc' dir='ltr'>θεάτρῳ</span> <span class='ocrx_word' id='word_1_43' title='bbox 339 887 432 940; x_wconf 84' lang='grc' dir='ltr'>τῶν</span> <span class='ocrx_word' id='word_1_44' title='bbox 479 889 749 958; x_wconf 87' lang='grc' dir='ltr'>ἀγγέλων,</span> <span class='ocrx_word' id='word_1_45' title='bbox 780 888 871 944; x_wconf 81' lang='grc' dir='ltr'>τὸν</span> <span class='ocrx_word' id='word_1_46' title='bbox 903 890 1073 961; x_wconf 77' lang='grc' dir='ltr'>ἱερέα,</span> <span class='ocrx_word' id='word_1_47' title='bbox 1117 892 1209 944; x_wconf 86' lang='grc' dir='ltr'>τὸν</span> <span class='ocrx_word' id='word_1_48' title='bbox 1261 891 1504 961; x_wconf 80' lang='grc' dir='ltr'>βασιλέα,</span> <span class='ocrx_word' id='word_1_49' title='bbox 1552 892 1643 945; x_wconf 75' lang='grc' dir='ltr'>τὸν</span> 
     </span>
    </p>
   </div>
   <div class='ocr_carea' id='block_1_8' title="bbox 129 980 1638 1054">
    <p class='ocr_par' dir='ltr' id='par_1_8' title="bbox 129 980 1638 1054">
     <span class='ocr_line' id='line_1_8' title="bbox 129 980 1638 1054; baseline 0.001 -20"><span class='ocrx_word' id='word_1_50' title='bbox 129 980 409 1051; x_wconf 60' lang='grc' dir='ltr'>δῖαδήματος</span> <span class='ocrx_word' id='word_1_51' title='bbox 450 980 648 1050; x_wconf 79' lang='grc' dir='ltr'>μᾶλλον</span> <span class='ocrx_word' id='word_1_52' title='bbox 679 984 745 1051; x_wconf 78' lang='grc' dir='ltr'>τῇ</span> <span class='ocrx_word' id='word_1_53' title='bbox 781 982 1022 1053; x_wconf 70' lang='grc' dir='ltr'>μαχαίρᾳ</span> <span class='ocrx_word' id='word_1_54' title='bbox 1063 982 1516 1054; x_wconf 80' lang='grc' dir='ltr'>στεφανούμενον,</span> <span class='ocrx_word' id='word_1_55' title='bbox 1551 983 1638 1036; x_wconf 83' lang='grc' dir='ltr'>τὸν</span> 
     </span>
    </p>
   </div>
   <div class='ocr_carea' id='block_1_9' title="bbox 127 1070 1640 1145">
    <p class='ocr_par' dir='ltr' id='par_1_9' title="bbox 127 1070 1640 1145">
     <span class='ocr_line' id='line_1_9' title="bbox 127 1070 1640 1145; baseline 0.001 -19"><span class='ocrx_word' id='word_1_56' title='bbox 127 1070 461 1143; x_wconf 81' lang='grc' dir='ltr'>τροπαιοῦχον,</span> <span class='ocrx_word' id='word_1_57' title='bbox 493 1071 584 1125; x_wconf 83' lang='grc' dir='ltr'>τὸν</span> <span class='ocrx_word' id='word_1_58' title='bbox 638 1072 887 1144; x_wconf 84' lang='grc' dir='ltr'>ἀριστέα,</span> <span class='ocrx_word' id='word_1_59' title='bbox 923 1074 1015 1125; x_wconf 84' lang='grc' dir='ltr'>τὸν</span> <span class='ocrx_word' id='word_1_60' title='bbox 1060 1075 1228 1145; x_wconf 67' lang='grc' dir='ltr'>χωρὶς</span> <span class='ocrx_word' id='word_1_61' title='bbox 1258 1074 1532 1145; x_wconf 89' lang='grc' dir='ltr'>συμϐολῆς</span> <span class='ocrx_word' id='word_1_62' title='bbox 1561 1092 1640 1128; x_wconf 90' lang='grc' dir='ltr'>νι-</span> 
     </span>
    </p>
   </div>
   <div class='ocr_carea' id='block_1_10' title="bbox 126 1163 1639 1237">
    <p class='ocr_par' dir='ltr' id='par_1_10' title="bbox 126 1163 1639 1237">
     <span class='ocr_line' id='line_1_10' title="bbox 126 1163 1639 1237; baseline 0 -19"><span class='ocrx_word' id='word_1_63' title='bbox 126 1166 294 1237; x_wconf 88' lang='grc' dir='ltr'>κητήν.</span> <span class='ocrx_word' id='word_1_64' title='bbox 318 1165 414 1218; x_wconf 91' lang='lat' dir='ltr'>Kal</span> <span class='ocrx_word' id='word_1_65' title='bbox 446 1164 557 1235; x_wconf 82' lang='lat'>7&amp;9</span> <span class='ocrx_word' id='word_1_66' title='bbox 591 1163 777 1237; x_wconf 83' lang='grc' dir='ltr'>ὥσπερ</span> <span class='ocrx_word' id='word_1_67' title='bbox 804 1164 869 1218; x_wconf 84' lang='grc' dir='ltr'>ἂν</span> <span class='ocrx_word' id='word_1_68' title='bbox 894 1164 949 1217; x_wconf 83' lang='grc' dir='ltr'>εῖ</span> <span class='ocrx_word' id='word_1_69' title='bbox 980 1182 1062 1228; x_wconf 90' lang='grc' dir='ltr'>τις</span> <span class='ocrx_word' id='word_1_70' title='bbox 1093 1167 1393 1237; x_wconf 86' lang='grc' dir='ltr'>στρατηγὸς</span> <span class='ocrx_word' id='word_1_71' title='bbox 1418 1168 1639 1237; x_wconf 80' lang='grc' dir='ltr'>ἄριστον</span> 
     </span>
    </p>
   </div>
   <div class='ocr_carea' id='block_1_11' title="bbox 121 1253 1639 1328">
    <p class='ocr_par' dir='ltr' id='par_1_11' title="bbox 121 1253 1639 1328">
     <span class='ocr_line' id='line_1_11' title="bbox 121 1253 1639 1328; baseline 0.003 -22"><span class='ocrx_word' id='word_1_72' title='bbox 121 1254 246 1325; x_wconf 79' lang='grc' dir='ltr'>ιχων</span> <span class='ocrx_word' id='word_1_73' title='bbox 274 1253 606 1327; x_wconf 82' lang='grc' dir='ltr'>στρατιώτην,</span> <span class='ocrx_word' id='word_1_74' title='bbox 633 1254 740 1308; x_wconf 83' lang='grc' dir='ltr'>ἀπὸ</span> <span class='ocrx_word' id='word_1_75' title='bbox 762 1256 861 1327; x_wconf 86' lang='grc' dir='ltr'>τῆς</span> <span class='ocrx_word' id='word_1_76' title='bbox 885 1254 1216 1326; x_wconf 79' lang='grc' dir='ltr'>όπλοδεξιᾶς,</span> <span class='ocrx_word' id='word_1_77' title='bbox 1247 1256 1356 1310; x_wconf 83' lang='grc' dir='ltr'>ἀπὸ</span> <span class='ocrx_word' id='word_1_78' title='bbox 1383 1257 1481 1328; x_wconf 88' lang='grc' dir='ltr'>τῆς</span> <span class='ocrx_word' id='word_1_79' title='bbox 1506 1257 1639 1310; x_wconf 82' lang='grc' dir='ltr'>στά-</span> 
     </span>
    </p>
   </div>
   <div class='ocr_carea' id='block_1_12' title="bbox 120 1344 1635 1417">
    <p class='ocr_par' dir='ltr' id='par_1_12' title="bbox 120 1344 1635 1417">
     <span class='ocr_line' id='line_1_12' title="bbox 120 1344 1635 1417; baseline 0.003 -20"><span class='ocrx_word' id='word_1_80' title='bbox 120 1345 378 1409; x_wconf 82' lang='grc' dir='ltr'>σεως,ἀπὸ</span> <span class='ocrx_word' id='word_1_81' title='bbox 416 1345 509 1415; x_wconf 86' lang='grc' dir='ltr'>τῆς</span> <span class='ocrx_word' id='word_1_82' title='bbox 564 1344 754 1416; x_wconf 72' lang='grc' dir='ltr'>ῥώμης</span> <span class='ocrx_word' id='word_1_83' title='bbox 788 1346 1150 1417; x_wconf 86' lang='grc' dir='ltr'>καταπλήξειε</span> <span class='ocrx_word' id='word_1_84' title='bbox 1198 1348 1290 1401; x_wconf 80' lang='grc' dir='ltr'>τὸν</span> <span class='ocrx_word' id='word_1_85' title='bbox 1332 1348 1635 1401; x_wconf 77' lang='grc' dir='ltr'>ἀντίδικονο</span> 
     </span>
    </p>
   </div>
   <div class='ocr_carea' id='block_1_13' title="bbox 117 1434 1634 1511">
    <p class='ocr_par' dir='ltr' id='par_1_13' title="bbox 117 1434 1634 1511">
     <span class='ocr_line' id='line_1_13' title="bbox 117 1434 1634 1511; baseline 0.003 -24"><span class='ocrx_word' id='word_1_86' title='bbox 117 1434 343 1489; x_wconf 72' lang='grc' dir='ltr'>οὕτωκαὶ</span> <span class='ocrx_word' id='word_1_87' title='bbox 382 1436 409 1488; x_wconf 97' lang='lat'>6</span> <span class='ocrx_word' id='word_1_88' title='bbox 445 1435 596 1499; x_wconf 76' lang='grc' dir='ltr'>Θεὸς,</span> <span class='ocrx_word' id='word_1_89' title='bbox 633 1436 740 1489; x_wconf 73' lang='grc' dir='ltr'>ἀπὸ</span> <span class='ocrx_word' id='word_1_90' title='bbox 764 1437 864 1507; x_wconf 84' lang='grc' dir='ltr'>τῆς</span> <span class='ocrx_word' id='word_1_91' title='bbox 888 1436 1131 1507; x_wconf 85' lang='grc' dir='ltr'>γνώμης,</span> <span class='ocrx_word' id='word_1_92' title='bbox 1161 1438 1267 1492; x_wconf 85' lang='grc' dir='ltr'>ἀπὸ</span> <span class='ocrx_word' id='word_1_93' title='bbox 1285 1438 1380 1493; x_wconf 89' lang='grc' dir='ltr'>τοῦ</span> <span class='ocrx_word' id='word_1_94' title='bbox 1418 1440 1634 1511; x_wconf 86' lang='grc' dir='ltr'>σχήμα-</span> 
     </span>
    </p>
   </div>
   <div class='ocr_carea' id='block_1_14' title="bbox 117 1526 1635 1599">
    <p class='ocr_par' dir='ltr' id='par_1_14' title="bbox 117 1526 1635 1599">
     <span class='ocr_line' id='line_1_14' title="bbox 117 1526 1635 1599; baseline 0.006 -22"><span class='ocrx_word' id='word_1_95' title='bbox 117 1543 213 1591; x_wconf 83' lang='grc' dir='ltr'>τος,</span> <span class='ocrx_word' id='word_1_96' title='bbox 239 1526 335 1578; x_wconf 85' lang='grc' dir='ltr'>ἀπὸ</span> <span class='ocrx_word' id='word_1_97' title='bbox 354 1527 443 1597; x_wconf 88' lang='grc' dir='ltr'>τῆς</span> <span class='ocrx_word' id='word_1_98' title='bbox 474 1527 713 1591; x_wconf 87' lang='grc' dir='ltr'>στάσεως</span> <span class='ocrx_word' id='word_1_99' title='bbox 754 1529 920 1599; x_wconf 89' lang='grc' dir='ltr'>μόνης</span> <span class='ocrx_word' id='word_1_100' title='bbox 950 1528 1042 1582; x_wconf 84' lang='grc' dir='ltr'>τοῦ</span> <span class='ocrx_word' id='word_1_101' title='bbox 1072 1530 1281 1584; x_wconf 79' lang='grc' dir='ltr'>δικαίου</span> <span class='ocrx_word' id='word_1_102' title='bbox 1321 1530 1409 1583; x_wconf 79' lang='grc' dir='ltr'>τὸν</span> <span class='ocrx_word' id='word_1_103' title='bbox 1459 1534 1635 1586; x_wconf 81' lang='grc' dir='ltr'>κοινὸν</span> 
     </span>
    </p>
   </div>
   <div class='ocr_carea' id='block_1_15' title="bbox 117 1617 1633 1693">
    <p class='ocr_par' dir='ltr' id='par_1_15' title="bbox 117 1617 1633 1693">
     <span class='ocr_line' id='line_1_15' title="bbox 117 1617 1633 1693; baseline 0.003 -22"><span class='ocrx_word' id='word_1_104' title='bbox 117 1617 506 1689; x_wconf 74' lang='grc' dir='ltr'>ἔιπάντωνήμῶν</span> <span class='ocrx_word' id='word_1_105' title='bbox 535 1617 726 1689; x_wconf 85' lang='grc' dir='ltr'>ἐχθρὸν</span> <span class='ocrx_word' id='word_1_106' title='bbox 757 1620 1003 1674; x_wconf 87' lang='grc' dir='ltr'>διάϐολον</span> <span class='ocrx_word' id='word_1_107' title='bbox 1030 1620 1336 1692; x_wconf 78' lang='grc' dir='ltr'>κατέπληξε</span> <span class='ocrx_word' id='word_1_108' title='bbox 1366 1624 1461 1677; x_wconf 79' lang='grc' dir='ltr'>καὶ</span> <span class='ocrx_word' id='word_1_109' title='bbox 1499 1624 1633 1693; x_wconf 88' lang='grc' dir='ltr'>ἐφυ-</span> 
     </span>
    </p>
   </div>
   <div class='ocr_carea' id='block_1_16' title="bbox 117 1707 1632 1785">
    <p class='ocr_par' dir='ltr' id='par_1_16' title="bbox 117 1707 1632 1785">
     <span class='ocr_line' id='line_1_16' title="bbox 117 1707 1632 1785; baseline 0.004 -21"><span class='ocrx_word' id='word_1_110' title='bbox 117 1709 442 1777; x_wconf 67' lang='grc' dir='ltr'>τάδευσε.Καὶ</span> <span class='ocrx_word' id='word_1_111' title='bbox 464 1710 571 1781; x_wconf 87' lang='lat'>7&amp;9</span> <span class='ocrx_word' id='word_1_112' title='bbox 590 1707 740 1780; x_wconf 77' lang='grc' dir='ltr'>οἶμαι</span> <span class='ocrx_word' id='word_1_113' title='bbox 773 1713 1021 1765; x_wconf 86' lang='grc' dir='ltr'>κάκεῖνον</span> <span class='ocrx_word' id='word_1_114' title='bbox 1049 1712 1170 1766; x_wconf 88' lang='grc' dir='ltr'>τότε</span> <span class='ocrx_word' id='word_1_115' title='bbox 1211 1714 1473 1785; x_wconf 84' lang='grc' dir='ltr'>φρίξαντα</span> <span class='ocrx_word' id='word_1_116' title='bbox 1498 1717 1632 1770; x_wconf 82' lang='grc' dir='ltr'>ἀνα-</span> 
     </span>
    </p>
   </div>
   <div class='ocr_carea' id='block_1_17' title="bbox 117 1803 1630 1873">
    <p class='ocr_par' dir='ltr' id='par_1_17' title="bbox 117 1803 1630 1873">
     <span class='ocr_line' id='line_1_17' title="bbox 117 1803 1630 1873; baseline 0.005 -18"><span class='ocrx_word' id='word_1_117' title='bbox 117 1803 343 1873; x_wconf 70' lang='grc' dir='ltr'>ίωρῆσαι.</span> <span class='ocrx_word' id='word_1_118' title='bbox 391 1803 451 1856; x_wconf 80' lang='grc' dir='ltr'><strong>Εἰ</strong></span> <span class='ocrx_word' id='word_1_119' title='bbox 498 1803 556 1856; x_wconf 87' lang='grc' dir='ltr'>δὲ</span> <span class='ocrx_word' id='word_1_120' title='bbox 602 1803 750 1871; x_wconf 82' lang='grc' dir='ltr'>λέγοι</span> <span class='ocrx_word' id='word_1_121' title='bbox 785 1820 892 1868; x_wconf 80' lang='grc' dir='ltr'>τις’</span> <span class='ocrx_word' id='word_1_122' title='bbox 952 1805 1066 1859; x_wconf 87' lang='lat' dir='ltr'>Kal</span> <span class='ocrx_word' id='word_1_123' title='bbox 1112 1806 1260 1870; x_wconf 83' lang='grc' dir='ltr'>τίνος</span> <span class='ocrx_word' id='word_1_124' title='bbox 1308 1807 1493 1861; x_wconf 84' lang='grc' dir='ltr'>ἐνεκεν</span> <span class='ocrx_word' id='word_1_125' title='bbox 1531 1808 1630 1862; x_wconf 90' lang='grc' dir='ltr'>οὐκ</span> 
     </span>
    </p>
   </div>
   <div class='ocr_carea' id='block_1_18' title="bbox 118 1894 1627 1972">
    <p class='ocr_par' dir='ltr' id='par_1_18' title="bbox 118 1894 1627 1972">
     <span class='ocr_line' id='line_1_18' title="bbox 118 1894 1627 1972; baseline 0.005 -24"><span class='ocrx_word' id='word_1_126' title='bbox 118 1897 235 1948; x_wconf 66' lang='lat' dir='ltr'>facs</span> <span class='ocrx_word' id='word_1_127' title='bbox 265 1894 608 1967; x_wconf 84' lang='grc' dir='ltr'>βαπτισθῆναι</span> <span class='ocrx_word' id='word_1_128' title='bbox 629 1895 726 1966; x_wconf 82' lang='grc' dir='ltr'>τὴν</span> <span class='ocrx_word' id='word_1_129' title='bbox 753 1895 951 1962; x_wconf 83' lang='grc' dir='ltr'>δεξιάν,</span> <span class='ocrx_word' id='word_1_130' title='bbox 978 1894 1097 1951; x_wconf 74' lang='grc' dir='ltr'>εἶτα</span> <span class='ocrx_word' id='word_1_131' title='bbox 1130 1899 1324 1970; x_wconf 84' lang='grc' dir='ltr'>ἀθρόον</span> <span class='ocrx_word' id='word_1_132' title='bbox 1364 1902 1627 1972; x_wconf 83' lang='grc' dir='ltr'>ἀνέστησε</span> 
     </span>
    </p>
   </div>
   <div class='ocr_carea' id='block_1_19' title="bbox 117 1982 1629 2063">
    <p class='ocr_par' dir='ltr' id='par_1_19' title="bbox 117 1982 1629 2063">
     <span class='ocr_line' id='line_1_19' title="bbox 117 1982 1629 2063; baseline 0.006 -26"><span class='ocrx_word' id='word_1_133' title='bbox 117 1984 180 2037; x_wconf 76' lang='grc' dir='ltr'>’δν</span> <span class='ocrx_word' id='word_1_134' title='bbox 203 1985 612 2054; x_wconf 75' lang='grc' dir='ltr'>σφαγιασθέντας</span> <span class='ocrx_word' id='word_1_135' title='bbox 645 1987 766 2040; x_wconf 84' lang='grc' dir='ltr'>Ὀτι</span> <span class='ocrx_word' id='word_1_136' title='bbox 813 1987 932 2059; x_wconf 81' lang='grc' dir='ltr'>Θεῷ</span> <span class='ocrx_word' id='word_1_137' title='bbox 962 1982 1134 2059; x_wconf 73' lang='grc' dir='ltr'>θέμις</span> <span class='ocrx_word' id='word_1_138' title='bbox 1157 1991 1256 2043; x_wconf 90' lang='grc' dir='ltr'>οὐκ</span> <span class='ocrx_word' id='word_1_139' title='bbox 1305 1987 1373 2062; x_wconf 83' lang='grc' dir='ltr'>ἦν</span> <span class='ocrx_word' id='word_1_140' title='bbox 1421 1994 1629 2063; x_wconf 75' lang='grc' dir='ltr'>αἵματα</span> 
     </span>
    </p>
   </div>
   <div class='ocr_carea' id='block_1_20' title="bbox 118 2075 1624 2155">
    <p class='ocr_par' dir='ltr' id='par_1_20' title="bbox 118 2075 1624 2155">
     <span class='ocr_line' id='line_1_20' title="bbox 118 2075 1624 2155; baseline 0.005 -27"><span class='ocrx_word' id='word_1_141' title='bbox 118 2075 321 2145; x_wconf 85' lang='grc' dir='ltr'>έχεσθαι</span> <span class='ocrx_word' id='word_1_142' title='bbox 347 2075 586 2139; x_wconf 90' lang='grc' dir='ltr'>τοιαῦτα,</span> <span class='ocrx_word' id='word_1_143' title='bbox 608 2076 743 2130; x_wconf 86' lang='grc' dir='ltr'>ἀλλά</span> <span class='ocrx_word' id='word_1_144' title='bbox 772 2076 920 2149; x_wconf 70' lang='grc'>[452]</span> <span class='ocrx_word' id='word_1_145' title='bbox 948 2080 1264 2152; x_wconf 80' lang='grc' dir='ltr'>ἀλαστόρων</span> <span class='ocrx_word' id='word_1_146' title='bbox 1300 2081 1567 2153; x_wconf 80' lang='grc' dir='ltr'>δαιμόνων</span> <span class='ocrx_word' id='word_1_147' title='bbox 1592 2086 1624 2155; x_wconf 81' lang='grc' dir='ltr'>ἡ</span> 
     </span>
    </p>
   </div>
   <div class='ocr_carea' id='block_1_21' title="bbox 117 2166 1622 2244">
    <p class='ocr_par' dir='ltr' id='par_1_21' title="bbox 117 2166 1622 2244">
     <span class='ocr_line' id='line_1_21' title="bbox 117 2166 1622 2244; baseline 0.004 -25"><span class='ocrx_word' id='word_1_148' title='bbox 117 2166 291 2239; x_wconf 87' lang='grc' dir='ltr'>οιαύτη</span> <span class='ocrx_word' id='word_1_149' title='bbox 324 2167 583 2239; x_wconf 75' lang='grc' dir='ltr'>τράπεζα.</span> <span class='ocrx_word' id='word_1_150' title='bbox 612 2170 872 2224; x_wconf 83' lang='grc' dir='ltr'>Ἐνταῦθα</span> <span class='ocrx_word' id='word_1_151' title='bbox 903 2170 961 2224; x_wconf 87' lang='grc' dir='ltr'>δὲ</span> <span class='ocrx_word' id='word_1_152' title='bbox 1001 2172 1287 2244; x_wconf 88' lang='grc' dir='ltr'>ἀμφότερα</span> <span class='ocrx_word' id='word_1_153' title='bbox 1327 2174 1622 2242; x_wconf 81' lang='grc' dir='ltr'>ἐδείκνυτο,</span> 
     </span>
    </p>
   </div>
   <div class='ocr_carea' id='block_1_22' title="bbox 118 2255 1622 2332">
    <p class='ocr_par' dir='ltr' id='par_1_22' title="bbox 118 2255 1622 2332">
     <span class='ocr_line' id='line_1_22' title="bbox 118 2255 1622 2332; baseline 0.004 -23"><span class='ocrx_word' id='word_1_154' title='bbox 118 2260 175 2310; x_wconf 76' lang='grc' dir='ltr'>αἱ</span> <span class='ocrx_word' id='word_1_155' title='bbox 201 2259 231 2329; x_wconf 88' lang='grc' dir='ltr'>ή</span> <span class='ocrx_word' id='word_1_156' title='bbox 257 2255 341 2310; x_wconf 88' lang='grc' dir='ltr'>τοῦ</span> <span class='ocrx_word' id='word_1_157' title='bbox 370 2259 636 2311; x_wconf 88' lang='grc' dir='ltr'>Δεσπότου</span> <span class='ocrx_word' id='word_1_158' title='bbox 683 2258 1064 2330; x_wconf 82' lang='grc' dir='ltr'>φιλανθρωπία</span> <span class='ocrx_word' id='word_1_159' title='bbox 1102 2261 1195 2313; x_wconf 74' lang='grc' dir='ltr'>καὶ</span> <span class='ocrx_word' id='word_1_160' title='bbox 1230 2262 1263 2332; x_wconf 85' lang='grc' dir='ltr'>ή</span> <span class='ocrx_word' id='word_1_161' title='bbox 1305 2262 1400 2315; x_wconf 88' lang='grc' dir='ltr'>τοῦ</span> <span class='ocrx_word' id='word_1_162' title='bbox 1437 2262 1622 2316; x_wconf 84' lang='grc' dir='ltr'>δούλου</span> 
     </span>
    </p>
   </div>
   <div class='ocr_carea' id='block_1_23' title="bbox 117 2347 1621 2421">
    <p class='ocr_par' dir='ltr' id='par_1_23' title="bbox 117 2347 1621 2421">
     <span class='ocr_line' id='line_1_23' title="bbox 117 2347 1621 2421; baseline 0.005 -21"><span class='ocrx_word' id='word_1_163' title='bbox 117 2347 467 2419; x_wconf 69' lang='grc' dir='ltr'>ὒγνωμοσύνη.</span> <span class='ocrx_word' id='word_1_164' title='bbox 489 2349 598 2404; x_wconf 80' lang='grc' dir='ltr'>Καὶ</span> <span class='ocrx_word' id='word_1_165' title='bbox 622 2348 884 2419; x_wconf 84' lang='grc' dir='ltr'>πρότερον</span> <span class='ocrx_word' id='word_1_166' title='bbox 904 2350 1000 2419; x_wconf 85' lang='grc' dir='ltr'>μὲν</span> <span class='ocrx_word' id='word_1_167' title='bbox 1016 2349 1236 2420; x_wconf 84' lang='grc' dir='ltr'>ἐξῆλθεν</span> <span class='ocrx_word' id='word_1_168' title='bbox 1256 2350 1361 2402; x_wconf 83' lang='grc' dir='ltr'>ἀπὸ</span> <span class='ocrx_word' id='word_1_169' title='bbox 1374 2351 1473 2421; x_wconf 86' lang='grc' dir='ltr'>τῆς</span> <span class='ocrx_word' id='word_1_170' title='bbox 1498 2352 1621 2421; x_wconf 79' lang='grc' dir='ltr'>γῆς·</span> 
     </span>
    </p>
   </div>
   <div class='ocr_carea' id='block_1_24' title="bbox 117 2440 1623 2513">
    <p class='ocr_par' dir='ltr' id='par_1_24' title="bbox 117 2440 1623 2513">
     <span class='ocr_line' id='line_1_24' title="bbox 117 2440 1623 2513; baseline 0.001 -19"><span class='ocrx_word' id='word_1_171' title='bbox 117 2442 192 2494; x_wconf 78' lang='grc' dir='ltr'>5τε</span> <span class='ocrx_word' id='word_1_172' title='bbox 238 2441 291 2494; x_wconf 84' lang='grc' dir='ltr'>δὲ</span> <span class='ocrx_word' id='word_1_173' title='bbox 324 2441 427 2495; x_wconf 81' lang='grc' dir='ltr'>ἀπὸ</span> <span class='ocrx_word' id='word_1_174' title='bbox 461 2444 559 2511; x_wconf 83' lang='grc' dir='ltr'>τῆς</span> <span class='ocrx_word' id='word_1_175' title='bbox 584 2440 801 2511; x_wconf 90' lang='grc' dir='ltr'>φύσεως</span> <span class='ocrx_word' id='word_1_176' title='bbox 833 2442 1003 2510; x_wconf 84' lang='grc' dir='ltr'>αὐτῆς</span> <span class='ocrx_word' id='word_1_177' title='bbox 1034 2443 1371 2513; x_wconf 82' lang='grc' dir='ltr'>ἀνεχώρησε.</span> <span class='ocrx_word' id='word_1_178' title='bbox 1401 2442 1493 2496; x_wconf 83' lang='grc' dir='ltr'>Διὸ</span> <span class='ocrx_word' id='word_1_179' title='bbox 1530 2445 1623 2496; x_wconf 73' lang='grc' dir='ltr'>καὶ</span> 
     </span>
    </p>
   </div>
   <div class='ocr_carea' id='block_1_25' title="bbox 117 2530 1618 2602">
    <p class='ocr_par' dir='ltr' id='par_1_25' title="bbox 117 2530 1618 2602">
     <span class='ocr_line' id='line_1_25' title="bbox 117 2530 1618 2602; baseline 0 -17"><span class='ocrx_word' id='word_1_180' title='bbox 117 2531 226 2585; x_wconf 58' lang='grc' dir='ltr'>,αϐε</span> <span class='ocrx_word' id='word_1_181' title='bbox 254 2534 387 2602; x_wconf 86' lang='grc' dir='ltr'>μετά</span> <span class='ocrx_word' id='word_1_182' title='bbox 424 2530 582 2585; x_wconf 83' lang='grc' dir='ltr'>τόκου</span> <span class='ocrx_word' id='word_1_183' title='bbox 610 2530 671 2583; x_wconf 88' lang='lat'>16</span> <span class='ocrx_word' id='word_1_184' title='bbox 696 2530 1010 2601; x_wconf 86' lang='grc' dir='ltr'>κεφάλαιον·</span> <span class='ocrx_word' id='word_1_185' title='bbox 1042 2532 1136 2585; x_wconf 69' lang='grc' dir='ltr'>καὶ</span> <span class='ocrx_word' id='word_1_186' title='bbox 1178 2533 1323 2602; x_wconf 83' lang='grc' dir='ltr'>μάλα</span> <span class='ocrx_word' id='word_1_187' title='bbox 1356 2532 1581 2594; x_wconf 78' lang='grc' dir='ltr'>εἰκότως</span> <span class='ocrx_word' id='word_1_188' title='bbox 1602 2547 1618 2561; x_wconf 70' lang='grc' dir='ltr'><strong><em>ο</em></strong></span> 
     </span>
    </p>
   </div>
   <div class='ocr_carea' id='block_1_26' title="bbox 118 2622 1621 2694">
    <p class='ocr_par' dir='ltr' id='par_1_26' title="bbox 118 2622 1621 2694">
     <span class='ocr_line' id='line_1_26' title="bbox 118 2622 1621 2694; baseline 0 -18"><span class='ocrx_word' id='word_1_189' title='bbox 118 2624 238 2676; x_wconf 85' lang='grc' dir='ltr'>λετο</span> <span class='ocrx_word' id='word_1_190' title='bbox 268 2622 374 2694; x_wconf 84' lang='grc' dir='ltr'>γὰρ</span> <span class='ocrx_word' id='word_1_191' title='bbox 410 2623 484 2693; x_wconf 79' lang='grc' dir='ltr'>μὴ</span> <span class='ocrx_word' id='word_1_192' title='bbox 513 2622 779 2693; x_wconf 79' lang='grc' dir='ltr'>κληθῆναι</span> <span class='ocrx_word' id='word_1_193' title='bbox 805 2622 1007 2694; x_wconf 84' lang='grc' dir='ltr'>πατὴρ,</span> <span class='ocrx_word' id='word_1_194' title='bbox 1041 2623 1181 2676; x_wconf 84' lang='grc' dir='ltr'>ὥστε</span> <span class='ocrx_word' id='word_1_195' title='bbox 1210 2623 1395 2687; x_wconf 87' lang='grc' dir='ltr'>δοῦλος</span> <span class='ocrx_word' id='word_1_196' title='bbox 1419 2624 1621 2691; x_wconf 84' lang='grc' dir='ltr'>εὐγνώ-</span> 
     </span>
    </p>
   </div>
   <div class='ocr_carea' id='block_1_27' title="bbox 117 2714 1621 2786">
    <p class='ocr_par' dir='ltr' id='par_1_27' title="bbox 117 2714 1621 2786">
     <span class='ocr_line' id='line_1_27' title="bbox 117 2714 1621 2786; baseline 0.001 -19"><span class='ocrx_word' id='word_1_197' title='bbox 117 2732 182 2767; x_wconf 63' lang='lat' dir='ltr'>mw</span> <span class='ocrx_word' id='word_1_198' title='bbox 210 2716 462 2785; x_wconf 79' lang='grc' dir='ltr'>φανῆναι.</span> <span class='ocrx_word' id='word_1_199' title='bbox 515 2714 616 2767; x_wconf 88' lang='grc' dir='ltr'>Διά</span> <span class='ocrx_word' id='word_1_200' title='bbox 647 2714 807 2767; x_wconf 91' lang='grc' dir='ltr'>τοῦτο</span> <span class='ocrx_word' id='word_1_201' title='bbox 858 2716 978 2784; x_wconf 76' lang='grc' dir='ltr'>οὐχὶ</span> <span class='ocrx_word' id='word_1_202' title='bbox 1028 2714 1207 2786; x_wconf 80' lang='grc' dir='ltr'>πατὴρ</span> <span class='ocrx_word' id='word_1_203' title='bbox 1251 2715 1433 2785; x_wconf 88' lang='grc' dir='ltr'>μόνον,</span> <span class='ocrx_word' id='word_1_204' title='bbox 1483 2715 1621 2770; x_wconf 86' lang='grc' dir='ltr'>ἀλλά</span> 
     </span>
    </p>
   </div>
   <div class='ocr_carea' id='block_1_28' title="bbox 117 2804 1617 2877">
    <p class='ocr_par' dir='ltr' id='par_1_28' title="bbox 117 2804 1617 2877">
     <span class='ocr_line' id='line_1_28' title="bbox 117 2804 1617 2877; baseline 0.002 -19"><span class='ocrx_word' id='word_1_205' title='bbox 117 2807 156 2858; x_wconf 81' lang='grc' dir='ltr'>ι“ι</span> <span class='ocrx_word' id='word_1_206' title='bbox 184 2806 355 2877; x_wconf 76' lang='grc' dir='ltr'>ἱερεὺς</span> <span class='ocrx_word' id='word_1_207' title='bbox 383 2804 622 2872; x_wconf 74' lang='grc' dir='ltr'>ἐγίνετοο</span> <span class='ocrx_word' id='word_1_208' title='bbox 654 2806 748 2859; x_wconf 80' lang='grc' dir='ltr'>καὶ</span> <span class='ocrx_word' id='word_1_209' title='bbox 791 2806 978 2877; x_wconf 80' lang='grc' dir='ltr'>ἐπειδὴ</span> <span class='ocrx_word' id='word_1_210' title='bbox 1021 2806 1230 2877; x_wconf 79' lang='grc' dir='ltr'>ἀπέστη</span> <span class='ocrx_word' id='word_1_211' title='bbox 1275 2807 1385 2860; x_wconf 80' lang='grc' dir='ltr'>τῶν</span> <span class='ocrx_word' id='word_1_212' title='bbox 1422 2808 1617 2861; x_wconf 88' lang='grc' dir='ltr'>ἐαυτοῦ</span> 
     </span>
    </p>
   </div>
   <div class='ocr_carea' id='block_1_29' title="bbox 117 2898 1619 2970">
    <p class='ocr_par' dir='ltr' id='par_1_29' title="bbox 117 2898 1619 2970">
     <span class='ocr_line' id='line_1_29' title="bbox 117 2898 1619 2970; baseline 0.001 -19"><span class='ocrx_word' id='word_1_213' title='bbox 117 2898 147 2951; x_wconf 75' lang='grc' dir='ltr'>ἀ</span> <span class='ocrx_word' id='word_1_214' title='bbox 168 2899 257 2952; x_wconf 85' lang='grc' dir='ltr'>τὸν</span> <span class='ocrx_word' id='word_1_215' title='bbox 278 2898 429 2959; x_wconf 81' lang='grc' dir='ltr'>Θεὸν,</span> <span class='ocrx_word' id='word_1_216' title='bbox 461 2898 550 2952; x_wconf 84' lang='grc' dir='ltr'>διὰ</span> <span class='ocrx_word' id='word_1_217' title='bbox 573 2898 732 2952; x_wconf 88' lang='grc' dir='ltr'>τοῦτο</span> <span class='ocrx_word' id='word_1_218' title='bbox 770 2901 863 2953; x_wconf 81' lang='grc' dir='ltr'>καὶ</span> <span class='ocrx_word' id='word_1_219' title='bbox 890 2902 919 2953; x_wconf 93' lang='lat'>6</span> <span class='ocrx_word' id='word_1_220' title='bbox 947 2898 1077 2963; x_wconf 83' lang='grc' dir='ltr'>Θεὸς</span> <span class='ocrx_word' id='word_1_221' title='bbox 1100 2899 1239 2970; x_wconf 89' lang='grc' dir='ltr'>μετά</span> <span class='ocrx_word' id='word_1_222' title='bbox 1268 2899 1472 2953; x_wconf 87' lang='grc' dir='ltr'>τούτων</span> <span class='ocrx_word' id='word_1_223' title='bbox 1501 2902 1619 2970; x_wconf 86' lang='grc' dir='ltr'>ἐχα-</span> 
     </span>
    </p>
   </div>
   <div class='ocr_carea' id='block_1_30' title="bbox 117 2987 1617 3062">
    <p class='ocr_par' dir='ltr' id='par_1_30' title="bbox 117 2987 1617 3062">
     <span class='ocr_line' id='line_1_30' title="bbox 117 2987 1617 3062; baseline 0.001 -19"><span class='ocrx_word' id='word_1_224' title='bbox 117 3006 243 3043; x_wconf 80' lang='grc' dir='ltr'>σατο</span> <span class='ocrx_word' id='word_1_225' title='bbox 274 2989 420 3061; x_wconf 82' lang='grc' dir='ltr'>αὐτῷ</span> <span class='ocrx_word' id='word_1_226' title='bbox 448 2992 541 3044; x_wconf 69' lang='grc' dir='ltr'>καὶ</span> <span class='ocrx_word' id='word_1_227' title='bbox 564 2990 633 3044; x_wconf 79' lang='grc' dir='ltr'>τά</span> <span class='ocrx_word' id='word_1_228' title='bbox 662 2990 847 3045; x_wconf 87' lang='grc' dir='ltr'>αὐτοῦ.</span> <span class='ocrx_word' id='word_1_229' title='bbox 878 2992 1048 3044; x_wconf 89' lang='grc' dir='ltr'>Ὅταν</span> <span class='ocrx_word' id='word_1_230' title='bbox 1096 2990 1194 3061; x_wconf 83' lang='grc' dir='ltr'>μὲν</span> <span class='ocrx_word' id='word_1_231' title='bbox 1229 2987 1322 3045; x_wconf 79' lang='grc' dir='ltr'>οὖν</span> <span class='ocrx_word' id='word_1_232' title='bbox 1366 2992 1617 3062; x_wconf 86' lang='grc' dir='ltr'>πολέμιοι</span> 
     </span>
    </p>
   </div>
   <div class='ocr_carea' id='block_1_31' title="bbox 117 3081 1614 3154">
    <p class='ocr_par' dir='ltr' id='par_1_31' title="bbox 117 3081 1614 3154">
     <span class='ocr_line' id='line_1_31' title="bbox 117 3081 1614 3154; baseline 0.002 -20"><span class='ocrx_word' id='word_1_233' title='bbox 117 3081 463 3145; x_wconf 84' lang='grc' dir='ltr'>ἰϐουλεύωσι,</span> <span class='ocrx_word' id='word_1_234' title='bbox 494 3083 586 3135; x_wconf 75' lang='grc' dir='ltr'>καὶ</span> <span class='ocrx_word' id='word_1_235' title='bbox 614 3082 775 3153; x_wconf 87' lang='grc' dir='ltr'>μέχρι</span> <span class='ocrx_word' id='word_1_236' title='bbox 795 3083 893 3153; x_wconf 82' lang='grc' dir='ltr'>τῆς</span> <span class='ocrx_word' id='word_1_237' title='bbox 916 3084 1111 3154; x_wconf 91' lang='grc' dir='ltr'>πείρας</span> <span class='ocrx_word' id='word_1_238' title='bbox 1133 3084 1347 3154; x_wconf 85' lang='grc' dir='ltr'>πρόεισι</span> <span class='ocrx_word' id='word_1_239' title='bbox 1369 3083 1614 3153; x_wconf 87' lang='grc' dir='ltr'>θαυματ-</span> 
     </span>
    </p>
   </div>
   <div class='ocr_carea' id='block_1_32' title="bbox 117 3168 1612 3246">
    <p class='ocr_par' dir='ltr' id='par_1_32' title="bbox 117 3168 1612 3246">
     <span class='ocr_line' id='line_1_32' title="bbox 117 3168 1612 3246; baseline 0.001 -20"><span class='ocrx_word' id='word_1_240' title='bbox 117 3174 261 3246; x_wconf 87' lang='grc' dir='ltr'>ργῶν</span> <span class='ocrx_word' id='word_1_241' title='bbox 283 3189 299 3204; x_wconf 77' lang='grc'><strong>⁸</strong></span> <span class='ocrx_word' id='word_1_242' title='bbox 364 3168 477 3227; x_wconf 74' lang='grc' dir='ltr'>οἷον</span> <span class='ocrx_word' id='word_1_243' title='bbox 522 3175 615 3228; x_wconf 78' lang='grc' dir='ltr'>ἐπὶ</span> <span class='ocrx_word' id='word_1_244' title='bbox 647 3175 747 3245; x_wconf 85' lang='grc' dir='ltr'>τῆς</span> <span class='ocrx_word' id='word_1_245' title='bbox 786 3176 1041 3244; x_wconf 83' lang='grc' dir='ltr'>καμίνου,</span> <span class='ocrx_word' id='word_1_246' title='bbox 1082 3175 1177 3228; x_wconf 76' lang='grc' dir='ltr'>καὶ</span> <span class='ocrx_word' id='word_1_247' title='bbox 1215 3174 1324 3229; x_wconf 85' lang='grc' dir='ltr'>τῶν</span> <span class='ocrx_word' id='word_1_248' title='bbox 1350 3172 1612 3228; x_wconf 77' lang='grc' dir='ltr'>λεόντωνο</span> 
     </span>
    </p>
   </div>
   <div class='ocr_carea' id='block_1_33' title="bbox 117 3264 1613 3338">
    <p class='ocr_par' dir='ltr' id='par_1_33' title="bbox 117 3264 1613 3338">
     <span class='ocr_line' id='line_1_33' title="bbox 117 3264 1613 3338; baseline 0.001 -19"><span class='ocrx_word' id='word_1_249' title='bbox 117 3283 173 3319; x_wconf 84' lang='grc' dir='ltr'>ιν</span> <span class='ocrx_word' id='word_1_250' title='bbox 210 3264 267 3319; x_wconf 75' lang='grc' dir='ltr'>δὲ</span> <span class='ocrx_word' id='word_1_251' title='bbox 292 3264 457 3328; x_wconf 78' lang='grc' dir='ltr'>αὐτὸς</span> <span class='ocrx_word' id='word_1_252' title='bbox 491 3265 778 3337; x_wconf 79' lang='grc' dir='ltr'>ἐπιτάττῃ,</span> <span class='ocrx_word' id='word_1_253' title='bbox 808 3265 971 3337; x_wconf 86' lang='grc' dir='ltr'>μέχρι</span> <span class='ocrx_word' id='word_1_254' title='bbox 1000 3265 1307 3337; x_wconf 86' lang='grc' dir='ltr'>προθυμίας</span> <span class='ocrx_word' id='word_1_255' title='bbox 1341 3266 1523 3338; x_wconf 75' lang='grc' dir='ltr'>ἵστησι</span> <span class='ocrx_word' id='word_1_256' title='bbox 1551 3266 1613 3321; x_wconf 85' lang='lat'>16</span> 
     </span>
    </p>
   </div>
   <div class='ocr_carea' id='block_1_34' title="bbox 117 3357 347 3428">
    <p class='ocr_par' dir='ltr' id='par_1_34' title="bbox 117 3357 347 3428">
     <span class='ocr_line' id='line_1_34' title="bbox 117 3357 347 3428; baseline 0.009 -19"><span class='ocrx_word' id='word_1_257' title='bbox 117 3357 347 3428; x_wconf 86' lang='grc' dir='ltr'>ίταγμα.</span> 
     </span>
    </p>
   </div>
   <div class='ocr_carea' id='block_1_35' title="bbox 117 3533 1610 3607">
    <p class='ocr_par' dir='ltr' id='par_1_35' title="bbox 117 3533 1610 3607">
     <span class='ocr_line' id='line_1_35' title="bbox 117 3533 1610 3607; baseline -0.001 -18"><span class='ocrx_word' id='word_1_258' title='bbox 117 3535 174 3600; x_wconf 73' lang='grc' dir='ltr'>τ’.</span> <span class='ocrx_word' id='word_1_259' title='bbox 190 3536 257 3589; x_wconf 92' lang='grc' dir='ltr'>Τί</span> <span class='ocrx_word' id='word_1_260' title='bbox 283 3536 397 3607; x_wconf 87' lang='lat'>7&amp;9</span> <span class='ocrx_word' id='word_1_261' title='bbox 422 3535 654 3600; x_wconf 74' lang='grc' dir='ltr'>ἔλειπεν,</span> <span class='ocrx_word' id='word_1_262' title='bbox 676 3534 798 3589; x_wconf 85' lang='grc' dir='ltr'>είπέ</span> <span class='ocrx_word' id='word_1_263' title='bbox 819 3551 933 3605; x_wconf 91' lang='grc' dir='ltr'>μοι,</span> <span class='ocrx_word' id='word_1_264' title='bbox 948 3536 1013 3605; x_wconf 78' lang='grc' dir='ltr'>τῇ</span> <span class='ocrx_word' id='word_1_265' title='bbox 1038 3533 1288 3607; x_wconf 76' lang='grc' dir='ltr'>ἀριστείᾳ</span> <span class='ocrx_word' id='word_1_266' title='bbox 1306 3533 1476 3607; x_wconf 85' lang='grc' dir='ltr'>ταύτῃ</span> <span class='ocrx_word' id='word_1_267' title='bbox 1498 3533 1610 3588; x_wconf 88' lang='grc' dir='ltr'>λοι-</span> 
     </span>
    </p>
   </div>
   <div class='ocr_carea' id='block_1_36' title="bbox 117 3626 1609 3700">
    <p class='ocr_par' dir='ltr' id='par_1_36' title="bbox 117 3626 1609 3700">
     <span class='ocr_line' id='line_1_36' title="bbox 117 3626 1609 3700; baseline -0.001 -19"><span class='ocrx_word' id='word_1_268' title='bbox 117 3645 169 3695; x_wconf 75' lang='grc' dir='ltr'>ρ;</span> <span class='ocrx_word' id='word_1_269' title='bbox 199 3628 276 3700; x_wconf 77' lang='grc' dir='ltr'>μὴ</span> <span class='ocrx_word' id='word_1_270' title='bbox 309 3628 425 3700; x_wconf 80' lang='grc' dir='ltr'>γὰρ</span> <span class='ocrx_word' id='word_1_271' title='bbox 453 3627 673 3699; x_wconf 82' lang='grc' dir='ltr'>προῄδει</span> <span class='ocrx_word' id='word_1_272' title='bbox 694 3626 755 3680; x_wconf 90' lang='lat'>16</span> <span class='ocrx_word' id='word_1_273' title='bbox 780 3626 971 3697; x_wconf 83' lang='grc' dir='ltr'>μέλλον</span> <span class='ocrx_word' id='word_1_274' title='bbox 1000 3628 1030 3679; x_wconf 92' lang='lat'>6</span> <span class='ocrx_word' id='word_1_275' title='bbox 1072 3627 1355 3698; x_wconf 85' lang='grc' dir='ltr'>Ἀϐραάμ;</span> <span class='ocrx_word' id='word_1_276' title='bbox 1389 3628 1465 3698; x_wconf 81' lang='grc' dir='ltr'>μὴ</span> <span class='ocrx_word' id='word_1_277' title='bbox 1501 3628 1609 3698; x_wconf 88' lang='lat'>7&amp;9</span> 
     </span>
    </p>
   </div>
   <div class='ocr_carea' id='block_1_37' title="bbox 117 3720 1608 3793">
    <p class='ocr_par' dir='ltr' id='par_1_37' title="bbox 117 3720 1608 3793">
     <span class='ocr_line' id='line_1_37' title="bbox 117 3720 1608 3793; baseline 0.001 -20"><span class='ocrx_word' id='word_1_278' title='bbox 117 3721 490 3793; x_wconf 66' lang='grc' dir='ltr'>ιαγματεύετο</span> <span class='ocrx_word' id='word_1_279' title='bbox 516 3720 610 3774; x_wconf 89' lang='grc' dir='ltr'>τοῦ</span> <span class='ocrx_word' id='word_1_280' title='bbox 637 3720 771 3774; x_wconf 85' lang='grc' dir='ltr'>Θεοῦ</span> <span class='ocrx_word' id='word_1_281' title='bbox 793 3720 891 3791; x_wconf 85' lang='grc' dir='ltr'>τὴν</span> <span class='ocrx_word' id='word_1_282' title='bbox 920 3720 1361 3792; x_wconf 87' lang='grc' dir='ltr'>φιλανθρωπίαν;</span> <span class='ocrx_word' id='word_1_283' title='bbox 1398 3722 1461 3775; x_wconf 77' lang='lat' dir='ltr'><strong><em>El</em></strong></span> <span class='ocrx_word' id='word_1_284' title='bbox 1499 3721 1608 3793; x_wconf 83' lang='grc' dir='ltr'>γὰρ</span> 
     </span>
    </p>
   </div>
   <div class='ocr_carea' id='block_1_38' title="bbox 118 3806 1603 3883">
    <p class='ocr_par' dir='ltr' id='par_1_38' title="bbox 118 3806 1603 3883">
     <span class='ocr_line' id='line_1_38' title="bbox 118 3806 1603 3883; baseline 0.004 -22"><span class='ocrx_word' id='word_1_285' title='bbox 118 3851 121 3861; x_wconf 69' lang='lat'><strong><em>,</em></strong></span> <span class='ocrx_word' id='word_1_286' title='bbox 156 3812 455 3883; x_wconf 81' lang='grc' dir='ltr'>προφήτης</span> <span class='ocrx_word' id='word_1_287' title='bbox 493 3806 582 3880; x_wconf 80' lang='grc' dir='ltr'>ἦν,</span> <span class='ocrx_word' id='word_1_288' title='bbox 614 3809 729 3863; x_wconf 82' lang='grc' dir='ltr'>ἀλλ’</span> <span class='ocrx_word' id='word_1_289' title='bbox 760 3809 821 3863; x_wconf 88' lang='grc' dir='ltr'>οὐ</span> <span class='ocrx_word' id='word_1_290' title='bbox 851 3811 1027 3864; x_wconf 87' lang='grc' dir='ltr'>πάντα</span> <span class='ocrx_word' id='word_1_291' title='bbox 1066 3812 1095 3864; x_wconf 89' lang='lat'>6</span> <span class='ocrx_word' id='word_1_292' title='bbox 1128 3813 1414 3883; x_wconf 80' lang='grc' dir='ltr'>προφήτης</span> <span class='ocrx_word' id='word_1_293' title='bbox 1443 3808 1603 3867; x_wconf 76' lang='grc' dir='ltr'>οἶδεν.</span> 
     </span>
    </p>
   </div>
   <div class='ocr_carea' id='block_1_39' title="bbox 117 3899 1601 3975">
    <p class='ocr_par' dir='ltr' id='par_1_39' title="bbox 117 3899 1601 3975">
     <span class='ocr_line' id='line_1_39' title="bbox 117 3899 1601 3975; baseline 0.004 -19"><span class='ocrx_word' id='word_1_294' title='bbox 117 3921 189 3957; x_wconf 70' lang='grc' dir='ltr'>πε</span> <span class='ocrx_word' id='word_1_295' title='bbox 227 3903 468 3975; x_wconf 83' lang='grc' dir='ltr'>περιττὴ</span> <span class='ocrx_word' id='word_1_296' title='bbox 492 3902 678 3957; x_wconf 79' lang='grc' dir='ltr'>λοιπὸν</span> <span class='ocrx_word' id='word_1_297' title='bbox 700 3899 766 3975; x_wconf 80' lang='grc' dir='ltr'>ἦν</span> <span class='ocrx_word' id='word_1_298' title='bbox 798 3905 832 3975; x_wconf 86' lang='grc' dir='ltr'>ή</span> <span class='ocrx_word' id='word_1_299' title='bbox 862 3903 1061 3975; x_wconf 80' lang='grc' dir='ltr'>σφαγὴ,</span> <span class='ocrx_word' id='word_1_300' title='bbox 1099 3904 1194 3958; x_wconf 72' lang='grc' dir='ltr'>καὶ</span> <span class='ocrx_word' id='word_1_301' title='bbox 1230 3904 1424 3969; x_wconf 81' lang='grc' dir='ltr'>ἀναξία</span> <span class='ocrx_word' id='word_1_302' title='bbox 1446 3905 1601 3962; x_wconf 89' lang='grc' dir='ltr'>Θεοῦ.</span> 
     </span>
    </p>
   </div>
   <div class='ocr_carea' id='block_1_40' title="bbox 117 3996 1603 4068">
    <p class='ocr_par' dir='ltr' id='par_1_40' title="bbox 117 3996 1603 4068">
     <span class='ocr_line' id='line_1_40' title="bbox 117 3996 1603 4068; baseline 0.003 -18"><span class='ocrx_word' id='word_1_303' title='bbox 117 3997 165 4050; x_wconf 65' lang='grc' dir='ltr'>δὲ</span> <span class='ocrx_word' id='word_1_304' title='bbox 198 3996 312 4050; x_wconf 69' lang='grc' dir='ltr'>ἔδει</span> <span class='ocrx_word' id='word_1_305' title='bbox 352 3996 569 4067; x_wconf 82' lang='grc' dir='ltr'>μαθεῖν,</span> <span class='ocrx_word' id='word_1_306' title='bbox 601 3997 682 4051; x_wconf 82' lang='grc' dir='ltr'>ὅτι</span> <span class='ocrx_word' id='word_1_307' title='bbox 716 3998 781 4052; x_wconf 87' lang='grc' dir='ltr'>ἐκ</span> <span class='ocrx_word' id='word_1_308' title='bbox 812 3999 1021 4068; x_wconf 80' lang='grc' dir='ltr'>νεκρῶν</span> <span class='ocrx_word' id='word_1_309' title='bbox 1053 3998 1286 4067; x_wconf 75' lang='grc' dir='ltr'>ἐγείρειν</span> <span class='ocrx_word' id='word_1_310' title='bbox 1316 3999 1537 4063; x_wconf 85' lang='grc' dir='ltr'>δυνατὸς</span> <span class='ocrx_word' id='word_1_311' title='bbox 1574 4002 1603 4053; x_wconf 86' lang='lat'>6</span> 
     </span>
    </p>
   </div>
   <div class='ocr_carea' id='block_1_41' title="bbox 120 4084 1603 4163">
    <p class='ocr_par' dir='ltr' id='par_1_41' title="bbox 120 4084 1603 4163">
     <span class='ocr_line' id='line_1_41' title="bbox 120 4084 1603 4163; baseline 0.004 -22"><span class='ocrx_word' id='word_1_312' title='bbox 120 4105 170 4152; x_wconf 86' lang='grc' dir='ltr'>ς,</span> <span class='ocrx_word' id='word_1_313' title='bbox 205 4087 322 4141; x_wconf 85' lang='grc' dir='ltr'>ἀπὸ</span> <span class='ocrx_word' id='word_1_314' title='bbox 369 4088 473 4156; x_wconf 85' lang='grc' dir='ltr'>τῆς</span> <span class='ocrx_word' id='word_1_315' title='bbox 501 4084 716 4158; x_wconf 80' lang='grc' dir='ltr'>μήτρας</span> <span class='ocrx_word' id='word_1_316' title='bbox 763 4087 944 4158; x_wconf 78' lang='grc' dir='ltr'>πολλῷ</span> <span class='ocrx_word' id='word_1_317' title='bbox 976 4087 1411 4163; x_wconf 84' lang='grc' dir='ltr'>θαυμαστότερον</span> <span class='ocrx_word' id='word_1_318' title='bbox 1446 4092 1603 4147; x_wconf 89' lang='grc' dir='ltr'>τοῦτο</span> 
     </span>
    </p>
   </div>
   <div class='ocr_carea' id='block_1_42' title="bbox 124 4179 1597 4256">
    <p class='ocr_par' dir='ltr' id='par_1_42' title="bbox 124 4179 1597 4256">
     <span class='ocr_line' id='line_1_42' title="bbox 124 4179 1597 4256; baseline 0 -23"><span class='ocrx_word' id='word_1_319' title='bbox 124 4181 211 4233; x_wconf 85' lang='grc' dir='ltr'>θε⁶</span> <span class='ocrx_word' id='word_1_320' title='bbox 258 4179 473 4250; x_wconf 78' lang='grc' dir='ltr'>μᾶλλον</span> <span class='ocrx_word' id='word_1_321' title='bbox 503 4182 582 4244; x_wconf 80' lang='grc' dir='ltr'>δὲ,</span> <span class='ocrx_word' id='word_1_322' title='bbox 615 4182 707 4235; x_wconf 80' lang='grc' dir='ltr'>καὶ</span> <span class='ocrx_word' id='word_1_323' title='bbox 750 4181 855 4253; x_wconf 85' lang='grc' dir='ltr'>πρὸ</span> <span class='ocrx_word' id='word_1_324' title='bbox 882 4181 981 4251; x_wconf 86' lang='grc' dir='ltr'>τῆς</span> <span class='ocrx_word' id='word_1_325' title='bbox 1004 4183 1330 4248; x_wconf 85' lang='grc' dir='ltr'>ἀποδείξεως</span> <span class='ocrx_word' id='word_1_326' title='bbox 1363 4185 1597 4256; x_wconf 76' lang='grc' dir='ltr'>ἐκείνηςο</span> 
     </span>
    </p>
   </div>
   <div class='ocr_carea' id='block_1_43' title="bbox 117 4269 1596 4348">
    <p class='ocr_par' dir='ltr' id='par_1_43' title="bbox 117 4269 1596 4348">
     <span class='ocr_line' id='line_1_43' title="bbox 117 4269 1596 4348; baseline 0.005 -24"><span class='ocrx_word' id='word_1_327' title='bbox 117 4272 205 4336; x_wconf 82' lang='grc' dir='ltr'>τὸς</span> <span class='ocrx_word' id='word_1_328' title='bbox 228 4272 349 4342; x_wconf 82' lang='grc' dir='ltr'>γὰρ</span> <span class='ocrx_word' id='word_1_329' title='bbox 381 4269 476 4345; x_wconf 76' lang='grc' dir='ltr'>ἦν.</span> <span class='ocrx_word' id='word_1_330' title='bbox 508 4273 580 4326; x_wconf 83' lang='grc' dir='ltr'><strong>Σὺ</strong></span> <span class='ocrx_word' id='word_1_331' title='bbox 611 4272 668 4326; x_wconf 90' lang='grc' dir='ltr'>δέ</span> <span class='ocrx_word' id='word_1_332' title='bbox 694 4272 767 4344; x_wconf 81' lang='grc' dir='ltr'>μὴ</span> <span class='ocrx_word' id='word_1_333' title='bbox 790 4272 1032 4344; x_wconf 79' lang='grc' dir='ltr'>θαύμαζε</span> <span class='ocrx_word' id='word_1_334' title='bbox 1059 4274 1148 4328; x_wconf 85' lang='grc' dir='ltr'>τὸν</span> <span class='ocrx_word' id='word_1_335' title='bbox 1175 4275 1378 4330; x_wconf 90' lang='grc' dir='ltr'>δίκαιον</span> <span class='ocrx_word' id='word_1_336' title='bbox 1418 4278 1596 4348; x_wconf 89' lang='grc' dir='ltr'>μόνον,</span> 
     </span>
    </p>
   </div>
   <div class='ocr_carea' id='block_1_44' title="bbox 117 4366 1599 4440">
    <p class='ocr_par' dir='ltr' id='par_1_44' title="bbox 117 4366 1599 4440">
     <span class='ocr_line' id='line_1_44' title="bbox 117 4366 1599 4440; baseline 0.003 -22"><span class='ocrx_word' id='word_1_337' title='bbox 117 4366 140 4418; x_wconf 72' lang='grc' dir='ltr'><strong><em>ὶ</em></strong></span> <span class='ocrx_word' id='word_1_338' title='bbox 169 4366 273 4419; x_wconf 77' lang='grc' dir='ltr'>καὶ</span> <span class='ocrx_word' id='word_1_339' title='bbox 306 4366 503 4437; x_wconf 74' lang='grc' dir='ltr'>ζήλου*</span> <span class='ocrx_word' id='word_1_340' title='bbox 551 4368 643 4422; x_wconf 78' lang='grc' dir='ltr'>καὶ</span> <span class='ocrx_word' id='word_1_341' title='bbox 667 4368 807 4437; x_wconf 87' lang='grc' dir='ltr'>ὁρῶν</span> <span class='ocrx_word' id='word_1_342' title='bbox 844 4367 1006 4420; x_wconf 80' lang='grc' dir='ltr'>αὐτὸν</span> <span class='ocrx_word' id='word_1_343' title='bbox 1034 4367 1091 4419; x_wconf 90' lang='grc' dir='ltr'>ἐν</span> <span class='ocrx_word' id='word_1_344' title='bbox 1117 4367 1354 4440; x_wconf 85' lang='grc' dir='ltr'>τοσούτῳ</span> <span class='ocrx_word' id='word_1_345' title='bbox 1386 4368 1599 4440; x_wconf 90' lang='grc' dir='ltr'>θορύϐῳ</span> 
     </span>
    </p>
   </div>
   <div class='ocr_carea' id='block_1_45' title="bbox 140 4452 1596 4531">
    <p class='ocr_par' dir='ltr' id='par_1_45' title="bbox 140 4452 1596 4531">
     <span class='ocr_line' id='line_1_45' title="bbox 140 4452 1596 4531; baseline 0.003 -23"><span class='ocrx_word' id='word_1_346' title='bbox 140 4452 295 4528; x_wconf 79' lang='grc' dir='ltr'>ζάλῃ</span> <span class='ocrx_word' id='word_1_347' title='bbox 328 4455 621 4525; x_wconf 84' lang='grc' dir='ltr'>κυμάτων,</span> <span class='ocrx_word' id='word_1_348' title='bbox 664 4454 739 4518; x_wconf 81' lang='grc' dir='ltr'>ὡς</span> <span class='ocrx_word' id='word_1_349' title='bbox 778 4457 836 4509; x_wconf 85' lang='grc' dir='ltr'>ἐν</span> <span class='ocrx_word' id='word_1_350' title='bbox 859 4456 1067 4530; x_wconf 81' lang='grc' dir='ltr'>γαλήνῃ</span> <span class='ocrx_word' id='word_1_351' title='bbox 1099 4457 1353 4523; x_wconf 90' lang='grc' dir='ltr'>πλέοντα,</span> <span class='ocrx_word' id='word_1_352' title='bbox 1397 4459 1596 4531; x_wconf 84' lang='grc' dir='ltr'>ὁμοίως</span> 
     </span>
    </p>
   </div>
   <div class='ocr_carea' id='block_1_46' title="bbox 119 4546 1597 4622">
    <p class='ocr_par' dir='ltr' id='par_1_46' title="bbox 119 4546 1597 4622">
     <span class='ocr_line' id='line_1_46' title="bbox 119 4546 1597 4622; baseline 0.005 -24"><span class='ocrx_word' id='word_1_353' title='bbox 119 4546 192 4598; x_wconf 81' lang='grc' dir='ltr'>σὺ</span> <span class='ocrx_word' id='word_1_354' title='bbox 219 4547 622 4617; x_wconf 76' lang='grc' dir='ltr'>μεταχειρίζου</span> <span class='ocrx_word' id='word_1_355' title='bbox 645 4547 744 4617; x_wconf 85' lang='grc' dir='ltr'>τῆς</span> <span class='ocrx_word' id='word_1_356' title='bbox 767 4548 1012 4620; x_wconf 76' lang='grc' dir='ltr'>ὑπακοῆς</span> <span class='ocrx_word' id='word_1_357' title='bbox 1035 4551 1242 4622; x_wconf 73' lang='grc' dir='ltr'>καὶτῆς</span> <span class='ocrx_word' id='word_1_358' title='bbox 1264 4552 1514 4622; x_wconf 89' lang='grc' dir='ltr'>ἀνδρείας</span> <span class='ocrx_word' id='word_1_359' title='bbox 1535 4552 1597 4606; x_wconf 96' lang='lat'>16</span> 
     </span>
    </p>
   </div>
   <div class='ocr_carea' id='block_1_47' title="bbox 117 4637 1596 4714">
    <p class='ocr_par' dir='ltr' id='par_1_47' title="bbox 117 4637 1596 4714">
     <span class='ocr_line' id='line_1_47' title="bbox 117 4637 1596 4714; baseline 0.004 -23"><span class='ocrx_word' id='word_1_360' title='bbox 117 4637 300 4691; x_wconf 72' lang='grc' dir='ltr'>άλιον.</span> <span class='ocrx_word' id='word_1_361' title='bbox 336 4637 437 4708; x_wconf 80' lang='grc' dir='ltr'>Μὴ</span> <span class='ocrx_word' id='word_1_362' title='bbox 459 4642 568 4710; x_wconf 86' lang='grc' dir='ltr'>γάρ</span> <span class='ocrx_word' id='word_1_363' title='bbox 603 4656 691 4708; x_wconf 91' lang='grc' dir='ltr'>μοι</span> <span class='ocrx_word' id='word_1_364' title='bbox 715 4639 871 4693; x_wconf 88' lang='grc' dir='ltr'>τοῦτο</span> <span class='ocrx_word' id='word_1_365' title='bbox 897 4642 1060 4714; x_wconf 74' lang='grc' dir='ltr'>εἴπῃς</span> <span class='ocrx_word' id='word_1_366' title='bbox 1092 4642 1270 4712; x_wconf 87' lang='grc' dir='ltr'>μόνον,</span> <span class='ocrx_word' id='word_1_367' title='bbox 1299 4643 1381 4695; x_wconf 83' lang='grc' dir='ltr'>ὅτι</span> <span class='ocrx_word' id='word_1_368' title='bbox 1410 4642 1596 4699; x_wconf 87' lang='grc' dir='ltr'>θυσια-</span> 
     </span>
    </p>
   </div>
   <div class='ocr_carea' id='block_1_48' title="bbox 117 4730 1595 4808">
    <p class='ocr_par' dir='ltr' id='par_1_48' title="bbox 117 4730 1595 4808">
     <span class='ocr_line' id='line_1_48' title="bbox 117 4730 1595 4808; baseline 0.007 -26"><span class='ocrx_word' id='word_1_369' title='bbox 117 4746 233 4783; x_wconf 67' lang='lat' dir='ltr'>nov</span> <span class='ocrx_word' id='word_1_370' title='bbox 263 4730 624 4802; x_wconf 81' lang='grc' dir='ltr'>ᾠκοδόμησε,</span> <span class='ocrx_word' id='word_1_371' title='bbox 656 4731 751 4784; x_wconf 78' lang='grc' dir='ltr'>καὶ</span> <span class='ocrx_word' id='word_1_372' title='bbox 776 4732 846 4785; x_wconf 85' lang='grc' dir='ltr'>τά</span> <span class='ocrx_word' id='word_1_373' title='bbox 873 4731 1027 4799; x_wconf 82' lang='grc' dir='ltr'>ξύλα’</span> <span class='ocrx_word' id='word_1_374' title='bbox 1060 4734 1193 4788; x_wconf 89' lang='grc' dir='ltr'>ἀλλά</span> <span class='ocrx_word' id='word_1_375' title='bbox 1218 4735 1595 4808; x_wconf 86' lang='grc' dir='ltr'>ἀναμνήσθητι</span> 
     </span>
    </p>
   </div>
   <div class='ocr_carea' id='block_1_49' title="bbox 127 4823 1594 4899">
    <p class='ocr_par' dir='ltr' id='par_1_49' title="bbox 127 4823 1594 4899">
     <span class='ocr_line' id='line_1_49' title="bbox 127 4823 1594 4899; baseline 0.007 -25"><span class='ocrx_word' id='word_1_376' title='bbox 127 4823 239 4892; x_wconf 83' lang='grc' dir='ltr'>τῆς</span> <span class='ocrx_word' id='word_1_377' title='bbox 274 4827 478 4895; x_wconf 80' lang='grc' dir='ltr'>φωνῆς</span> <span class='ocrx_word' id='word_1_378' title='bbox 501 4823 593 4877; x_wconf 85' lang='grc' dir='ltr'>τοῦ</span> <span class='ocrx_word' id='word_1_379' title='bbox 622 4826 855 4892; x_wconf 86' lang='grc' dir='ltr'>παιδίου,</span> <span class='ocrx_word' id='word_1_380' title='bbox 887 4829 982 4882; x_wconf 76' lang='grc' dir='ltr'>καὶ</span> <span class='ocrx_word' id='word_1_381' title='bbox 1006 4827 1217 4895; x_wconf 83' lang='grc' dir='ltr'>λόγισαι</span> <span class='ocrx_word' id='word_1_382' title='bbox 1249 4830 1412 4882; x_wconf 87' lang='grc' dir='ltr'>πόσαι</span> <span class='ocrx_word' id='word_1_383' title='bbox 1438 4830 1594 4899; x_wconf 88' lang='grc' dir='ltr'>νιφά-</span> 
     </span>
    </p>
   </div>
   <div class='ocr_carea' id='block_1_50' title="bbox 117 4917 1595 4991">
    <p class='ocr_par' dir='ltr' id='par_1_50' title="bbox 117 4917 1595 4991">
     <span class='ocr_line' id='line_1_50' title="bbox 117 4917 1595 4991; baseline 0.005 -22"><span class='ocrx_word' id='word_1_384' title='bbox 117 4917 382 4988; x_wconf 84' lang='grc' dir='ltr'>ἐπῆλθον</span> <span class='ocrx_word' id='word_1_385' title='bbox 416 4917 565 4989; x_wconf 88' lang='grc' dir='ltr'>αὐτῷ</span> <span class='ocrx_word' id='word_1_386' title='bbox 612 4920 986 4989; x_wconf 78' lang='grc' dir='ltr'>στρατοπέδων</span> <span class='ocrx_word' id='word_1_387' title='bbox 1025 4920 1458 4991; x_wconf 87' lang='grc' dir='ltr'>ἐκδειματοῦσαι.</span> <span class='ocrx_word' id='word_1_388' title='bbox 1506 4924 1595 4979; x_wconf 85' lang='grc' dir='ltr'>ὅτε</span> 
     </span>
    </p>
   </div>
   <div class='ocr_carea' id='block_1_51' title="bbox 117 5011 1595 5087">
    <p class='ocr_par' dir='ltr' id='par_1_51' title="bbox 117 5011 1595 5087">
     <span class='ocr_line' id='line_1_51' title="bbox 117 5011 1595 5087; baseline 0.007 -25"><span class='ocrx_word' id='word_1_389' title='bbox 117 5027 199 5062; x_wconf 71' lang='grc' dir='ltr'>οσε</span> <span class='ocrx_word' id='word_1_390' title='bbox 234 5011 346 5064; x_wconf 82' lang='grc' dir='ltr'>τοῦ</span> <span class='ocrx_word' id='word_1_391' title='bbox 376 5012 595 5065; x_wconf 87' lang='grc' dir='ltr'>παιδίου</span> <span class='ocrx_word' id='word_1_392' title='bbox 636 5012 882 5081; x_wconf 86' lang='grc' dir='ltr'>λέγοντος</span> <span class='ocrx_word' id='word_1_393' title='bbox 916 5017 944 5067; x_wconf 89' lang='lat'>6</span> <span class='ocrx_word' id='word_1_394' title='bbox 966 5017 1167 5087; x_wconf 74' lang='grc' dir='ltr'>πατήρο</span> <span class='ocrx_word' id='word_1_395' title='bbox 1206 5017 1276 5070; x_wconf 87' lang='grc' dir='ltr'>Τὸ</span> <span class='ocrx_word' id='word_1_396' title='bbox 1300 5018 1595 5086; x_wconf 82' lang='grc' dir='ltr'>πρόϐατον</span> 
     </span>
    </p>
   </div>
   <div class='ocr_carea' id='block_1_52' title="bbox 119 5104 1587 5184">
    <p class='ocr_par' dir='ltr' id='par_1_52' title="bbox 119 5104 1587 5184">
     <span class='ocr_line' id='line_1_52' title="bbox 119 5104 1587 5184; baseline 0.007 -29"><span class='ocrx_word' id='word_1_397' title='bbox 119 5120 144 5168; x_wconf 88' lang='grc'><em>;</em></span> <span class='ocrx_word' id='word_1_398' title='bbox 173 5104 460 5173; x_wconf 74' lang='grc' dir='ltr'>ἐννόησον</span> <span class='ocrx_word' id='word_1_399' title='bbox 501 5104 655 5159; x_wconf 85' lang='grc' dir='ltr'>πόσοι</span> <span class='ocrx_word' id='word_1_400' title='bbox 697 5106 817 5160; x_wconf 85' lang='grc' dir='ltr'>τότε</span> <span class='ocrx_word' id='word_1_401' title='bbox 858 5109 1183 5179; x_wconf 85' lang='grc' dir='ltr'>ἐκινήθησαν</span> <span class='ocrx_word' id='word_1_402' title='bbox 1224 5109 1493 5184; x_wconf 73' lang='grc' dir='ltr'>λογισμοὶ,</span> <span class='ocrx_word' id='word_1_403' title='bbox 1528 5112 1587 5165; x_wconf 89' lang='grc' dir='ltr'>οὐ</span> 
     </span>
    </p>
   </div>
   <div class='ocr_carea' id='block_1_53' title="bbox 117 5194 1590 5271">
    <p class='ocr_par' dir='ltr' id='par_1_53' title="bbox 117 5194 1590 5271">
     <span class='ocr_line' id='line_1_53' title="bbox 117 5194 1590 5271; baseline 0.005 -24"><span class='ocrx_word' id='word_1_404' title='bbox 117 5212 226 5265; x_wconf 78' lang='grc' dir='ltr'>ρῳ,</span> <span class='ocrx_word' id='word_1_405' title='bbox 290 5194 444 5249; x_wconf 78' lang='grc' dir='ltr'>ἀλλὰ</span> <span class='ocrx_word' id='word_1_406' title='bbox 500 5196 770 5265; x_wconf 90' lang='grc' dir='ltr'>φλογίνοις</span> <span class='ocrx_word' id='word_1_407' title='bbox 822 5198 1040 5269; x_wconf 91' lang='grc' dir='ltr'>δόρασιν</span> <span class='ocrx_word' id='word_1_408' title='bbox 1087 5200 1438 5271; x_wconf 85' lang='grc' dir='ltr'>ὡπλισμένοι,</span> <span class='ocrx_word' id='word_1_409' title='bbox 1496 5203 1590 5255; x_wconf 68' lang='grc' dir='ltr'>καὶ</span> 
     </span>
    </p>
   </div>
   <div class='ocr_carea' id='block_1_54' title="bbox 118 5284 1588 5359">
    <p class='ocr_par' dir='ltr' id='par_1_54' title="bbox 118 5284 1588 5359">
     <span class='ocr_line' id='line_1_54' title="bbox 118 5284 1588 5359; baseline 0.002 -22"><span class='ocrx_word' id='word_1_410' title='bbox 118 5284 272 5337; x_wconf 78' lang='grc' dir='ltr'>ὀθεν</span> <span class='ocrx_word' id='word_1_411' title='bbox 302 5285 772 5348; x_wconf 85' lang='grc' dir='ltr'>κατακεντοῦντες</span> <span class='ocrx_word' id='word_1_412' title='bbox 792 5287 950 5340; x_wconf 82' lang='grc' dir='ltr'>αὐτὸν</span> <span class='ocrx_word' id='word_1_413' title='bbox 974 5289 1068 5342; x_wconf 71' lang='grc' dir='ltr'>καί⁹</span> <span class='ocrx_word' id='word_1_414' title='bbox 1099 5288 1493 5359; x_wconf 77' lang='grc' dir='ltr'>διατέμνοντες.</span> <span class='ocrx_word' id='word_1_415' title='bbox 1528 5292 1588 5342; x_wconf 74' lang='lat' dir='ltr'><strong><em>El</em></strong></span> 
     </span>
    </p>
   </div>
   <div class='ocr_carea' id='block_1_55' title="bbox 123 5376 1582 5452">
    <p class='ocr_par' dir='ltr' id='par_1_55' title="bbox 123 5376 1582 5452">
     <span class='ocr_line' id='line_1_55' title="bbox 123 5376 1582 5452; baseline 0.003 -24"><span class='ocrx_word' id='word_1_416' title='bbox 123 5376 235 5429; x_wconf 74' lang='grc' dir='ltr'>καὶ</span> <span class='ocrx_word' id='word_1_417' title='bbox 289 5376 401 5429; x_wconf 80' lang='grc' dir='ltr'>νῦν</span> <span class='ocrx_word' id='word_1_418' title='bbox 455 5377 831 5431; x_wconf 86' lang='grc' dir='ltr'>κατακλῶνται</span> <span class='ocrx_word' id='word_1_419' title='bbox 880 5379 1062 5431; x_wconf 85' lang='grc' dir='ltr'>πολλοὶ</span> <span class='ocrx_word' id='word_1_420' title='bbox 1103 5382 1196 5433; x_wconf 76' lang='grc' dir='ltr'>καὶ</span> <span class='ocrx_word' id='word_1_421' title='bbox 1242 5382 1316 5451; x_wconf 82' lang='grc' dir='ltr'>μὴ</span> <span class='ocrx_word' id='word_1_422' title='bbox 1348 5382 1582 5452; x_wconf 84' lang='grc' dir='ltr'>πατέρες</span> 
     </span>
    </p>
   </div>
   <div class='ocr_carea' id='block_1_56' title="bbox 117 5468 1580 5543">
    <p class='ocr_par' dir='ltr' id='par_1_56' title="bbox 117 5468 1580 5543">
     <span class='ocr_line' id='line_1_56' title="bbox 117 5468 1580 5543; baseline -0.002 -17"><span class='ocrx_word' id='word_1_423' title='bbox 117 5484 152 5529; x_wconf 70' lang='grc' dir='ltr'>τ.</span> <span class='ocrx_word' id='word_1_424' title='bbox 208 5468 319 5520; x_wconf 79' lang='grc' dir='ltr'>καὶ</span> <span class='ocrx_word' id='word_1_425' title='bbox 351 5468 687 5540; x_wconf 75' lang='grc' dir='ltr'>ἐδάκρυσαν,</span> <span class='ocrx_word' id='word_1_426' title='bbox 720 5470 767 5522; x_wconf 83' lang='grc' dir='ltr'>εί</span> <span class='ocrx_word' id='word_1_427' title='bbox 798 5468 870 5540; x_wconf 83' lang='grc' dir='ltr'>μὴ</span> <span class='ocrx_word' id='word_1_428' title='bbox 902 5470 961 5523; x_wconf 87' lang='lat'>16</span> <span class='ocrx_word' id='word_1_429' title='bbox 992 5471 1142 5534; x_wconf 81' lang='grc' dir='ltr'>τέλος</span> <span class='ocrx_word' id='word_1_430' title='bbox 1178 5470 1417 5543; x_wconf 72' lang='grc' dir='ltr'>ᾔδεισανο</span> <span class='ocrx_word' id='word_1_431' title='bbox 1455 5472 1580 5525; x_wconf 87' lang='grc' dir='ltr'>πολ-</span> 
     </span>
    </p>
   </div>
   <div class='ocr_carea' id='block_1_57' title="bbox 135 5558 1585 5633">
    <p class='ocr_par' dir='ltr' id='par_1_57' title="bbox 135 5558 1585 5633">
     <span class='ocr_line' id='line_1_57' title="bbox 135 5558 1585 5633; baseline 0.004 -22"><span class='ocrx_word' id='word_1_432' title='bbox 135 5558 229 5622; x_wconf 86' lang='grc' dir='ltr'>δὲ,</span> <span class='ocrx_word' id='word_1_433' title='bbox 283 5560 481 5615; x_wconf 87' lang='grc' dir='ltr'>καίτοι</span> <span class='ocrx_word' id='word_1_434' title='bbox 528 5560 685 5614; x_wconf 89' lang='grc' dir='ltr'>τοῦτο</span> <span class='ocrx_word' id='word_1_435' title='bbox 735 5560 962 5624; x_wconf 84' lang='grc' dir='ltr'>είδότας,</span> <span class='ocrx_word' id='word_1_436' title='bbox 1006 5562 1338 5633; x_wconf 87' lang='grc' dir='ltr'>δακρύοντας</span> <span class='ocrx_word' id='word_1_437' title='bbox 1365 5564 1494 5633; x_wconf 86' lang='grc' dir='ltr'>ὁρῶ·</span> <span class='ocrx_word' id='word_1_438' title='bbox 1530 5564 1585 5617; x_wconf 89' lang='grc' dir='ltr'>τί</span> 
     </span>
    </p>
   </div>
   <div class='ocr_carea' id='block_1_58' title="bbox 122 5648 1580 5726">
    <p class='ocr_par' dir='ltr' id='par_1_58' title="bbox 122 5648 1580 5726">
     <span class='ocr_line' id='line_1_58' title="bbox 122 5648 1580 5726; baseline 0.005 -24"><span class='ocrx_word' id='word_1_439' title='bbox 122 5667 219 5703; x_wconf 85' lang='grc' dir='ltr'>ειν</span> <span class='ocrx_word' id='word_1_440' title='bbox 252 5653 486 5705; x_wconf 80' lang='grc' dir='ltr'>ἐκεῖνον</span> <span class='ocrx_word' id='word_1_441' title='bbox 519 5652 662 5715; x_wconf 74' lang='grc' dir='ltr'>εἰκὸς</span> <span class='ocrx_word' id='word_1_442' title='bbox 685 5648 772 5724; x_wconf 81' lang='grc' dir='ltr'>ἦν,</span> <span class='ocrx_word' id='word_1_443' title='bbox 796 5652 886 5706; x_wconf 83' lang='grc' dir='ltr'>τὸν</span> <span class='ocrx_word' id='word_1_444' title='bbox 914 5654 1075 5708; x_wconf 84' lang='grc' dir='ltr'>αὐτὸν</span> <span class='ocrx_word' id='word_1_445' title='bbox 1106 5656 1458 5726; x_wconf 86' lang='grc' dir='ltr'>γεννήσαντα,</span> <span class='ocrx_word' id='word_1_446' title='bbox 1488 5656 1580 5711; x_wconf 81' lang='grc' dir='ltr'>τὸν</span> 
     </span>
    </p>
   </div>
   <div class='ocr_carea' id='block_1_59' title="bbox 117 5746 1572 5819">
    <p class='ocr_par' dir='ltr' id='par_1_59' title="bbox 117 5746 1572 5819">
     <span class='ocr_line' id='line_1_59' title="bbox 117 5746 1572 5819; baseline 0.003 -22"><span class='ocrx_word' id='word_1_447' title='bbox 117 5761 299 5807; x_wconf 73' lang='grc' dir='ltr'>αντα,</span> <span class='ocrx_word' id='word_1_448' title='bbox 331 5747 436 5803; x_wconf 86' lang='grc' dir='ltr'>τὸν</span> <span class='ocrx_word' id='word_1_449' title='bbox 465 5747 524 5800; x_wconf 90' lang='grc' dir='ltr'>ἐν</span> <span class='ocrx_word' id='word_1_450' title='bbox 564 5746 731 5818; x_wconf 78' lang='grc' dir='ltr'>γήρᾳ,</span> <span class='ocrx_word' id='word_1_451' title='bbox 772 5748 862 5801; x_wconf 75' lang='grc' dir='ltr'>τὸν</span> <span class='ocrx_word' id='word_1_452' title='bbox 898 5747 1055 5817; x_wconf 82' lang='grc' dir='ltr'>μόνον</span> <span class='ocrx_word' id='word_1_453' title='bbox 1088 5747 1279 5819; x_wconf 81' lang='grc' dir='ltr'>ἔχοντα</span> <span class='ocrx_word' id='word_1_454' title='bbox 1312 5746 1572 5815; x_wconf 82' lang='grc' dir='ltr'>τοιοῦτον,</span> 
     </span>
    </p>
   </div>
   <div class='ocr_carea' id='block_1_60' title="bbox 1116 320 2245 386">
    <p class='ocr_par' dir='ltr' id='par_1_60' title="bbox 1116 320 2245 386">
     <span class='ocr_line' id='line_1_60' title="bbox 1116 320 2245 386; baseline 0.008 -9"><span class='ocrx_word' id='word_1_455' title='bbox 1116 320 1189 377; x_wconf 78' lang='lat' dir='ltr'><strong>IN</strong></span> <span class='ocrx_word' id='word_1_456' title='bbox 1227 321 1447 379; x_wconf 83' lang='lat' dir='ltr'>EPIST.</span> <span class='ocrx_word' id='word_1_457' title='bbox 1480 320 1526 376; x_wconf 88' lang='lat' dir='ltr'>ll</span> <span class='ocrx_word' id='word_1_458' title='bbox 1561 321 1653 378; x_wconf 74' lang='lat' dir='ltr'>AD</span> <span class='ocrx_word' id='word_1_459' title='bbox 1692 320 1849 379; x_wconf 77' lang='lat' dir='ltr'>COR.</span> <span class='ocrx_word' id='word_1_460' title='bbox 1890 323 2123 386; x_wconf 81' lang='lat' dir='ltr'>HOMIL.</span> <span class='ocrx_word' id='word_1_461' title='bbox 2157 327 2245 386; x_wconf 87' lang='grc'>111.</span> 
     </span>
    </p>
   </div>
   <div class='ocr_carea' id='block_1_61' title="bbox 3201 346 3307 403">
    <p class='ocr_par' dir='ltr' id='par_1_61' title="bbox 3201 346 3307 403">
     <span class='ocr_line' id='line_1_61' title="bbox 3201 346 3307 403; baseline 0.019 -2"><span class='ocrx_word' id='word_1_462' title='bbox 3201 346 3307 403; x_wconf 70' lang='grc'>416</span> 
     </span>
    </p>
   </div>
   <div class='ocr_carea' id='block_1_62' title="bbox 1749 434 3306 522">
    <p class='ocr_par' dir='ltr' id='par_1_62' title="bbox 1749 434 3306 522">
     <span class='ocr_line' id='line_1_62' title="bbox 1749 434 3306 522; baseline 0.016 -34"><span class='ocrx_word' id='word_1_463' title='bbox 1749 434 1843 488; x_wconf 82' lang='grc' dir='ltr'>τὸν</span> <span class='ocrx_word' id='word_1_464' title='bbox 1868 435 2098 508; x_wconf 85' lang='grc' dir='ltr'>ὁρῶντα,</span> <span class='ocrx_word' id='word_1_465' title='bbox 2125 439 2216 493; x_wconf 85' lang='grc' dir='ltr'>τὸν</span> <span class='ocrx_word' id='word_1_466' title='bbox 2248 440 2532 510; x_wconf 88' lang='grc' dir='ltr'>ἀκούοντα,</span> <span class='ocrx_word' id='word_1_467' title='bbox 2560 444 2652 500; x_wconf 81' lang='lat' dir='ltr'><em>16v</em></span> <span class='ocrx_word' id='word_1_468' title='bbox 2674 446 2876 515; x_wconf 86' lang='grc' dir='ltr'>εὐθέως</span> <span class='ocrx_word' id='word_1_469' title='bbox 2914 451 3171 522; x_wconf 84' lang='grc' dir='ltr'>μέλλοντα</span> <span class='ocrx_word' id='word_1_470' title='bbox 3209 460 3306 512; x_wconf 84' lang='grc' dir='ltr'>ἀν-</span> 
     </span>
    </p>
   </div>
   <div class='ocr_carea' id='block_1_63' title="bbox 1747 529 3309 616">
    <p class='ocr_par' dir='ltr' id='par_1_63' title="bbox 1747 529 3309 616">
     <span class='ocr_line' id='line_1_63' title="bbox 1747 529 3309 616; baseline 0.018 -38"><span class='ocrx_word' id='word_1_471' title='bbox 1747 530 1952 596; x_wconf 87' lang='grc' dir='ltr'>αιρεῖν;</span> <span class='ocrx_word' id='word_1_472' title='bbox 1976 529 2058 593; x_wconf 85' lang='grc' dir='ltr'>τίς</span> <span class='ocrx_word' id='word_1_473' title='bbox 2085 532 2118 601; x_wconf 91' lang='grc' dir='ltr'>ή</span> <span class='ocrx_word' id='word_1_474' title='bbox 2147 531 2361 597; x_wconf 83' lang='grc' dir='ltr'>σύνεσις</span> <span class='ocrx_word' id='word_1_475' title='bbox 2400 535 2509 589; x_wconf 86' lang='grc' dir='ltr'>τῶν</span> <span class='ocrx_word' id='word_1_476' title='bbox 2533 538 2821 609; x_wconf 74' lang='grc' dir='ltr'>ῥημάτωνς</span> <span class='ocrx_word' id='word_1_477' title='bbox 2848 544 2931 607; x_wconf 89' lang='grc' dir='ltr'>τίς</span> <span class='ocrx_word' id='word_1_478' title='bbox 2968 547 3001 616; x_wconf 83' lang='grc' dir='ltr'>ή</span> <span class='ocrx_word' id='word_1_479' title='bbox 3036 548 3309 607; x_wconf 82' lang='grc' dir='ltr'>ἐπιείκεια</span> 
     </span>
    </p>
   </div>
   <div class='ocr_carea' id='block_1_64' title="bbox 1744 621 3306 704">
    <p class='ocr_par' dir='ltr' id='par_1_64' title="bbox 1744 621 3306 704">
     <span class='ocr_line' id='line_1_64' title="bbox 1744 621 3306 704; baseline 0.017 -33"><span class='ocrx_word' id='word_1_480' title='bbox 1744 621 1843 691; x_wconf 85' lang='grc' dir='ltr'>τῆς</span> <span class='ocrx_word' id='word_1_481' title='bbox 1864 622 2139 688; x_wconf 87' lang='grc' dir='ltr'>πεύσεως;</span> <span class='ocrx_word' id='word_1_482' title='bbox 2179 627 2275 689; x_wconf 88' lang='grc' dir='ltr'>Τίς</span> <span class='ocrx_word' id='word_1_483' title='bbox 2298 629 2406 699; x_wconf 78' lang='grc' dir='ltr'>ἄρα</span> <span class='ocrx_word' id='word_1_484' title='bbox 2439 629 2466 682; x_wconf 92' lang='lat'>6</span> <span class='ocrx_word' id='word_1_485' title='bbox 2499 632 2732 702; x_wconf 81' lang='grc' dir='ltr'>ἐνεργῶν</span> <span class='ocrx_word' id='word_1_486' title='bbox 2756 676 2773 700; x_wconf 92' lang='grc'>,</span> <span class='ocrx_word' id='word_1_487' title='bbox 2807 636 2838 688; x_wconf 92' lang='lat'>6</span> <span class='ocrx_word' id='word_1_488' title='bbox 2858 636 3120 704; x_wconf 85' lang='grc' dir='ltr'>διάϐολος,</span> <span class='ocrx_word' id='word_1_489' title='bbox 3164 642 3306 698; x_wconf 75' lang='grc' dir='ltr'>ὥστε</span> 
     </span>
    </p>
   </div>
   <div class='ocr_carea' id='block_1_65' title="bbox 1740 708 3308 797">
    <p class='ocr_par' dir='ltr' id='par_1_65' title="bbox 1740 708 3308 797">
     <span class='ocr_line' id='line_1_65' title="bbox 1740 708 3308 797; baseline 0.017 -36"><span class='ocrx_word' id='word_1_490' title='bbox 1740 708 2021 782; x_wconf 71' lang='grc' dir='ltr'>’ἐμπρῆσαι</span> <span class='ocrx_word' id='word_1_491' title='bbox 2054 712 2150 786; x_wconf 79' lang='grc' dir='ltr'>τὴν</span> <span class='ocrx_word' id='word_1_492' title='bbox 2188 716 2383 785; x_wconf 85' lang='grc' dir='ltr'>φύσιν;</span> <span class='ocrx_word' id='word_1_493' title='bbox 2423 720 2515 790; x_wconf 85' lang='grc' dir='ltr'>Μὴ</span> <span class='ocrx_word' id='word_1_494' title='bbox 2548 722 2779 789; x_wconf 89' lang='grc' dir='ltr'>γένοιτο,</span> <span class='ocrx_word' id='word_1_495' title='bbox 2816 725 2929 779; x_wconf 85' lang='grc' dir='ltr'>ἀλλ’</span> <span class='ocrx_word' id='word_1_496' title='bbox 2966 730 2994 781; x_wconf 89' lang='lat'>6</span> <span class='ocrx_word' id='word_1_497' title='bbox 3029 729 3180 797; x_wconf 78' lang='grc' dir='ltr'>Θεὸς,</span> <span class='ocrx_word' id='word_1_498' title='bbox 3220 735 3308 788; x_wconf 84' lang='grc' dir='ltr'>ἴνα</span> 
     </span>
    </p>
   </div>
   <div class='ocr_carea' id='block_1_66' title="bbox 1747 801 3299 895">
    <p class='ocr_par' dir='ltr' id='par_1_66' title="bbox 1747 801 3299 895">
     <span class='ocr_line' id='line_1_66' title="bbox 1747 801 3299 895; baseline 0.017 -43"><span class='ocrx_word' id='word_1_499' title='bbox 1747 801 1947 869; x_wconf 82' lang='grc' dir='ltr'>μᾶλλον</span> <span class='ocrx_word' id='word_1_500' title='bbox 1988 803 2253 877; x_wconf 83' lang='grc' dir='ltr'>βασανίσῃ</span> <span class='ocrx_word' id='word_1_501' title='bbox 2292 809 2391 879; x_wconf 83' lang='grc' dir='ltr'>τὴν</span> <span class='ocrx_word' id='word_1_502' title='bbox 2446 813 2653 883; x_wconf 85' lang='grc' dir='ltr'>χρυσῆν</span> <span class='ocrx_word' id='word_1_503' title='bbox 2709 814 2800 868; x_wconf 88' lang='grc' dir='ltr'>τοῦ</span> <span class='ocrx_word' id='word_1_504' title='bbox 2849 817 3056 872; x_wconf 83' lang='grc' dir='ltr'>δικαίου</span> <span class='ocrx_word' id='word_1_505' title='bbox 3104 822 3299 895; x_wconf 75' lang='grc' dir='ltr'>ψυχήν.</span> 
     </span>
    </p>
   </div>
   <div class='ocr_carea' id='block_1_67' title="bbox 1745 892 3304 981">
    <p class='ocr_par' dir='ltr' id='par_1_67' title="bbox 1745 892 3304 981">
     <span class='ocr_line' id='line_1_67' title="bbox 1745 892 3304 981; baseline 0.015 -37"><span class='ocrx_word' id='word_1_506' title='bbox 1745 892 1912 946; x_wconf 86' lang='grc' dir='ltr'>Ὅταν</span> <span class='ocrx_word' id='word_1_507' title='bbox 1944 895 2041 964; x_wconf 85' lang='grc' dir='ltr'>μὲν</span> <span class='ocrx_word' id='word_1_508' title='bbox 2071 897 2179 968; x_wconf 84' lang='grc' dir='ltr'>γὰρ</span> <span class='ocrx_word' id='word_1_509' title='bbox 2209 901 2241 967; x_wconf 91' lang='grc' dir='ltr'>ή</span> <span class='ocrx_word' id='word_1_510' title='bbox 2272 901 2409 971; x_wconf 84' lang='grc' dir='ltr'>γυνή</span> <span class='ocrx_word' id='word_1_511' title='bbox 2435 902 2738 975; x_wconf 82' lang='grc' dir='ltr'>φθέγγηται</span> <span class='ocrx_word' id='word_1_512' title='bbox 2770 908 2867 962; x_wconf 88' lang='grc' dir='ltr'>τοῦ</span> <span class='ocrx_word' id='word_1_513' title='bbox 2896 910 3035 977; x_wconf 86' lang='grc' dir='ltr'>Ἰὼϐ,</span> <span class='ocrx_word' id='word_1_514' title='bbox 3064 892 3304 981; x_wconf 84' lang='grc' dir='ltr'>διάϐολος</span> 
     </span>
    </p>
   </div>
   <div class='ocr_carea' id='block_1_68' title="bbox 1741 985 3302 1070">
    <p class='ocr_par' dir='ltr' id='par_1_68' title="bbox 1741 985 3302 1070">
     <span class='ocr_line' id='line_1_68' title="bbox 1741 985 3302 1070; baseline 0.016 -34"><span class='ocrx_word' id='word_1_515' title='bbox 1741 985 1971 1055; x_wconf 88' lang='grc' dir='ltr'>ἐνεργεῖ·</span> <span class='ocrx_word' id='word_1_516' title='bbox 2020 988 2243 1060; x_wconf 87' lang='grc' dir='ltr'>τοιαύτη</span> <span class='ocrx_word' id='word_1_517' title='bbox 2284 991 2390 1061; x_wconf 91' lang='lat'>7&amp;9</span> <span class='ocrx_word' id='word_1_518' title='bbox 2432 994 2465 1061; x_wconf 83' lang='grc' dir='ltr'><strong>ἠ</strong></span> <span class='ocrx_word' id='word_1_519' title='bbox 2507 996 2811 1070; x_wconf 80' lang='grc' dir='ltr'>συμϐουλή·</span> <span class='ocrx_word' id='word_1_520' title='bbox 2860 996 3011 1065; x_wconf 74' lang='grc' dir='ltr'>οὗτος</span> <span class='ocrx_word' id='word_1_521' title='bbox 3052 1004 3106 1059; x_wconf 83' lang='grc' dir='ltr'>δὲ</span> <span class='ocrx_word' id='word_1_522' title='bbox 3151 1006 3302 1061; x_wconf 84' lang='grc' dir='ltr'>οὐδὲν</span> 
     </span>
    </p>
   </div>
   <div class='ocr_carea' id='block_1_69' title="bbox 1686 1076 3301 1163">
    <p class='ocr_par' dir='ltr' id='par_1_69' title="bbox 1686 1076 3301 1163">
     <span class='ocr_line' id='line_1_69' title="bbox 1686 1076 3301 1163; baseline 0.018 -38"><span class='ocrx_word' id='word_1_523' title='bbox 1686 1129 1706 1146; x_wconf 44' lang='grc' dir='ltr'>η</span> <span class='ocrx_word' id='word_1_524' title='bbox 1747 1076 2058 1148; x_wconf 75' lang='grc' dir='ltr'>ἐλάσφημον</span> <span class='ocrx_word' id='word_1_525' title='bbox 2086 1080 2402 1150; x_wconf 82' lang='grc' dir='ltr'>φθέγγεται,</span> <span class='ocrx_word' id='word_1_526' title='bbox 2436 1086 2571 1139; x_wconf 87' lang='grc' dir='ltr'>ἀλλά</span> <span class='ocrx_word' id='word_1_527' title='bbox 2606 1090 2698 1141; x_wconf 79' lang='grc' dir='ltr'>καὶ</span> <span class='ocrx_word' id='word_1_528' title='bbox 2726 1091 2929 1163; x_wconf 86' lang='grc' dir='ltr'>σφόδρα</span> <span class='ocrx_word' id='word_1_529' title='bbox 2958 1095 3174 1161; x_wconf 83' lang='grc' dir='ltr'>εὐσεϐὲς</span> <span class='ocrx_word' id='word_1_530' title='bbox 3205 1102 3301 1153; x_wconf 80' lang='grc' dir='ltr'>καὶ</span> 
     </span>
    </p>
   </div>
   <div class='ocr_carea' id='block_1_70' title="bbox 1743 1172 3312 1257">
    <p class='ocr_par' dir='ltr' id='par_1_70' title="bbox 1743 1172 3312 1257">
     <span class='ocr_line' id='line_1_70' title="bbox 1743 1172 3312 1257; baseline 0.017 -40"><span class='ocrx_word' id='word_1_531' title='bbox 1743 1172 2237 1240; x_wconf 70' lang='grc' dir='ltr'>μεμεριμνημένονο</span> <span class='ocrx_word' id='word_1_532' title='bbox 2285 1175 2378 1227; x_wconf 80' lang='grc' dir='ltr'>καὶ</span> <span class='ocrx_word' id='word_1_533' title='bbox 2429 1176 2597 1249; x_wconf 79' lang='grc' dir='ltr'>πολλὴ</span> <span class='ocrx_word' id='word_1_534' title='bbox 2635 1181 2664 1250; x_wconf 84' lang='grc' dir='ltr'>ἡ</span> <span class='ocrx_word' id='word_1_535' title='bbox 2714 1182 2870 1252; x_wconf 86' lang='grc' dir='ltr'>χάρις</span> <span class='ocrx_word' id='word_1_536' title='bbox 2915 1186 3137 1256; x_wconf 83' lang='grc' dir='ltr'>ἐπήνθει</span> <span class='ocrx_word' id='word_1_537' title='bbox 3184 1194 3312 1257; x_wconf 56' lang='grc' dir='ltr'>τοῖς,</span> 
     </span>
    </p>
   </div>
   <div class='ocr_carea' id='block_1_71' title="bbox 1740 1257 3298 1350">
    <p class='ocr_par' dir='ltr' id='par_1_71' title="bbox 1740 1257 3298 1350">
     <span class='ocr_line' id='line_1_71' title="bbox 1740 1257 3298 1350; baseline 0.016 -40"><span class='ocrx_word' id='word_1_538' title='bbox 1740 1257 1968 1350; x_wconf 74' lang='grc' dir='ltr'>ρήμασι,</span> <span class='ocrx_word' id='word_1_539' title='bbox 1995 1261 2125 1313; x_wconf 83' lang='grc' dir='ltr'>πολὺ</span> <span class='ocrx_word' id='word_1_540' title='bbox 2151 1263 2214 1315; x_wconf 85' lang='lat'>16</span> <span class='ocrx_word' id='word_1_541' title='bbox 2253 1264 2374 1335; x_wconf 85' lang='grc' dir='ltr'>μέλι</span> <span class='ocrx_word' id='word_1_542' title='bbox 2396 1266 2503 1319; x_wconf 84' lang='grc' dir='ltr'>τῶν</span> <span class='ocrx_word' id='word_1_543' title='bbox 2528 1269 2700 1338; x_wconf 83' lang='grc' dir='ltr'>λόγων</span> <span class='ocrx_word' id='word_1_544' title='bbox 2731 1273 3032 1339; x_wconf 82' lang='grc' dir='ltr'>ἀπέσταξεν</span> <span class='ocrx_word' id='word_1_545' title='bbox 3058 1279 3166 1333; x_wconf 83' lang='grc' dir='ltr'>ἀπὸ</span> <span class='ocrx_word' id='word_1_546' title='bbox 3198 1297 3298 1350; x_wconf 87' lang='grc' dir='ltr'>γα-</span> 
     </span>
    </p>
   </div>
   <div class='ocr_carea' id='block_1_72' title="bbox 1737 1345 3300 1431">
    <p class='ocr_par' dir='ltr' id='par_1_72' title="bbox 1737 1345 3300 1431">
     <span class='ocr_line' id='line_1_72' title="bbox 1737 1345 3300 1431; baseline 0.019 -34"><span class='ocrx_word' id='word_1_547' title='bbox 1737 1345 1904 1420; x_wconf 85' lang='grc' dir='ltr'>λήνης</span> <span class='ocrx_word' id='word_1_548' title='bbox 1950 1351 2044 1403; x_wconf 79' lang='grc' dir='ltr'>καὶ</span> <span class='ocrx_word' id='word_1_549' title='bbox 2078 1352 2283 1424; x_wconf 79' lang='grc' dir='ltr'>ἡμέρου</span> <span class='ocrx_word' id='word_1_550' title='bbox 2331 1357 2451 1426; x_wconf 78' lang='grc' dir='ltr'>ῥέον</span> <span class='ocrx_word' id='word_1_551' title='bbox 2492 1359 2686 1431; x_wconf 74' lang='grc' dir='ltr'>ψυχῆς·</span> <span class='ocrx_word' id='word_1_552' title='bbox 2740 1365 2832 1419; x_wconf 81' lang='grc' dir='ltr'>καὶ</span> <span class='ocrx_word' id='word_1_553' title='bbox 2876 1365 3083 1431; x_wconf 86' lang='grc' dir='ltr'>λιθίνην</span> <span class='ocrx_word' id='word_1_554' title='bbox 3141 1345 3300 1427; x_wconf 77' lang='grc' dir='ltr'>ίκάνά</span> 
     </span>
    </p>
   </div>
   <div class='ocr_carea' id='block_1_73' title="bbox 1735 1434 3297 1528">
    <p class='ocr_par' dir='ltr' id='par_1_73' title="bbox 1735 1434 3297 1528">
     <span class='ocr_line' id='line_1_73' title="bbox 1735 1434 3297 1528; baseline 0.019 -41"><span class='ocrx_word' id='word_1_555' title='bbox 1735 1435 1910 1528; x_wconf 82' lang='grc' dir='ltr'>ταῦτα</span> <span class='ocrx_word' id='word_1_556' title='bbox 1937 1434 2003 1509; x_wconf 81' lang='grc' dir='ltr'>ἦν</span> <span class='ocrx_word' id='word_1_557' title='bbox 2038 1442 2275 1510; x_wconf 75' lang='grc' dir='ltr'>μαλάξαι</span> <span class='ocrx_word' id='word_1_558' title='bbox 2320 1445 2557 1502; x_wconf 87' lang='grc' dir='ltr'>διάνοιαν</span> <span class='ocrx_word' id='word_1_559' title='bbox 2592 1450 2739 1525; x_wconf 74' lang='grc'>[455]</span> <span class='ocrx_word' id='word_1_560' title='bbox 2774 1455 2843 1510; x_wconf 92' lang='grc' dir='ltr'>τά</span> <span class='ocrx_word' id='word_1_561' title='bbox 2883 1459 3122 1528; x_wconf 78' lang='grc' dir='ltr'>ῥήματα.</span> <span class='ocrx_word' id='word_1_562' title='bbox 3160 1462 3297 1516; x_wconf 85' lang='grc' dir='ltr'>Ἀλλ’</span> 
     </span>
    </p>
   </div>
   <div class='ocr_carea' id='block_1_74' title="bbox 1735 1525 3298 1610">
    <p class='ocr_par' dir='ltr' id='par_1_74' title="bbox 1735 1525 3298 1610">
     <span class='ocr_line' id='line_1_74' title="bbox 1735 1525 3298 1610; baseline 0.017 -34"><span class='ocrx_word' id='word_1_563' title='bbox 1735 1525 1795 1577; x_wconf 89' lang='grc' dir='ltr'>οὐ</span> <span class='ocrx_word' id='word_1_564' title='bbox 1825 1526 1914 1578; x_wconf 76' lang='grc' dir='ltr'>τὸν</span> <span class='ocrx_word' id='word_1_565' title='bbox 1941 1528 2219 1599; x_wconf 84' lang='grc' dir='ltr'>ἀδάμαντα</span> <span class='ocrx_word' id='word_1_566' title='bbox 2247 1534 2452 1589; x_wconf 86' lang='grc' dir='ltr'>ἐκεῖνον</span> <span class='ocrx_word' id='word_1_567' title='bbox 2479 1540 2853 1610; x_wconf 77' lang='grc' dir='ltr'>περιέτρεψεν,</span> <span class='ocrx_word' id='word_1_568' title='bbox 2875 1525 2991 1596; x_wconf 79' lang='grc' dir='ltr'>ἀλλ’</span> <span class='ocrx_word' id='word_1_569' title='bbox 3011 1545 3131 1598; x_wconf 87' lang='grc' dir='ltr'>οὐδέ</span> <span class='ocrx_word' id='word_1_570' title='bbox 3158 1546 3298 1602; x_wconf 77' lang='grc' dir='ltr'>ἔσει-</span> 
     </span>
    </p>
   </div>
   <div class='ocr_carea' id='block_1_75' title="bbox 1737 1615 3295 1709">
    <p class='ocr_par' dir='ltr' id='par_1_75' title="bbox 1737 1615 3295 1709">
     <span class='ocr_line' id='line_1_75' title="bbox 1737 1615 3295 1709; baseline 0.016 -44"><span class='ocrx_word' id='word_1_571' title='bbox 1737 1630 1848 1677; x_wconf 92' lang='grc' dir='ltr'>σεν,</span> <span class='ocrx_word' id='word_1_572' title='bbox 1869 1615 1991 1667; x_wconf 82' lang='grc' dir='ltr'>οὐδέ</span> <span class='ocrx_word' id='word_1_573' title='bbox 2019 1615 2162 1671; x_wconf 80' lang='grc' dir='ltr'>εἶπε’</span> <span class='ocrx_word' id='word_1_574' title='bbox 2196 1619 2259 1673; x_wconf 90' lang='grc' dir='ltr'>Τί</span> <span class='ocrx_word' id='word_1_575' title='bbox 2289 1624 2499 1695; x_wconf 88' lang='grc' dir='ltr'>πατέρα</span> <span class='ocrx_word' id='word_1_576' title='bbox 2520 1626 2703 1690; x_wconf 88' lang='grc' dir='ltr'>καλεῖς</span> <span class='ocrx_word' id='word_1_577' title='bbox 2728 1629 2819 1684; x_wconf 85' lang='grc' dir='ltr'>τὸν</span> <span class='ocrx_word' id='word_1_578' title='bbox 2851 1632 3045 1702; x_wconf 83' lang='grc' dir='ltr'>μικρὸν</span> <span class='ocrx_word' id='word_1_579' title='bbox 3073 1632 3295 1709; x_wconf 74' lang='grc' dir='ltr'>ὕστερον</span> 
     </span>
    </p>
   </div>
   <div class='ocr_carea' id='block_1_76' title="bbox 1733 1708 3295 1793">
    <p class='ocr_par' dir='ltr' id='par_1_76' title="bbox 1733 1708 3295 1793">
     <span class='ocr_line' id='line_1_76' title="bbox 1733 1708 3295 1793; baseline 0.014 -34"><span class='ocrx_word' id='word_1_580' title='bbox 1733 1708 1833 1761; x_wconf 84' lang='grc' dir='ltr'>οὐκ</span> <span class='ocrx_word' id='word_1_581' title='bbox 1861 1708 2119 1779; x_wconf 81' lang='grc' dir='ltr'>ἐσόμενον</span> <span class='ocrx_word' id='word_1_582' title='bbox 2169 1730 2261 1765; x_wconf 88' lang='grc' dir='ltr'>σου</span> <span class='ocrx_word' id='word_1_583' title='bbox 2297 1718 2531 1785; x_wconf 88' lang='grc' dir='ltr'>πατέρα,</span> <span class='ocrx_word' id='word_1_584' title='bbox 2568 1719 2659 1771; x_wconf 86' lang='grc' dir='ltr'>τὸν</span> <span class='ocrx_word' id='word_1_585' title='bbox 2704 1720 2803 1792; x_wconf 83' lang='grc' dir='ltr'>ήδη</span> <span class='ocrx_word' id='word_1_586' title='bbox 2847 1724 3052 1793; x_wconf 90' lang='grc' dir='ltr'>ταύτην</span> <span class='ocrx_word' id='word_1_587' title='bbox 3100 1728 3295 1782; x_wconf 85' lang='grc' dir='ltr'>ἀπολέ-</span> 
     </span>
    </p>
   </div>
   <div class='ocr_carea' id='block_1_77' title="bbox 1735 1800 3289 1890">
    <p class='ocr_par' dir='ltr' id='par_1_77' title="bbox 1735 1800 3289 1890">
     <span class='ocr_line' id='line_1_77' title="bbox 1735 1800 3289 1890; baseline 0.017 -41"><span class='ocrx_word' id='word_1_588' title='bbox 1735 1815 1903 1854; x_wconf 92' lang='grc' dir='ltr'>σαντα</span> <span class='ocrx_word' id='word_1_589' title='bbox 1935 1800 2033 1872; x_wconf 85' lang='grc' dir='ltr'>τὴν</span> <span class='ocrx_word' id='word_1_590' title='bbox 2056 1804 2256 1873; x_wconf 75' lang='grc' dir='ltr'>τιμήνς</span> <span class='ocrx_word' id='word_1_591' title='bbox 2283 1806 2438 1870; x_wconf 87' lang='grc' dir='ltr'>Τίνος</span> <span class='ocrx_word' id='word_1_592' title='bbox 2456 1807 2511 1860; x_wconf 83' lang='grc' dir='ltr'>δὲ</span> <span class='ocrx_word' id='word_1_593' title='bbox 2540 1809 2723 1864; x_wconf 74' lang='grc' dir='ltr'>ἕνεκεν</span> <span class='ocrx_word' id='word_1_594' title='bbox 2754 1814 2846 1866; x_wconf 78' lang='grc' dir='ltr'>καὶ</span> <span class='ocrx_word' id='word_1_595' title='bbox 2874 1818 2903 1868; x_wconf 91' lang='grc' dir='ltr'>ὁ</span> <span class='ocrx_word' id='word_1_596' title='bbox 2925 1820 3052 1880; x_wconf 90' lang='grc' dir='ltr'>παῖς</span> <span class='ocrx_word' id='word_1_597' title='bbox 3078 1819 3289 1890; x_wconf 74' lang='grc' dir='ltr'>ἐρωτᾷς</span> 
     </span>
    </p>
   </div>
   <div class='ocr_carea' id='block_1_78' title="bbox 1733 1891 3289 1979">
    <p class='ocr_par' dir='ltr' id='par_1_78' title="bbox 1733 1891 3289 1979">
     <span class='ocr_line' id='line_1_78' title="bbox 1733 1891 3289 1979; baseline 0.014 -37"><span class='ocrx_word' id='word_1_598' title='bbox 1733 1891 1805 1943; x_wconf 86' lang='grc' dir='ltr'>Οὐ</span> <span class='ocrx_word' id='word_1_599' title='bbox 1844 1893 2340 1965; x_wconf 76' lang='grc' dir='ltr'>περιεργαζόμενος</span> <span class='ocrx_word' id='word_1_600' title='bbox 2385 1898 2570 1963; x_wconf 84' lang='grc' dir='ltr'>ἁπλῶς</span> <span class='ocrx_word' id='word_1_601' title='bbox 2617 1903 2737 1956; x_wconf 83' lang='grc' dir='ltr'>οὐδὲ</span> <span class='ocrx_word' id='word_1_602' title='bbox 2796 1905 3289 1979; x_wconf 85' lang='grc' dir='ltr'>πολυπραγμονῶν,</span> 
     </span>
    </p>
   </div>
   <div class='ocr_carea' id='block_1_79' title="bbox 1730 1982 3290 2073">
    <p class='ocr_par' dir='ltr' id='par_1_79' title="bbox 1730 1982 3290 2073">
     <span class='ocr_line' id='line_1_79' title="bbox 1730 1982 3290 2073; baseline 0.014 -39"><span class='ocrx_word' id='word_1_603' title='bbox 1730 1982 1844 2035; x_wconf 81' lang='grc' dir='ltr'>ἀλλ’</span> <span class='ocrx_word' id='word_1_604' title='bbox 1872 1985 2118 2052; x_wconf 80' lang='grc' dir='ltr'>ἀγωνιῶν</span> <span class='ocrx_word' id='word_1_605' title='bbox 2150 1987 2288 2061; x_wconf 80' lang='grc' dir='ltr'>ὑπὲρ</span> <span class='ocrx_word' id='word_1_606' title='bbox 2312 1988 2421 2042; x_wconf 82' lang='grc' dir='ltr'>τῶν</span> <span class='ocrx_word' id='word_1_607' title='bbox 2451 1995 2848 2064; x_wconf 87' lang='grc' dir='ltr'>προκειμένων.</span> <span class='ocrx_word' id='word_1_608' title='bbox 2888 2000 2998 2051; x_wconf 90' lang='lat' dir='ltr'>Kal</span> <span class='ocrx_word' id='word_1_609' title='bbox 3052 2003 3158 2073; x_wconf 86' lang='grc' dir='ltr'>γὰρ</span> <span class='ocrx_word' id='word_1_610' title='bbox 3200 2004 3290 2055; x_wconf 82' lang='grc' dir='ltr'>ἐν·</span> 
     </span>
    </p>
   </div>
   <div class='ocr_carea' id='block_1_80' title="bbox 1735 2074 3290 2163">
    <p class='ocr_par' dir='ltr' id='par_1_80' title="bbox 1735 2074 3290 2163">
     <span class='ocr_line' id='line_1_80' title="bbox 1735 2074 3290 2163; baseline 0.014 -37"><span class='ocrx_word' id='word_1_611' title='bbox 1735 2074 1877 2127; x_wconf 87' lang='grc' dir='ltr'>ενόει</span> <span class='ocrx_word' id='word_1_612' title='bbox 1905 2076 2008 2141; x_wconf 85' lang='grc' dir='ltr'>ὃτι,</span> <span class='ocrx_word' id='word_1_613' title='bbox 2036 2079 2084 2130; x_wconf 84' lang='grc' dir='ltr'>εἰ</span> <span class='ocrx_word' id='word_1_614' title='bbox 2119 2079 2192 2150; x_wconf 82' lang='grc' dir='ltr'>μὴ</span> <span class='ocrx_word' id='word_1_615' title='bbox 2222 2080 2471 2135; x_wconf 88' lang='grc' dir='ltr'>ἐϐούλετο</span> <span class='ocrx_word' id='word_1_616' title='bbox 2499 2082 2682 2138; x_wconf 85' lang='grc' dir='ltr'>λαϐεῖν</span> <span class='ocrx_word' id='word_1_617' title='bbox 2719 2090 2968 2143; x_wconf 85' lang='grc' dir='ltr'>κοινωνὸν</span> <span class='ocrx_word' id='word_1_618' title='bbox 3002 2092 3109 2144; x_wconf 84' lang='grc' dir='ltr'>τῶν</span> <span class='ocrx_word' id='word_1_619' title='bbox 3142 2111 3290 2163; x_wconf 86' lang='grc' dir='ltr'>γινο-</span> 
     </span>
    </p>
   </div>
   <div class='ocr_carea' id='block_1_81' title="bbox 1731 2166 3282 2255">
    <p class='ocr_par' dir='ltr' id='par_1_81' title="bbox 1731 2166 3282 2255">
     <span class='ocr_line' id='line_1_81' title="bbox 1731 2166 3282 2255; baseline 0.015 -38"><span class='ocrx_word' id='word_1_620' title='bbox 1731 2166 1926 2236; x_wconf 87' lang='grc' dir='ltr'>μένων,</span> <span class='ocrx_word' id='word_1_621' title='bbox 1949 2169 2049 2223; x_wconf 89' lang='grc' dir='ltr'>οὐκ</span> <span class='ocrx_word' id='word_1_622' title='bbox 2073 2170 2139 2223; x_wconf 84' lang='grc' dir='ltr'>ἂν</span> <span class='ocrx_word' id='word_1_623' title='bbox 2168 2171 2293 2236; x_wconf 84' lang='grc' dir='ltr'>τούς</span> <span class='ocrx_word' id='word_1_624' title='bbox 2327 2176 2425 2243; x_wconf 84' lang='grc' dir='ltr'>μὲν</span> <span class='ocrx_word' id='word_1_625' title='bbox 2459 2177 2651 2242; x_wconf 86' lang='grc' dir='ltr'>παῖδας</span> <span class='ocrx_word' id='word_1_626' title='bbox 2682 2180 2859 2251; x_wconf 83' lang='grc' dir='ltr'>ἀφῆκε</span> <span class='ocrx_word' id='word_1_627' title='bbox 2896 2184 3045 2236; x_wconf 88' lang='grc' dir='ltr'>κάτω</span> <span class='ocrx_word' id='word_1_628' title='bbox 3082 2186 3282 2255; x_wconf 89' lang='grc' dir='ltr'>μένειν,</span> 
     </span>
    </p>
   </div>
   <div class='ocr_carea' id='block_1_82' title="bbox 1725 2258 3286 2347">
    <p class='ocr_par' dir='ltr' id='par_1_82' title="bbox 1725 2258 3286 2347">
     <span class='ocr_line' id='line_1_82' title="bbox 1725 2258 3286 2347; baseline 0.015 -39"><span class='ocrx_word' id='word_1_629' title='bbox 1725 2258 1887 2311; x_wconf 79' lang='grc' dir='ltr'>αὐτὸν</span> <span class='ocrx_word' id='word_1_630' title='bbox 1916 2258 1971 2312; x_wconf 87' lang='grc' dir='ltr'>δὲ</span> <span class='ocrx_word' id='word_1_631' title='bbox 1996 2260 2155 2330; x_wconf 88' lang='grc' dir='ltr'>μόνον</span> <span class='ocrx_word' id='word_1_632' title='bbox 2185 2265 2480 2336; x_wconf 87' lang='grc' dir='ltr'>παρέλαϐε.</span> <span class='ocrx_word' id='word_1_633' title='bbox 2508 2270 2605 2322; x_wconf 79' lang='grc' dir='ltr'>Διά</span> <span class='ocrx_word' id='word_1_634' title='bbox 2626 2269 2689 2341; x_wconf 81' lang='grc' dir='ltr'>δὴ</span> <span class='ocrx_word' id='word_1_635' title='bbox 2714 2270 2869 2326; x_wconf 90' lang='grc' dir='ltr'>τοῦτο</span> <span class='ocrx_word' id='word_1_636' title='bbox 2894 2275 2988 2328; x_wconf 83' lang='grc' dir='ltr'>καὶ</span> <span class='ocrx_word' id='word_1_637' title='bbox 3017 2276 3104 2329; x_wconf 85' lang='grc' dir='ltr'>ὅτε</span> <span class='ocrx_word' id='word_1_638' title='bbox 3132 2277 3286 2347; x_wconf 83' lang='grc' dir='ltr'>μόνοι</span> 
     </span>
    </p>
   </div>
   <div class='ocr_carea' id='block_1_83' title="bbox 1723 2348 3284 2436">
    <p class='ocr_par' dir='ltr' id='par_1_83' title="bbox 1723 2348 3284 2436">
     <span class='ocr_line' id='line_1_83' title="bbox 1723 2348 3284 2436; baseline 0.013 -36"><span class='ocrx_word' id='word_1_639' title='bbox 1723 2348 1998 2418; x_wconf 84' lang='grc' dir='ltr'>γεγόνασι,</span> <span class='ocrx_word' id='word_1_640' title='bbox 2037 2353 2158 2406; x_wconf 88' lang='grc' dir='ltr'>τότε</span> <span class='ocrx_word' id='word_1_641' title='bbox 2195 2355 2357 2409; x_wconf 81' lang='grc' dir='ltr'>αὐτὸν</span> <span class='ocrx_word' id='word_1_642' title='bbox 2388 2358 2588 2429; x_wconf 82' lang='grc' dir='ltr'>ἐρωτᾷ,</span> <span class='ocrx_word' id='word_1_643' title='bbox 2628 2360 2717 2414; x_wconf 82' lang='grc' dir='ltr'>ὅτε</span> <span class='ocrx_word' id='word_1_644' title='bbox 2760 2363 2932 2427; x_wconf 76' lang='grc' dir='ltr'>οὐδεὶς</span> <span class='ocrx_word' id='word_1_645' title='bbox 2973 2366 3137 2436; x_wconf 74' lang='grc' dir='ltr'>ήκουτ</span> <span class='ocrx_word' id='word_1_646' title='bbox 3174 2367 3284 2421; x_wconf 83' lang='grc' dir='ltr'>τῶν</span> 
     </span>
    </p>
   </div>
   <div class='ocr_carea' id='block_1_84' title="bbox 1722 2438 3282 2530">
    <p class='ocr_par' dir='ltr' id='par_1_84' title="bbox 1722 2438 3282 2530">
     <span class='ocr_line' id='line_1_84' title="bbox 1722 2438 3282 2530; baseline 0.013 -38"><span class='ocrx_word' id='word_1_647' title='bbox 1722 2438 2046 2511; x_wconf 88' lang='grc' dir='ltr'>λεγομένων·</span> <span class='ocrx_word' id='word_1_648' title='bbox 2082 2446 2317 2519; x_wconf 87' lang='grc' dir='ltr'>τοσαύτη</span> <span class='ocrx_word' id='word_1_649' title='bbox 2344 2447 2437 2501; x_wconf 91' lang='grc' dir='ltr'>τοῦ</span> <span class='ocrx_word' id='word_1_650' title='bbox 2466 2452 2658 2516; x_wconf 86' lang='grc' dir='ltr'>παιδὸς</span> <span class='ocrx_word' id='word_1_651' title='bbox 2709 2455 2741 2522; x_wconf 88' lang='grc' dir='ltr'><strong>ἡ</strong></span> <span class='ocrx_word' id='word_1_652' title='bbox 2783 2454 2994 2519; x_wconf 86' lang='grc' dir='ltr'>σύνεσις</span> <span class='ocrx_word' id='word_1_653' title='bbox 3021 2453 3109 2529; x_wconf 80' lang='grc' dir='ltr'>ἦν.</span> <span class='ocrx_word' id='word_1_654' title='bbox 3136 2454 3282 2530; x_wconf 73' lang='grc' dir='ltr'>τΔρα</span> 
     </span>
    </p>
   </div>
   <div class='ocr_carea' id='block_1_85' title="bbox 1721 2530 3279 2614">
    <p class='ocr_par' dir='ltr' id='par_1_85' title="bbox 1721 2530 3279 2614">
     <span class='ocr_line' id='line_1_85' title="bbox 1721 2530 3279 2614; baseline 0.014 -33"><span class='ocrx_word' id='word_1_655' title='bbox 1721 2531 1782 2582; x_wconf 88' lang='grc' dir='ltr'>ού</span> <span class='ocrx_word' id='word_1_656' title='bbox 1816 2530 2239 2605; x_wconf 85' lang='grc' dir='ltr'>διεθερμάνθητε</span> <span class='ocrx_word' id='word_1_657' title='bbox 2275 2537 2495 2604; x_wconf 85' lang='grc' dir='ltr'>πάντες,</span> <span class='ocrx_word' id='word_1_658' title='bbox 2528 2540 2622 2593; x_wconf 77' lang='grc' dir='ltr'>καὶ</span> <span class='ocrx_word' id='word_1_659' title='bbox 2648 2541 2839 2614; x_wconf 83' lang='grc' dir='ltr'>ἄνδρες</span> <span class='ocrx_word' id='word_1_660' title='bbox 2877 2546 2968 2599; x_wconf 77' lang='grc' dir='ltr'>καὶ</span> <span class='ocrx_word' id='word_1_661' title='bbox 2994 2549 3279 2613; x_wconf 82' lang='grc' dir='ltr'>γυναῖκες;</span> 
     </span>
    </p>
   </div>
   <div class='ocr_carea' id='block_1_86' title="bbox 1720 2623 3284 2710">
    <p class='ocr_par' dir='ltr' id='par_1_86' title="bbox 1720 2623 3284 2710">
     <span class='ocr_line' id='line_1_86' title="bbox 1720 2623 3284 2710; baseline 0.012 -35"><span class='ocrx_word' id='word_1_662' title='bbox 1720 2623 1840 2693; x_wconf 77' lang='grc' dir='ltr'>οὐχὶ</span> <span class='ocrx_word' id='word_1_663' title='bbox 1892 2625 2119 2689; x_wconf 73' lang='grc' dir='ltr'>ἕκαστος</span> <span class='ocrx_word' id='word_1_664' title='bbox 2158 2629 2310 2697; x_wconf 80' lang='grc' dir='ltr'>ὑμῶν</span> <span class='ocrx_word' id='word_1_665' title='bbox 2357 2633 2785 2703; x_wconf 85' lang='grc' dir='ltr'>περιπτύσσεται</span> <span class='ocrx_word' id='word_1_666' title='bbox 2829 2639 2895 2707; x_wconf 80' lang='grc' dir='ltr'>τῇ</span> <span class='ocrx_word' id='word_1_667' title='bbox 2933 2637 3139 2710; x_wconf 80' lang='grc' dir='ltr'>διανοίᾳ</span> <span class='ocrx_word' id='word_1_668' title='bbox 3188 2644 3284 2694; x_wconf 75' lang='grc' dir='ltr'>καὶ</span> 
     </span>
    </p>
   </div>
   <div class='ocr_carea' id='block_1_87' title="bbox 1720 2717 3284 2799">
    <p class='ocr_par' dir='ltr' id='par_1_87' title="bbox 1720 2717 3284 2799">
     <span class='ocr_line' id='line_1_87' title="bbox 1720 2717 3284 2799; baseline 0.012 -31"><span class='ocrx_word' id='word_1_669' title='bbox 1720 2717 2011 2787; x_wconf 86' lang='grc' dir='ltr'>καταφιλεῖ</span> <span class='ocrx_word' id='word_1_670' title='bbox 2030 2719 2090 2772; x_wconf 84' lang='grc' dir='ltr'>τὸ</span> <span class='ocrx_word' id='word_1_671' title='bbox 2115 2721 2345 2785; x_wconf 88' lang='grc' dir='ltr'>παιδίον,</span> <span class='ocrx_word' id='word_1_672' title='bbox 2378 2725 2471 2776; x_wconf 73' lang='grc' dir='ltr'>καὶ</span> <span class='ocrx_word' id='word_1_673' title='bbox 2505 2724 2772 2794; x_wconf 79' lang='grc' dir='ltr'>θαυμάζει</span> <span class='ocrx_word' id='word_1_674' title='bbox 2800 2729 2898 2799; x_wconf 83' lang='grc' dir='ltr'>τὴν</span> <span class='ocrx_word' id='word_1_675' title='bbox 2927 2729 3159 2794; x_wconf 89' lang='grc' dir='ltr'>σύνεσιν,</span> <span class='ocrx_word' id='word_1_676' title='bbox 3189 2732 3284 2786; x_wconf 74' lang='grc' dir='ltr'>καὶ</span> 
     </span>
    </p>
   </div>
   <div class='ocr_carea' id='block_1_88' title="bbox 1721 2808 3281 2895">
    <p class='ocr_par' dir='ltr' id='par_1_88' title="bbox 1721 2808 3281 2895">
     <span class='ocr_line' id='line_1_88' title="bbox 1721 2808 3281 2895; baseline 0.013 -36"><span class='ocrx_word' id='word_1_677' title='bbox 1721 2808 1948 2861; x_wconf 87' lang='grc' dir='ltr'>αἰδεῖται</span> <span class='ocrx_word' id='word_1_678' title='bbox 1987 2809 2085 2881; x_wconf 83' lang='grc' dir='ltr'>τὴν</span> <span class='ocrx_word' id='word_1_679' title='bbox 2116 2811 2421 2873; x_wconf 85' lang='grc' dir='ltr'>εὐλάϐειαν,</span> <span class='ocrx_word' id='word_1_680' title='bbox 2458 2815 2576 2882; x_wconf 75' lang='grc' dir='ltr'>μεθ’</span> <span class='ocrx_word' id='word_1_681' title='bbox 2605 2812 2672 2886; x_wconf 81' lang='grc' dir='ltr'>ἧς</span> <span class='ocrx_word' id='word_1_682' title='bbox 2699 2819 2791 2871; x_wconf 81' lang='grc' dir='ltr'>καὶ</span> <span class='ocrx_word' id='word_1_683' title='bbox 2822 2822 3281 2895; x_wconf 75' lang='grc' dir='ltr'>συμποδιξόμενος</span> 
     </span>
    </p>
   </div>
   <div class='ocr_carea' id='block_1_89' title="bbox 1692 2900 3278 2986">
    <p class='ocr_par' dir='ltr' id='par_1_89' title="bbox 1692 2900 3278 2986">
     <span class='ocr_line' id='line_1_89' title="bbox 1692 2900 3278 2986; baseline 0.013 -36"><span class='ocrx_word' id='word_1_684' title='bbox 1692 2900 1815 2969; x_wconf 34' lang='grc' dir='ltr'>,καὶ</span> <span class='ocrx_word' id='word_1_685' title='bbox 1852 2902 1945 2952; x_wconf 81' lang='grc' dir='ltr'>ἐπὶ</span> <span class='ocrx_word' id='word_1_686' title='bbox 1982 2905 2091 2965; x_wconf 85' lang='grc' dir='ltr'>τοῖς</span> <span class='ocrx_word' id='word_1_687' title='bbox 2131 2903 2307 2969; x_wconf 81' lang='grc' dir='ltr'>ξύλοις</span> <span class='ocrx_word' id='word_1_688' title='bbox 2345 2906 2736 2977; x_wconf 83' lang='grc' dir='ltr'>ἐπιτιθέμενος,</span> <span class='ocrx_word' id='word_1_689' title='bbox 2768 2911 2868 2964; x_wconf 89' lang='grc' dir='ltr'>οὐκ</span> <span class='ocrx_word' id='word_1_690' title='bbox 2903 2912 3278 2986; x_wconf 81' lang='grc' dir='ltr'>ἐξεπλήττετο,</span> 
     </span>
    </p>
   </div>
   <div class='ocr_carea' id='block_1_90' title="bbox 1718 2991 3281 3076">
    <p class='ocr_par' dir='ltr' id='par_1_90' title="bbox 1718 2991 3281 3076">
     <span class='ocr_line' id='line_1_90' title="bbox 1718 2991 3281 3076; baseline 0.012 -34"><span class='ocrx_word' id='word_1_691' title='bbox 1718 2991 1817 3043; x_wconf 88' lang='grc' dir='ltr'>οὐκ</span> <span class='ocrx_word' id='word_1_692' title='bbox 1846 2992 2092 3063; x_wconf 79' lang='grc' dir='ltr'>ἐσκίρτα,</span> <span class='ocrx_word' id='word_1_693' title='bbox 2128 2995 2186 3047; x_wconf 88' lang='grc' dir='ltr'>οὐ</span> <span class='ocrx_word' id='word_1_694' title='bbox 2219 2996 2587 3064; x_wconf 88' lang='grc' dir='ltr'>κατεγίνωσκε</span> <span class='ocrx_word' id='word_1_695' title='bbox 2616 3001 2709 3053; x_wconf 90' lang='grc' dir='ltr'>τοῦ</span> <span class='ocrx_word' id='word_1_696' title='bbox 2742 3002 2946 3074; x_wconf 82' lang='grc' dir='ltr'>πατρὸς</span> <span class='ocrx_word' id='word_1_697' title='bbox 2976 3005 3052 3069; x_wconf 84' lang='grc' dir='ltr'>ὡς</span> <span class='ocrx_word' id='word_1_698' title='bbox 3092 3024 3281 3076; x_wconf 76' lang='grc' dir='ltr'>μαινοο</span> 
     </span>
    </p>
   </div>
   <div class='ocr_carea' id='block_1_91' title="bbox 1721 3082 3278 3162">
    <p class='ocr_par' dir='ltr' id='par_1_91' title="bbox 1721 3082 3278 3162">
     <span class='ocr_line' id='line_1_91' title="bbox 1721 3082 3278 3162; baseline 0.015 -28"><span class='ocrx_word' id='word_1_699' title='bbox 1721 3082 1904 3153; x_wconf 88' lang='grc' dir='ltr'>μένου,</span> <span class='ocrx_word' id='word_1_700' title='bbox 1946 3084 2079 3139; x_wconf 83' lang='grc' dir='ltr'>ἀλλά</span> <span class='ocrx_word' id='word_1_701' title='bbox 2108 3089 2201 3141; x_wconf 80' lang='grc' dir='ltr'>καὶ</span> <span class='ocrx_word' id='word_1_702' title='bbox 2241 3089 2519 3161; x_wconf 87' lang='grc' dir='ltr'>ἐδεσμεῖτο</span> <span class='ocrx_word' id='word_1_703' title='bbox 2557 3094 2649 3147; x_wconf 80' lang='grc' dir='ltr'>καὶ</span> <span class='ocrx_word' id='word_1_704' title='bbox 2677 3095 3026 3162; x_wconf 82' lang='grc' dir='ltr'>ἀνεϐιϐἀζετο</span> <span class='ocrx_word' id='word_1_705' title='bbox 3060 3103 3154 3155; x_wconf 78' lang='grc' dir='ltr'>καὶ</span> <span class='ocrx_word' id='word_1_706' title='bbox 3180 3105 3278 3157; x_wconf 87' lang='grc' dir='ltr'>ἐπ-</span> 
     </span>
    </p>
   </div>
   <div class='ocr_carea' id='block_1_92' title="bbox 1717 3175 3273 3267">
    <p class='ocr_par' dir='ltr' id='par_1_92' title="bbox 1717 3175 3273 3267">
     <span class='ocr_line' id='line_1_92' title="bbox 1717 3175 3273 3267; baseline 0.015 -40"><span class='ocrx_word' id='word_1_707' title='bbox 1717 3175 1942 3241; x_wconf 89' lang='grc' dir='ltr'>ετίθετο,</span> <span class='ocrx_word' id='word_1_708' title='bbox 1976 3180 2068 3233; x_wconf 75' lang='grc' dir='ltr'>καὶ</span> <span class='ocrx_word' id='word_1_709' title='bbox 2091 3180 2266 3235; x_wconf 86' lang='grc' dir='ltr'>πάντα</span> <span class='ocrx_word' id='word_1_710' title='bbox 2298 3180 2460 3253; x_wconf 75' lang='grc' dir='ltr'>ἔφερε</span> <span class='ocrx_word' id='word_1_711' title='bbox 2485 3188 2633 3257; x_wconf 82' lang='grc' dir='ltr'>σιγῇ,</span> <span class='ocrx_word' id='word_1_712' title='bbox 2659 3188 2912 3261; x_wconf 87' lang='grc' dir='ltr'>καθάπερ</span> <span class='ocrx_word' id='word_1_713' title='bbox 2937 3209 3020 3257; x_wconf 91' lang='grc' dir='ltr'>τις</span> <span class='ocrx_word' id='word_1_714' title='bbox 3039 3195 3273 3267; x_wconf 81' lang='grc' dir='ltr'>ἀρνειὸς,</span> 
     </span>
    </p>
   </div>
   <div class='ocr_carea' id='block_1_93' title="bbox 1719 3268 3277 3359">
    <p class='ocr_par' dir='ltr' id='par_1_93' title="bbox 1719 3268 3277 3359">
     <span class='ocr_line' id='line_1_93' title="bbox 1719 3268 3277 3359; baseline 0.017 -39"><span class='ocrx_word' id='word_1_715' title='bbox 1719 3268 1918 3338; x_wconf 84' lang='grc' dir='ltr'>μᾶλλον</span> <span class='ocrx_word' id='word_1_716' title='bbox 1939 3271 2017 3332; x_wconf 90' lang='grc' dir='ltr'>δέ,</span> <span class='ocrx_word' id='word_1_717' title='bbox 2046 3272 2295 3346; x_wconf 84' lang='grc' dir='ltr'>καθάπερ</span> <span class='ocrx_word' id='word_1_718' title='bbox 2315 3276 2343 3327; x_wconf 87' lang='lat'>6</span> <span class='ocrx_word' id='word_1_719' title='bbox 2379 3278 2553 3344; x_wconf 85' lang='grc' dir='ltr'>κοινὸς</span> <span class='ocrx_word' id='word_1_720' title='bbox 2581 3281 2797 3336; x_wconf 84' lang='grc' dir='ltr'>πάντων</span> <span class='ocrx_word' id='word_1_721' title='bbox 2820 3287 3095 3359; x_wconf 74' lang='grc' dir='ltr'>Δεσπότη,</span> <span class='ocrx_word' id='word_1_722' title='bbox 3120 3308 3135 3356; x_wconf 88' lang='grc'>;</span> <span class='ocrx_word' id='word_1_723' title='bbox 3164 3292 3277 3346; x_wconf 69' lang='grc' dir='ltr'>Καὶ</span> 
     </span>
    </p>
   </div>
   <div class='ocr_carea' id='block_1_94' title="bbox 1715 3358 3277 3439">
    <p class='ocr_par' dir='ltr' id='par_1_94' title="bbox 1715 3358 3277 3439">
     <span class='ocr_line' id='line_1_94' title="bbox 1715 3358 3277 3439; baseline 0.019 -29"><span class='ocrx_word' id='word_1_724' title='bbox 1715 3358 1824 3430; x_wconf 83' lang='grc' dir='ltr'>γὰρ</span> <span class='ocrx_word' id='word_1_725' title='bbox 1859 3360 2065 3414; x_wconf 88' lang='grc' dir='ltr'>ἐκείνου</span> <span class='ocrx_word' id='word_1_726' title='bbox 2099 3364 2349 3433; x_wconf 78' lang='grc' dir='ltr'>ἐμιμεῖτο</span> <span class='ocrx_word' id='word_1_727' title='bbox 2381 3367 2480 3438; x_wconf 80' lang='grc' dir='ltr'>τὴν</span> <span class='ocrx_word' id='word_1_728' title='bbox 2508 3370 2827 3439; x_wconf 88' lang='grc' dir='ltr'>ἐπιείκειαν,</span> <span class='ocrx_word' id='word_1_729' title='bbox 2861 3377 2954 3430; x_wconf 75' lang='grc' dir='ltr'>καὶ</span> <span class='ocrx_word' id='word_1_730' title='bbox 2984 3358 3075 3432; x_wconf 80' lang='grc' dir='ltr'>τὸν</span> <span class='ocrx_word' id='word_1_731' title='bbox 3107 3380 3277 3439; x_wconf 74' lang='grc' dir='ltr'>τύπον</span> 
     </span>
    </p>
   </div>
   <div class='ocr_carea' id='block_1_95' title="bbox 1712 3451 3273 3543">
    <p class='ocr_par' dir='ltr' id='par_1_95' title="bbox 1712 3451 3273 3543">
     <span class='ocr_line' id='line_1_95' title="bbox 1712 3451 3273 3543; baseline 0.015 -40"><span class='ocrx_word' id='word_1_732' title='bbox 1712 3451 2026 3519; x_wconf 74' lang='grc' dir='ltr'>ἐφύλαττενο</span> <span class='ocrx_word' id='word_1_733' title='bbox 2078 3455 2171 3520; x_wconf 82' lang='grc' dir='ltr'>Ὠς</span> <span class='ocrx_word' id='word_1_734' title='bbox 2199 3457 2497 3524; x_wconf 82' lang='grc' dir='ltr'>πρόϐατον</span> <span class='ocrx_word' id='word_1_735' title='bbox 2539 3462 2648 3533; x_wconf 83' lang='grc' dir='ltr'>γὰρ</span> <span class='ocrx_word' id='word_1_736' title='bbox 2683 3464 2781 3517; x_wconf 76' lang='grc' dir='ltr'>ἐπὶ</span> <span class='ocrx_word' id='word_1_737' title='bbox 2818 3468 3064 3539; x_wconf 71' lang='grc' dir='ltr'>σφαγὴν</span> <span class='ocrx_word' id='word_1_738' title='bbox 3093 3471 3273 3543; x_wconf 75' lang='grc' dir='ltr'>ἤχθη,</span> 
     </span>
    </p>
   </div>
   <div class='ocr_carea' id='block_1_96' title="bbox 1711 3544 3275 3637">
    <p class='ocr_par' dir='ltr' id='par_1_96' title="bbox 1711 3544 3275 3637">
     <span class='ocr_line' id='line_1_96' title="bbox 1711 3544 3275 3637; baseline 0.016 -40"><span class='ocrx_word' id='word_1_739' title='bbox 1711 3544 1807 3597; x_wconf 68' lang='grc' dir='ltr'>καί</span> <span class='ocrx_word' id='word_1_740' title='bbox 1829 3545 1909 3611; x_wconf 81' lang='grc' dir='ltr'>ὡς</span> <span class='ocrx_word' id='word_1_741' title='bbox 1931 3546 2120 3615; x_wconf 81' lang='grc' dir='ltr'>ἀμνὸς</span> <span class='ocrx_word' id='word_1_742' title='bbox 2148 3548 2425 3604; x_wconf 81' lang='grc' dir='ltr'>ἐναντίον</span> <span class='ocrx_word' id='word_1_743' title='bbox 2450 3553 2556 3607; x_wconf 88' lang='grc' dir='ltr'>τοῦ</span> <span class='ocrx_word' id='word_1_744' title='bbox 2586 3556 2887 3625; x_wconf 82' lang='grc' dir='ltr'>κείροντος</span> <span class='ocrx_word' id='word_1_745' title='bbox 2911 3562 3097 3617; x_wconf 87' lang='grc' dir='ltr'>αὐτὸν</span> <span class='ocrx_word' id='word_1_746' title='bbox 3117 3566 3275 3637; x_wconf 70' lang='grc' dir='ltr'>ἄφω-</span> 
     </span>
    </p>
   </div>
   <div class='ocr_carea' id='block_1_97' title="bbox 1709 3637 3274 3724">
    <p class='ocr_par' dir='ltr' id='par_1_97' title="bbox 1709 3637 3274 3724">
     <span class='ocr_line' id='line_1_97' title="bbox 1709 3637 3274 3724; baseline 0.008 -36"><span class='ocrx_word' id='word_1_747' title='bbox 1709 3652 1834 3700; x_wconf 85' lang='grc' dir='ltr'>νος.</span> <span class='ocrx_word' id='word_1_748' title='bbox 1876 3637 2067 3691; x_wconf 83' lang='grc' dir='ltr'>Καίτοι</span> <span class='ocrx_word' id='word_1_749' title='bbox 2106 3654 2169 3706; x_wconf 90' lang='grc' dir='ltr'>γε</span> <span class='ocrx_word' id='word_1_750' title='bbox 2204 3640 2498 3709; x_wconf 80' lang='grc' dir='ltr'>ἐφθέγξατο</span> <span class='ocrx_word' id='word_1_751' title='bbox 2534 3638 2707 3709; x_wconf 74' lang='grc' dir='ltr'>οῦτοςο</span> <span class='ocrx_word' id='word_1_752' title='bbox 2737 3651 2830 3702; x_wconf 68' lang='grc' dir='ltr'>καὶ</span> <span class='ocrx_word' id='word_1_753' title='bbox 2857 3652 2965 3724; x_wconf 87' lang='lat'>7&amp;9</span> <span class='ocrx_word' id='word_1_754' title='bbox 2992 3657 3087 3711; x_wconf 74' lang='grc' dir='ltr'>καὶ</span> <span class='ocrx_word' id='word_1_755' title='bbox 3115 3658 3144 3709; x_wconf 91' lang='lat'>6</span> <span class='ocrx_word' id='word_1_756' title='bbox 3177 3660 3274 3713; x_wconf 84' lang='grc' dir='ltr'>Δε-</span> 
     </span>
    </p>
   </div>
   <div class='ocr_carea' id='block_1_98' title="bbox 1712 3728 3270 3812">
    <p class='ocr_par' dir='ltr' id='par_1_98' title="bbox 1712 3728 3270 3812">
     <span class='ocr_line' id='line_1_98' title="bbox 1712 3728 3270 3812; baseline 0.01 -32"><span class='ocrx_word' id='word_1_757' title='bbox 1712 3728 1913 3799; x_wconf 77' lang='grc' dir='ltr'>σπόιης</span> <span class='ocrx_word' id='word_1_758' title='bbox 1967 3729 2129 3783; x_wconf 86' lang='grc' dir='ltr'>αὐτοῦ</span> <span class='ocrx_word' id='word_1_759' title='bbox 2173 3732 2490 3800; x_wconf 74' lang='grc' dir='ltr'>ἐφθέγξατοο</span> <span class='ocrx_word' id='word_1_760' title='bbox 2539 3738 2657 3803; x_wconf 82' lang='grc' dir='ltr'>πῶς</span> <span class='ocrx_word' id='word_1_761' title='bbox 2696 3736 2788 3796; x_wconf 82' lang='grc' dir='ltr'>οὖν</span> <span class='ocrx_word' id='word_1_762' title='bbox 2821 3742 3070 3812; x_wconf 79' lang='grc' dir='ltr'>ἄφωνοςς</span> <span class='ocrx_word' id='word_1_763' title='bbox 3102 3750 3270 3805; x_wconf 78' lang='grc' dir='ltr'>Τουτ..</span> 
     </span>
    </p>
   </div>
   <div class='ocr_carea' id='block_1_99' title="bbox 1708 3818 3271 3901">
    <p class='ocr_par' dir='ltr' id='par_1_99' title="bbox 1708 3818 3271 3901">
     <span class='ocr_line' id='line_1_99' title="bbox 1708 3818 3271 3901; baseline 0.015 -31"><span class='ocrx_word' id='word_1_764' title='bbox 1708 3818 1875 3881; x_wconf 81' lang='grc' dir='ltr'>ἐστιν,</span> <span class='ocrx_word' id='word_1_765' title='bbox 1903 3820 2055 3872; x_wconf 80' lang='grc' dir='ltr'>οὐδὲν</span> <span class='ocrx_word' id='word_1_766' title='bbox 2088 3820 2315 3887; x_wconf 74' lang='grc' dir='ltr'>αὔθαδες</span> <span class='ocrx_word' id='word_1_767' title='bbox 2347 3819 2520 3890; x_wconf 80' lang='grc' dir='ltr'>εἶπεν,</span> <span class='ocrx_word' id='word_1_768' title='bbox 2551 3827 2672 3880; x_wconf 87' lang='grc' dir='ltr'>ούδέ</span> <span class='ocrx_word' id='word_1_769' title='bbox 2704 3832 2899 3901; x_wconf 82' lang='grc' dir='ltr'>τραχὺ,</span> <span class='ocrx_word' id='word_1_770' title='bbox 2929 3834 3063 3890; x_wconf 85' lang='grc' dir='ltr'>ἀλλά</span> <span class='ocrx_word' id='word_1_771' title='bbox 3094 3839 3271 3894; x_wconf 88' lang='grc' dir='ltr'>πάντα</span> 
     </span>
    </p>
   </div>
   <div class='ocr_carea' id='block_1_100' title="bbox 1706 3911 3263 4000">
    <p class='ocr_par' dir='ltr' id='par_1_100' title="bbox 1706 3911 3263 4000">
     <span class='ocr_line' id='line_1_100' title="bbox 1706 3911 3263 4000; baseline 0.015 -39"><span class='ocrx_word' id='word_1_772' title='bbox 1706 3911 1882 3982; x_wconf 77' lang='grc' dir='ltr'>ἥμερα</span> <span class='ocrx_word' id='word_1_773' title='bbox 1907 3912 1996 3964; x_wconf 79' lang='grc' dir='ltr'>καὶ</span> <span class='ocrx_word' id='word_1_774' title='bbox 2019 3915 2285 3986; x_wconf 84' lang='grc' dir='ltr'>προσηνῆ,</span> <span class='ocrx_word' id='word_1_775' title='bbox 2310 3917 2401 3970; x_wconf 73' lang='grc' dir='ltr'>καὶ</span> <span class='ocrx_word' id='word_1_776' title='bbox 2424 3918 2624 3988; x_wconf 78' lang='grc' dir='ltr'>μᾶλλον</span> <span class='ocrx_word' id='word_1_777' title='bbox 2645 3921 2744 3990; x_wconf 86' lang='grc' dir='ltr'>τῆς</span> <span class='ocrx_word' id='word_1_778' title='bbox 2766 3924 2925 3992; x_wconf 86' lang='grc' dir='ltr'>σιγῆς</span> <span class='ocrx_word' id='word_1_779' title='bbox 2954 3928 3023 3979; x_wconf 86' lang='grc' dir='ltr'>τά</span> <span class='ocrx_word' id='word_1_780' title='bbox 3044 3930 3263 4000; x_wconf 75' lang='grc' dir='ltr'>ῥήματα</span> 
     </span>
    </p>
   </div>
   <div class='ocr_carea' id='block_1_101' title="bbox 1706 4001 3258 4089">
    <p class='ocr_par' dir='ltr' id='par_1_101' title="bbox 1706 4001 3258 4089">
     <span class='ocr_line' id='line_1_101' title="bbox 1706 4001 3258 4089; baseline 0.014 -36"><span class='ocrx_word' id='word_1_781' title='bbox 1706 4001 1803 4072; x_wconf 82' lang='grc' dir='ltr'>τὴν</span> <span class='ocrx_word' id='word_1_782' title='bbox 1836 4003 2134 4057; x_wconf 89' lang='grc' dir='ltr'>ἐπιείκειαν</span> <span class='ocrx_word' id='word_1_783' title='bbox 2166 4006 2375 4076; x_wconf 82' lang='grc' dir='ltr'>ἐδήλου.</span> <span class='ocrx_word' id='word_1_784' title='bbox 2418 4008 2567 4061; x_wconf 78' lang='grc' dir='ltr'>Ἐπεὶ</span> <span class='ocrx_word' id='word_1_785' title='bbox 2607 4013 2699 4065; x_wconf 75' lang='grc' dir='ltr'>καὶ</span> <span class='ocrx_word' id='word_1_786' title='bbox 2738 4015 2765 4065; x_wconf 91' lang='grc' dir='ltr'><strong>ὀ</strong></span> <span class='ocrx_word' id='word_1_787' title='bbox 2794 4014 3027 4084; x_wconf 83' lang='grc' dir='ltr'>Χριστὸς</span> <span class='ocrx_word' id='word_1_788' title='bbox 3052 4018 3258 4089; x_wconf 72' lang='grc' dir='ltr'>ἐλεγενο</span> 
     </span>
    </p>
   </div>
   <div class='ocr_carea' id='block_1_102' title="bbox 1704 4093 3263 4177">
    <p class='ocr_par' dir='ltr' id='par_1_102' title="bbox 1704 4093 3263 4177">
     <span class='ocr_line' id='line_1_102' title="bbox 1704 4093 3263 4177; baseline 0.013 -32"><span class='ocrx_word' id='word_1_789' title='bbox 1704 4095 1774 4146; x_wconf 84' lang='grc' dir='ltr'>Εἰ</span> <span class='ocrx_word' id='word_1_790' title='bbox 1813 4093 1932 4161; x_wconf 84' lang='grc' dir='ltr'>μὲν</span> <span class='ocrx_word' id='word_1_791' title='bbox 1984 4094 2179 4161; x_wconf 82' lang='grc' dir='ltr'>κακῶς</span> <span class='ocrx_word' id='word_1_792' title='bbox 2223 4096 2519 4166; x_wconf 73' lang='grc' dir='ltr'>ἐλάλησα,</span> <span class='ocrx_word' id='word_1_793' title='bbox 2567 4105 2951 4173; x_wconf 82' lang='grc' dir='ltr'>μαρτύρησον</span> <span class='ocrx_word' id='word_1_794' title='bbox 2986 4110 3117 4177; x_wconf 75' lang='grc' dir='ltr'>περὶ</span> <span class='ocrx_word' id='word_1_795' title='bbox 3158 4112 3263 4166; x_wconf 86' lang='grc' dir='ltr'>τοῦ</span> 
     </span>
    </p>
   </div>
   <div class='ocr_carea' id='block_1_103' title="bbox 1703 4185 3263 4273">
    <p class='ocr_par' dir='ltr' id='par_1_103' title="bbox 1703 4185 3263 4273">
     <span class='ocr_line' id='line_1_103' title="bbox 1703 4185 3263 4273; baseline 0.013 -35"><span class='ocrx_word' id='word_1_796' title='bbox 1703 4185 1910 4240; x_wconf 83' lang='grc' dir='ltr'>κακοῦ·</span> <span class='ocrx_word' id='word_1_797' title='bbox 1954 4189 2007 4239; x_wconf 83' lang='grc' dir='ltr'>εὶ</span> <span class='ocrx_word' id='word_1_798' title='bbox 2059 4185 2128 4239; x_wconf 81' lang='grc' dir='ltr'>δὲ</span> <span class='ocrx_word' id='word_1_799' title='bbox 2176 4188 2394 4255; x_wconf 71' lang='grc' dir='ltr'>καλῶς,</span> <span class='ocrx_word' id='word_1_800' title='bbox 2421 4192 2480 4245; x_wconf 84' lang='grc' dir='ltr'>τί</span> <span class='ocrx_word' id='word_1_801' title='bbox 2516 4210 2594 4261; x_wconf 81' lang='grc' dir='ltr'>με</span> <span class='ocrx_word' id='word_1_802' title='bbox 2632 4194 2862 4263; x_wconf 76' lang='grc' dir='ltr'>δέρεις;</span> <span class='ocrx_word' id='word_1_803' title='bbox 2892 4200 2987 4253; x_wconf 77' lang='grc' dir='ltr'>καὶ</span> <span class='ocrx_word' id='word_1_804' title='bbox 3018 4202 3117 4273; x_wconf 81' lang='grc' dir='ltr'>τὴν</span> <span class='ocrx_word' id='word_1_805' title='bbox 3141 4204 3263 4258; x_wconf 79' lang='grc' dir='ltr'>ἐπι-</span> 
     </span>
    </p>
   </div>
   <div class='ocr_carea' id='block_1_104' title="bbox 1702 4277 3260 4365">
    <p class='ocr_par' dir='ltr' id='par_1_104' title="bbox 1702 4277 3260 4365">
     <span class='ocr_line' id='line_1_104' title="bbox 1702 4277 3260 4365; baseline 0.013 -36"><span class='ocrx_word' id='word_1_806' title='bbox 1702 4277 1903 4331; x_wconf 87' lang='grc' dir='ltr'>είκειαν</span> <span class='ocrx_word' id='word_1_807' title='bbox 1939 4278 2137 4348; x_wconf 81' lang='grc' dir='ltr'>μᾶλλον</span> <span class='ocrx_word' id='word_1_808' title='bbox 2175 4279 2456 4350; x_wconf 88' lang='grc' dir='ltr'>ἐδήλωσεν,</span> <span class='ocrx_word' id='word_1_809' title='bbox 2485 4283 2517 4355; x_wconf 83' lang='grc' dir='ltr'>ἢ</span> <span class='ocrx_word' id='word_1_810' title='bbox 2565 4287 2615 4338; x_wconf 85' lang='grc' dir='ltr'>εί</span> <span class='ocrx_word' id='word_1_811' title='bbox 2652 4287 2898 4356; x_wconf 88' lang='grc' dir='ltr'>ἐσίγησε.</span> <span class='ocrx_word' id='word_1_812' title='bbox 2931 4292 3038 4345; x_wconf 81' lang='grc' dir='ltr'>Καὶ</span> <span class='ocrx_word' id='word_1_813' title='bbox 3071 4292 3260 4365; x_wconf 85' lang='grc' dir='ltr'>ὥσπερ</span> 
     </span>
    </p>
   </div>
   <div class='ocr_carea' id='block_1_105' title="bbox 1700 4363 3261 4446">
    <p class='ocr_par' dir='ltr' id='par_1_105' title="bbox 1700 4363 3261 4446">
     <span class='ocr_line' id='line_1_105' title="bbox 1700 4363 3261 4446; baseline 0.011 -26"><span class='ocrx_word' id='word_1_814' title='bbox 1700 4363 1850 4428; x_wconf 74' lang='grc' dir='ltr'>οὗτος</span> <span class='ocrx_word' id='word_1_815' title='bbox 1873 4366 1952 4439; x_wconf 84' lang='grc' dir='ltr'>τῷ</span> <span class='ocrx_word' id='word_1_816' title='bbox 1972 4370 2136 4440; x_wconf 81' lang='grc' dir='ltr'>πατρὶ</span> <span class='ocrx_word' id='word_1_817' title='bbox 2154 4370 2263 4426; x_wconf 80' lang='grc' dir='ltr'>ἀπὸ</span> <span class='ocrx_word' id='word_1_818' title='bbox 2282 4370 2373 4424; x_wconf 93' lang='grc' dir='ltr'>τοῦ</span> <span class='ocrx_word' id='word_1_819' title='bbox 2400 4371 2810 4446; x_wconf 85' lang='grc' dir='ltr'>θυσιαστηρίου,</span> <span class='ocrx_word' id='word_1_820' title='bbox 2833 4377 2976 4434; x_wconf 79' lang='grc' dir='ltr'>οὕτω</span> <span class='ocrx_word' id='word_1_821' title='bbox 3000 4383 3094 4434; x_wconf 85' lang='grc' dir='ltr'>καὶ</span> <span class='ocrx_word' id='word_1_822' title='bbox 3118 4363 3261 4437; x_wconf 81' lang='grc' dir='ltr'>ἐκεῖ·</span> 
     </span>
    </p>
   </div>
   <div class='ocr_carea' id='block_1_106' title="bbox 1699 4459 3260 4541">
    <p class='ocr_par' dir='ltr' id='par_1_106' title="bbox 1699 4459 3260 4541">
     <span class='ocr_line' id='line_1_106' title="bbox 1699 4459 3260 4541; baseline 0.007 -24"><span class='ocrx_word' id='word_1_823' title='bbox 1699 4476 1787 4522; x_wconf 83' lang='grc' dir='ltr'>νος</span> <span class='ocrx_word' id='word_1_824' title='bbox 1821 4459 1931 4517; x_wconf 75' lang='grc' dir='ltr'>ἀπὸ</span> <span class='ocrx_word' id='word_1_825' title='bbox 1970 4459 2064 4513; x_wconf 89' lang='grc' dir='ltr'>τοῦ</span> <span class='ocrx_word' id='word_1_826' title='bbox 2104 4462 2334 4533; x_wconf 91' lang='grc' dir='ltr'>σταυροῦ</span> <span class='ocrx_word' id='word_1_827' title='bbox 2369 4463 2702 4535; x_wconf 88' lang='grc' dir='ltr'>διαλέγεται,</span> <span class='ocrx_word' id='word_1_828' title='bbox 2737 4469 2951 4539; x_wconf 83' lang='grc' dir='ltr'>Πάτερ,</span> <span class='ocrx_word' id='word_1_829' title='bbox 2978 4473 3126 4541; x_wconf 73' lang='grc' dir='ltr'>ἄφες</span> <span class='ocrx_word' id='word_1_830' title='bbox 3151 4478 3260 4530; x_wconf 83' lang='grc' dir='ltr'>αὐ·-</span> 
     </span>
    </p>
   </div>
   <div class='ocr_carea' id='block_1_107' title="bbox 1697 4550 3259 4623">
    <p class='ocr_par' dir='ltr' id='par_1_107' title="bbox 1697 4550 3259 4623">
     <span class='ocr_line' id='line_1_107' title="bbox 1697 4550 3259 4623; baseline 0.012 -18"><span class='ocrx_word' id='word_1_831' title='bbox 1697 4551 1843 4617; x_wconf 86' lang='grc' dir='ltr'>τοῐς,</span> <span class='ocrx_word' id='word_1_832' title='bbox 1876 4550 2067 4619; x_wconf 81' lang='grc' dir='ltr'>λέγων’</span> <span class='ocrx_word' id='word_1_833' title='bbox 2104 4554 2176 4607; x_wconf 82' lang='grc' dir='ltr'>οὐ</span> <span class='ocrx_word' id='word_1_834' title='bbox 2210 4554 2319 4623; x_wconf 82' lang='grc' dir='ltr'>γὰρ</span> <span class='ocrx_word' id='word_1_835' title='bbox 2365 4556 2566 4611; x_wconf 76' lang='grc' dir='ltr'>οἵὸασι</span> <span class='ocrx_word' id='word_1_836' title='bbox 2610 4561 2667 4613; x_wconf 84' lang='grc' dir='ltr'>τι</span> <span class='ocrx_word' id='word_1_837' title='bbox 2709 4563 2970 4617; x_wconf 82' lang='grc' dir='ltr'>ποιοῦσι.</span> <span class='ocrx_word' id='word_1_838' title='bbox 3001 4566 3065 4619; x_wconf 89' lang='grc' dir='ltr'>Τί</span> <span class='ocrx_word' id='word_1_839' title='bbox 3106 4564 3199 4622; x_wconf 87' lang='grc' dir='ltr'>οῦν</span> <span class='ocrx_word' id='word_1_840' title='bbox 3228 4570 3259 4623; x_wconf 92' lang='lat'>6</span> 
     </span>
    </p>
   </div>
   <div class='ocr_carea' id='block_1_108' title="bbox 1700 4642 3257 4726">
    <p class='ocr_par' dir='ltr' id='par_1_108' title="bbox 1700 4642 3257 4726">
     <span class='ocr_line' id='line_1_108' title="bbox 1700 4642 3257 4726; baseline 0.012 -32"><span class='ocrx_word' id='word_1_841' title='bbox 1700 4642 2071 4713; x_wconf 85' lang='grc' dir='ltr'>πατριάρχης;</span> <span class='ocrx_word' id='word_1_842' title='bbox 2122 4643 2176 4696; x_wconf 87' lang='lat'>&#39;0</span> <span class='ocrx_word' id='word_1_843' title='bbox 2210 4645 2350 4712; x_wconf 84' lang='grc' dir='ltr'>Θεὸς</span> <span class='ocrx_word' id='word_1_844' title='bbox 2380 4646 2588 4716; x_wconf 75' lang='grc' dir='ltr'>ὄψεται</span> <span class='ocrx_word' id='word_1_845' title='bbox 2618 4649 2810 4717; x_wconf 86' lang='grc' dir='ltr'>ἐαυτῷ</span> <span class='ocrx_word' id='word_1_846' title='bbox 2839 4655 3135 4721; x_wconf 80' lang='grc' dir='ltr'>πρόϐατον</span> <span class='ocrx_word' id='word_1_847' title='bbox 3169 4661 3257 4726; x_wconf 81' lang='grc' dir='ltr'>εὶς</span> 
     </span>
    </p>
   </div>
   <div class='ocr_carea' id='block_1_109' title="bbox 1697 4735 3255 4821">
    <p class='ocr_par' dir='ltr' id='par_1_109' title="bbox 1697 4735 3255 4821">
     <span class='ocr_line' id='line_1_109' title="bbox 1697 4735 3255 4821; baseline 0.008 -32"><span class='ocrx_word' id='word_1_848' title='bbox 1697 4735 2137 4804; x_wconf 78' lang='grc' dir='ltr'>ὀλοκάρπωσιν,</span> <span class='ocrx_word' id='word_1_849' title='bbox 2166 4736 2397 4794; x_wconf 82' lang='grc' dir='ltr'>τέκνον.</span> <span class='ocrx_word' id='word_1_850' title='bbox 2436 4741 2716 4815; x_wconf 81' lang='grc' dir='ltr'>Ἐκάτεροι</span> <span class='ocrx_word' id='word_1_851' title='bbox 2764 4744 2833 4797; x_wconf 91' lang='grc' dir='ltr'>τά</span> <span class='ocrx_word' id='word_1_852' title='bbox 2874 4745 3111 4817; x_wconf 85' lang='grc' dir='ltr'>ὀνόματα</span> <span class='ocrx_word' id='word_1_853' title='bbox 3158 4750 3255 4821; x_wconf 86' lang='grc' dir='ltr'>τῆς</span> 
     </span>
    </p>
   </div>
   <div class='ocr_carea' id='block_1_110' title="bbox 1697 4828 3251 4907">
    <p class='ocr_par' dir='ltr' id='par_1_110' title="bbox 1697 4828 3251 4907">
     <span class='ocr_line' id='line_1_110' title="bbox 1697 4828 3251 4907; baseline 0.012 -28"><span class='ocrx_word' id='word_1_854' title='bbox 1697 4828 1907 4898; x_wconf 88' lang='grc' dir='ltr'>φύσεως</span> <span class='ocrx_word' id='word_1_855' title='bbox 1934 4829 2206 4884; x_wconf 82' lang='grc' dir='ltr'>καλοῦσιν’</span> <span class='ocrx_word' id='word_1_856' title='bbox 2242 4832 2443 4897; x_wconf 88' lang='grc' dir='ltr'>ἐκεῖνος</span> <span class='ocrx_word' id='word_1_857' title='bbox 2469 4836 2705 4906; x_wconf 88' lang='grc' dir='ltr'>Πατέρα,</span> <span class='ocrx_word' id='word_1_858' title='bbox 2743 4842 2837 4890; x_wconf 79' lang='grc' dir='ltr'>καὶ</span> <span class='ocrx_word' id='word_1_859' title='bbox 2862 4838 3048 4895; x_wconf 86' lang='grc' dir='ltr'>τέκνον</span> <span class='ocrx_word' id='word_1_860' title='bbox 3078 4833 3251 4907; x_wconf 79' lang='grc' dir='ltr'>οὗτος.</span> 
     </span>
    </p>
   </div>
   <div class='ocr_carea' id='block_1_111' title="bbox 1696 4921 3254 5004">
    <p class='ocr_par' dir='ltr' id='par_1_111' title="bbox 1696 4921 3254 5004">
     <span class='ocr_line' id='line_1_111' title="bbox 1696 4921 3254 5004; baseline 0.008 -28"><span class='ocrx_word' id='word_1_861' title='bbox 1696 4923 1804 4976; x_wconf 85' lang='lat' dir='ltr'>Kal</span> <span class='ocrx_word' id='word_1_862' title='bbox 1829 4921 2063 4992; x_wconf 81' lang='grc' dir='ltr'>χαλεπὸς</span> <span class='ocrx_word' id='word_1_863' title='bbox 2089 4924 2424 4995; x_wconf 77' lang='grc' dir='ltr'>ἑκατέρωθεν</span> <span class='ocrx_word' id='word_1_864' title='bbox 2464 4928 2492 4980; x_wconf 93' lang='lat'>6</span> <span class='ocrx_word' id='word_1_865' title='bbox 2524 4928 2756 4999; x_wconf 88' lang='grc' dir='ltr'>πόλεμος</span> <span class='ocrx_word' id='word_1_866' title='bbox 2789 4929 3130 5004; x_wconf 87' lang='grc' dir='ltr'>διεγείρεται,</span> <span class='ocrx_word' id='word_1_867' title='bbox 3162 4936 3254 4989; x_wconf 78' lang='grc' dir='ltr'>καὶ</span> 
     </span>
    </p>
   </div>
   <div class='ocr_carea' id='block_1_112' title="bbox 1693 5013 3251 5096">
    <p class='ocr_par' dir='ltr' id='par_1_112' title="bbox 1693 5013 3251 5096">
     <span class='ocr_line' id='line_1_112' title="bbox 1693 5013 3251 5096; baseline 0.008 -28"><span class='ocrx_word' id='word_1_868' title='bbox 1693 5014 1860 5086; x_wconf 82' lang='grc' dir='ltr'>πολλὴ</span> <span class='ocrx_word' id='word_1_869' title='bbox 1892 5017 1924 5086; x_wconf 87' lang='grc' dir='ltr'>ή</span> <span class='ocrx_word' id='word_1_870' title='bbox 1951 5013 2109 5086; x_wconf 78' lang='grc' dir='ltr'>ζάλη,</span> <span class='ocrx_word' id='word_1_871' title='bbox 2144 5017 2237 5069; x_wconf 76' lang='grc' dir='ltr'>καὶ</span> <span class='ocrx_word' id='word_1_872' title='bbox 2276 5018 2530 5086; x_wconf 90' lang='grc' dir='ltr'>ναυάγιον</span> <span class='ocrx_word' id='word_1_873' title='bbox 2552 5021 2807 5092; x_wconf 87' lang='grc' dir='ltr'>οὐδαμοῦ·</span> <span class='ocrx_word' id='word_1_874' title='bbox 2839 5024 2871 5093; x_wconf 84' lang='grc' dir='ltr'>ή</span> <span class='ocrx_word' id='word_1_875' title='bbox 2902 5024 3011 5096; x_wconf 83' lang='grc' dir='ltr'>γάρ</span> <span class='ocrx_word' id='word_1_876' title='bbox 3037 5026 3251 5093; x_wconf 84' lang='grc' dir='ltr'>φιλοσο-</span> 
     </span>
    </p>
   </div>
   <div class='ocr_carea' id='block_1_113' title="bbox 1693 5101 3244 5187">
    <p class='ocr_par' dir='ltr' id='par_1_113' title="bbox 1693 5101 3244 5187">
     <span class='ocr_line' id='line_1_113' title="bbox 1693 5101 3244 5187; baseline 0.008 -26"><span class='ocrx_word' id='word_1_877' title='bbox 1693 5109 1788 5178; x_wconf 88' lang='grc' dir='ltr'>φία</span> <span class='ocrx_word' id='word_1_878' title='bbox 1826 5108 2044 5162; x_wconf 86' lang='grc' dir='ltr'>πάντων</span> <span class='ocrx_word' id='word_1_879' title='bbox 2077 5110 2286 5179; x_wconf 86' lang='grc' dir='ltr'>κρατεῖ.</span> <span class='ocrx_word' id='word_1_880' title='bbox 2329 5106 2458 5163; x_wconf 78' lang='grc' dir='ltr'>Εἶτα</span> <span class='ocrx_word' id='word_1_881' title='bbox 2496 5113 2681 5186; x_wconf 80' lang='grc' dir='ltr'>ἐπειδὴ</span> <span class='ocrx_word' id='word_1_882' title='bbox 2733 5116 2933 5187; x_wconf 82' lang='grc' dir='ltr'>ήκουσε</span> <span class='ocrx_word' id='word_1_883' title='bbox 2976 5118 3064 5172; x_wconf 82' lang='grc' dir='ltr'>τὸν</span> <span class='ocrx_word' id='word_1_884' title='bbox 3094 5101 3244 5183; x_wconf 76' lang='grc' dir='ltr'>Θεὸν,</span> 
     </span>
    </p>
   </div>
   <div class='ocr_carea' id='block_1_114' title="bbox 1690 5193 3249 5275">
    <p class='ocr_par' dir='ltr' id='par_1_114' title="bbox 1690 5193 3249 5275">
     <span class='ocr_line' id='line_1_114' title="bbox 1690 5193 3249 5275; baseline 0.007 -23"><span class='ocrx_word' id='word_1_885' title='bbox 1690 5199 1869 5253; x_wconf 86' lang='grc' dir='ltr'>οὐκέτι</span> <span class='ocrx_word' id='word_1_886' title='bbox 1890 5193 2042 5252; x_wconf 75' lang='grc' dir='ltr'>εἶπεν</span> <span class='ocrx_word' id='word_1_887' title='bbox 2067 5198 2234 5261; x_wconf 85' lang='grc' dir='ltr'>οὐδὲν,</span> <span class='ocrx_word' id='word_1_888' title='bbox 2255 5201 2374 5254; x_wconf 87' lang='grc' dir='ltr'>οὐδέ</span> <span class='ocrx_word' id='word_1_889' title='bbox 2401 5207 2841 5275; x_wconf 86' lang='grc' dir='ltr'>περιειργάσατο·</span> <span class='ocrx_word' id='word_1_890' title='bbox 2867 5208 3007 5262; x_wconf 80' lang='grc' dir='ltr'>οὕτω</span> <span class='ocrx_word' id='word_1_891' title='bbox 3035 5212 3249 5265; x_wconf 84' lang='grc' dir='ltr'>συνετὸν</span> 
     </span>
    </p>
   </div>
   <div class='ocr_carea' id='block_1_115' title="bbox 1688 5287 3245 5372">
    <p class='ocr_par' dir='ltr' id='par_1_115' title="bbox 1688 5287 3245 5372">
     <span class='ocr_line' id='line_1_115' title="bbox 1688 5287 3245 5372; baseline 0.01 -30"><span class='ocrx_word' id='word_1_892' title='bbox 1688 5287 1755 5361; x_wconf 83' lang='grc' dir='ltr'>ἦν</span> <span class='ocrx_word' id='word_1_893' title='bbox 1796 5288 1856 5343; x_wconf 87' lang='grc' dir='ltr'>τὸ</span> <span class='ocrx_word' id='word_1_894' title='bbox 1892 5290 2118 5355; x_wconf 88' lang='grc' dir='ltr'>παιδίον,</span> <span class='ocrx_word' id='word_1_895' title='bbox 2156 5292 2249 5344; x_wconf 80' lang='grc' dir='ltr'>καὶ</span> <span class='ocrx_word' id='word_1_896' title='bbox 2279 5294 2337 5347; x_wconf 89' lang='grc' dir='ltr'>ἐν</span> <span class='ocrx_word' id='word_1_897' title='bbox 2371 5294 2516 5365; x_wconf 83' lang='grc' dir='ltr'>αὐτῷ</span> <span class='ocrx_word' id='word_1_898' title='bbox 2553 5296 2650 5367; x_wconf 83' lang='grc' dir='ltr'>τῆς</span> <span class='ocrx_word' id='word_1_899' title='bbox 2698 5299 2910 5369; x_wconf 84' lang='grc' dir='ltr'>ήλικίας</span> <span class='ocrx_word' id='word_1_900' title='bbox 2950 5302 3028 5372; x_wconf 83' lang='grc' dir='ltr'>τῷ</span> <span class='ocrx_word' id='word_1_901' title='bbox 3074 5303 3245 5357; x_wconf 80' lang='grc' dir='ltr'>ἄνθει.</span> 
     </span>
    </p>
   </div>
   <div class='ocr_carea' id='block_1_116' title="bbox 1688 5379 3249 5461">
    <p class='ocr_par' dir='ltr' id='par_1_116' title="bbox 1688 5379 3249 5461">
     <span class='ocr_line' id='line_1_116' title="bbox 1688 5379 3249 5461; baseline 0.008 -28"><span class='ocrx_word' id='word_1_902' title='bbox 1688 5379 1840 5446; x_wconf 83' lang='grc' dir='ltr'>Εἶδες</span> <span class='ocrx_word' id='word_1_903' title='bbox 1860 5383 1949 5435; x_wconf 82' lang='grc' dir='ltr'>τὸν</span> <span class='ocrx_word' id='word_1_904' title='bbox 1974 5382 2195 5453; x_wconf 84' lang='grc' dir='ltr'>βασιλέα</span> <span class='ocrx_word' id='word_1_905' title='bbox 2222 5384 2400 5438; x_wconf 86' lang='grc' dir='ltr'>πόσων</span> <span class='ocrx_word' id='word_1_906' title='bbox 2433 5388 2701 5459; x_wconf 82' lang='grc' dir='ltr'>ἐκράτησε</span> <span class='ocrx_word' id='word_1_907' title='bbox 2732 5395 3127 5461; x_wconf 79' lang='grc' dir='ltr'>στρατοπέδων,</span> <span class='ocrx_word' id='word_1_908' title='bbox 3161 5396 3249 5447; x_wconf 86' lang='grc' dir='ltr'>πό-</span> 
     </span>
    </p>
   </div>
   <div class='ocr_carea' id='block_1_117' title="bbox 1690 5474 3244 5559">
    <p class='ocr_par' dir='ltr' id='par_1_117' title="bbox 1690 5474 3244 5559">
     <span class='ocr_line' id='line_1_117' title="bbox 1690 5474 3244 5559; baseline 0.008 -32"><span class='ocrx_word' id='word_1_909' title='bbox 1690 5491 1796 5528; x_wconf 90' lang='grc' dir='ltr'>σων</span> <span class='ocrx_word' id='word_1_910' title='bbox 1849 5474 2095 5545; x_wconf 84' lang='grc' dir='ltr'>πολέμων</span> <span class='ocrx_word' id='word_1_911' title='bbox 2130 5476 2425 5544; x_wconf 87' lang='grc' dir='ltr'>ἐπιόντων;</span> <span class='ocrx_word' id='word_1_912' title='bbox 2471 5481 2602 5533; x_wconf 74' lang='grc' dir='ltr'>Οὐδὲ</span> <span class='ocrx_word' id='word_1_913' title='bbox 2652 5483 2760 5553; x_wconf 79' lang='grc' dir='ltr'>γάρ</span> <span class='ocrx_word' id='word_1_914' title='bbox 2804 5485 2976 5548; x_wconf 76' lang='grc' dir='ltr'>οὕτως</span> <span class='ocrx_word' id='word_1_915' title='bbox 3016 5484 3150 5559; x_wconf 78' lang='grc' dir='ltr'>ἦσαν</span> <span class='ocrx_word' id='word_1_916' title='bbox 3193 5489 3244 5539; x_wconf 85' lang='grc' dir='ltr'>οί</span> 
     </span>
    </p>
   </div>
   <div class='ocr_carea' id='block_1_118' title="bbox 1689 5568 3243 5649">
    <p class='ocr_par' dir='ltr' id='par_1_118' title="bbox 1689 5568 3243 5649">
     <span class='ocr_line' id='line_1_118' title="bbox 1689 5568 3243 5649; baseline 0.009 -30"><span class='ocrx_word' id='word_1_917' title='bbox 1689 5568 1949 5639; x_wconf 87' lang='grc' dir='ltr'>βάρϐαροι</span> <span class='ocrx_word' id='word_1_918' title='bbox 1992 5574 2058 5642; x_wconf 84' lang='grc' dir='ltr'>τῇ</span> <span class='ocrx_word' id='word_1_919' title='bbox 2095 5570 2247 5623; x_wconf 88' lang='grc' dir='ltr'>πόλει</span> <span class='ocrx_word' id='word_1_920' title='bbox 2293 5574 2398 5626; x_wconf 76' lang='grc' dir='ltr'>τῶν</span> <span class='ocrx_word' id='word_1_921' title='bbox 2445 5575 2827 5647; x_wconf 83' lang='grc' dir='ltr'>Ἰεροσολύμων</span> <span class='ocrx_word' id='word_1_922' title='bbox 2875 5580 3112 5649; x_wconf 75' lang='grc' dir='ltr'>φοϐεροὶ,</span> <span class='ocrx_word' id='word_1_923' title='bbox 3155 5583 3243 5633; x_wconf 82' lang='grc' dir='ltr'>ὅτε</span> 
     </span>
    </p>
   </div>
   <div class='ocr_carea' id='block_1_119' title="bbox 1685 5658 3244 5739">
    <p class='ocr_par' dir='ltr' id='par_1_119' title="bbox 1685 5658 3244 5739">
     <span class='ocr_line' id='line_1_119' title="bbox 1685 5658 3244 5739; baseline 0.008 -28"><span class='ocrx_word' id='word_1_924' title='bbox 1685 5658 1917 5729; x_wconf 79' lang='grc' dir='ltr'>ἐπῆλθον</span> <span class='ocrx_word' id='word_1_925' title='bbox 1970 5662 2106 5734; x_wconf 79' lang='grc' dir='ltr'>αὐτῇ</span> <span class='ocrx_word' id='word_1_926' title='bbox 2168 5664 2446 5728; x_wconf 82' lang='grc' dir='ltr'>πολλάκις,</span> <span class='ocrx_word' id='word_1_927' title='bbox 2504 5667 2579 5731; x_wconf 83' lang='grc' dir='ltr'>ὡς</span> <span class='ocrx_word' id='word_1_928' title='bbox 2633 5671 2681 5722; x_wconf 85' lang='grc' dir='ltr'>οί</span> <span class='ocrx_word' id='word_1_929' title='bbox 2741 5668 2989 5739; x_wconf 73' lang='grc' dir='ltr'>λογισμοὶ</span> <span class='ocrx_word' id='word_1_930' title='bbox 3042 5672 3244 5723; x_wconf 73' lang='grc' dir='ltr'>τούτων</span> 
     </span>
    </p>
   </div>
   <div class='ocr_carea' id='block_1_120' title="bbox 1683 5750 3242 5832">
    <p class='ocr_par' dir='ltr' id='par_1_120' title="bbox 1683 5750 3242 5832">
     <span class='ocr_line' id='line_1_120' title="bbox 1683 5750 3242 5832; baseline 0.007 -26"><span class='ocrx_word' id='word_1_931' title='bbox 1683 5750 1944 5809; x_wconf 81' lang='grc' dir='ltr'>πάντοθεν</span> <span class='ocrx_word' id='word_1_932' title='bbox 1988 5754 2147 5813; x_wconf 79' lang='grc' dir='ltr'>αὐτὸν</span> <span class='ocrx_word' id='word_1_933' title='bbox 2190 5757 2637 5829; x_wconf 78' lang='grc' dir='ltr'>περικαθήμενοι·</span> <span class='ocrx_word' id='word_1_934' title='bbox 2676 5761 2788 5813; x_wconf 81' lang='grc' dir='ltr'>ἀλλ’</span> <span class='ocrx_word' id='word_1_935' title='bbox 2811 5762 2958 5832; x_wconf 80' lang='grc' dir='ltr'>ὅμως</span> <span class='ocrx_word' id='word_1_936' title='bbox 2989 5763 3242 5817; x_wconf 73' lang='grc' dir='ltr'>ἁπάντων</span> 
     </span>
    </p>
   </div>
  </div>
