3780 6318
225 282 323 337 Li?

220 394 479 448 exercitus
511 406 597 443 rex
627 390 712 443 hic
737 387 1021 457 superarit,
1054 396 1180 454 quot
1205 386 1457 441 irruentia
1480 387 1617 440 bella
1642 402 1783 441 com-

220 485 465 555 presserit
482 482 508 535 ?
531 480 713 551 Neque
740 481 883 535 enim
908 479 1256 549 Jerosolyma:
1288 490 1394 533 tam
1426 479 1786 535 formidabiles

216 582 366 632 erant
393 574 624 639 barbari,
656 587 777 627 cum
804 586 923 625 eam
952 584 1320 639 saepenumero
1347 569 1782 639 aggrederentur,

214 682 369 737 quam
398 664 479 719 hie
501 665 852 735 cogitationes
879 660 1111 730 undique
1131 660 1303 730 ipsum
1324 660 1782 723 circumsidentes;

212 767 265 814 et
304 768 478 811 tamen
524 769 712 809 omnes
759 753 1053 823 superavit.
1108 751 1198 805 Vis
1245 751 1404 805 etiam
1451 749 1781 805 sacerdotem

198 850 473 906 'cernere?
503 864 607 904 non
641 850 798 918 longe
828 846 1130 914 exemplum
1176 853 1278 899 est.
1322 843 1452 897 Nam
1498 858 1619 897 cum
1662 859 1784 897 eum

213 948 385 1015 ignem
414 953 465 999 et
491 943 725 1013 gladium
765 942 1071 1002 habentem,
1100 946 1153 993 et
1181 938 1333 990 altari
1368 937 1665 990 adstantem
1706 936 1786 989 in-

212 1037 395 1101 tueris,
412 1034 536 1105 quid
550 1035 659 1103 jam
683 1041 764 1086 est
787 1030 927 1101 quod
955 1030 1023 1084 de
1047 1029 1343 1083 sacerdotio
1365 1028 1612 1081 dubites?
1634 1026 1785 1093 Quod

210 1128 253 1181 si
271 1127 348 1180 vis
377 1126 643 1179 victimam
670 1136 880 1192 quoque
905 1120 1103 1184 videre,
1136 1118 1402 1187 duplicem
1429 1131 1617 1172 cernas
1640 1117 1780 1172 licet.

206 1219 405 1274 Obtulit
437 1218 577 1271 enim
625 1216 813 1279 filium,
844 1212 1037 1267 obtulit
1068 1221 1123 1266 et
1157 1226 1333 1275 ovem,
1366 1210 1469 1275 vel,
1502 1217 1559 1263 ut
1588 1208 1784 1264 rectius

210 1313 411 1379 loquar,
442 1318 567 1361 ante
592 1306 769 1360 omnia
803 1304 1132 1357 voluntatem
1157 1316 1328 1355 suam.
1359 1302 1530 1369 Atque
1553 1314 1646 1369 per
1668 1300 1784 1353 ovis

206 1402 415 1471 quidem
444 1413 710 1461 cruorem,
742 1411 993 1460 manum;
1025 1410 1119 1464 per
1147 1392 1241 1449 lilii
1290 1401 1467 1447 autem
1507 1391 1785 1446 mactatio-

194 1508 324 1547 nem
350 1492 583 1545 animam
614 1489 978 1543 sanctificavit.
1009 1490 1180 1556 Atque
1206 1485 1276 1539 ita
1298 1484 1549 1540 sacerdos
1569 1493 1783 1538 creatus

206 1594 303 1647 est,
338 1600 432 1653 per
462 1581 721 1650 unigeniti
766 1579 1104 1649 sanguinem,
1154 1591 1248 1646 per
1291 1576 1411 1645 agni
1441 1574 1776 1629 sacrilicinm.

206 1662 330 1730 Nam
358 1681 415 1729 et
437 1671 745 1728 sacerdotes
769 1686 864 1739 per
904 1671 1259 1731 victimarum,
1286 1682 1408 1736 qua:
1451 1667 1560 1719 Deo
1587 1663 1779 1718 oﬂ‘cre-

208 1769 415 1831 bantur,
446 1764 759 1833 sanguinem
794 1762 926 1817 olim
961 1760 1280 1815 sanctiﬁcari
1308 1757 1573 1814 solebant.
1619 1756 1781 1810 Visne

203 1859 355 1913 etiam
402 1856 715 1926 prophetam
758 1852 1107 1922 conspicere?
1152 1850 1408 1905 Abraham
1444 1858 1589 1919 pater
1623 1855 1781 1900 vester

202 1952 467 2006 multavit
503 1960 559 2002 ut
583 1949 771 2001 videret
803 1948 934 1999 diem
970 1962 1132 1998 meum
1159 1960 1177 1997 :
1203 1954 1249 1997 et
1290 1944 1412 1995 uidit
1434 1983 1448 2006 ,
1489 1951 1536 1995 et
1581 1940 1779 2009 gauisus

201 2054 271 2096 est
298 2042 476 2113 (Joan.
507 2042 561 2097 5.
590 2041 702 2110 35).
746 2038 826 2094 Ad
861 2041 1111 2093 eumdem
1155 2036 1371 2090 modum
1400 2044 1453 2087 ιιι
1482 2048 1692 2103 quoque
1722 2032 1773 2085 in

1264 272 1328 328 IN
1368 272 1578 329 EPIST.
1622 271 1663 327 Il
1728 274 1819 327 AD
1854 273 2007 329 COR.
2051 273 2276 331 HOMIL.
2323 280 2408 335 IV.

3355 299 3461 356 ιιε

1889 387 2152 458 baptismo
2176 407 2289 455 rex,
2318 403 2374 447 et
2397 395 2665 460 sacerdos,
2688 406 2741 450 et
2762 397 3015 467 propheta
3041 399 3267 459 afﬁceris
3297 416 3455 473 :re'x‘,

1889 495 2009 535 cum
2040 497 2227 539 omnes
2266 500 2455 553 pravas
2496 488 2732 543 actiones
2773 490 2823 542 in
2854 499 3051 546 terram
3092 495 3352 565 abjecistt,
3398 516 3461 555 ac

1890 582 2104 640 peccata
2161 574 2476 631 interemisti
2520 594 2536 632 :
2584 579 2866 645 sacerdos,
2909 596 3030 637 cum
3083 585 3308 655 teipsum
3351 590 3461 646 Deo

1887 662 2144 731 obtulisti,
2185 680 2247 719 ac
2274 681 2468 737 corpus
2493 672 2756 735 mactasti,
2786 684 2944 741 atque
2972 673 3085 743 ipse
3113 692 3321 748 quoque
3342 688 3458 734 ma:-

1887 761 2059 807 ctatus
2087 770 2145 809 es
2169 771 2182 813 .'
2216 755 2277 811 Si
2296 760 2427 812 enim
2447 761 2492 813 ei
2518 764 2813 816 commortui
2836 782 3028 831 sumus,
3055 768 3242 838 inquit,
3266 780 3314 825 et
3334 789 3457 827 con-

1886 846 2109 900 vivemus
2140 847 2189 901 ei
2221 847 2293 918 (2.
2323 850 2426 903 Tit.
2462 851 2516 904 ‘2.
2550 853 2638 924 11)
2674 871 2685 908 :
2735 855 2989 924 propheta
3034 857 3297 929 denique,
3336 872 3457 918 cum

1888 934 2061 991 futura
2088 938 2249 993 discis
2272 956 2334 995 ac
2360 942 2547 997 divino
2572 948 2789 1001 numine
2811 946 3008 1002 amaris
3029 958 3185 1021 atque
3204 950 3454 1021 obsigna-

1887 1030 1985 1083 ris.
2012 1030 2466 1096 Quemadmodum
2500 1038 2642 1089 enim
2672 1047 2794 1092 nota
2824 1040 3064 1109 quaedam
3089 1042 3362 1107 militibus,
3389 1043 3457 1097 ita

1889 1119 2138 1181 ﬁdelibus
2176 1140 2387 1194 quoque
2427 1126 2659 1196 Spiritus
2702 1130 3013 1199 imponitur.
3044 1132 3161 1198 Quo
3202 1132 3282 1199 ﬁt,
3313 1143 3372 1188 ut
3411 1135 3457 1188 si

1888 1212 2128 1267 ordinem
2156 1214 2476 1279 deserueris,
2512 1220 2821 1288 perspicuus
2865 1222 3111 1276 omnibus
3146 1221 3261 1276 ﬁas.
3290 1223 3458 1278 Judei

1887 1305 2027 1358 enim
2056 1306 2189 1373 signi
2219 1306 2337 1362 loco
2365 1308 2823 1365 circumcisionem
2849 1312 3133 1379 habebant,
3162 1331 3258 1370 nos
3279 1326 3459 1372 autem

1888 1397 2079 1465 pignus
2104 1396 2353 1467 Spiritus.
2400 1400 2525 1455 Hzec
2565 1402 2720 1472 igitur
2748 1404 2977 1459 scientes
2997 1446 3011 1469 ,
3058 1421 3119 1460 ac
3148 1407 3455 1476 dignitatem

1887 1499 2119 1541 nostram
2141 1489 2560 1557 considerantes,
2585 1494 2747 1547 vitam
2785 1498 2952 1563 gratia
2978 1498 3191 1568 dignam
3227 1510 3454 1569 prmste-

1888 1592 2025 1642 mns,
2054 1588 2109 1631 ut
2131 1577 2306 1634 futuro
2335 1597 2543 1651 quoque
2575 1599 2738 1653 regno
2779 1588 3042 1654 patiamur
3072 1609 3083 1644 :
3124 1591 3265 1660 quod
3303 1592 3460 1645 detur

1885 1668 2133 1721 omnibus
2161 1671 2315 1724 nobis
2345 1676 2576 1742 assequi,
2623 1677 2789 1744 gratia
2816 1688 2869 1730 et
2897 1678 3221 1749 benignitate
3248 1683 3459 1738 Domini

1864 1762 2050 1814 uestri
2081 1760 2209 1815 Jesn
2249 1762 2467 1829 Christi,
2512 1781 2633 1819 cum
2661 1783 2765 1836 quo
2801 1769 2940 1823 Patri
2978 1759 3240 1842 simulque
3276 1785 3461 1828 sancto

1883 1853 2102 1922 Spiritui
2134 1857 2321 1924 gloria,
2356 1859 2653 1927 imperium,
2687 1862 2874 1928 honor,
2900 1882 3038 1921 nunc
3067 1877 3121 1922 et
3143 1882 3377 1940 semper,
3404 1880 3462 1926 et

1884 1945 1937 1999 in
1963 1947 2156 1999 saecula
2185 1948 2523 2003 saeculorum.
2550 1955 2738 2007 Amen.

1578 2244 1916 2305 HOMILIA
1961 2244 2067 2305 1V.

952 2304 967 2331 Ο

201 2388 324 2446 CAP.
359 2392 412 2446 1.
442 2407 497 2445 v.
527 2392 618 2447 23.
650 2390 760 2460 Ego
784 2401 954 2444 autem
981 2400 1151 2444 testem
1174 2388 1337 2444 Deum
1368 2389 1541 2442 invoco
1570 2388 1621 2441 in
1656 2388 1772 2443 aui-

267 2502 401 2539 mant
430 2501 616 2550 meam,
645 2485 779 2554 quod
808 2500 1020 2554 parcens
1062 2483 1196 2536 vobis
1240 2499 1340 2536 non
1378 2482 1512 2535 ultra
1544 2480 1652 2534 veni
1678 2479 1776 2535 Co-

267 2579 399 2631 rinth
408 2594 514 2632 um.

267 2672 316 2724 1.
347 2669 487 2737 Quid
529 2672 630 2731 ais,
675 2669 831 2725 beate
858 2668 1056 2724 Paule?
1083 2681 1307 2737 parcens
1340 2668 1420 2722 eis
1446 2683 1552 2721 non
1584 2666 1773 2721 venisti

200 2760 554 2815 Corinthum?
580 2763 720 2832 Ergo
746 2776 1049 2816 sermonem
1078 2775 1259 2817 secum
1282 2769 1602 2830 pugnantem
1628 2760 1777 2814 nobis

204 2854 298 2908 hoc
326 2856 448 2909 loco
478 2854 701 2909 inducis.
735 2854 995 2923 Superius
1021 2854 1163 2909 enim
1190 2852 1292 2907 hoc
1316 2853 1612 2917 asserebas,
1644 2852 1777 2905 hanc

203 2947 292 3000 tibi
321 2962 428 3001 non
455 2946 707 3000 veniendi
746 2960 963 3001 causam
988 2945 1175 3010 fuisse,
1208 2944 1352 3014 quod
1379 2948 1524 2998 carni
1551 2958 1778 2999 consen-

202 3047 346 3092 tanea
373 3038 599 3092 consilia
622 3038 843 3097 minime
868 3037 1200 3100 admitteres.
1225 3051 1322 3091 nec
1354 3036 1427 3089 tui
1450 3036 1582 3103 juris
1605 3050 1773 3099 esses,

203 3145 377 3184 verum
430 3129 660 3198 Spiritus
696 3130 922 3185 arbitrio
960 3129 1157 3199 ubique
1196 3128 1670 3198 circumagereris;
1698 3136 1776 3180 at-

180 3237 297 3289 que
335 3220 659 3276 afllictiones
705 3221 866 3276 etiam
919 3222 970 3274 in
1020 3219 1251 3275 medium
1296 3217 1605 3288 proferebas
1635 3237 1647 3271 :
1678 3218 1778 3272 hoc

201 3322 374 3369 autem
405 3314 529 3368 loco
558 3315 632 3367 tui
660 3314 867 3368 arbitrii
912 3314 1081 3368 fuisse
1105 3313 1208 3377 ais,
1236 3312 1377 3381 quod
1411 3328 1515 3366 non
1544 3313 1773 3381 veneris,

203 3420 303 3459 non
345 3414 529 3459 autem
557 3404 888 3459 auctoritatis
920 3418 982 3458 ac
1013 3404 1293 3472 potestatis
1335 3402 1564 3471 Spiritus
1595 3421 1606 3455 :
1640 3402 1776 3456 Par-

203 3515 312 3552 cens
340 3499 489 3553 enim
520 3498 677 3563 vobis,
709 3498 895 3566 inquit,
927 3513 1028 3552 non
1045 3498 1153 3552 ueni
1180 3496 1491 3549 Corinthum.
1516 3494 1775 3561 Quidnam

204 3593 355 3660 igitur
379 3590 704 3647 dicendum?
732 3588 935 3659 Nempe
958 3596 1051 3643 aut
1074 3588 1214 3659 quod
1241 3588 1344 3643 hoc
1369 3604 1579 3658 quoque
1606 3588 1776 3656 ipsum

205 3698 233 3737 a
260 3682 467 3752 Spiritu
492 3681 928 3750 proﬁciscebatur
953 3698 967 3745 ;
992 3695 1221 3750 cumque
1245 3680 1429 3733 venire
1452 3679 1565 3747 ipse
1596 3678 1773 3743 vellet,

204 3776 254 3827 in
282 3784 523 3829 mentem
565 3773 614 3828 ei
642 3773 873 3843 Spiritus
919 3773 1122 3843 injecit,
1168 3782 1224 3826 ut
1270 3788 1375 3828 non
1416 3774 1637 3834 veniret,
1676 3772 1777 3826 hoc

206 3864 453 3920 videlicet
499 3879 836 3935 proponens,
886 3864 1014 3933 ipsis
1056 3863 1434 3933 indulgendum
1478 3879 1643 3919 esse:
1688 3874 1778 3918 aut

201 3956 266 4012 de
290 3958 468 4013 altero
495 3956 724 4011 adventu
753 3956 1007 4025 loquitur,
1035 3964 1194 4025 atque
1234 3954 1335 4010 hoc
1361 3955 1644 4025 signiﬁcat,
1676 3954 1776 4008 sibi

202 4048 411 4117 quidem
446 4048 501 4103 in
534 4048 713 4102 animo
737 4046 920 4111 fuisse,
956 4046 1259 4118 priusquam
1302 4046 1633 4115 superiorem
1662 4046 1775 4114 epi-

203 4140 389 4194 stolam
420 4139 704 4205 scriberet,
730 4139 796 4192 ad
837 4153 932 4195 cos
972 4152 1031 4194 se
1057 4138 1300 4194 conferre
1320 4176 1336 4203 ,
1376 4149 1630 4194 ueterum
1661 4152 1779 4192 sese

200 4232 268 4284 ob
292 4232 578 4286 caritatem
624 4231 973 4297 continuisse,
1019 4246 1086 4286 ne
1118 4246 1211 4287 eos
1241 4230 1564 4287 incorrectos
1594 4239 1777 4284 osten-

203 4322 370 4377 deret.
414 4322 699 4377 Probabile
741 4332 917 4376 autent
962 4331 1066 4388 est,
1113 4332 1234 4392 post
1283 4323 1428 4376 illam
1474 4322 1776 4391 epistolam,

205 4413 404 4482 Spiritu
431 4413 545 4483 jam
574 4429 695 4467 eum
738 4413 957 4468 minime
986 4411 1321 4483 prohibente,
1365 4421 1549 4481 suapte
1592 4421 1780 4480 sponte

204 4506 268 4559 ob
306 4505 449 4559 hanc
494 4520 708 4558 causam
756 4505 1036 4559 mansisse.
1079 4503 1231 4572 Quod
1266 4505 1424 4559 etiam
1456 4503 1623 4573 magis
1648 4518 1778 4557 con-

200 4595 365 4665 jicere
394 4606 501 4659 est,
527 4611 717 4666 nempe
742 4596 882 4667 quod
914 4596 1064 4650 initio
1090 4596 1301 4666 quidem
1328 4596 1559 4666 Spiritus
1599 4595 1781 4665 prohi-

208 4689 381 4757 bebat,
435 4699 557 4760 post
600 4699 774 4745 autem
824 4690 937 4760 ipse
973 4704 1183 4760 quoque
1225 4702 1403 4744 secum
1444 4699 1697 4758 reputans
1727 4687 1780 4743 id

208 4782 395 4837 melius
422 4798 568 4848 esse,
599 4783 871 4837 manserit.
903 4782 981 4837 Tu
1006 4796 1135 4837 vero
1164 4781 1471 4837 causideres
1496 4782 1653 4836 velim
1674 4797 1780 4851 quo

212 4885 359 4944 pacto
392 4892 583 4931 rursus
617 4878 940 4931 mentionem
968 4875 1050 4931 sui
1075 4875 1248 4931 faciat.
1278 4875 1428 4944 Quod
1457 4874 1673 4945 quidem
1701 4874 1782 4930 id-

209 4967 347 5020 circo
396 4967 526 5022 facit
565 4966 639 5039 (id
683 4967 825 5022 enim
874 4967 1146 5024 inculcare
1190 4982 1295 5021 non
1341 4966 1625 5037 desinam),
1658 4974 1715 5020 ut
1751 4981 1780 5021 a

210 5060 493 5113 contrariis
538 5058 888 5130 patrocinium
933 5059 1035 5115 sibi
1072 5070 1296 5130 quaerat.
1336 5059 1596 5127 Quoniam
1639 5060 1780 5115 enim

208 5152 496 5206 verisimile
536 5161 651 5206 erat
688 5166 783 5207 eos
820 5153 1020 5208 sinistri
1063 5153 1264 5223 aliquid
1311 5153 1568 5223 suspicari
1604 5167 1668 5209 ac
1701 5150 1783 5207 di-

212 5254 330 5297 cere
357 5259 373 5295 :
407 5240 612 5297 Idcirco
631 5242 698 5297 ad
722 5259 820 5298 nos
849 5258 957 5298 non
982 5244 1196 5307 venisti,
1220 5244 1344 5314 quia
1371 5244 1523 5299 nobis
1544 5241 1781 5298 infensus

212 5345 395 5401 esses;
432 5334 762 5390 contrarium
809 5333 1063 5402 ostendit,
1107 5350 1298 5404 nempe
1337 5349 1397 5390 se
1442 5334 1564 5389 ideo
1597 5334 1666 5390 ad
1687 5348 1785 5391 eos

216 5424 505 5492 proiectum
529 5441 638 5481 non
663 5439 806 5491 esse,
847 5426 989 5496 quod
1028 5440 1123 5483 eos
1159 5436 1381 5481 amaret.
1430 5425 1567 5492 Quid
1604 5433 1781 5481 autem

219 5529 315 5584 est,
348 5518 621 5575 Parcens?
660 5518 891 5587 Audivi,
942 5518 1131 5589 inquit,
1176 5520 1460 5575 nonnullos
1489 5534 1609 5575 esse
1641 5520 1781 5589 apud

223 5625 315 5667 vos
337 5612 431 5682 qui
456 5621 697 5682 stuprum
732 5612 1122 5683 perpetrarint;
1151 5610 1401 5681 aoluique
1420 5610 1487 5667 ad
1518 5625 1616 5667 vos
1643 5612 1783 5668 veui-

223 5716 296 5775 re,
323 5720 390 5763 nc
411 5720 505 5764 vos
531 5706 585 5764 in
613 5719 901 5765 maerorem
921 5704 1260 5778 conjicerem.
1291 5703 1484 5765 Coram
1512 5705 1656 5765 enim
1681 5719 1778 5764 ne-

1887 2402 2038 2443 cesse
2066 2389 2252 2445 fuisset
2276 2390 2484 2449 facinus
2506 2397 2830 2461 examinare,
2855 2406 2911 2452 et
2931 2399 3197 2456 vindicare
3218 2416 3281 2456 ac
3302 2405 3457 2472 puni-

1885 2493 1962 2541 re,
1993 2488 2151 2548 atque
2176 2481 2243 2537 de
2272 2484 2451 2539 multis
2480 2500 2665 2553 pmnas
2694 2502 2926 2543 sumere.
2957 2488 3137 2559 Itaque
3157 2492 3322 2548 satius
3342 2510 3461 2549 esse

1884 2570 2010 2625 duxi
2060 2572 2271 2638 abesse,
2316 2590 2380 2629 ac
2420 2579 2803 2645 resipiscentize
2849 2581 3221 2641 locumvohis
3268 2602 3461 2642 conce-

1884 2661 2031 2727 dere,
2083 2680 2240 2734 quam
2272 2682 2507 2735 praesens
2536 2670 2738 2724 facinus
2769 2672 2970 2736 ulcisci,
3002 2676 3322 2746 graviusque
3350 2681 3459 2732 ira~

1883 2755 1979 2809 sci.
2014 2755 2223 2810 Etenim
2253 2758 2351 2813 sub
2376 2761 2617 2827 epistolae
2648 2764 2806 2817 ﬁnem
2834 2765 3070 2833 apertius
3113 2768 3251 2822 istud
3278 2769 3461 2825 decla~

1884 2845 2041 2910 ravit,
2069 2861 2188 2900 cum
2216 2847 2349 2901 dixit
2382 2868 2394 2902 :
2427 2850 2613 2907 Timeo
2636 2863 2835 2916 autem,
2865 2855 2947 2909 Ne
2971 2858 3103 2924 forte
3126 2875 3241 2911 cum
3261 2878 3457 2928 venero,

1884 2937 2110 2992 humiliet
2154 2957 2231 2994 me
2268 2942 2407 2996 Deus
2438 2945 2573 3014 apud
2610 2962 2696 2999 vos
2719 2987 2735 3011 ,
2763 2958 2808 3000 et
2834 2948 3028 3018 lugeam
3054 2952 3235 3005 multos
3286 2970 3348 3007 ea:
3375 2955 3457 3019 iis,

1882 3032 1970 3100 qui
1998 3043 2115 3087 ante
2135 3046 2485 3103 peccauerunt,
2510 3047 2553 3091 et
2579 3055 2678 3092 non
2717 3051 2919 3110 egerunt
2950 3045 3289 3111 pwnitentiam
3309 3064 3461 3112 super

1882 3124 2203 3178 immunditia
2231 3138 2278 3180 et
2328 3128 2659 3197 fornicatione
2693 3147 2843 3199 quant
2875 3137 3096 3203 fecerunt
3124 3135 3201 3197 (ἓ.
3224 3136 3341 3189 Cor.
3367 3139 3454 3193 12.

1882 3216 1997 3286 21).
2031 3218 2141 3272 Hoc
2170 3219 2325 3289 igitur
2352 3220 2438 3274 hic
2466 3236 2676 3291 quoque
2706 3226 2956 3289 ostendit,
2988 3238 3148 3296 atque
3170 3228 3219 3281 id
3245 3230 3457 3297 quidem

1885 3308 2121 3376 profert,
2155 3319 2429 3380 tamquam
2456 3326 2515 3367 se
2557 3328 2847 3380 excusans,
2876 3332 2969 3371 eos
3023 3334 3149 3371 vero
3200 3322 3459 3377 acerrime

1885 3401 2196 3469 perstringit
2214 3418 2277 3456 ac
2296 3411 2479 3458 terret.
2500 3403 2593 3458 llis
2616 3406 2758 3459 enim
2790 3409 2965 3462 verbis
2990 3410 3306 3478 signiﬁcavit
3324 3455 3339 3477 ,
3365 3429 3459 3467 eos

1885 3507 2055 3559 tuente
2077 3493 2339 3547 obnoxios
2359 3508 2499 3560 esse,
2522 3506 2681 3565 atque
2704 3497 2840 3552 adeo
2859 3498 2969 3552 fore
2992 3511 3048 3554 ut
3069 3502 3241 3555 acerbi
3260 3504 3455 3573 aliquid

1884 3584 2169 3652 patiantur,
2198 3586 2297 3640 nisi
2314 3588 2705 3655 quamprimum
2728 3590 3098 3645 emendentur.
3119 3594 3273 3659 Quod
3299 3597 3455 3649 etiam

1884 3673 2055 3741 ipsum
2083 3690 2265 3729 rursus
2285 3677 2350 3729 ad
2372 3678 2610 3745 epistola?
2627 3680 2828 3733 calcem
2850 3682 2944 3745 ait,
2986 3682 3045 3736 Si
3068 3701 3238 3738 rursus
3256 3702 3455 3751 reuere,

1884 3781 1986 3818 non
2012 3782 2237 3834 parcam.
2269 3766 2533 3821 Caeterum
2565 3769 2673 3823 illic
2700 3773 2941 3840 apertius
2988 3774 3126 3828 istud
3167 3777 3411 3845 exprimit
3439 3794 3455 3842 ;

1885 3857 1971 3911 hic
1998 3867 2198 3916 autem.
2246 3860 2495 3927 quoniam
2529 3861 2735 3917 initium
2781 3864 3047 3919 scribendi
3078 3866 3320 3933 faciebat,
3350 3885 3455 3923 non

1884 3947 1954 4001 ita
1980 3947 2078 4001 hoc
2108 3947 2254 4012 dicit,
2290 3948 2385 4003 sed
2402 3950 2720 4007 submissius
2745 3970 2758 4006 :
2782 3968 2846 4011 ac
2876 3970 2942 4010 ne
2971 3955 3074 4010 hoc
3090 3958 3303 4027 quidem
3330 3974 3457 4015 eon«

1886 4047 2082 4102 tentus,
2113 4038 2162 4092 id
2192 4054 2404 4109 quoque
2431 4040 2603 4110 ipsum
2636 4059 2821 4099 rursus
2849 4047 3072 4115 mitigat,
3093 4064 3155 4102 ac
3168 4052 3454 4105 correctio-

1883 4144 1951 4183 tte
1974 4129 2202 4198 quadam
2225 4131 2406 4184 utitur.
2432 4132 2565 4197 Quia
2582 4136 2722 4187 enim
2746 4134 2847 4189 hoc
2867 4136 3066 4191 dictum
3090 4139 3319 4194 hominis
3334 4156 3455 4195 esse

1884 4221 2154 4276 videbatur
2180 4222 2320 4278 haud
2341 4240 2554 4293 parvam
2579 4229 2947 4283 auctoritatem
2974 4245 3080 4297 pra:
3107 4244 3165 4284 se
3191 4233 3445 4296 ferentis;

1884 4312 1951 4367 iis
1974 4316 2115 4369 enim
2148 4317 2313 4385 parcit
2340 4316 2534 4387 aliquis
2558 4360 2573 4381 ,
2604 4318 2655 4371 in
2686 4334 2820 4387 quos
2845 4334 2942 4373 suo
2962 4320 3083 4388 jure
3110 4322 3451 4378 animadver-

1886 4414 1999 4461 tere
2028 4417 2235 4476 potest;
2268 4406 2467 4463 idcirco
2516 4409 2646 4463 illud
2674 4411 2921 4465 molliens
2942 4452 2957 4476 ,
3009 4420 3168 4480 atque
3196 4412 3268 4477 id,
3316 4416 3455 4483 quod

1885 4500 2117 4567 speciem
2162 4501 2467 4569 asperitatis
2515 4501 2763 4565 habebat,
2819 4502 3165 4572 adumbratis,
3212 4508 3331 4559 ait:
3364 4508 3453 4561 2i.

1887 4589 2011 4644 Non
2038 4590 2162 4661 quia
2184 4591 2503 4645 dominamur
2549 4593 2669 4661 ﬁdei
2711 4603 2903 4647 vestrm.
2937 4594 3049 4649 Hoc
3104 4604 3206 4661 est,
3230 4596 3347 4652 Non
3377 4597 3458 4651 id-

1885 4685 2027 4739 circo
2053 4685 2161 4739 dixi
2182 4701 2289 4753 me,
2320 4695 2377 4740 ut
2401 4685 2552 4742 vobis
2579 4686 3203 4755 parcerem,Corinthum
3227 4708 3332 4747 non
3359 4708 3457 4747 vc-

1885 4779 2049 4845 nisse,
2071 4794 2134 4835 ac
2155 4780 2199 4834 si
2222 4779 2372 4834 vobis
2386 4778 2648 4835 dominer.
2670 4780 2777 4836 Nec
2795 4781 2945 4844 dixit,
2970 4783 3151 4853 Vobis,
3170 4786 3288 4852 sed,
3312 4789 3453 4857 quod

1884 4872 2065 4927 mitius
2091 4888 2155 4928 ac
2179 4874 2355 4929 verius
2375 4882 2508 4937 erat,
2544 4873 2694 4930 Fidei
2714 4886 2886 4931 vestrm
2912 4893 2931 4931 :
2964 4892 3084 4932 nam
3112 4879 3332 4935 credere
3358 4896 3458 4934 no-

1886 4964 2079 5019 lentem
2103 4965 2221 5035 quis
2241 4973 2324 5020 est
2342 4965 2432 5035 qui
2452 4980 2645 5037 cogere
2658 4968 2861 5038 queat?
2882 4966 2987 5023 Sed
3006 4969 3265 5039 adjutores
3285 4988 3460 5025 sumus

1885 5057 2063 5127 gaudii
2088 5058 2256 5113 vestri.
2283 5057 2567 5125 Quoniam,
2600 5059 2793 5129 inquit,
2825 5060 3077 5131 gaudium
3106 5073 3339 5117 vestrum
3369 5079 3460 5118 no-

1886 5157 2055 5200 strum
2082 5156 2185 5213 est,
2214 5148 2333 5203 ideo
2359 5164 2464 5204 non
2488 5150 2631 5214 veni,
2661 5166 2729 5204 ne
2752 5166 2844 5206 vos
2874 5153 2926 5207 in
2967 5167 3253 5210 mmrorem
3286 5156 3457 5225 conji-

1886 5255 2064 5294 cerem
2094 5280 2110 5305 ,
2153 5249 2313 5310 atque
2357 5241 2427 5301 ita
2469 5254 2756 5297 maerorem
2809 5259 2983 5298 meum
3032 5260 3317 5315 augerem;
3364 5248 3459 5301 sed

1885 5332 2093 5398 mansi,
2121 5340 2179 5385 ut
2204 5333 2364 5387 minis
2400 5335 2627 5389 correcti
2659 5334 2931 5392 lmtemini.
2961 5336 3150 5393 Omnia
3178 5342 3320 5394 enim
3362 5339 3460 5394 lae-

1890 5422 2019 5478 tilia:
2049 5435 2239 5478 vestra:
2274 5438 2434 5480 causa
2456 5426 2700 5493 facimus,
2728 5438 2781 5482 et
2804 5427 2906 5482 hac
2930 5430 2982 5483 in
3010 5445 3067 5484 re
3093 5430 3329 5485 Studium
3357 5447 3457 5500 po-

1888 5520 2092 5583 nimus,
2124 5518 2246 5588 quia
2296 5516 2438 5574 illaut
2492 5520 2765 5576 vobiscum
2812 5537 3149 5578 communem
3180 5522 3459 5579 habemus.

1888 5608 1941 5664 Ν
1946 5626 2030 5663 am
2049 5609 2151 5678 ﬁde
2174 5610 2336 5664 statis.
2362 5609 2493 5666 Vide
2538 5627 2644 5682 quo
2670 5621 2827 5683 pacto
2852 5627 3063 5669 rursum
3090 5611 3352 5668 submisse
3380 5613 3462 5666 lo-

1885 5713 2079 5777 quatur
2108 5719 2124 5761 :
2180 5713 2394 5763 veretur
2411 5705 2552 5762 enim
2585 5705 2775 5763 iterum
2807 5722 2898 5765 cos
2925 5707 3301 5779 perstringere,
3329 5719 3459 5776 quo-
