3780 6314
331 272 436 328 MO

330 386 471 440 niam
502 384 555 437 in
584 378 759 450 priore
780 369 1007 446 epistola
1033 371 1379 427 vehementer
1401 365 1548 434 ipsos
1584 362 1898 423 incesserat,

329 490 394 530 ac
429 448 852 542 resipiscentiam
893 463 1177 535 quamdam
1203 458 1576 516 exhibuerant.
1602 455 1776 521 Atque
1804 448 1906 503 hoc

330 583 521 623 eorum
552 565 764 619 animos
793 559 1173 615 subversuruiu
1202 562 1337 615 erat,
1366 552 1432 611 si.
1473 563 1594 603 cum
1624 545 1689 599 ad
1717 542 1905 597 melio-

331 675 444 714 rem
467 657 668 725 frugem
699 668 758 708 se
783 649 1199 710 convertissent,
1224 642 1466 699 eamdem
1484 634 1905 706 obiurgationem

330 750 615 806 subiissent
627 787 639 800 .
653 745 774 798 Ideo
786 742 899 796 hinc
910 738 1132 808 epistola
1148 736 1423 803 superiore
1441 731 1608 785 multo
1622 725 1791 781 lenior
1803 732 1902 777 est.

332 842 485 911 (Cap.
508 842 528 894 1
548 840 617 909 1.)
637 839 686 892 1.
713 834 882 891 Statui
899 841 1065 885 autem
1086 830 1179 882 hac
1196 830 1361 897 ipsum
1378 822 1516 894 apud
1537 836 1634 884 me,
1649 834 1712 871 ne
1727 817 1911 869 iterum

332 909 386 988 in
406 909 606 987 tristitia
623 930 839 983 venirem
856 926 923 979 ad
939 940 1045 979 vos.
1074 921 1204 978 Cum
1226 920 1316 982 ait,
1356 918 1569 977 Iterum,
1594 909 1829 967 ostendit
1852 922 1912 961 se

330 1026 440 1097 jam
469 1024 537 1077 ab
573 1022 681 1076 illis
708 1032 938 1075 mat-ore
967 1015 1215 1070 affectum
1247 1010 1411 1064 fuisse
1438 1026 1452 1061 :
1475 1019 1703 1073 cumque
1728 1016 1786 1056 se
1815 1015 1911 1055 ex-

334 1091 529 1175 cusare
556 1115 787 1177 videtur,
819 1127 914 1168 eos
944 1110 1103 1163 tacite
1140 1103 1465 1175 perstringit.
1497 1098 1628 1154 Nam
1654 1096 1701 1151 si
1724 1095 1833 1164 jam
1861 1091 1911 1147 ei

340 1223 629 1265 maerorem
653 1204 961 1265 attulerant,
985 1214 1048 1254 ac
1069 1211 1255 1254 rursus
1281 1191 1490 1248 allaturi
1512 1195 1685 1252 erant,
1711 1182 1914 1252 cogites

340 1301 503 1356 velim
564 1305 798 1368 quantus
840 1306 1040 1349 mceror
1090 1288 1257 1359 ipsius
1300 1279 1665 1338 verisiniiliter
1709 1276 1916 1328 futurus

342 1401 478 1448 erat.
512 1362 715 1444 Verum
742 1386 842 1440 hoc
872 1399 976 1437 non
1026 1380 1169 1441 dicit,
1201 1374 1342 1446 quod
1390 1369 1640 1427 maestitia
1691 1365 1758 1419 ab
1789 1362 1917 1432 ipsis

342 1482 567 1538 affectus
593 1480 685 1540 sit,
720 1476 813 1532 sed
835 1474 942 1529 alio
964 1470 1124 1526 modo
1146 1468 1390 1537 loquens,
1416 1462 1517 1516 hoc
1544 1460 1715 1527 ipsum
1747 1450 1919 1508 innuit

342 1576 521 1645 aitque
551 1569 868 1638 :Propterea
896 1580 1001 1619 non
1030 1561 1170 1625 veni,
1193 1575 1258 1612 ne
1279 1570 1374 1610 vos
1396 1565 1626 1608 maerore
1652 1545 1917 1600 afﬁciam:

343 1634 485 1738 quod
512 1634 754 1717 eamdem
777 1656 992 1728 quidem
1026 1654 1133 1706 vim
1160 1650 1321 1704 habet
1345 1656 1504 1715 atque
1532 1642 1583 1697 id
1613 1637 1755 1710 quod
1786 1634 1915 1696 dixi,

347 1729 673 1826 aequioribus
710 1758 887 1803 autem
918 1744 1110 1800 animis
1137 1739 1425 1809 excipitur.
1455 1734 1510 1788 2.
1544 1733 1603 1788 Si
1655 1729 1788 1784 enim
1830 1740 1921 1797 ego

346 1819 589 1905 contristo
627 1860 734 1910 vos,
772 1841 955 1911 etquis
991 1848 1064 1893 est
1089 1836 1173 1907 qui
1201 1849 1278 1887 me
1317 1831 1557 1899 latiﬁcet,
1610 1824 1711 1880 nisi
1746 1823 1790 1877 is
1834 1819 1924 1890 qui

348 2034 575 2090 Maxima
599 2038 745 2085 certe
776 2043 790 2080 :
834 2027 913 2081 sic
940 2024 1083 2081 enim
1113 2018 1410 2076 considera.
1440 2012 1616 2080 Nolui,
1640 2010 1829 2080 inquit,
1856 2005 1926 2062 ad

349 2140 445 2180 vos
470 2121 756 2194 proﬁcisci,
784 2134 853 2173 ne
875 2131 969 2171 vos
994 2112 1222 2182 amplius
1243 2108 1579 2171 contristem,
1616 2102 1923 2171 objurgans,

352 2214 768 2279 excandescens,
791 2222 1066 2263 aversans.
1087 2202 1309 2267 Deinde,
1329 2199 1579 2271 quoniam
1603 2196 1704 2250 hoc
1717 2204 1929 2264 quoque

352 2323 515 2381 grave
546 2315 696 2370 erat,
724 2314 883 2372 atque
911 2301 1150 2371 ipsorum
1177 2294 1575 2351 accusationem
1603 2287 1929 2358 complecte-

357 2374 529 2465 batur,
559 2398 603 2452 si
629 2394 841 2467 quidem
865 2393 936 2448 ita
965 2390 1225 2452 viverent,
1256 2394 1313 2440 ut
1334 2384 1551 2440 Paulum
1573 2378 1827 2436 maestitia
1848 2374 1928 2431 af-

359 2494 597 2553 ﬁcereut,
648 2485 1041 2543 correctionem
1070 2479 1310 2541 adhibet,
1342 2474 1522 2544 aitque
1548 2489 1563 2527 :
1595 2470 1654 2526 Si
1677 2470 1810 2524 enim
1839 2482 1930 2538 ego

358 2582 597 2638 contristo
634 2594 743 2643 nos,
780 2574 966 2646 etquis
1014 2582 1085 2627 est
1112 2571 1199 2641 qui
1230 2585 1307 2623 me
1331 2565 1573 2635 lwtiﬁcet,
1614 2562 1712 2616 nisi
1760 2561 1804 2615 is
1844 2559 1933 2629 qui

360 2676 682 2739 contristatur
711 2687 773 2725 ea:
796 2669 911 2723 me?
942 2667 1143 2722 [lorum
1168 2672 1346 2717 autem
1379 2658 1662 2715 verborum
1695 2655 1783 2709 hic
1812 2666 1934 2707 sen-

360 2785 453 2826 sus
477 2778 560 2823 est
591 2784 605 2820 :
632 2763 772 2836 quod
798 2762 844 2817 si
871 2760 1031 2816 etiam
1063 2758 1295 2812 futurum
1345 2760 1508 2815 esset,
1559 2760 1620 2804 ut
1663 2747 1715 2802 in
1745 2745 1934 2801 dolore

364 2874 630 2921 versarer,
654 2858 781 2912 dum
808 2854 1014 2910 scilicet
1052 2864 1149 2906 vos
1177 2848 1461 2919 objurgare
1505 2859 1568 2898 ac
1598 2850 1818 2897 maestos
1856 2838 1936 2892 vi-

362 2953 491 3009 dere
519 2963 739 3019 cogerer
768 2965 781 3002 :
809 2955 863 3001 at
887 2960 954 3000 ex
984 2943 1084 2997 hoc
1105 2954 1316 3012 quoque
1344 2939 1461 3007 ipso
1491 2934 1815 3005 voluptatem
1840 2945 1903 2985 ca

365 3062 565 3119 perem.
598 3044 881 3098 Maximum
913 3039 1053 3095 enim
1079 3038 1181 3092 hoc
1210 3033 1409 3089 amoris
1435 3038 1807 3099 argumentum
1831 3032 1932 3090 est,

368 3117 499 3193 tanti
542 3153 626 3191 me
656 3152 683 3190 a
713 3135 863 3188 vobis
892 3131 1091 3203 pendi,
1112 3137 1170 3183 ut
1196 3128 1403 3183 animos
1451 3132 1661 3178 vestros
1691 3117 1936 3175 mordere

364 3246 575 3301 queam,
608 3229 732 3283 dum
760 3242 853 3281 vos
882 3238 1120 3279 aversor.

434 3322 485 3376 2.
533 3320 683 3374 Pauli
712 3313 1190 3386 prudentia.—-Ac
1236 3308 1357 3364 vide
1397 3306 1750 3378 prudentiam.
1803 3301 1937 3357 Nam

366 3415 508 3488 quod
534 3417 585 3468 in
616 3426 764 3466 more
803 3408 1182 3478 discipulorum
1209 3402 1438 3473 positum
1465 3409 1568 3461 est,
1611 3408 1671 3452 ut
1722 3395 1940 3451 doleant

369 3487 531 3575 atque
553 3519 692 3572 mgre
724 3501 893 3556 ferant
917 3514 1036 3552 cum
1058 3495 1422 3564 objurgantur,
1447 3492 1524 3544 sic
1542 3501 1715 3544 tamen
1743 3503 1835 3543 eos
1861 3487 1941 3541 in-

372 3598 555 3663 ducit,
589 3606 855 3662 tamquam
888 3592 984 3643 hac
1012 3589 1063 3642 iu
1097 3602 1154 3642 re
1181 3586 1279 3657 ipsi
1327 3584 1731 3655 gratificentur:
1758 3580 1941 3650 Neque

371 3690 534 3750 enim,
568 3686 762 3756 inquit,
791 3699 876 3737 me
904 3679 1169 3752 quiSpiam
1218 3675 1437 3748 perinde
1461 3674 1722 3730 exhilarat
1764 3683 1823 3727 ut
1853 3672 1941 3727 ille

374 3782 463 3852 qui
491 3781 648 3834 verba
671 3793 787 3832 mea
819 3783 989 3837 curat,
1017 3787 1080 3827 ac
1101 3770 1453 3826 discruciatur
1475 3783 1594 3822 cum
1626 3783 1709 3820 me
1750 3766 1942 3819 iratum

374 3873 565 3929 cernit.
598 3871 662 3924 Et
688 3867 901 3939 quidem
934 3872 1349 3921 consentaneum
1379 3872 1492 3917 erat
1520 3872 1575 3915 ut
1612 3860 1856 3915 diceret:
1885 3859 1944 3915 Si

374 3967 516 4019 enim
539 3977 638 4032 ego
656 3960 914 4014 contristo
940 3972 1054 4019 vos,
1078 3956 1263 4025 ecquis
1292 3962 1375 4009 est
1403 3956 1489 4023 qui
1524 3952 1757 4007 laetitiam
1792 3952 1945 4006 vobis

376 4055 572 4110 afferre
595 4051 797 4123 possit?
828 4059 879 4103 at
910 4050 1011 4102 hoc
1037 4058 1212 4102 tamen
1244 4061 1349 4100 non
1375 4044 1536 4108 dicit,
1560 4043 1651 4098 sed
1683 4043 1733 4097 id
1760 4056 1945 4097 rursus

375 4146 612 4206 invertit,
646 4156 739 4197 eos
779 4140 1029 4194 videlicet
1056 4137 1340 4200 delinieus,
1367 4152 1430 4190 ac
1458 4136 1638 4191 dicens
1676 4152 1691 4189 :
1723 4134 1945 4188 Etiamsi

375 4253 471 4291 vos
502 4237 741 4292 molestia
768 4234 970 4293 afﬁcio.
1004 4233 1055 4286 in
1080 4231 1182 4285 hoc
1213 4242 1387 4285 tamen
1418 4230 1708 4283 niaximum
1736 4243 1765 4281 a
1796 4227 1945 4282 vobis

379 4329 696 4386 beneﬁcium
717 4325 891 4396 capio,
920 4324 1059 4395 quod
1083 4322 1416 4378 sermonibus
1441 4322 1573 4376 meis
1592 4320 1752 4374 animi
1784 4319 1944 4374 vestri

378 4422 824 4494 perstringuntur.
873 4418 926 4472 3.
978 4415 1179 4469 Etenim
1222 4415 1315 4467 hoc
1359 4414 1524 4484 ipsum
1573 4411 1751 4481 scripsi
1789 4410 1942 4465 vobis.

378 4514 683 4583 Quidnam?
729 4510 879 4579 Quod
911 4519 966 4564 ut
996 4511 1144 4563 vobis
1173 4522 1478 4577 parcerem,
1529 4520 1633 4560 non
1686 4504 1944 4559 venerim.

379 4607 604 4676 Quando
631 4617 806 4660 autem
840 4604 889 4658 id
936 4602 1241 4658 scribebat?
1280 4617 1346 4654 an
1390 4601 1441 4653 in
1486 4599 1662 4669 priore
1699 4598 1945 4668 epistola,

380 4718 500 4757 cum
532 4699 741 4754 dicebat
771 4715 786 4752 :
815 4696 953 4751 Nolo
991 4705 1159 4749 autent
1185 4710 1317 4747 nunc
1343 4709 1427 4746 vos
1452 4692 1505 4746 in
1534 4692 1747 4745 transitu
1784 4690 1951 4745 videre

382 4796 461 4865 (1.
490 4794 609 4850 Cor.
637 4792 725 4849 16.
748 4792 845 4862 7)?
873 4789 987 4844 Non
1016 4787 1253 4857 quidem,
1287 4795 1344 4840 ut
1370 4784 1594 4853 opinor,
1654 4783 1748 4838 sed
1780 4784 1830 4836 in
1854 4798 1945 4837 ca-

383 4885 503 4940 dem
533 4883 755 4953 epistola
785 4924 800 4949 ,
854 4897 973 4936 cum
1003 4880 1205 4934 diceret
1236 4894 1251 4930 :
1286 4876 1368 4930 Ne
1391 4892 1505 4929 cum
1531 4891 1707 4929 venero
1735 4892 1909 4928 rursus
1930 4917 1946 4939 ,

386 4978 608 5032 huntitiet
639 4992 716 5029 me
746 4975 878 5029 Deus
927 4972 1064 5043 apud
1090 4988 1175 5026 vos
1215 4970 1293 5039 (2.
1325 4968 1443 5023 Cor.
1488 4968 1577 5023 12.
1609 4967 1721 5039 21).
1750 4967 1948 5038 Scripsi

384 5086 533 5140 ergo,
565 5070 770 5139 inquit,
804 5070 857 5122 in
888 5067 991 5122 ﬁne
1022 5066 1296 5136 epistolm:
1330 5062 1411 5117 Ne
1457 5066 1586 5133 forte
1622 5078 1736 5116 cum
1775 5076 1950 5114 venero

386 5161 615 5214 humiliet
654 5175 733 5214 me
781 5157 954 5224 Deus,
997 5168 1042 5211 et
1081 5158 1279 5228 lugeam
1302 5153 1487 5209 multos
1512 5168 1575 5208 ea:
1601 5153 1664 5207 iis
1709 5154 1794 5222 qui
1835 5160 1952 5205 ants

388 5260 733 5323 peccauerunt.
764 5251 873 5303 Cur
902 5258 1075 5303 autem
1101 5245 1417 5301 scribebas?
1460 5244 1526 5300 Ut
1552 5261 1652 5297 non
1675 5259 1787 5296 cum
1814 5257 1951 5296 vene-

383 5360 464 5408 ro,
505 5342 757 5395 tristitiam
786 5339 993 5393 habeam
1020 5338 1081 5391 de
1110 5339 1192 5403 iis,
1229 5338 1291 5391 de
1331 5337 1507 5405 quibus
1536 5343 1827 5405 Oportuerat
1871 5349 1951 5389 me

386 5435 603 5507 gaudere
631 5449 649 5488 :
675 5433 933 5501 conlidens
975 5432 1027 5484 in
1078 5430 1305 5483 onmibus
1346 5428 1481 5482 vobis
1506 5469 1520 5486 .
1548 5428 1664 5497 quia
1708 5425 1951 5497 gaudium

386 5544 548 5583 meum
577 5525 802 5582 omnium
840 5533 1056 5577 uestrum
1079 5533 1169 5574 cst.
1199 5521 1329 5591 Quia
1353 5521 1492 5575 enim
1523 5519 1736 5573 dixerat
1758 5518 1950 5589 volup-

384 5631 492 5678 tate
516 5636 575 5677 se
598 5619 758 5685 afﬁci,
788 5632 908 5674 cum
932 5614 1029 5685 ipsi
1054 5623 1374 5684 angerentur
1399 5653 1415 5677 ,
1444 5620 1602 5684 atque
1632 5610 1734 5665 hoc
1778 5610 1953 5665 adhuc

387 5714 625 5787 ssperius
640 5708 1082 5784 arrogantiusque
1106 5704 1274 5763 videri
1304 5711 1533 5777 poterat,
1560 5702 1611 5759 id
1639 5714 1823 5759 rursus
1841 5701 1949 5759 alio

1068 254 1127 311 S.
1166 248 1443 309 JOANNIS
1477 237 1958 301 CIIRYSOSTOMI
1994 236 2311 295 ARCHIEP.
2341 232 2865 293 CONSTANTINOP.

3464 230 3567 287 ιεο

2011 354 2173 409 modo
2200 353 2451 419 invertit,
2476 367 2539 407 ac
2564 369 2659 422 per
2684 368 2768 419 ea,
2814 367 2933 422 qua:
2959 351 3252 422 subiunxit,
3291 350 3567 423 mitigavit.

2009 447 2158 511 Ideo.
2189 447 2354 511 enim,
2377 447 2569 516 inquit,
2596 447 2744 515 prius
2771 445 2838 500 ad
2862 461 2956 500 vos
2983 446 3212 516 scripsi,
3261 460 3330 499 ne
3376 446 3570 501 dolenti

2010 540 2193 594 animo
2218 553 2313 593 vos
2337 539 2602 593 inveniam
2630 553 2734 593 non
2756 546 3048 593 correctos.
3072 537 3154 593 οι)
3182 537 3339 607 idque
3358 538 3486 604 dixi,
3507 538 3573 594 Ut

2010 647 2112 684 non
2136 634 2428 695 contrister;
2460 644 2564 683 non
2591 628 2732 699 quod
2758 628 2856 683 hac
2886 629 2936 682 in
2960 645 3019 683 re
3038 628 3375 683 commodum
3405 644 3572 684 meum

2011 730 2271 792 Spectem,
2305 720 2399 775 sed
2430 730 2687 775 vestrum.
2717 718 2842 775 Scio
2884 722 3027 776 enim
3056 735 3173 785 vos,
3221 735 3340 775 cuin
3370 735 3455 774 me
3485 718 3575 772 la:-

2014 826 2121 869 tum
2146 814 2382 878 cernitis,
2414 813 2564 868 laetos
2590 827 2800 883 quoque
2824 828 2975 877 esse;
3016 827 3135 867 cum
3159 813 3426 868 dolentem
3456 828 3580 867 con-

2013 906 2236 976 spicitis,
2255 906 2306 961 in
2324 906 2508 961 dolore
2524 906 2684 961 etiam
2698 906 2913 961 versari.
2940 905 3072 960 Vide
3096 906 3256 976 igitur
3272 922 3454 960 rursus
3479 921 3579 976 quo

2016 1008 2196 1069 pacto,
2228 1014 2348 1069 quae
2373 998 2514 1053 dicta
2543 1007 2687 1063 sunt,
2709 997 2847 1051 inter
2867 1013 2925 1052 se
2949 996 3252 1052 cohaereant
3278 1015 3291 1050 :
3324 998 3403 1052 sic
3421 999 3578 1063 enim,

2016 1091 2144 1161 quid
2175 1090 2370 1145 Paulus
2393 1090 2552 1155 dicat,
2579 1088 2786 1144 facilius
2813 1089 3085 1144 intellectu
3116 1104 3481 1158 assequemur.
3508 1090 3583 1144 fd-

2018 1182 2181 1247 circo,
2213 1181 2406 1251 inquit,
2438 1196 2543 1235 non
2570 1180 2713 1246 veni,
2746 1194 2817 1234 ne
2840 1194 2936 1233 vos
2966 1195 3198 1235 maerore
3218 1179 3510 1245 afﬁcerem,
3540 1181 3583 1236 si

2020 1277 2349 1332 incorrectos
2377 1274 2739 1330 oﬁ‘endissem.
2784 1273 2896 1329 Hoc
2931 1284 3107 1327 autem
3160 1288 3266 1327 non
3296 1288 3449 1339 mea,
3498 1273 3586 1328 sed

2020 1380 2201 1426 vestra
2229 1385 2390 1424 causa
2416 1368 2699 1423 faciebam.
2732 1367 2843 1437 Ego
2869 1367 3011 1421 enim
3040 1380 3105 1422 ex
3145 1378 3325 1421 vestro
3360 1382 3588 1424 maerore

2025 1462 2166 1517 baud
2200 1476 2416 1530 parvam
2444 1460 2770 1528 voluptatem
2794 1460 2969 1528 capio,
3002 1474 3122 1513 cum
3146 1474 3232 1514 me
3259 1460 3412 1514 vobis
3437 1470 3588 1516 tanta

2023 1569 2167 1611 curae
2191 1568 2313 1608 esse
2341 1566 2527 1616 cerno,
2559 1561 2617 1606 ut
2641 1551 2877 1607 etiamin
2902 1565 3132 1607 mmrore
3160 1567 3222 1607 ac
3248 1552 3438 1607 dolore
3458 1554 3587 1621 sitis,

2023 1660 2147 1701 cum
2183 1643 2547 1714 indignatione
2574 1642 2780 1699 afﬁcior
2810 1662 2824 1699 :
2858 1644 2985 1710 Quis
2999 1646 3131 1698 enim
3155 1654 3225 1700 est
3244 1646 3332 1713 qui
3351 1662 3433 1700 me
3456 1640 3592 1701 eishi-

2026 1738 2173 1801 laret,
2202 1737 2300 1791 nisi
2319 1737 2407 1806 qui
2424 1751 2486 1790 ea:
2504 1751 2583 1788 me
2604 1735 2969 1790 contristatur?
2995 1735 3196 1790 Tamen
3217 1736 3467 1805 quamvis
3485 1736 3592 1791 ani-

2025 1843 2117 1885 mo
2142 1827 2214 1882 ita
2237 1827 2555 1882 constitutus
2584 1826 2707 1892 sim,
2749 1828 2998 1897 quoniam
3030 1827 3192 1883 vestri
3220 1828 3483 1883 rationem
3502 1830 3593 1882 ha-

2030 1920 2155 1986 beo,
2183 1919 2286 1975 hoc
2308 1921 2480 1991 ipsum
2510 1919 2576 1974 ad
2602 1934 2699 1975 vos
2727 1920 2953 1990 scripsi,
2980 1929 3039 1974 ut
3076 1936 3146 1976 ne
3180 1921 3475 1976 contrister
3502 1938 3516 1975 :
3542 1920 3593 1976 in

2028 2010 2133 2067 hoc
2160 2026 2373 2081 quoque
2397 2025 2581 2066 rursus
2608 2026 2714 2066 non
2745 2025 2945 2075 meum,
2972 2010 3069 2067 sed
3099 2023 3331 2067 vestrum
3361 2027 3596 2068 commeo

2030 2106 2157 2163 dum
2182 2115 2449 2175 spectans.
2483 2104 2667 2175 Neque
2687 2104 2831 2159 enim
2860 2119 2946 2159 me
2977 2104 3126 2175 fugit,
3152 2105 3278 2174 quin
3306 2120 3370 2159 ea
3402 2119 3492 2159 res
3510 2119 3597 2159 vo-

2030 2197 2114 2253 bis
2140 2198 2357 2253 mcerori
2387 2196 2561 2251 futura
2587 2196 2678 2264 sit,
2707 2197 2751 2250 si
2782 2195 3051 2251 dolentem
3096 2212 3182 2251 me
3220 2197 3463 2252 videritis
3490 2213 3505 2251 :
3544 2207 3599 2253 ut

2032 2298 2218 2347 contra
2246 2289 2464 2355 laetitiae,
2496 2288 2541 2344 si
2573 2304 2659 2344 me
2688 2286 2869 2344 lietuin
2895 2290 3302 2359 conspexeritis.
3332 2288 3473 2345 Vide
3508 2291 3599 2344 ita-

2033 2398 2139 2454 que
2166 2381 2539 2453 prudentiam:
2570 2381 2801 2446 dixerat,
2833 2380 2954 2435 Non
3001 2383 3131 2447 veni,
3165 2390 3222 2435 ut
3248 2398 3316 2437 ne
3347 2398 3450 2438 vos
3480 2398 3601 2438 con-

2034 2477 2250 2540 trister;
2291 2484 2347 2531 et
2377 2484 2552 2529 tamen
2600 2474 2827 2545 gaudeo,
2858 2474 3049 2544 inquit.
3080 2473 3299 2539 Deinde,
3329 2489 3402 2529 ne
3426 2490 3492 2530 ex
3517 2489 3601 2531 eo-

2035 2584 2156 2625 rum
2186 2567 2375 2623 dolore
2402 2566 2729 2636 voluptatem
2776 2565 2877 2620 sibi
2924 2581 3045 2621 esse
3084 2565 3347 2631 videatur,
3382 2566 3439 2621 ln
3486 2568 3599 2632 hoc.

2037 2661 2228 2732 inquit,
2260 2657 2488 2730 gaudeo,
2517 2656 2660 2727 quod
2690 2671 2783 2711 vos
2824 2658 3197 2728 perstringam.
3243 2656 3377 2712 Nam
3409 2658 3600 2728 alioqui

2035 2752 2355 2817 discrucior,
2398 2765 2517 2805 cum
2544 2764 2660 2815 eos,
2690 2764 2720 2804 a
2746 2750 2938 2819 quibus
2967 2759 3245 2820 tantopere
3272 2765 3451 2815 amor,
3496 2766 3602 2804 mo-

2038 2845 2189 2900 lestia
2209 2842 2420 2898 afﬁcere
2437 2855 2621 2912 cogor,
2636 2855 2743 2896 non
2766 2842 2836 2896 ob
2854 2839 2908 2895 id
2931 2848 3130 2894 tantum
3148 2839 3290 2911 quod
3307 2841 3601 2913 obiurgem.

2038 2936 2134 2992 sed
2154 2936 2225 2991 ob
2245 2934 2297 2990 id
2324 2934 2486 2990 etiam
2517 2933 2659 3004 quod
2687 2934 2800 3002 ipse
2829 2946 3039 3003 quoque
3067 2932 3117 2986 in
3149 2947 3384 2988 maerore
3408 2934 3529 2999 sim,
3548 2947 3605 2990 ac

2038 3029 2192 3083 vobis
2222 3042 2408 3083 rursus
2440 3028 2542 3081 hoc
2567 3029 2783 3081 nomine
2821 3040 3105 3081 mterorem
3148 3040 3449 3081 accersam.
3482 3029 3605 3082 Ani-

2041 3121 2315 3176 madverte
2363 3128 2543 3173 autem
2573 3132 2678 3187 quo
2714 3127 2871 3187 pacto
2918 3116 3060 3171 istud
3090 3118 3250 3172 etiam
3288 3133 3418 3173 cum
3460 3118 3607 3174 laudo

2041 3223 2207 3285 ponat
2233 3212 2418 3267 dicens
2436 3251 2452 3276 ,
2495 3209 2573 3263 De
2596 3211 2773 3279 quibus
2802 3220 3093 3278 oportuerat
3117 3226 3196 3263 me
3218 3211 3461 3280 gaudere.
3495 3211 3609 3265 Hac

2042 3305 2185 3361 enim
2210 3304 2374 3358 verba
2399 3301 2629 3356 hominis
2668 3309 2814 3366 sunt,
2846 3301 3205 3355 sinceritatem
3235 3310 3401 3370 atque
3434 3302 3610 3372 ingen-

2044 3408 2150 3453 tem
2202 3398 2403 3451 amoris
2454 3394 2699 3449 affectum
2751 3394 3087 3448 testiticaotis
3117 3410 3131 3446 :
3156 3409 3263 3449 non
3293 3409 3455 3451 secus
3481 3410 3543 3450 ac
3566 3394 3610 3449 si

2042 3490 2161 3560 quis
2186 3489 2254 3545 de
2272 3488 2413 3551 ﬁliis,
2438 3504 2572 3558 quos
2595 3487 2773 3541 multis
2798 3486 3070 3543 beneﬁciis
3099 3487 3381 3550 alfecisset,
3409 3500 3464 3544 et
3482 3503 3608 3558 quo-

2044 3597 2162 3636 rum
2190 3595 2350 3635 causa
2377 3580 2661 3650 plurimum
2686 3579 2883 3633 laboris
2913 3580 3257 3648 suscepisset,
3279 3578 3609 3651 loqueretur.

2045 3674 2338 3741 Quocirca,
2396 3673 2585 3743 inquit,
2643 3675 2688 3727 si
2737 3671 2833 3727 hac
2879 3674 3085 3728 ratione
3135 3673 3346 3739 scribo,
3395 3689 3463 3729 ac
3513 3689 3612 3729 non

2049 3758 2206 3825 venio
2233 3808 2247 3833 ,
2300 3775 2358 3822 ut
2412 3766 2589 3836 magni
2632 3765 2828 3835 aliquid
2880 3781 3159 3836 procurem
3200 3782 3305 3821 non
3342 3768 3526 3833 venio,
3556 3783 3613 3821 ac

2048 3876 2153 3915 non
2203 3858 2341 3929 quod
2380 3874 2477 3914 vos
2529 3857 2734 3913 oderim
2777 3868 2934 3928 atque
2960 3874 3194 3925 averser,
3225 3858 3318 3913 sed
3344 3860 3489 3929 quod
3527 3860 3614 3913 ad-

2047 3952 2263 4008 modum
2287 3966 2486 4008 amem.
2510 3951 2711 4007 Deinde
2736 3949 2984 4020 quoniam
3011 3949 3350 4016 dixerat,Qui
3385 3968 3476 4005 me
3488 3967 3613 4005 con-

2048 4045 2244 4108 tristat,
2288 4059 2375 4098 me
2416 4044 2687 4107 laetiﬁcat;
2714 4058 2784 4097 ne
2805 4042 2877 4095 illi
2910 4041 3169 4105 dicerent,
3206 4041 3443 4097 Hoccine
3466 4044 3614 4111 igitur

2050 4137 2143 4191 tibi
2177 4135 2353 4190 studio
2395 4145 2513 4198 est,
2544 4145 2600 4189 ut
2654 4134 2956 4199 lwtiﬁceris,
3010 4142 3171 4199 atque
3210 4135 3460 4190 omnibus
3514 4136 3612 4190 vim

2050 4238 2197 4285 tuam
2227 4227 2499 4281 ostentes?
2525 4225 2645 4280 ideo
2675 4226 2968 4294 subjunxit,
2991 4227 3044 4280 4.
3070 4225 3209 4280 Nam
3233 4244 3296 4281 ea;
3337 4231 3501 4283 multa
3528 4232 3613 4283 tri-

2050 4322 2306 4377 bulatione
2328 4329 2375 4373 et
2396 4319 2629 4389 angustia
2655 4319 2822 4371 cordis
2849 4319 3029 4387 scripsi
3055 4320 3191 4373 vobis
3216 4335 3304 4387 per
3332 4321 3517 4376 multas
3540 4320 3615 4375 la-

2051 4432 2265 4488 crymas,
2298 4430 2399 4468 non
2419 4422 2473 4465 ut
2494 4409 2873 4473 contristemini,
2900 4409 2988 4463 sed
3015 4419 3069 4463 ut
3111 4411 3280 4464 sciatis
3305 4428 3459 4481 quam
3486 4414 3613 4467 cari—

2053 4518 2205 4563 tatem
2233 4506 2442 4559 habeam
2469 4504 2802 4558 abundantius
2831 4519 2947 4574 erga
2975 4518 3078 4556 vos.

2126 4597 2281 4653 Pauli
2308 4613 2450 4652 amor
2484 4612 2603 4666 erga
2647 4594 3176 4665 discipulos.—-Quid
3204 4594 3301 4649 hac
3331 4596 3509 4651 anima
3553 4593 3613 4651 ad

2053 4692 2335 4749 amandum
2367 4688 2724 4760 propensius?
2768 4687 3006 4742 Ostendit
3030 4684 3171 4742 enim
3207 4702 3265 4742 se
3290 4704 3396 4742 non
3426 4690 3610 4755 minus,

2056 4784 2165 4840 imo
2191 4783 2349 4836 etiam
2384 4779 2549 4834 multo
2578 4779 2745 4860 magis
2768 4777 3001 4831 doluisse
3023 4818 3037 4839 ,
3069 4792 3227 4847 quam
3258 4777 3332 4830 illi
3364 4778 3487 4847 ipsi.
3528 4778 3614 4848 qui

2056 4882 2427 4944 peccaverant.
2446 4871 2561 4925 Non
2591 4870 2731 4924 enim
2763 4884 2829 4923 ex
2865 4868 3201 4922 tribulatione
3233 4877 3439 4923 tantum
3466 4870 3609 4932 dixit.

2055 4965 2170 5030 sed,
2196 4963 2280 5019 Ea;
2295 4964 2485 5026 multa;
2507 4976 2605 5015 nec
2623 4975 2714 5029 per
2735 4960 2994 5030 lacrymas
3015 4958 3206 5023 solum,
3230 4959 3345 5021 sed,
3366 4959 3468 5013 Per
3491 4961 3614 5013 mul-

2056 5066 2133 5109 tas
2178 5055 2427 5125 lacrymas
2475 5062 2521 5106 et
2547 5052 2713 5106 cordis
2759 5053 3061 5121 angustiam.
3091 5051 3200 5105 Hoc
3224 5060 3339 5115 est,
3392 5051 3614 5107 Merere

2059 5146 2387 5217 prtefocabar
2407 5157 2469 5198 ac
2497 5141 2870 5211 straugulabar
2897 5157 2913 5195 :
2945 5157 3006 5197 ac
3035 5143 3261 5195 tristitia:
3290 5142 3487 5198 nubem
3510 5144 3609 5213 jam

2058 5253 2163 5293 non
2194 5236 2393 5299 ferens,
2425 5233 2490 5289 ad
2517 5248 2611 5288 vos
2637 5233 2857 5302 scripsi;
2890 5231 3009 5286 Non
3037 5243 3090 5285 ut
3115 5233 3497 5299 contristemini,
3541 5234 3618 5289 in-

2057 5329 2194 5401 quit,
2220 5329 2308 5382 sed
2326 5337 2380 5381 ut
2405 5328 2667 5381 caritatem
2704 5340 2815 5378 eam
2841 5323 3078 5387 noscatis,
3109 5339 3259 5393 quam
3281 5324 3615 5379 abundantius

2059 5438 2178 5493 erga
2199 5436 2285 5474 vos
2320 5420 2496 5473 habeo.
2527 5417 2686 5487 Atqui
2708 5417 2970 5470 sermonis
2984 5414 3149 5469 series
3178 5414 3278 5471 hoc
3300 5416 3610 5486 postulabat,

2058 5523 2118 5568 ut
2144 5513 2368 5576 diceret,
2398 5510 2510 5566 Non
2542 5521 2600 5563 ut
2628 5508 3033 5571 contristemini,
3057 5507 3150 5562 sed
3179 5517 3235 5562 ut
3260 5508 3609 5577 resipiscatis;

2059 5606 2257 5663 etenim
2284 5604 2383 5659 hac
2397 5605 2464 5660 de
2484 5619 2642 5660 causa
2670 5604 2956 5674 scripserat
2984 5614 3000 5656 :
3030 5603 3129 5657 hoc
3156 5612 3448 5655 tamennon
3468 5598 3606 5662 dicit,

2062 5698 2179 5764 sed,
2221 5705 2280 5753 ut
2304 5695 2423 5769 plus
2452 5695 2726 5752 suavitatis
2764 5694 2992 5751 orationi
3019 5706 3129 5749 suae
3154 5690 3419 5758 conciliet,
3459 5696 3608 5759 atque
