3712 6212
125 230 207 288 349

117 346 324 404 καθίκετο
347 344 643 417 Ἐπιστολῇ,
666 349 762 399 καί
783 364 903 401 τινα
926 351 1226 424 μεταϐολὴν
1241 352 1584 418 ἐπεδείξαντο
1602 368 1617 383 ·

114 447 189 501 καὶ
215 444 400 514 ἔμελλεν
428 444 623 509 αὐτοὺς
654 447 813 502 τοῦτο
836 450 1177 524 ἀνατρέπειν,
1211 455 1259 504 εί
1287 451 1621 522 μεταϐαλλό-

1104 233 1178 289 IN
1210 235 1429 293 EPIST.
1471 202 1515 290 ιι
1548 232 1640 290 AD
1676 231 1835 292 con.
1876 237 2112 299 HOMIL.
2153 244 2238 301 1v.

3188 258 3297 321 £20

1731 371 1851 421 πεν,
1904 358 1987 412 ὅτι
2020 360 2418 432 Εὐφραίνομαι,
2478 366 2789 437 ἀλγούντων
2842 371 3017 443 ὐμῶν,
3074 376 3169 430 καὶ
3212 378 3294 434 ἔτι

1727 451 2120 526 αὐθαδέστερον
2157 459 2317 514 τοῦτο
2344 457 2413 532 ἦν
2449 464 2544 516 καὶ
2576 466 2931 539 τραχύτερον,
2965 471 3127 526 πάλιν
3162 476 3295 531 αὐτὸ

112 558 234 614 μενοι
271 540 413 592 πάλιν
463 541 562 613 τὴν
616 544 785 615 αὐτὴν
839 547 1158 618 ἐπιτίμησιν
1198 548 1483 618 ὑπέμενον.
1528 548 1621 603 Διὸ
1724 547 2058 621 ἀνέστρεψεν
2085 556 2308 624 ἑτέρως,
2336 558 2431 610 καὶ
2475 560 2824 633 ἡμερώτερον
2866 566 2998 620 αὐτὸ
3041 573 3295 643 ἐποίησεν

106 634 253 704 πολλῷ
292 639 378 706 τῆς
409 638 679 709 προτέρας
717 642 1045 714 ἡμερωτέρα
1078 641 1236 713 αὕτη.
1273 645 1519 712 Ἕκρινα
1552 644 1620 698 δὲ
1723 637 1803 706 οἷς
1824 646 2091 717 ἐπήγαγε.
2126 653 2225 704 Διά
2250 653 2408 707 τοῦτο
2436 655 2564 726 γὰρ,
2592 659 2747 729 φησὶ.
2784 663 3107 735 προέγραψα
3139 634 3290 740 ὑίιῖνν

100 730 295 800 ἐμαυτῷ
334 732 392 785 τὸ
411 734 499 802 μὴ
530 735 716 789 πάλιν
745 738 814 790 ἐν
838 740 1003 806 λύπῃ
1037 739 1236 793 ἐλθεῖν
1262 740 1411 808 πρὸς
1438 738 1614 809 ὑμᾶς.

99 828 176 891 Τὸ,
203 828 385 893 Πάλιν,
418 830 656 884 δείκνυσι
681 834 774 886 καὶ
799 833 898 904 ήδη
931 834 1237 905 λυπηθέντα
1261 837 1488 889 ἐκεῖθεν·
1524 836 1617 890 καὶ

92 923 238 977 δοκῶν
277 924 665 995 ἀπολογεῖσθαι,
725 928 873 1000 [456]
908 929 1208 1001 λεληθότως
1255 931 1431 984 αὐτῶν
1480 931 1615 985 καθ-

91 1024 308 1077 άπτεται.
334 1022 392 1076 Εί
419 1023 477 1076 δὲ
509 1025 720 1097 καὶήδη
747 1026 1046 1098 ἐλύπησαν,
1078 1031 1171 1082 καὶ
1204 1026 1366 1083 πάλιν
1392 1028 1613 1100 ἔμελλον

91 1118 269 1181 λυπεῖν,
299 1120 538 1191 ἐννόησον
572 1122 700 1192 ὅσην
740 1122 885 1186 εἰκὸς
928 1124 1181 1192 γενέσθαι
1213 1127 1312 1198 τὴν
1342 1127 1533 1197 ἀηδίαν
1560 1140 1609 1180 ι.

96 1213 236 1266 Ἅλλά
264 1214 405 1268 τοῦτο
443 1216 543 1287 μέν
575 1218 636 1270 οὐ
674 1218 843 1286 λέγει,
892 1220 974 1273 ὄτι
1016 1219 1374 1291 Ἐλυπήσατε·
1408 1222 1612 1293 ἐτέρως

91 1314 127 1365 δὲ
154 1312 406 1381 μεθοδεύει
444 1314 537 1368 τὸν
574 1314 730 1383 λόγον
753 1316 815 1368 τὸ
851 1317 983 1370 αὐτὸ
1012 1316 1169 1369 τοῦτο
1213 1319 1607 1389 αἰνιττόμενος,

91 1416 158 1467 ca!
189 1414 365 1482 λέγων,
391 1416 471 1468 ὅτι
499 1416 597 1469 Διά
622 1416 779 1469 τοῦτο
811 1417 909 1470 οὐκ
932 1413 1116 1487 ἦλθον,
1144 1419 1235 1472 ἵνα
1264 1420 1343 1491 μὴ
1383 1420 1610 1493 λυπήσω

91 1516 219 1583 >μᾶςσ
242 1513 268 1563 ὃ
296 1512 387 1582 τὴν
415 1513 709 1583 αὐτὴννμέν
741 1515 891 1584 ἰσχὺν
923 1515 1034 1585 ἔχει
1061 1516 1234 1587 τούτῳ
1261 1512 1305 1584 ᾧ
1330 1513 1504 1585 εἶπον,
1525 1519 1611 1571 εὐ-

91 1609 378 1679 ιαράδεκτον
403 1609 459 1661 δὲ
484 1609 683 1679 μᾶλλόν
698 1612 839 1664 ἐστι.
870 1614 939 1665 Εἰ
966 1611 1077 1681 γὰρ
1100 1611 1214 1682 ἐγὼ
1234 1612 1408 1667 λυπῶ
1431 1612 1607 1685 ὑμᾶς,

91 1708 154 1759 σαὶ
173 1706 270 1768 τίς
292 1707 457 1759 ἐστιν
494 1709 528 1760 ό
558 1708 899 1775 εὐφραίνων
925 1725 1021 1777 με,
1051 1711 1104 1761 ει
1129 1709 1216 1778 μὴ
1261 1713 1293 1763 ό
1316 1713 1610 1781 λυπούμε-

91 1819 228 1867 ενος
251 1802 315 1867 ἐξ
337 1802 513 1872 ἐμοῦ;
536 1802 673 1856 Ποία
700 1803 838 1874 αῦτη
865 1806 1194 1871 ἀκολουθία;
1228 1808 1474 1881 Μεγίστη
1510 1812 1608 1880 μέν

91 1899 160 1956 ὗν.
216 1900 403 1953 Σκόπει
449 1899 526 1952 δέ·
571 1900 684 1953 Οὐκ
719 1900 979 1971 ἠθέλησα,
1015 1903 1198 1972 φησιν,
1247 1904 1419 1958 ἐλθεῖν
1471 1906 1608 1977 πρὸς

91 2000 210 2070 μᾶς,
252 1998 334 2050 ἵνα
378 1996 452 2067 μὴ
485 1997 712 2069 λυπήσω
755 1999 899 2069 ὑμᾶς
930 1998 1111 2065 πλέον,
1148 2001 1437 2072 ἐπιτιμῶν,
1473 2003 1607 2071 ἀγα-

91 2095 275 2158 ικτῶν,
301 2094 789 2166 ἀποστρεφόμενος.
816 2091 949 2150 Εἶτα
981 2098 1169 2170 ἐπειδὴ
1202 2101 1296 2153 καὶ
1321 2101 1452 2154 αὐτὸ
1477 2118 1608 2171 σφο-

91 2192 165 2244 ›ὺν
196 2188 287 2261 ἦν,
330 2193 423 2244 καὶ
454 2193 790 2263 κατηγορίαν
827 2193 1007 2246 αὐτῶν
1040 2190 1206 2265 εἶχεν,
1242 2196 1296 2248 εί
1320 2213 1384 2265 γε
1434 2197 1606 2263 οὕτως

91 2294 173 2342 ’ων
204 2288 280 2353 ὡς
312 2289 518 2344 Παῦλον
546 2290 755 2355 λυπεῖν,
789 2293 1481 2367 ἐπιδιορθώσειχρὼμενος,
1502 2315 1605 2369 φη-

93 2402 139 2439 ν’
172 2390 243 2441 Εἰ
272 2387 377 2456 γὰρ
413 2386 527 2457 ἐγὼ
567 2387 739 2442 λυπῶ
766 2387 945 2457 ὑμᾶς,
985 2391 1085 2444 καί
1112 2393 1202 2459 τίς
1242 2394 1409 2447 ἐστιν
1444 2398 1477 2449 ό
1507 2398 1603 2449 εὑο

92 2489 303 2542 ραίνων
323 2504 419 2555 με,
447 2487 499 2540 εὶ
527 2485 613 2555 μὴ
651 2490 683 2541 ό
706 2489 1090 2558 λυπούμενος
1126 2489 1195 2554 ἐξ
1220 2491 1405 2561 ἐμοῦ;
1445 2495 1509 2547 Ὃ
1545 2495 1602 2548 δὲ

92 2600 199 2651 γει,
225 2581 466 2635 τοιοῦτόν
499 2584 668 2636 ἐστιν·
708 2584 771 2636 Εἰ
803 2583 858 2637 δὲ
885 2587 976 2637 καὶ
1002 2587 1060 2639 ἐν
1090 2585 1234 2659 λύπῃ
1256 2587 1479 2658 ἔμελλον
1521 2585 1601 2643 εἷ-

95 2700 132 2743 ι,
165 2677 613 2749 ἀναγκαζόμενος
645 2679 773 2750 ὑμῖν
815 2682 1075 2753 ἐπιτιμᾷν
1121 2685 1215 2737 καὶ
1241 2687 1371 2756 ὀρᾷν
1402 2687 1603 2741 λυπουοι

95 2795 245 2841 νους,
282 2776 393 2830 ἀλλ’
422 2778 570 2847 ὅμως
605 2779 697 2830 καὶ
723 2778 853 2831 αὐτὸ
891 2777 1047 2832 τοῦτο
1075 2778 1341 2851 ηῦφραινέ
1375 2800 1460 2853 με.
1490 2786 1600 2837 Με-

91 2895 215 2946 ῖτης
252 2876 363 2947 γὰρ
412 2875 571 2928 τοῦτο
618 2877 839 2947 ἀγάπης
887 2879 1209 2949 τεκμήριον,
1248 2879 1308 2932 τὸ
1344 2882 1598 2936 τοσούτου

98 2972 145 3039 ρ’
180 2971 318 3039 ὑμῖν
347 2968 496 3035 ἄξιον
526 2965 666 3022 εἷναί
701 2987 790 3040 με,
829 2969 904 3034 ὡς
930 2970 1188 3026 δύνασθαι
1212 2972 1427 3028 δάκνειν
1457 2976 1599 3047 ὑμᾶς

92 3064 523 3136 οστρεφόμενον.

91 3270 137 3322 ι’.
166 3269 289 3322 Καὶ
316 3270 419 3340 ὅρα
436 3269 749 3325 σύνεσιν.Ὃ
775 3272 882 3345 γὰρ
898 3273 990 3329 τοῦ
1015 3275 1181 3348 νόμου
1198 3276 1309 3331 τῶν
1340 3279 1596 3350 μαθητῶν

114 3368 180 3421 τὸ
217 3368 416 3435 ἀλγεῖν
445 3370 539 3422 καὶ
566 3369 916 3423 αίσθάνεσθαι
949 3373 1412 3445 ἐπιτιμωμένους,
1437 3379 1594 3433 τοῦτο

91 3462 505 3536 χαριζομένους
525 3466 722 3528 αὐτοὺς
744 3468 974 3536 εἰσάγει.
999 3470 1185 3533 Οὐδεὶς
1205 3472 1309 3543 γάρ
1332 3490 1399 3544 με
1422 3473 1593 3540 οὕτως

97 3563 323 3631 ραίνει.
361 3561 549 3631 φησὶν,
574 3563 650 3625 ὡς
688 3564 900 3628 ἐκεῖνος
933 3567 961 3619 ό
984 3568 1445 3640 ἐπιστρεφόμενος
1482 3574 1591 3628 τῶν

91 3662 137 3710 ιν
173 3659 478 3729 ῥημάτων,
511 3661 603 3712 καὶ
632 3659 969 3732 λυπούμενος
998 3666 1125 3719 ὅταν
1159 3666 1332 3741 βλέπῃ
1360 3687 1425 3741 με
1449 3672 1593 3743 ὀργι-

91 3773 250 3808 ενον.
284 3754 483 3808 Καίτοι
511 3756 571 3809 τὸ
600 3757 890 3812 ἀκόλουθον
929 3756 996 3832 ἦν
1026 3764 1215 3818 εἰπεῖν.
1244 3766 1304 3819 Εἰ
1344 3767 1454 3839 γὰρ
1478 3770 1589 3839 ἐγὼ

91 3852 136 3902 ὦ
169 3852 360 3921 ὑμᾶς,
386 3852 479 3905 καὶ
496 3852 577 3915 τίς
603 3853 748 3907 ἐστιν
766 3856 793 3907 ό
812 3855 1267 3930 δυνάμενοςύμᾶς
1288 3863 1551 3936 εὐφρᾶναι
1570 3885 1585 3933 ;

146 3948 222 4001 οὐ
287 3947 441 4016 λέγει
496 3949 673 4014 τοῦτο,
712 3950 826 4004 ἀλλ’
856 3953 1204 4026 ἀντιστρέφει
1239 3961 1399 4014 πάλιν
1433 3964 1583 4030 αὐτὸ,

91 4045 332 4098 ιπεύων
358 4045 574 4111 αὐτοὺς,
604 4048 698 4101 καὶ
728 4048 920 4117 λέγων·
954 4052 1018 4104 Εἰ
1074 4055 1167 4107 καὶ
1226 4055 1378 4111 λυπῶ
1418 4061 1583 4131 ὑμᾶς,

100 4162 132 4193 ν
166 4158 281 4211 μοι
311 4142 581 4212 παρέχετε
602 4147 704 4197 κάν
724 4146 898 4217 τούτῳ
922 4149 1204 4223 μεγίστην,
1225 4154 1303 4206 ὅτι
1327 4155 1583 4213 δάκνεσθε

95 4240 236 4291 τῶν
289 4240 428 4308 παρ’
466 4240 599 4310 ἐμοῦ
647 4242 977 4313 λεγομένων.
1036 4248 1147 4300 Καὶ
1192 4250 1302 4318 γὰρ
1346 4253 1585 4324 ἔγραψα

91 4356 101 4367 -
133 4334 320 4388 αὐτὸ
362 4336 557 4389 τοῦτο.
593 4338 749 4390 Ποῖον
775 4356 789 4402 ;
824 4340 945 4393 Ὅτι
975 4341 1062 4395 διά
1089 4343 1246 4398 τοῦτο
1276 4348 1375 4402 οὐκ
1397 4346 1579 4420 ἦλθον,

91 4436 323 4503 εμενος
354 4433 529 4501 ὑμῶν.
560 4434 695 4487 Πότε
725 4435 997 4507 ἔγραφεν;
1028 4440 1085 4492 ἐν
1106 4443 1170 4512 τῇ
1207 4446 1467 4518 προτέρᾳ,
1494 4448 1581 4502 ὅτε

91 4548 177 4582 εν⁶
228 4532 329 4582 Οὐ
358 4530 513 4583 θέλω
545 4530 695 4599 ὑμᾶς
725 4532 856 4599 ἄρτι
887 4534 957 4587 ἐν
984 4536 1222 4605 παρόδῳ
1255 4538 1436 4606 ίδεῖν;
1467 4544 1580 4598 Οὐκ

96 4647 125 4680 ε
166 4623 387 4697 οἶμαι,
410 4627 523 4679 ἀλλ’
545 4630 601 4679 ἐν
625 4630 760 4700 αὐτῇ
785 4633 850 4701 τῇ
891 4630 1197 4706 Ἐπιστολῇ,
1219 4636 1305 4689 ὅτε
1319 4632 1461 4695 εἷπε.
1481 4642 1577 4711 Μὴ

91 4741 234 4777 ντα
273 4740 362 4791 με
394 4726 582 4777 πάλιν
634 4725 971 4795 ταπεινώσῃ
1016 4732 1050 4783 ὀ
1087 4732 1230 4797 Θεός
1267 4751 1385 4803 μου
1427 4737 1579 4805 πρὸς

105 4863 120 4874 ,
214 4820 502 4890 Ἔγραψα
567 4816 659 4873 οῦν
706 4822 839 4875 αὐτὸ
885 4823 1044 4878 τοῦτο
1089 4826 1226 4897 πρὸς
1284 4830 1363 4901 τῷ
1410 4832 1573 4898 τέλει,

131 4914 268 4980 Λιή
310 4932 442 4982 πως
462 4917 716 4971 ἐλθόντα
735 4936 811 4987 με
835 4921 1173 4992 ταπεινώσῃ
1197 4927 1233 4979 ὁ
1265 4927 1409 4994 Θεός
1435 4946 1573 4998 μου,

92 5012 413 5076 τεο-θήσω
442 5015 713 5081 πολλοὺς
737 5016 856 5070 τῶν
892 5026 1451 5092 προημαρτηκότων.
1476 5029 1575 5081 Διά

100 5115 440 5181 ἔγραφες,
475 5113 608 5167 Ἵνα
632 5115 719 5183 μὴ
754 5117 947 5172 ἐλθὼν
968 5121 1175 5189 λύπην
1203 5124 1334 5192 σχῶ
1359 5127 1460 5195 ἀφ’
1488 5122 1575 5183 ὧν

92 5230 164 5265 ιε
202 5210 496 5279 χαίρειν,
532 5214 828 5279 πεποιθὼς
858 5216 957 5271 ἐπὶ
992 5218 1223 5288 πάντας
1259 5225 1433 5293 ὑμᾶς,
1482 5227 1573 5281 ὅτι

91 5330 104 5378 ι
159 5308 369 5377 χαρὰ
400 5308 641 5364 πάντων
676 5311 842 5381 ὑμῶν
875 5316 1066 5373 ἐστιν.
1116 5321 1328 5395 Ἐπειδὴ
1352 5323 1460 5396 γὰρ
1489 5322 1571 5380 εί-

112 5527 334 5579 ρόὶιὶε
357 5528 654 5601 ιςεὶῑυιχτήν
677 5533 839 5601 ἀδίαν,
875 5531 923 5601 in
966 5549 1056 5601 ms.
1082 5539 1166 5596 τήν
1188 5539 1377 5601 ἄνοιαν,
1418 5544 1563 5595 male.

91 5594 154 5644 in
199 5590 469 5667 margilée
498 5590 1138 5667 aligm_pr9_léf§lectiongni
1157 5604 1241 5667 τήν
1260 5590 1569 5667 maia»,th

91 5677 99 5705 ι
134 5661 459 5715 consonat,
481 5660 533 5706 et
550 5653 619 5706 ita
646 5653 771 5720 légit
796 5660 1042 5722 interpres
1063 5653 1282 5714 Latin'us.

1724 739 1808 793 lva
1856 744 1930 812 μὴ
1963 747 2019 799 ἐν
2053 747 2213 821 ὀδύνη
2243 751 2386 821 ὑμᾶς
2430 753 2575 825 εὕρω
2624 757 2698 828 μὴ
2732 758 3142 831 διορθωθέντας.
3180 739 3291 824 νΔιά

1720 838 1879 892 τοῦτο
1912 836 2084 906 εἶπον,
2108 844 2241 899 Ἵνα
2267 846 2353 916 μὴ
2383 850 2653 919 λυπηθῶ,
2691 854 2751 906 οὐ
2776 854 2835 908 τὸ
2884 857 3119 928 ἐμαυτοῦ
3162 880 3289 917 σκο-

1722 934 1860 1001 πῶν,
1897 935 2033 991 ἀλλά
2085 940 2147 992 τὸ
2197 941 2481 1014 ὑμέτερον.
2520 946 2670 1021 [457]
2724 947 2851 1004 Οἶδα
2905 955 3033 1026 γάρ,
3066 956 3147 1010 ὅτι
3194 959 3291 1014 ἐὰν

1722 1033 1869 1103 ἴδητε
1900 1038 2180 1106 χαίροντα,
2232 1043 2476 1113 χαίρετε·
2521 1046 2626 1099 κᾶν
2680 1047 2949 1121 θεάσησθε
2997 1052 3287 1125 ἀλγοῦντα,

1719 1130 1956 1200 ἀλγείτε.
1992 1134 2133 1206 Ὅρα
2157 1137 2335 1191 τοίνυν
2373 1139 2576 1194 ἀνωθεν
2598 1142 2698 1213 τὴν
2723 1146 3042 1202 ἀκολουθίαν
3066 1151 3175 1205 τῶν
3210 1156 3289 1206 εί-

1720 1230 1992 1299 ρημένων’
2037 1231 2178 1285 οὕτω
2220 1234 2330 1305 γὰρ
2365 1236 2765 1310 εὐμαθέστερος
2797 1243 2928 1313 ήμῖν
2960 1244 3114 1301 ἐσται
3146 1249 3175 1301 ό
3199 1247 3290 1302 λόν

1717 1344 1833 1395 γος.
1874 1330 1987 1382 Οὐκ
2021 1326 2208 1401 ἦλθον,
2245 1334 2429 1402 φησὶν,
2472 1336 2557 1388 ἵνα
2600 1336 2673 1406 μὴ
2717 1336 2942 1409 λυπήσω
2974 1343 3140 1413 ὑμᾶς,
3176 1345 3290 1399 ἀδι-

1715 1424 1987 1492 ορθώτους
2041 1428 2235 1498 εὑρών.
2274 1430 2445 1485 Τοῦτο
2486 1432 2543 1485 δέ
2583 1434 2820 1501 ἐποίουν,
2855 1440 2915 1491 οὐ
2949 1440 3009 1493 τὸ
3048 1443 3287 1514 ἐμαυτοῦ

1717 1522 1957 1583 σκοπῶν.
1994 1524 2128 1577 ἀλλά
2151 1526 2211 1578 τὸ
2235 1527 2516 1599 ὑμέτερον.
2556 1530 2696 1600 Ἐγὼ
2734 1535 2832 1605 μὲν
2866 1536 2975 1607 γὰρ
3010 1538 3287 1613 λυπουμέ-

1718 1619 1895 1689 μένων
1926 1622 2098 1691 ὑμῶν,
2122 1622 2231 1693 ἐχω
2256 1625 2452 1697 ἡδονήν
2480 1628 2542 1681 οὐ
2578 1632 2800 1701 μικράν,
2825 1635 2955 1689 ὅταν
2984 1636 3079 1692 ῐδω
3098 1643 3289 1698 τοσοῦ-

1714 1734 1805 1769 τον
1834 1717 1970 1786 ἐμοῦ
2002 1722 2408 1791 φροντίζοντας,
2441 1726 2516 1789 ὠς
2543 1729 2638 1782 καὶ
2660 1729 2947 1788 λυπεῖσθαι
2983 1739 3075 1790 καὶ
3103 1738 3288 1809 ἀλγεῖν

1713 1812 2147 1882 ἀγανακτοῦντος
2195 1819 2350 1888 ἐμοῦ.
2389 1820 2484 1889 Τίς
2530 1824 2641 1893 γάρ
2676 1827 2847 1881 ἐστιν
2891 1833 2925 1884 ὀ
2948 1835 3288 1902 εὐφραίνων

1708 1927 1806 1981 με,
1838 1912 1888 1963 εί
1932 1910 2017 1980 μὴ
2053 1914 2086 1966 ό
2112 1917 2497 1984 λυπούμενος
2534 1921 2605 1984 ἐξ
2630 1923 2817 1990 ἐμοῦ;
2844 1927 2990 1999 Πλὴν
3023 1930 3159 1985 ἀλλὰ
3192 1934 3287 1988 καὶ

1712 2007 1854 2060 οὓτω
1872 2007 2235 2080 διακείμενος,
2261 2014 2449 2086 ἐπειδὴ
2470 2014 2529 2069 τδ
2553 2016 2816 2092 ὑμέτερον
2838 2026 3045 2091 σκοπῶ,
3070 2027 3285 2102 ἔγραψα

1713 2107 1841 2176 ὑμῖν
1882 2107 1943 2160 τὺ
1983 2109 2118 2161 αὐτὸ
2145 2109 2322 2176 τοῦτο,
2368 2112 2454 2167 ἵνα
2494 2114 2567 2187 μὴ
2609 2115 2854 2190 λυπηθῶ·
2892 2123 2986 2177 καὶ
3026 2126 3084 2179 ἐν
3111 2128 3285 2201 τούτῳ

1712 2202 1874 2256 πάλιν
1911 2204 1972 2256 οὐ
2016 2203 2076 2257 τὸ
2118 2204 2250 2275 ἐμὸν
2295 2208 2533 2274 σκοπῶν,
2567 2210 2702 2265 ἀλλά
2736 2216 2797 2268 τὸ
2826 2216 3107 2291 ὑμέτερον.
3150 2220 3284 2280 Οἶδα

1710 2299 1820 2369 γὰρ
1847 2299 1929 2352 ὅτι
1964 2301 2058 2353 καὶ
2091 2300 2250 2371 ὑμεῖς
2291 2302 2513 2374 μέλλετε
2557 2307 2864 2375 λυπεῖσθαι,
2901 2313 3172 2382 ἀλγοῦντά
3211 2336 3281 2392 με

1709 2394 1962 2465 ὁρῶντες,
1982 2395 2176 2469 ὥσπερ
2197 2389 2292 2451 οῦν
2316 2402 2411 2454 καὶ
2435 2403 2843 2474 εὐφραίνεσθαι,
2871 2411 3127 2483 χαίροντα
3147 2389 3282 2471 θεω-

1713 2488 1946 2559 ροῦντες.
1981 2491 2177 2545 Σκόπει
2221 2494 2402 2548 τοίνυν
2441 2498 2675 2555 σύνεσιν·
2702 2499 2889 2559 Εἶπεν·
2926 2508 3044 2564 Ἵνα
3079 2509 3153 2583 μὴ
3185 2512 3276 2567 λυ-

1709 2587 1865 2656 πήσω
1886 2586 1984 2638 οὐκ
2007 2582 2189 2657 ἦλθον,
2216 2589 2392 2644 καίτοι
2412 2610 2475 2661 γε
2501 2596 2883 2671 εὐφραίνομαι,
2912 2606 3093 2675 φησίν.
3121 2602 3255 2663 Εἶτα

1709 2682 1794 2734 ἵνα
1835 2681 1908 2753 μὴ
1938 2682 2065 2755 δόξῃ
2094 2684 2317 2740 ἐκείνων
2347 2688 2658 2757 ἀλγούντων
2684 2695 3099 2767 εὐφραίνεσθαι,
3119 2704 3277 2760 Κατά

1705 2777 1885 2841 τοῦτο,
1910 2770 2062 2849 φησὶ,
2087 2781 2284 2853 χαίρω,
2308 2785 2443 2839 καθὸ
2472 2787 2846 2861 καθάπτομαι·
2873 2796 2995 2848 ἐπεὶ¹
3017 2796 3141 2850 καθ’
3161 2799 3278 2854 ἐτε-

1709 2891 1799 2944 ρον
1825 2873 2119 2947 λυποῦμαι,
2150 2879 2277 2931 ὅταν
2312 2882 2438 2944 τοὺς
2466 2882 2609 2937 οὕτω
2635 2886 2922 2954 φιλοῦντας
2951 2892 3275 2961 ἀναγκάζω-

1708 2990 1806 3042 μαι
1863 2972 2072 3037 λυπεῖν,
2102 2976 2162 3027 οὐ
2191 2975 2365 3047 τούτῳ
2408 2978 2568 3048 μόνον
2601 2982 2683 3053 τῷ
2720 2986 3001 3058 ἐπιτιμᾷν,
3030 2990 3164 3045 ἀλλά
3195 2993 3275 3065 τῷ

1704 3071 1796 3121 καὶ
1829 3069 1985 3133 αὐτὸς
2018 3071 2076 3122 ἐν
2100 3070 2244 3143 λύπῃ
2273 3070 2433 3137 εἶναι,
2465 3076 2559 3129 καὶ
2585 3078 2728 3149 ὑμᾶς
2764 3082 2852 3135 διά
2878 3084 3065 3139 τούτου
3109 3088 3275 3144 πάλιν

1701 3165 1909 3221 λυπεῖν.
1937 3168 2134 3221 Σκόπει
2157 3169 2212 3222 δὲ
2236 3170 2354 3234 πῶς
2377 3172 2507 3225 αὐτὸ
2532 3176 2625 3229 καὶ
2651 3179 2769 3247 μετ’
2793 3180 3068 3252 ἐγκωμίου
3092 3185 3271 3259 τίθησι

1701 3262 1895 3332 λέγων·
1936 3265 2056 3334 Ἀφ’
2082 3261 2169 3319 ὧν
2191 3266 2311 3321 ἔδει
2334 3285 2409 3337 με
2431 3272 2681 3339 χαίρειν.
2719 3275 2888 3329 Τοῦτο
2920 3278 3026 3351 γὰρ
3058 3283 3280 3354 γνησιόο·

1699 3378 1837 3431 τητα
1875 3360 2276 3432 μαρτυροῦντός
2311 3366 2446 3430 ἐστι,
2494 3369 2587 3421 καὶ
2622 3369 2820 3441 πολλὴν
2860 3374 3264 3449 φιλοστοργίαν·

1697 3455 1772 3520 ὡς
1804 3456 1868 3509 ἂν
1906 3458 1955 3510 εί
1983 3459 2108 3528 περὶ
2142 3459 2273 3512 υἱῶν
2303 3478 2388 3524 τις
2417 3459 2539 3515 εἶπε
2574 3464 2744 3519 πολλά
2776 3470 3263 3544 εὐεργετηθέντων,

1698 3556 1791 3609 καὶ
1830 3557 1958 3627 περὶ¹
1994 3558 2085 3620 οὒς
2119 3558 2399 3628 ἐπόνησεν.
2433 3561 2496 3613 Εί
2532 3563 2711 3617 τοίνυν
2743 3566 2830 3620 διά
2861 3568 3019 3624 τοῦτο
3043 3575 3261 3645 γράφω,

1698 3652 1789 3705 καὶ
1810 3652 1909 3705 οὐκ
1931 3641 2196 3723 ἔρχομαι,
2212 3655 2351 3725 μέγα
2371 3673 2422 3709 τι
2444 3658 2743 3730 οἰκονομῶν
2766 3664 2864 3716 οὐκ
2896 3641 3148 3739 ἔρχομαι,
3167 3641 3265 3727 καὶ

1694 3749 1756 3800 οὐ
1788 3747 1961 3819 μισῶν
1988 3749 2107 3801 οὐδὲ
2135 3750 2628 3824 ἀποστρεφόμενος,
2658 3757 2794 3812 ἀλλά
2821 3760 2914 3813 καὶ
2943 3764 3146 3837 σφόδρα
3177 3785 3266 3837 φι.

1694 3846 1819 3901 λῶν.
1850 3842 2001 3913 Εἶτα,
2037 3848 2223 3921 ἐπειδὴ
2243 3846 2414 3917 εἶπεν,
2444 3854 2525 3907 ὅτι
2560 3856 2616 3909 '0
2635 3856 2819 3911 λυπῶν
2849 3860 3151 3931 εὐφραίνει,
3177 3866 3263 3920 ἵνα

1696 3944 1769 4014 μὴ
1798 3943 2015 4012 λέγωσι·
2042 3945 2211 3999 Τοῦτο
2239 3942 2331 4000 οὖν
2359 3949 2488 4002 αὐτὸ
2514 3953 2853 4021 σπουδάζεις,
2887 3956 2971 4010 ἵνα
2996 3960 3263 4037 εὐφραίνῃ

1692 4039 1784 4093 καὶ
1816 4037 2056 4111 ἐπιδείξῃ
2088 4042 2222 4093 πᾶσι
2250 4041 2423 4114 πόσην
2455 4044 2585 4115 ἔχῃς
2618 4048 2804 4118 ίσχύν;
2836 4052 3132 4124 ἐπήγαγεν·
3165 4057 3259 4111 Ἐκ

1689 4135 1801 4205 γὰρ
1828 4135 2069 4205 πολλῆς
2097 4140 2358 4208 θλίψεως
2383 4142 2478 4195 καὶ
2506 4145 2781 4214 συνοχῆς
2804 4150 3050 4217 καρδίας
3084 4152 3259 4221 ἐγρα-

1688 4237 1778 4300 ψιι
1796 4232 1937 4301 ὑμῖν
1957 4231 2054 4286 διὰ
2071 4235 2321 4289 πολλῶν
2336 4239 2626 4308 δακρύων·
2661 4243 2773 4311 οὐχ
2800 4244 2899 4296 ἵνα
2919 4248 3254 4317 λυπηθῆτε,

1688 4328 1849 4381 ἀλλὰ
1878 4328 1992 4395 τὴν
2013 4328 2255 4398 ἀγάπην
2279 4332 2379 4387 ἵνα
2399 4334 2606 4403 γνῶτε,
2640 4336 2721 4405 ἣν
2748 4338 2866 4408 ἔχω
2898 4345 3255 4410 περισσοτέα

1679 4441 1798 4493 ρως
1819 4427 1910 4490 εις
1937 4424 2112 4495 ὑμᾶς.
2282 4442 2285 4447 '

1754 4602 1819 4656 Τί
1839 4602 2041 4675 ταύτης
2063 4604 2540 4678 φιλοστοργότερον
2570 4609 2667 4679 τῆς
2693 4609 2905 4683 ψυχῆςς
2928 4614 3118 4669 Αὐτῶν
3142 4618 3253 4691 γάρ

1682 4705 1790 4760 τῶν
1810 4709 2208 4780 ἡμαρτηκότων
2230 4710 2331 4763 οὐκ
2350 4711 2591 4777 ἔλαττον,
2617 4715 2752 4769 ἀλλά
2775 4720 2866 4770 καὶ
2887 4719 3066 4788 πολλῷ
3089 4720 3251 4775 πλέον

1682 4813 1951 4867 δείκνυσιν
1984 4814 2170 4869 ἐαυτὸν
2206 4816 2535 4889 ἀλγήσαντα.
2569 4820 2643 4872 Οὐ
2667 4821 2797 4891 γὰρ,
2833 4824 2963 4877 Ἀπὸ
2995 4824 3245 4895 θλίψεως,

1681 4920 1814 4988 φησὶ
1836 4920 2016 4991 μόνον,
2043 4922 2179 4988 ἀλλ’,
2197 4923 2328 4977 Ἀπὸ
2351 4922 2614 4995 πολλῆς·
2637 4927 2780 4993 οὐδὲ,
2804 4931 3083 5003 Δακρύων,
3110 4934 3248 4990 ἀλλὰ

1679 5025 1782 5079 Διὰ
1800 5027 2045 5083 πολλῶν
2071 5029 2346 5097 δακρύων
2373 5030 2471 5083 καί
2499 5033 2772 5103 συνοχῆς
2795 5037 3062 5106 καρδίας·
3092 5058 3247 5097 τουτ-

1679 5132 1845 5197 έστιν,
1892 5134 2395 5209 Ἀπηγχονιζόμην,
2426 5139 2807 5214 ἀπεπνιγόμην
2840 5145 2945 5200 ὑπὸ
2970 5148 3071 5221 τῆς
3108 5148 3243 5204 ἀθυ-

1679 5239 1824 5309 μίας·
1880 5241 1974 5294 καὶ
2034 5241 2232 5313 μηκέτι
2283 5243 2464 5315 φέρων
2518 5247 2617 5317 τῆς
2668 5247 2908 5321 ἀθυμίας
2952 5254 3014 5307 τὸ
3060 5255 3242 5324 νέφος,

1676 5344 1889 5416 ἔγραψα
1926 5346 2054 5418 ὑμῖν
2080 5362 2091 5378 ·
2115 5349 2237 5417 Οὐχ
2265 5348 2365 5403 ἵνα
2396 5352 2737 5423 λυπηθῆτε,
2764 5358 2903 5413 ἀλλ’
2926 5360 3027 5413 ἵνα
3054 5360 3242 5430 γνῶτε

1679 5453 1788 5525 τὴν
1828 5453 2101 5537 ἀγάπην,
2150 5459 2334 5530 φησὶν,
2389 5460 2470 5529 ἣν
2516 5462 2634 5533 ἔχω
2666 5469 3099 5536 περισσοτέρως
3144 5472 3237 5543 ,εις

1672 5562 1846 5633 ὑμᾶς.
1878 5564 2069 5619 Καίτοι
2092 5566 2152 5619 τὸ
2175 5567 2465 5623 ἀκόλουθον
2500 5568 2567 5643 ἦν
2592 5574 2787 5628 είπεῖν·
2819 5576 2928 5647 Οὐχ
2956 5575 3040 5629 ἵνα
3063 5576 3238 5647 λυπη-

1674 5665 1823 5738 θῆτε,
1850 5666 1966 5721 ἀλλ’
1997 5669 2081 5723 ἵνα
2108 5669 2462 5746 διορθωθῆτε·
2497 5678 2587 5732 καὶ
2626 5678 2734 5749 γὰρ
2760 5675 2846 5734 διὰ
2880 5680 3037 5735 τοῦτο
3063 5679 3233 5754 ἐγρα-
