3780 6324
349 247 448 305 (81

347 363 467 434 ψεν·
527 359 643 414 ἀλλ’
705 360 765 414 ού
823 359 972 428 λέγει
1024 355 1184 436 τοῦτο
1205 398 1221 422 ,
1271 356 1409 411 ἀλλά
1461 354 1914 423 καταγλυκαίνων

351 454 552 526 μᾶλλον
597 452 686 506 τὸν
731 452 910 520 λόγον,
970 439 1065 506 καὶ
1105 447 1189 513 είς
1227 448 1410 520 μεῖζον
1457 447 1677 519 φίλτρον
1717 445 1916 504 αὐτοὺς

350 547 752 615 ἐπισπώμενος,
780 543 938 596 τοῦτο
969 541 1083 594 ἀντ’
1118 539 1327 592 ἐκείνου
1355 536 1558 610 τίθησι,
1587 536 1800 598 δεικνὺς
1835 533 1916 586 ὅτι

352 641 528 695 πάντα
578 640 686 693 ἀπὸ
729 637 948 706 ἀγάπης
995 636 1160 687 ποιεῖ.
1207 624 1317 686 Καὶ
1355 632 1454 700 οὑχ
1502 628 1684 692 ἁπλῶς
1731 643 1914 697 φησιν,

364 734 632 803 ’Δγάπην,
676 731 813 794 ἀλλ’,
868 732 975 782 Ἢν
1002 727 1119 796 ἔχω
1155 723 1306 798 [458]
1356 720 1793 792 περισσοτέρως
1834 720 1922 784 είς

352 826 525 896 ὑμᾶς.
551 823 807 877 Βούλεται
828 823 935 891 γάρ
955 819 1151 881 αὐτοὺς
1175 816 1272 870 καὶ
1292 815 1460 885 ταύτῃ
1487 808 1919 877 ἐπισπάσασθαι,

353 919 431 990 τῷ
454 918 622 982 δεῖξαι
660 918 742 970 ὅτι
786 915 948 967 πλέον
992 912 1208 965 πάντων
1242 909 1438 969 αὐτοὺς
1486 905 1665 976 φιλεῖ,
1705 902 1800 956 καὶ
1846 900 1924 962 ὡς

355 1012 482 1081 περὶ
517 1007 825 1079 ἐξαιρέτους
859 1003 1104 1075 μαθητὰς
1159 1000 1448 1054 διάκειται.
1501 996 1591 1049 Διό
1623 997 1808 1065 φησιν·
1853 993 1924 1045 El

355 1080 451 1156 καὶ
491 1101 701 1164 ἄλλοις
741 1099 849 1152 οὐκ
892 1095 1009 1165 εἰμὶ
1060 1095 1435 1155 ἀπόστολος,
1481 1084 1642 1141 ἀλλὰ
1684 1099 1751 1152 τε
1781 1080 1924 1151 ὑμῖν

355 1195 492 1260 ειμι·
529 1189 640 1250 καὶ,
675 1189 811 1240 Ἐὰν
837 1183 1107 1248 πολλοὺς
1133 1177 1541 1250 παιδαγωγοὺς
1561 1176 1762 1245 ἔχητε,
1785 1171 1922 1225 ἀλλ’

355 1287 428 1339 ού
461 1280 733 1345 πολλοὺς
759 1277 1034 1345 πατέρας·
1066 1275 1163 1328 καὶ
1193 1272 1376 1334 πάλιν,
1423 1271 1526 1323 Ἐν
1555 1267 1744 1336 χάριτι
1775 1261 1922 1317 Θεοῦ

357 1371 820 1442 ἀνεστράφημεν
861 1371 932 1423 ἐν
973 1366 1053 1432 τῷ
1090 1369 1329 1434 κόσμῳ,
1383 1355 1818 1429 περισσοτέρως
1856 1353 1925 1406 δὲ

356 1468 507 1538 πρὸς
537 1464 711 1534 ὑμᾶς’
755 1463 849 1516 καὶ
893 1458 1098 1530 προϊών
1138 1471 1298 1526 φησι·
1341 1451 1450 1508 Kal
1489 1445 1926 1517 περισσοτέρως

356 1537 511 1628 ὑμᾶς
542 1553 808 1624 ἀγαπῶν,
836 1548 1018 1620 ἦττον
1037 1547 1372 1617 ἀγαπῶμαι·
1403 1543 1500 1597 καὶ
1526 1537 1783 1600 ἐνταῦθα,
1819 1539 1926 1591 Ἢν

355 1654 472 1720 ἔχω
512 1645 961 1716 παρισσοτέρως
988 1645 1074 1707 εὶς
1101 1637 1275 1709 ὑμᾶς.

429 1805 492 1867 γ’.
517 1799 677 1851 Ὥστε
701 1796 747 1846 εἰ
779 1793 872 1847 καὶ
897 1788 1070 1861 θυμοῦ
1094 1787 1159 1842 τά
1186 1789 1405 1860 ῥήματα
1439 1783 1634 1854 ἔγεμεν
1652 1791 1692 1846 ⁸,
1720 1778 1833 1835 ἀλλ’
1869 1777 1928 1842 ἐξ

357 1891 578 1959 ἀγάπης
607 1886 673 1959 ἧν
705 1885 909 1954 πολλῆς
941 1885 1036 1936 καὶ
1066 1881 1256 1949 ὀδύνης
1285 1882 1312 1932 ό
1339 1877 1530 1948 θυμός.
1560 1877 1670 1927 Καὶ
1703 1872 1928 1944 γράφων

350 1983 454 2056 ¹τὴν
497 1979 817 2049 Ἐπιστολὴν
836 2019 849 2041 ,
885 1977 1120 2046 ἔπασχον
1141 2015 1155 2040 ,
1187 1973 1404 2043 ἤλγουν,
1429 1969 1527 2038 οὐχ
1559 1968 1640 2020 ὅτι
1679 1963 1930 2035 ἡμαρτῆ-

360 2052 491 2130 κατε
532 2073 712 2145 μόνον,
752 2069 866 2122 ἀλλ’
897 2069 977 2120 ὅτι
1021 2068 1115 2118 καὶ
1143 2061 1532 2133 ἠναγκαζόμην
1565 2058 1774 2109 λυπεῖν.
1821 2052 1930 2106 Kal

359 2144 599 2221 τοῦτοδὲ
625 2162 756 2216 αὐτὸ
786 2160 844 2225 ἐξ
883 2158 1134 2228 ἀγάπης·
1162 2154 1352 2222 ὥσπερ
1385 2151 1449 2204 ἂν
1479 2149 1617 2219 έχων
1653 2163 1736 2210 τις
1763 2144 1931 2198 παῖδα

360 2260 584 2330 γνήσιον
635 2251 902 2323 σηπεδόνα
954 2249 1179 2319 ἔχοντα,
1232 2239 1672 2311 ἀναγκαζόμενος
1714 2237 1932 2306 τέμνειν

362 2353 459 2406 καὶ
491 2350 688 2410 καίειν,
723 2346 788 2398 δι’
835 2346 1122 2413 ἀμφότερα
1161 2338 1380 2407 πάσχοι,
1417 2335 1510 2387 καὶ
1534 2334 1615 2386 ὅτι
1638 2332 1805 2392 νοσεῖ,
1838 2329 1932 2380 καὶ

363 2443 448 2494 ὅτι
489 2435 859 2506 ἀναγκάζεται
905 2430 1065 2485 αὑτὸν
1117 2429 1360 2499 τέμνειν.
1409 2424 1572 2477 Ὥστε
1609 2423 1637 2475 ὃ
1683 2419 1931 2490 νομίζετε

362 2527 504 2585 εῖναι
543 2529 637 2582 τοῦ
687 2529 862 2598 μισεῖν
908 2523 1050 2593 ὑμᾶς
1095 2521 1354 2591 σημεῖον,
1405 2515 1562 2570 τοῦτο
1603 2512 1696 2567 τοῦ
1732 2511 1934 2581 σφόδρα

367 2623 540 2694 φιλεῖν
571 2617 657 2691 ἦν.
697 2620 759 2671 Εἰ
795 2615 936 2669 δὲτὸ
962 2611 1198 2680 λυπῆσαι
1228 2610 1287 2675 ἐξ
1313 2607 1554 2677 ἀγάπης,
1587 2601 1765 2673 πολλῷ
1797 2601 1932 2673 μᾶλ-

366 2717 457 2769 λον
493 2713 554 2766 τὸ
582 2706 968 2780 εὐφραίνεσθαι
1008 2701 1382 2772 λυπουμένων.
1424 2695 1935 2780 ’Δπολογησάμενος

366 2768 548 2862 τοίνυν
576 2768 715 2874 ὑπέρ
741 2799 932 2854 ἐαυτοῦ
962 2798 1091 2870 (καὶ
1126 2768 1235 2866 γάρ
1263 2768 1617 2859 ἀπολογεῖταί
1634 2785 1930 2857 πολλαχοῦ·

369 2902 465 2954 καὶ
497 2899 596 2952 ούκ
626 2895 960 2966 αἰσχύνεται·
995 2891 1044 2943 εἰ
1075 2889 1184 2958 γὰρ
1210 2889 1237 2940 ό
1257 2886 1388 2948 Θεὸς
1413 2883 1544 2938 αὐτὸ
1576 2883 1718 2935 ποιεῖ
1740 2880 1933 2947 λέγων,

368 2994 526 3056 Λαός
550 3006 688 3058 μου,
722 2987 776 3038 τί
795 2981 1059 3048 ἐποίησά
1089 2994 1221 3041 σοι;
1245 2974 1425 3044 πολλῷ
1459 2972 1658 3044 μᾶλλον
1680 2970 1932 3036 Παῦλος)-

368 3078 850 3148 ἀπολογησάμενος
908 3068 1000 3127 οὖν
1067 3069 1208 3140 ὑπὲρ
1274 3064 1468 3120 ἑαυτοῦ
1492 3107 1505 3131 ,
1571 3063 1666 3116 καὶ
1730 3059 1936 3131 μέλλων

373 3173 615 3244 μετιέναι
663 3166 850 3220 λοιπὸν
896 3165 987 3216 ἐπὶ
1025 3162 1124 3231 τὴν
1169 3157 1462 3226 ἀπολογίαν
1507 3153 1605 3224 τὴν
1651 3153 1792 3222 ὑπὲρ
1841 3148 1934 3202 τοῦ

369 3259 818 3331 πεπορνευκότος·
857 3256 945 3308 ἵνα
981 3255 1054 3324 μὴ
1089 3248 1492 3321 διαστραφῶσιν
1518 3247 1546 3286 ι)
1580 3245 1654 3308 ὼς
1681 3240 1938 3295 τάναντία

372 3354 738 3423 κελευόμενοι,
776 3349 872 3403 καὶ
910 3343 1526 3416 προσφιλονεικήσωσιν,
1566 3333 1751 3404 ἐπειδὴ
1783 3332 1937 3394 αὐτὸς

372 3444 442 3518 ἦν
499 3447 527 3498 ό
571 3422 670 3498 καὶ
719 3443 839 3495 τότε
887 3437 1181 3510 ὀργισθεὶς,
1233 3433 1328 3486 καὶ
1378 3430 1473 3482 νῦν
1507 3424 1746 3480 κελεύων
1779 3422 1940 3476 αὑτὸν

376 3537 594 3606 ἀφιέναι
612 3551 627 3565 ·
664 3535 762 3603 ὅρα
786 3531 902 3592 πῶς
931 3527 1061 3582 αὐτὸ
1093 3521 1549 3596 προῳκονόμησεν
1568 3557 1582 3580 ,
1609 3515 1718 3569 ἀπό
1745 3530 1803 3566 τε
1835 3513 1940 3565 τῶν

377 3605 703 3698 εἰρημένων,
734 3621 838 3675 ἀπό
867 3637 924 3672 τε
953 3618 1058 3670 τῶν
1089 3611 1495 3686 ῥηθησομένων.
1521 3607 1585 3659 Τί
1611 3605 1719 3677 γάρ
1743 3618 1939 3674 φησιν;

564 3733 653 3780 τις
687 3713 1053 3777 λελύπηκεν,
1079 3709 1188 3761 οὐκ
1227 3705 1330 3774 ἐμὲ
1365 3703 1689 3768 λελύπηκε.
1725 3695 1942 3770 Πρῶτον

377 3809 572 3868 αὐτοὺς
589 3803 903 3865 ἐπαινέσας,
921 3801 996 3864 ὡς
1017 3800 1084 3851 τὰ
1108 3796 1247 3850 αὐτὰ
1269 3794 1574 3866 χαίροντας,
1599 3791 1689 3844 καὶ
1713 3789 1781 3842 τά
1808 3785 1942 3839 αύτά

376 3899 770 3968 λυπουμένους,
784 3892 904 3947 τότέ
925 3891 1182 3961 ἐμϐάλλει
1200 3889 1278 3951 είς
1301 3886 1390 3939 τὸν
1412 3903 1478 3939 πε
1488 3885 1542 3956 ρὶ
1554 3882 1748 3938 τούτου
1765 3880 1940 3948 λόγον,

379 3991 548 4046 εἰπὼν
571 3988 804 4060 πρῶτον,
825 3986 907 4038 ὄτι
921 3985 992 4037 'II
1005 3981 1116 4051 ἐμὴ
1140 3980 1292 4049 χαρὰ
1309 3977 1549 4031 πάντων
1566 3973 1734 4045 ὑμῶν
1755 3973 1940 4026 ἐστιν.

382 4085 443 4138 El
476 4083 533 4137 δὲ
559 4084 591 4148 ὴ
618 4078 763 4150 χαρά
789 4079 1005 4131 πάντων
1038 4074 1189 4145 ὑμῶν
1227 4069 1391 4142 χαρά,
1419 4070 1502 4122 δεῖ
1532 4069 1648 4138 μετ’
1681 4063 1816 4134 ἐμοῦ
1848 4062 1944 4150 καὶ

378 4175 476 4228 νῦν
493 4145 748 4244 ἡσθῆναι,
769 4168 958 4238 ὥσπερ
975 4167 1246 4237 ὴλγήσατε
1265 4162 1380 4234 μετ’
1397 4157 1531 4229 ἐμοῦ
1547 4156 1690 4210 τότε.
1709 4154 1818 4207 Καὶ
1835 4145 1944 4221 γάρ

378 4242 538 4332 διἠὧν
562 4264 892 4332 ἐλυπήθητε,
912 4259 1250 4331 ηὑφράνατε·
1276 4256 1373 4308 καὶ
1397 4253 1466 4304 δι’
1487 4245 1560 4303 ὧν
1585 4249 1802 4320 χαίρετε
1827 4242 1943 4305 νῦν,

379 4359 450 4413 ἂν
471 4358 580 4428 ἄρα
611 4355 831 4426 ήσθῆτε,
860 4355 923 4406 τὸ
954 4351 1084 4406 αὐτὸ
1110 4349 1391 4418 ποιήσετε.
1423 4344 1532 4396 Καὶ
1563 4342 1663 4394 οὐκ
1679 4335 1852 4399 εἶπεν,
1880 4335 1944 4388 Ἦ

382 4451 491 4523 ἐμὴ
516 4427 676 4519 λύπη
711 4447 929 4500 πάντων
960 4443 1113 4512 ὑμῶν
1155 4442 1302 4492 ἐστιν
1325 4453 1337 4465 ·
1373 4434 1487 4488 ἀλλ’
1524 4436 1582 4486 ἐν
1615 4432 1726 4493 τοῖς
1767 4427 1946 4489 ἄλλοις

383 4541 802 4600 κατασκευάσας
849 4536 1027 4599 τοῦτο,
1069 4533 1163 4588 νῦν
1201 4531 1362 4602 μόνον
1403 4523 1464 4582 οὗ
1507 4523 1739 4596 ἔχρῃζε,
1791 4518 1947 4572 τοῦτο

380 4637 618 4702 τέθεικε,
644 4637 741 4703 τὴν
770 4630 967 4701 χαράν,
991 4625 1178 4686 εἰπὼν,
1198 4626 1280 4677 ὅτι
1303 4624 1367 4678 ’Π
1396 4619 1507 4687 ἐμὴ
1537 4614 1690 4687 χαρὰ
1709 4612 1950 4666 πάντων

384 4724 550 4795 ὑμῶν
581 4700 780 4777 ἐστιν.
806 4715 939 4772 Εἶτα
970 4718 1063 4770 καὶ
1095 4714 1200 4768 τῶν
1245 4711 1525 4783 προτέρων
1561 4706 1832 4778 μέμνηται
1859 4700 1947 4754 λέ-

384 4834 521 4884 γων·
565 4817 630 4866 LI
662 4811 728 4865 δέ
760 4828 846 4876 τις
877 4808 1260 4873 λελύπηκεν,
1289 4805 1400 4856 οὐκ
1431 4799 1534 4868 ἐμὲ
1570 4796 1944 4859 λελύπηκεν,

384 4883 546 4961 ἀλλὰ
576 4903 690 4957 ἀπὸ
719 4902 957 4972 μέρους,
989 4901 1090 4953 ἵνα
1112 4897 1197 4967 μὴ
1227 4891 1484 4960 ἐπιϐαρῶ
1514 4890 1743 4954 πάντας
1771 4883 1946 4956 ὑμᾶς.

387 4994 540 5058 Οἶδα,
571 4993 734 5064 φησὶν
759 5034 772 5054 ,
803 4993 884 5045 ὅτι
919 4986 1325 5061 συνωργίσθητέ
1376 5002 1465 5056 μοι
1507 4984 1601 5036 καὶ
1647 4995 1945 5049 συνηγανα·

389 5090 626 5156 κτήσατε
647 5087 738 5136 ἐπὶ
763 5083 835 5154 τῷ
864 5079 1282 5152 πεπορνευκότι,
1308 5079 1402 5131 καὶ
1429 5079 1492 5129 ἐκ
1515 5074 1713 5144 μέρους
1743 5069 1948 5132 πάντας

387 5181 535 5250 ὑμᾶς
572 5178 807 5246 ἐλύπησε
839 5175 899 5228 τὸ
935 5173 1168 5244 συμϐάν.
1204 5172 1303 5225 Διά
1337 5169 1498 5224 τοῦτο
1525 5166 1583 5220 δὲ
1616 5160 1803 5226 εἷπον,
1851 5161 1951 5214 Ἐκ

383 5271 625 5342 μέρους,
646 5268 747 5336 ούχ
771 5267 845 5331 ὼς
885 5266 914 5318 ύ
924 5265 1039 5336 μῶν
1065 5266 1324 5318 ἐλάττονα
1356 5260 1734 5330 ἀλγησάντων,
1759 5253 1792 5324 ἢ
1821 5251 1950 5321 ἐγὼ,

389 5359 544 5434 [459]
571 5359 685 5412 ἀλλ’
715 5359 802 5410 ἵνα
841 5357 914 5428 μὴ
946 5358 1170 5428 βαρήσω
1197 5357 1401 5407 ἐκεῖνον
1432 5352 1522 5404 τὸν
1555 5345 1949 5419 πορνεύσαντα.

388 5453 504 5508 οὐκ
554 5451 653 5524 ἐμὲ
691 5449 868 5504 τοίνυν
920 5449 1078 5520 μόνον
1131 5445 1436 5517 ἐλύπησεν,
1484 5440 1620 5497 ἀλλὰ
1672 5438 1767 5493 καὶ
1811 5436 1955 5508 ὑμᾶς

450 5664 476 5694 α
509 5658 762 5719 Legebalur
783 5660 950 5717 ἔλεγεν.

485 5722 517 5766 δ
540 5725 609 5773 Ms
635 5759 649 5780 ,
673 5720 1009 5784 ἐπιστραφῶσι.

1014 245 1070 300 5.
1105 241 1385 299 JOANNIS
1419 237 1906 297 CIIRYSOSTOMI
1941 235 2256 292 ARCHIEP.
2289 230 2828 291 CONSTANTINOP.

3472 225 3576 280 41"!

2016 350 2234 419 ὁμοίως,
2269 350 2364 401 καὶ
2395 347 2710 418 φειδόμενος
2751 340 2920 400 αὑτοῦ
2958 337 3131 396 εἷπον·
3174 341 3310 398 Ἀπὸ
3332 339 3571 411 μέρους.

2018 438 2171 503 Εἶδες
2201 439 2318 502 πῶς
2347 440 2525 493 αὐτῶν
2555 438 2758 502 εὐθέως
2789 437 3020 508 ἐχάλασε
3058 434 3149 488 τὸν
3179 433 3373 502 θυμὸν,
3400 433 3577 499 δείξας

2020 533 2114 586 καὶ
2147 530 2247 600 τῆς
2277 530 2702 600 ἀγανακτήσεως
2733 529 3020 590 κοινωνοὺς
3043 525 3400 596 γενομένους;
3435 525 3576 578 Ίκαο

2019 622 2131 676 νόν
2154 619 2234 686 τῷ
2252 620 2498 682 τοιούτῳ
2524 621 2560 688 η
2583 618 2842 688 ἐπιτιμία
2862 618 3010 685 αὕτη
3037 618 3075 685 ἠ
3101 617 3220 672 ὑπὸ
3241 614 3360 668 τῶν·
3385 615 3579 666 πλειό-

2021 731 2162 768 νων.
2202 715 2312 766 Καὶ
2349 714 2408 766 ού
2437 713 2607 779 λέγει,
2637 714 2727 782 Τῷ
2757 702 3158 784 πεπορνευκότί
3172 753 3187 774 ,
3216 708 3353 762 ἀλλὰ
3382 707 3540 760 πάλιν
3563 745 3577 767 ,

2029 809 2112 874 Τῷ
2142 809 2405 871 τοιούτῳ,
2441 806 2516 870 ὡς
2545 807 2640 860 καὶ
2666 809 2722 858 ἐν
2750 809 2817 877 τῇ
2847 807 3106 877 προτέρᾳ·
3137 803 3254 858 ἀλλ’
3283 804 3344 856 οὐ
3376 802 3464 854 διὰ
3487 803 3584 870 τὴν

2024 899 2191 970 αὐτὴν
2226 899 2422 962 αἰτίαν,
2456 898 2568 952 ἀλλ’
2601 900 2717 950 ἐκεῖ
2759 899 2857 968 μὲν
2902 898 3309 967 αἰσχυνόμενος,
3350 893 3581 947 ἐνταῦθα

2023 991 2080 1044 δὲ
2106 991 2438 1062 φειδόμενος.
2464 992 2555 1043 Διὸ
2577 990 2695 1043 ούδὲ
2722 991 2992 1066 μέμνηται
3015 988 3200 1043 λοιπὸν
3225 986 3464 1057 οὐδαμοῦ
3489 987 3586 1056 τῆς

2025 1083 2315 1154 ἁμαρτίας·
2353 1083 2540 1155 καιρὸς
2569 1082 2677 1152 γάρ
2701 1080 2994 1148 ἀπολογίας
3013 1076 3098 1151 ἦν.
3131 1081 3308 1133 Ὥστε
3335 1081 3586 1133 τούναν-

2024 1176 2157 1228 τίον
2180 1175 2419 1245 μᾶλλον
2443 1173 2598 1243 ὑμᾶς
2629 1173 2990 1242 χαρίσασθαι
3021 1171 3119 1224 καὶ
3155 1167 3584 1237 παρακαλέσαι,

2023 1266 2106 1336 μή
2128 1285 2254 1331 πως
2281 1266 2356 1335 τῇ
2377 1265 2774 1333 περισσοτέρᾳ
2806 1266 2969 1332 λύπῃ
2998 1261 3305 1330 καταποθῇ
3335 1265 3369 1316 δ
3399 1262 3587 1316 τοιοῦ-

2028 1376 2148 1424 τος.
2187 1359 2261 1412 Οὐ
2306 1358 2411 1428 γάρ
2461 1358 2620 1428 μόνον
2653 1356 2863 1409 κελεύει
2897 1355 3055 1408 λῦσαι
3101 1340 3199 1425 τὴν
3249 1355 3588 1423 ἐπιτίμησιν,

2027 1451 2165 1506 ἀλλά
2194 1451 2287 1504 καὶ
2317 1450 2410 1503 ἐπὶ
2437 1450 2506 1503 τὰ
2534 1450 2776 1520 πρότερα
2803 1449 3083 1516 ἐπανάγει.
3115 1448 3218 1501 Τόν
3247 1449 3359 1518 γὰρ
3399 1463 3589 1518 μαστι-

2028 1543 2273 1612 γωθέντα
2295 1542 2360 1596 ἂν
2393 1543 2551 1612 μόνον
2584 1559 2666 1605 τις
2695 1544 2829 1612 ἀφῇ,
2863 1542 2954 1595 καὶ
2987 1543 3046 1594 ού
3081 1541 3414 1612 θεραπεύσῃ,
3444 1539 3592 1592 οὐδὲν

2030 1635 2306 1703 ἐποίησεν.
2345 1635 2490 1705 Ὅρα
2523 1634 2579 1688 δὲ
2609 1633 2725 1696 πῶς
2752 1635 3004 1686 κάκεῖνον
3037 1632 3196 1686 πάλιν
3220 1630 3591 1690 καταστέλλει,

2031 1725 2117 1777 ἵνα
2154 1725 2228 1793 μὴ
2253 1726 2320 1794 τῇ
2360 1724 2708 1794 συγχωρήσει
2748 1723 2972 1791 γένηται
3002 1721 3218 1792 χείρων.
3264 1722 3326 1773 Εἰ
3356 1721 3466 1791 γὰρ
3504 1721 3595 1773 καὶ

2031 1816 2516 1886 ἐξωμολογήσατο,
2567 1817 2662 1868 καὶ
2726 1815 3050 1885 μετενόησε,
3090 1813 3359 1866 δείκνυσιν
3407 1813 3490 1865 δτι
3535 1814 3592 1864 οὐ

2030 1907 2284 1961 τοσοῦτον
2317 1907 2430 1961 ἀπὸ
2467 1907 2567 1977 τῆς
2604 1905 2912 1976 μετανοίας,
2956 1907 3080 1959 ὅσον
3109 1906 3216 1959 ἀπὸ
3242 1908 3346 1973 τῆς
3391 1904 3595 1975 δωρεᾶς

2031 1999 2297 2070 λαμϐάνει
2342 1999 2443 2070 τὴν
2485 2000 2696 2065 ἄφεσιν.
2738 1999 2828 2050 Διό
2873 2014 3028 2066 φησι·
3079 1997 3448 2066 Χαρίσασθαι
3504 1997 3596 2050 καὶ

2033 2089 2469 2160 παρακαλέσαι.
2499 2089 2608 2142 Καὶ
2627 2089 2688 2179 εδ
2727 2088 2853 2157 ἑξῆς
2888 2088 3047 2141 πάλιν
3080 2089 3141 2142 τὸ
3163 2088 3294 2142 αὐτὸ
3320 2089 3494 2158 δηλοῖ.
3528 2088 3596 2139 υύ

2034 2183 2143 2254 γὰρ
2165 2180 2352 2252 ἐπειδὴ
2374 2181 2523 2248 ἄξιός
2553 2183 2718 2243 ἐστιν,
2749 2180 2870 2234 οὐδὲ
2902 2180 3093 2249 ἐπειδὴ
3123 2180 3403 2250 ἀρκοῦσαν
3435 2179 3601 2249 μετά-

2035 2290 2182 2326 νοιαν
2242 2271 2589 2334 ἐπεδείξατο,
2639 2270 2752 2322 ἀλλ’
2805 2269 2990 2340 ἐπειδὴ
3042 2268 3275 2340 ἀσθενής
3321 2271 3478 2334 ἐστι,
3520 2269 3600 2322 διὰ

2034 2364 2192 2417 τοῦτό
2241 2379 2427 2434 φησιν·
2471 2361 2650 2426 ⁹Αξιῶ·
2698 2361 2779 2414 διὸ
2812 2362 2904 2413 καὶ
2931 2361 3200 2432 ἐπήγαγε,
3232 2360 3328 2428 Μή
3363 2376 3490 2424 πως
3532 2361 3600 2429 τῇ

2036 2456 2433 2525 περισσοτέρᾳ
2479 2455 2645 2521 λύπῃ
2690 2449 2997 2520 καταποθῇ
3042 2454 3074 2504 ό
3112 2451 3398 2515 τοιοῦτος.
3434 2452 3603 2505 Τοῦτο

2035 2549 2090 2602 δὲ
2116 2549 2210 2602 καὶ
2240 2545 2641 2618 μαρτυροῦντος
2666 2541 2735 2616 ἦν
2763 2545 2911 2616 αὐτῷ
2937 2544 3137 2616 πολλὴν
3164 2545 3262 2614 τὴν
3292 2543 3600 2614 μετάνοιαν,

2037 2641 2132 2695 καὶ
2165 2641 2267 2693 οὐκ
2315 2639 2568 2708 ἀφιέντος
2609 2639 2688 2701 εἰς
2725 2638 2983 2691 ἀπόνοιαν
3001 2637 3027 2676 ε
3065 2636 3259 2692 ἐλθεῖν.
3301 2634 3368 2689 Τί
3395 2636 3453 2689 δέ
3492 2638 3604 2689 ἐστι

2037 2735 2118 2800 τὸ,
2154 2730 2474 2800 Καταποθιῇ
2493 2748 2511 2796 ;
2545 2732 2616 2784 Ἢ
2651 2731 2806 2783 τοῦτο
2835 2731 3067 2800 ποιήσας
3097 2730 3234 2799 ὅπερ
3260 2731 3356 2782 καὶ
3407 2726 3605 2790 Ἰούδας

2038 2828 2315 2898 ἐποίησεν,
2347 2825 2382 2895 ἢ
2424 2824 2518 2878 καὶ
2565 2826 2624 2877 ἐν
2656 2823 2732 2894 τῷ
2763 2821 2862 2894 ζῇν
2901 2822 3100 2893 χείρων
3137 2821 3450 2891 γενόμενος.
3494 2821 3605 2875 Κᾶν

2037 2921 2146 2992 γὰρ
2171 2917 2574 2988 ἀποσκιρτήσῃ,
2603 2917 2756 2986 φησὶ,
2788 2915 2866 2985 τῷ
2903 2914 2978 2984 μὴ
3010 2913 3196 2984 φέρειν
3229 2912 3494 2965 ἐπιπλέον
3515 2912 3606 2983 τὴν

2039 3015 2104 3066 ἐκ
2145 3011 2243 3082 τῆς
2277 3010 2686 3078 ἐπιτεινομένης
2723 3006 3063 3078 ὲπιπλήξεως
3094 3005 3315 3076 ὀδύνην·
3349 3004 3606 3067 πολλάκις

2039 3106 2136 3159 καὶ
2176 3104 2472 3172 ἀπογνοὺς,
2507 3103 2541 3172 ἢ
2580 3104 2661 3164 είς
2694 3100 2950 3170 ἀγχόνην,
2992 3100 3025 3171 ἢ
3060 3101 3139 3163 εἰς
3169 3097 3388 3170 μείζονα
3423 3098 3607 3151 λοιπὸν

2039 3194 2158 3264 ἥξει
2184 3194 2397 3247 κακίαν.
2429 3195 2519 3245 Δεῖ
2539 3192 2715 3244 τοίνυν
2745 3189 3200 3259 προκαταλαϐεῖν,
3225 3190 3314 3242 ἵνα
3347 3189 3422 3260 μὴ
3449 3188 3605 3258 χαλε-

2042 3285 2283 3356 πώτερον
2310 3285 2373 3337 τὸ
2403 3283 2558 3345 ἕλκος
2590 3282 2834 3351 γένηται,
2875 3281 3041 3351 μηδὲ,
3081 3281 3214 3351 ὅπερ
3242 3281 3609 3353 κατωρθώσα-

2045 3394 2163 3449 μεν,
2196 3376 2551 3445 ἀπολέσωμεν
2579 3375 2644 3445 τῇ
2673 3373 2928 3444 ἀμετρίᾳ.

2112 3468 2295 3522 Ταῦτα
2320 3468 2377 3521 δὲ
2415 3466 2618 3534 ἔλεγεν,
2654 3467 2876 3528 ἐκεῖνον,
2912 3465 3048 3534 ὅπερ
3081 3462 3248 3532 ἔφθην
3277 3463 3473 3527 εἰπὼν,
3523 3464 3609 3518 καὶ

2043 3559 2419 3616 καταστέλλων
2465 3558 2560 3611 καί
2601 3555 2872 3611 παιδεύων
2915 3555 2990 3626 μὴ
3035 3553 3284 3623 γενέσθαι
3341 3556 3484 3624 μετά
3520 3555 3610 3625 τὴν

2043 3655 2236 3723 ἄφεσιν
2257 3651 2650 3723 ῥᾳθυμότερον.
2671 3649 2746 3701 Ού
2764 3647 2873 3718 γὰρ
2893 3647 2969 3710 ὡς
2989 3645 3388 3716 ἀπονιψάμενον
3403 3639 3608 3707 τέλεον,

2043 3746 2155 3800 ἀλλ’
2198 3745 2272 3807 ὡς
2322 3742 2572 3805 δεδοικὼς
2622 3741 2696 3813 μὴ
2750 3739 3128 3811 χαλεπώτερόν
3179 3756 3232 3791 τι
3284 3739 3609 3809 ἐργάσηται.

2044 3837 2185 3892 οῦτω
2215 3835 2502 3906 ἐδεξάμην,
2539 3832 2717 3904 φησίν.
2757 3831 2917 3884 Ὅθεν
2947 3830 3310 3901 μανθάνομεν,
3331 3831 3413 3882 δτι
3445 3832 3511 3882 οὐ
3540 3831 3613 3883 δεῖ

2049 3931 2206 4001 μόνον
2241 3929 2377 3999 πρὸς
2410 3928 2508 3998 τὴν
2555 3927 2714 3995 φύσιν
2746 3921 2854 3975 τῶν
2890 3922 3320 3992 ἁμαρτημάτων,
3357 3922 3498 3975 ἀλλὰ
3527 3925 3612 3974 καὶ

2048 4021 2182 4093 πρὸς
2213 4019 2310 4090 τὴν
2343 4017 2582 4071 διάνοιαν
2612 4017 2704 4070 καὶ
2741 4015 2840 4086 τὴν
2889 4012 3001 4079 ἕξιν
3038 4013 3146 4065 τῶν
3189 4014 3611 4084 ἁμαρτανόντων

2045 4116 2145 4183 τὴν
2167 4111 2455 4182 μετάνοιαν
2469 4108 2688 4178 ὁρίζειν·
2705 4105 2733 4158 ὃ
2752 4107 2848 4161 καὶ
2861 4107 2980 4160 τότε
2998 4108 3025 4160 ὁ
3040 4105 3356 4169 Ἀπόστολος
3366 4107 3610 4177 ἐποίησε.

2047 4203 2157 4256 Καὶ
2199 4201 2307 4270 γὰρ
2349 4199 2594 4267 ἐφοϐεῖτο
2635 4195 2798 4250 αὐτοῦ
2823 4195 2885 4249 τὸ
2929 4195 3179 4259 ἀσθενές’
3215 4193 3309 4247 καὶ
3343 4193 3432 4246 διὰ
3459 4193 3613 4247 τοῦτο

2048 4293 2221 4362 ἔλεγε,
2255 4291 2352 4358 Μὴ
2382 4287 2718 4355 καταποθῇ,
2750 4287 2824 4351 ὡς
2869 4288 2961 4340 ἐπὶ
3004 4287 3218 4356 θηρίου,
3252 4284 3326 4346 ὡς
3367 4285 3460 4338 ἐπὶ
3507 4302 3612 4354 χει-

2053 4386 2248 4458 μῶνος,
2268 4386 2341 4448 ὡς
2359 4383 2448 4437 ἐπὶ
2468 4381 2750 4444 κλύδωνος.
2767 4378 2863 4433 Διὸ
2885 4378 3208 4446 παρακαλῶ
3223 4375 3398 4444 ὑμᾶς.
3421 4377 3610 4430 Οὐκέτι

2048 4479 2344 4540 ἐπιτάττει,
2378 4475 2513 4528 ἀλλὰ
2543 4471 2868 4546 παρακαλεῖ,
2901 4471 2996 4541 ούχ
3025 4470 3097 4532 ὡς
3129 4469 3469 4534 διδάσκαλος,
3502 4464 3610 4520 ἀλλ’

2048 4572 2124 4633 ὡς
2160 4570 2440 4640 ὁμότιμος,
2476 4567 2760 4628 κάκείνους
2799 4564 2890 4616 ἐπὶ
2913 4561 3006 4615 τοῦ
3042 4561 3231 4631 θρόνου
3261 4559 3498 4622 καθίσας
3522 4558 3607 4611 τοῦ

2047 4661 2382 4724 δικαστικοῦ,
2446 4659 2636 4712 ἑαυτὸν
2688 4657 2911 4726 ἔστησεν
2969 4656 3026 4707 ἐν
3082 4653 3232 4719 τάξει
3294 4652 3606 4724 συνηγόρου.

2062 4754 2279 4824 Ἐπειδὴ
2306 4753 2412 4824 γάρ
2441 4749 2799 4820 κατώρθωσεν
2825 4748 2961 4814 ὅπερ
3004 4744 3251 4798 ἐϐούλετο
3269 4785 3283 4805 ,
3325 4744 3610 4814 ἀπλήστως

2052 4847 2158 4900 ὑπὸ
2185 4847 2358 4915 χαρᾶς
2389 4842 2537 4915 [460]
2565 4844 2631 4910 τῇ
2664 4839 2912 4908 ἱκετηρία
2945 4837 3223 4906 κέχρηται.
3258 4834 3369 4887 Καὶ
3406 4834 3459 4886 τί
3488 4833 3608 4884 ποτέ

2051 4941 2198 4991 ἐστιν
2226 4937 2254 4989 δ
2292 4934 2645 5005 παρακαλεῖς,
2681 4930 2800 4983 εἰπέ
2855 4945 2978 4997 μοι;
3008 4925 3284 4994 κυρῶσαι
3311 4926 3401 4990 είς
3433 4924 3610 4977 αὐτὸν

2051 5027 2313 5098 ἀγάπην.
2349 5024 2628 5085 Τουτέστι,
2665 5020 2990 5091 βεϐαιῶσαι,
3044 5015 3118 5086 μὴ
3152 5013 3337 5075 ἀπλῶς
3369 5013 3502 5082 μηδέ
3539 5010 3608 5070 ὡς

2053 5124 2209 5193 ἔτυχε
2237 5117 2551 5192 προσέσθαι.
2578 5114 2747 5168 Τοῦτο
2774 5113 2830 5166 δὲ
2855 5112 3018 5166 πάλιν
3048 5107 3449 5180 μαρτυροῦντός
3469 5107 3605 5158 ἐστιν

2055 5216 2235 5276 αὐτοῖς
2264 5207 2774 5282 ἀρετὴνμεγίστην·
2803 5207 2937 5268 εἴγε
2962 5205 3010 5257 οἱ
3035 5201 3176 5256 οὕτω
3205 5199 3483 5270 φιλοῦντες
3512 5198 3606 5250 αύ-

2053 5306 2145 5358 τδν
2188 5304 2281 5356 καὶ
2323 5299 2766 5370 συγκροτοῦντες,
2799 5296 2874 5360 ὡς
2915 5298 3009 5349 καὶ
3040 5291 3375 5364 φυσιωθῆναι
3397 5331 3412 5355 ,
3443 5289 3605 5350 οὕτως

2057 5396 2506 5465 ἀπεστράφησαν,
2538 5392 2613 5455 ὡς
2643 5389 2875 5444 τοσαῦτα
2895 5390 3121 5458 κάμνειν
3148 5386 3236 5439 τὸν
3262 5383 3492 5448 Παῦλον,
3525 5381 3604 5433 ἵνα

2119 5576 2143 5604 ο
2175 5567 2498 5639 Ἀπόνοιαιιὶρ
2525 5564 2721 5639 omnino
2753 5561 3146 5639 (ἰιεερρηιίοηοω
3182 5558 3453 5635 significare
3476 5552 3606 5602 vidv-

2059 5642 2165 5691 ῑιπς
2187 5634 2275 5681 sed
2299 5629 2413 5679 alibi
2450 5631 2622 5692 passim
2665 5627 2788 5688 apud
2815 5622 3202 5692 Chrysostomum
3235 5622 3431 5668 ἀπόνοια
3478 5627 3606 5665 arm-

2067 5687 2279 5763 ganliam
2302 5694 2378 5742 vel
2404 5687 2682 5754 sliperbiam
2699 5687 2949 5742 exprimit.
