3780 6370
146 266 265 340 tat
432 244 439 247 ⁷
862 272 893 319 ﬁ
1142 270 1208 327 IN
1246 268 1461 327 EPIST.
1504 266 1547 323 tt
1611 264 1703 321 AD

1893 307 1899 319 .
1942 264 2172 324 llOMlL.
2214 268 2305 327 ιγ.

143 403 186 457 in
210 396 455 467 majorem
485 393 568 451 sui
592 404 831 448 amorem
856 404 952 447 eos
971 387 1271 460 pertrahat,
1294 386 1399 442 hoc
1419 384 1562 441 illius
1583 382 1703 437 loco

141 490 290 562 ponit,
313 487 609 543 ostendens
627 500 688 540 se
711 497 897 539 amore
918 481 1139 538 ductum
1161 479 1338 535 omnia
1366 477 1568 532 facere.
1590 472 1705 528 Nec

141 583 395 639 caritatem
420 586 627 633 tantum
655 576 811 639 dixit,
838 573 955 638 sed,
985 572 1151 639 Quam
1179 568 1520 624 abundantius
1546 563 1702 619 habeo

141 688 243 744 ergo
276 686 385 725 nos.
418 668 546 723 Vult
570 667 715 723 enim
748 664 849 719 liae
877 677 1092 734 quoque
1132 661 1340 716 ratione
1365 657 1575 713 animos
1611 669 1705 710 eo-

140 782 240 820 rum
268 764 489 819 allicere
512 802 529 827 ,
570 759 697 814 dum
724 773 784 814 se
809 771 904 813 eos
934 769 1044 826 prae
1071 752 1285 809 caeteris
1312 764 1514 815 amare,
1544 756 1704 817 atque

139 866 187 911 ut
206 869 322 925 erga
345 852 573 909 eximios
602 848 898 918 discipulos
921 846 1170 902 allectum
1197 858 1320 899 esse
1348 842 1701 897 demonstret.

138 946 273 1002 l’nde
297 944 457 999 etiam
485 944 580 1011 ait,
609 942 672 995 Et
698 941 742 994 si
766 941 885 994 aliis
913 954 1016 993 non
1038 953 1150 993 sum
1176 934 1453 1006 apostolus,
1484 940 1536 985 at
1571 929 1706 984 vobis

140 1048 288 1090 tamen
317 1050 467 1099 sum;
492 1043 568 1096 et,
597 1033 658 1089 Si
679 1032 865 1085 multos
892 1030 1196 1101 pedagogos
1219 1024 1464 1089 habeatis,
1498 1038 1598 1076 non
1619 1030 1698 1074 ta-

138 1145 233 1182 nven
251 1128 434 1181 mullos
460 1137 628 1197 patres
660 1126 737 1195 (Ι.
767 1126 887 1182 Cor.
909 1123 964 1178 9.
997 1122 1052 1175 2.
1084 1131 1130 1177 et
1158 1122 1212 1175 4.
1244 1119 1335 1189 15)
1360 1134 1375 1182 ;
1406 1132 1469 1172 ac
1496 1129 1703 1181 rursus,

140 1220 197 1274 In
217 1220 377 1290 gratia
407 1217 500 1273 Dei
520 1217 801 1272 conversati
826 1231 1001 1269 sumus
1030 1214 1083 1267 in
1122 1211 1332 1276 mundo,
1365 1206 1707 1263 abundantius

138 1323 286 1367 autem
313 1312 453 1382 apud
475 1327 585 1365 vos.
614 1311 793 1381 Atque
826 1308 961 1363 infra
987 1308 1147 1363 etiam
1178 1304 1385 1375 inquit,
1430 1300 1709 1355 Abundan-

136 1407 221 1460 tius
246 1422 331 1460 vos
357 1405 593 1476 diligens,
625 1407 794 1458 minus
824 1403 1014 1473 diligor
1054 1399 1143 1471 (2.
1175 1399 1294 1452 Cor.
1323 1398 1374 1450 l.
1406 1395 1493 1451 12.
1525 1404 1571 1448 et
1616 1392 1702 1448 l2.

144 1498 257 1569 l5);
310 1507 369 1553 ct
390 1498 493 1552 hoc
524 1497 644 1552 loco
664 1539 679 1563 ,
715 1496 881 1563 Quam
908 1494 1065 1547 habeo
1091 1490 1427 1545 abundantius
1453 1502 1572 1556 erga
1599 1500 1705 1539 cos.

196 1592 245 1645 ὃ.
287 1589 469 1659 Itaque
496 1588 707 1643 etiamsi
735 1587 898 1641 verba
931 1583 1220 1640 iracundiae
1239 1582 1391 1652 plena
1414 1585 1569 1634 erant
1587 1616 1602 1641 ,
1631 1584 1711 1631 ta-

136 1696 243 1736 men
266 1680 385 1735 hzec
410 1680 572 1734 animi
608 1678 902 1733 concitatio
934 1693 999 1733 ex
1030 1674 1232 1745 ingenti
1266 1672 1489 1727 caritate
1515 1684 1581 1724 ac
1614 1668 1711 1722 do-

132 1772 232 1828 lore
249 1773 585 1828 nascebatur.
612 1770 856 1841 Cumque
876 1769 1160 1838 epistolam
1178 1765 1491 1827 scriberem,
1516 1760 1707 1830 inquit,

131 1865 371 1920 dolebam
401 1874 455 1918 ct
481 1863 739 1933 angebar,
771 1878 878 1915 non
911 1862 1012 1915 hoc
1040 1868 1245 1914 tantum
1292 1855 1531 1920 nomine,
1568 1851 1709 1923 quod

132 1955 469 2023 peccassetis,
493 1954 587 2009 sed
618 1954 802 2016 etiam,
832 1951 975 2021 quod
1003 1950 1154 2005 vobis
1183 1961 1473 2004 mmrorem
1520 1944 1712 2000 all'erre

129 2064 363 2119 cogerer.
416 2048 611 2104 Verum
643 2046 746 2102 hoc
790 2060 1004 2117 quoque
1029 2045 1204 2113 ipsum
1241 2058 1307 2096 ex
1339 2054 1566 2094 amore:
1605 2052 1711 2091 non

129 2153 273 2194 secus
296 2154 371 2195 ac
397 2139 441 2192 si
471 2139 611 2209 quis,
644 2153 765 2193 cum
798 2138 966 2191 lilium
996 2137 1048 2191 in
1073 2133 1264 2206 primis
1292 2148 1474 2189 carum
1499 2130 1711 2194 habeat,

128 2231 208 2299 qui
226 2232 377 2285 sanie
407 2230 634 2297 laboret,
659 2244 887 2299 eumque
909 2243 1095 2283 secare
1121 2237 1281 2296 atque
1299 2239 1454 2280 urere
1469 2232 1710 2293 cogatur,

128 2330 347 2391 utroque
374 2322 594 2375 nomine
618 2320 817 2385 doleat,
846 2328 959 2374 tum
987 2317 1130 2388 quod
1147 2331 1290 2387 mger
1311 2316 1400 2382 sit,
1432 2323 1544 2369 tum
1571 2311 1713 2382 quod

128 2427 238 2466 eum
265 2426 458 2467 secare
486 2427 710 2467 necesse
738 2411 952 2467 habeat.
986 2414 1063 2465 Ac
1084 2408 1309 2479 proinde
1345 2408 1415 2473 id,
1446 2405 1585 2477 quod
1608 2405 1714 2460 mei

129 2504 176 2557 in
202 2520 295 2560 vos
322 2504 434 2559 odii
468 2506 677 2576 signum
704 2520 826 2561 esse
843 2504 1182 2570 existimatis,
1204 2503 1380 2573 magni
1400 2500 1602 2555 amoris
1627 2513 1717 2553 ar-

122 2604 433 2663 gumentum
465 2605 602 2651 erat.
635 2595 788 2664 Quod
812 2596 854 2650 si
880 2596 981 2649 hoc
1008 2595 1204 2665 ipsum,
1229 2592 1372 2664 quod
1394 2605 1489 2646 vos
1514 2590 1717 2646 contri-

128 2688 326 2753 starim,
362 2688 431 2742 ab
456 2702 641 2742 amore
664 2698 840 2741 ortum
872 2686 1053 2753 trahit,
1085 2687 1255 2740 multo
1281 2699 1411 2739 sane
1437 2682 1567 2738 illud
1597 2694 1715 2735 ma-

126 2782 221 2849 gis,
252 2778 433 2851 quod,
459 2780 586 2835 dum
610 2781 663 2834 in
714 2794 947 2835 maerore
980 2780 1115 2834 estis
1136 2819 1151 2846 ,
1184 2782 1235 2832 in
1283 2778 1469 2832 laetitia
1499 2788 1712 2833 verser.

126 2876 248 2928 Cum
278 2889 414 2944 ergo
444 2889 503 2929 se
535 2874 649 2944 ipse
676 2882 985 2929 excusasset
1006 2872 1305 2942 (siquidem
1332 2871 1602 2942 plerisque
1632 2870 1716 2925 lo-

129 2965 203 3019 cis
230 2981 287 3021 se
339 2974 596 3031 excusat;
630 2980 729 3020 nec
760 2974 1044 3035 propterea
1074 2962 1346 3020 erubescit
1374 2980 1389 3019 :
1420 2962 1551 3017 Nam
1592 2977 1717 3018 cum

125 3056 263 3113 Deus
293 3058 348 3113 id
400 3057 562 3113 faciat
597 3057 786 3113 dicens
808 3097 821 3121 ,
871 3056 1075 3126 Popule
1102 3072 1244 3110 meus
1270 3095 1286 3122 ,
1328 3054 1452 3125 quid
1481 3054 1581 3123 feci
1629 3053 1718 3107 tibi

127 3146 307 3219 [ﬂictu
340 3151 400 3205 6.
428 3147 512 3221 5]?
530 3149 698 3204 multo
718 3148 888 3220 magis
910 3148 961 3203 id
983 3147 1206 3203 Paulum
1225 3146 1400 3201 facere
1419 3143 1714 3215 convenit):

124 3257 263 3309 cum,
287 3244 536 3313 inquam,
567 3258 626 3297 se
657 3244 772 3313 ipse
793 3248 1126 3307 excusasset,
1156 3255 1220 3294 ac
1240 3239 1355 3310 jam
1384 3253 1482 3308 pro
1510 3253 1577 3293 eo
1596 3252 1718 3293 ver-

126 3335 188 3389 ba
215 3336 399 3393 facere
421 3345 657 3407 pararet,
676 3336 765 3405 qui
795 3335 963 3405 stupri
984 3334 1213 3389 crimine
1238 3348 1300 3388 se
1321 3331 1715 3387 obstrinxerat:

126 3441 190 3480 ne
205 3426 303 3489 illi,
329 3437 604 3496 tamquam
620 3425 711 3496 qui
728 3424 993 3479 contraria
1012 3423 1160 3494 jnssa
1180 3423 1503 3493 acciperent,
1527 3420 1720 3476 distor-

124 3529 422 3585 quercntur
471 3517 904 3587 pertinaciusque
942 3515 1332 3571 contenderent
1357 3556 1370 3579 ,
1403 3513 1527 3585 quia
1576 3512 1717 3568 idem

124 3609 234 3677 ipse
256 3619 401 3674 erat,
432 3610 523 3680 qui
542 3618 599 3665 et
628 3619 740 3664 tum
771 3609 842 3663 ita
880 3616 1155 3664 exarserat
1181 3616 1237 3663 et
1266 3623 1407 3662 nunc
1433 3622 1558 3663 eum
1585 3606 1718 3661 mis-

124 3712 238 3753 sum
266 3700 453 3755 facere
478 3699 722 3769 jubebat,
760 3699 881 3754 vide
905 3713 1012 3770 quo
1040 3708 1199 3769 pacto
1227 3706 1341 3752 tum
1366 3713 1461 3768 per
1501 3712 1564 3753 ea
1599 3712 1719 3768 quae

121 3790 269 3857 dixit,
302 3804 420 3847 tum
443 3807 540 3862 per
565 3808 628 3847 ea
670 3807 789 3863 quae
815 3792 1059 3847 dicturus
1106 3800 1210 3859 est,
1235 3792 1338 3846 hoc
1363 3791 1720 3861 praemunive-

124 3887 211 3940 rit.
241 3887 387 3955 Quid
420 3887 565 3942 enim
618 3887 728 3941 ait?
755 3888 809 3943 5.
839 3887 901 3942 Si
925 3888 1039 3958 quis
1063 3898 1231 3941 autent
1259 3888 1588 3955 contristabit,
1618 3903 1721 3941 non

122 3995 197 4031 me
220 3980 567 4035 contristavit.
599 3979 954 4050 Posteaquam
978 3979 1127 4050 prius
1152 3979 1271 4033 illos
1297 3978 1553 4047 laudavit,
1577 3978 1720 4049 quod

122 4070 308 4127 iisdem
340 4072 508 4128 rebus
531 4082 587 4128 et
606 4074 969 4142 gauderentet
988 4080 1331 4143 angerentur,
1364 4082 1473 4127 tum
1502 4073 1717 4129 demum

122 4176 437 4219 sermonem
468 4164 535 4219 de
557 4163 657 4219 bac
687 4180 745 4219 re
774 4163 1082 4235 aggreditur
1112 4180 1126 4217 :
1157 4179 1279 4219 cum
1304 4166 1450 4234 prius
1472 4164 1716 4232 dixisset,

122 4252 385 4310 Caudium
417 4273 580 4310 meum
602 4267 823 4311 uestrum
847 4258 1073 4312 omnium
1102 4267 1195 4311 est.
1222 4258 1374 4325 Quod
1398 4259 1440 4313 si
1468 4259 1717 4330 gaudium

121 4362 299 4401 meum
331 4350 579 4403 omnium
613 4357 854 4405 vestrum
884 4357 990 4416 est,
1019 4359 1234 4419 oportet
1262 4360 1318 4404 ut
1345 4366 1550 4405 mecum
1579 4367 1721 4406 nunc

120 4455 338 4507 quoque
368 4440 670 4510 gaudeatis,
700 4450 759 4494 ut
780 4450 906 4496 tunc
937 4456 1148 4496 mecum
1197 4441 1467 4497 doluistis.
1502 4442 1634 4497 Nam
1659 4454 1719 4500 ut

122 4539 230 4584 tum
254 4532 501 4587 dolendo
533 4532 663 4586 mihi
682 4532 1009 4602 voluptatem
1032 4534 1309 4600 attulistis,
1342 4535 1411 4589 ita
1432 4551 1570 4590 nunc
1590 4551 1721 4606 gau-

120 4625 320 4688 dendo,
356 4624 626 4694 siquidem
658 4625 825 4694 gavisi
869 4624 1091 4690 fueritis,
1126 4627 1265 4681 idem
1315 4627 1576 4683 efficietis.
1611 4628 1721 4683 Nec

120 4714 269 4778 dixit,
304 4716 511 4771 Mmror
540 4732 694 4772 meus
716 4733 918 4774 maeror
946 4719 1184 4773 omnium
1212 4728 1449 4775 vestrum
1474 4729 1584 4786 est;
1624 4722 1720 4777 sed

118 4826 239 4864 cum
280 4813 339 4867 in
392 4811 516 4868 aliis
563 4813 698 4868 locis
726 4814 828 4867 hoc
856 4813 1230 4881 adstruxisset,
1263 4830 1405 4869 nunc
1444 4813 1494 4869 id
1524 4815 1718 4881 solum,

118 4918 226 4972 quo
254 4903 498 4959 habebat
541 4919 699 4973 opus,
732 4905 935 4973 posuit,
968 4920 1162 4975 nempe
1188 4906 1462 4976 gaudium,
1512 4906 1718 4971 dicens,

120 4994 391 5049 baudium
426 5012 594 5049 meum
616 4998 841 5050 omnium
870 5007 1086 5051 vestrum
1114 5009 1205 5055 est.
1252 4999 1453 5055 Deinde
1483 5002 1723 5071 superio-

122 5103 234 5142 rem
258 5105 489 5159 quoque
518 5090 767 5144 meminit
796 5090 880 5144 his
904 5092 1083 5145 verbis
1115 5107 1128 5144 :
1162 5092 1223 5147 Si
1248 5095 1360 5161 quis
1386 5108 1555 5148 autent
1594 5110 1721 5148 con-

116 5180 367 5245 tristavit,
394 5195 497 5232 non
525 5195 605 5233 me
628 5180 962 5247 contristabit,
996 5182 1085 5236 sed
1114 5198 1175 5236 ea:
1195 5193 1356 5253 parte,
1385 5193 1440 5237 ut
1482 5200 1582 5237 non
1609 5200 1726 5238 one-

120 5289 221 5324 rent
246 5289 342 5326 vos
364 5289 560 5326 omnes.
579 5271 720 5334 Scio,
756 5274 946 5342 inquit,
976 5276 1119 5345 quod
1161 5277 1234 5331 ira
1265 5287 1320 5332 et
1358 5278 1725 5350 indignatione

118 5381 344 5421 mecum
376 5364 632 5420 commoti
663 5365 835 5421 fuistis
859 5377 1078 5437 propter
1101 5385 1223 5425 eum
1251 5372 1343 5441 qui
1364 5381 1607 5443 stuprum
1631 5373 1727 5429 ad-

120 5460 355 5513 miserat
386 5476 399 5510 :
429 5468 590 5529 atque
620 5459 723 5513 hoc
769 5459 974 5515 facinus
998 5478 1093 5516 vos
1118 5478 1310 5519 omnes
1334 5480 1398 5519 ex
1424 5475 1575 5536 parte
1593 5480 1729 5521 mte-

119 5550 267 5603 stitia
292 5549 498 5604 aifecit.
538 5550 714 5620 Atque
737 5550 858 5605 ideo
886 5551 1019 5617 dixi,
1046 5552 1129 5607 Ex
1156 5563 1317 5623 parte,
1346 5571 1451 5611 non
1474 5557 1614 5627 quod
1635 5573 1729 5614 vos

122 5641 398 5697 minorem
425 5641 552 5697 inde
582 5657 872 5699 maerorem
900 5646 1238 5715 acceperitis,
1270 5664 1429 5719 quam
1458 5665 1592 5722 ego:
1633 5652 1727 5708 sed

122 5750 193 5789 ac
220 5737 405 5803 illum,
429 5736 523 5805 qui
549 5744 794 5806 stuprum
827 5740 1174 5809 perpetravit,
1204 5741 1428 5798 nimium
1479 5759 1721 5803 onerem.

471 5847 744 5909 ΡΑτιιοι.
791 5848 910 5908 (in.
954 5850 1115 5913 LXI.

3289 276 3394 332 ne

1809 379 2072 448 Quocirca
2103 398 2206 438 non
2228 399 2316 439 me
2328 382 2501 440 solum
2519 382 2609 440 ille
2630 384 2681 440 in
2702 399 2992 444 mini-orem
3016 390 3267 461 coniecit,
3300 394 3393 448 sed

1809 488 1907 529 vos
1949 474 2113 529 etiam
2161 490 2378 542 omnes;
2428 477 2635 531 etiamsi
2669 478 3117 549 utindulgentius
3158 498 3281 539 cum
3326 502 3395 542 eo

1809 578 2044 635 agerem,
2079 565 2214 633 dixi,
2249 567 2329 621 Ex
2351 578 2512 637 parte.
2538 567 2701 623 Vides
2727 571 2998 638 quomodo
3026 575 3205 627 statim
3225 575 3391 633 iratos

1808 670 1996 711 eorum
2016 660 2226 714 animos
2250 660 2481 733 lenierit,
2500 674 2623 715 cum
2647 662 2883 716 ostendit
2905 662 3051 732 ipsos
3069 665 3394 736 indignatio-

1808 764 1891 803 nis
1920 765 2133 820 quoque
2160 753 2444 821 participes
2472 751 2672 807 fuisse?
2699 753 2754 806 6.
2783 752 2980 824 Sufﬁcit
2996 755 3075 809 illi
3102 797 3117 821 ,
3148 759 3234 827 qui
3254 761 3396 830 ejus-

1808 840 1949 894 modi
1985 851 2098 910 est,
2129 844 2417 913 objurgatio
2441 860 2502 897 ea
2527 860 2641 914 qua:
2661 845 2719 911 ﬁt
2756 861 2787 897 a
2817 846 3067 915 pluribus.
3097 848 3212 903 Non
3235 850 3392 919 dixit,

1810 932 2166 1002 Fornicatori,
2194 936 2287 991 sed
2318 952 2526 1003 rursus,
2561 936 2625 990 Ei
2650 937 2741 1007 qui
2766 938 3017 1007 ejusmodi
3042 950 3114 993 est
3136 982 3149 1005 ,
3178 952 3233 995 ut
3263 955 3316 998 ct
3345 946 3396 998 in

1810 1027 2134 1095 praecedenti
2160 1028 2408 1098 epistola;
2436 1045 2622 1084 verum
2652 1045 2759 1084 non
2777 1030 3020 1085 eamdem
3040 1032 3110 1087 ob
3135 1048 3351 1090 causam
3381 1056 3395 1091 :

1812 1118 1920 1173 illic
1971 1120 2115 1174 enim
2160 1120 2229 1174 ob
2284 1121 2540 1189 pudorem
2568 1121 2640 1175 ita
2671 1122 3033 1191 loquebatur,
3070 1125 3157 1179 hic
3195 1127 3267 1180 ob
3312 1127 3397 1180 iu-

1808 1209 2156 1281 dulgentiam.
2178 1211 2259 1267 0b
2285 1212 2443 1282 idque
2471 1229 2568 1268 nec
2584 1213 2693 1283 jam
2714 1216 2918 1285 uspiam
2945 1219 3144 1285 peccati
3165 1221 3399 1275 mentio-

1814 1318 1936 1357 nem
1969 1303 2110 1371 facit,
2139 1304 2279 1374 quod
2311 1315 2519 1375 tempus
2547 1316 2712 1371 esset,
2744 1317 2798 1360 ut
2831 1307 2999 1377 ipsius
3042 1312 3397 1377 patrocinium

1813 1395 2127 1465 susciperet.
2152 1397 2203 1449 7.
2226 1396 2311 1450 lta
2336 1407 2391 1450 ut
2415 1414 2442 1451 e
2467 1399 2721 1452 contrario
2746 1400 2904 1469 magis
2926 1399 3121 1454 donatis
3148 1411 3193 1454 et
3211 1419 3395 1459 conso-

1811 1487 2003 1552 lentini,
2038 1504 2100 1541 ne
2124 1488 2254 1556 forte
2281 1487 2649 1543 abundantiore
2687 1491 2890 1545 tristitia
2941 1492 3267 1548 absorbeatur
3311 1498 3403 1567 qui

1810 1590 1885 1636 est
1912 1582 2180 1651 ejusmodi.
2208 1583 2323 1639 Non
2346 1584 2489 1639 enim
2512 1584 2846 1655 solnmjubet
2866 1586 3218 1658 objurgationi
3239 1590 3401 1646 linem

1815 1674 2035 1744 imponi,
2060 1675 2154 1730 sed
2184 1676 2342 1730 etiam
2380 1677 2525 1730 illum
2553 1676 2621 1730 ad
2660 1678 2892 1746 priorem
2948 1689 3143 1734 statum
3191 1682 3398 1737 reduci.

1817 1766 2026 1821 Etenim
2052 1767 2095 1822 si
2138 1768 2258 1839 quis
2288 1783 2433 1833 cum,
2467 1768 2555 1837 qui
2584 1768 2901 1823 verberibus
2945 1786 3116 1825 czusus
3146 1773 3250 1836 sit,
3287 1782 3403 1827 tan-

1817 1858 2094 1914 tummodo
2117 1859 2340 1914 missum
2367 1858 2527 1913 faciat
2555 1873 2656 1914 nec
2681 1861 2728 1914 ei
2753 1861 3054 1929 medeatur,
3084 1864 3216 1918 nihil
3248 1863 3396 1920 fecit.

1819 1950 1950 2006 Vide
1976 1960 2154 2005 autem
2186 1966 2417 2020 quonam
2441 1966 2627 2005 rursus
2649 1951 2808 2005 modo
2835 1953 2986 2007 illum
3010 1969 3222 2024 quoque
3247 1971 3401 2010 coer-

1817 2053 1932 2098 ceat
1962 2085 1978 2110 ,
2022 2059 2089 2097 ne
2135 2042 2206 2095 ob
2254 2043 2613 2097 condonatum
2665 2052 2943 2112 peceatum
3000 2045 3238 2101 deterior
3285 2048 3399 2103 liat.

1817 2134 1949 2188 Nam
1981 2133 2229 2202 quamvis
2267 2143 2543 2202 peccatum
2572 2134 2850 2188 confessus
2880 2134 3038 2190 fuerit
3059 2175 3077 2201 ,
3130 2137 3403 2209 ipsiusque

1817 2226 1941 2279 cum
1968 2225 2306 2293 ptenituerit;
2348 2224 2584 2279 ostendit
2605 2233 2781 2280 tamen
2806 2241 2927 2280 eum
2961 2243 3065 2282 non
3099 2238 3203 2282 tam
3224 2232 3403 2299 pinni-

1821 2315 2002 2368 tcntia:
2032 2329 2214 2383 opera,
2246 2330 2406 2385 quam
2458 2314 2629 2383 gratia
2670 2324 2723 2370 et
2749 2314 3009 2371 beneficio
3039 2317 3246 2373 veniam
3278 2335 3408 2375 con-

1818 2408 1990 2478 sequi.
2024 2406 2106 2462 0b
2136 2408 2294 2477 idque
2332 2407 2428 2475 ait,
2456 2406 2664 2462 Donetis
2700 2419 2748 2463 et
2787 2410 3135 2464 consolemini.
3168 2413 3235 2467 Et
3263 2414 3406 2483 quod

1818 2500 2078 2571 ecquitur,
2109 2500 2247 2555 idem
2272 2500 2528 2555 declarat.
2558 2500 2672 2555 Non
2691 2501 2832 2556 enim
2857 2504 2997 2572 quod
3024 2505 3073 2557 id
3092 2516 3407 2576 promerea-

1819 2600 1927 2658 tur,
1954 2607 2052 2648 nec
2078 2593 2221 2664 quod
2246 2608 2388 2656 eam,
2420 2608 2579 2663 quam
2618 2608 2714 2663 par
2742 2593 2835 2659 sit,
2870 2596 3238 2664 ptenitcntiam
3272 2614 3411 2669 pra:-

1816 2687 2036 2753 stiterit,
2064 2687 2158 2742 sed
2185 2687 2307 2757 quia
2336 2686 2581 2741 infirmus
2605 2696 2710 2753 est,
2741 2686 2963 2754 idcirco,
2984 2690 3079 2754 ait,
3124 2690 3224 2746 hoc
3247 2702 3368 2761 pcto
3391 2711 3409 2727 '

1820 2778 1963 2835 unde
1992 2780 2153 2835 etiam
2186 2779 2460 2849 subiunxit
2482 2818 2501 2846 ,
2530 2778 2614 2833 Ne
2654 2782 2787 2852 forte
2814 2780 3172 2838 abundantiori
3203 2786 3410 2841 tristitia

1819 2872 2148 2928 absorbeatur
2173 2872 2258 2942 qui
2279 2882 2354 2926 est
2386 2871 2663 2941 ejusmodi.
2690 2872 2821 2939 Quae
2843 2875 3006 2929 verba
3031 2886 3155 2930 sunt
3176 2876 3410 2935 hominis

1820 2979 2027 3035 magnae
2056 2962 2388 3034 poenitentiae
2416 2962 2780 3018 testimonium
2821 2964 2920 3034 ipsi
2953 2965 3233 3023 tribuentis
3254 3009 3270 3034 ,
3309 2985 3412 3029 nec

1818 3070 1943 3114 eum
1966 3056 2018 3111 in
2035 3055 2465 3125 deSperationem
2484 3070 2641 3110 ruere
2666 3055 2914 3111 sinentis.
2933 3057 3071 3125 Quid
3095 3069 3180 3114 est
3204 3069 3408 3129 autem,

1820 3149 2201 3206 Absorbeatur?
2225 3149 2427 3219 Nempe
2453 3149 2537 3203 vel
2562 3147 2664 3203 hoc
2696 3148 2915 3214 faciens,
2945 3151 3085 3221 quod
3107 3167 3137 3206 a
3167 3152 3301 3209 Juda
3329 3155 3411 3208 la-

1820 3254 1967 3298 etum
1996 3250 2113 3306 est;
2170 3241 2254 3295 vel
2282 3240 2466 3308 etiam,
2495 3241 2540 3296 si
2571 3241 2696 3296 vitae
2720 3256 2883 3296 usura
2915 3242 3144 3309 fruatur,
3173 3244 3412 3303 deterior

1821 3334 2014 3390 factus.
2068 3333 2279 3388 Etenim
2307 3333 2353 3389 si
2393 3332 2619 3397 resiliat,
2655 3333 2847 3403 inquit,
2879 3335 3025 3404 quod
3074 3346 3411 3394 contractum

1823 3444 1891 3485 ex
1948 3431 2192 3499 longiore
2254 3427 2630 3498 objurgatione
2700 3427 2944 3483 dolorem
3022 3446 3129 3485 non
3182 3433 3413 3503 amplius

1823 3519 1966 3576 ferre
2008 3528 2202 3591 queat;
2234 3518 2518 3589 desperata
2569 3518 2765 3585 salute,
2814 3529 2911 3573 aut
2940 3519 2992 3574 in
3021 3520 3290 3591 laqueum,
3319 3534 3415 3579 aut

1824 3615 1877 3669 in
1933 3613 2191 3683 majorem
2254 3612 2509 3682 deinceps
2572 3611 2969 3681 improbitatem
3034 3623 3171 3668 ruet.
3227 3614 3414 3685 itaque

1823 3704 2218 3762 occurrendum
2248 3714 2371 3770 est,
2427 3718 2495 3758 ne
2549 3703 2703 3757 ulcus
2746 3702 3121 3775 ingraveseat,
3191 3692 3325 3761 neve
3361 3707 3410 3763 id

1822 3797 1965 3870 quod
1992 3806 2139 3852 recte
2160 3796 2403 3863 iecimus,
2426 3795 2497 3849 ob
2520 3795 2821 3865 neglectum
2835 3795 3050 3851 modum
3081 3798 3408 3855 amittamus.

1893 3892 1948 3946 4.
1983 3888 2109 3944 Haec
2136 3896 2314 3942 autem
2355 3900 2423 3941 eo
2451 3885 2662 3941 dicebat
2685 3926 2700 3951 ,
2729 3894 2789 3941 ut
2811 3895 2867 3940 et
2891 3886 3041 3942 illum
3064 3928 3079 3953 ,
3122 3890 3265 3958 quod
3292 3890 3406 3960 jam

1822 3980 1972 4047 dixi,
2024 3985 2301 4034 coerceret
2343 3985 2398 4032 et
2434 3976 2752 4032 admoneret
2774 4018 2790 4043 ,
2824 3992 2891 4033 ne
2920 3988 3042 4048 post
3067 3977 3411 4050 impetratam

1823 4074 2037 4129 veniam
2066 4072 2308 4142 ignavior
2335 4069 2506 4126 ﬁeret.
2538 4069 2656 4125 Non
2707 4071 2848 4125 cnim
2871 4112 2889 4137 ,
2932 4073 3104 4143 inquit
3129 4116 3145 4137 ,
3172 4091 3293 4129 eum
3340 4077 3410 4135 ita

1824 4163 2201 4235 excepi,quasi
2230 4161 2418 4217 sordes
2445 4161 2656 4230 penitus
2681 4162 3018 4229 absterserit,
3036 4164 3131 4219 sed
3161 4167 3300 4236 quod
3318 4183 3411 4223 ve-

1825 4272 1977 4312 rerer
2014 4271 2082 4311 ne
2126 4255 2338 4325 gravius
2381 4252 2582 4323 aliquid
2618 4253 2671 4306 in
2716 4267 2775 4308 se
2819 4253 3147 4310 admitteret.
3194 4258 3270 4313 Ex
3302 4276 3411 4329 quo

1828 4348 1956 4403 illud
1983 4347 2261 4413 discimus,
2289 4359 2399 4399 non
2424 4358 2492 4398 ex
2521 4343 2787 4398 scelerum
2819 4354 3023 4400 tantum
3055 4355 3243 4403 natura
3268 4389 3283 4411 .
3315 4351 3413 4407 sed

1826 4458 1891 4496 ex
1920 4439 2253 4509 peccantium
2283 4438 2443 4493 etiam
2472 4436 2651 4490 animo
2674 4445 2834 4507 atque
2861 4437 3142 4495 all'ectione
3172 4440 3415 4499 indicen-

1826 4536 1949 4590 dam
1978 4548 2099 4589 esse
2124 4529 2516 4603 penitentiam,
2547 4539 2607 4583 ut
2637 4537 2746 4583 tum
2778 4526 2903 4585 fecit
2932 4531 3241 4601 Apostolus,
3270 4535 3414 4604 quod

1829 4628 1996 4696 ipsius
2026 4624 2444 4681 imbecillitatem
2474 4623 2871 4678 extimesccrct.
2918 4623 3149 4694 Ideoque
3178 4625 3415 4695 diccbat,

1830 4720 1913 4774 Ne
1940 4719 2267 4774 absorbeatur
2289 4758 2305 4782 ,
2329 4716 2474 4770 velut
2494 4731 2524 4769 a
2551 4714 2725 4770 bellua
2753 4715 3006 4785 quadam,
3033 4725 3195 4787 atque
3224 4734 3253 4772 a
3277 4730 3414 4774 tein.

1830 4819 2034 4884 pestate
2059 4826 2122 4866 ac
2149 4808 2418 4881 procellis.
2440 4808 2493 4864 8.
2524 4806 2746 4878 Propter
2766 4808 2902 4877 quod
2932 4808 3136 4864 obsecro
3156 4826 3265 4865 vos.
3294 4811 3413 4869 Non

1824 4905 1935 4975 jam
1965 4905 2212 4974 imperat,
2240 4900 2335 4957 sed
2363 4900 2630 4965 obsecrat,
2660 4915 2767 4953 non
2796 4908 2852 4953 ut
2879 4911 3196 4971 praeceptor,
3226 4903 3321 4958 sed
3352 4914 3413 4960 ut

1830 4998 2071 5069 mqualis,
2127 5004 2288 5065 atque
2335 4994 2441 5048 illis
2487 4993 2540 5047 in
2580 4990 2859 5062 judiciaria
2913 4993 3041 5049 sede
3091 4999 3417 5061 constitutis,

1832 5089 1947 5159 ipse
1974 5089 2027 5143 in
2056 5086 2265 5159 patroni
2297 5086 2418 5142 loco
2447 5093 2606 5155 atque
2634 5083 2823 5139 ordine
2851 5098 2911 5138 se
2940 5086 3247 5142 collocavit.
3268 5090 3418 5157 Quo-

1834 5181 1977 5236 niam
2002 5179 2146 5235 enim
2176 5177 2228 5232 id
2254 5217 2270 5243 ,
2303 5176 2444 5246 quod
2476 5176 2528 5229 in
2556 5172 2735 5230 animo
2765 5174 2998 5231 habebat
3019 5218 3036 5243 ,
3070 5178 3413 5247 confecerat,

1834 5290 1943 5345 pra:
1964 5273 2157 5345 gaudio
2173 5273 2282 5342 jam
2310 5269 2529 5325 modum
2554 5270 2603 5323 in
2627 5269 2973 5338 supplicando
2999 5273 3232 5329 excedit.
3252 5275 3422 5343 Quid-

1836 5382 1958 5422 nam
1987 5376 2089 5431 est,
2118 5379 2323 5435 quaeso,
2349 5364 2417 5419 de
2446 5378 2551 5434 quo
2574 5362 2865 5417 obsecras?
2897 5364 2968 5420 Ut
2989 5365 3200 5435 ﬁrmatis
3230 5370 3282 5422 in
3307 5386 3422 5424 sunt

1836 5464 2116 5516 caritatem.
2160 5459 2272 5514 Hoc
2312 5466 2416 5525 est,
2459 5457 2867 5525 constabiliatis,
2914 5474 3016 5514 nec
3064 5475 3187 5515 eum
3238 5461 3428 5519 leviter

1838 5569 1902 5608 ac
1956 5551 2166 5625 vulgari
2207 5551 2368 5607 modo
2410 5551 2733 5622 suscipiatis.
2777 5550 2984 5618 Quibus
3032 5554 3194 5607 etiam
3248 5554 3426 5608 verbis

1840 5660 2065 5701 summa
2094 5646 2307 5700 virtutis
2349 5644 2713 5699 testimonium
2740 5644 2869 5713 ipsis
2898 5644 3202 5700 tribuebat:
3232 5645 3276 5698 si
3306 5646 3426 5715 qui-

1845 5739 1966 5797 dem
1996 5740 2054 5804 ii,
2083 5740 2173 5811 qui
2204 5737 2472 5796 hominem
2502 5738 2654 5796 illum
2703 5753 2873 5809 usque
2899 5738 3036 5793 adeo
3074 5736 3325 5793 amabant
3365 5752 3426 5792 ac

3005 5837 3084 5897 27
