3780 6392
414 243 521 301 ηδ

417 360 729 427 tuebantur,
762 368 822 416 ut
847 361 1012 417 etiam
1040 362 1233 418 animis
1272 363 1588 422 inllarentur
1610 407 1626 433 ,
1651 368 1787 424 adeo
1812 385 1998 425 rursus

412 468 536 507 eunt
566 453 798 507 aversati
840 452 987 520 sint,
1021 463 1078 509 ut
1105 464 1383 526 tantopere
1436 458 1784 516 laborandum
1832 460 1998 517 Paulo

411 541 593 609 fuerit,
626 553 683 597 ut
731 547 1009 599 raritatem
1055 544 1107 599 in
1147 560 1267 601 eum
1294 546 1587 604 ﬁrmarent.
1618 550 1743 605 Haec
1765 550 1998 622 discipu-

409 636 581 687 lorum
604 675 620 701 ,
651 633 769 689 hmc
798 635 1041 705 magistri
1073 636 1243 693 virtus
1267 648 1349 694 est
1379 657 1399 720 ί
1420 641 1561 711 quod
1595 642 1671 697 illi
1694 650 1801 697 tam
1829 645 1996 700 mori-

406 738 567 793 geros
595 739 654 780 se
680 724 974 794 praebcant,
1009 727 1096 783 hic
1116 737 1223 783 tam
1254 732 1509 800 prtcclare
1535 731 1680 802 ipsos
1708 748 1996 805 componat

407 832 470 870 ac
497 816 827 872 moderetur.
869 819 986 876 lloc
1011 820 1056 874 si
1103 837 1247 877 nunc
1282 838 1496 895 quoque
1526 824 1677 881 ﬁeret
1701 868 1718 895 ,
1748 828 1838 897 qui
1868 842 1994 898 pec-

405 917 551 976 cant,
602 909 743 966 haud
785 911 902 968 sine
946 929 1108 969 sensu
1149 927 1452 986 peccarent.
1482 918 1594 976 Nec
1618 921 1760 976 enim
1791 929 1993 977 temere

407 1020 591 1060 amare
616 1014 849 1076 oportet,
881 1021 982 1062 nec
1006 1008 1125 1064 sine
1152 1011 1361 1066 ratione
1400 1014 1657 1068 aversari.
1695 1013 1751 1070 9.
1780 1012 1847 1067 lu
1896 1015 1991 1069 hoc

407 1099 540 1151 enim
573 1099 724 1152 ctiant
751 1100 932 1170 scripsi
959 1101 1095 1155 vobis
1116 1143 1132 1167 ,
1163 1112 1221 1156 ut
1263 1120 1558 1175 cognoscam
1596 1107 1989 1177 experimentum

403 1201 620 1243 vestrum
646 1231 661 1258 ,
692 1208 760 1246 an
787 1192 840 1245 in
867 1192 1098 1247 omnibus
1127 1194 1410 1250 obedientes
1435 1197 1565 1252 sitis.
1596 1196 1710 1252 Hoc
1736 1206 1850 1263 est,
1880 1214 1986 1253 non

400 1281 563 1339 modo
586 1282 639 1338 in
665 1282 1010 1354 amputando,
1046 1283 1140 1339 sed
1162 1285 1323 1340 etiam
1354 1286 1409 1340 in
1434 1286 1792 1358 adjungendo.
1823 1286 1987 1343 Vides

400 1391 634 1446 quonam
668 1386 825 1447 pacto
874 1377 961 1432 hic
990 1391 1201 1448 quoque
1239 1392 1425 1433 rursus
1464 1388 1663 1434 metum
1696 1378 1984 1434 immittat?

400 1466 470 1523 Ut
494 1468 636 1523 enim
680 1484 804 1524 cum
830 1468 919 1524 ille
956 1478 1227 1539 peccasset
1252 1509 1268 1534 ,
1302 1478 1564 1526 terrorem
1597 1470 1727 1541 ipsis
1757 1471 1979 1541 injecit,

397 1562 501 1617 nisi
542 1577 664 1618 eum
707 1560 1101 1626 abscinderent,
1132 1560 1319 1617 dicens
1341 1603 1357 1629 ,
1393 1561 1650 1634 Exiguum
1681 1566 1981 1629 fermentum

396 1663 551 1707 totam
580 1669 798 1707 massam
824 1653 1099 1724 corrumpit
1120 1652 1168 1725 (l
1184 1693 1197 1707 .
1220 1653 1339 1708 Cor.
1364 1655 1416 1709 5.
1437 1656 1531 1723 6),
1553 1656 1765 1725 aliaque
1789 1657 1977 1725 plura:

391 1747 581 1802 eodem
610 1747 697 1802 hic
723 1762 936 1818 quoque
965 1746 1125 1802 modo
1152 1746 1533 1803 inobedientiae
1559 1757 1758 1803 metum
1787 1748 1976 1805 iisdem

391 1838 589 1908 injicit,
620 1838 704 1894 bis
736 1840 846 1893 fere
875 1838 1054 1894 verbis
1099 1847 1253 1894 utens
1296 1855 1312 1898 :
1345 1838 1411 1895 Ut
1442 1847 1567 1894 tunc
1613 1854 1719 1894 non
1758 1854 1856 1909 pro
1884 1839 1976 1896 illo

388 1938 614 1995 tantum,
657 1929 753 1985 sed
780 1930 942 1986 etiam
976 1943 1073 2001 pro
1105 1929 1278 1996 vobis,
1326 1931 1404 1985 sic
1438 1945 1577 1985 nunc
1612 1945 1823 2002 quoque
1866 1947 1973 1988 non

386 2022 556 2092 magis
578 2022 722 2076 illius
750 2062 766 2088 ,
797 2037 957 2092 quam
1010 2030 1186 2076 vestra
1216 2036 1374 2076 causa
1402 2021 1682 2077 consilium
1708 2022 1860 2078 vobis
1884 2037 1975 2078 ca-

384 2115 637 2185 picudum
667 2125 784 2182 est,
817 2129 884 2171 ne
911 2114 1218 2185 pervicaces
1242 2126 1405 2186 atque
1435 2114 1710 2171 inhumani
1737 2131 1858 2172 esse
1887 2118 1967 2173 vi-

381 2206 634 2270 deamitti,
659 2221 761 2261 nec
793 2206 847 2261 in
872 2205 1121 2261 omnibus
1149 2205 1480 2261 obedientes.
1511 2208 1590 2262 Ac
1619 2208 1844 2279 proinde
1869 2210 1966 2276 ait,

380 2296 449 2352 In
474 2299 569 2351 hoc
600 2298 733 2352 enim
758 2297 911 2352 etiam
937 2297 1119 2368 scripsi
1156 2297 1314 2361 vobis,
1356 2308 1410 2351 ut
1440 2314 1741 2370 cognoscam
1770 2302 1967 2371 experi-

378 2398 607 2443 mentum
662 2397 881 2443 vestrum
904 2429 923 2456 ,
973 2404 1041 2443 an
1094 2387 1150 2441 in
1199 2387 1429 2443 omnibus
1490 2389 1774 2445 obedientcs
1830 2392 1962 2446 sitis.

379 2482 590 2538 Etenim
635 2480 764 2536 illud
809 2480 1021 2537 invidiae
1067 2480 1294 2537 fortasse
1318 2497 1382 2537 ac
1408 2481 1594 2537 livoris
1638 2497 1758 2539 esse
1794 2484 1963 2540 videri

375 2578 684 2647 potuisset;
715 2573 820 2630 hoc
843 2583 1021 2629 autem
1052 2589 1236 2644 puram
1267 2573 1319 2628 in
1367 2574 1553 2644 primis
1589 2589 1652 2630 ac
1695 2576 1959 2632 sinceram

373 2668 738 2725 obedientiam
782 2667 1055 2734 ostendit,
1103 2674 1159 2722 et
1190 2681 1259 2721 au
1286 2664 1354 2722 ad
1383 2666 1735 2723 humanitatis
1782 2668 1958 2726 ofﬁcia

370 2759 550 2815 idonei
586 2760 725 2814 sitis.

438 2853 820 2925 Disciputorum
853 2851 1093 2923 ofﬁciunt.
1136 2882 1208 2894 —
1239 2851 1354 2909 Hoc
1383 2853 1528 2909 enim
1557 2853 1845 2924 proborum
1874 2854 1956 2910 di-

366 2948 695 3020 scipulorum
723 2956 830 3015 est,
870 2963 1066 3018 nempe
1088 2962 1193 3003 non
1223 2947 1383 3004 modo
1412 2949 1523 3017 illa,
1555 2949 1651 3005 sed
1685 2950 1952 3007 contraria

364 3056 578 3112 quoque
601 3039 881 3111 imperanti
910 3040 1306 3111 obtemperare.
1329 3039 1452 3096 Ideo
1477 3040 1632 3107 dixit,
1659 3042 1740 3095 Ad
1758 3043 1947 3098 Omnia.

290 3174 297 3185 .
364 3135 571 3203 Quibus
598 3133 778 3189 verbis
802 3133 1060 3198 ostendit,
1095 3134 1197 3188 nisi
1220 3132 1476 3189 obediant
1502 3174 1519 3202 ,
1548 3134 1601 3190 id
1632 3151 1738 3190 non
1770 3145 1875 3191 tam
1902 3137 1951 3192 ei

360 3244 521 3298 quam
552 3227 653 3282 sibi
680 3227 811 3297 ipsis
841 3227 1041 3297 probro
1066 3240 1130 3280 ac
1169 3224 1423 3281 dedecori
1460 3227 1594 3295 fore,
1624 3237 1683 3282 ut
1711 3228 1798 3298 qui
1832 3243 1952 3299 per-

359 3319 580 3374 vicacia:
623 3316 930 3387 opinionem
959 3315 1240 3371 eollecturi
1269 3318 1397 3371 sint.
1432 3316 1545 3371 Hoc
1584 3326 1765 3373 autem
1796 3319 1943 3387 iacit,

358 3420 417 3464 ut
446 3410 570 3464 hinc
598 3423 812 3480 quoque
853 3407 999 3477 ipsos
1029 3406 1094 3461 ad
1138 3407 1433 3478 parendum
1464 3407 1704 3478 impellat
1748 3426 1761 3463 :
1805 3411 1948 3467 unde

357 3505 519 3554 etiam
543 3500 640 3564 ait,
667 3497 734 3553 In
763 3499 858 3552 hoc
883 3498 1015 3552 enim
1039 3507 1086 3552 et
1111 3498 1290 3567 scripsi
1316 3498 1475 3552 vobis.
1494 3498 1678 3569 Neque
1701 3500 1843 3556 enim
1877 3502 1947 3558 ob

356 3608 476 3647 eam
498 3604 714 3646 causam
745 3588 983 3660 scripsit,
1011 3588 1106 3644 sed
1137 3588 1239 3644 hoc
1267 3588 1468 3646 idcirco
1488 3591 1643 3660 dixit,
1672 3599 1732 3647 ut
1756 3607 1944 3649 eorum

352 3686 562 3739 animos
590 3683 913 3754 pelliceret:
974 3682 1119 3753 quod
1164 3683 1306 3737 enim
1339 3684 1610 3754 przecipue
1657 3685 1939 3755 agebatur,

354 3786 473 3833 crat
500 3777 642 3832 illius
658 3777 825 3842 salus,
849 3775 938 3846 qui
960 3785 1233 3847 peccarat.
1250 3775 1448 3832 Verum
1468 3777 1557 3833 ubi
1584 3778 1717 3833 nihil
1734 3779 1938 3847 damni,

352 3872 483 3942 ipsis
515 3871 677 3927 etiam
713 3870 1059 3942 gratiﬁcatur.
1107 3869 1210 3925 Per
1253 3868 1369 3925 haec
1407 3880 1585 3927 autem
1625 3872 1788 3927 verba
1809 3914 1826 3939 ,
1859 3874 1941 3928 Ad

352 3966 543 4031 omnia,
566 3976 754 4018 rursus
780 3976 877 4018 eos
898 3960 1101 4027 laudat,
1135 3962 1414 4032 pristinam
1445 3978 1632 4018 eorum
1669 3963 1932 4021 obedien-

353 4059 481 4110 tiam
531 4066 984 4120 commemorans,
1039 4062 1201 4124 atque
1254 4055 1309 4108 in
1355 4052 1590 4109 medium
1642 4053 1933 4112 adducens.

350 4148 438 4203 10.
464 4146 555 4201 Cui
571 4155 740 4199 autem
757 4144 953 4215 aliquid
972 4143 1176 4199 donatis
1201 4186 1215 4211 ,
1239 4154 1286 4199 et
1314 4161 1427 4215 ego.
1446 4144 1611 4200 Vides
1638 4160 1745 4216 quo
1777 4156 1934 4217 pacto

351 4254 538 4295 rursus
583 4237 913 4308 posteriores
949 4236 1051 4291 sibi
1078 4235 1299 4304 tribuit,
1330 4235 1451 4291 illos
1489 4236 1740 4293 videlicet
1769 4236 1936 4294 duces

344 4340 505 4401 atque
551 4329 829 4398 auspices,
869 4342 929 4383 se
961 4342 1091 4383 vero
1135 4328 1386 4383 comitem
1428 4326 1713 4383 dumtaxat
1746 4340 1933 4385 osten-

342 4419 521 4477 deus?
547 4419 638 4476 Sic
677 4418 928 4474 nimirum
973 4418 1326 4475 exacerbatus
1365 4420 1576 4475 animus
1624 4422 1929 4492 mitigatur,

346 4515 427 4572 sic
448 4513 616 4570 durus
642 4527 707 4568 ac
755 4513 997 4584 pertinax
1029 4513 1321 4569 emollitur.
1363 4512 1554 4569 Postea
1585 4529 1657 4570 ne
1704 4516 1930 4585 supinos

348 4621 440 4663 eos
468 4604 677 4671 reddat,
706 4613 763 4660 ut
790 4618 959 4675 penes
999 4618 1135 4675 quos
1182 4604 1381 4675 negotii
1412 4619 1621 4660 summa
1643 4605 1754 4674 sit,
1781 4617 1833 4662 et
1864 4622 1933 4662 ne

344 4700 496 4756 illum
525 4698 748 4753 missum
778 4696 992 4763 iaciant,
1022 4695 1091 4751 ad
1113 4695 1214 4749 hoc
1246 4695 1392 4767 ipsos
1418 4696 1663 4767 impellit,
1695 4696 1823 4752 dum
1854 4702 1931 4755 ait

344 4808 405 4849 se
430 4805 641 4861 quoque
659 4790 734 4844 illi
753 4788 1112 4844 condonasse.
1147 4785 1289 4840 Nam
1314 4797 1360 4841 et
1385 4804 1476 4858 ego
1497 4788 1543 4842 si
1570 4788 1695 4858 quid
1722 4789 1926 4857 donavi,

343 4883 478 4949 quod
498 4882 703 4948 donavi,
731 4888 936 4952 propter
961 4896 1067 4934 vos.
1099 4878 1238 4946 Quin
1266 4878 1368 4933 hoc
1395 4894 1605 4949 quoque
1635 4880 1810 4950 ipsum
1838 4897 1931 4938 ve-

347 4982 459 5028 stra
482 4988 643 5028 causa
674 4972 799 5039 feci,
829 4972 1021 5043 inquit.
1051 4971 1120 5026 Et
1148 4971 1309 5038 sicut,
1338 4986 1461 5026 cum
1489 4972 1637 5026 illum
1662 4975 1926 5043 amputari

340 5062 565 5134 iubebat
585 5106 601 5130 ,
631 5079 731 5119 nec
757 5063 809 5119 ei
838 5063 1147 5135 indulgendi
1180 5063 1461 5118 arbitrium
1492 5064 1621 5134 ipsis
1652 5065 1923 5136 permisit,

344 5157 549 5223 dicens,
588 5156 709 5211 1am
732 5157 955 5227 judicavi
986 5158 1187 5213 tradere
1213 5157 1508 5229 ttujusntodi
1554 5158 1808 5213 hominem
1836 5177 1931 5215 sa-

341 5258 480 5304 tana
506 5247 527 5321 (
543 5248 595 5304 i.
627 5247 746 5304 Cor.
770 5247 824 5303 5.
850 5249 944 5319 5),
971 5264 1035 5305 ac
1073 5264 1262 5306 rursus
1291 5260 1467 5305 tamen
1495 5265 1591 5307 eos
1633 5254 1919 5310 sententiae

345 5340 524 5396 socios
549 5340 759 5404 ascivit,
786 5355 911 5396 cum
944 5341 1167 5409 diceret,
1200 5341 1530 5415 Congregatis
1558 5344 1696 5399 vobis
1727 5344 1926 5399 tradere

344 5448 462 5490 eum
488 5447 508 5487 :
533 5431 669 5486 duas
694 5430 943 5487 videlicet
969 5448 1058 5488 res
1077 5434 1346 5489 maximas
1366 5444 1581 5490 struens
1600 5475 1615 5501 ,
1646 5450 1842 5506 nempe
1869 5444 1926 5490 ut

338 5532 397 5580 et
420 5523 686 5580 sententia
714 5521 966 5589 ferretur,
993 5532 1051 5579 et
1080 5535 1257 5578 tamen
1290 5538 1395 5579 non
1424 5526 1540 5580 sine
1565 5525 1692 5590 illis,
1725 5540 1793 5581 ne
1824 5525 1925 5580 hac

336 5617 550 5674 ratione
587 5629 683 5673 eos
720 5614 922 5672 laedere
961 5613 1266 5682 videretur;
1294 5632 1357 5672 ac
1386 5634 1561 5689 neque
1608 5619 1762 5676 solus
1800 5633 1919 5675 eam

335 5708 662 5781 proferebat,
690 5722 759 5766 ne
788 5707 863 5766 illi
888 5722 1013 5767 eum
1040 5715 1378 5781 arrogantem
1406 5724 1550 5781 esse,
1576 5724 1641 5769 ac
1668 5725 1729 5769 se
1758 5709 1825 5768 ab
1849 5724 1917 5768 eo

1141 247 1199 306 8.
1237 249 1514 310 JOANNIS
1546 253 2019 315 CIIRYSOSTOMI
2055 259 2375 320 ARCIIIEP.
2412 263 2945 331 CONSTANTINOP.

3588 285 3676 343 ω

2104 376 2733 465 contemnijudicarent;
2762 401 2862 442 nec
2891 402 3078 444 rursus
3106 404 3224 447 rem
3260 400 3425 449 totam
3455 394 3673 465 ipsorum

2107 464 2335 522 arbitrio
2358 471 2766 541 committebat,
2795 493 2865 533 ne
2895 489 3114 550 accepta
3158 483 3385 554 hujusce
3419 464 3499 542 rei
3546 501 3675 559 pote-

2104 563 2244 612 state
2293 560 2586 627 proderent
2612 580 2735 621 eum
2767 568 2857 638 qui
2881 581 3228 641 peccaverat,
3259 574 3675 647 intempestivam

2104 659 2233 743 erga
2256 648 2428 743 ipsum
2463 652 2846 726 indulgentiam
2864 661 3181 720 adhibentes
3210 683 3225 718 :
3257 667 3329 722 ita
3357 668 3447 724 hic
3471 685 3673 743 quoque

2102 735 2249 832 facit,
2279 741 2464 799 dicens
2496 762 2510 801 :
2541 746 2655 817 Ego
2678 748 2790 819 jam
2813 753 3136 822 condonavi,
3164 757 3255 827 qui
3288 758 3341 813 in
3369 735 3554 829 priore
3579 735 3676 832 epi-

2098 830 2236 885 stola
2270 831 2380 902 jam
2411 836 2855 899 condemuaram.
2900 844 3105 903 Deinde
3132 863 3219 914 ne,
3255 858 3530 922 tamquam
3557 830 3674 908 con-

2100 922 2308 1011 tempti,
2330 926 2524 983 animis
2552 928 2956 989 oﬂ‘endereutur
2974 972 2989 1001 ,
3015 937 3125 1003 ait,
3155 938 3383 1011 Propter
3406 958 3518 997 vos.
3550 945 3675 1011 Quid

2097 1007 2291 1103 igitur?
2305 1027 2373 1067 an
2397 1024 2455 1069 ut
2474 1017 2543 1072 ab
2559 1018 2868 1078 hominibus
2882 1027 3106 1095 gratiam
3132 1007 3304 1095 iniret,
3322 1031 3423 1102 ipsi
3449 1007 3675 1103 ignovit?

2091 1100 2309 1193 hlinime
2325 1124 2338 1160 :
2356 1107 2581 1181 ideoque
2621 1113 2837 1184 adjecit,
2861 1116 2930 1172 In
2946 1135 3162 1188 persona
3178 1100 3388 1177 Christi.
3414 1100 3555 1193 Quid
3576 1136 3671 1193 est,

2093 1191 2160 1283 In
2184 1212 2401 1265 persona
2429 1200 2657 1259 Christi?
2677 1205 2793 1261 Hoc
2822 1218 2930 1276 est,
2950 1212 3246 1268 secundum
3274 1191 3471 1283 Deum,
3501 1218 3583 1273 vel
3610 1191 3672 1272 ad

2090 1281 2286 1341 Christi
2314 1288 2561 1358 gloriam.
2584 1292 2667 1348 Ne
2685 1296 3137 1354 circumveniamur
3157 1320 3190 1355 a
3215 1312 3397 1359 satana
3416 1322 3438 1360 :
3456 1281 3553 1362 ⁷11,
3577 1326 3671 1363 non

2088 1377 2222 1430 enim
2262 1380 2556 1449 ignoramus
2593 1387 2923 1458 cogitationes
2958 1393 3091 1463 ejus.
3144 1393 3357 1459 Viden‘,
3393 1406 3450 1451 ut
3495 1407 3551 1452 et
3576 1400 3669 1456 illis

2087 1478 2414 1539 potestatem
2437 1478 2698 1534 concedat
2724 1521 2739 1546 ,
2771 1491 2827 1536 et
2852 1484 3099 1540 eamdem
3127 1502 3312 1543 rursus
3337 1489 3542 1545 adimat
3569 1509 3586 1545 :
3619 1503 3671 1548 ιιι

2086 1561 2232 1618 illinc
2260 1565 2473 1635 quidem
2494 1582 2588 1624 eos
2619 1571 2826 1643 mitiget
2851 1588 2915 1629 ac
2936 1576 3200 1641 emolliat,
3230 1579 3355 1635 hinc
3380 1591 3563 1637 autem
3590 1598 3669 1638 eo-

2083 1669 2203 1711 rum
2245 1662 2607 1731 arrogantiam
2649 1667 2932 1735 amputet?
2960 1668 3070 1724 Nec
3099 1685 3225 1726 vero
3265 1671 3319 1727 id
3362 1673 3542 1728 solum
3573 1675 3667 1729 hoc

2083 1746 2206 1803 loco
2227 1750 2466 1818 molitur,
2487 1754 2581 1810 sed
2608 1755 2739 1812 illud
2767 1773 3003 1829 quoque,
3030 1770 3089 1815 ut
3107 1763 3360 1818 ostendat
3380 1780 3667 1821 commune

2080 1839 2466 1899 detrimentum
2497 1844 2613 1903 fore
2635 1886 2651 1915 ,
2688 1849 2732 1903 si
2783 1865 2889 1905 non
2934 1851 3240 1908 obedierint
3267 1871 3281 1908 :
3312 1856 3461 1925 quod
3510 1858 3665 1911 etiam

2079 1931 2131 1986 in
2164 1933 2432 2005 principio
2460 1935 2605 1992 fecit.
2639 1938 2770 1993 Nam
2802 1950 2913 1995 tum
2940 1941 3103 1996 etiam
3135 1942 3367 2005 dicebat.
3400 1944 3665 2001 Modicum

2074 2022 2379 2091 fermentum
2407 2035 2562 2080 totam
2590 2045 2812 2083 massam
2853 2032 3135 2102 corrumpit
3163 2032 3183 2104 (
3207 2034 3257 2087 l.
3288 2032 3409 2088 Cor.
3470 2037 3527 2091 5.
3558 2036 3662 2106 6);

2074 2124 2125 2170 et
2158 2131 2343 2172 rursus
2370 2118 2477 2183 hic,
2509 2118 2577 2173 Ut
2599 2137 2698 2174 non
2725 2122 3179 2177 circumveniantur
3197 2141 3229 2178 a
3249 2135 3432 2179 satana
3458 2142 3479 2180 :
3507 2138 3664 2197 atque

2073 2207 2215 2264 illius
2239 2210 2328 2280 qui
2378 2221 2627 2281 peccarat
2668 2213 3060 2271 absolutionem
3097 2215 3292 2287 ubique
3333 2217 3441 2273 sibi
3473 2228 3529 2275 et
3558 2220 3664 2276 illis

2071 2310 2306 2371 arrogat.

2140 2393 2195 2448 5.
2222 2392 2419 2449 Verum
2446 2396 2608 2451 altius
2634 2411 2749 2453 rem
2778 2397 3063 2453 considera
3099 2416 3115 2455 :
3144 2398 3209 2455 Si
3227 2399 3341 2471 quis
3390 2410 3563 2455 autem
3587 2418 3664 2455 me

2067 2486 2377 2540 contristavit
2397 2529 2413 2555 ,
2445 2486 2634 2558 inquit,
2667 2505 2769 2544 non
2794 2506 2873 2543 me
2898 2491 3242 2556 contristavit,
3276 2491 3366 2545 sed
3393 2508 3459 2546 ea:
3489 2504 3659 2563 parte,

2065 2588 2247 2631 utnon
2279 2595 2481 2634 onerent
2507 2596 2681 2635 omnes
2718 2596 2845 2644 vos;
2874 2596 2937 2635 ac
2965 2581 3159 2637 deinde
3197 2598 3384 2638 rursus
3406 2625 3423 2649 ,
3460 2585 3663 2655 Suﬁ'icit

2063 2670 2109 2722 ei
2156 2671 2244 2740 qui
2294 2672 2542 2741 ejusmodi
2586 2681 2679 2740 est,
2727 2672 3013 2744 objurgatio
3061 2690 3142 2743 ea,
3194 2691 3306 2746 qui:
3355 2677 3413 2744 ﬁt
3445 2694 3480 2730 a
3536 2680 3660 2749 plu-

2062 2761 2220 2816 ribus.
2276 2761 2390 2818 Hoc
2460 2762 2628 2832 ipsius
2678 2762 2957 2819 decretum
3018 2773 3101 2820 est
3144 2777 3308 2836 atque
3354 2771 3652 2824 sententia.

2060 2851 2169 2908 Nec
2199 2860 2375 2908 tamen
2406 2853 2460 2908 in
2487 2852 2590 2909 hoc
2616 2853 2834 2909 decreto
2868 2855 3131 2922 constitit,
3180 2856 3274 2911 sed
3304 2872 3526 2913 rursum
3552 2875 3652 2915 eos

2059 2960 2272 3016 quoque
2300 2946 2478 2999 socios
2502 2945 2760 3011 adhibet,
2790 2945 2978 3002 dicens
3009 2964 3023 3001 :
3056 2944 3123 3002 Ut
3152 2963 3180 3001 e
3202 2950 3463 3002 contrario
3489 2952 3658 3022 magis

2057 3036 2347 3091 condonetis
2375 3044 2423 3091 et
2450 3037 2799 3091 consolemini.
2833 3036 3053 3109 Propter
3072 3038 3207 3109 quod
3228 3038 3433 3094 obsecro
3456 3058 3569 3105 vos,
3601 3051 3658 3095 ut

2055 3127 2263 3197 ﬁrmetis
2302 3127 2357 3181 in
2406 3143 2521 3181 eunt
2564 3128 2848 3183 caritatem.
2901 3129 2972 3183 At
3021 3138 3206 3199 postea
3257 3145 3419 3200 quam
3474 3141 3654 3187 totum

2056 3218 2197 3273 istud
2227 3203 2413 3273 eorum
2444 3218 2668 3274 arbitrio
2695 3220 2958 3289 permisit,
2988 3218 3055 3274 ad
3080 3223 3459 3276 auctoritatem
3490 3236 3653 3279 suam

2052 3309 2307 3381 deinceps
2334 3311 2542 3375 transit,
2564 3310 2648 3365 his
2672 3311 2849 3366 verbis
2872 3318 3025 3366 utens
3050 3331 3063 3366 :
3093 3309 3159 3366 In
3186 3311 3281 3367 hoc
3300 3312 3433 3366 enim
3455 3315 3653 3385 scripsi

2052 3404 2188 3458 vobis
2207 3443 2224 3468 ,
2252 3413 2306 3458 ut
2336 3420 2640 3473 cognoscant
2669 3405 3064 3475 experimentum
3089 3415 3328 3472 vestrum,
3356 3424 3425 3459 an
3454 3407 3508 3461 in
3533 3424 3654 3462 ont-

2050 3496 2198 3551 nibus
2226 3496 2513 3551 obedientes
2555 3498 2698 3551 estis.
2738 3497 2858 3552 Mox
2887 3511 3073 3552 rursus
3121 3499 3347 3567 gratiam
3380 3499 3514 3569 ipsis
3548 3500 3653 3554 ad-

2048 3591 2256 3658 scribit,
2285 3606 2408 3646 cum
2439 3591 2532 3656 ait,
2555 3589 2651 3645 Cui
2673 3599 2839 3643 autent
2864 3590 3089 3644 donastis
3110 3605 3130 3644 :
3156 3599 3265 3645 tum
3296 3606 3486 3646 rursus
3506 3593 3649 3660 sibi,

2047 3684 2252 3749 dicens,
2307 3682 2372 3737 Et
2395 3698 2486 3754 ego
2511 3682 2555 3737 si
2580 3682 2662 3737 cui
2690 3682 2905 3749 donavi,
2935 3691 3141 3753 prapter
3179 3698 3265 3736 vos
3285 3698 3305 3737 :
3336 3682 3539 3741 deinde
3570 3686 3654 3739 si-

2047 3776 2159 3831 mul
2187 3784 2244 3832 et
2270 3775 2402 3845 ipsis
2428 3784 2484 3830 et
2534 3774 2635 3830 sibi
2664 3789 2782 3830 eam
2814 3773 3067 3841 vindicat,
3098 3790 3221 3830 cum
3252 3776 3361 3840 ait,
3414 3775 3563 3830 Nam
3598 3788 3651 3831 et

2044 3884 2157 3940 ego,
2181 3867 2226 3922 si
2249 3868 2372 3938 quid
2399 3866 2605 3935 donavi,
2622 3876 2828 3937 propter
2843 3881 2927 3923 vos
2951 3867 3003 3920 in
3026 3884 3241 3937 persona
3265 3867 3480 3923 Christi.
3508 3868 3643 3926 Hoc

2042 3972 2158 4029 est,
2186 3960 2254 4017 ad
2276 3961 2502 4032 gloriam
2541 3960 2771 4026 Christi;
2813 3959 2919 4027 vel,
2968 3969 3239 4030 tamquam
3277 3961 3496 4017 Christo
3526 3962 3646 4018 hoc

2041 4053 2200 4108 etiam
2228 4053 2525 4123 imperante
2556 4068 2572 4105 :
2602 4051 2763 4122 idque
2792 4052 3023 4107 maxime
3068 4052 3189 4106 illos
3233 4053 3502 4108 movebat.
3535 4054 3646 4109 Ti-

2041 4142 2260 4198 mebant
2296 4142 2439 4197 enim
2472 4157 2541 4198 ne
2565 4141 2893 4213 indulgentia
2922 4143 3099 4198 minus
3128 4153 3412 4198 uterentur
3448 4145 3502 4200 in
3549 4161 3642 4210 re,

2038 4248 2159 4305 qua:
2183 4232 2251 4288 ad
2276 4233 2473 4289 Christi
2513 4233 2735 4304 gloriam
2766 4233 3094 4304 pertineret,
3124 4234 3333 4305 ipsique
3363 4235 3643 4306 placeret.

2043 4325 2242 4381 Deinde
2288 4340 2474 4380 rursus
2523 4339 2808 4380 commune
2845 4325 3250 4393 detrimentum,
3303 4326 3351 4381 si
3401 4328 3648 4383 obedire

2038 4419 2387 4489 negligerent,
2417 4419 2671 4490 proponit
2697 4418 2881 4475 dicens
2906 4458 2924 4485 ,
2948 4417 3017 4473 Ut
3046 4435 3145 4473 non
3170 4420 3651 4477 circumveniantur

2037 4530 2069 4567 a
2088 4523 2290 4568 satana.
2318 4513 2435 4582 Quo
2460 4513 2578 4568 loco
2598 4513 2822 4583 pulchre
2843 4521 3111 4581 πλεονεξίας
3128 4515 3448 4571 vocabulum
3477 4533 3649 4573 usur-

2039 4606 2182 4676 pavit
2230 4621 2245 4658 :
2301 4620 2472 4676 neque
2498 4605 2764 4661 enimille
2792 4621 2887 4660 sua
2927 4606 3038 4676 jam
3063 4607 3245 4677 capit,
3296 4608 3391 4663 sed
3438 4619 3650 4666 nostra

2035 4697 2215 4768 eripit.
2242 4696 2352 4753 Nec
2395 4712 2523 4753 vero
2566 4698 2695 4753 mihi
2737 4698 2841 4754 hoc
2887 4697 3106 4764 dixeris,
3148 4698 3288 4769 quod
3328 4700 3482 4755 solus
3544 4704 3651 4759 ille

2036 4790 2327 4846 fornicator
2355 4790 2544 4846 bellua:
2572 4791 2623 4845 in
2647 4791 2880 4861 praedam
2906 4791 3079 4857 cedat,
3113 4807 3297 4848 verum
3322 4794 3454 4849 illud
3481 4812 3651 4865 quo-

2036 4897 2141 4952 que
2169 4890 2343 4937 tecum
2372 4892 2557 4954 reputa
2582 4922 2598 4948 ,
2630 4883 2772 4953 quod
2800 4883 2977 4953 gregis
3007 4898 3263 4938 numerus
3308 4886 3493 4940 minor
3534 4891 3605 4943 ﬁt
3629 4906 3650 4955 ;

2034 4989 2099 5030 ac
2144 4990 2285 5030 nunc
2313 4975 2633 5045 praesertim,
2661 4990 2784 5030 cum
2820 4974 2872 5029 id
2903 4974 3044 5044 quod
3071 4974 3328 5030 amissum
3353 4986 3440 5033 est
3466 4995 3660 5037 rec“-

2037 5079 2228 5134 perare
2274 5064 2421 5120 licet.
2474 5063 2597 5118 Non
2641 5071 2773 5119 enim
2800 5065 2911 5135 ejus
2942 5066 3270 5136 cogitationes
3298 5068 3653 5138 ignoramus.

2032 5154 2238 5227 Nempe
2264 5156 2406 5227 quod
2432 5157 2645 5226 pietatis
2672 5165 2934 5227 prietextu
2978 5158 3133 5213 nobis
3159 5158 3381 5214 exitium
3405 5163 3653 5221 alIerat.

2033 5246 2148 5301 Non
2194 5248 2337 5303 enim
2378 5246 2504 5303 hinc
2545 5249 2738 5315 solum,
2792 5248 2934 5319 quod
2980 5250 3212 5319 aliquem
3251 5251 3321 5306 ad
3364 5262 3653 5325 stuprum

2032 5339 2289 5407 inducat,
2322 5339 2418 5415 sed
2455 5354 2485 5405 a
2535 5340 2805 5396 contrario
2836 5356 3046 5412 quoque
3101 5344 3387 5412 perniciem
3419 5346 3658 5407 aﬂ‘erre

2033 5440 2229 5501 p0test,
2252 5431 2506 5485 nimirum
2535 5432 2601 5486 ab
2632 5430 2921 5486 immodico
2943 5447 3172 5486 mterore
3202 5449 3265 5487 ex
3297 5434 3653 5503 paenitentia

2030 5530 2324 5575 contracto.
2357 5520 2488 5576 Cum
2521 5521 2680 5591 igitur
2710 5536 2813 5575 una
2840 5535 2960 5575 cum
2987 5522 3100 5576 suis
3138 5530 3351 5577 nostros
3392 5539 3652 5599 quoque

2029 5613 2278 5683 abripiat,
2304 5628 2424 5669 cum
2455 5623 2509 5668 et
2536 5627 2762 5683 peccare
2782 5612 2978 5683 iubens
3006 5612 3213 5683 perdat,
3236 5622 3289 5667 et
3311 5612 3483 5671 nobis
3516 5634 3657 5689 pm-

2031 5707 2311 5764 niteutiam
2357 5705 2713 5764 indicentibus
2743 5706 2955 5777 rapiat,
2983 5718 3159 5761 annon
3198 5703 3340 5761 istud
3366 5706 3652 5777 πλεονεξία
