3712 6212
131 162 215 218 £23

128 274 383 347 κυρώσωσιν
402 276 478 341 είς
501 276 662 333 αὐτὸν
681 278 921 352 ἀγάπην.
947 281 1117 336 Τοῦτο
1143 284 1311 356 ἀρετή
1345 284 1619 357 μαθητῶν,

124 363 249 419 τοῦτο
270 365 407 437 ἀρετή
434 367 789 436 διδασκάλων,
820 371 881 426 τὸ
907 370 1081 437 οὕτως
1105 373 1345 437 ἐκείνους
1377 375 1625 447 εὐηνίους

117 451 250 519 εἶναι,
268 457 318 510 τὸ
335 458 490 525 οὕτως
512 461 672 518 αὐτὸν
703 463 985 535 ῥυθμίζειν
1011 466 1229 532 αὐτούς.
1258 468 1426 523 Τοῦτο
1452 470 1501 522 εί
1529 464 1624 522 καὶ

116 546 196 600 νῦν
226 548 423 617 ἐγίνετο,
463 551 562 606 οὐκ
615 553 681 607 ἂν
730 556 779 608 οί
832 557 1235 627 ἁμαρτάνοντες
1282 558 1622 629 ἀναισθήτως

114 638 499 710 ἐπλημμέλησαν.
536 641 673 696 Οὔτε
726 645 835 716 γάρ
891 647 1066 715 φιλεῖν
1114 648 1303 712 ἁπλῶς
1348 649 1447 715 δεῖ,
1498 649 1619 703 οὐτε

111 729 488 804 ἀποστρέφεσθαι
516 736 643 790 ἄνευ
672 736 831 805 λόγου
858 738 1024 803 τινός.
1058 738 1157 806 Εἰς
1182 741 1356 795 τοῦτο
1386 742 1495 811 γὰρ
1522 741 1620 796 καὶ

107 821 305 892 ἔγραψα
324 823 481 893 ὑμῖν,
515 826 616 880 ἵνα
642 829 764 898 γνῶ
797 827 910 897 τὴν
937 829 1197 900 δοκιμὴν
1220 829 1375 901 ὑμῶν
1406 874 1421 898 ,
1452 835 1502 887 εί
1533 835 1621 900 είς

107 915 275 971 πάντα
298 917 533 986 ὑπήκοοί
558 920 718 974 ἐστε·
758 920 833 993 μὴ
864 923 1021 992 μόνον
1060 923 1118 977 ἐν
1157 923 1235 995 τῷ
1266 925 1616 995 ἀποτέμνειν,

102 1007 222 1060 ἀλλά
244 1008 322 1062 καὶ
357 1009 406 1062 ἐν
435 1008 514 1081 τῷ
547 1012 858 1067 συνάπτειν.
893 1010 1049 1079 Εἶδες
1076 1015 1195 1080 πῶς
1225 1015 1388 1070 πάλιν
1416 1020 1509 1071 καὶ⁸
1536 1020 1620 1071 ἐν-

100 1099 249 1153 ταῦθα
278 1100 435 1166 αὐτοῖς
481 1104 791 1176 περιίστησι
838 1104 928 1159 τὸν
960 1107 1184 1175 ἀγῶνας
1225 1108 1430 1183 Ὥσπερ
1488 1108 1616 1182 γάρ,

96 1191 235 1260 ἡνίκα
263 1192 501 1263 ἥμαρτεν,
543 1196 867 1263 ἐναγωνίους
896 1197 1091 1261 αὐτοὺς
1134 1198 1410 1270 ἐποίησεν,
1451 1201 1502 1253 εί
1542 1200 1617 1272 μὴ

95 1284 353 1354 ἐκτέμοιεν,
382 1286 565 1350 είπὼν,
598 1289 792 1356 Μικρὰ
816 1289 961 1359 ζύμη
995 1289 1141 1344 ὅλον
1164 1290 1229 1344 τὸ
1250 1291 1492 1361 φύραμα
1517 1289 1614 1352 ζυ-

95 1375 205 1441 μοῖ,
241 1377 322 1430 καὶ
355 1376 509 1451 ἔτερα
557 1380 795 1435 πλείοναο
845 1382 988 1437 οὔτω
1022 1384 1115 1438 καὶ
1168 1383 1404 1437 ἐνταῦθα
1453 1385 1615 1439 πάλιν

95 1466 170 1519 τὸν
189 1466 277 1537 τῆς
309 1470 575 1541 παρακοῆς
602 1473 785 1536 αὐτοῖς
816 1474 1069 1545 ἐφίστησι
1102 1473 1284 1544 φόϐον,
1335 1478 1615 1547 μονονουχὶ

95 1556 257 1625 λέγων,
272 1558 341 1613 ὅτι
359 1561 562 1633 ’Ὠσπερ
580 1563 699 1617 τότε
723 1564 819 1635 οὐχ
843 1565 983 1635 ὐπέρ
1005 1564 1191 1630 αὐτοῦ,
1209 1566 1344 1621 ἀλλά
1362 1568 1456 1621 καὶ
1473 1567 1614 1639 ὑπὲρ

95 1647 240 1718 δμῶν,
264 1651 345 1705 καὶ
370 1651 458 1706 νῦν
480 1654 578 1724 οὐχ
595 1654 736 1727 ὑπὲρ
755 1655 963 1709 ἐκείνου
983 1656 1181 1726 μᾶλλον
1204 1657 1237 1728 ἡ
1265 1658 1418 1729 ὑμῶν
1435 1660 1614 1712 αὐτῶν

95 1741 359 1797 ἰουλευτέον
388 1744 513 1814 ὑμῖν
539 1748 675 1814 ἐστι,
709 1748 784 1819 μὴ
815 1748 1015 1820 δόξητε
1037 1749 1329 1820 φιλόνεικοι
1356 1768 1502 1816 τινες
1534 1744 1612 1805 εῖ-

95 1850 156 1887 ιαι
181 1835 264 1887 καὶ
289 1835 652 1908 ἀπάνθρωποι,
675 1840 770 1893 καὶ
794 1839 894 1893 οὐκ
924 1843 980 1893 ἐν
1010 1840 1214 1895 ἆπασιν
1239 1841 1488 1912 ὑπήκοοι.
1522 1842 1613 1896 Διό

95 1939 243 1991 δησιν,
270 1924 362 1989 Είς
395 1924 567 1979 τοῦτο
597 1928 705 1996 γὰρ
742 1928 844 1982 καὶ
877 1928 1111 1999 ἔγραψα
1149 1931 1313 2001 ὑμῖν,
1345 1933 1446 1987 ἵνα
1492 1934 1613 2003 γνῶ

96 2011 178 2079 ’ὴν
212 2012 456 2085 δοκιμὴν
489 2017 677 2087 ὑμῶν,
708 2020 763 2074 εί
793 2023 881 2086 εις
926 2021 1121 2077 πάντα
1152 2024 1412 2093 ὑπήκοοί
1450 2026 1608 2081 ἐστε.

95 2105 269 2158 Εκεῖνο
304 2106 397 2177 μὲν
436 2107 545 2181 γάρ
591 2109 766 2177 ἔδοξεν
816 2111 884 2166 ἂν
934 2113 1027 2167 καὶ
1063 2115 1257 2184 φθόνου
1301 2112 1465 2181 εἷναι,
1516 2120 1611 2174 καὶ

100 2196 358 2260 ασκανίας·
387 2198 541 2253 τοῦτο
571 2201 629 2255 δὲ
656 2202 926 2263 δείκνυσιν
966 2205 1212 2279 καθαράν
1244 2208 1479 2278 μάλιστα
1510 2211 1609 2283 τήν

96 2288 311 2358 πακοὴν,
334 2289 424 2343 καὶ
447 2292 497 2345 εί
528 2291 670 2364 πρὸς
699 2294 1106 2367 φιλανθρωπίαν
1135 2298 1259 2353 ἐστέ
1288 2300 1606 2373 ἐπιτήδειοι.

122 2465 282 2520 Τοῦτο
316 2467 421 2540 γὰρ
476 2470 732 2544 μαθητῶν
768 2474 1159 2548 εὐγνωμόνων,
1205 2477 1265 2533 τὸ
1317 2480 1391 2553 μή
1448 2480 1607 2553 μόνον

95 2557 245 2621 ιεῖνα,
279 2558 411 2612 ἀλλά
448 2562 544 2615 καὶ
579 2563 648 2617 τά
678 2566 893 2620 ἐναντία
943 2567 1257 2625 κελεύσαντι
1303 2572 1604 2629 πείθεσθαι.

95 2646 145 2703 ιά
176 2646 329 2701 τοῦτο
361 2645 535 2716 εἶπεν,
575 2653 678 2719 Είς
711 2653 927 2722 πάντα,
978 2657 1192 2722 δεικνὺς
1238 2660 1343 2724 ὅτι,
1389 2662 1484 2717 ἐὰν
1528 2662 1605 2735 μὴ

95 2737 447 2807 τακούσωσιν,
478 2741 575 2811 οὐχ
604 2743 774 2806 οὕτως
804 2747 1011 2800 ἐκεῖνον
1041 2748 1115 2812 ώς
1160 2752 1384 2816 ἑαυτοὺς
1414 2772 1605 2809 καται-

95 2830 320 2900 εύνουσι,
374 2834 691 2901 φιλονείκων
730 2835 1100 2907 λαμϐάνοντες
1131 2840 1308 2906 δόξαν.
1349 2845 1501 2899 Ποιεί
1547 2848 1604 2900 δὲ

99 2921 211 2987 ῦτο,
252 2922 339 2977 ἵνα
372 2924 662 2979 κάντεῦθεν
692 2926 887 2991 αὐτοὺς
914 2928 1099 3002 ώθήσῃ
1130 2932 1265 3003 πρὸς
1291 2934 1352 2987 τὸ
1381 2936 1606 3008 πεισθῆ-

107 3028 143 3063 ι·
173 3011 252 3065 διδ
299 3012 394 3067 καὶ
433 3012 604 3083 λέγει,
647 3017 751 3082 Είς
803 3017 980 3072 τοῦτο
1028 3020 1139 3088 γὰρ
1170 3021 1405 3092 ἔγραψα
1441 3026 1600 3094 ὑμῖν.

95 3104 223 3157 ιίτοι
248 3104 310 3157 οὐ
341 3105 429 3159 διὰ
458 3107 615 3161 τοῦτο
641 3108 868 3181 ἔγραψε,
892 3110 1038 3176 λέγει
1067 3112 1125 3165 δὲ
1150 3112 1238 3167 διὰ
1261 3114 1438 3180 τοῦτο,
1463 3117 1603 3173 ὥστε

99 3195 225 3258 τοὺς
262 3196 709 3253 ἐπισπάσασθαι·
748 3201 809 3254 τὸ
854 3201 961 3273 γάρ
1007 3204 1417 3276 προηγούμενον
1462 3203 1530 3279 ἦν
1568 3209 1600 3281 ἡ

95 3285 235 3339 είνου
276 3287 541 3358 σωτηρία.
588 3289 727 3345 Ἀλλ’
759 3291 888 3346 ἐνθα
920 3293 1084 3365 μηδὲν
1118 3294 1452 3365 βλάπτεται,
1497 3300 1600 3354 κά-

95 3376 222 3440 ίνοις
252 3378 560 3448 χαρίζεται.
592 3381 682 3453 Τῷ
712 3381 767 3436 δὲ
798 3384 992 3452 εἰπεῖν,
1037 3387 1137 3453 Εἰς
1159 3378 1364 3441 ’πάντα
1385 3427 1401 3453 ,
1440 3390 1601 3445 πάλιν

95 3468 386 3535 κωμιάζει,
416 3471 517 3540 τῆς
558 3471 830 3543 προτέρας
857 3474 1103 3547 ὑπακοῆς
1135 3478 1473 3551 ἀναμνήσας,
1505 3482 1601 3536 καὶ

120 3560 291 3629 μέσον
318 3560 493 3633 αὐτὴν
521 3562 763 3632 ἀγαγών.
793 3559 866 3637 *ῼ
888 3565 955 3620 δέ
978 3585 1033 3621 τι
1057 3568 1383 3639 χαρίζεσθε,
1414 3573 1595 3645 κάγώ.

95 3654 193 3723 οᾷς
266 3653 390 3718 πῶς
450 3654 611 3709 πάλιν
663 3656 732 3709 τὰ
785 3658 1060 3729 δευτερεῖα
1121 3661 1298 3733 ἐαυτῷ
1354 3663 1594 3732 δίδωσιν,

96 3744 259 3809 ίίνους
291 3745 396 3816 μὲν
422 3747 710 3817 ἄρχοντας,
744 3750 937 3805 ἐαυτὸν
970 3752 1026 3805 δὲ
1057 3752 1321 3824 ἑπόμενον
1345 3754 1593 3824 δεικνύς;

95 3834 181 3889 Ξτό
237 3839 363 3892 ἐστι
418 3839 653 3910 μαλάξαι
701 3844 1109 3914 τραχυνομένην
1146 3844 1392 3918 γνώμην,
1440 3847 1598 3903 τοῦτο

96 3926 236 3980 ῦσαι
268 3928 705 3998 φιλονεικοῦσαν.
736 3929 868 3987 Εἶτα
899 3935 984 3988 ἵνα
1013 3936 1087 4007 μή
1122 3937 1345 4002 ὑπτίους
1371 3940 1593 4012 ποιήσῃ,

108 4019 350 4089 κυρίους
384 4020 573 4089 ὄντας,
610 4024 704 4076 καὶ
741 4024 816 4094 μή
853 4025 1063 4095 ἀφῶσιν
1096 4027 1279 4095 αὐτὸν,
1312 4030 1473 4084 πάλιν
1497 4033 1596 4085 αὐ-

95 4125 121 4171 ς
152 4108 325 4180 ἄγχει
348 4123 374 4152 ⁸
406 4112 544 4183 πρὸς
569 4113 746 4181 τοῦτο,
773 4114 965 4184 λέγων,
994 4118 1076 4171 ὅτι
1110 4119 1203 4172 καὶ
1230 4119 1391 4184 αὐτὸς
1416 4122 1594 4193 ἐχαρί·

96 4218 147 4255 ο.
175 4204 293 4256 Καὶ
323 4205 441 4273 γὰρ
461 4204 576 4275 ἐγὼ
597 4207 654 4259 ετ
674 4224 729 4261 τι
754 4209 1127 4279 κεχάρισμαι.
1156 4210 1188 4265 ὃ
1216 4211 1591 4284 κεχάρισμαι,

95 4290 285 4359 ὑμᾶς.
313 4293 434 4346 Kal
452 4293 610 4347 τοῦτο
630 4294 739 4366 γάρ
758 4297 889 4350 αὐτὸ
908 4297 976 4350 δι’
998 4299 1139 4370 ὑμᾶς
1164 4301 1416 4373 ἐποίησα,
1438 4304 1591 4375 φησί.

96 4421 97 4427 η
139 4381 353 4455 ῶσπερ
392 4385 556 4456 ἡνίκα
588 4387 840 4442 ἐκέλευεν
870 4391 1186 4463 ἀποτεμεῖν,
1228 4393 1350 4447 οὐτε
1383 4397 1595 4468 ἀφῆκεν

95 4469 194 4533 οὺς
230 4472 503 4539 γενέσθαι
544 4475 767 4546 κυρίους
809 4476 959 4551 [461]
1000 4482 1353 4552 χαρίσασθαι,
1401 4485 1591 4553 είπὼν,

95 4564 144 4625 ἠ
189 4559 462 4629 κέκρικα
504 4565 873 4632 παραδοῦναι
900 4569 1007 4624 τὸν
1054 4572 1329 4628 τοιοῦτον
1359 4574 1440 4640 τῷ
1480 4590 1591 4630 σα-

95 4645 155 4713 ᾆ,
192 4652 299 4703 καὶ⁵
337 4650 509 4706 ἔλαϐε
541 4654 701 4708 πάλιν
740 4660 1027 4723 κοινωνοὺς
1058 4661 1255 4726 αὐτοὺς
1285 4663 1384 4734 τῆς
1407 4664 1590 4735 ψήφου

96 4746 179 4803 ον,
245 4741 701 4811 Συναχθέντων
752 4745 919 4817 ὑμῶν
961 4751 1331 4819 παραδοῦναι
1378 4757 1587 4820 αὑτὸν,

95 4830 172 4881 τά
229 4832 490 4901 μέγιστα
531 4838 953 4902 κατασκευάζων
975 4880 990 4906 ,
1028 4842 1123 4896 καλ⁵
1151 4843 1213 4897 τὸ
1244 4844 1590 4921 ἐξενεχθῆναι

97 4922 440 4991 ἀπόφασιν,
484 4926 577 4980 καὶ
610 4928 668 4980 τὸ
709 4928 784 5001 μή
830 4933 998 5003 χωρὶς
1035 4934 1289 5000 ἐκείνων,
1328 4939 1467 4994 ῶστε
1512 4943 1588 5015 μή

98 5029 116 5063 ι
142 5013 345 5087 ταύτῃ
384 5015 664 5086 πλήττειν,
696 5020 790 5073 καὶ⁵
818 5020 939 5075 οὐτε
964 5024 1118 5094 μόνος
1141 5027 1310 5099 αὐτὴν
1336 5013 1583 5104 ἐκφέρει,

95 5102 169 5172 κὴ
219 5105 549 5176 νομίσωσιν
588 5110 796 5184 αὐθάδη
828 5109 968 5168 εἶναι
1012 5118 1104 5169 κα)⁸
1140 5102 1589 5191 ὐπερῶφθαιναύ-

132 5188 282 5243 οὔτε
320 5192 392 5246 τὸ
441 5197 551 5248 πᾶν
599 5198 781 5264 αὐτοῖς
824 5202 1130 5275 ἐπιτρέπει,
1182 5207 1269 5262 ῖνα
1300 5211 1373 5282 μὴ
1405 5211 1585 5283 κύριοι
1626 5210 1640 5221 ”

95 5296 271 5348 μενοι
307 5285 565 5354 προδῶσι
600 5285 691 5341 τὸν
734 5291 1126 5363 ἡμαρτηκότα,
1155 5298 1402 5369 ἀκαίρως
1434 5303 1582 5374 αὐτῷ

95 5370 371 5442 ξὸμενοι·
405 5376 552 5431 οὕτω
582 5379 675 5433 καὶ
694 5381 926 5437 ἐνταῦθα
955 5389 1097 5440 ποιεῖ
1114 5386 1306 5458 λέγων,
1330 5391 1409 5445 ὅτι
1444 5370 1583 5463 Ἐγώ

104 5563 403 5623 cgcndum
433 5566 556 5631 ἄγιι,
581 5572 656 5622 vel
691 5572 864 5637 ἀνάγει.

1113 168 1181 224 ΙΝ
1215 168 1517 227 ΕΡΙΒΤ.·ΙΙ
1556 169 1646 225 AD
1682 170 1841 228 COB.
1880 172 2115 230 llOMlL.
2158 172 2247 234 ιν.

3186 180 3290 236 ιρι

1726 285 1826 359 ήδη
1876 288 2249 361 ἐχαρισάμην,
2286 289 2346 355 ὃς
2381 290 2441 346 ἐν
2476 294 2543 365 τῇ
2593 292 2835 366 προτέρᾳ
2883 293 2985 365 ήδη
3033 310 3289 366 κεκρ.κα.

1723 370 1856 428 Εἶτα
1896 377 1982 430 ἶνα
2013 377 2088 449 μὴ
2122 380 2423 450 πληγῶσιν,
2460 384 2537 447 ώς
2570 384 2990 455 ὐπεροφθέντες,
3022 388 3178 457 φησὶ,
3211 389 3294 443 Δι’

1720 464 1898 534 ὑμᾶς.
1949 468 2015 521 Τί
2053 464 2179 536 οῦν;
2212 471 2279 525 δι’
2310 474 2629 546 ἀνθρώπους
2672 476 3085 548 συνεχώρησεν;
3133 480 3287 551 Οὐχί⁸

1719 555 1807 609 διὰ
1830 557 1937 629 γὰρ
1961 560 2116 614 τοῦτο
2151 563 2244 617 xal
2288 565 2649 637 προσέθηκεν,
2692 567 2789 619 Ἐν
2825 569 3125 636 προσώπῳ
3154 572 3291 639 Χρι-

1720 648 1889 703 στοῦ.
1932 650 1997 704 Τί
2037 654 2204 718 ἐστιν,
2253 654 2349 709 Ὲν
2378 656 2675 725 προσώπῳ
2716 660 3006 727 Χριστοῦ;
3043 661 3113 713 Ἣ
3150 662 3292 716 κατά

1720 736 1873 802 Θεὸν,
1888 740 2070 811 φησὶν,
2099 744 2132 815 ἢ
2159 744 2238 808 είς
2261 745 2416 812 δόξαν
2433 748 2524 800 τοῦ
2542 749 2932 819 Χριστοῦ.Ἵνα
2954 749 3039 820 μὴ
3069 756 3289 806 πλεον-

1716 833 2053 902 εκτηθῶμεν
2103 837 2223 891 ὑπὸ
2278 839 2384 894 τοῦ
2422 840 2687 895 σατανᾶ·
2728 844 2799 896 οὐ
2831 843 2939 913 γὰρ
2989 844 3174 898 αὐτοῦ
3218 844 3291 898 τὰ

1716 921 1986 990 νοήματα
2029 926 2383 999 ἀγνοοῦμεν.
2429 926 2582 996 Εἶδες
2618 933 2735 997 πῶς
2778 935 2873 988 καὶ
2909 935 3005 1006 τήν
3043 935 3289 1002 ἐξουσίαν

1712 1002 1901 1078 αὐτοῖς
1937 1015 2242 1088 ἐπιτρέπει,
2282 1020 2377 1074 καὶ
2415 1023 2576 1076 πάλιν
2610 1025 2926 1095 ἀφαιρεῖται
2966 1026 3157 1097 αὐτὴν,
3200 1026 3288 1080 ἵνα

1716 1100 1908 1175 ἐκείνῳ
1950 1105 2048 1175 μὲν
2076 1108 2312 1182 μαλάξῃ,
2346 1111 2520 1184 τούτῳ
2549 1113 2605 1166 δὲ
2638 1114 2697 1167 τὸ
2724 1114 2955 1179 αὔθαδες
2982 1116 3159 1170 αὐτῶν
3193 1118 3285 1170 ἐκ-

1717 1193 1893 1264 udam;
1937 1197 2011 1251 Οὐ
2054 1197 2211 1254 τοῦτο
2255 1202 2313 1255 δὲ
2363 1203 2526 1273 μόνον
2571 1205 2819 1260 ἐντεῦθεν
2863 1208 3283 1273 κατασκευάζει,

1716 1280 1852 1335 ἀλλά
1881 1285 2058 1340 καὶτὸ
2078 1288 2250 1357 δεῖξαι
2279 1292 2464 1364 κοινὴν
2487 1294 2582 1366 τήν
2613 1294 2817 1367 βλάϐην
2853 1293 3036 1364 οὖσαν,
3064 1301 3112 1353 εί
3152 1318 3287 1371 παρ·

1714 1374 2026 1433 ακούσαιενο
2046 1382 2184 1454 ὅπερ
2212 1382 2306 1438 καὶ
2332 1385 2390 1438 ἐν
2417 1387 2558 1458 ἀρχῇ
2584 1390 2867 1461 πεποίηκε.
2900 1392 3006 1444 Καὶ
3031 1390 3137 1463 γάρ
3165 1393 3284 1445 τότε

1713 1465 1890 1535 ἔλεγε,
1914 1472 2107 1540 Μικρὰ
2135 1472 2280 1543 ζύμη
2310 1475 2459 1531 ὅλον
2480 1466 2558 1532 ¹τὸ
2580 1480 2819 1551 φύραμα
2851 1480 3023 1551 ζυμοῖ
3041 1497 3053 1510 ⁸
3081 1484 3175 1536 καὶ
3199 1484 3285 1537 ἐν-

1712 1557 1884 1611 ταῦθα
1932 1560 2114 1627 πάλιν,
2154 1564 2278 1620 Ἵνα
2300 1566 2387 1635 μὴ
2432 1571 2963 1641 πλεονεκτηθῶμεν
3009 1574 3128 1629 ὑπὸ
3176 1574 3283 1629 τοῦ

1712 1649 1966 1706 σατανᾶ.
1998 1654 2107 1708 Kal
2135 1658 2409 1730 πανταχοῦ
2443 1660 2537 1714 καὶ⁵
2569 1662 2731 1717 αὐτοῦ
2760 1664 2855 1718 καὶ
2882 1666 3104 1720 ἐκείνων
3140 1667 3285 1719 ποιεῖ

1711 1739 1810 1811 τὴν
1839 1742 2053 1812 ἄφεσιν.

1781 1928 1837 1976 ε’.
1865 1923 2143 1980 Σκόπειδέ
2169 1928 2406 1984 ἄνωθεν·
2438 1932 2506 1986 El
2535 1929 2599 1987 δέ
2626 1951 2713 2001 τις
2733 1935 3062 2004 λελύπηκε,
3092 1938 3278 2008 φησὶν,

1711 2012 1822 2065 οὐκ
1864 2011 1969 2081 ἐμὲ
2005 2017 2389 2087 λελύπηκεν,
2421 2022 2558 2077 ἀλλ’
2605 2024 2725 2079 ἀπὸ
2763 2026 3004 2095 μέρους,
3039 2030 3139 2082 ἵνα
3193 2030 3280 2099 μὴ

1709 2100 1967 2173 ἐπιϐαρῶ
2012 2107 2245 2176 πάντας
2294 2112 2483 2181 ὑμᾶς’
2516 2110 2634 2169 εἶτα
2685 2116 2865 2185 πάλιν,
2917 2119 3156 2174 Ἱκανὸν
3202 2121 3284 2188 τῷ

1711 2197 1952 2263 τοιούτῳ
1967 2198 2003 2266 ἠ
2022 2200 2279 2272 ἐπιτιμία
2296 2205 2445 2275 αὕτη
2464 2206 2501 2275 ή
2524 2207 2639 2263 ὑπὸ
2658 2209 2774 2263 τῶν
2792 2213 3283 2270 πλειόνων.Τοῦτο

1708 2287 1870 2341 αὐτοῦ
1904 2289 2082 2362 ψῆφος
2118 2296 2212 2349 καὶ
2247 2297 2461 2369 γνώμη.
2513 2301 2652 2355 Ἀλλ’
2682 2303 2778 2356 οὐκ
2811 2303 2939 2373 ἔστη
2981 2306 3145 2378 μέχρι
3181 2310 3282 2380 τῆς

1706 2379 1910 2452 ψήφου,
1942 2386 2077 2441 ἀλλά
2114 2390 2274 2445 πάλιν
2303 2394 2501 2457 αὐτοὺς
2532 2398 2825 2462 κοινωνοὺς
2869 2402 3032 2464 ποιεῖ,
3067 2379 3275 2470 λέγων’

1710 2471 1890 2528 Ὥστε
1922 2478 2277 2537 τούναντίον
2306 2484 2550 2553 μᾶλλον
2588 2487 2744 2557 ὑμᾶς
2779 2490 3144 2558 χαρίσασθαι
3179 2494 3279 2547 καὶ

1705 2573 2141 2637 παρακαλέσαι.
2177 2577 2272 2631 Διὸ
2315 2581 2646 2648 παρακαλῶ
2684 2583 2839 2652 ὑμᾶς
2878 2584 3143 2653 κυρῶσαι
3192 2590 3282 2653 εἰς

1693 2660 1893 2729 καύτὸν
1941 2663 2200 2733 ἀγάπην.
2258 2669 2426 2725 Πάλιν
2477 2671 2698 2729 ἐκείνων
2748 2674 2809 2728 τὸ
2855 2676 2975 2729 ὅλον
3020 2679 3276 2750 ποιήσας,

1705 2749 1786 2809 εἰς
1838 2748 1936 2821 τὴν
1983 2752 2235 2817 ἐξουσίαν
2271 2756 2370 2828 τὴν
2416 2759 2611 2814 ἐαυτοῦ
2666 2765 3012 2833 μεταϐαίνει,
3068 2748 3274 2838 λέγων·

1703 2840 1809 2906 Είς
1857 2841 2033 2897 τοῦτο
2079 2846 2190 2915 γὰρ
2221 2849 2319 2902 καὶ
2350 2851 2581 2921 ἔγραψα
2626 2854 2800 2923 ὑμῖν,
2856 2856 2955 2910 ἵνα
2997 2858 3117 2928 γνῶ
3165 2860 3278 2927 τὴν

1704 2926 1961 3000 δοκιμὴν
2023 2935 2227 3005 ὑμῶν,
2286 2941 2339 2994 εί
2391 2943 2477 3008 είς
2535 2943 2733 2998 πάντα
2787 2926 3041 3013 ὑπήκοοί
3114 2926 3271 3005 ἐστε.

1704 3018 1837 3079 Εἶτα
1884 3025 2046 3081 πάλιν
2093 3031 2270 3084 αὐτῶν
2308 3037 2452 3087 ποιεῖ
2492 3037 2591 3108 τήν
2639 3037 2819 3108 χάριν,
2867 3038 3061 3107 λέγων,
3098 3036 3171 3113 ’ᾯ
3210 3043 3278 3097 δέ

1702 3131 1757 3168 τι
1805 3119 2140 3186 χαρίζεσθεο
2191 3116 2311 3178 εἶτα
2352 3126 2541 3190 αὐτοῦ,
2573 3129 2682 3183 Καὶ
2715 3130 2849 3199 ἐγὼ,
2883 3132 3090 3201 λέγων,
3136 3136 3191 3189 ει
3223 3154 3277 3191 τι

1702 3203 2078 3274 κεχάρισμαι,
2103 3209 2177 3262 δι’
2206 3211 2363 3277 ὑμᾶς
2386 3230 2397 3241 δ
2420 3211 2535 3267 εἶτα
2565 3216 2659 3268 καὶ
2686 3218 2908 3273 ἐκείνων
2934 3220 3027 3274 καὶ
3055 3222 3274 3277 ἐαυτοῦ·

1701 3294 1813 3347 Καὶ
1842 3294 1952 3365 γὰρ
1984 3297 2119 3368 ἐγὼ,
2148 3303 2333 3371 φησὶν,
2358 3305 2414 3357 ετ
2443 3323 2495 3359 τι
2533 3308 2907 3379 κεχάρισμαι,
2934 3314 3009 3368 δι’
3025 3314 3181 3384 ὑμᾶς
3207 3317 3278 3370 ὲν

1701 3386 1998 3455 προσώπῳ
2025 3392 2285 3460 Χριστοῦ
2306 3411 2318 3423 ·
2351 3396 2383 3465 ἡ
2416 3397 2495 3461 εἰς
2526 3398 2685 3464 δόξαν
2716 3403 2978 3473 Χριστοῦ,
3016 3406 3049 3476 ἡ
3078 3406 3152 3470 ώς
3180 3407 3274 3462 τοῦ

1699 3477 1936 3547 Χριστοῦ
1979 3483 2074 3535 καὶ
2119 3484 2278 3539 τοῦτο
2322 3486 2662 3555 κελεύοντος·
2710 3492 2739 3543 ὃ
2798 3494 3031 3563 μάλιστα
3078 3498 3275 3561 αὐτοὺς

1700 3565 1904 3623 ἔπειθε.
1944 3570 2055 3625 Καὶ
2078 3572 2186 3646 γάρ
2220 3574 2581 3634 ἐδεδοίκεισαν
2621 3579 2806 3638 λοιπὸν
2838 3586 2912 3656 μὴ
2944 3589 3272 3659 χαρίσασθαι

1699 3661 1931 3731 πρᾶγμα
1963 3663 2041 3726 εἰς
2069 3662 2224 3731 δόξαν
2241 3666 2405 3721 αὐτοῦ
2441 3669 2735 3741 διαϐαῖνον,
2770 3676 2863 3729 καὶ
2885 3678 3034 3750 αὐτῷ
3061 3680 3268 3739 δοκοῦν.

1698 3746 1830 3804 Εἶτα
1855 3753 2015 3809 πάλιν
2030 3754 2090 3809 τὸ
2118 3756 2295 3812 κοινὸν
2312 3758 2529 3829 βλάϐος,
2554 3762 2603 3815 εί
2628 3746 3058 3836 παρακούσαιεν,
3088 3773 3271 3846 τίθησι

1697 3842 1892 3911 λέγων,
1930 3845 2054 3900 Ἵνα
2079 3846 2166 3917 μὴ
2230 3852 2765 3925 πλεονεκτηθῶμεν
2820 3861 2941 3915 ὑπὸ
2998 3864 3106 3919 τοῦ
3159 3842 3272 3920 σα-

1696 3934 1877 3990 τανᾶ·
1910 3936 2092 4002 καλῶς
2122 3939 2439 4007 πλεονεξίαν
2487 3945 2764 4018 ὀνομάσας
2787 3968 2802 3983 ο
2839 3953 2901 4006 οὐ
2936 3953 3045 4027 γάρ
3075 3957 3142 4011 τὰ
3168 3960 3268 4012 αὐ-

1695 4026 1789 4078 τοῦ
1828 4027 2096 4097 λαμϐάνει
2128 4029 2499 4118 λοιπὸν,μάλ).ὰ
2524 4037 2593 4091 τά
2620 4038 2775 4109 ἡμῶν
2809 4026 3044 4113 ἁρπάζει
3098 4047 3270 4118 Μὴδέ

1700 4134 1790 4186 μοι
1820 4117 1977 4172 τοῦτο
1999 4122 2179 4191 είπῃς,
2198 4121 2279 4175 ὅτι
2301 4115 2456 4188 οὗτος
2479 4127 2639 4197 μόνος
2672 4129 2736 4200 θη
2747 4131 3006 4203 ριάλωτος
3034 4115 3264 4205 γίνεται,

1696 4207 1832 4264 άλλά
1866 4211 1959 4263 καὶ
1995 4211 2153 4265 τοῦτο
2175 4213 2468 4286 σκόπησον,
2497 4219 2579 4272 ὅτι
2606 4220 2921 4279 ἐλαττοῦται
2939 4228 3037 4298 τῆς
3067 4231 3267 4302 ἀγέλης

1694 4300 1724 4352 ό
1756 4299 2009 4370 ἀριθμὸς,
2048 4302 2144 4356 καὶ
2174 4302 2269 4357 νῦν
2304 4305 2539 4376 μάλιστα
2567 4308 2737 4382 [462],
2767 4314 2854 4367 ὅτε
2879 4316 3108 4371 δύναται
3131 4299 3266 4393 ὅπερ

1693 4388 1966 4442 ἀπέϐαλεν
2003 4391 2433 4464 ἀνακτήσασθαι.
2494 4401 2575 4452 Οὐ
2628 4402 2738 4470 γὰρ
2780 4406 2965 4460 αὑτοῦ
3005 4413 3077 4462 τὰ
3124 4388 3266 4478 νοήί-

1688 4500 1849 4552 ματα
1889 4485 2263 4556 ἀγνοοῦμενο
2313 4489 2398 4544 ὅτι
2442 4492 2537 4545 καὶ
2575 4498 2924 4568 προσχήματι
2980 4501 3265 4568 εὐλαϐείας

1694 4574 2009 4632 ἀπόλλυσιν.
2045 4578 2120 4632 Οὐ
2144 4579 2253 4653 γάρ
2289 4583 2448 4652 μόνον
2470 4582 2548 4656 τῷ
2587 4586 2669 4650 είς
2717 4590 2973 4659 πορνείαν
3011 4593 3262 4663 ἀγαγεῖν,

1693 4666 1831 4721 ἀλλά
1858 4669 1953 4722 καὶ
1978 4669 2087 4723 ἀπὸ
2130 4671 2227 4725 τοῦ
2272 4673 2518 4729 ἐναντίου
2545 4677 2767 4734 δύναται
2797 4680 3127 4755 διαφθεῖραι,
3162 4687 3263 4757 τῆς

1692 4758 1932 4828 ἀμέτρου
1959 4758 2136 4830 λύπης
2155 4764 2253 4839 τῆς
2274 4763 2367 4817 ἐπὶ
2398 4767 2465 4837 τῇ
2493 4768 2774 4840 μετανοίᾳ.
2804 4769 2975 4827 Ὅταν
3004 4769 3097 4828 οῦν
3122 4776 3263 4845 μετά

1689 4849 1798 4902 τῶν
1830 4850 1976 4905 ίδίων
2016 4852 2110 4906 καὶ
2149 4854 2277 4918 τοὺς
2319 4856 2624 4929 ἡμετέρους
2661 4859 2936 4933 λαμϐάνῃ,
2992 4865 3120 4921 ὅταν
3164 4871 3261 4922 καὶ

1690 4941 2022 5012 ἁμαρτάνειν
2043 4945 2281 5001 κελεύων
2305 4948 2570 5022 ἀπολλύῃ,
2600 4953 2695 5005 καὶ
2715 4958 2993 5023 μετανοεῖν
3011 4957 3261 5012 κελευόν-

1688 5050 1795 5087 των
1830 5034 1987 5105 ήμῶν
2008 5036 2253 5111 ἁρπάζῃ,
2283 5040 2401 5104 πῶς
2427 5042 2548 5112 οὐχὶ
2581 5043 2863 5111 πλεονεξία
2896 5048 2958 5101 τὸ
2986 5052 3256 5121 πρᾶγμας

1688 5124 1763 5176 Οὐ
1788 5125 1894 5195 γὰρ
1920 5127 2083 5196 ἀρκεῖ
2106 5128 2254 5200 αὐτῷ
2278 5130 2347 5183 δι’
2380 5132 2653 5204 ἁμαρτίας
2700 5139 3083 5207 καταϐάλλειν,
3119 5142 3257 5196 ἀλλά

1686 5216 1779 5268 καὶ
1806 5216 1892 5270 διὰ
1926 5218 2233 5290 μετανοίας,
2255 5219 2321 5274 ἀν
2357 5222 2432 5294 μή
2464 5225 2744 5297 νήφωμεν,
2780 5229 2937 5283 τοῦτο
2961 5234 3122 5285 ποιεῖ.
3162 5232 3255 5285 Διὸ

1686 5308 1778 5360 καὶ
1805 5307 2117 5374 πλεονεξίαν
2167 5312 2390 5378 εἰκότως
2434 5316 2710 5384 ἐκάλεσεν,
2758 5322 2883 5375 ὅταν
2915 5325 3007 5377 καὶ
3035 5323 3121 5376 διὰ
3145 5323 3254 5376 τῶν

1684 5401 1967 5485 ἡμετέρων
2016 5407 2212 5475 κρατῇ.
2268 5405 2341 5459 Τὸ
2378 5408 2487 5479 γὰρ
2518 5410 2585 5464 δι’
2616 5412 2888 5485 ἁμαρτίας
2928 5415 3250 5485 λαμϐάνειν,

1686 5482 1813 5545 ἴδιον
1843 5493 2007 5547 αὐτοῦ
2038 5497 2173 5549 ἐστι*
2214 5499 2277 5551 τὸ
2338 5502 2522 5569 μέντοι
2568 5504 2654 5559 διά
2694 5507 2999 5581 μετανοίας,
3043 5507 3246 5560 οὐκέτι-

1685 5585 1951 5657 ἡμέτερον
1986 5588 2115 5659 γὰρ,
2147 5592 2247 5645 οὐκ
2275 5594 2484 5650 ἐκείνου
2517 5597 2576 5651 τὸ
2602 5598 2783 5653 ὅπλον.
2833 5601 2997 5653 Ὅταν
3031 5595 3122 5653 οῦν
3156 5600 3247 5652 καὶ
