3780 6316
384 224 487 280 425

383 339 632 395 ἐντεῦθεν
669 337 889 410 δύνηται
934 329 1558 412 λαμϐάνειν,’σκόπησον
1589 341 1707 404 πῶς
1749 342 1784 414 ἡ
1823 336 1960 414 ἧττα

384 432 605 504 αἰσχρὰ,
628 431 746 494 πῶς
802 430 879 494 ὡς
921 429 1165 485 ἀσθενῶν
1211 431 1308 486 καὶ
1336 432 1694 502 ταλαιπώρων
1722 449 1964 501 καταγε-

379 525 607 578 λάσεται
663 522 758 577 καὶ
797 522 1254 594 καταδραμεῖται,
1299 523 1354 576 εί
1394 540 1459 593 γε
1504 525 1618 587 τοῖς
1670 523 1964 594 ἡμετέροις

383 617 569 680 ὅπλοις
594 617 740 687 ἡμᾶς
766 613 949 684 μέλλει
976 613 1310 686 χειροῦσθαι.
1345 617 1456 670 Καὶ
1488 615 1597 687 γάρ
1619 615 1827 686 σφόδρα
1864 631 1964 667 κα-

383 711 718 778 ταγέλαστον
770 707 864 759 καὶ
909 707 1009 778 τῆς
1060 708 1295 778 ἐσχάτης
1369 693 1648 778 αἰσχύνης,
1701 707 1791 761 διὰ
1851 704 1961 758 τῶν

385 800 667 871 ἡμετέρων
698 799 1006 869 φαρμάκων
1025 799 1093 853 τά
1107 801 1400 871 τραύματα
1430 799 1594 854 αὐτὸν
1622 798 1963 853 κατασκευά-

387 896 520 958 ζειν.
554 893 653 946 Διά
685 893 843 946 τοῦτο
867 892 1071 960 ἔλεγεν·
1105 894 1188 947 Οὐ
1231 893 1340 962 γὰρ
1373 890 1560 946 αὐτοῦ
1595 891 1668 946 τὰ
1693 890 1963 960 νοήματα

384 987 749 1056 ἀγνοοῦμενο
788 983 851 1038 τὸ
885 984 1149 1050 ποικίλον,
1183 984 1246 1038 τὸ
1267 983 1504 1056 δολερὸν,
1539 983 1602 1036 τὸ
1643 983 1962 1053 κακομήχα-

386 1097 498 1143 νον,
541 1077 600 1130 τὸ
641 1074 973 1145 κακοῦργον,
1031 1074 1092 1127 τὸ
1145 1073 1237 1126 ἐπὶ
1289 1073 1641 1144 προσχήματι
1679 1069 1964 1132 εύλαϐείας

386 1167 786 1241 ἐπηρεαστικὸν
816 1168 1101 1238 ἐμφαίνων
1137 1179 1186 1219 ι.
1218 1163 1387 1218 Ταῦτ’
1435 1159 1529 1217 οὖν
1571 1162 1667 1216 καὶ
1687 1163 1852 1232 ἡμεῖς
1875 1162 1963 1212 ἐν-

383 1263 656 1325 νοοῦντες,
688 1259 958 1330 μηδέποτε
1008 1257 1236 1328 μηδενὸς
1290 1254 1745 1328 καταφρονῶμεν,
1801 1254 1965 1326 μηδέ-

387 1372 518 1408 ποτε
550 1353 958 1424 ἁμαρτάνοντες
1014 1347 1512 1419 ἀπογινώσκωμενο
1547 1348 1672 1419 μηδ’
1707 1342 1772 1400 αὖ
1797 1347 1964 1418 ῥᾳθυο

391 1446 580 1518 μῶμεν
610 1446 792 1512 πάλιν,
817 1442 952 1497 ἀλλὰ
991 1440 1363 1513 συντρίϐωμεν
1393 1440 1492 1512 τὴν
1523 1440 1760 1494 διάνοιαν
1783 1437 1964 1508 πλημ-

390 1538 701 1611 μελοῦντες,
737 1537 810 1608 μὴ
862 1533 1048 1597 ἁπλῶς
1076 1535 1299 1604 ῥήματα
1347 1530 1800 1602 προϐαλλώμεθα.
1853 1530 1963 1582 Καὶ

385 1631 495 1702 γάρ
521 1627 636 1684 οἶδα
685 1627 911 1690 πολλοὺς
944 1625 1074 1694 ἐγὼ,
1126 1623 1175 1677 οἳ
1227 1622 1446 1692 λέγουσι
1482 1622 1580 1693 μὲν
1635 1621 1852 1675 πενθεῖν
1893 1617 1962 1676 τὰ

388 1721 783 1791 ἁμαρτήματα,
833 1717 986 1770 οὐδὲν
1029 1715 1086 1769 δὲ
1126 1715 1270 1784 μέγα
1317 1713 1670 1785 ἐργάζονται,
1701 1712 1837 1768 ἀλλὰ
1866 1730 1962 1784 νη-

388 1814 639 1867 στεύουσι
675 1812 774 1880 μὲν
807 1810 902 1864 καὶ
928 1809 1135 1879 τραχέα
1180 1807 1439 1878 φοροῦσιν
1498 1808 1705 1877 ἱμάτια,
1746 1805 1963 1877 χρημά-

384 1921 494 1958 των
512 1904 569 1956 δέ
609 1902 813 1970 μᾶλλον
833 1901 942 1953 τῶν
965 1897 1382 1970 καπηλευόντων
1410 1897 1673 1966 ἐφίενται,
1701 1896 1794 1950 καὶ
1823 1897 1960 1968 ὀργῇ

387 1997 548 2051 πλέον
570 1994 774 2066 θηρίων
795 1992 1130 2054 ἁλίσκονται,
1175 1989 1271 2043 καὶ
1302 1988 1666 2062 κακηγορίαις
1713 1989 1965 2060 χαίρουσι

390 2094 614 2164 μᾶλλον,
646 2094 680 2164 ἦ
723 2089 1024 2160 ἐγκωμίοις
1054 2089 1252 2158 ἕτεροι.
1274 2086 1392 2142 Οὔκ
1423 2086 1538 2140 ἐστι
1572 2087 1747 2140 ταῦτα
1797 2087 1966 2158 μετά-

387 2203 524 2242 νοια⁸
553 2184 715 2239 εἰκών
742 2186 857 2237 ἐστι
903 2180 1193 2252 μετανοίας
1233 2179 1407 2234 ταῦτα
1459 2180 1554 2233 καὶ
1610 2179 1737 2233 σκιὰ
1784 2179 1963 2249 μόνον,

386 2276 447 2328 οὐ
485 2273 762 2346 μετάνοια,
790 2270 881 2323 Διὸ
907 2269 999 2323 καὶ
1055 2268 1148 2321 ἐπὶ
1177 2267 1382 2321 τούτων
1413 2267 1578 2322 καλὸν
1603 2268 1799 2321 εἰπεῖν’
1830 2267 1963 2320 Σκο-

389 2370 540 2421 πεῖτε
568 2363 644 2436 μὴ
690 2360 1178 2433 πλεονεκτηθῶμεν
1211 2359 1318 2414 ὑπὸ
1369 2359 1465 2413 τοῦ
1511 2361 1741 2413 σατανᾶ·
1775 2359 1836 2412 οὐ
1858 2359 1967 2429 γὰρ

387 2459 552 2515 αὑτοῦ
582 2459 651 2513 τά
676 2459 920 2528 νοήματα
948 2454 1270 2524 ἀγνοοῦμεν.
1288 2453 1428 2517 Τοὺς
1454 2451 1553 2524 μὲν
1569 2452 1676 2523 γάρ
1691 2452 1760 2506 δι’
1785 2452 1968 2523 ἁμαρ-

387 2553 668 2624 τημάτων,
722 2549 848 2613 τοὺς
884 2547 942 2601 δὲ
985 2547 1073 2602 διὰ
1105 2546 1394 2618 μετανοίας
1434 2544 1968 2628 ἀπόλλυσι,ἰτούτους

387 2646 444 2698 δὲ
472 2644 647 2715 ἑτέρῳ
695 2641 884 2713 τρόπῳ
932 2640 1118 2706 πάλιν,
1172 2639 1251 2710 τῷ
1298 2638 1464 2711 μηδὲν
1522 2637 1633 2692 ἀπὸ
1680 2637 1968 2710 μετανοίας

390 2737 606 2803 ἀφεῖναι
665 2731 1028 2804 καρποῦσθαι.
1074 2730 1292 2799 Ἐπειδὴ
1318 2731 1428 2801 γὰρ
1475 2730 1737 2784 ἀπολέσαι
1788 2728 1848 2794 ἐξ
1879 2729 1969 2782 εύ-

390 2830 542 2893 θείας
572 2829 670 2900 οὐχ
696 2821 877 2899 εὗρεν,
906 2826 1099 2897 ἑτέραν
1137 2821 1300 2896 ἦλθεν
1332 2825 1450 2879 ὁδὸν
1479 2827 1606 2890 τοὺς
1651 2825 1751 2897 μὲν
1773 2825 1968 2890 πόνους

390 2921 693 2982 ἐπιτείνων,
732 2919 855 2983 τοὺς
897 2917 951 2971 δέ
985 2918 1232 2986 καρποὺς
1259 2917 1684 2990 ἀφαιρούμενος,
1721 2918 1815 2972 καὶ
1844 2919 1965 2972 πεί-

389 3011 497 3066 θων
527 3011 602 3075 ὼς
652 3009 710 3064 τὸ
768 3010 875 3063 πᾶν
923 3009 1380 3080 κατωρθωκότας,
1438 3009 1582 3062 οὕτω
1624 3010 1734 3063 τῶν
1794 3008 1968 3062 ἄλλων

387 3103 632 3176 ἀμελεῖν.
660 3103 757 3156 "Iv’
780 3099 875 3156 οῦν
910 3102 984 3174 μὴ
1031 3101 1158 3172 είκῆ
1192 3101 1484 3172 κόπτωμεν
1511 3102 1759 3167 ἑαυτοὺς,
1797 3103 1970 3174 μικρὰ

391 3197 526 3269 πρὸς
554 3195 653 3260 τὰς
671 3194 924 3258 τοιαύτας
957 3191 1331 3264 διαλεχθῶμεν
1362 3195 1628 3262 γυναῖκας
1650 3211 1664 3225 ·
1693 3195 1968 3263 γυναικῶν

389 3288 497 3362 γὰρ
526 3288 763 3360 μάλιστα
799 3286 950 3339 τουτὶ
985 3286 1045 3339 τὸ
1076 3285 1311 3356 νόσημα.
1353 3285 1535 3340 Καλὸν
1566 3286 1666 3357 μὲν
1695 3285 1970 3340 καὶτοῦτο

388 3379 418 3433 6
446 3381 708 3450 πράττετε
738 3378 854 3445 νῦν,
885 3376 1109 3448 νηστεία
1152 3379 1248 3430 καὶ
1288 3378 1566 3448 χαμευνία
1595 3379 1692 3432 καὶ
1746 3378 1964 3442 σποδόςο

390 3473 506 3525 ἀλλ’
530 3473 655 3524 ὅταν
677 3469 746 3524 τὰ
779 3469 915 3524 ἄλλα
966 3469 1039 3540 μὴ
1071 3471 1272 3540 προσῇ,
1311 3468 1508 3523 τούτων
1545 3469 1735 3538 ὄφελος
1793 3469 1964 3524 οὐδέν.

394 3560 602 3627 Ἕδειξε
636 3551 753 3624 πῶς
779 3559 1000 3628 ἀφίησιν
1025 3559 1296 3631 ἁμαρτίας
1327 3557 1589 3622 όΘεόςστί
1611 3561 1791 3614 τοίνυν
1822 3561 1966 3614 ἐκεί-

393 3669 489 3723 νην
543 3651 771 3721 ἀφέντες
825 3649 923 3720 τὴν
971 3649 1112 3715 ὁδὸν,
1172 3649 1362 3721 ἐτέραν
1419 3650 1632 3715 ἑαυτοῖς
1698 3651 1964 3723 τέμνετε;

395 3747 681 3816 Ἥμαρτον
717 3745 766 3796 οἱ
811 3743 1091 3797 Νινευῖταί
1123 3759 1253 3796 ποτε
1275 3783 1290 3808 ,
1329 3744 1420 3798 καὶ
1469 3744 1734 3816 ἐποίησαν
1769 3744 1965 3811 ταῦτα,

391 3839 426 3889 ὃ.
459 3838 555 3888 καὶ
593 3835 749 3904 ὑμεῖς
801 3837 1005 3886 ποιεῖτε
1057 3833 1188 3888 νῦν·
1254 3834 1371 3888 ἀλλ’
1423 3834 1628 3908 ἴδωμεν
1671 3839 1725 3891 τί
1771 3840 1969 3902 αὐτοὺς

392 3929 642 3998 ὠφέλησε
686 3926 859 4000 [465].
909 3927 1175 4000 Καθάπερ
1220 3929 1329 4000 γὰρ
1370 3929 1464 3983 ἐπὶ
1513 3931 1620 3985 τῶν
1654 3933 1968 4002 καμνόντων

393 4020 565 4073 πολλά
597 4020 693 4090 μέν
713 4020 1011 4088 ἐπάγουσιν
1039 4021 1087 4072 οί
1131 4020 1322 4092 ἰατροὶ,
1348 4023 1376 4075 6
1405 4022 1460 4076 δὲ
1487 4024 1705 4089 συνετὸς
1731 4027 1790 4078 ού
1811 4025 1969 4079 τοῦτο

396 4115 605 4177 σκοπεῖ,
627 4113 709 4164 ὅτι
737 4111 796 4164 τὸ
833 4113 927 4165 καὶ
955 4113 1016 4166 τὸ
1056 4112 1309 4184 ἐποίησεν
1337 4116 1365 4166 6
1399 4117 1720 4188 ἀρρωστῶν,
1749 4118 1887 4173 ἀλλὰ
1916 4120 1969 4174 τί

393 4204 554 4257 αὑτὸν
582 4203 884 4274 ὠφέλησεν·
912 4203 1054 4258 οὕτω
1098 4205 1194 4259 καὶ
1243 4206 1476 4262 ἐνταῦθα
1530 4213 1752 4264 σκοπεῖν
1785 4210 1882 4266 δεῖ.
1906 4212 1969 4265 Τί

393 4295 486 4354 οὖν
530 4299 778 4371 ὠφέλησε
811 4300 933 4362 τοὺς
987 4301 1296 4372 βαρϐάρους
1345 4303 1626 4372 ἐκείνους;
1663 4307 1968 4377 Ἐπέθηκαν

396 4392 648 4465 νηστείαν
674 4396 786 4457 τοῖς
825 4391 1127 4464 τραύμασι,
1171 4396 1265 4449 καὶ
1301 4397 1540 4468 σφοδράν
1580 4401 1834 4471 νηστείαν
1873 4402 1971 4453 ἐπε

395 4485 618 4557 ἐθηκαν,
662 4486 754 4538 καὶ
795 4487 1095 4556 χαμευνίαν
1140 4489 1234 4542 καὶ
1289 4489 1493 4544 σάκκου
1541 4493 1831 4565 περιϐολὴν
1877 4495 1971 4548 καὶ

392 4578 597 4650 τέφραν
650 4577 744 4632 καὶ
810 4579 1112 4651 ὀδυρμούς·
1183 4582 1462 4655 ἐπέθηκαν
1516 4587 1610 4638 καὶ
1665 4587 1968 4660 μεταϐολὴν

396 4671 532 4740 βίον.

455 4879 491 4926 ς
498 4878 529 4926 ’.
569 4872 794 4944 Ἰδωμεν
821 4871 912 4930 οὖν
943 4877 993 4931 τί
1022 4876 1229 4931 τούτων
1251 4878 1509 4949 ἐποίησεν
1542 4880 1741 4947 αὐτοὺς
1771 4884 1964 4954 ύγιεῖς.

395 4960 508 5012 Καὶ
540 4962 700 5016 πόθεν
742 4966 1027 5037 εἰσόμεθα,
1074 4969 1280 5040 φησίν;
1331 4972 1429 5023 “Av
1481 4972 1618 5043 πρὸς
1649 4973 1743 5029 τὸν
1785 4977 1968 5048 ἰατρὸν

398 5049 662 5121 ἔλθωμεν,
681 5053 745 5107 ἂν
773 5057 934 5111 αὐτὸν
963 5063 1348 5134 ἐρωτήσωμεψ
1375 5064 1436 5116 οὐ
1462 5064 1568 5136 γὰρ
1589 5066 1968 5140 ἀποκρύψεται

397 5143 563 5212 ἡμᾶς,
591 5143 726 5198 ἀλλὰ
787 5150 882 5202 καὶ
927 5153 1132 5224 σφόδρα
1161 5157 1293 5227 ἐρεῖ.
1325 5157 1541 5212 Μᾶλλον
1569 5158 1627 5212 δὲ
1657 5159 1744 5214 ἴνα
1773 5162 1967 5233 μηδεὶς

396 5235 589 5306 ἀγνοῇ,
615 5239 749 5308 μηδὲ
784 5241 1006 5312 ἐρέσθαι
1053 5246 1262 5318 δέηται,
1295 5253 1388 5305 καὶ
1423 5253 1700 5324 ἀνέγραψε
1733 5255 1794 5308 τὸ
1823 5253 1966 5327 φιίιρ⁸

401 5341 573 5396 μακον
620 5328 680 5380 τὸ
715 5329 1028 5401 ἀναστῆσαν
1065 5337 1284 5403 αὐτούς.
1337 5341 1402 5395 Τί
1447 5338 1540 5398 οῦν
1589 5344 1750 5400 τοῦτό
1787 5347 1963 5415 ἐστιν;

454 5667 472 5690 ι
501 5649 760 5716 Legebatur
783 5652 1033 5716 ἐμφαίνειν.

1019 222 1078 276 s.
1117 221 1404 279 JOANNIS
1440 210 1940 282 CIIRYSOSTOMI
1977 223 2308 285 ABCHIEP.
2348 228 2909 294 CONSTANTINOP.

3508 241 3599 300 Μ

2067 339 2228 408 Εἶὸε,
2251 345 2436 416 φησὶν,
2461 351 2495 401 ό
2517 350 2662 417 Θεὸς
2697 352 2787 406 ὅτι
2825 351 3210 424 ἀπέστρεψεν
3231 353 3475 423 ἕκαστος
3498 359 3600 413 ἀπὸ

2063 436 2176 505 τῆς
2205 436 2349 492 ὁδοῦ
2400 440 2583 495 αὐτοῦ
2637 441 2750 510 τῆς
2786 445 3076 514 πονηρᾶς,
3138 447 3235 500 καὶ
3263 449 3603 516 μετενόησεν

2063 527 2162 580 ἐπὶ
2203 527 2279 598 τῇ
2318 532 2518 598 κακίᾳ,
2564 526 2606 604 ᾖ
2643 533 2912 603 ἐλάλησε
2961 535 3212 605 ποιῆσαι
3255 538 3467 604 αὐτοῖς.
3507 542 3603 595 Οὐκ

2063 616 2240 688 εῐπεν,
2271 622 2352 677 ὅτι
2385 620 2508 678 Εῐδε
2537 633 2794 696 νηστείαν
2825 630 2920 681 καὶ
2949 633 3152 683 σάκκον
3169 630 3262 682 καὶ⁵
3287 630 3487 685 σποδόν.
3509 631 3604 686 Καὶ

2063 715 2240 768 ταῦτα
2277 717 2338 770 ού
2369 718 2622 788 νηστείαν
2663 719 2902 790 ἀναιρῶν
2934 721 3098 790 λέγω·
3123 723 3199 793 μὴ
3227 723 3448 791 γένοιτο·
3489 725 3604 779 ἀλλὰ

2062 806 2124 860 τὸ
2162 811 2260 879 τῆς
2292 810 2545 880 νηστείας
2568 815 2816 881 κρεῖττον
2849 817 3022 866 ποιεῖν
3041 813 3342 885 παραινῶν,
3375 815 3430 869 :6
3451 816 3604 887 πάσης

2063 898 2260 961 κακίας
2285 899 2604 969 ἀπέχεσθαι.
2634 901 2890 973 Ἥμαρτε
2917 903 3012 956 καὶ
3044 905 3072 957 6
3095 903 3278 956 Δαυῖδο
3315 905 3502 975 ἴδωμεν
3525 902 3602 959 οῦν

2062 991 2158 1043 καὶ
2201 984 2356 1054 οὗτος
2414 990 2532 1056 πῶς
2569 993 2884 1064 μετενόησε.
2917 994 3079 1064 Τρεῖς
3117 993 3334 1065 ἡμέρας
3383 994 3606 1048 ἐκάθισεν

2064 1083 2157 1135 ἐπὶ
2201 1083 2427 1152 τέφρας.
2484 1083 2622 1136 Ἀλλ’
2666 1084 2873 1148 ἐκεῖνος
2899 1086 2998 1155 οὐχ
3042 1085 3184 1156 ὑπὲρ
3216 1086 3320 1156 τῆς
3365 1086 3606 1157 ἁμαρτίας

2062 1173 2256 1236 ἐποίει,
2279 1174 2395 1228 ἀλλ’
2425 1175 2566 1246 ὑπὲρ
2593 1175 2688 1228 τοῦ
2721 1175 2956 1241 παιδίου,
2998 1175 3212 1247 μεθύων
3234 1176 3316 1229 ἐτι
3337 1174 3414 1247 τῷ
3438 1176 3605 1229 πάθει·

2061 1261 2160 1334 τὴν
2192 1263 2247 1316 δὲ
2266 1263 2543 1334 ἁμαρτίαν
2565 1265 2765 1334 ἐτέρως
2801 1264 3116 1338 ἁπέσμηχε,
3147 1264 3608 1338 ταπεινοφροσύνῃ,

2065 1353 2325 1427 συντριϐῇ
2351 1355 2598 1428 καρδίας,
2623 1356 2914 1421 κατανύξει
2953 1357 3152 1428 ψυχῆς,
3185 1357 3260 1428 τῷ
3308 1356 3495 1427 μηκέτι
3517 1358 3612 1419 τοῖς

2063 1447 2246 1510 αὐτοῖς
2273 1450 2612 1518 περιπεσεῖν,
2637 1448 2715 1519 τῷ
2739 1448 3048 1521 μεμνῆσθαι
3065 1449 3332 1520 διηνεκῶς
3355 1448 3612 1519 αὐτῆς,τῷ

2064 1536 2251 1609 φέρειν
2285 1537 2617 1609 εὐχαρίστως
2646 1537 2715 1592 τὰ
2741 1540 2965 1593 ἐπιόντα
2991 1541 3225 1606 ἅπαντα,
3263 1541 3343 1612 τῷ
3367 1539 3612 1611 φείδεσθαι

2062 1627 2172 1681 τῶν
2202 1628 2534 1693 λυπούντων,
2575 1629 2650 1700 τῷ
2675 1629 3075 1702 μὴ’ἁμύνεσθαι
3103 1633 3230 1695 τοὺς
3260 1632 3612 1686 ἐπιϐουλεύον-

2063 1734 2184 1783 τας,
2235 1719 2371 1772 ἀλλά
2419 1720 2668 1785 καὶτοὺς
2716 1721 3070 1793 βουλομένους
3106 1723 3262 1776 τοῦτο
3305 1727 3490 1789 ποιεῖν,
3522 1741 3614 1778 κω-

2063 1810 2230 1864 λύειν.
2287 1813 2412 1865 Ὅτε
2463 1812 2594 1881 γοῦν
2632 1814 2794 1868 αὐτὸν
2830 1817 2858 1868 6
2899 1815 3094 1886 Σεμεεὶ
3143 1818 3362 1888 μυρίοις
3412 1817 3613 1872 ἐπλυνεν

2063 1901 2310 1968 ὀνείδεσι,
2345 1903 2439 1956 τοῦ
2478 1903 2785 1976 στρατηγοῦ
2819 1905 2912 1960 τοῦ
2951 1907 3216 1979 παρόντος
3269 1908 3614 1978 ἀγανακτοῦν-

2064 2005 2175 2052 τος,
2209 1989 2415 2058 ἔλεγεν,
2447 1993 2632 2061 ’Ἄφες
2659 1994 2846 2048 αὐτὸν
2875 1997 3247 2065 καταρᾶσθαι
3278 2016 3374 2068 με,
3407 1999 3490 2052 ὅτι
3519 1999 3614 2053 Κύ-

2058 2097 2194 2148 ριος
2220 2081 2560 2138 ἐνετείλατο
2596 2085 2774 2151 αὐτῷ.
2824 2089 3070 2161 Καρδίαν
3101 2091 3210 2159 γάρ
3246 2092 3615 2163 συντετριμμέ-

2065 2189 2165 2243 νην
2192 2174 2285 2227 καὶ
2352 2178 2831 2249 τεταπεινωμένην
2883 2175 3029 2250 εἶχεν
3055 2220 3070 2244 ,
3117 2181 3148 2235 6
3197 2183 3432 2254 μάλιστα
3470 2183 3613 2237 αὑτοῦ

2063 2266 2134 2320 τὰ
2150 2267 2524 2339 ἁμαρτήματα
2553 2269 2864 2341 ἀπέσμηχε·
2884 2273 2976 2325 καὶ
3003 2271 3074 2341 γὰ
3081 2291 3111 2344 ρ
3126 2274 3285 2327 τοῦτο
3314 2273 3614 2345 ἐξομολόγη-

2069 2376 2174 2425 σις,
2231 2359 2389 2414 τοῦτο
2433 2361 2714 2432 μετάνοια.
2752 2363 2852 2416 Ἂν
2881 2363 2940 2416 δὲ
2989 2366 3347 2437 νηστεύοντες
3388 2366 3616 2431 ἀλαζόνες

2065 2443 2238 2520 ὦμεν,
2263 2451 2322 2504 ού
2358 2451 2518 2523 μόνον
2541 2452 2694 2508 οὐδὲν
2711 2453 3096 2526 ὼφελήθημεν,
3147 2457 3288 2511 ἀλλὰ
3346 2458 3436 2512 καὶ
3480 2456 3617 2511 ἐϐλά-

2067 2541 2265 2614 ϐημεν.
2305 2543 2655 2599 Ταπείνωσον
2683 2545 2864 2599 τοίνυν
2892 2547 2993 2619 τὴν
3023 2548 3249 2620 καρδίαν
3285 2551 3381 2604 καὶ
3412 2551 3472 2604 σὺ
3493 2589 3507 2616 ,
3544 2548 3618 2603 ίνα

2067 2633 2158 2687 τὸν
2199 2633 2332 2687 Θεὸν
2363 2636 2646 2709 ἐπισπάσῃ
2670 2653 2686 2667 ·
2724 2638 2939 2709 Ἐγγὺς
2959 2639 3066 2712 γὰρ
3093 2642 3312 2710 Κύριος
3343 2642 3463 2708 τοῖς
3493 2657 3618 2695 συν-

2068 2723 2476 2796 τετριμμένοις
2519 2726 2594 2798 τῇ
2621 2729 2854 2798 καρδίᾳ.
2895 2733 3006 2803 Οὐχ
3032 2733 3161 2804 ὁρᾷς
3207 2735 3265 2786 ἐν
3290 2736 3412 2797 ταῖς
3445 2733 3618 2795 οίκίαις

2066 2817 2189 2880 ταῖς
2245 2817 2528 2888 λαμπραῖς
2581 2821 2706 2884 τοὺς
2761 2823 3174 2893 ἢτιμωμένους,
3216 2825 3338 2888 πῶς
3371 2825 3486 2878 ούδέ
3526 2823 3620 2878 τῶν

2069 2905 2368 2960 ἐλαττόνων
2399 2909 2627 2964 οίκετῶν
2669 2911 3000 2982 ὑϐριζόντων
3039 2915 3236 2979 αὐτοὺς
3284 2919 3387 2970 οὐκ
3434 2914 3618 2969 ἀντιλέο

2066 3017 2256 3069 γουσιν
2282 3041 2297 3065 ,
2341 3001 2478 3056 ἀλλά
2513 3005 2736 3075 φέρουσι
2761 3005 2850 3058 διά
2870 3005 2967 3076 τὴν
2993 3007 3238 3078 ἀτιμίαν,
3328 3008 3620 3082 περιέϐαλεν

2053 3093 2265 3156 ἀὐτοὺς
2289 3094 2320 3164 ἡ
2348 3094 2590 3166 ἁμαρτία
2613 3112 2628 3160 ;
2660 3095 2815 3149 υῦτω
2836 3097 3011 3152 καὶσὺ
3028 3099 3169 3152 ποίει
3191 3117 3207 3132 ο
3238 3101 3343 3155 κᾶν
3363 3101 3619 3173 λοιδορήσῃ

2070 3186 2130 3238 σέ
2161 3203 2262 3250 τις,
2294 3187 2369 3256 μὴ
2394 3187 2683 3261 ἀγριάνῃς,
2710 3189 2846 3243 ἀλλὰ
2873 3189 3146 3257 στέναξον,
3175 3192 3250 3263 μὴ
3267 3193 3363 3246 ἐπὶ
3383 3197 3446 3264 τῇ
3464 3191 3616 3262 ῦϐρει,

2067 3275 2183 3329 ἀλλ’
2217 3278 2309 3329 ἐπὶ
2329 3280 2392 3348 τῇ
2435 3277 2677 3350 ἁμαρτίᾳ
2717 3282 2784 3350 τῇ
2835 3296 2894 3333 σε
2937 3283 3016 3344 εἰς
3049 3281 3272 3353 ἀτιμίαν
3313 3280 3615 3354 ἐμϐαλούση.

2068 3368 2328 3434 Στέναξον
2355 3370 2482 3423 ὅταν
2506 3371 2778 3444 ἁμάρτῃς,
2822 3374 2896 3444 μὴ
2925 3375 3006 3427 ὅτι
3045 3374 3374 3439 κολάζεσθαι
3410 3374 3615 3446 μέλλεις⁸

2067 3459 2225 3512 τοῦτο
2245 3460 2353 3530 γάρ
2377 3461 2530 3515 οὐδέν
2549 3478 2562 3493 ο
2609 3462 2725 3516 ἀλλ’
2754 3464 2834 3516 ὅτι
2882 3465 3289 3536 προσέκρονσάς
3326 3483 3416 3520 σου
3445 3466 3514 3537 τῷ
3534 3467 3618 3517 Asc

2072 3551 2244 3621 σπότῃ
2269 3551 2347 3621 τῷ
2389 3551 2564 3615 οὕτως
2616 3554 2828 3625 ἡμέρῳ,
2861 3556 2938 3625 τῷ
2989 3556 3129 3609 οὕτω
3184 3575 3241 3609 σε
3277 3557 3510 3628 φιλοῦντι
3540 3557 3617 3610 καὶ

2071 3644 2471 3716 ἐκκρεμαμένῳ
2498 3646 2597 3716 τῆς
2629 3647 2902 3717 σωτηρίας
2926 3647 3025 3718 τῆς
3045 3649 3164 3720 σῆς,
3183 3649 3257 3713 ὡς
3279 3651 3374 3704 καὶ
3399 3650 3482 3703 τὸν
3512 3648 3615 3702 Υίὸν

2057 3737 2346 3791 ’ἐπιδοῦναι
2378 3737 2518 3807 ὑπὲρ
2551 3736 2643 3789 σοῦ
2685 3735 2862 3810 [466].
2895 3739 2992 3792 Διά
3021 3739 3193 3793 ταῦτα
3243 3741 3510 3806 στέναξον,
3538 3741 3617 3793 καὶ

2068 3829 2226 3883 τοῦτο
2268 3829 2409 3882 ποίει
2440 3828 2732 3900 διηνεκῶς·
2767 3829 2923 3882 τοῦτο
2956 3829 3064 3902 γὰρ
3111 3830 3509 3903 ἐξομολόγησις.
3538 3831 3614 3898 Μὴ

2069 3921 2164 3976 νῦν
2198 3923 2296 3993 μὲν
2320 3920 2561 3990 φαιδρὸς,
2586 3918 2772 3991 αὔριον
2789 3919 2844 3973 δὲ
2876 3921 3213 3991 σκυθρωπὸς,
3249 3919 3367 3975 εἶτα
3399 3920 3612 3992 φαιδρὸς,

2070 4014 2205 4069 ἀλλά
2228 4012 2520 4076 διαπαντὸς
2545 4013 2672 4084 μένε
2695 4014 2750 4066 ἐν
2777 4013 2853 4084 τῷ
2916 4013 3133 4067 πενθεῖν
3185 4014 3281 4068 καὶ
3338 4011 3613 4083 συντρίϐειν

2073 4107 2284 4161 σαυτόν.
2321 4105 2606 4175 Μακάριοι
2629 4106 2754 4176 γὰρ,
2781 4105 2962 4174 φησὶν,
2995 4108 3050 4159 οἱ
3073 4106 3453 4172 πενθοῦντες,
3476 4119 3611 4157 τουτ-

2071 4200 2245 4263 έστιν,
2302 4200 2349 4251 οί
2407 4197 2671 4269 διηνεκῶς
2717 4195 2873 4250 τοῦτο
2925 4197 3222 4260 ποιοῦντες.
3270 4197 3416 4251 Μένε
3480 4192 3614 4246 τοῦτο

2070 4291 2238 4344 ποιῶν
2262 4290 2544 4362 διηνεκῶς,
2577 4291 2672 4344 καὶ
2701 4289 2878 4361 σαυτῷ
2901 4290 3202 4362 προσέχων,
3232 4292 3329 4344 καὶ
3345 4285 3612 4358 συντρίϐων

2073 4403 2166 4436 σου
2200 4382 2296 4453 τὴν
2330 4382 2575 4454 καρδίαν,
2606 4380 2681 4444 ὡς
2713 4381 2778 4435 ἄν
2807 4399 2891 4444 τις
2916 4383 3140 4452 γνήσιον
3185 4382 3300 4434 υἱὸν
3356 4376 3613 4434 ἀποϐαλὼν

2071 4475 2314 4545 πενθοίη.
2345 4473 2727 4542 Διαρρήξατε,
2755 4475 2910 4545 φησὶ,
2937 4474 3044 4539 τὰς
3061 4473 3308 4541 καρδίας
3327 4470 3503 4543 ὑμῶν,
3529 4468 3609 4522 καὶ

2064 4565 2149 4636 μὴ
2179 4567 2250 4618 τὰ
2271 4564 2467 4634 ἱμάτια
2497 4561 2666 4634 ὑμῶν
2694 4603 2708 4616 .
2743 4564 2815 4617 Τὸ
2847 4564 2903 4617 δέ
2934 4563 3225 4636 διερρωγὸς
3249 4563 3350 4616 οὐκ
3382 4564 3445 4617 ἆν
3470 4563 3613 4627 ἐπαρ-

2070 4659 2210 4729 θείη*
2240 4658 2302 4711 τὸ
2359 4656 2817 4727 συντετριμμένον
2872 4655 2971 4709 οὐκ
3021 4656 3088 4709 ἂν
3137 4654 3480 4724 ἐξανασταίη.
3531 4646 3613 4701 Διά

2068 4751 2226 4805 τοῦτο
2249 4752 2276 4805 6
2301 4751 2401 4822 μὲν
2425 4750 2597 4819 λέγει,
2631 4747 3010 4816 Διαρρήξατε,
3038 4750 3064 4801 6
3092 4747 3148 4800 δέ
3189 4747 3358 4815 λέγει,
3379 4742 3613 4812 Καρδίαν

2069 4842 2583 4913 συντετριμμένην
2612 4841 2709 4895 καί
2754 4841 3266 4910 τεταπεινωμένην
3297 4841 3330 4893 ό
3358 4838 3493 4904 Θεὸς
3520 4834 3612 4890 οὐκ

2069 4935 2483 5003 ἐξουδενώσει.
2541 4934 2659 4988 Κᾶν
2709 4933 2870 5004 σοφὸς
2917 4929 3005 5008 ᾖς,
3063 4931 3166 4987 κᾶν
3223 4931 3489 4996 πλούσιος,
3527 4924 3614 4981 κᾶν

2069 5022 2354 5094 δυνάστης,
2387 5021 2679 5094 διάρρηξον
2728 5022 2827 5092 τὴν
2875 5021 3125 5091 καρδίαν,
3156 5019 3233 5093 μὴ
3281 5021 3424 5092 ἀφῇς
3469 5015 3612 5086 αὐτὴν

2074 5117 2217 5189 μέγα
2252 5118 2466 5186 φρονεῖν
2496 5115 2628 5186 μηδὲ
2663 5115 2954 5185 φυσᾶσθαι.
2983 5115 3055 5167 T6
3088 5115 3198 5186 γὰρ
3246 5111 3529 5185 διερρωγὸς

2071 5207 2327 5276 φυσᾶται,
2357 5204 2459 5259 κᾶν
2489 5202 2522 5280 ᾗ
2552 5223 2603 5258 τι
2626 5206 2686 5258 τὸ
2713 5207 2958 5276 ἐπαῖρον,
2989 5205 3050 5258 οὐ
3096 5204 3314 5258 δύναται
3346 5203 3542 5269 στέγειν
3560 5195 3612 5248 τὸ

2072 5300 2299 5370 φύσημα
2328 5297 2405 5369 τῷ
2433 5297 2773 5370 διερρῆχθαι.
2810 5297 2965 5352 οὕτω
2993 5298 3086 5352 καὶ
3115 5297 3179 5349 σὺ
3209 5291 3608 5364 ταπεινοφρόνη-

2073 5407 2201 5447 σον·
2225 5391 2478 5462 ἐννόησον
2527 5392 2609 5444 ὅτι
2651 5391 2888 5461 τελώνης
2939 5389 3048 5444 ἀπὸ
3100 5390 3341 5460 ρήματος
3388 5385 3499 5446 ἐνὸς
3523 5380 3611 5432 ἐδιο

2071 5484 2302 5556 καιὼθη·
2332 5484 2509 5538 καίτοι
2543 5501 2607 5553 γε
2653 5483 2773 5537 ούδέ
2832 5481 3294 5554 ταπεινοφροσύνη
3341 5483 3506 5534 ἐκεῖνο
3537 5470 3610 5544 ἦν.

2072 5576 2184 5632 ἀλλ’
2231 5575 2492 5647 ὁμολογία
2539 5575 2765 5646 ἀληθής.
2813 5577 2874 5630 Εἰ
2919 5576 2975 5630 δέ
3033 5575 3188 5629 τοῦτο
3237 5573 3494 5642 τοσαύτην
3518 5567 3610 5635 ἔχει

2077 5671 2249 5740 ἰσχὺν,
2288 5669 2438 5741 πόσῳ
2470 5668 2666 5740 μᾶλλον
2695 5666 3189 5739 ταπεινοφροσύνης
3216 5667 3382 5734 ’Ἄφες
3397 5654 3610 5732 ἀμαρτή·
