3712 6212
99 361 166 417 lii
757 392 763 398 -
963 361 1027 417 ΙΝ
1067 360 1278 418 EPIST.
1321 361 1361 416 ll
1426 361 1519 416 AD
1559 360 1714 417 COR.
1758 362 1987 421 ilOMlL.
2030 367 2118 423 ιν.

100 490 164 542 :st,
191 476 269 530 hoc
306 485 367 531 est
386 517 397 539 ,
419 475 594 529 aliena:
640 473 716 528 rei
745 476 1060 545 usurpatio?
1087 474 1201 530 Non
1244 475 1385 530 enim
1416 475 1550 529 satis

100 571 209 623 labet
229 582 302 637 per
343 575 583 636 peccatum
617 580 715 620 nos
754 566 1005 636 dejicere,
1044 566 1137 621 sed
1165 582 1259 635 per
1291 567 1552 635 paeniten-

100 665 176 715 iatn
198 675 381 729 quoque,
405 659 491 713 nisi
517 659 816 728 vigilemus,
850 659 990 714 idem
1024 659 1208 714 efficit.
1238 661 1409 729 Atque
1433 657 1554 713 ideo

100 762 285 817 ιλισνιξίαν
322 751 480 805 merito
505 750 829 819 appellavit,
871 766 991 804 cum
1022 766 1119 821 per
1156 765 1219 805 ea
1250 750 1408 804 etiam
1436 764 1554 819 qua:

102 856 214 899 ostra
237 852 362 907 sunt,
386 842 642 897 victoriam
672 842 1004 911 adipiscitur.
1042 841 1254 897 Etenim
1300 857 1394 910 per
1425 854 1552 910 pec-

100 948 207 992 uum
231 951 386 1005 capere
423 936 685 1005 proprium
715 936 880 1004 ipsius
908 946 1029 1001 est,
1064 945 1117 990 at
1146 952 1244 1005 per
1288 936 1555 1003 paeniten-

100 1044 184 1093 am,
207 1043 291 1081 non
312 1028 414 1082 item
440 1043 452 1080 :
484 1038 723 1081 nostrum
751 1028 917 1093 enim,
951 1044 1057 1082 non
1086 1039 1263 1083 autem
1296 1027 1440 1082 illius
1470 1037 1555 1081 est

100 1134 145 1183 oe
176 1132 397 1173 armorum
419 1133 597 1188 genus.
630 1118 990 1185 Quamobrem
1017 1134 1137 1172 cum
1186 1118 1313 1173 hinc
1341 1133 1553 1188 quoque

99 1227 214 1279 ipere
240 1219 405 1279 potest,
433 1210 793 1263 animadverte
818 1226 976 1279 quam
1007 1211 1175 1279 turpis
1201 1210 1272 1264 sit
1302 1210 1416 1265 haec
1443 1210 1554 1264 cla-

100 1320 149 1368 es,
172 1312 480 1373 quantumque
500 1303 589 1357 ille
616 1312 670 1355 ut
700 1303 944 1357 imbelles
965 1312 1019 1357 et
1046 1304 1273 1358 miseros
1302 1304 1554 1358 irrisurus

99 1410 184 1464 que
207 1395 525 1464 exagitaturus
553 1404 674 1461 est,
721 1394 984 1463 siquidem
1013 1410 1111 1450 nos
1134 1396 1445 1451 nostrismet
1469 1412 1550 1450 ar-

98 1486 133 1539 is
170 1485 418 1554 subegerit.
468 1484 732 1554 Perquam
761 1485 901 1539 enim
934 1484 1214 1541 ridiculum
1242 1501 1306 1539 ac
1343 1501 1553 1541 summe

98 1573 301 1627 dendutn
338 1574 450 1628 illud
488 1584 608 1641 est,
647 1575 786 1643 quod
819 1592 909 1645 per
955 1576 1342 1631 medicamenta
1370 1588 1550 1632 nostra

97 1680 135 1718 se
160 1664 349 1718 vulnera
376 1664 579 1719 efficiat.
612 1664 738 1720 Ideo
766 1666 962 1721 Paulus
985 1666 1229 1733 dicebat,
1271 1666 1395 1722 Non
1421 1669 1554 1721 enim

98 1756 172 1807 ius
210 1755 501 1825 cogitationes
529 1756 860 1826 ignoramus;
888 1756 989 1811 hoc
1030 1766 1113 1811 est
1137 1798 1153 1821 ,
1178 1773 1336 1828 quam
1370 1758 1549 1812 multi-

97 1862 134 1898 ex
158 1887 172 1912 ,
212 1862 350 1915 quam
388 1847 526 1900 vafer
549 1888 564 1913 ,
597 1862 755 1917 quam
786 1857 1054 1903 veterator
1083 1863 1145 1903 ac
1175 1859 1421 1904 versutus
1460 1849 1556 1918 sit,

98 1954 162 1991 tm
199 1938 401 2007 denique
446 1921 541 1992 sub
588 1939 801 2008 pietatis
847 1939 1071 1994 obtentu
1112 1940 1360 1994 infestum
1401 1941 1555 1995 nobis

97 2041 210 2084 item
253 2030 481 2099 prmbeat.
520 2030 645 2086 Haec
689 2032 846 2101 igitur
872 2047 971 2086 nos
1021 2048 1234 2104 quoque
1258 2034 1554 2104 cogitantes

97 2121 258 2174 niuem
286 2137 513 2191 umquam
542 2130 950 2177 contemnamus
972 2165 985 2189 ,
1017 2138 1115 2178 nec
1148 2135 1430 2193 peccantes
1460 2124 1554 2179 de-

97 2230 283 2278 remus,
310 2230 399 2270 nec
424 2230 630 2270 rursum
657 2214 903 2270 socordia
930 2215 1275 2287 langucamus
1299 2233 1313 2282 ;
1344 2232 1551 2285 verum,

100 2323 112 2360 ι
142 2316 402 2376 peccatum
430 2308 760 2373 admisimus,
793 2309 1031 2362 animum
1057 2319 1423 2375 conteramus,
1455 2325 1555 2366 nec

98 2402 149 2453 ba
202 2401 459 2454 dumtaxat
513 2401 864 2470 proferamus.
910 2401 1181 2471 Siquidem
1244 2401 1554 2472 complures

97 2490 107 2544 i
130 2492 219 2560 qui
241 2506 295 2545 se
318 2492 524 2561 quidem
547 2500 765 2562 peccata
792 2506 887 2546 sua
915 2492 1115 2547 deﬂere
1131 2493 1301 2559 aiunt,
1328 2503 1386 2547 at
1412 2494 1552 2547 inte-

110 2582 186 2636 nil
216 2584 381 2653 magni
406 2591 734 2652 operantur;
763 2598 946 2637 verum
969 2572 1217 2653 jejunaut
1238 2585 1312 2639 illi
1340 2584 1554 2654 quidem

102 2683 245 2729 estes
275 2689 487 2744 asperas
510 2662 723 2746 gestant
750 2715 765 2740 ,
794 2685 1049 2730 cmterum
1081 2676 1275 2747 majori
1301 2680 1554 2747 pecunia-

122 2766 408 2835 cupiditate
437 2767 663 2837 flagrant
685 2808 701 2834 ,
739 2784 897 2836 quam
929 2782 1238 2839 caupones;
1282 2771 1359 2825 ira
1389 2772 1556 2842 magis

97 2860 357 2928 ipiuntur,
384 2874 540 2929 quam
567 2859 695 2914 ferae
719 2877 735 2925 ;
764 2868 926 2930 atque
949 2860 1335 2917 obtrectatione
1367 2864 1552 2933 magis,

95 2968 123 3004 ιι
151 2951 247 3005 alii
274 2951 662 3007 laudationibus
690 2951 1044 3008 delectantur.
1081 2954 1406 3010 Pmnitentia
1452 2956 1554 3010 ista

97 3054 229 3099 sunt
270 3061 283 3098 :
313 3045 639 3115 poenitentiae
666 3045 813 3101 larva
859 3054 1020 3117 atque
1047 3048 1233 3102 umbra
1273 3048 1375 3103 ista
1405 3057 1549 3114 sunt,

95 3136 432 3205 poenitentia.
461 3136 543 3192 0b
571 3136 733 3207 idque
755 3137 823 3192 ad
852 3138 1117 3207 ejusmodi
1148 3138 1393 3195 homines
1425 3140 1555 3195 illud

96 3243 225 3283 nare
246 3228 389 3294 licet,
421 3228 610 3285 Videte
642 3245 710 3285 ne
735 3230 1228 3286 circumveniamur
1263 3248 1292 3287 a
1329 3241 1554 3299 satana;

106 3322 265 3375 enim
306 3321 424 3392 ejus
452 3313 803 3392 cogitationes
830 3323 1156 3391 ignoramus.
1187 3324 1335 3379 Alios
1358 3324 1558 3395 quippe

95 3420 304 3466 teccata
326 3454 341 3479 ,
374 3412 513 3467 alios
539 3427 636 3483 per
668 3414 1036 3483 paenitentiam
1063 3455 1077 3480 ,
1107 3415 1242 3471 alios
1265 3417 1373 3472 alio
1396 3417 1556 3473 modo

96 3515 114 3557 t
140 3521 158 3569 ;
194 3503 326 3558 dum
352 3504 605 3560 videlicet
645 3519 740 3559 eos
768 3506 971 3559 nullum
1004 3521 1068 3561 ex
1096 3508 1412 3576 poenitentia
1437 3507 1552 3563 fru-

110 3595 413 3664 percipere
443 3595 592 3651 sinit.
616 3593 749 3649 Nam
777 3610 899 3651 cum
941 3597 1261 3666 quibusdam
1290 3610 1442 3655 recta
1466 3600 1551 3657 via

96 3691 247 3743 :iem
290 3688 494 3748 afferre
526 3693 753 3761 nequit,
784 3692 1008 3746 alteram
1037 3693 1175 3746 viam
1208 3692 1336 3759 init,
1370 3693 1553 3764 sicque

95 3797 127 3832 η
139 3789 311 3849 parat
338 3823 353 3844 ,
387 3790 446 3835 ut
477 3782 689 3837 labores
713 3783 928 3853 quidem
953 3792 1183 3854 augeat,
1217 3785 1421 3840 fructus
1459 3800 1554 3839 au-

95 3872 285 3925 dimat
309 3912 324 3936 ,
358 3872 599 3942 ipsisque
626 3872 725 3927 hoc
766 3874 1127 3943 persuadeat,
1171 3884 1230 3930 ut
1261 3884 1533 3946 tamquam

95 3978 167 4016 ex
210 3974 373 4031 parte
415 3965 597 4017 officio
645 3964 950 4034 perfuncti,
1002 3967 1207 4037 reliqua
1255 3968 1547 4037 negligant.

96 4070 191 4109 ἐς]
224 4070 298 4109 ne
327 4056 606 4112 incassum
637 4058 884 4127 nosipsos
912 4074 1195 4125 vexemus,
1228 4060 1448 4116 brevem
1479 4062 1547 4115 ad

95 4146 242 4199 nodi
273 4147 544 4202 mulieres
568 4150 869 4204 orationem
893 4149 1185 4204 habeamus
1220 4169 1233 4206 :
1265 4152 1547 4207 mulierum

95 4237 461 4293 totissinium
488 4238 574 4294 hic
610 4241 832 4295 morbus
852 4252 955 4295 est.
978 4241 1302 4296 Praeclarum
1333 4243 1548 4312 quidem

99 4344 277 4399 oque
308 4339 403 4385 est
429 4373 445 4397 ,
480 4334 621 4403 quod
656 4347 798 4387 nunc
825 4332 997 4387 facitis
1024 4372 1039 4399 ,
1067 4332 1170 4388 hoc
1197 4343 1280 4388 est
1303 4334 1549 4404 jejunare

95 4424 156 4476 ni
208 4424 436 4479 cubare
487 4439 549 4479 ac
576 4426 814 4480 cinerem
845 4424 1142 4489 adhibere;
1174 4426 1269 4481 sed
1315 4428 1417 4481 nisi
1444 4427 1547 4483 alia

95 4530 113 4544 ι
149 4516 568 4580 accesserint,
600 4516 744 4570 nulla
776 4516 899 4570 hinc
926 4516 1128 4570 utilitas
1165 4526 1544 4587 consequetur.

95 4609 147 4660 it.
189 4607 359 4661 Deus
388 4623 506 4676 quo
540 4616 699 4678 pacto
732 4617 950 4678 peccata
980 4610 1218 4663 remittat
1251 4626 1265 4662 :
1293 4609 1419 4680 quid
1450 4611 1548 4680 igi-

95 4706 212 4750 cta
244 4698 365 4752 hac
401 4698 495 4753 via
517 4698 740 4754 alteram
764 4699 917 4753 vobis
936 4700 1179 4754 sternitis
1199 4701 1223 4753 ?
1247 4701 1546 4756 Peccarunt

96 4804 167 4841 ιη
228 4787 521 4843 Ninivitze
550 4830 566 4854 ,
595 4803 766 4860 eaque
796 4788 1035 4845 fecerunt
1064 4805 1184 4860 qua:
1213 4806 1306 4845 vos
1334 4807 1545 4862 quoque

102 4878 266 4934 citis
298 4896 316 4944 ;
356 4880 466 4935 Sed
502 4880 779 4935 videamus
806 4880 1066 4951 quidnam
1099 4882 1230 4950 ipsis
1260 4882 1541 4938 utilitatem

95 4981 137 5024 t.
184 4972 697 5038 Quemadmodum
725 4973 870 5027 enim
915 4971 1107 5028 medici
1136 4972 1353 5042 aegrotis
1376 4975 1541 5029 multa

96 5063 414 5117 remedia
429 5062 729 5126 adhibent;
763 5062 857 5118 sed
881 5064 969 5133 qui
994 5064 1170 5132 sagaci
1190 5064 1407 5133 ingenio
1430 5074 1538 5131 est,

95 5173 101 5204 ε
153 5154 525 5223 perpendit,
559 5153 699 5223 quod
725 5153 829 5208 hoc
845 5163 1004 5223 atque
1031 5153 1125 5208 illo
1149 5153 1541 5210 medicamento

114 5246 190 5299 is
226 5246 337 5315 qui
373 5245 619 5301 adversa
657 5246 965 5301 valetudine
988 5246 1223 5313 laborat,
1251 5246 1347 5302 sed
1376 5262 1536 5318 quam

96 5354 157 5390 ιι
230 5336 393 5393 hinc
441 5339 519 5393 sit
563 5349 971 5410 consequutus:
1003 5338 1191 5394 eodem
1241 5340 1400 5396 modo
1447 5341 1537 5397 hic

96 5444 154 5482 τε
216 5429 621 5498 expendenda
649 5437 753 5484 est.
795 5428 1058 5497 Quidnam
1100 5428 1263 5499 igitur
1288 5431 1534 5488 barbaris

95 5520 237 5574 tati
287 5521 418 5576 fuit
436 5523 463 5577 ἲ
493 5522 817 5578 Vulneribus
842 5523 957 5576 suis
984 5521 1243 5591 jejunium
1267 5525 1533 5582 adhibue-

95 5610 208 5665 [αἱ
244 5614 637 5669 cubationem
662 5656 678 5681 ,
710 5629 923 5669 saccum
946 5654 961 5679 ,
989 5614 1227 5669 cinerem
1252 5655 1267 5681 ,
1297 5614 1479 5672 fletum
1513 5634 1529 5673 :

108 5712 258 5758 unt
286 5707 489 5761 etiam
516 5708 637 5762 vita:
665 5709 1033 5771 mutationem.

95 5809 365 5853 camus
402 5798 575 5869 igitur
601 5799 850 5870 quidnam
877 5800 1066 5859 horum
1093 5802 1375 5862 sanitatem
1402 5804 1532 5876 ipsis

3133 379 3239 434 1‘26

1658 477 1914 533 attulerit.
1960 479 2111 536 Unde
2154 493 2329 539 autem
2372 485 2473 541 hoc
2513 488 2780 555 sciemus,
2815 490 3058 561 inquies?
3089 494 3143 549 Si
3172 497 3240 549 ad

1658 570 1922 627 medicum
1972 576 2328 641 accedamus,
2376 589 2537 649 atque
2590 580 2760 652 ipsum
2808 586 3239 655 interrogemus:

1658 678 1831 733 neque
1854 666 1997 721 enim
2035 667 2086 723 id
2118 684 2214 724 nos
2242 670 2470 736 celabit,
2501 674 2594 728 sed
2624 676 2783 729 etiam
2826 676 3050 731 libenter
3075 678 3239 733 dicet.

1659 754 1770 809 lmo
1813 759 1987 827 potius
2031 775 2097 814 ne
2138 762 2257 831 quis
2306 762 2551 832 ignoret,
2594 776 2685 821 aut
2726 768 2981 822 sciscitari
3017 784 3241 824 necesse

1658 844 1880 914 habeat,
1914 849 2257 919 pharmacum
2284 870 2515 925 quoque,
2547 858 2688 927 quod
2723 875 2816 913 eos
2846 861 3036 924 erexit,
3071 861 3241 917 literis

1659 939 1947 994 mandavit.
1978 942 2254 1007 Quodnam
2296 947 2453 1016 igitur
2491 949 2631 1002 istud
2660 954 2782 1005 est?
2825 950 2995 1018 Vidit,
3032 953 3200 1023 inquit
3226 996 3239 1013 .

1657 1028 1795 1084 Deus
1831 1033 1966 1101 quod
1999 1050 2263 1091 conversus
2292 1048 2365 1092 est
2392 1042 2731 1110 unusquisque
2760 1060 2790 1094 α
2818 1044 2898 1096 via
2922 1062 3015 1098 sua
3042 1063 3199 1115 prava
3225 1062 3243 1100 :

1656 1131 1703 1173 et
1731 1124 1959 1192 paenituit
1988 1141 2101 1180 eum
2127 1128 2375 1181 malorum
2404 1146 2517 1197 qua:
2555 1132 2788 1202 loquutus
2827 1137 2989 1203 fuerat
3018 1146 3071 1189 ut
3100 1137 3212 1205 [ace
3230 1167 3241 1177 -

1656 1222 1731 1265 ret
1770 1214 1841 1267 eis
1881 1215 2074 1285 (Iona:
2103 1219 2154 1273 5.
2190 1218 2323 1290 10
2356 1220 2468 1276 Non
2510 1222 2678 1287 dixit,
2718 1222 2859 1278 Vidit
2895 1225 3159 1294 jejunium
3190 1238 3244 1283 et

1657 1305 1887 1360 cilicium
1917 1322 1978 1361 ac
2005 1310 2261 1365 cinerem.
2293 1311 2402 1366 Nec
2435 1322 2608 1367 tamen
2640 1315 2753 1369 lucc
2782 1330 2847 1371 eo
2874 1317 2994 1371 dico
3019 1359 3032 1382 ,
3064 1327 3122 1372 ut
3156 1320 3241 1388 je-

1652 1394 1859 1464 junium
1894 1399 2111 1465 tollam;
2143 1412 2348 1457 avertat
2377 1403 2478 1468 hoc
2509 1406 2681 1468 Deus;
2715 1407 2809 1461 sed
2844 1416 2900 1461 ut
2929 1423 3024 1462 vos
3051 1410 3116 1463 ad
3148 1411 3196 1465 id
3223 1453 3239 1476 ,

1656 1488 1796 1556 quod
1823 1488 2026 1558 jejunio
2054 1495 2393 1561 praestantius
2416 1504 2497 1551 est
2516 1538 2532 1561 ,
2566 1496 2866 1553 faciendum
2896 1500 3078 1556 horter
3097 1544 3111 1567 ,
3141 1503 3241 1558 hoc

1657 1590 1782 1643 est,
1832 1590 1888 1633 ut
1935 1581 2003 1635 ah
2051 1585 2193 1637 onmi
2242 1586 2370 1640 vitio
2414 1587 2745 1651 abstitteatis.
2796 1590 3044 1646 Peccavit
3083 1596 3239 1648 etiam

1658 1671 1823 1739 David
1852 1691 1866 1727 :
1896 1673 2171 1728 videamus
2200 1676 2360 1746 igitur
2385 1694 2491 1747 quo
2520 1689 2675 1748 pacto
2702 1680 2786 1737 hic
2816 1698 3026 1752 quoque
3067 1687 3240 1754 poeni-

1656 1762 1878 1817 tentiam
1901 1764 2087 1833 egerit.
2114 1765 2246 1819 Tres
2269 1775 2408 1820 totos
2428 1768 2544 1823 dies
2569 1769 2621 1823 in
2644 1771 2824 1825 cinere
2850 1773 2986 1827 sedit
3009 1774 3084 1845 (2.
3110 1774 3240 1845 Reg.

1658 1852 1785 1923 1:2).
1817 1854 1888 1908 At
1918 1854 2005 1909 ille
2035 1856 2249 1925 quidem
2283 1856 2383 1912 hoc
2410 1874 2517 1913 non
2548 1860 2617 1915 ob
2643 1874 2917 1929 peccatum
2951 1865 3072 1920 fecit
3099 1906 3114 1933 ,
3148 1868 3240 1922 sed

1659 1945 1750 1997 filii
1782 1959 1940 1999 causa
1966 1986 1981 2011 ,
2014 1946 2318 2003 calamitate
2362 1948 2610 2004 nimirum
2654 1952 2827 2008 adhuc
2876 1957 3197 2014 temulentus
3229 1978 3242 2013 :

1659 2046 1934 2106 peccatum
1961 2049 2140 2093 autem
2166 2039 2274 2093 alio
2298 2040 2458 2095 modo
2482 2041 2767 2109 abstersit,
2802 2061 2992 2115 nempe
3019 2064 3113 2118 per
3142 2049 3239 2104 hu-

1659 2129 1961 2195 militatem,
1994 2146 2089 2199 per
2118 2131 2297 2185 cordis
2325 2134 2723 2201 contritionem,
2754 2153 2849 2206 per
2875 2140 3064 2194 anima:
3092 2156 3244 2195 com-

1660 2222 1999 2292 punctionem
2025 2264 2040 2288 ,
2081 2224 2208 2278 dum
2256 2226 2414 2280 etiam
2462 2226 2591 2281 illud
2633 2239 2825 2296 cavet,
2858 2247 2926 2286 ne
2964 2233 3014 2286 in
3056 2235 3242 2288 eadem

1659 2313 1947 2381 relabatur,
1976 2314 2098 2369 dum
2129 2318 2330 2384 peccati
2366 2334 2655 2388 numquam
2684 2323 2996 2377 memoriam
3026 2324 3208 2393 abjicit
3227 2369 3242 2391 ,

1659 2403 1788 2459 dum
1830 2405 2096 2460 irruentes
2126 2422 2312 2463 onmes
2352 2409 2672 2465 acerbitates
2709 2424 2861 2481 grato
2896 2414 3073 2467 animo
3104 2414 3244 2483 fert,

1659 2496 1786 2551 dum
1818 2497 1882 2552 iis
1910 2512 1939 2550 a
1969 2498 2163 2567 quibus
2206 2501 2447 2555 molestia
2488 2501 2721 2557 afficitur
2762 2507 2929 2574 parcit
2955 2547 2969 2570 ,
2998 2507 3127 2561 dum
3153 2525 3247 2563 eos

1659 2590 1751 2658 qui
1792 2590 1891 2659 ipsi
1931 2590 2149 2645 insidias
2180 2601 2365 2660 parant
2406 2609 2510 2647 non
2553 2594 2844 2662 ulciscitur,
2876 2597 2983 2651 imo
3027 2614 3121 2654 eos
3157 2600 3246 2669 qui

1662 2679 1713 2734 id
1752 2679 1928 2736 facere
1955 2682 2179 2751 cupiunt
2207 2683 2471 2751 prohibet.
2500 2684 2630 2739 Nam
2658 2701 2777 2741 cum
2803 2688 2979 2743 Semei
3011 2705 3131 2743 cum
3161 2691 3245 2745 in-

1662 2772 1899 2827 numeris
1942 2772 2152 2841 probris
2192 2773 2481 2842 obrueret,
2524 2791 2587 2830 ac
2618 2778 2927 2832 militarium
2971 2782 3245 2849 copiarum

1663 2862 1974 2931 praefectus,
2005 2863 2094 2932 qui
2124 2872 2231 2917 tum
2264 2864 2482 2931 aderat,
2514 2867 2565 2921 id
2595 2868 2813 2938 indigno
2839 2871 3018 2924 animo
3051 2873 3243 2936 ferret,

1664 2954 1873 3010 dicebat
1902 2956 2029 3010 Sine
2056 2958 2200 3009 illum
2231 2958 2355 3010 mihi
2384 2960 2681 3014 maledicere
2707 2977 2726 3014 .'
2757 2961 2893 3016 Deus
2920 2964 3051 3017 enim
3082 2965 3175 3017 hoc
3204 2967 3248 3019 ei

1665 3046 1901 3114 praecepit
1952 3045 2085 3116 (Id.
2121 3046 2208 3101 16.
2255 3048 2392 3119 10).
2450 3050 2555 3104 Cor
2605 3052 2799 3121 quippe
2850 3055 3139 3108 contritum
3194 3066 3246 3110 et

1662 3134 1999 3211 humiliatum
2027 3134 2200 3209 (Psat.
2233 3138 2322 3193 50.
2356 3138 2446 3210 19)
2475 3138 2723 3208 habebat,
2753 3143 2894 3212 quod
2927 3143 3092 3213 ipsius
3120 3160 3247 3214 pec-

1660 3235 1775 3282 cata
1816 3227 2048 3283 maxime
2084 3228 2427 3299 abstergebat
2459 3247 2473 3285 :
2505 3246 2625 3285 nam
2666 3233 2769 3287 hoc
2808 3234 3075 3290 confessio
3096 3278 3113 3305 ,
3147 3236 3249 3303 hoc

1659 3317 1975 3389 pmniteutia
2002 3328 2103 3373 est.
2135 3320 2288 3386 Quod
2315 3321 2359 3375 si
2386 3321 2691 3391 jejunantes
2716 3327 3019 3395 arrogantia
3049 3327 3249 3382 labore-

1660 3424 1800 3472 mus,
1823 3425 1928 3463 non
1953 3410 2113 3465 modo
2137 3412 2338 3465 nullum
2361 3411 2486 3467 hinc
2506 3414 2948 3485 emolumentum,
2972 3419 3064 3474 sed
3087 3421 3247 3475 etiam

1659 3501 2039 3557 detrimentum
2088 3504 2386 3572 capiemus.
2433 3503 2789 3572 Quamobrem
2823 3516 2876 3563 tu
2913 3525 3123 3581 queque
3152 3528 3249 3570 cor

1660 3602 1807 3648 tuum
1834 3593 2055 3649 demitte
2078 3634 2095 3658 ,
2124 3602 2182 3648 ut
2216 3595 2385 3650 Deum
2415 3597 2617 3650 allicias
2647 3613 2660 3650 :
2688 3596 2863 3668 Prope
2898 3601 3040 3656 enim
3067 3613 3139 3658 est
3168 3606 3247 3659 his

1656 3687 1742 3756 qui
1772 3686 2010 3740 tribulam
2038 3695 2154 3740 sunt
2183 3687 2335 3741 corde
2360 3685 2381 3759 (
2408 3685 2555 3741 Psal.
2588 3690 2677 3765 55.
2708 3691 2775 3745 19
2801 3692 2843 3761 ).
2876 3692 3064 3746 Annon
3100 3694 3247 3749 vides

1656 3778 1927 3848 quomodo
1952 3778 2003 3831 in
2029 3778 2325 3847 splendidis
2348 3778 2553 3834 aedibus
2580 3779 2637 3843 ii,
2663 3781 2750 3850 qui
2778 3781 3043 3837 dedecore
3068 3785 3244 3839 affecti

1656 3877 1781 3929 sunt
1804 3910 1819 3933 ,
1847 3883 1967 3924 cum
1998 3869 2161 3924 etiam
2198 3870 2265 3924 ab
2305 3870 2501 3924 infimis
2526 3871 2823 3941 quibusque
2852 3874 3024 3928 servis
3050 3886 3244 3930 conlu-

1656 3962 1870 4017 meliam
1909 3961 2216 4029 accipiunt,
2260 3978 2365 4016 non
2410 3972 2586 4017 tamen
2630 3963 3019 4031 colluctcntur,
3052 3967 3144 4021 sed
3176 3969 3245 4022 ob

1655 4053 1927 4106 infamiam
1957 4067 2075 4107 eam
2099 4092 2116 4117 ,
2145 4067 2303 4121 quam
2353 4063 2626 4120 peccatum
2667 4054 2795 4123 ipsis
2835 4056 3058 4121 inussit,
3089 4074 3244 4129 mque

1654 4145 1834 4198 animo
1868 4144 1921 4197 id
1951 4142 2164 4198 ferant?
2197 4142 2340 4196 idem
2371 4158 2583 4213 quoque
2623 4152 2677 4198 tu
2720 4146 2883 4200 facias
2913 4164 2925 4198 :
2955 4146 3001 4201 si
3040 4152 3157 4215 quis
3190 4158 3243 4205 te

1653 4234 1912 4290 conviciis
1938 4233 2248 4298 insectetur,
2282 4248 2348 4288 ne
2373 4236 2707 4303 exaspereris
2726 4275 2742 4301 ,
2774 4236 2870 4290 sed
2901 4236 3239 4308 ingemiscas.

1653 4343 1759 4383 non
1802 4327 1871 4381 ob
1908 4326 2109 4381 illatam
2152 4324 2245 4379 tibi
2284 4325 2703 4389 contumeliam,
2738 4327 2832 4381 sed
2863 4327 2932 4381 ob
2960 4341 3237 4396 peccatum

1653 4417 1793 4489 quod
1828 4426 1877 4471 te
1906 4416 1959 4471 in
1989 4416 2333 4485 ignominiam
2362 4415 2611 4485 conjecit.
2644 4417 2774 4471 Cum
2811 4422 3117 4488 peccaveris
3157 4422 3239 4489 ius

1650 4512 1884 4581 gemisce
1907 4553 1921 4578 ,
1956 4526 2061 4565 non
2111 4510 2252 4580 quod
2298 4524 2482 4579 pmnas
2521 4510 2743 4565 daturus
2784 4512 2858 4565 sis
2883 4553 2897 4576 ,
2931 4513 3061 4566 nihil
3094 4515 3236 4568 enim

1651 4603 1754 4658 hoc
1792 4611 1907 4663 est;
1940 4600 2034 4658 sed
2075 4600 2216 4670 quod
2256 4601 2538 4655 Dominum
2582 4609 2729 4654 tuum
2770 4601 3055 4657 offenderis
3080 4644 3095 4669 ,
3130 4612 3234 4657 tam

1649 4696 1936 4765 benignum
1962 4735 1977 4762 ,
2011 4702 2116 4747 tam
2149 4703 2199 4748 te
2222 4701 2488 4748 amantem
2514 4732 2528 4755 ,
2560 4702 2665 4747 tam
2694 4692 2923 4763 denique
2947 4695 3103 4750 saluti
3137 4706 3238 4750 tua:

1649 4801 1942 4857 appensum
1969 4826 1983 4849 ,
2022 4795 2081 4839 ut
2111 4784 2299 4839 Filium
2331 4797 2543 4855 quoque
2569 4800 2727 4855 suum
2758 4794 2845 4839 tua
2875 4800 3029 4839 causa
3072 4787 3203 4840 tradi
3224 4816 3238 4827 ς

1649 4881 1807 4936 derit.
1837 4878 2129 4949 lngemisce
2155 4878 2298 4944 ideo,
2324 4894 2497 4948 neque
2522 4894 2770 4948 umquam
2794 4879 2846 4933 id
2870 4879 3043 4934 facere
3070 4879 3236 4934 inter—

1650 4974 1800 5027 mitte
1838 4989 1853 5024 :
1890 4971 2089 5027 etenim
2124 4970 2224 5023 hoc
2249 4969 2464 5025 demum
2504 4979 2588 5025 est
2626 4970 2913 5026 confessio.
2946 4971 3061 5026 Non
3092 4988 3232 5026 nunc

1648 5062 1863 5127 laetum,
1913 5077 2032 5116 cras
2079 5069 2259 5115 autem
2302 5069 2554 5116 mtestum
2597 5076 2661 5116 ac
2702 5078 2913 5117 rursum
2958 5064 3136 5117 laetum
3181 5072 3234 5119 te

1648 5155 1858 5225 praebe;
1892 5170 2077 5209 verum
2111 5164 2368 5224 perpetuo
2410 5155 2462 5209 in
2505 5155 2645 5211 luctu
2690 5172 2752 5210 ac
2792 5158 2863 5210 tui
2908 5157 3230 5213 contritione

1645 5263 1821 5303 mane.
1853 5246 1995 5300 Beati
2024 5247 2166 5301 enim
2190 5286 2205 5310 ,
2240 5247 2442 5316 inquit,
2472 5248 2558 5317 qui
2585 5248 2756 5317 lugent
2783 5246 3005 5319 (ΜαιιΙι.
3036 5251 3089 5305 5.
3117 5250 3185 5319 5)
3209 5290 3229 5317 ,

1644 5340 1749 5395 hoc
1771 5349 1885 5405 est,
1914 5338 2005 5408 qui
2032 5337 2246 5393 assidue
2273 5336 2374 5393 hoc
2400 5338 2617 5393 iaciunt.
2648 5338 2762 5393 Hoc
2790 5353 3001 5408 semper
3030 5340 3188 5393 facias
3209 5382 3226 5406 ,

1644 5434 1848 5502 tibique
1872 5430 2140 5497 attendas,
2166 5444 2231 5484 ac
2259 5441 2444 5500 pectus
2468 5438 2614 5486 tuum
2641 5441 2909 5496 conteras,
2940 5446 3043 5487 non
3071 5446 3227 5486 secus

1644 5540 1707 5581 ac
1748 5524 1792 5579 si
1833 5524 1951 5593 quis
1978 5523 2179 5577 amisso
2209 5522 2318 5576 lilio
2347 5523 2501 5577 unice
2544 5537 2671 5578 caro
2698 5523 2753 5577 in
2783 5523 2927 5578 luctu
2956 5534 3221 5577 versetur.

1644 5617 1873 5674 Scindite
1895 5616 2114 5679 etenim,
2138 5615 2329 5685 inquit,
2352 5615 2507 5670 corda
2532 5626 2716 5684 vestra,
2739 5624 2785 5671 et
2810 5632 2914 5670 non
2938 5616 3226 5670 vestimenta

1643 5724 1805 5765 vestra
1828 5707 1987 5781 (Joet.
2017 5707 2070 5759 2.
2104 5707 2218 5777 15).
2249 5706 2402 5774 Quod
2432 5707 2657 5763 fractum
2683 5715 2787 5773 est,
2816 5706 3225 5775 haudquaquam

1642 5818 1701 5861 se
1739 5804 1794 5860 in
1839 5801 2005 5857 altum
2050 5799 2300 5856 extulerit
2337 5815 2349 5854 :
2389 5797 2532 5870 quod
2574 5796 2902 5855 contrarium
2951 5804 3070 5863 est,
3118 5808 3225 5869 non
