  <div class='ocr_page' id='page_1' title='image "/cluster/home/n/w/nwhite01/storage/ocr_20150623/61/hvd.32044019190461/433.png"; bbox 0 0 3780 6318; ppageno 0'>
   <div class='ocr_carea' id='block_1_1' title="bbox 347 460 449 517">
    <p class='ocr_par' dir='ltr' id='par_1_1' title="bbox 347 460 449 517">
     <span class='ocr_line' id='line_1_1' title="bbox 347 460 449 517; baseline -0.02 1"><span class='ocrx_word' id='word_1_1' title='bbox 347 460 449 517; x_wconf 69' lang='grc' dir='ltr'><strong>ιιξτ</strong></span> 
     </span>
    </p>
   </div>
   <div class='ocr_carea' id='block_1_2' title="bbox 347 536 1939 628">
    <p class='ocr_par' dir='ltr' id='par_1_2' title="bbox 347 536 1939 628">
     <span class='ocr_line' id='line_1_2' title="bbox 347 536 1939 628; baseline -0.024 0"><span class='ocrx_word' id='word_1_2' title='bbox 347 566 731 627; x_wconf 78' lang='lat' dir='ltr'><strong>exsurrexerit.</strong></span> <span class='ocrx_word' id='word_1_3' title='bbox 760 562 843 619; x_wconf 88' lang='lat' dir='ltr'><strong>0b</strong></span> <span class='ocrx_word' id='word_1_4' title='bbox 867 570 1093 628; x_wconf 78' lang='lat' dir='ltr'><strong>eamque</strong></span> <span class='ocrx_word' id='word_1_5' title='bbox 1120 565 1337 610; x_wconf 80' lang='lat' dir='ltr'><strong>causam</strong></span> <span class='ocrx_word' id='word_1_6' title='bbox 1365 548 1503 604; x_wconf 97' lang='lat' dir='ltr'><strong>alter</strong></span> <span class='ocrx_word' id='word_1_7' title='bbox 1531 544 1641 610; x_wconf 88' lang='lat' dir='ltr'><strong>ait,</strong></span> <span class='ocrx_word' id='word_1_8' title='bbox 1672 536 1904 597; x_wconf 86' lang='lat' dir='ltr'><strong>Scindite</strong></span> <span class='ocrx_word' id='word_1_9' title='bbox 1921 573 1939 603; x_wconf 93' lang='lat'><strong>,</strong></span> 
     </span>
    </p>
   </div>
   <div class='ocr_carea' id='block_1_3' title="bbox 348 630 1943 721">
    <p class='ocr_par' dir='ltr' id='par_1_3' title="bbox 348 630 1943 721">
     <span class='ocr_line' id='line_1_3' title="bbox 348 630 1943 721; baseline -0.024 -4"><span class='ocrx_word' id='word_1_10' title='bbox 348 663 487 718; x_wconf 89' lang='lat' dir='ltr'><strong>alter</strong></span> <span class='ocrx_word' id='word_1_11' title='bbox 524 668 703 714; x_wconf 88' lang='lat' dir='ltr'><strong>autem</strong></span> <span class='ocrx_word' id='word_1_12' title='bbox 731 698 746 721; x_wconf 93' lang='lat'><strong>,</strong></span> <span class='ocrx_word' id='word_1_13' title='bbox 778 651 879 708; x_wconf 89' lang='lat' dir='ltr'><strong>Cor</strong></span> <span class='ocrx_word' id='word_1_14' title='bbox 919 646 1188 703; x_wconf 86' lang='lat' dir='ltr'><strong>contritum</strong></span> <span class='ocrx_word' id='word_1_15' title='bbox 1226 652 1273 697; x_wconf 88' lang='lat' dir='ltr'><strong>et</strong></span> <span class='ocrx_word' id='word_1_16' title='bbox 1302 637 1624 694; x_wconf 81' lang='lat' dir='ltr'><strong>Itumiliatum</strong></span> <span class='ocrx_word' id='word_1_17' title='bbox 1652 630 1794 686; x_wconf 88' lang='lat' dir='ltr'><strong>Deus</strong></span> <span class='ocrx_word' id='word_1_18' title='bbox 1840 642 1943 681; x_wconf 88' lang='lat' dir='ltr'><strong>non</strong></span> 
     </span>
    </p>
   </div>
   <div class='ocr_carea' id='block_1_4' title="bbox 350 719 1943 821">
    <p class='ocr_par' dir='ltr' id='par_1_4' title="bbox 350 719 1943 821">
     <span class='ocr_line' id='line_1_4' title="bbox 350 719 1943 821; baseline -0.022 -14"><span class='ocrx_word' id='word_1_19' title='bbox 350 750 591 821; x_wconf 86' lang='lat' dir='ltr'><strong>despiciet</strong></span> <span class='ocrx_word' id='word_1_20' title='bbox 619 719 803 821; x_wconf 64' lang='lat' dir='ltr'><strong>(rw.</strong></span> <span class='ocrx_word' id='word_1_21' title='bbox 834 741 923 798; x_wconf 84' lang='lat'><strong>50.</strong></span> <span class='ocrx_word' id='word_1_22' title='bbox 957 737 1026 794; x_wconf 69' lang='lat'><strong>19</strong></span> <span class='ocrx_word' id='word_1_23' title='bbox 1046 738 1085 807; x_wconf 87' lang='lat'><strong>).</strong></span> <span class='ocrx_word' id='word_1_24' title='bbox 1114 732 1227 789; x_wconf 82' lang='lat' dir='ltr'><strong>Etsi</strong></span> <span class='ocrx_word' id='word_1_25' title='bbox 1264 729 1481 800; x_wconf 85' lang='lat' dir='ltr'><strong>sapiens</strong></span> <span class='ocrx_word' id='word_1_26' title='bbox 1507 740 1601 788; x_wconf 87' lang='lat' dir='ltr'><strong>es,</strong></span> <span class='ocrx_word' id='word_1_27' title='bbox 1629 721 1730 779; x_wconf 90' lang='lat' dir='ltr'><strong>etsi</strong></span> <span class='ocrx_word' id='word_1_28' title='bbox 1758 719 1906 775; x_wconf 86' lang='lat' dir='ltr'><strong>dives</strong></span> <span class='ocrx_word' id='word_1_29' title='bbox 1925 756 1943 784; x_wconf 89' lang='lat'><strong>,</strong></span> 
     </span>
    </p>
   </div>
   <div class='ocr_carea' id='block_1_5' title="bbox 351 806 1947 912">
    <p class='ocr_par' dir='ltr' id='par_1_5' title="bbox 351 806 1947 912">
     <span class='ocr_line' id='line_1_5' title="bbox 351 806 1947 912; baseline -0.026 -12"><span class='ocrx_word' id='word_1_30' title='bbox 351 806 457 900; x_wconf 82' lang='lat' dir='ltr'><strong>etsi</strong></span> <span class='ocrx_word' id='word_1_31' title='bbox 492 806 741 912; x_wconf 78' lang='lat' dir='ltr'><strong>princeps</strong></span> <span class='ocrx_word' id='word_1_32' title='bbox 764 876 779 903; x_wconf 93' lang='lat'><strong>,</strong></span> <span class='ocrx_word' id='word_1_33' title='bbox 813 841 998 904; x_wconf 90' lang='lat' dir='ltr'><strong>pectus</strong></span> <span class='ocrx_word' id='word_1_34' title='bbox 1036 806 1214 882; x_wconf 87' lang='lat' dir='ltr'><strong>tamen</strong></span> <span class='ocrx_word' id='word_1_35' title='bbox 1243 819 1427 877; x_wconf 82' lang='lat' dir='ltr'><strong>scinde</strong></span> <span class='ocrx_word' id='word_1_36' title='bbox 1450 858 1467 885; x_wconf 94' lang='lat'><strong>,</strong></span> <span class='ocrx_word' id='word_1_37' title='bbox 1496 829 1596 871; x_wconf 90' lang='lat' dir='ltr'><strong>nec</strong></span> <span class='ocrx_word' id='word_1_38' title='bbox 1636 814 1807 883; x_wconf 90' lang='lat' dir='ltr'><strong>ipsum</strong></span> <span class='ocrx_word' id='word_1_39' title='bbox 1838 806 1947 861; x_wconf 83' lang='lat' dir='ltr'><strong>alte</strong></span> 
     </span>
    </p>
   </div>
   <div class='ocr_carea' id='block_1_6' title="bbox 351 902 1947 995">
    <p class='ocr_par' dir='ltr' id='par_1_6' title="bbox 351 902 1947 995">
     <span class='ocr_line' id='line_1_6' title="bbox 351 902 1947 995; baseline -0.023 -7"><span class='ocrx_word' id='word_1_40' title='bbox 351 936 420 990; x_wconf 90' lang='lat' dir='ltr'><strong>de</strong></span> <span class='ocrx_word' id='word_1_41' title='bbox 456 949 517 988; x_wconf 90' lang='lat' dir='ltr'><strong>se</strong></span> <span class='ocrx_word' id='word_1_42' title='bbox 555 929 757 986; x_wconf 88' lang='lat' dir='ltr'><strong>sentire</strong></span> <span class='ocrx_word' id='word_1_43' title='bbox 801 902 961 995; x_wconf 81' lang='lat' dir='ltr'><strong>atque</strong></span> <span class='ocrx_word' id='word_1_44' title='bbox 1001 917 1176 975; x_wconf 88' lang='lat' dir='ltr'><strong>inﬂari</strong></span> <span class='ocrx_word' id='word_1_45' title='bbox 1219 914 1355 970; x_wconf 82' lang='lat' dir='ltr'><strong>sine.</strong></span> <span class='ocrx_word' id='word_1_46' title='bbox 1384 910 1516 966; x_wconf 86' lang='lat' dir='ltr'><strong>Nam</strong></span> <span class='ocrx_word' id='word_1_47' title='bbox 1548 904 1691 979; x_wconf 90' lang='lat' dir='ltr'><strong>quod</strong></span> <span class='ocrx_word' id='word_1_48' title='bbox 1719 902 1947 959; x_wconf 88' lang='lat' dir='ltr'><strong>scissum</strong></span> 
     </span>
    </p>
   </div>
   <div class='ocr_carea' id='block_1_7' title="bbox 352 994 1946 1088">
    <p class='ocr_par' dir='ltr' id='par_1_7' title="bbox 352 994 1946 1088">
     <span class='ocr_line' id='line_1_7' title="bbox 352 994 1946 1088; baseline -0.022 -9"><span class='ocrx_word' id='word_1_49' title='bbox 352 1033 456 1088; x_wconf 85' lang='lat' dir='ltr'><strong>est,</strong></span> <span class='ocrx_word' id='word_1_50' title='bbox 484 1038 591 1078; x_wconf 87' lang='lat' dir='ltr'><strong>non</strong></span> <span class='ocrx_word' id='word_1_51' title='bbox 619 1020 837 1075; x_wconf 87' lang='lat' dir='ltr'><strong>inﬂatur</strong></span> <span class='ocrx_word' id='word_1_52' title='bbox 863 1010 1105 1070; x_wconf 86' lang='lat' dir='ltr'><strong>:etiamsi</strong></span> <span class='ocrx_word' id='word_1_53' title='bbox 1131 1004 1330 1077; x_wconf 74' lang='lat' dir='ltr'><strong>aliquid</strong></span> <span class='ocrx_word' id='word_1_54' title='bbox 1357 1004 1427 1058; x_wconf 95' lang='lat' dir='ltr'><strong>sit</strong></span> <span class='ocrx_word' id='word_1_55' title='bbox 1450 1016 1480 1056; x_wconf 88' lang='lat' dir='ltr'><strong>a</strong></span> <span class='ocrx_word' id='word_1_56' title='bbox 1507 1013 1613 1070; x_wconf 87' lang='lat' dir='ltr'><strong>quo</strong></span> <span class='ocrx_word' id='word_1_57' title='bbox 1637 994 1946 1057; x_wconf 76' lang='lat' dir='ltr'><strong>extollatur,</strong></span> 
     </span>
    </p>
   </div>
   <div class='ocr_carea' id='block_1_8' title="bbox 355 1082 1951 1183">
    <p class='ocr_par' dir='ltr' id='par_1_8' title="bbox 355 1082 1951 1183">
     <span class='ocr_line' id='line_1_8' title="bbox 355 1082 1951 1183; baseline -0.023 -12"><span class='ocrx_word' id='word_1_58' title='bbox 355 1129 533 1170; x_wconf 87' lang='lat' dir='ltr'><strong>tamen</strong></span> <span class='ocrx_word' id='word_1_59' title='bbox 562 1111 684 1183; x_wconf 88' lang='lat' dir='ltr'><strong>quia</strong></span> <span class='ocrx_word' id='word_1_60' title='bbox 713 1107 941 1163; x_wconf 89' lang='lat' dir='ltr'><strong>scissum</strong></span> <span class='ocrx_word' id='word_1_61' title='bbox 969 1111 1073 1168; x_wconf 91' lang='lat' dir='ltr'><strong>est,</strong></span> <span class='ocrx_word' id='word_1_62' title='bbox 1098 1097 1427 1154; x_wconf 89' lang='lat' dir='ltr'><strong>inﬂationem</strong></span> <span class='ocrx_word' id='word_1_63' title='bbox 1454 1089 1595 1146; x_wconf 88' lang='lat' dir='ltr'><strong>ferre</strong></span> <span class='ocrx_word' id='word_1_64' title='bbox 1624 1085 1827 1157; x_wconf 81' lang='lat' dir='ltr'><strong>nequit.</strong></span> <span class='ocrx_word' id='word_1_65' title='bbox 1859 1082 1951 1137; x_wconf 91' lang='lat' dir='ltr'><strong>Sic</strong></span> 
     </span>
    </p>
   </div>
   <div class='ocr_carea' id='block_1_9' title="bbox 355 1176 1947 1278">
    <p class='ocr_par' dir='ltr' id='par_1_9' title="bbox 355 1176 1947 1278">
     <span class='ocr_line' id='line_1_9' title="bbox 355 1176 1947 1278; baseline -0.021 -16"><span class='ocrx_word' id='word_1_66' title='bbox 355 1220 412 1262; x_wconf 90' lang='lat' dir='ltr'><strong>tu</strong></span> <span class='ocrx_word' id='word_1_67' title='bbox 442 1217 655 1278; x_wconf 91' lang='lat' dir='ltr'><strong>quoque</strong></span> <span class='ocrx_word' id='word_1_68' title='bbox 682 1198 959 1256; x_wconf 70' lang='lat' dir='ltr'><strong>modestia:</strong></span> <span class='ocrx_word' id='word_1_69' title='bbox 984 1206 1143 1264; x_wconf 87' lang='lat' dir='ltr'><strong>atque</strong></span> <span class='ocrx_word' id='word_1_70' title='bbox 1169 1188 1330 1243; x_wconf 91' lang='lat' dir='ltr'><strong>animi</strong></span> <span class='ocrx_word' id='word_1_71' title='bbox 1357 1180 1719 1241; x_wconf 91' lang='lat' dir='ltr'><strong>summissioni</strong></span> <span class='ocrx_word' id='word_1_72' title='bbox 1748 1176 1904 1234; x_wconf 90' lang='lat' dir='ltr'><strong>stude</strong></span> <span class='ocrx_word' id='word_1_73' title='bbox 1934 1193 1947 1229; x_wconf 88' lang='lat'><strong>:</strong></span> 
     </span>
    </p>
   </div>
   <div class='ocr_carea' id='block_1_10' title="bbox 355 1271 1952 1359">
    <p class='ocr_par' dir='ltr' id='par_1_10' title="bbox 355 1271 1952 1359">
     <span class='ocr_line' id='line_1_10' title="bbox 355 1271 1952 1359; baseline -0.023 -2"><span class='ocrx_word' id='word_1_74' title='bbox 355 1299 488 1359; x_wconf 89' lang='lat' dir='ltr'><strong>illud</strong></span> <span class='ocrx_word' id='word_1_75' title='bbox 538 1271 632 1353; x_wconf 81' lang='lat' dir='ltr'><strong>tibi</strong></span> <span class='ocrx_word' id='word_1_76' title='bbox 676 1295 729 1350; x_wconf 94' lang='lat' dir='ltr'><strong>in</strong></span> <span class='ocrx_word' id='word_1_77' title='bbox 775 1299 1010 1348; x_wconf 89' lang='lat' dir='ltr'><strong>mentem</strong></span> <span class='ocrx_word' id='word_1_78' title='bbox 1055 1283 1268 1345; x_wconf 85' lang='lat' dir='ltr'><strong>veniat,</strong></span> <span class='ocrx_word' id='word_1_79' title='bbox 1302 1278 1641 1350; x_wconf 83' lang='lat' dir='ltr'><strong>publicanum</strong></span> <span class='ocrx_word' id='word_1_80' title='bbox 1679 1271 1750 1327; x_wconf 94' lang='lat' dir='ltr'><strong>ob</strong></span> <span class='ocrx_word' id='word_1_81' title='bbox 1787 1281 1952 1324; x_wconf 90' lang='lat' dir='ltr'><strong>unum</strong></span> 
     </span>
    </p>
   </div>
   <div class='ocr_carea' id='block_1_11' title="bbox 356 1368 1956 1457">
    <p class='ocr_par' dir='ltr' id='par_1_11' title="bbox 356 1368 1956 1457">
     <span class='ocr_line' id='line_1_11' title="bbox 356 1368 1956 1457; baseline -0.023 -7"><span class='ocrx_word' id='word_1_82' title='bbox 356 1393 584 1448; x_wconf 81' lang='lat' dir='ltr'><strong>verbum</strong></span> <span class='ocrx_word' id='word_1_83' title='bbox 621 1386 965 1457; x_wconf 85' lang='lat' dir='ltr'><strong>justiticatum</strong></span> <span class='ocrx_word' id='word_1_84' title='bbox 1000 1378 1160 1431; x_wconf 87' lang='lat' dir='ltr'><strong>fuisse</strong></span> <span class='ocrx_word' id='word_1_85' title='bbox 1190 1371 1343 1442; x_wconf 85' lang='lat' dir='ltr'><strong>(Luc.</strong></span> <span class='ocrx_word' id='word_1_86' title='bbox 1374 1368 1503 1438; x_wconf 72' lang='lat'><strong>18);</strong></span> <span class='ocrx_word' id='word_1_87' title='bbox 1535 1375 1856 1437; x_wconf 90' lang='lat' dir='ltr'><strong>quamquam</strong></span> <span class='ocrx_word' id='word_1_88' title='bbox 1886 1374 1956 1415; x_wconf 89' lang='lat' dir='ltr'><strong>ne</strong></span> 
     </span>
    </p>
   </div>
   <div class='ocr_carea' id='block_1_12' title="bbox 361 1448 1956 1550">
    <p class='ocr_par' dir='ltr' id='par_1_12' title="bbox 361 1448 1956 1550">
     <span class='ocr_line' id='line_1_12' title="bbox 361 1448 1956 1550; baseline -0.024 -9"><span class='ocrx_word' id='word_1_89' title='bbox 361 1482 623 1541; x_wconf 85' lang='lat' dir='ltr'><strong>modestia</strong></span> <span class='ocrx_word' id='word_1_90' title='bbox 660 1476 874 1550; x_wconf 81' lang='lat' dir='ltr'><strong>quidem</strong></span> <span class='ocrx_word' id='word_1_91' title='bbox 909 1478 1025 1527; x_wconf 89' lang='lat' dir='ltr'><strong>erat</strong></span> <span class='ocrx_word' id='word_1_92' title='bbox 1054 1468 1140 1523; x_wconf 87' lang='lat' dir='ltr'><strong>illa</strong></span> <span class='ocrx_word' id='word_1_93' title='bbox 1164 1506 1180 1533; x_wconf 92' lang='lat'><strong>,</strong></span> <span class='ocrx_word' id='word_1_94' title='bbox 1210 1462 1305 1518; x_wconf 90' lang='lat' dir='ltr'><strong>sed</strong></span> <span class='ocrx_word' id='word_1_95' title='bbox 1333 1474 1460 1516; x_wconf 90' lang='lat' dir='ltr'><strong>vera</strong></span> <span class='ocrx_word' id='word_1_96' title='bbox 1484 1454 1773 1514; x_wconf 80' lang='lat' dir='ltr'><strong>confessio.</strong></span> <span class='ocrx_word' id='word_1_97' title='bbox 1801 1448 1956 1533; x_wconf 82' lang='lat' dir='ltr'><strong>Quod</strong></span> 
     </span>
    </p>
   </div>
   <div class='ocr_carea' id='block_1_13' title="bbox 362 1541 1960 1631">
    <p class='ocr_par' dir='ltr' id='par_1_13' title="bbox 362 1541 1960 1631">
     <span class='ocr_line' id='line_1_13' title="bbox 362 1541 1960 1631; baseline -0.024 1"><span class='ocrx_word' id='word_1_98' title='bbox 362 1578 407 1631; x_wconf 93' lang='lat' dir='ltr'><strong>si</strong></span> <span class='ocrx_word' id='word_1_99' title='bbox 436 1576 539 1630; x_wconf 92' lang='lat' dir='ltr'><strong>hoc</strong></span> <span class='ocrx_word' id='word_1_100' title='bbox 569 1580 768 1627; x_wconf 87' lang='lat' dir='ltr'><strong>tantam</strong></span> <span class='ocrx_word' id='word_1_101' title='bbox 796 1563 904 1620; x_wconf 85' lang='lat' dir='ltr'><strong>vim</strong></span> <span class='ocrx_word' id='word_1_102' title='bbox 937 1560 1119 1625; x_wconf 88' lang='lat' dir='ltr'><strong>habet,</strong></span> <span class='ocrx_word' id='word_1_103' title='bbox 1150 1545 1838 1627; x_wconf 76' lang='lat' dir='ltr'><strong>quanto,qua:so,majorem</strong></span> <span class='ocrx_word' id='word_1_104' title='bbox 1867 1541 1960 1595; x_wconf 85' lang='lat' dir='ltr'><strong>ha-</strong></span> 
     </span>
    </p>
   </div>
   <div class='ocr_carea' id='block_1_14' title="bbox 362 1641 1961 1724">
    <p class='ocr_par' dir='ltr' id='par_1_14' title="bbox 362 1641 1961 1724">
     <span class='ocr_line' id='line_1_14' title="bbox 362 1641 1961 1724; baseline -0.021 0"><span class='ocrx_word' id='word_1_105' title='bbox 362 1671 537 1724; x_wconf 84' lang='lat' dir='ltr'><strong>bitura</strong></span> <span class='ocrx_word' id='word_1_106' title='bbox 568 1673 651 1721; x_wconf 89' lang='lat' dir='ltr'><strong>est</strong></span> <span class='ocrx_word' id='word_1_107' title='bbox 682 1654 994 1716; x_wconf 82' lang='lat' dir='ltr'><strong>humilitas?</strong></span> <span class='ocrx_word' id='word_1_108' title='bbox 1022 1652 1091 1708; x_wconf 85' lang='lat' dir='ltr'><strong>lis</strong></span> <span class='ocrx_word' id='word_1_109' title='bbox 1112 1694 1126 1716; x_wconf 92' lang='lat'><strong>,</strong></span> <span class='ocrx_word' id='word_1_110' title='bbox 1160 1649 1248 1720; x_wconf 90' lang='lat' dir='ltr'><strong>qui</strong></span> <span class='ocrx_word' id='word_1_111' title='bbox 1279 1646 1333 1702; x_wconf 90' lang='lat' dir='ltr'><strong>in</strong></span> <span class='ocrx_word' id='word_1_112' title='bbox 1365 1655 1418 1701; x_wconf 93' lang='lat' dir='ltr'><strong>te</strong></span> <span class='ocrx_word' id='word_1_113' title='bbox 1446 1641 1804 1713; x_wconf 89' lang='lat' dir='ltr'><strong>deliquerint,</strong></span> <span class='ocrx_word' id='word_1_114' title='bbox 1838 1652 1961 1708; x_wconf 88' lang='lat' dir='ltr'><strong>pec-</strong></span> 
     </span>
    </p>
   </div>
   <div class='ocr_carea' id='block_1_15' title="bbox 360 1731 1956 1814">
    <p class='ocr_par' dir='ltr' id='par_1_15' title="bbox 360 1731 1956 1814">
     <span class='ocr_line' id='line_1_15' title="bbox 360 1731 1956 1814; baseline -0.019 -3"><span class='ocrx_word' id='word_1_115' title='bbox 360 1769 481 1813; x_wconf 65' lang='lat' dir='ltr'><strong>cata</strong></span> <span class='ocrx_word' id='word_1_116' title='bbox 510 1755 722 1814; x_wconf 85' lang='lat' dir='ltr'><strong>remitte</strong></span> <span class='ocrx_word' id='word_1_117' title='bbox 753 1773 766 1808; x_wconf 90' lang='lat'><strong>:</strong></span> <span class='ocrx_word' id='word_1_118' title='bbox 796 1764 916 1805; x_wconf 89' lang='lat' dir='ltr'><strong>nam</strong></span> <span class='ocrx_word' id='word_1_119' title='bbox 950 1746 1073 1800; x_wconf 90' lang='lat' dir='ltr'><strong>hinc</strong></span> <span class='ocrx_word' id='word_1_120' title='bbox 1102 1753 1317 1812; x_wconf 87' lang='lat' dir='ltr'><strong>quoque</strong></span> <span class='ocrx_word' id='word_1_121' title='bbox 1344 1743 1560 1808; x_wconf 80' lang='lat' dir='ltr'><strong>peccata</strong></span> <span class='ocrx_word' id='word_1_122' title='bbox 1590 1731 1956 1788; x_wconf 90' lang='lat' dir='ltr'><strong>remittuntur.</strong></span> 
     </span>
    </p>
   </div>
   <div class='ocr_carea' id='block_1_16' title="bbox 362 1821 1958 1920">
    <p class='ocr_par' dir='ltr' id='par_1_16' title="bbox 362 1821 1958 1920">
     <span class='ocr_line' id='line_1_16' title="bbox 362 1821 1958 1920; baseline -0.023 -10"><span class='ocrx_word' id='word_1_123' title='bbox 362 1858 442 1909; x_wconf 81' lang='lat' dir='ltr'><strong>Ac</strong></span> <span class='ocrx_word' id='word_1_124' title='bbox 468 1852 536 1907; x_wconf 89' lang='lat' dir='ltr'><strong>de</strong></span> <span class='ocrx_word' id='word_1_125' title='bbox 564 1847 725 1920; x_wconf 81' lang='lat' dir='ltr'><strong>priori</strong></span> <span class='ocrx_word' id='word_1_126' title='bbox 753 1842 969 1916; x_wconf 90' lang='lat' dir='ltr'><strong>quidem</strong></span> <span class='ocrx_word' id='word_1_127' title='bbox 994 1839 1087 1903; x_wconf 89' lang='lat' dir='ltr'><strong>ait,</strong></span> <span class='ocrx_word' id='word_1_128' title='bbox 1118 1834 1236 1891; x_wconf 83' lang='lat' dir='ltr'><strong>Vidi</strong></span> <span class='ocrx_word' id='word_1_129' title='bbox 1261 1828 1397 1904; x_wconf 82' lang='lat' dir='ltr'><strong>qu&#39;od</strong></span> <span class='ocrx_word' id='word_1_130' title='bbox 1423 1824 1757 1883; x_wconf 78' lang='lat' dir='ltr'><strong>ambulaverit</strong></span> <span class='ocrx_word' id='word_1_131' title='bbox 1782 1821 1958 1885; x_wconf 86' lang='lat' dir='ltr'><strong>tristis,</strong></span> 
     </span>
    </p>
   </div>
   <div class='ocr_carea' id='block_1_17' title="bbox 364 1911 1963 2006">
    <p class='ocr_par' dir='ltr' id='par_1_17' title="bbox 364 1911 1963 2006">
     <span class='ocr_line' id='line_1_17' title="bbox 364 1911 1963 2006; baseline -0.021 -7"><span class='ocrx_word' id='word_1_132' title='bbox 364 1953 412 1998; x_wconf 88' lang='lat' dir='ltr'><strong>et</strong></span> <span class='ocrx_word' id='word_1_133' title='bbox 451 1911 629 1998; x_wconf 69' lang='lat' dir='ltr'><strong>sanavi</strong></span> <span class='ocrx_word' id='word_1_134' title='bbox 674 1911 787 1993; x_wconf 69' lang='lat' dir='ltr'><strong>vias</strong></span> <span class='ocrx_word' id='word_1_135' title='bbox 815 1938 928 2006; x_wconf 72' lang='lat' dir='ltr'><strong>eius</strong></span> <span class='ocrx_word' id='word_1_136' title='bbox 954 1932 972 2002; x_wconf 95' lang='lat'>(</span> <span class='ocrx_word' id='word_1_137' title='bbox 997 1930 1125 1985; x_wconf 81' lang='lat' dir='ltr'><strong>Isai.</strong></span> <span class='ocrx_word' id='word_1_138' title='bbox 1156 1928 1245 1983; x_wconf 86' lang='lat'><strong>57.</strong></span> <span class='ocrx_word' id='word_1_139' title='bbox 1278 1925 1345 1979; x_wconf 80' lang='grc'><strong>18</strong></span> <span class='ocrx_word' id='word_1_140' title='bbox 1370 1922 1418 1987; x_wconf 87' lang='grc'><strong>);</strong></span> <span class='ocrx_word' id='word_1_141' title='bbox 1448 1930 1502 1975; x_wconf 86' lang='lat' dir='ltr'><strong>et</strong></span> <span class='ocrx_word' id='word_1_142' title='bbox 1530 1919 1582 1973; x_wconf 91' lang='lat' dir='ltr'><strong>in</strong></span> <span class='ocrx_word' id='word_1_143' title='bbox 1614 1914 1795 1972; x_wconf 80' lang='lat' dir='ltr'><strong>Achab</strong></span> <span class='ocrx_word' id='word_1_144' title='bbox 1822 1911 1963 1968; x_wconf 87' lang='lat' dir='ltr'><strong>istud</strong></span> 
     </span>
    </p>
   </div>
   <div class='ocr_carea' id='block_1_18' title="bbox 368 2010 1960 2096">
    <p class='ocr_par' dir='ltr' id='par_1_18' title="bbox 368 2010 1960 2096">
     <span class='ocr_line' id='line_1_18' title="bbox 368 2010 1960 2096; baseline -0.023 -3"><span class='ocrx_word' id='word_1_145' title='bbox 368 2039 462 2092; x_wconf 87' lang='lat' dir='ltr'><strong>Dei</strong></span> <span class='ocrx_word' id='word_1_146' title='bbox 493 2037 627 2091; x_wconf 85' lang='lat' dir='ltr'><strong>iram</strong></span> <span class='ocrx_word' id='word_1_147' title='bbox 653 2030 869 2087; x_wconf 89' lang='lat' dir='ltr'><strong>sustulit</strong></span> <span class='ocrx_word' id='word_1_148' title='bbox 900 2027 975 2096; x_wconf 75' lang='lat'><strong>(3.</strong></span> <span class='ocrx_word' id='word_1_149' title='bbox 1007 2023 1135 2092; x_wconf 86' lang='lat' dir='ltr'><strong>Reg.</strong></span> <span class='ocrx_word' id='word_1_150' title='bbox 1163 2016 1255 2088; x_wconf 60' lang='lat' dir='ltr'><strong>ﬁl)</strong></span> <span class='ocrx_word' id='word_1_151' title='bbox 1283 2035 1295 2071; x_wconf 92' lang='lat'>:</span> <span class='ocrx_word' id='word_1_152' title='bbox 1324 2015 1391 2070; x_wconf 93' lang='lat' dir='ltr'><strong>de</strong></span> <span class='ocrx_word' id='word_1_153' title='bbox 1420 2010 1717 2084; x_wconf 88' lang='lat' dir='ltr'><strong>posteriore</strong></span> <span class='ocrx_word' id='word_1_154' title='bbox 1743 2015 1920 2060; x_wconf 90' lang='lat' dir='ltr'><strong>autem</strong></span> <span class='ocrx_word' id='word_1_155' title='bbox 1944 2045 1960 2070; x_wconf 87' lang='lat'><strong>,</strong></span> 
     </span>
    </p>
   </div>
   <div class='ocr_carea' id='block_1_19' title="bbox 368 2096 1963 2189">
    <p class='ocr_par' dir='ltr' id='par_1_19' title="bbox 368 2096 1963 2189">
     <span class='ocr_line' id='line_1_19' title="bbox 368 2096 1963 2189; baseline -0.023 -5"><span class='ocrx_word' id='word_1_156' title='bbox 368 2127 623 2184; x_wconf 86' lang='lat' dir='ltr'><strong>Dimittite</strong></span> <span class='ocrx_word' id='word_1_157' title='bbox 646 2166 661 2189; x_wconf 95' lang='lat'><strong>,</strong></span> <span class='ocrx_word' id='word_1_158' title='bbox 692 2132 738 2176; x_wconf 83' lang='lat' dir='ltr'><strong>et</strong></span> <span class='ocrx_word' id='word_1_159' title='bbox 767 2119 1049 2173; x_wconf 74' lang='lat' dir='ltr'><strong>dimittetur</strong></span> <span class='ocrx_word' id='word_1_160' title='bbox 1076 2111 1211 2167; x_wconf 85' lang='lat' dir='ltr'><strong>vobis</strong></span> <span class='ocrx_word' id='word_1_161' title='bbox 1234 2111 1252 2181; x_wconf 96' lang='lat'>(</span> <span class='ocrx_word' id='word_1_162' title='bbox 1275 2106 1404 2160; x_wconf 89' lang='lat' dir='ltr'><strong>Luc.</strong></span> <span class='ocrx_word' id='word_1_163' title='bbox 1434 2104 1487 2160; x_wconf 88' lang='lat'><strong>6.</strong></span> <span class='ocrx_word' id='word_1_164' title='bbox 1517 2102 1585 2158; x_wconf 79' lang='lat'><strong>37</strong></span> <span class='ocrx_word' id='word_1_165' title='bbox 1605 2100 1646 2171; x_wconf 92' lang='lat'><strong>).</strong></span> <span class='ocrx_word' id='word_1_166' title='bbox 1680 2097 1778 2153; x_wconf 88' lang='lat' dir='ltr'><strong>Est</strong></span> <span class='ocrx_word' id='word_1_167' title='bbox 1802 2096 1963 2151; x_wconf 89' lang='lat' dir='ltr'><strong>etiam</strong></span> 
     </span>
    </p>
   </div>
   <div class='ocr_carea' id='block_1_20' title="bbox 371 2191 1965 2285">
    <p class='ocr_par' dir='ltr' id='par_1_20' title="bbox 371 2191 1965 2285">
     <span class='ocr_line' id='line_1_20' title="bbox 371 2191 1965 2285; baseline -0.024 -8"><span class='ocrx_word' id='word_1_168' title='bbox 371 2223 475 2276; x_wconf 85' lang='lat' dir='ltr'><strong>alia</strong></span> <span class='ocrx_word' id='word_1_169' title='bbox 503 2219 611 2285; x_wconf 91' lang='lat' dir='ltr'><strong>via,</strong></span> <span class='ocrx_word' id='word_1_170' title='bbox 637 2216 735 2269; x_wconf 77' lang='lat' dir='ltr'><strong>huc</strong></span> <span class='ocrx_word' id='word_1_171' title='bbox 762 2212 1109 2282; x_wconf 84' lang='lat' dir='ltr'><strong>pharmacum</strong></span> <span class='ocrx_word' id='word_1_172' title='bbox 1140 2202 1295 2257; x_wconf 90' lang='lat' dir='ltr'><strong>nobis</strong></span> <span class='ocrx_word' id='word_1_173' title='bbox 1318 2201 1517 2259; x_wconf 90' lang='lat' dir='ltr'><strong>ferens,</strong></span> <span class='ocrx_word' id='word_1_174' title='bbox 1544 2191 1807 2248; x_wconf 89' lang='lat' dir='ltr'><strong>scelerum</strong></span> <span class='ocrx_word' id='word_1_175' title='bbox 1830 2201 1965 2242; x_wconf 84' lang='lat' dir='ltr'><strong>con-</strong></span> 
     </span>
    </p>
   </div>
   <div class='ocr_carea' id='block_1_21' title="bbox 372 2277 1964 2367">
    <p class='ocr_par' dir='ltr' id='par_1_21' title="bbox 372 2277 1964 2367">
     <span class='ocr_line' id='line_1_21' title="bbox 372 2277 1964 2367; baseline -0.024 0"><span class='ocrx_word' id='word_1_176' title='bbox 372 2277 647 2367; x_wconf 86' lang='lat' dir='ltr'><strong>demnatio</strong></span> <span class='ocrx_word' id='word_1_177' title='bbox 676 2323 691 2359; x_wconf 91' lang='lat'><strong>:</strong></span> <span class='ocrx_word' id='word_1_178' title='bbox 720 2277 816 2357; x_wconf 77' lang='lat' dir='ltr'><strong>Dic</strong></span> <span class='ocrx_word' id='word_1_179' title='bbox 841 2302 974 2355; x_wconf 89' lang='lat' dir='ltr'><strong>enim</strong></span> <span class='ocrx_word' id='word_1_180' title='bbox 1015 2308 1068 2351; x_wconf 89' lang='lat' dir='ltr'><strong>tu</strong></span> <span class='ocrx_word' id='word_1_181' title='bbox 1104 2295 1244 2365; x_wconf 85' lang='lat' dir='ltr'><strong>prior</strong></span> <span class='ocrx_word' id='word_1_182' title='bbox 1269 2288 1555 2359; x_wconf 88' lang='lat' dir='ltr'><strong>iniquitates</strong></span> <span class='ocrx_word' id='word_1_183' title='bbox 1584 2292 1696 2337; x_wconf 91' lang='lat' dir='ltr'><strong>tuas</strong></span> <span class='ocrx_word' id='word_1_184' title='bbox 1715 2322 1730 2346; x_wconf 94' lang='lat'><strong>,</strong></span> <span class='ocrx_word' id='word_1_185' title='bbox 1759 2277 1964 2349; x_wconf 85' lang='lat' dir='ltr'><strong>inquit,</strong></span> 
     </span>
    </p>
   </div>
   <div class='ocr_carea' id='block_1_22' title="bbox 373 2371 1965 2476">
    <p class='ocr_par' dir='ltr' id='par_1_22' title="bbox 373 2371 1965 2476">
     <span class='ocr_line' id='line_1_22' title="bbox 373 2371 1965 2476; baseline -0.023 -16"><span class='ocrx_word' id='word_1_186' title='bbox 373 2416 432 2460; x_wconf 83' lang='lat' dir='ltr'><strong>ut</strong></span> <span class='ocrx_word' id='word_1_187' title='bbox 449 2399 750 2476; x_wconf 82' lang='lat' dir='ltr'><strong>justi/iceris</strong></span> <span class='ocrx_word' id='word_1_188' title='bbox 774 2394 926 2465; x_wconf 81' lang='lat' dir='ltr'><strong>(Isai.</strong></span> <span class='ocrx_word' id='word_1_189' title='bbox 957 2393 1046 2447; x_wconf 68' lang='lat' dir='ltr'><strong>is.</strong></span> <span class='ocrx_word' id='word_1_190' title='bbox 1073 2388 1190 2458; x_wconf 75' lang='lat' dir='ltr'><strong>es).</strong></span> <span class='ocrx_word' id='word_1_191' title='bbox 1221 2383 1352 2440; x_wconf 89' lang='lat' dir='ltr'><strong>Illud</strong></span> <span class='ocrx_word' id='word_1_192' title='bbox 1384 2382 1511 2437; x_wconf 85' lang='lat' dir='ltr'><strong>item</strong></span> <span class='ocrx_word' id='word_1_193' title='bbox 1542 2385 1761 2448; x_wconf 89' lang='lat' dir='ltr'><strong>peccata</strong></span> <span class='ocrx_word' id='word_1_194' title='bbox 1789 2371 1965 2437; x_wconf 87' lang='lat' dir='ltr'><strong>delet,</strong></span> 
     </span>
    </p>
   </div>
   <div class='ocr_carea' id='block_1_23' title="bbox 375 2462 1970 2553">
    <p class='ocr_par' dir='ltr' id='par_1_23' title="bbox 375 2462 1970 2553">
     <span class='ocr_line' id='line_1_23' title="bbox 375 2462 1970 2553; baseline -0.023 -2"><span class='ocrx_word' id='word_1_195' title='bbox 375 2499 421 2553; x_wconf 89' lang='lat' dir='ltr'><strong>si</strong></span> <span class='ocrx_word' id='word_1_196' title='bbox 449 2462 1031 2549; x_wconf 27' lang='lat' dir='ltr'><strong>&#39;calainitate&#39;aﬂ‘ectus</strong></span> <span class='ocrx_word' id='word_1_197' title='bbox 1060 2479 1257 2551; x_wconf 84' lang='lat' dir='ltr'><strong>gratias</strong></span> <span class='ocrx_word' id='word_1_198' title='bbox 1286 2487 1449 2546; x_wconf 84' lang='lat' dir='ltr'><strong>agas;</strong></span> <span class='ocrx_word' id='word_1_199' title='bbox 1480 2479 1535 2526; x_wconf 91' lang='lat' dir='ltr'><strong>et</strong></span> <span class='ocrx_word' id='word_1_200' title='bbox 1563 2482 1685 2539; x_wconf 70' lang='lat' dir='ltr'><strong>qua:</strong></span> <span class='ocrx_word' id='word_1_201' title='bbox 1721 2462 1970 2520; x_wconf 89' lang='lat' dir='ltr'><strong>omnibus</strong></span> 
     </span>
    </p>
   </div>
   <div class='ocr_carea' id='block_1_24' title="bbox 375 2552 1970 2648">
    <p class='ocr_par' dir='ltr' id='par_1_24' title="bbox 375 2552 1970 2648">
     <span class='ocr_line' id='line_1_24' title="bbox 375 2552 1970 2648; baseline -0.024 -4"><span class='ocrx_word' id='word_1_202' title='bbox 375 2585 685 2647; x_wconf 85' lang='lat' dir='ltr'><strong>antecellit,</strong></span> <span class='ocrx_word' id='word_1_203' title='bbox 714 2583 1075 2648; x_wconf 79' lang='lat' dir='ltr'><strong>elecmosyna.</strong></span> <span class='ocrx_word' id='word_1_204' title='bbox 1108 2572 1338 2628; x_wconf 86' lang='lat' dir='ltr'><strong>Numera</strong></span> <span class='ocrx_word' id='word_1_205' title='bbox 1370 2566 1527 2638; x_wconf 89' lang='lat' dir='ltr'><strong>igitur</strong></span> <span class='ocrx_word' id='word_1_206' title='bbox 1556 2558 1814 2619; x_wconf 89' lang='lat' dir='ltr'><strong>remedia,</strong></span> <span class='ocrx_word' id='word_1_207' title='bbox 1847 2552 1970 2624; x_wconf 89' lang='lat' dir='ltr'><strong>qui-</strong></span> 
     </span>
    </p>
   </div>
   <div class='ocr_carea' id='block_1_25' title="bbox 380 2648 1973 2735">
    <p class='ocr_par' dir='ltr' id='par_1_25' title="bbox 380 2648 1973 2735">
     <span class='ocr_line' id='line_1_25' title="bbox 380 2648 1973 2735; baseline -0.023 0"><span class='ocrx_word' id='word_1_208' title='bbox 380 2680 485 2735; x_wconf 86' lang='lat' dir='ltr'><strong>bus</strong></span> <span class='ocrx_word' id='word_1_209' title='bbox 522 2676 742 2730; x_wconf 84' lang='lat' dir='ltr'><strong>vulnera</strong></span> <span class='ocrx_word' id='word_1_210' title='bbox 786 2683 873 2726; x_wconf 84' lang='lat' dir='ltr'><strong>tua</strong></span> <span class='ocrx_word' id='word_1_211' title='bbox 916 2675 1172 2723; x_wconf 57' lang='lat' dir='ltr'><strong>amantur</strong></span> <span class='ocrx_word' id='word_1_212' title='bbox 1205 2681 1219 2718; x_wconf 92' lang='lat'><strong>:</strong></span> <span class='ocrx_word' id='word_1_213' title='bbox 1247 2669 1405 2731; x_wconf 86' lang='lat' dir='ltr'><strong>atque</strong></span> <span class='ocrx_word' id='word_1_214' title='bbox 1430 2654 1609 2712; x_wconf 90' lang='lat' dir='ltr'><strong>omnia</strong></span> <span class='ocrx_word' id='word_1_215' title='bbox 1637 2648 1973 2707; x_wconf 88' lang='lat' dir='ltr'><strong>continenter</strong></span> 
     </span>
    </p>
   </div>
   <div class='ocr_carea' id='block_1_26' title="bbox 378 2739 1970 2840">
    <p class='ocr_par' dir='ltr' id='par_1_26' title="bbox 378 2739 1970 2840">
     <span class='ocr_line' id='line_1_26' title="bbox 378 2739 1970 2840; baseline -0.023 -14"><span class='ocrx_word' id='word_1_216' title='bbox 378 2764 975 2840; x_wconf 85' lang='lat' dir='ltr'><strong>impone,humilitatem</strong></span> <span class='ocrx_word' id='word_1_217' title='bbox 998 2770 1208 2826; x_wconf 83' lang='lat' dir='ltr'><strong>nempe.</strong></span> <span class='ocrx_word' id='word_1_218' title='bbox 1224 2748 1638 2811; x_wconf 89' lang='lat' dir='ltr'><strong>confessionem,</strong></span> <span class='ocrx_word' id='word_1_219' title='bbox 1659 2739 1970 2811; x_wconf 87' lang='lat' dir='ltr'><strong>injuriarum</strong></span> 
     </span>
    </p>
   </div>
   <div class='ocr_carea' id='block_1_27' title="bbox 385 2828 1970 2928">
    <p class='ocr_par' dir='ltr' id='par_1_27' title="bbox 385 2828 1970 2928">
     <span class='ocr_line' id='line_1_27' title="bbox 385 2828 1970 2928; baseline -0.024 -9"><span class='ocrx_word' id='word_1_220' title='bbox 385 2863 706 2919; x_wconf 86' lang='lat' dir='ltr'><strong>oblivionem</strong></span> <span class='ocrx_word' id='word_1_221' title='bbox 733 2900 749 2925; x_wconf 95' lang='lat'><strong>,</strong></span> <span class='ocrx_word' id='word_1_222' title='bbox 776 2855 1066 2928; x_wconf 73' lang='lat' dir='ltr'><strong>gratiarum</strong></span> <span class='ocrx_word' id='word_1_223' title='bbox 1096 2846 1362 2904; x_wconf 88' lang='lat' dir='ltr'><strong>actionem</strong></span> <span class='ocrx_word' id='word_1_224' title='bbox 1403 2842 1458 2895; x_wconf 92' lang='lat' dir='ltr'><strong>in</strong></span> <span class='ocrx_word' id='word_1_225' title='bbox 1496 2837 1658 2894; x_wconf 86' lang='lat' dir='ltr'><strong>rebus</strong></span> <span class='ocrx_word' id='word_1_226' title='bbox 1691 2828 1930 2888; x_wconf 80' lang='lat' dir='ltr'><strong>adversis</strong></span> <span class='ocrx_word' id='word_1_227' title='bbox 1953 2867 1970 2893; x_wconf 94' lang='lat'><strong>,</strong></span> 
     </span>
    </p>
   </div>
   <div class='ocr_carea' id='block_1_28' title="bbox 1089 410 2903 500">
    <p class='ocr_par' dir='ltr' id='par_1_28' title="bbox 1089 410 2903 500">
     <span class='ocr_line' id='line_1_28' title="bbox 1089 410 2903 500; baseline -0.018 0"><span class='ocrx_word' id='word_1_228' title='bbox 1089 442 1148 500; x_wconf 87' lang='lat'><strong>8.</strong></span> <span class='ocrx_word' id='word_1_229' title='bbox 1187 434 1465 499; x_wconf 78' lang='lat' dir='ltr'><strong>JOANNIS</strong></span> <span class='ocrx_word' id='word_1_230' title='bbox 1501 420 1977 490; x_wconf 72' lang='lat' dir='ltr'><strong>CllRYSOSTOMl</strong></span> <span class='ocrx_word' id='word_1_231' title='bbox 2014 417 2329 479; x_wconf 77' lang='lat' dir='ltr'><strong>ARCHIEP.</strong></span> <span class='ocrx_word' id='word_1_232' title='bbox 2370 410 2903 474; x_wconf 73' lang='lat' dir='ltr'><strong>CONSTANTINOP.</strong></span> 
     </span>
    </p>
   </div>
   <div class='ocr_carea' id='block_1_29' title="bbox 2045 512 3619 599">
    <p class='ocr_par' dir='ltr' id='par_1_29' title="bbox 2045 512 3619 599">
     <span class='ocr_line' id='line_1_29' title="bbox 2045 512 3619 599; baseline -0.014 -10"><span class='ocrx_word' id='word_1_233' title='bbox 2045 529 2468 590; x_wconf 86' lang='lat' dir='ltr'><strong>miscricordiam</strong></span> <span class='ocrx_word' id='word_1_234' title='bbox 2500 528 2555 584; x_wconf 90' lang='lat' dir='ltr'><strong>in</strong></span> <span class='ocrx_word' id='word_1_235' title='bbox 2598 525 2849 599; x_wconf 76' lang='lat' dir='ltr'><strong>iuvandis</strong></span> <span class='ocrx_word' id='word_1_236' title='bbox 2888 531 2995 578; x_wconf 87' lang='lat' dir='ltr'><strong>tam</strong></span> <span class='ocrx_word' id='word_1_237' title='bbox 3025 517 3249 590; x_wconf 87' lang='lat' dir='ltr'><strong>pecunia</strong></span> <span class='ocrx_word' id='word_1_238' title='bbox 3276 529 3427 587; x_wconf 84' lang='lat' dir='ltr'><strong>quam</strong></span> <span class='ocrx_word' id='word_1_239' title='bbox 3454 512 3619 568; x_wconf 84' lang='lat' dir='ltr'><strong>studio</strong></span> 
     </span>
    </p>
   </div>
   <div class='ocr_carea' id='block_1_30' title="bbox 2046 607 3621 697">
    <p class='ocr_par' dir='ltr' id='par_1_30' title="bbox 2046 607 3621 697">
     <span class='ocr_line' id='line_1_30' title="bbox 2046 607 3621 697; baseline -0.015 -16"><span class='ocrx_word' id='word_1_240' title='bbox 2046 636 2207 697; x_wconf 91' lang='lat' dir='ltr'><strong>atque</strong></span> <span class='ocrx_word' id='word_1_241' title='bbox 2234 623 2411 679; x_wconf 82' lang='lat' dir='ltr'><strong>officio</strong></span> <span class='ocrx_word' id='word_1_242' title='bbox 2450 619 2706 692; x_wconf 76' lang='lat' dir='ltr'><strong>proximis</strong></span> <span class='ocrx_word' id='word_1_243' title='bbox 2731 658 2747 683; x_wconf 93' lang='lat'><strong>,</strong></span> <span class='ocrx_word' id='word_1_244' title='bbox 2786 617 2967 671; x_wconf 85' lang='lat' dir='ltr'><strong>firmas</strong></span> <span class='ocrx_word' id='word_1_245' title='bbox 3004 612 3235 681; x_wconf 89' lang='lat' dir='ltr'><strong>denique</strong></span> <span class='ocrx_word' id='word_1_246' title='bbox 3266 624 3327 664; x_wconf 89' lang='lat' dir='ltr'><strong>ac</strong></span> <span class='ocrx_word' id='word_1_247' title='bbox 3352 607 3621 662; x_wconf 87' lang='lat' dir='ltr'><strong>continuas</strong></span> 
     </span>
    </p>
   </div>
   <div class='ocr_carea' id='block_1_31' title="bbox 2048 699 3623 791">
    <p class='ocr_par' dir='ltr' id='par_1_31' title="bbox 2048 699 3623 791">
     <span class='ocr_line' id='line_1_31' title="bbox 2048 699 3623 791; baseline -0.013 -17"><span class='ocrx_word' id='word_1_248' title='bbox 2048 732 2256 791; x_wconf 85' lang='lat' dir='ltr'><strong>preces.</strong></span> <span class='ocrx_word' id='word_1_249' title='bbox 2281 714 2371 772; x_wconf 85' lang='lat' dir='ltr'><strong>Sic</strong></span> <span class='ocrx_word' id='word_1_250' title='bbox 2390 714 2545 769; x_wconf 89' lang='lat' dir='ltr'><strong>vidua</strong></span> <span class='ocrx_word' id='word_1_251' title='bbox 2572 712 2661 768; x_wconf 90' lang='lat' dir='ltr'><strong>illa</strong></span> <span class='ocrx_word' id='word_1_252' title='bbox 2684 708 2930 765; x_wconf 91' lang='lat' dir='ltr'><strong>immanis</strong></span> <span class='ocrx_word' id='word_1_253' title='bbox 2952 706 3095 761; x_wconf 90' lang='lat' dir='ltr'><strong>illius</strong></span> <span class='ocrx_word' id='word_1_254' title='bbox 3116 712 3172 760; x_wconf 89' lang='lat' dir='ltr'><strong>et</strong></span> <span class='ocrx_word' id='word_1_255' title='bbox 3189 701 3416 757; x_wconf 85' lang='lat' dir='ltr'><strong>crudelis</strong></span> <span class='ocrx_word' id='word_1_256' title='bbox 3436 699 3623 768; x_wconf 80' lang='lat' dir='ltr'><strong>iudicis</strong></span> 
     </span>
    </p>
   </div>
   <div class='ocr_carea' id='block_1_32' title="bbox 2050 791 3621 875">
    <p class='ocr_par' dir='ltr' id='par_1_32' title="bbox 2050 791 3621 875">
     <span class='ocr_line' id='line_1_32' title="bbox 2050 791 3621 875; baseline -0.017 -10"><span class='ocrx_word' id='word_1_257' title='bbox 2050 809 2287 865; x_wconf 91' lang='lat' dir='ltr'><strong>animum</strong></span> <span class='ocrx_word' id='word_1_258' title='bbox 2325 804 2586 875; x_wconf 77' lang='lat' dir='ltr'><strong>mitigavit</strong></span> <span class='ocrx_word' id='word_1_259' title='bbox 2614 804 2633 873; x_wconf 90' lang='lat'><strong>(</strong></span> <span class='ocrx_word' id='word_1_260' title='bbox 2662 800 2794 855; x_wconf 85' lang='lat' dir='ltr'><strong>Luc.</strong></span> <span class='ocrx_word' id='word_1_261' title='bbox 2824 798 2893 855; x_wconf 74' lang='lat' dir='ltr'><strong>l8</strong></span> <span class='ocrx_word' id='word_1_262' title='bbox 2915 798 2958 865; x_wconf 93' lang='lat'><strong>).</strong></span> <span class='ocrx_word' id='word_1_263' title='bbox 2987 794 3139 864; x_wconf 87' lang='lat' dir='ltr'><strong>Quod</strong></span> <span class='ocrx_word' id='word_1_264' title='bbox 3166 793 3212 848; x_wconf 89' lang='lat' dir='ltr'><strong>si</strong></span> <span class='ocrx_word' id='word_1_265' title='bbox 3243 792 3329 846; x_wconf 88' lang='lat' dir='ltr'><strong>illa</strong></span> <span class='ocrx_word' id='word_1_266' title='bbox 3358 791 3585 860; x_wconf 91' lang='lat' dir='ltr'><strong>iniquum</strong></span> <span class='ocrx_word' id='word_1_267' title='bbox 3608 829 3621 851; x_wconf 83' lang='lat'><strong>,</strong></span> 
     </span>
    </p>
   </div>
   <div class='ocr_carea' id='block_1_33' title="bbox 2050 880 3624 974">
    <p class='ocr_par' dir='ltr' id='par_1_33' title="bbox 2050 880 3624 974">
     <span class='ocr_line' id='line_1_33' title="bbox 2050 880 3624 974; baseline -0.017 -16"><span class='ocrx_word' id='word_1_268' title='bbox 2050 910 2251 974; x_wconf 88' lang='lat' dir='ltr'><strong>quanto</strong></span> <span class='ocrx_word' id='word_1_269' title='bbox 2291 898 2460 968; x_wconf 84' lang='lat' dir='ltr'><strong>magis</strong></span> <span class='ocrx_word' id='word_1_270' title='bbox 2500 906 2554 950; x_wconf 90' lang='lat' dir='ltr'><strong>tu</strong></span> <span class='ocrx_word' id='word_1_271' title='bbox 2584 900 2920 949; x_wconf 87' lang='lat' dir='ltr'><strong>mansuetum</strong></span> <span class='ocrx_word' id='word_1_272' title='bbox 2947 903 3011 943; x_wconf 92' lang='lat' dir='ltr'><strong>ac</strong></span> <span class='ocrx_word' id='word_1_273' title='bbox 3039 883 3295 941; x_wconf 76' lang='lat' dir='ltr'><strong>facilem?</strong></span> <span class='ocrx_word' id='word_1_274' title='bbox 3333 882 3427 937; x_wconf 81' lang='lat' dir='ltr'><strong>Est</strong></span> <span class='ocrx_word' id='word_1_275' title='bbox 3453 892 3506 935; x_wconf 91' lang='lat' dir='ltr'><strong>et</strong></span> <span class='ocrx_word' id='word_1_276' title='bbox 3533 880 3624 932; x_wconf 83' lang='lat' dir='ltr'><strong>alia</strong></span> 
     </span>
    </p>
   </div>
   <div class='ocr_carea' id='block_1_34' title="bbox 2054 970 3627 1065">
    <p class='ocr_par' dir='ltr' id='par_1_34' title="bbox 2054 970 3627 1065">
     <span class='ocr_line' id='line_1_34' title="bbox 2054 970 3627 1065; baseline -0.017 -16"><span class='ocrx_word' id='word_1_277' title='bbox 2054 1003 2248 1065; x_wconf 65' lang='lat' dir='ltr'><strong>praeter</strong></span> <span class='ocrx_word' id='word_1_278' title='bbox 2286 1004 2378 1045; x_wconf 79' lang='lat' dir='ltr'><strong>eas</strong></span> <span class='ocrx_word' id='word_1_279' title='bbox 2398 1028 2413 1053; x_wconf 92' lang='lat'><strong>,</strong></span> <span class='ocrx_word' id='word_1_280' title='bbox 2444 1001 2578 1058; x_wconf 88' lang='lat' dir='ltr'><strong>quas</strong></span> <span class='ocrx_word' id='word_1_281' title='bbox 2605 978 3145 1040; x_wconf 86' lang='lat' dir='ltr'><strong>commemoravimus</strong></span> <span class='ocrx_word' id='word_1_282' title='bbox 3164 1018 3179 1041; x_wconf 93' lang='lat'><strong>,</strong></span> <span class='ocrx_word' id='word_1_283' title='bbox 3211 974 3294 1029; x_wconf 87' lang='lat' dir='ltr'><strong>via</strong></span> <span class='ocrx_word' id='word_1_284' title='bbox 3313 1015 3328 1037; x_wconf 91' lang='lat'><strong>,</strong></span> <span class='ocrx_word' id='word_1_285' title='bbox 3359 986 3546 1039; x_wconf 85' lang='lat' dir='ltr'><strong>nempe</strong></span> <span class='ocrx_word' id='word_1_286' title='bbox 3570 970 3627 1023; x_wconf 88' lang='lat' dir='ltr'><strong>iis</strong></span> 
     </span>
    </p>
   </div>
   <div class='ocr_carea' id='block_1_35' title="bbox 2053 1061 3627 1157">
    <p class='ocr_par' dir='ltr' id='par_1_35' title="bbox 2053 1061 3627 1157">
     <span class='ocr_line' id='line_1_35' title="bbox 2053 1061 3627 1157; baseline -0.018 -17"><span class='ocrx_word' id='word_1_287' title='bbox 2053 1061 2143 1157; x_wconf 79' lang='lat' dir='ltr'><strong>qui</strong></span> <span class='ocrx_word' id='word_1_288' title='bbox 2174 1082 2367 1154; x_wconf 84' lang='lat' dir='ltr'><strong>injuria</strong></span> <span class='ocrx_word' id='word_1_289' title='bbox 2395 1078 2701 1135; x_wconf 85' lang='lat' dir='ltr'><strong>afficiuntur</strong></span> <span class='ocrx_word' id='word_1_290' title='bbox 2720 1115 2735 1141; x_wconf 90' lang='lat'><strong>,</strong></span> <span class='ocrx_word' id='word_1_291' title='bbox 2764 1071 3015 1145; x_wconf 63' lang='lat' dir='ltr'><strong>praesidio</strong></span> <span class='ocrx_word' id='word_1_292' title='bbox 3040 1082 3163 1124; x_wconf 91' lang='lat' dir='ltr'><strong>esse</strong></span> <span class='ocrx_word' id='word_1_293' title='bbox 3191 1086 3205 1122; x_wconf 87' lang='lat'><strong>:</strong></span> <span class='ocrx_word' id='word_1_294' title='bbox 3231 1063 3469 1120; x_wconf 73' lang='lat' dir='ltr'><strong>ludicatc</strong></span> <span class='ocrx_word' id='word_1_295' title='bbox 3495 1061 3627 1116; x_wconf 88' lang='lat' dir='ltr'><strong>enim</strong></span> 
     </span>
    </p>
   </div>
   <div class='ocr_carea' id='block_1_36' title="bbox 2055 1153 3631 1249">
    <p class='ocr_par' dir='ltr' id='par_1_36' title="bbox 2055 1153 3631 1249">
     <span class='ocr_line' id='line_1_36' title="bbox 2055 1153 3631 1249; baseline -0.018 -18"><span class='ocrx_word' id='word_1_296' title='bbox 2055 1153 2272 1249; x_wconf 79' lang='lat' dir='ltr'><strong>pupillo,</strong></span> <span class='ocrx_word' id='word_1_297' title='bbox 2301 1170 2490 1241; x_wconf 89' lang='lat' dir='ltr'><strong>inquit,</strong></span> <span class='ocrx_word' id='word_1_298' title='bbox 2521 1177 2569 1223; x_wconf 87' lang='lat' dir='ltr'><strong>et</strong></span> <span class='ocrx_word' id='word_1_299' title='bbox 2591 1167 2797 1222; x_wconf 79' lang='lat' dir='ltr'><strong>viduam</strong></span> <span class='ocrx_word' id='word_1_300' title='bbox 2816 1162 3095 1234; x_wconf 79' lang='lat' dir='ltr'><strong>justiﬁcate</strong></span> <span class='ocrx_word' id='word_1_301' title='bbox 3116 1173 3141 1214; x_wconf 78' lang='lat'><strong>.&#39;</strong></span> <span class='ocrx_word' id='word_1_302' title='bbox 3157 1168 3203 1213; x_wconf 86' lang='lat' dir='ltr'><strong>et</strong></span> <span class='ocrx_word' id='word_1_303' title='bbox 3227 1156 3385 1211; x_wconf 83' lang='lat' dir='ltr'><strong>venite</strong></span> <span class='ocrx_word' id='word_1_304' title='bbox 3406 1162 3453 1207; x_wconf 83' lang='lat' dir='ltr'><strong>et</strong></span> <span class='ocrx_word' id='word_1_305' title='bbox 3475 1153 3631 1221; x_wconf 74' lang='lat' dir='ltr'><strong>dispu-</strong></span> 
     </span>
    </p>
   </div>
   <div class='ocr_carea' id='block_1_37' title="bbox 2017 1241 3631 1333">
    <p class='ocr_par' dir='ltr' id='par_1_37' title="bbox 2017 1241 3631 1333">
     <span class='ocr_line' id='line_1_37' title="bbox 2017 1241 3631 1333; baseline -0.017 -10"><span class='ocrx_word' id='word_1_306' title='bbox 2017 1257 2021 1261; x_wconf 52' lang='grc'><em>’</em></span> <span class='ocrx_word' id='word_1_307' title='bbox 2058 1278 2217 1324; x_wconf 79' lang='lat' dir='ltr'><strong>tentus</strong></span> <span class='ocrx_word' id='word_1_308' title='bbox 2240 1280 2263 1317; x_wconf 83' lang='lat'><strong><em>:</em></strong></span> <span class='ocrx_word' id='word_1_309' title='bbox 2279 1274 2327 1318; x_wconf 88' lang='lat' dir='ltr'><strong>et</strong></span> <span class='ocrx_word' id='word_1_310' title='bbox 2348 1264 2394 1317; x_wconf 86' lang='lat' dir='ltr'><strong>si</strong></span> <span class='ocrx_word' id='word_1_311' title='bbox 2418 1262 2606 1333; x_wconf 82' lang='lat' dir='ltr'><strong>fuerint</strong></span> <span class='ocrx_word' id='word_1_312' title='bbox 2628 1265 2834 1327; x_wconf 85' lang='lat' dir='ltr'><strong>peccata</strong></span> <span class='ocrx_word' id='word_1_313' title='bbox 2855 1264 3016 1308; x_wconf 82' lang='lat' dir='ltr'><strong>vestra</strong></span> <span class='ocrx_word' id='word_1_314' title='bbox 3039 1253 3167 1305; x_wconf 86' lang='lat' dir='ltr'><strong>sicut</strong></span> <span class='ocrx_word' id='word_1_315' title='bbox 3188 1248 3444 1302; x_wconf 81' lang='lat' dir='ltr'><strong>coccinum</strong></span> <span class='ocrx_word' id='word_1_316' title='bbox 3465 1288 3480 1309; x_wconf 72' lang='grc'><strong><em>,</em></strong></span> <span class='ocrx_word' id='word_1_317' title='bbox 3500 1241 3631 1311; x_wconf 75' lang='lat' dir='ltr'><strong>quasi</strong></span> 
     </span>
    </p>
   </div>
   <div class='ocr_carea' id='block_1_38' title="bbox 2058 1340 3634 1420">
    <p class='ocr_par' dir='ltr' id='par_1_38' title="bbox 2058 1340 3634 1420">
     <span class='ocr_line' id='line_1_38' title="bbox 2058 1340 3634 1420; baseline -0.019 -6"><span class='ocrx_word' id='word_1_318' title='bbox 2058 1360 2221 1414; x_wconf 85' lang='lat' dir='ltr'><strong>nivem</strong></span> <span class='ocrx_word' id='word_1_319' title='bbox 2259 1372 2319 1409; x_wconf 90' lang='lat' dir='ltr'><strong>ea</strong></span> <span class='ocrx_word' id='word_1_320' title='bbox 2361 1350 2602 1407; x_wconf 85' lang='lat' dir='ltr'><strong>dealbabo</strong></span> <span class='ocrx_word' id='word_1_321' title='bbox 2635 1346 2806 1420; x_wconf 84' lang='lat' dir='ltr'><strong>(Isai.</strong></span> <span class='ocrx_word' id='word_1_322' title='bbox 2841 1346 2893 1400; x_wconf 79' lang='lat' dir='ltr'><strong>l.</strong></span> <span class='ocrx_word' id='word_1_323' title='bbox 2936 1346 3022 1399; x_wconf 80' lang='lat' dir='ltr'><strong>lli.</strong></span> <span class='ocrx_word' id='word_1_324' title='bbox 3052 1343 3118 1396; x_wconf 81' lang='grc'><strong>17</strong></span> <span class='ocrx_word' id='word_1_325' title='bbox 3141 1340 3185 1411; x_wconf 92' lang='grc'>).</span> <span class='ocrx_word' id='word_1_326' title='bbox 3215 1340 3454 1405; x_wconf 88' lang='lat' dir='ltr'><strong>Quanam</strong></span> <span class='ocrx_word' id='word_1_327' title='bbox 3484 1346 3634 1404; x_wconf 89' lang='lat' dir='ltr'><strong>porro</strong></span> 
     </span>
    </p>
   </div>
   <div class='ocr_carea' id='block_1_39' title="bbox 2059 1429 3634 1517">
    <p class='ocr_par' dir='ltr' id='par_1_39' title="bbox 2059 1429 3634 1517">
     <span class='ocr_line' id='line_1_39' title="bbox 2059 1429 3634 1517; baseline -0.017 -9"><span class='ocrx_word' id='word_1_328' title='bbox 2059 1449 2404 1509; x_wconf 81' lang='lat' dir='ltr'><strong>excusatione</strong></span> <span class='ocrx_word' id='word_1_329' title='bbox 2432 1444 2579 1517; x_wconf 88' lang='lat' dir='ltr'><strong>digni</strong></span> <span class='ocrx_word' id='word_1_330' title='bbox 2610 1442 2811 1497; x_wconf 89' lang='lat' dir='ltr'><strong>erimus</strong></span> <span class='ocrx_word' id='word_1_331' title='bbox 2833 1480 2850 1506; x_wconf 94' lang='lat'><strong>,</strong></span> <span class='ocrx_word' id='word_1_332' title='bbox 2882 1438 2929 1494; x_wconf 93' lang='lat' dir='ltr'><strong>si</strong></span> <span class='ocrx_word' id='word_1_333' title='bbox 2956 1452 3079 1493; x_wconf 91' lang='lat' dir='ltr'><strong>cum</strong></span> <span class='ocrx_word' id='word_1_334' title='bbox 3112 1444 3190 1490; x_wconf 93' lang='lat' dir='ltr'><strong>tot</strong></span> <span class='ocrx_word' id='word_1_335' title='bbox 3215 1434 3325 1487; x_wconf 83' lang='lat' dir='ltr'><strong>vias</strong></span> <span class='ocrx_word' id='word_1_336' title='bbox 3355 1429 3634 1485; x_wconf 84' lang='lat' dir='ltr'><strong>habeamus</strong></span> 
     </span>
    </p>
   </div>
   <div class='ocr_carea' id='block_1_40' title="bbox 2061 1527 3635 1603">
    <p class='ocr_par' dir='ltr' id='par_1_40' title="bbox 2061 1527 3635 1603">
     <span class='ocr_line' id='line_1_40' title="bbox 2061 1527 3635 1603; baseline -0.018 -1"><span class='ocrx_word' id='word_1_337' title='bbox 2061 1562 2160 1603; x_wconf 89' lang='lat' dir='ltr'><strong>nos</strong></span> <span class='ocrx_word' id='word_1_338' title='bbox 2196 1547 2250 1599; x_wconf 93' lang='lat' dir='ltr'><strong>in</strong></span> <span class='ocrx_word' id='word_1_339' title='bbox 2290 1542 2482 1598; x_wconf 81' lang='lat' dir='ltr'><strong>caelum</strong></span> <span class='ocrx_word' id='word_1_340' title='bbox 2523 1535 2888 1595; x_wconf 83' lang='lat' dir='ltr'><strong>subvehentes</strong></span> <span class='ocrx_word' id='word_1_341' title='bbox 2910 1573 2927 1599; x_wconf 94' lang='lat'><strong>,</strong></span> <span class='ocrx_word' id='word_1_342' title='bbox 2956 1528 3080 1588; x_wconf 84' lang='lat' dir='ltr'><strong>cum</strong></span> <span class='ocrx_word' id='word_1_343' title='bbox 3117 1538 3193 1585; x_wconf 93' lang='lat' dir='ltr'><strong>tot</strong></span> <span class='ocrx_word' id='word_1_344' title='bbox 3217 1527 3503 1598; x_wconf 84' lang='lat' dir='ltr'><strong>pharmaca</strong></span> <span class='ocrx_word' id='word_1_345' title='bbox 3528 1534 3635 1592; x_wconf 65' lang='lat' dir='ltr'><strong>qua</strong></span> 
     </span>
    </p>
   </div>
   <div class='ocr_carea' id='block_1_41' title="bbox 2060 1612 3635 1695">
    <p class='ocr_par' dir='ltr' id='par_1_41' title="bbox 2060 1612 3635 1695">
     <span class='ocr_line' id='line_1_41' title="bbox 2060 1612 3635 1695; baseline -0.018 -2"><span class='ocrx_word' id='word_1_346' title='bbox 2060 1636 2371 1693; x_wconf 81' lang='lat' dir='ltr'><strong>vulneribus</strong></span> <span class='ocrx_word' id='word_1_347' title='bbox 2399 1630 2715 1688; x_wconf 87' lang='lat' dir='ltr'><strong>medeantur</strong></span> <span class='ocrx_word' id='word_1_348' title='bbox 2734 1668 2750 1695; x_wconf 94' lang='lat'><strong>,</strong></span> <span class='ocrx_word' id='word_1_349' title='bbox 2777 1625 2938 1682; x_wconf 89' lang='lat' dir='ltr'><strong>etiam</strong></span> <span class='ocrx_word' id='word_1_350' title='bbox 2970 1629 3092 1693; x_wconf 89' lang='lat' dir='ltr'><strong>post</strong></span> <span class='ocrx_word' id='word_1_351' title='bbox 3122 1618 3444 1690; x_wconf 88' lang='lat' dir='ltr'><strong>baptismum</strong></span> <span class='ocrx_word' id='word_1_352' title='bbox 3472 1614 3523 1668; x_wconf 90' lang='lat' dir='ltr'><strong>in</strong></span> <span class='ocrx_word' id='word_1_353' title='bbox 3549 1612 3635 1666; x_wconf 52' lang='lat' dir='ltr'><strong>iis.</strong></span> 
     </span>
    </p>
   </div>
   <div class='ocr_carea' id='block_1_42' title="bbox 2063 1712 3637 1793">
    <p class='ocr_par' dir='ltr' id='par_1_42' title="bbox 2063 1712 3637 1793">
     <span class='ocr_line' id='line_1_42' title="bbox 2063 1712 3637 1793; baseline -0.018 -5"><span class='ocrx_word' id='word_1_354' title='bbox 2063 1732 2185 1788; x_wconf 91' lang='lat' dir='ltr'><strong>dem</strong></span> <span class='ocrx_word' id='word_1_355' title='bbox 2209 1728 2334 1784; x_wconf 76' lang='lat' dir='ltr'><strong>vita:</strong></span> <span class='ocrx_word' id='word_1_356' title='bbox 2358 1724 2549 1782; x_wconf 86' lang='lat' dir='ltr'><strong>studiis</strong></span> <span class='ocrx_word' id='word_1_357' title='bbox 2574 1714 3016 1793; x_wconf 82' lang='lat' dir='ltr'><strong>perseveremus?</strong></span> <span class='ocrx_word' id='word_1_358' title='bbox 3039 1712 3138 1779; x_wconf 85' lang='lat' dir='ltr'><strong>Ne,</strong></span> <span class='ocrx_word' id='word_1_359' title='bbox 3167 1724 3366 1782; x_wconf 68' lang='lat' dir='ltr'><strong>quazso,</strong></span> <span class='ocrx_word' id='word_1_360' title='bbox 3396 1719 3637 1778; x_wconf 56' lang='lat' dir='ltr'><strong>persevec</strong></span> 
     </span>
    </p>
   </div>
   <div class='ocr_carea' id='block_1_43' title="bbox 2064 1794 3637 1885">
    <p class='ocr_par' dir='ltr' id='par_1_43' title="bbox 2064 1794 3637 1885">
     <span class='ocr_line' id='line_1_43' title="bbox 2064 1794 3637 1885; baseline -0.02 -6"><span class='ocrx_word' id='word_1_361' title='bbox 2064 1834 2246 1880; x_wconf 89' lang='lat' dir='ltr'><strong>remus</strong></span> <span class='ocrx_word' id='word_1_362' title='bbox 2265 1862 2278 1885; x_wconf 91' lang='lat'><strong>,</strong></span> <span class='ocrx_word' id='word_1_363' title='bbox 2306 1831 2493 1874; x_wconf 86' lang='lat' dir='ltr'><strong>verum</strong></span> <span class='ocrx_word' id='word_1_364' title='bbox 2520 1814 2556 1870; x_wconf 95' lang='lat' dir='ltr'><strong>ii</strong></span> <span class='ocrx_word' id='word_1_365' title='bbox 2584 1811 2837 1884; x_wconf 88' lang='lat' dir='ltr'><strong>quidem,</strong></span> <span class='ocrx_word' id='word_1_366' title='bbox 2867 1807 2954 1878; x_wconf 91' lang='lat' dir='ltr'><strong>qui</strong></span> <span class='ocrx_word' id='word_1_367' title='bbox 2985 1803 3221 1861; x_wconf 91' lang='lat' dir='ltr'><strong>nondum</strong></span> <span class='ocrx_word' id='word_1_368' title='bbox 3252 1799 3385 1870; x_wconf 86' lang='lat' dir='ltr'><strong>lapsi</strong></span> <span class='ocrx_word' id='word_1_369' title='bbox 3409 1806 3565 1861; x_wconf 89' lang='lat' dir='ltr'><strong>sunt,</strong></span> <span class='ocrx_word' id='word_1_370' title='bbox 3592 1794 3637 1847; x_wconf 93' lang='lat' dir='ltr'><strong>in</strong></span> 
     </span>
    </p>
   </div>
   <div class='ocr_carea' id='block_1_44' title="bbox 2066 1885 3641 1984">
    <p class='ocr_par' dir='ltr' id='par_1_44' title="bbox 2066 1885 3641 1984">
     <span class='ocr_line' id='line_1_44' title="bbox 2066 1885 3641 1984; baseline -0.021 -13"><span class='ocrx_word' id='word_1_371' title='bbox 2066 1930 2163 1971; x_wconf 86' lang='lat' dir='ltr'><strong>sua</strong></span> <span class='ocrx_word' id='word_1_372' title='bbox 2192 1906 2588 1984; x_wconf 82' lang='lat' dir='ltr'><strong>pulchritudine</strong></span> <span class='ocrx_word' id='word_1_373' title='bbox 2615 1908 2885 1975; x_wconf 86' lang='lat' dir='ltr'><strong>perstent,</strong></span> <span class='ocrx_word' id='word_1_374' title='bbox 2912 1899 3023 1954; x_wconf 92' lang='lat' dir='ltr'><strong>imo</strong></span> <span class='ocrx_word' id='word_1_375' title='bbox 3055 1909 3172 1953; x_wconf 88' lang='lat' dir='ltr'><strong>eam</strong></span> <span class='ocrx_word' id='word_1_376' title='bbox 3200 1892 3367 1962; x_wconf 87' lang='lat' dir='ltr'><strong>magis</strong></span> <span class='ocrx_word' id='word_1_377' title='bbox 3394 1904 3458 1944; x_wconf 84' lang='lat' dir='ltr'><strong>ac</strong></span> <span class='ocrx_word' id='word_1_378' title='bbox 3485 1885 3641 1955; x_wconf 85' lang='lat' dir='ltr'><strong>magis</strong></span> 
     </span>
    </p>
   </div>
   <div class='ocr_carea' id='block_1_45' title="bbox 2067 1983 3639 2074">
    <p class='ocr_par' dir='ltr' id='par_1_45' title="bbox 2067 1983 3639 2074">
     <span class='ocr_line' id='line_1_45' title="bbox 2067 1983 3639 2074; baseline -0.021 -10"><span class='ocrx_word' id='word_1_379' title='bbox 2067 1983 2314 2064; x_wconf 76' lang='lat' dir='ltr'><strong>excolam</strong></span> <span class='ocrx_word' id='word_1_380' title='bbox 2340 2004 2504 2074; x_wconf 90' lang='lat' dir='ltr'><strong>(nam</strong></span> <span class='ocrx_word' id='word_1_381' title='bbox 2544 1994 2752 2053; x_wconf 89' lang='lat' dir='ltr'><strong>etiamsi</strong></span> <span class='ocrx_word' id='word_1_382' title='bbox 2800 1990 3055 2063; x_wconf 72' lang='lat' dir='ltr'><strong>prmclara</strong></span> <span class='ocrx_word' id='word_1_383' title='bbox 3096 1987 3211 2042; x_wconf 66' lang='lat' dir='ltr'><strong>haec</strong></span> <span class='ocrx_word' id='word_1_384' title='bbox 3234 1983 3409 2040; x_wconf 82' lang='lat' dir='ltr'><strong>ofﬁcia</strong></span> <span class='ocrx_word' id='word_1_385' title='bbox 3440 1986 3639 2050; x_wconf 85' lang='lat' dir='ltr'><strong>peccata</strong></span> 
     </span>
    </p>
   </div>
   <div class='ocr_carea' id='block_1_46' title="bbox 2069 2071 3641 2165">
    <p class='ocr_par' dir='ltr' id='par_1_46' title="bbox 2069 2071 3641 2165">
     <span class='ocr_line' id='line_1_46' title="bbox 2069 2071 3641 2165; baseline -0.021 -10"><span class='ocrx_word' id='word_1_386' title='bbox 2069 2098 2213 2155; x_wconf 89' lang='lat' dir='ltr'><strong>nulla</strong></span> <span class='ocrx_word' id='word_1_387' title='bbox 2251 2071 2527 2165; x_wconf 84' lang='lat' dir='ltr'><strong>reperiant</strong></span> <span class='ocrx_word' id='word_1_388' title='bbox 2549 2129 2565 2154; x_wconf 90' lang='lat'><strong>,</strong></span> <span class='ocrx_word' id='word_1_389' title='bbox 2595 2085 3001 2144; x_wconf 90' lang='lat' dir='ltr'><strong>cumulatiorem</strong></span> <span class='ocrx_word' id='word_1_390' title='bbox 3029 2087 3176 2136; x_wconf 89' lang='lat' dir='ltr'><strong>certe</strong></span> <span class='ocrx_word' id='word_1_391' title='bbox 3202 2071 3641 2149; x_wconf 88' lang='lat' dir='ltr'><strong>pulchritudinem</strong></span> 
     </span>
    </p>
   </div>
   <div class='ocr_carea' id='block_1_47' title="bbox 2071 2164 3640 2257">
    <p class='ocr_par' dir='ltr' id='par_1_47' title="bbox 2071 2164 3640 2257">
     <span class='ocr_line' id='line_1_47' title="bbox 2071 2164 3640 2257; baseline -0.02 -11"><span class='ocrx_word' id='word_1_392' title='bbox 2071 2164 2352 2257; x_wconf 70' lang='lat' dir='ltr'><strong>reddunt):</strong></span> <span class='ocrx_word' id='word_1_393' title='bbox 2377 2197 2477 2238; x_wconf 91' lang='lat' dir='ltr'><strong>nos</strong></span> <span class='ocrx_word' id='word_1_394' title='bbox 2494 2194 2646 2242; x_wconf 89' lang='lat' dir='ltr'><strong>vero,</strong></span> <span class='ocrx_word' id='word_1_395' title='bbox 2670 2177 2760 2248; x_wconf 88' lang='lat' dir='ltr'><strong>qui</strong></span> <span class='ocrx_word' id='word_1_396' title='bbox 2784 2183 2999 2247; x_wconf 90' lang='lat' dir='ltr'><strong>peccata</strong></span> <span class='ocrx_word' id='word_1_397' title='bbox 3020 2170 3185 2227; x_wconf 91' lang='lat' dir='ltr'><strong>multa</strong></span> <span class='ocrx_word' id='word_1_398' title='bbox 3208 2164 3640 2239; x_wconf 86' lang='lat' dir='ltr'><strong>perpetravimus,</strong></span> 
     </span>
    </p>
   </div>
   <div class='ocr_carea' id='block_1_48' title="bbox 2070 2252 3643 2341">
    <p class='ocr_par' dir='ltr' id='par_1_48' title="bbox 2070 2252 3643 2341">
     <span class='ocr_line' id='line_1_48' title="bbox 2070 2252 3643 2341; baseline -0.021 -1"><span class='ocrx_word' id='word_1_399' title='bbox 2070 2284 2137 2339; x_wconf 89' lang='lat' dir='ltr'><strong>ad</strong></span> <span class='ocrx_word' id='word_1_400' title='bbox 2167 2278 2557 2338; x_wconf 89' lang='lat' dir='ltr'><strong>correctionem</strong></span> <span class='ocrx_word' id='word_1_401' title='bbox 2591 2287 2653 2326; x_wconf 85' lang='lat' dir='ltr'><strong>ea</strong></span> <span class='ocrx_word' id='word_1_402' title='bbox 2688 2284 2807 2341; x_wconf 77' lang='lat' dir='ltr'><strong>qua:</strong></span> <span class='ocrx_word' id='word_1_403' title='bbox 2833 2267 3067 2323; x_wconf 81' lang='lat' dir='ltr'><strong>diximus</strong></span> <span class='ocrx_word' id='word_1_404' title='bbox 3090 2261 3440 2317; x_wconf 88' lang='lat' dir='ltr'><strong>adhibeamus</strong></span> <span class='ocrx_word' id='word_1_405' title='bbox 3467 2272 3485 2312; x_wconf 86' lang='lat'>:</span> <span class='ocrx_word' id='word_1_406' title='bbox 3509 2264 3565 2309; x_wconf 88' lang='lat' dir='ltr'><strong>ut</strong></span> <span class='ocrx_word' id='word_1_407' title='bbox 3586 2252 3643 2306; x_wconf 86' lang='lat' dir='ltr'><strong>ad</strong></span> 
     </span>
    </p>
   </div>
   <div class='ocr_carea' id='block_1_49' title="bbox 2071 2345 3647 2432">
    <p class='ocr_par' dir='ltr' id='par_1_49' title="bbox 2071 2345 3647 2432">
     <span class='ocr_line' id='line_1_49' title="bbox 2071 2345 3647 2432; baseline -0.02 -1"><span class='ocrx_word' id='word_1_408' title='bbox 2071 2373 2270 2432; x_wconf 90' lang='lat' dir='ltr'><strong>Christi</strong></span> <span class='ocrx_word' id='word_1_409' title='bbox 2310 2365 2542 2425; x_wconf 90' lang='lat' dir='ltr'><strong>tribunal</strong></span> <span class='ocrx_word' id='word_1_410' title='bbox 2573 2377 2693 2419; x_wconf 91' lang='lat' dir='ltr'><strong>cum</strong></span> <span class='ocrx_word' id='word_1_411' title='bbox 2721 2373 2913 2430; x_wconf 87' lang='lat' dir='ltr'><strong>magna</strong></span> <span class='ocrx_word' id='word_1_412' title='bbox 2951 2356 3144 2411; x_wconf 82' lang='lat' dir='ltr'><strong>fiducia</strong></span> <span class='ocrx_word' id='word_1_413' title='bbox 3171 2353 3479 2414; x_wconf 88' lang='lat' dir='ltr'><strong>adstemus;</strong></span> <span class='ocrx_word' id='word_1_414' title='bbox 3510 2345 3647 2416; x_wconf 76' lang='lat' dir='ltr'><strong>cuius</strong></span> 
     </span>
    </p>
   </div>
   <div class='ocr_carea' id='block_1_50' title="bbox 2073 2444 3648 2529">
    <p class='ocr_par' dir='ltr' id='par_1_50' title="bbox 2073 2444 3648 2529">
     <span class='ocr_line' id='line_1_50' title="bbox 2073 2444 3648 2529; baseline -0.022 0"><span class='ocrx_word' id='word_1_415' title='bbox 2073 2473 2276 2529; x_wconf 88' lang='lat' dir='ltr'><strong>utinam</strong></span> <span class='ocrx_word' id='word_1_416' title='bbox 2307 2481 2405 2522; x_wconf 92' lang='lat' dir='ltr'><strong>nos</strong></span> <span class='ocrx_word' id='word_1_417' title='bbox 2433 2475 2622 2518; x_wconf 89' lang='lat' dir='ltr'><strong>omnes</strong></span> <span class='ocrx_word' id='word_1_418' title='bbox 2666 2456 2953 2529; x_wconf 87' lang='lat' dir='ltr'><strong>participes</strong></span> <span class='ocrx_word' id='word_1_419' title='bbox 2991 2453 3192 2515; x_wconf 89' lang='lat' dir='ltr'><strong>simus,</strong></span> <span class='ocrx_word' id='word_1_420' title='bbox 3223 2463 3319 2519; x_wconf 92' lang='lat' dir='ltr'><strong>per</strong></span> <span class='ocrx_word' id='word_1_421' title='bbox 3357 2444 3577 2517; x_wconf 85' lang='lat' dir='ltr'><strong>gratiam</strong></span> <span class='ocrx_word' id='word_1_422' title='bbox 3601 2449 3648 2495; x_wconf 87' lang='lat' dir='ltr'><strong>et</strong></span> 
     </span>
    </p>
   </div>
   <div class='ocr_carea' id='block_1_51' title="bbox 2073 2538 3648 2633">
    <p class='ocr_par' dir='ltr' id='par_1_51' title="bbox 2073 2538 3648 2633">
     <span class='ocr_line' id='line_1_51' title="bbox 2073 2538 3648 2633; baseline -0.024 -10"><span class='ocrx_word' id='word_1_423' title='bbox 2073 2559 2455 2633; x_wconf 86' lang='lat' dir='ltr'><strong>benignitatem</strong></span> <span class='ocrx_word' id='word_1_424' title='bbox 2498 2550 2709 2609; x_wconf 91' lang='lat' dir='ltr'><strong>Domini</strong></span> <span class='ocrx_word' id='word_1_425' title='bbox 2752 2546 2922 2604; x_wconf 89' lang='lat' dir='ltr'><strong>nostri</strong></span> <span class='ocrx_word' id='word_1_426' title='bbox 2962 2543 3089 2599; x_wconf 81' lang='lat' dir='ltr'><strong>Jesu</strong></span> <span class='ocrx_word' id='word_1_427' title='bbox 3128 2538 3325 2596; x_wconf 88' lang='lat' dir='ltr'><strong>Christi</strong></span> <span class='ocrx_word' id='word_1_428' title='bbox 3351 2579 3368 2603; x_wconf 91' lang='lat'><strong>,</strong></span> <span class='ocrx_word' id='word_1_429' title='bbox 3397 2551 3519 2592; x_wconf 91' lang='lat' dir='ltr'><strong>cum</strong></span> <span class='ocrx_word' id='word_1_430' title='bbox 3554 2546 3648 2604; x_wconf 90' lang='lat' dir='ltr'><strong>quo</strong></span> 
     </span>
    </p>
   </div>
   <div class='ocr_carea' id='block_1_52' title="bbox 2076 2631 3653 2720">
    <p class='ocr_par' dir='ltr' id='par_1_52' title="bbox 2076 2631 3653 2720">
     <span class='ocr_line' id='line_1_52' title="bbox 2076 2631 3653 2720; baseline -0.022 -6"><span class='ocrx_word' id='word_1_431' title='bbox 2076 2657 2221 2714; x_wconf 85' lang='lat' dir='ltr'><strong>Patri</strong></span> <span class='ocrx_word' id='word_1_432' title='bbox 2264 2662 2320 2709; x_wconf 90' lang='lat' dir='ltr'><strong>ct</strong></span> <span class='ocrx_word' id='word_1_433' title='bbox 2360 2646 2580 2720; x_wconf 90' lang='lat' dir='ltr'><strong>Spiritui</strong></span> <span class='ocrx_word' id='word_1_434' title='bbox 2620 2649 2808 2699; x_wconf 90' lang='lat' dir='ltr'><strong>sancto</strong></span> <span class='ocrx_word' id='word_1_435' title='bbox 2849 2636 3013 2709; x_wconf 89' lang='lat' dir='ltr'><strong>gloria</strong></span> <span class='ocrx_word' id='word_1_436' title='bbox 3039 2673 3059 2701; x_wconf 93' lang='lat'><strong>,</strong></span> <span class='ocrx_word' id='word_1_437' title='bbox 3087 2631 3370 2703; x_wconf 90' lang='lat' dir='ltr'><strong>imperium</strong></span> <span class='ocrx_word' id='word_1_438' title='bbox 3395 2670 3412 2695; x_wconf 90' lang='lat'><strong>,</strong></span> <span class='ocrx_word' id='word_1_439' title='bbox 3456 2633 3653 2689; x_wconf 82' lang='lat' dir='ltr'><strong>honor,-</strong></span> 
     </span>
    </p>
   </div>
   <div class='ocr_carea' id='block_1_53' title="bbox 2076 2721 3555 2812">
    <p class='ocr_par' dir='ltr' id='par_1_53' title="bbox 2076 2721 3555 2812">
     <span class='ocr_line' id='line_1_53' title="bbox 2076 2721 3555 2812; baseline -0.024 -5"><span class='ocrx_word' id='word_1_440' title='bbox 2076 2763 2219 2808; x_wconf 90' lang='lat' dir='ltr'><strong>nuuc</strong></span> <span class='ocrx_word' id='word_1_441' title='bbox 2243 2755 2297 2802; x_wconf 92' lang='lat' dir='ltr'><strong>et</strong></span> <span class='ocrx_word' id='word_1_442' title='bbox 2325 2753 2572 2812; x_wconf 89' lang='lat' dir='ltr'><strong>semper,</strong></span> <span class='ocrx_word' id='word_1_443' title='bbox 2604 2743 2660 2791; x_wconf 90' lang='lat' dir='ltr'><strong>et</strong></span> <span class='ocrx_word' id='word_1_444' title='bbox 2689 2734 2742 2788; x_wconf 91' lang='lat' dir='ltr'><strong>in</strong></span> <span class='ocrx_word' id='word_1_445' title='bbox 2771 2728 2966 2787; x_wconf 62' lang='lat' dir='ltr'><strong>saecula</strong></span> <span class='ocrx_word' id='word_1_446' title='bbox 2992 2724 3330 2781; x_wconf 67' lang='lat' dir='ltr'><strong>stimulorum.</strong></span> <span class='ocrx_word' id='word_1_447' title='bbox 3363 2721 3555 2775; x_wconf 80' lang='lat' dir='ltr'><strong>Amen.</strong></span> 
     </span>
    </p>
   </div>
   <div class='ocr_carea' id='block_1_54' title="bbox 409 2911 3599 3009">
    <p class='ocr_par' dir='ltr' id='par_1_54' title="bbox 409 2911 3599 3009">
     <span class='ocr_line' id='line_1_54' title="bbox 409 2911 3599 3009; baseline -0.024 -7"><span class='ocrx_word' id='word_1_448' title='bbox 409 2911 3599 3009; x_wconf 82' lang='lat'><strong>________________________.___——-___________.__.____.</strong></span> 
     </span>
    </p>
   </div>
   <div class='ocr_carea' id='block_1_55' title="bbox 1798 3018 2280 3102">
    <p class='ocr_par' dir='ltr' id='par_1_55' title="bbox 1798 3018 2280 3102">
     <span class='ocr_line' id='line_1_55' title="bbox 1798 3018 2280 3102; baseline -0.052 1"><span class='ocrx_word' id='word_1_449' title='bbox 1798 3024 2142 3102; x_wconf 82' lang='lat' dir='ltr'><strong>HOMILIA</strong></span> <span class='ocrx_word' id='word_1_450' title='bbox 2201 3018 2280 3081; x_wconf 83' lang='lat' dir='ltr'><strong>V.</strong></span> 
     </span>
    </p>
   </div>
   <div class='ocr_carea' id='block_1_56' title="bbox 384 3186 1974 3278">
    <p class='ocr_par' dir='ltr' id='par_1_56' title="bbox 384 3186 1974 3278">
     <span class='ocr_line' id='line_1_56' title="bbox 384 3186 1974 3278; baseline -0.03 0"><span class='ocrx_word' id='word_1_451' title='bbox 384 3222 511 3278; x_wconf 77' lang='lat' dir='ltr'><strong>CAP.</strong></span> <span class='ocrx_word' id='word_1_452' title='bbox 550 3216 605 3273; x_wconf 73' lang='lat'><strong>2.</strong></span> <span class='ocrx_word' id='word_1_453' title='bbox 634 3230 685 3269; x_wconf 74' lang='grc' dir='ltr'>ν.</span> <span class='ocrx_word' id='word_1_454' title='bbox 728 3212 817 3269; x_wconf 69' lang='grc'><strong>12.</strong></span> <span class='ocrx_word' id='word_1_455' title='bbox 858 3209 985 3264; x_wconf 87' lang='lat' dir='ltr'><strong>Cum</strong></span> <span class='ocrx_word' id='word_1_456' title='bbox 1010 3213 1178 3260; x_wconf 82' lang='lat' dir='ltr'><strong>autent</strong></span> <span class='ocrx_word' id='word_1_457' title='bbox 1204 3198 1448 3255; x_wconf 76' lang='lat' dir='ltr'><strong>venissem</strong></span> <span class='ocrx_word' id='word_1_458' title='bbox 1472 3187 1725 3247; x_wconf 77' lang='lat' dir='ltr'><strong>Troadem</strong></span> <span class='ocrx_word' id='word_1_459' title='bbox 1762 3186 1974 3255; x_wconf 80' lang='lat' dir='ltr'><strong>propter</strong></span> 
     </span>
    </p>
   </div>
   <div class='ocr_carea' id='block_1_57' title="bbox 453 3270 1974 3381">
    <p class='ocr_par' dir='ltr' id='par_1_57' title="bbox 453 3270 1974 3381">
     <span class='ocr_line' id='line_1_57' title="bbox 453 3270 1974 3381; baseline -0.03 -14"><span class='ocrx_word' id='word_1_460' title='bbox 453 3308 768 3381; x_wconf 82' lang='lat' dir='ltr'><strong>evangelium</strong></span> <span class='ocrx_word' id='word_1_461' title='bbox 795 3301 983 3359; x_wconf 81' lang='lat' dir='ltr'><strong>Christi</strong></span> <span class='ocrx_word' id='word_1_462' title='bbox 1009 3340 1023 3366; x_wconf 93' lang='lat'><strong>,</strong></span> <span class='ocrx_word' id='word_1_463' title='bbox 1056 3306 1101 3351; x_wconf 87' lang='lat' dir='ltr'><strong>et</strong></span> <span class='ocrx_word' id='word_1_464' title='bbox 1125 3294 1312 3350; x_wconf 79' lang='lat' dir='ltr'><strong>ostium</strong></span> <span class='ocrx_word' id='word_1_465' title='bbox 1350 3286 1474 3342; x_wconf 85' lang='lat' dir='ltr'><strong>mihi</strong></span> <span class='ocrx_word' id='word_1_466' title='bbox 1494 3288 1728 3354; x_wconf 87' lang='lat' dir='ltr'><strong>apertum</strong></span> <span class='ocrx_word' id='word_1_467' title='bbox 1754 3280 1882 3329; x_wconf 88' lang='lat' dir='ltr'><strong>esset</strong></span> <span class='ocrx_word' id='word_1_468' title='bbox 1919 3270 1974 3323; x_wconf 85' lang='lat' dir='ltr'><strong>in</strong></span> 
     </span>
    </p>
   </div>
   <div class='ocr_carea' id='block_1_58' title="bbox 455 3371 1976 3467">
    <p class='ocr_par' dir='ltr' id='par_1_58' title="bbox 455 3371 1976 3467">
     <span class='ocr_line' id='line_1_58' title="bbox 455 3371 1976 3467; baseline -0.029 -7"><span class='ocrx_word' id='word_1_469' title='bbox 455 3371 679 3460; x_wconf 66' lang='lat' dir='ltr'><strong>Domino</strong></span> <span class='ocrx_word' id='word_1_470' title='bbox 702 3441 718 3467; x_wconf 92' lang='lat'><strong>,</strong></span> <span class='ocrx_word' id='word_1_471' title='bbox 768 3398 856 3453; x_wconf 76' lang='lat'><strong>‘15.</strong></span> <span class='ocrx_word' id='word_1_472' title='bbox 902 3409 1004 3447; x_wconf 88' lang='lat' dir='ltr'><strong>non</strong></span> <span class='ocrx_word' id='word_1_473' title='bbox 1033 3387 1186 3443; x_wconf 84' lang='lat' dir='ltr'><strong>habui</strong></span> <span class='ocrx_word' id='word_1_474' title='bbox 1215 3384 1438 3451; x_wconf 82' lang='lat' dir='ltr'><strong>requiem</strong></span> <span class='ocrx_word' id='word_1_475' title='bbox 1484 3371 1689 3446; x_wconf 86' lang='lat' dir='ltr'><strong>spiritui</strong></span> <span class='ocrx_word' id='word_1_476' title='bbox 1716 3382 1827 3423; x_wconf 87' lang='lat' dir='ltr'><strong>meo</strong></span> <span class='ocrx_word' id='word_1_477' title='bbox 1855 3405 1872 3434; x_wconf 94' lang='lat'><strong>,</strong></span> <span class='ocrx_word' id='word_1_478' title='bbox 1918 3378 1976 3418; x_wconf 81' lang='lat' dir='ltr'><strong>eo</strong></span> 
     </span>
    </p>
   </div>
   <div class='ocr_carea' id='block_1_59' title="bbox 456 3474 1675 3564">
    <p class='ocr_par' dir='ltr' id='par_1_59' title="bbox 456 3474 1675 3564">
     <span class='ocr_line' id='line_1_59' title="bbox 456 3474 1675 3564; baseline -0.024 -16"><span class='ocrx_word' id='word_1_479' title='bbox 456 3492 597 3564; x_wconf 77' lang='lat' dir='ltr'><strong>quod</strong></span> <span class='ocrx_word' id='word_1_480' title='bbox 621 3507 720 3544; x_wconf 87' lang='lat' dir='ltr'><strong>non</strong></span> <span class='ocrx_word' id='word_1_481' title='bbox 746 3482 1022 3540; x_wconf 85' lang='lat' dir='ltr'><strong>invenerim</strong></span> <span class='ocrx_word' id='word_1_482' title='bbox 1044 3477 1221 3533; x_wconf 82' lang='lat' dir='ltr'><strong>Titum</strong></span> <span class='ocrx_word' id='word_1_483' title='bbox 1246 3474 1458 3543; x_wconf 79' lang='lat' dir='ltr'><strong>fratrem</strong></span> <span class='ocrx_word' id='word_1_484' title='bbox 1485 3478 1675 3519; x_wconf 90' lang='lat' dir='ltr'><strong>meum.</strong></span> 
     </span>
    </p>
   </div>
   <div class='ocr_carea' id='block_1_60' title="bbox 462 3548 1975 3649">
    <p class='ocr_par' dir='ltr' id='par_1_60' title="bbox 462 3548 1975 3649">
     <span class='ocr_line' id='line_1_60' title="bbox 462 3548 1975 3649; baseline -0.028 -10"><span class='ocrx_word' id='word_1_485' title='bbox 462 3548 516 3640; x_wconf 61' lang='grc' dir='ltr'>ί.</span> <span class='ocrx_word' id='word_1_486' title='bbox 542 3583 667 3637; x_wconf 79' lang='lat' dir='ltr'><strong>llmc</strong></span> <span class='ocrx_word' id='word_1_487' title='bbox 694 3577 907 3649; x_wconf 86' lang='lat' dir='ltr'><strong>quidem</strong></span> <span class='ocrx_word' id='word_1_488' title='bbox 937 3570 1101 3627; x_wconf 88' lang='lat' dir='ltr'><strong>verba</strong></span> <span class='ocrx_word' id='word_1_489' title='bbox 1129 3565 1344 3635; x_wconf 85' lang='lat' dir='ltr'><strong>indigna</strong></span> <span class='ocrx_word' id='word_1_490' title='bbox 1364 3557 1533 3616; x_wconf 82' lang='lat' dir='ltr'><strong>Paulo</strong></span> <span class='ocrx_word' id='word_1_491' title='bbox 1560 3566 1683 3609; x_wconf 88' lang='lat' dir='ltr'><strong>esse</strong></span> <span class='ocrx_word' id='word_1_492' title='bbox 1706 3548 1975 3609; x_wconf 80' lang='lat' dir='ltr'><strong>videnlur,</strong></span> 
     </span>
    </p>
   </div>
   <div class='ocr_carea' id='block_1_61' title="bbox 392 3635 1983 3746">
    <p class='ocr_par' dir='ltr' id='par_1_61' title="bbox 392 3635 1983 3746">
     <span class='ocr_line' id='line_1_61' title="bbox 392 3635 1983 3746; baseline -0.03 -11"><span class='ocrx_word' id='word_1_493' title='bbox 392 3690 588 3746; x_wconf 89' lang='lat' dir='ltr'><strong>nempe</strong></span> <span class='ocrx_word' id='word_1_494' title='bbox 612 3635 754 3742; x_wconf 75' lang='lat' dir='ltr'><strong>quod</strong></span> <span class='ocrx_word' id='word_1_495' title='bbox 784 3668 852 3723; x_wconf 93' lang='lat' dir='ltr'><strong>ob</strong></span> <span class='ocrx_word' id='word_1_496' title='bbox 876 3664 1055 3721; x_wconf 91' lang='lat' dir='ltr'><strong>fratris</strong></span> <span class='ocrx_word' id='word_1_497' title='bbox 1081 3656 1379 3714; x_wconf 78' lang='lat' dir='ltr'><strong>absentiam</strong></span> <span class='ocrx_word' id='word_1_498' title='bbox 1412 3656 1614 3705; x_wconf 81' lang='lat' dir='ltr'><strong>tantam</strong></span> <span class='ocrx_word' id='word_1_499' title='bbox 1642 3640 1831 3699; x_wconf 87' lang='lat' dir='ltr'><strong>salutis</strong></span> <span class='ocrx_word' id='word_1_500' title='bbox 1853 3635 1983 3691; x_wconf 66' lang='lat' dir='ltr'><strong>aﬂ‘eo</strong></span> 
     </span>
    </p>
   </div>
   <div class='ocr_carea' id='block_1_62' title="bbox 394 3729 1982 3826">
    <p class='ocr_par' dir='ltr' id='par_1_62' title="bbox 394 3729 1982 3826">
     <span class='ocr_line' id='line_1_62' title="bbox 394 3729 1982 3826; baseline -0.03 0"><span class='ocrx_word' id='word_1_501' title='bbox 394 3767 575 3826; x_wconf 73' lang='lat' dir='ltr'><strong>renda:</strong></span> <span class='ocrx_word' id='word_1_502' title='bbox 603 3761 940 3819; x_wconf 90' lang='lat' dir='ltr'><strong>occasionem</strong></span> <span class='ocrx_word' id='word_1_503' title='bbox 983 3749 1262 3823; x_wconf 69' lang='lat' dir='ltr'><strong>abiecerit.</strong></span> <span class='ocrx_word' id='word_1_504' title='bbox 1305 3745 1383 3799; x_wconf 80' lang='lat' dir='ltr'><strong>Ac</strong></span> <span class='ocrx_word' id='word_1_505' title='bbox 1428 3745 1690 3811; x_wconf 78' lang='lat' dir='ltr'><strong>prmterea</strong></span> <span class='ocrx_word' id='word_1_506' title='bbox 1732 3729 1982 3784; x_wconf 84' lang='lat' dir='ltr'><strong>videntur</strong></span> 
     </span>
    </p>
   </div>
   <div class='ocr_carea' id='block_1_63' title="bbox 395 3818 1987 3918">
    <p class='ocr_par' dir='ltr' id='par_1_63' title="bbox 395 3818 1987 3918">
     <span class='ocr_line' id='line_1_63' title="bbox 395 3818 1987 3918; baseline -0.028 -2"><span class='ocrx_word' id='word_1_507' title='bbox 395 3864 495 3916; x_wconf 71' lang='lat' dir='ltr'><strong>isxa</strong></span> <span class='ocrx_word' id='word_1_508' title='bbox 527 3874 632 3913; x_wconf 89' lang='lat' dir='ltr'><strong>non</strong></span> <span class='ocrx_word' id='word_1_509' title='bbox 664 3854 792 3910; x_wconf 84' lang='lat' dir='ltr'><strong>satis</strong></span> <span class='ocrx_word' id='word_1_510' title='bbox 831 3864 952 3907; x_wconf 93' lang='lat' dir='ltr'><strong>cum</strong></span> <span class='ocrx_word' id='word_1_511' title='bbox 980 3842 1248 3918; x_wconf 91' lang='lat' dir='ltr'><strong>prioribus</strong></span> <span class='ocrx_word' id='word_1_512' title='bbox 1278 3835 1575 3893; x_wconf 77' lang='lat' dir='ltr'><strong>cohaerere.</strong></span> <span class='ocrx_word' id='word_1_513' title='bbox 1612 3824 1752 3896; x_wconf 85' lang='lat' dir='ltr'><strong>Quid</strong></span> <span class='ocrx_word' id='word_1_514' title='bbox 1782 3818 1987 3893; x_wconf 79' lang='lat' dir='ltr'><strong>igitur?</strong></span> 
     </span>
    </p>
   </div>
   <div class='ocr_carea' id='block_1_64' title="bbox 395 3913 1987 4015">
    <p class='ocr_par' dir='ltr' id='par_1_64' title="bbox 395 3913 1987 4015">
     <span class='ocr_line' id='line_1_64' title="bbox 395 3913 1987 4015; baseline -0.027 -9"><span class='ocrx_word' id='word_1_515' title='bbox 395 3950 558 4005; x_wconf 83' lang='lat' dir='ltr'><strong>vultis</strong></span> <span class='ocrx_word' id='word_1_516' title='bbox 585 3956 642 4001; x_wconf 93' lang='lat' dir='ltr'><strong>ut</strong></span> <span class='ocrx_word' id='word_1_517' title='bbox 671 3944 815 4015; x_wconf 88' lang='lat' dir='ltr'><strong>prius</strong></span> <span class='ocrx_word' id='word_1_518' title='bbox 846 3913 1151 3999; x_wconf 77' lang='lat' dir='ltr'><strong>ostendam,</strong></span> <span class='ocrx_word' id='word_1_519' title='bbox 1175 3944 1299 3985; x_wconf 85' lang='lat' dir='ltr'><strong>eum</strong></span> <span class='ocrx_word' id='word_1_520' title='bbox 1329 3923 1464 3981; x_wconf 89' lang='lat' dir='ltr'><strong>nihil</strong></span> <span class='ocrx_word' id='word_1_521' title='bbox 1497 3922 1676 3990; x_wconf 90' lang='lat' dir='ltr'><strong>seipso</strong></span> <span class='ocrx_word' id='word_1_522' title='bbox 1707 3913 1987 3984; x_wconf 88' lang='lat' dir='ltr'><strong>indignum</strong></span> 
     </span>
    </p>
   </div>
   <div class='ocr_carea' id='block_1_65' title="bbox 400 4003 1989 4099">
    <p class='ocr_par' dir='ltr' id='par_1_65' title="bbox 400 4003 1989 4099">
     <span class='ocr_line' id='line_1_65' title="bbox 400 4003 1989 4099; baseline -0.024 -6"><span class='ocrx_word' id='word_1_523' title='bbox 400 4041 767 4099; x_wconf 66' lang='lat' dir='ltr'><strong>dixisser&#39;aut</strong></span> <span class='ocrx_word' id='word_1_524' title='bbox 795 4031 911 4087; x_wconf 69' lang='lat' dir='ltr'><strong>lucc</strong></span> <span class='ocrx_word' id='word_1_525' title='bbox 939 4026 1009 4082; x_wconf 89' lang='lat' dir='ltr'><strong>ad</strong></span> <span class='ocrx_word' id='word_1_526' title='bbox 1032 4024 1230 4081; x_wconf 89' lang='lat' dir='ltr'><strong>seriem</strong></span> <span class='ocrx_word' id='word_1_527' title='bbox 1261 4012 1568 4090; x_wconf 89' lang='lat' dir='ltr'><strong>quadrare?</strong></span> <span class='ocrx_word' id='word_1_528' title='bbox 1615 4009 1734 4065; x_wconf 82' lang='lat' dir='ltr'><strong>Meo</strong></span> <span class='ocrx_word' id='word_1_529' title='bbox 1772 4003 1989 4077; x_wconf 88' lang='lat' dir='ltr'><strong>quidem</strong></span> 
     </span>
    </p>
   </div>
   <div class='ocr_carea' id='block_1_66' title="bbox 398 4099 1990 4205">
    <p class='ocr_par' dir='ltr' id='par_1_66' title="bbox 398 4099 1990 4205">
     <span class='ocr_line' id='line_1_66' title="bbox 398 4099 1990 4205; baseline -0.026 -17"><span class='ocrx_word' id='word_1_530' title='bbox 398 4131 604 4205; x_wconf 78' lang='lat' dir='ltr'><strong>judicio</strong></span> <span class='ocrx_word' id='word_1_531' title='bbox 631 4126 798 4182; x_wconf 87' lang='lat' dir='ltr'><strong>satius</strong></span> <span class='ocrx_word' id='word_1_532' title='bbox 828 4123 987 4177; x_wconf 76' lang='lat' dir='ltr'><strong>fuerit</strong></span> <span class='ocrx_word' id='word_1_533' title='bbox 1009 4159 1026 4186; x_wconf 94' lang='lat'><strong>,</strong></span> <span class='ocrx_word' id='word_1_534' title='bbox 1068 4113 1336 4187; x_wconf 89' lang='lat' dir='ltr'><strong>posterius</strong></span> <span class='ocrx_word' id='word_1_535' title='bbox 1362 4106 1546 4181; x_wconf 85' lang='lat' dir='ltr'><strong>priore</strong></span> <span class='ocrx_word' id='word_1_536' title='bbox 1575 4103 1693 4158; x_wconf 91' lang='lat' dir='ltr'><strong>loco</strong></span> <span class='ocrx_word' id='word_1_537' title='bbox 1734 4099 1990 4154; x_wconf 86' lang='lat' dir='ltr'><strong>demons-</strong></span> 
     </span>
    </p>
   </div>
   <div class='ocr_carea' id='block_1_67' title="bbox 402 4187 1993 4278">
    <p class='ocr_par' dir='ltr' id='par_1_67' title="bbox 402 4187 1993 4278">
     <span class='ocr_line' id='line_1_67' title="bbox 402 4187 1993 4278; baseline -0.027 1"><span class='ocrx_word' id='word_1_538' title='bbox 402 4187 547 4278; x_wconf 65' lang='lat' dir='ltr'><strong>lrare</strong></span> <span class='ocrx_word' id='word_1_539' title='bbox 577 4241 590 4276; x_wconf 85' lang='lat'><strong>;</strong></span> <span class='ocrx_word' id='word_1_540' title='bbox 616 4219 693 4272; x_wconf 88' lang='lat' dir='ltr'><strong>sic</strong></span> <span class='ocrx_word' id='word_1_541' title='bbox 719 4214 864 4270; x_wconf 91' lang='lat' dir='ltr'><strong>enim</strong></span> <span class='ocrx_word' id='word_1_542' title='bbox 892 4210 1121 4265; x_wconf 89' lang='lat' dir='ltr'><strong>alterum</strong></span> <span class='ocrx_word' id='word_1_543' title='bbox 1148 4215 1361 4274; x_wconf 91' lang='lat' dir='ltr'><strong>quoque</strong></span> <span class='ocrx_word' id='word_1_544' title='bbox 1388 4196 1593 4253; x_wconf 86' lang='lat' dir='ltr'><strong>facilius</strong></span> <span class='ocrx_word' id='word_1_545' title='bbox 1622 4206 1687 4247; x_wconf 87' lang='lat' dir='ltr'><strong>ac</strong></span> <span class='ocrx_word' id='word_1_546' title='bbox 1708 4187 1993 4245; x_wconf 89' lang='lat' dir='ltr'><strong>dilucidius</strong></span> 
     </span>
    </p>
   </div>
   <div class='ocr_carea' id='block_1_68' title="bbox 405 4277 1995 4376">
    <p class='ocr_par' dir='ltr' id='par_1_68' title="bbox 405 4277 1995 4376">
     <span class='ocr_line' id='line_1_68' title="bbox 405 4277 1995 4376; baseline -0.026 -7"><span class='ocrx_word' id='word_1_547' title='bbox 405 4313 589 4369; x_wconf 90' lang='lat' dir='ltr'><strong>fuerit.</strong></span> <span class='ocrx_word' id='word_1_548' title='bbox 636 4302 917 4376; x_wconf 87' lang='lat' dir='ltr'><strong>Quomodo</strong></span> <span class='ocrx_word' id='word_1_549' title='bbox 943 4300 1104 4372; x_wconf 83' lang='lat' dir='ltr'><strong>igitur</strong></span> <span class='ocrx_word' id='word_1_550' title='bbox 1132 4295 1249 4350; x_wconf 74' lang='lat' dir='ltr'><strong>hazc</strong></span> <span class='ocrx_word' id='word_1_551' title='bbox 1273 4306 1400 4348; x_wconf 87' lang='lat' dir='ltr'><strong>cum</strong></span> <span class='ocrx_word' id='word_1_552' title='bbox 1425 4281 1793 4358; x_wconf 85' lang='lat' dir='ltr'><strong>superioribus</strong></span> <span class='ocrx_word' id='word_1_553' title='bbox 1816 4277 1995 4333; x_wconf 75' lang='lat' dir='ltr'><strong>cohae-</strong></span> 
     </span>
    </p>
   </div>
   <div class='ocr_carea' id='block_1_69' title="bbox 405 4366 1994 4468">
    <p class='ocr_par' dir='ltr' id='par_1_69' title="bbox 405 4366 1994 4468">
     <span class='ocr_line' id='line_1_69' title="bbox 405 4366 1994 4468; baseline -0.028 -6"><span class='ocrx_word' id='word_1_554' title='bbox 405 4402 574 4461; x_wconf 84' lang='lat' dir='ltr'><strong>rent?</strong></span> <span class='ocrx_word' id='word_1_555' title='bbox 611 4400 703 4457; x_wconf 89' lang='lat' dir='ltr'><strong>llla</strong></span> <span class='ocrx_word' id='word_1_556' title='bbox 735 4398 849 4468; x_wconf 90' lang='lat' dir='ltr'><strong>ipsa</strong></span> <span class='ocrx_word' id='word_1_557' title='bbox 880 4394 934 4448; x_wconf 93' lang='lat' dir='ltr'><strong>in</strong></span> <span class='ocrx_word' id='word_1_558' title='bbox 964 4366 1282 4446; x_wconf 76' lang='lat' dir='ltr'><strong>memoriam</strong></span> <span class='ocrx_word' id='word_1_559' title='bbox 1327 4380 1633 4450; x_wconf 85' lang='lat' dir='ltr'><strong>redigamus</strong></span> <span class='ocrx_word' id='word_1_560' title='bbox 1658 4413 1675 4440; x_wconf 94' lang='lat'><strong>,</strong></span> <span class='ocrx_word' id='word_1_561' title='bbox 1714 4380 1877 4439; x_wconf 86' lang='lat' dir='ltr'><strong>atque</strong></span> <span class='ocrx_word' id='word_1_562' title='bbox 1924 4366 1994 4420; x_wconf 90' lang='lat' dir='ltr'><strong>ita</strong></span> 
     </span>
    </p>
   </div>
   <div class='ocr_carea' id='block_1_70' title="bbox 404 4459 1998 4559">
    <p class='ocr_par' dir='ltr' id='par_1_70' title="bbox 404 4459 1998 4559">
     <span class='ocr_line' id='line_1_70' title="bbox 404 4459 1998 4559; baseline -0.026 -7"><span class='ocrx_word' id='word_1_563' title='bbox 404 4494 547 4553; x_wconf 84' lang='lat' dir='ltr'><strong>istud</strong></span> <span class='ocrx_word' id='word_1_564' title='bbox 581 4459 957 4559; x_wconf 74' lang='lat' dir='ltr'><strong>intelligemus.</strong></span> <span class='ocrx_word' id='word_1_565' title='bbox 1008 4482 1265 4550; x_wconf 61' lang='lat' dir='ltr'><strong>Quasnam</strong></span> <span class='ocrx_word' id='word_1_566' title='bbox 1300 4474 1457 4546; x_wconf 87' lang='lat' dir='ltr'><strong>igitur</strong></span> <span class='ocrx_word' id='word_1_567' title='bbox 1487 4469 1576 4525; x_wconf 89' lang='lat' dir='ltr'><strong>illa</strong></span> <span class='ocrx_word' id='word_1_568' title='bbox 1626 4462 1819 4521; x_wconf 81' lang='lat' dir='ltr'><strong>erant?</strong></span> <span class='ocrx_word' id='word_1_569' title='bbox 1866 4459 1998 4526; x_wconf 76' lang='lat' dir='ltr'><strong>Qum</strong></span> 
     </span>
    </p>
   </div>
   <div class='ocr_carea' id='block_1_71' title="bbox 406 4558 2000 4648">
    <p class='ocr_par' dir='ltr' id='par_1_71' title="bbox 406 4558 2000 4648">
     <span class='ocr_line' id='line_1_71' title="bbox 406 4558 2000 4648; baseline -0.024 -4"><span class='ocrx_word' id='word_1_570' title='bbox 406 4589 563 4644; x_wconf 89' lang='lat' dir='ltr'><strong>initio</strong></span> <span class='ocrx_word' id='word_1_571' title='bbox 597 4558 810 4640; x_wconf 87' lang='lat' dir='ltr'><strong>dicebat</strong></span> <span class='ocrx_word' id='word_1_572' title='bbox 834 4622 849 4648; x_wconf 94' lang='lat'><strong>,</strong></span> <span class='ocrx_word' id='word_1_573' title='bbox 894 4576 1034 4633; x_wconf 87' lang='lat' dir='ltr'><strong>Nolo</strong></span> <span class='ocrx_word' id='word_1_574' title='bbox 1064 4590 1151 4630; x_wconf 87' lang='lat' dir='ltr'><strong>vos</strong></span> <span class='ocrx_word' id='word_1_575' title='bbox 1170 4573 1409 4644; x_wconf 86' lang='lat' dir='ltr'><strong>ignorare</strong></span> <span class='ocrx_word' id='word_1_576' title='bbox 1431 4564 1501 4619; x_wconf 87' lang='lat' dir='ltr'><strong>de</strong></span> <span class='ocrx_word' id='word_1_577' title='bbox 1520 4558 1846 4616; x_wconf 87' lang='lat' dir='ltr'><strong>tribulatione</strong></span> <span class='ocrx_word' id='word_1_578' title='bbox 1886 4568 2000 4625; x_wconf 70' lang='lat' dir='ltr'><strong>quia</strong></span> 
     </span>
    </p>
   </div>
   <div class='ocr_carea' id='block_1_72' title="bbox 410 4642 2002 4752">
    <p class='ocr_par' dir='ltr' id='par_1_72' title="bbox 410 4642 2002 4752">
     <span class='ocr_line' id='line_1_72' title="bbox 410 4642 2002 4752; baseline -0.026 -17"><span class='ocrx_word' id='word_1_579' title='bbox 410 4684 550 4752; x_wconf 74' lang='lat' dir='ltr'><strong>facta</strong></span> <span class='ocrx_word' id='word_1_580' title='bbox 575 4686 649 4731; x_wconf 84' lang='lat' dir='ltr'><strong>est</strong></span> <span class='ocrx_word' id='word_1_581' title='bbox 673 4672 892 4728; x_wconf 86' lang='lat' dir='ltr'><strong>nobisin</strong></span> <span class='ocrx_word' id='word_1_582' title='bbox 921 4668 1044 4722; x_wconf 82' lang='lat' dir='ltr'><strong>Asia</strong></span> <span class='ocrx_word' id='word_1_583' title='bbox 1068 4707 1083 4733; x_wconf 94' lang='lat'><strong>,</strong></span> <span class='ocrx_word' id='word_1_584' title='bbox 1113 4642 1354 4733; x_wconf 85' lang='lat' dir='ltr'><strong>quoniam</strong></span> <span class='ocrx_word' id='word_1_585' title='bbox 1380 4670 1537 4725; x_wconf 85' lang='lat' dir='ltr'><strong>supra</strong></span> <span class='ocrx_word' id='word_1_586' title='bbox 1563 4650 1772 4705; x_wconf 83' lang='lat' dir='ltr'><strong>modum</strong></span> <span class='ocrx_word' id='word_1_587' title='bbox 1806 4642 2002 4717; x_wconf 87' lang='lat' dir='ltr'><strong>gravati</strong></span> 
     </span>
    </p>
   </div>
   <div class='ocr_carea' id='block_1_73' title="bbox 408 4734 2004 4838">
    <p class='ocr_par' dir='ltr' id='par_1_73' title="bbox 408 4734 2004 4838">
     <span class='ocr_line' id='line_1_73' title="bbox 408 4734 2004 4838; baseline -0.025 -13"><span class='ocrx_word' id='word_1_588' title='bbox 408 4734 585 4825; x_wconf 66' lang='lat' dir='ltr'><strong>immns</strong></span> <span class='ocrx_word' id='word_1_589' title='bbox 628 4782 785 4838; x_wconf 84' lang='lat' dir='ltr'><strong>supra</strong></span> <span class='ocrx_word' id='word_1_590' title='bbox 823 4763 1078 4816; x_wconf 87' lang='lat' dir='ltr'><strong>virtutem.</strong></span> <span class='ocrx_word' id='word_1_591' title='bbox 1142 4754 1336 4809; x_wconf 83' lang='lat' dir='ltr'><strong>Postea</strong></span> <span class='ocrx_word' id='word_1_592' title='bbox 1401 4754 1579 4800; x_wconf 88' lang='lat' dir='ltr'><strong>autem</strong></span> <span class='ocrx_word' id='word_1_593' title='bbox 1633 4739 1725 4795; x_wconf 83' lang='lat' dir='ltr'><strong>ubi</strong></span> <span class='ocrx_word' id='word_1_594' title='bbox 1771 4734 2004 4793; x_wconf 88' lang='lat' dir='ltr'><strong>ostendit</strong></span> 
     </span>
    </p>
   </div>
   <div class='ocr_carea' id='block_1_74' title="bbox 411 4828 2004 4932">
    <p class='ocr_par' dir='ltr' id='par_1_74' title="bbox 411 4828 2004 4932">
     <span class='ocr_line' id='line_1_74' title="bbox 411 4828 2004 4932; baseline -0.023 -19"><span class='ocrx_word' id='word_1_595' title='bbox 411 4828 702 4932; x_wconf 44' lang='lat' dir='ltr'><strong>quomodo.</strong></span> <span class='ocrx_word' id='word_1_596' title='bbox 730 4856 988 4910; x_wconf 87' lang='lat' dir='ltr'><strong>liberatus</strong></span> <span class='ocrx_word' id='word_1_597' title='bbox 1031 4848 1134 4912; x_wconf 86' lang='lat' dir='ltr'><strong>sit,</strong></span> <span class='ocrx_word' id='word_1_598' title='bbox 1184 4854 1355 4910; x_wconf 87' lang='lat' dir='ltr'><strong>eaque</strong></span> <span class='ocrx_word' id='word_1_599' title='bbox 1384 4850 1503 4906; x_wconf 59' lang='lat' dir='ltr'><strong>quas</strong></span> <span class='ocrx_word' id='word_1_600' title='bbox 1547 4834 1605 4889; x_wconf 85' lang='lat' dir='ltr'><strong>in</strong></span> <span class='ocrx_word' id='word_1_601' title='bbox 1650 4828 1831 4885; x_wconf 91' lang='lat' dir='ltr'><strong>medio</strong></span> <span class='ocrx_word' id='word_1_602' title='bbox 1880 4831 2004 4879; x_wconf 86' lang='lat' dir='ltr'><strong>sunt</strong></span> 
     </span>
    </p>
   </div>
   <div class='ocr_carea' id='block_1_75' title="bbox 414 4920 2007 5018">
    <p class='ocr_par' dir='ltr' id='par_1_75' title="bbox 414 4920 2007 5018">
     <span class='ocr_line' id='line_1_75' title="bbox 414 4920 2007 5018; baseline -0.022 -13"><span class='ocrx_word' id='word_1_603' title='bbox 414 4949 702 5018; x_wconf 75' lang='lat' dir='ltr'><strong>interiecit,</strong></span> <span class='ocrx_word' id='word_1_604' title='bbox 751 4941 1057 5000; x_wconf 83' lang='lat' dir='ltr'><strong>necessario</strong></span> <span class='ocrx_word' id='word_1_605' title='bbox 1109 4946 1297 4992; x_wconf 85' lang='lat' dir='ltr'><strong>rursus</strong></span> <span class='ocrx_word' id='word_1_606' title='bbox 1347 4928 1506 4984; x_wconf 85' lang='lat' dir='ltr'><strong>docet</strong></span> <span class='ocrx_word' id='word_1_607' title='bbox 1549 4939 1608 4979; x_wconf 88' lang='lat' dir='ltr'><strong>se</strong></span> <span class='ocrx_word' id='word_1_608' title='bbox 1647 4920 1753 4975; x_wconf 90' lang='lat' dir='ltr'><strong>alio</strong></span> <span class='ocrx_word' id='word_1_609' title='bbox 1796 4930 2007 4988; x_wconf 87' lang='lat' dir='ltr'><strong>quoque</strong></span> 
     </span>
    </p>
   </div>
   <div class='ocr_carea' id='block_1_76' title="bbox 420 5007 2007 5094">
    <p class='ocr_par' dir='ltr' id='par_1_76' title="bbox 420 5007 2007 5094">
     <span class='ocr_line' id='line_1_76' title="bbox 420 5007 2007 5094; baseline -0.023 0"><span class='ocrx_word' id='word_1_610' title='bbox 420 5007 582 5094; x_wconf 72' lang='lat' dir='ltr'><strong>modo</strong></span> <span class='ocrx_word' id='word_1_611' title='bbox 597 5007 849 5091; x_wconf 83' lang='lat' dir='ltr'><strong>afﬂictum</strong></span> <span class='ocrx_word' id='word_1_612' title='bbox 871 5033 1054 5087; x_wconf 88' lang='lat' dir='ltr'><strong>fuisse.</strong></span> <span class='ocrx_word' id='word_1_613' title='bbox 1077 5026 1179 5094; x_wconf 88' lang='lat' dir='ltr'><strong>Qui</strong></span> <span class='ocrx_word' id='word_1_614' title='bbox 1208 5019 1423 5078; x_wconf 87' lang='lat' dir='ltr'><strong>tandem</strong></span> <span class='ocrx_word' id='word_1_615' title='bbox 1454 5013 1628 5070; x_wconf 85' lang='lat' dir='ltr'><strong>istud?</strong></span> <span class='ocrx_word' id='word_1_616' title='bbox 1653 5007 1807 5080; x_wconf 84' lang='lat' dir='ltr'><strong>Quod</strong></span> <span class='ocrx_word' id='word_1_617' title='bbox 1829 5007 2007 5061; x_wconf 90' lang='lat' dir='ltr'><strong>Titum</strong></span> 
     </span>
    </p>
   </div>
   <div class='ocr_carea' id='block_1_77' title="bbox 424 5288 2011 5387">
    <p class='ocr_par' dir='ltr' id='par_1_77' title="bbox 424 5288 2011 5387">
     <span class='ocr_line' id='line_1_77' title="bbox 424 5288 2011 5387; baseline -0.023 -14"><span class='ocrx_word' id='word_1_618' title='bbox 424 5331 620 5387; x_wconf 87' lang='lat' dir='ltr'><strong>nempe</strong></span> <span class='ocrx_word' id='word_1_619' title='bbox 650 5310 974 5368; x_wconf 89' lang='lat' dir='ltr'><strong>tentatioues</strong></span> <span class='ocrx_word' id='word_1_620' title='bbox 1004 5305 1188 5361; x_wconf 89' lang='lat' dir='ltr'><strong>subire</strong></span> <span class='ocrx_word' id='word_1_621' title='bbox 1217 5319 1232 5356; x_wconf 93' lang='lat'><strong>:</strong></span> <span class='ocrx_word' id='word_1_622' title='bbox 1262 5309 1317 5355; x_wconf 90' lang='lat' dir='ltr'><strong>at</strong></span> <span class='ocrx_word' id='word_1_623' title='bbox 1346 5313 1469 5354; x_wconf 92' lang='lat' dir='ltr'><strong>cum</strong></span> <span class='ocrx_word' id='word_1_624' title='bbox 1513 5294 1665 5350; x_wconf 87' lang='lat' dir='ltr'><strong>deest</strong></span> <span class='ocrx_word' id='word_1_625' title='bbox 1695 5288 1785 5360; x_wconf 86' lang='lat' dir='ltr'><strong>qui</strong></span> <span class='ocrx_word' id='word_1_626' title='bbox 1812 5297 2011 5341; x_wconf 90' lang='lat' dir='ltr'><strong>conso-</strong></span> 
     </span>
    </p>
   </div>
   <div class='ocr_carea' id='block_1_78' title="bbox 427 5377 2016 5470">
    <p class='ocr_par' dir='ltr' id='par_1_78' title="bbox 427 5377 2016 5470">
     <span class='ocr_line' id='line_1_78' title="bbox 427 5377 2016 5470; baseline -0.023 -6"><span class='ocrx_word' id='word_1_627' title='bbox 427 5411 570 5465; x_wconf 89' lang='lat' dir='ltr'><strong>letur</strong></span> <span class='ocrx_word' id='word_1_628' title='bbox 591 5404 964 5470; x_wconf 87' lang='lat' dir='ltr'><strong>sarcinamque</strong></span> <span class='ocrx_word' id='word_1_629' title='bbox 993 5411 1096 5452; x_wconf 92' lang='lat' dir='ltr'><strong>una</strong></span> <span class='ocrx_word' id='word_1_630' title='bbox 1130 5392 1357 5449; x_wconf 87' lang='lat' dir='ltr'><strong>sufferre</strong></span> <span class='ocrx_word' id='word_1_631' title='bbox 1382 5393 1565 5461; x_wconf 87' lang='lat' dir='ltr'><strong>queat,</strong></span> <span class='ocrx_word' id='word_1_632' title='bbox 1594 5393 1706 5438; x_wconf 91' lang='lat' dir='ltr'><strong>tum</strong></span> <span class='ocrx_word' id='word_1_633' title='bbox 1733 5377 1906 5448; x_wconf 85' lang='lat' dir='ltr'><strong>major</strong></span> <span class='ocrx_word' id='word_1_634' title='bbox 1930 5380 2016 5429; x_wconf 90' lang='lat' dir='ltr'><strong>est</strong></span> 
     </span>
    </p>
   </div>
   <div class='ocr_carea' id='block_1_79' title="bbox 427 5466 2013 5571">
    <p class='ocr_par' dir='ltr' id='par_1_79' title="bbox 427 5466 2013 5571">
     <span class='ocr_line' id='line_1_79' title="bbox 427 5466 2013 5571; baseline -0.025 -13"><span class='ocrx_word' id='word_1_635' title='bbox 427 5508 741 5571; x_wconf 87' lang='lat' dir='ltr'><strong>tempest-as.</strong></span> <span class='ocrx_word' id='word_1_636' title='bbox 770 5466 921 5550; x_wconf 81' lang='lat' dir='ltr'><strong>Titus</strong></span> <span class='ocrx_word' id='word_1_637' title='bbox 951 5502 1111 5560; x_wconf 89' lang='lat' dir='ltr'><strong>porro</strong></span> <span class='ocrx_word' id='word_1_638' title='bbox 1142 5487 1258 5554; x_wconf 88' lang='lat' dir='ltr'><strong>ipse</strong></span> <span class='ocrx_word' id='word_1_639' title='bbox 1281 5490 1403 5549; x_wconf 90' lang='lat' dir='ltr'><strong>est,</strong></span> <span class='ocrx_word' id='word_1_640' title='bbox 1443 5492 1604 5549; x_wconf 91' lang='lat' dir='ltr'><strong>quem</strong></span> <span class='ocrx_word' id='word_1_641' title='bbox 1647 5472 1781 5529; x_wconf 86' lang='lat' dir='ltr'><strong>infra</strong></span> <span class='ocrx_word' id='word_1_642' title='bbox 1812 5468 1880 5523; x_wconf 90' lang='lat' dir='ltr'><strong>ab</strong></span> <span class='ocrx_word' id='word_1_643' title='bbox 1907 5466 2013 5523; x_wconf 90' lang='lat' dir='ltr'><strong>illis</strong></span> 
     </span>
    </p>
   </div>
   <div class='ocr_carea' id='block_1_80' title="bbox 427 5560 2014 5647">
    <p class='ocr_par' dir='ltr' id='par_1_80' title="bbox 427 5560 2014 5647">
     <span class='ocr_line' id='line_1_80' title="bbox 427 5560 2014 5647; baseline -0.023 0"><span class='ocrx_word' id='word_1_644' title='bbox 427 5591 496 5647; x_wconf 86' lang='lat' dir='ltr'><strong>ad</strong></span> <span class='ocrx_word' id='word_1_645' title='bbox 522 5605 579 5645; x_wconf 85' lang='lat' dir='ltr'><strong>se</strong></span> <span class='ocrx_word' id='word_1_646' title='bbox 609 5587 821 5643; x_wconf 85' lang='lat' dir='ltr'><strong>venisse</strong></span> <span class='ocrx_word' id='word_1_647' title='bbox 861 5580 1066 5646; x_wconf 87' lang='lat' dir='ltr'><strong>refert,</strong></span> <span class='ocrx_word' id='word_1_648' title='bbox 1094 5585 1149 5633; x_wconf 90' lang='lat' dir='ltr'><strong>et</strong></span> <span class='ocrx_word' id='word_1_649' title='bbox 1172 5575 1241 5631; x_wconf 93' lang='lat' dir='ltr'><strong>de</strong></span> <span class='ocrx_word' id='word_1_650' title='bbox 1270 5586 1376 5643; x_wconf 88' lang='lat' dir='ltr'><strong>quo</strong></span> <span class='ocrx_word' id='word_1_651' title='bbox 1402 5570 1600 5625; x_wconf 89' lang='lat' dir='ltr'><strong>multas</strong></span> <span class='ocrx_word' id='word_1_652' title='bbox 1637 5579 1700 5619; x_wconf 90' lang='lat' dir='ltr'><strong>ac</strong></span> <span class='ocrx_word' id='word_1_653' title='bbox 1726 5560 2014 5633; x_wconf 61' lang='lat' dir='ltr'><strong>praeclaras</strong></span> 
     </span>
    </p>
   </div>
   <div class='ocr_carea' id='block_1_81' title="bbox 432 5652 2012 5745">
    <p class='ocr_par' dir='ltr' id='par_1_81' title="bbox 432 5652 2012 5745">
     <span class='ocr_line' id='line_1_81' title="bbox 432 5652 2012 5745; baseline -0.022 -5"><span class='ocrx_word' id='word_1_654' title='bbox 432 5684 618 5740; x_wconf 84' lang='lat' dir='ltr'><strong>laudes</strong></span> <span class='ocrx_word' id='word_1_655' title='bbox 643 5684 907 5740; x_wconf 89' lang='lat' dir='ltr'><strong>recenset,</strong></span> <span class='ocrx_word' id='word_1_656' title='bbox 935 5684 1203 5745; x_wconf 89' lang='lat' dir='ltr'><strong>quemque</strong></span> <span class='ocrx_word' id='word_1_657' title='bbox 1229 5682 1257 5722; x_wconf 88' lang='lat' dir='ltr'><strong>a</strong></span> <span class='ocrx_word' id='word_1_658' title='bbox 1286 5681 1345 5721; x_wconf 91' lang='lat' dir='ltr'><strong>se</strong></span> <span class='ocrx_word' id='word_1_659' title='bbox 1373 5665 1597 5720; x_wconf 89' lang='lat' dir='ltr'><strong>missum</strong></span> <span class='ocrx_word' id='word_1_660' title='bbox 1621 5671 1744 5715; x_wconf 86' lang='lat' dir='ltr'><strong>esse</strong></span> <span class='ocrx_word' id='word_1_661' title='bbox 1777 5652 2012 5709; x_wconf 88' lang='lat' dir='ltr'><strong>dicebat.</strong></span> 
     </span>
    </p>
   </div>
   <div class='ocr_carea' id='block_1_82' title="bbox 434 5744 2017 5841">
    <p class='ocr_par' dir='ltr' id='par_1_82' title="bbox 434 5744 2017 5841">
     <span class='ocr_line' id='line_1_82' title="bbox 434 5744 2017 5841; baseline -0.025 -5"><span class='ocrx_word' id='word_1_662' title='bbox 434 5778 505 5835; x_wconf 81' lang='lat' dir='ltr'><strong>Ut</strong></span> <span class='ocrx_word' id='word_1_663' title='bbox 526 5773 771 5832; x_wconf 85' lang='lat' dir='ltr'><strong>ostendat</strong></span> <span class='ocrx_word' id='word_1_664' title='bbox 797 5784 924 5841; x_wconf 82' lang='lat' dir='ltr'><strong>ergo</strong></span> <span class='ocrx_word' id='word_1_665' title='bbox 948 5744 1006 5823; x_wconf 84' lang='lat' dir='ltr'><strong>se</strong></span> <span class='ocrx_word' id='word_1_666' title='bbox 1029 5767 1263 5835; x_wconf 90' lang='lat' dir='ltr'><strong>ipsorum</strong></span> <span class='ocrx_word' id='word_1_667' title='bbox 1286 5772 1443 5815; x_wconf 90' lang='lat' dir='ltr'><strong>causa</strong></span> <span class='ocrx_word' id='word_1_668' title='bbox 1477 5756 1615 5810; x_wconf 90' lang='lat' dir='ltr'><strong>hanc</strong></span> <span class='ocrx_word' id='word_1_669' title='bbox 1637 5761 1849 5819; x_wconf 85' lang='lat' dir='ltr'><strong>quoque</strong></span> <span class='ocrx_word' id='word_1_670' title='bbox 1878 5744 2017 5799; x_wconf 86' lang='lat' dir='ltr'><strong>afﬂi-</strong></span> 
     </span>
    </p>
   </div>
   <div class='ocr_carea' id='block_1_83' title="bbox 434 5838 2016 5931">
    <p class='ocr_par' dir='ltr' id='par_1_83' title="bbox 434 5838 2016 5931">
     <span class='ocr_line' id='line_1_83' title="bbox 434 5838 2016 5931; baseline -0.022 -6"><span class='ocrx_word' id='word_1_671' title='bbox 434 5870 668 5925; x_wconf 67' lang='lat' dir='ltr'><strong>ctionem</strong></span> <span class='ocrx_word' id='word_1_672' title='bbox 696 5862 922 5921; x_wconf 80' lang='lat' dir='ltr'><strong>subiisse</strong></span> <span class='ocrx_word' id='word_1_673' title='bbox 948 5903 962 5931; x_wconf 92' lang='lat'><strong>,</strong></span> <span class='ocrx_word' id='word_1_674' title='bbox 995 5858 1077 5914; x_wconf 91' lang='lat' dir='ltr'><strong>his</strong></span> <span class='ocrx_word' id='word_1_675' title='bbox 1108 5853 1285 5912; x_wconf 86' lang='lat' dir='ltr'><strong>verbis</strong></span> <span class='ocrx_word' id='word_1_676' title='bbox 1314 5863 1455 5907; x_wconf 89' lang='lat' dir='ltr'><strong>usus.</strong></span> <span class='ocrx_word' id='word_1_677' title='bbox 1488 5852 1591 5903; x_wconf 89' lang='lat' dir='ltr'><strong>est.</strong></span> <span class='ocrx_word' id='word_1_678' title='bbox 1637 5838 1791 5921; x_wconf 84' lang='lat' dir='ltr'><strong>Quod</strong></span> <span class='ocrx_word' id='word_1_679' title='bbox 1837 5840 2016 5907; x_wconf 86' lang='lat' dir='ltr'><strong>itaque</strong></span> 
     </span>
    </p>
   </div>
   <div class='ocr_carea' id='block_1_84' title="bbox 2079 3132 3652 3223">
    <p class='ocr_par' dir='ltr' id='par_1_84' title="bbox 2079 3132 3652 3223">
     <span class='ocr_line' id='line_1_84' title="bbox 2079 3132 3652 3223; baseline -0.025 -2"><span class='ocrx_word' id='word_1_680' title='bbox 2079 3165 2199 3223; x_wconf 68' lang='lat' dir='ltr'><strong>haec</strong></span> <span class='ocrx_word' id='word_1_681' title='bbox 2253 3154 2416 3214; x_wconf 88' lang='lat' dir='ltr'><strong>verba</strong></span> <span class='ocrx_word' id='word_1_682' title='bbox 2470 3146 2693 3222; x_wconf 89' lang='lat' dir='ltr'><strong>pulchre</strong></span> <span class='ocrx_word' id='word_1_683' title='bbox 2738 3156 2862 3199; x_wconf 91' lang='lat' dir='ltr'><strong>cum</strong></span> <span class='ocrx_word' id='word_1_684' title='bbox 2908 3135 3273 3209; x_wconf 87' lang='lat' dir='ltr'><strong>superioribus</strong></span> <span class='ocrx_word' id='word_1_685' title='bbox 3315 3132 3615 3189; x_wconf 73' lang='lat' dir='ltr'><strong>cohmreant</strong></span> <span class='ocrx_word' id='word_1_686' title='bbox 3638 3167 3652 3192; x_wconf 88' lang='lat'><strong>,</strong></span> 
     </span>
    </p>
   </div>
   <div class='ocr_carea' id='block_1_85' title="bbox 2080 3223 3653 3323">
    <p class='ocr_par' dir='ltr' id='par_1_85' title="bbox 2080 3223 3653 3323">
     <span class='ocr_line' id='line_1_85' title="bbox 2080 3223 3653 3323; baseline -0.024 -11"><span class='ocrx_word' id='word_1_687' title='bbox 2080 3257 2207 3313; x_wconf 88' lang='lat' dir='ltr'><strong>hinc</strong></span> <span class='ocrx_word' id='word_1_688' title='bbox 2234 3246 2519 3323; x_wconf 86' lang='lat' dir='ltr'><strong>perspicue</strong></span> <span class='ocrx_word' id='word_1_689' title='bbox 2546 3246 2731 3313; x_wconf 86' lang='lat' dir='ltr'><strong>patet;</strong></span> <span class='ocrx_word' id='word_1_690' title='bbox 2758 3231 2902 3307; x_wconf 91' lang='lat' dir='ltr'><strong>quod</strong></span> <span class='ocrx_word' id='word_1_691' title='bbox 2931 3238 3109 3286; x_wconf 89' lang='lat' dir='ltr'><strong>autem</strong></span> <span class='ocrx_word' id='word_1_692' title='bbox 3132 3226 3299 3283; x_wconf 89' lang='lat' dir='ltr'><strong>Paulo</strong></span> <span class='ocrx_word' id='word_1_693' title='bbox 3322 3240 3437 3281; x_wconf 89' lang='lat' dir='ltr'><strong>non</strong></span> <span class='ocrx_word' id='word_1_694' title='bbox 3462 3223 3653 3293; x_wconf 83' lang='lat' dir='ltr'><strong>indigna</strong></span> 
     </span>
    </p>
   </div>
   <div class='ocr_carea' id='block_1_86' title="bbox 2080 3314 3655 3413">
    <p class='ocr_par' dir='ltr' id='par_1_86' title="bbox 2080 3314 3655 3413">
     <span class='ocr_line' id='line_1_86' title="bbox 2080 3314 3655 3413; baseline -0.024 -8"><span class='ocrx_word' id='word_1_695' title='bbox 2080 3348 2189 3405; x_wconf 85' lang='lat' dir='ltr'><strong>sint</strong></span> <span class='ocrx_word' id='word_1_696' title='bbox 2211 3314 2313 3413; x_wconf 45' lang='lat' dir='ltr'><strong>,&#39;id</strong></span> <span class='ocrx_word' id='word_1_697' title='bbox 2333 3314 2547 3411; x_wconf 76' lang='lat' dir='ltr'><strong>quoque</strong></span> <span class='ocrx_word' id='word_1_698' title='bbox 2573 3332 2790 3403; x_wconf 88' lang='lat' dir='ltr'><strong>planum</strong></span> <span class='ocrx_word' id='word_1_699' title='bbox 2822 3325 3001 3381; x_wconf 91' lang='lat' dir='ltr'><strong>facere</strong></span> <span class='ocrx_word' id='word_1_700' title='bbox 3027 3320 3289 3379; x_wconf 87' lang='lat' dir='ltr'><strong>conabor.</strong></span> <span class='ocrx_word' id='word_1_701' title='bbox 3320 3317 3509 3388; x_wconf 81' lang='lat' dir='ltr'><strong>Neque</strong></span> <span class='ocrx_word' id='word_1_702' title='bbox 3530 3314 3655 3369; x_wconf 85' lang='lat' dir='ltr'><strong>enim</strong></span> 
     </span>
    </p>
   </div>
   <div class='ocr_carea' id='block_1_87' title="bbox 2083 3404 3653 3498">
    <p class='ocr_par' dir='ltr' id='par_1_87' title="bbox 2083 3404 3653 3498">
     <span class='ocr_line' id='line_1_87' title="bbox 2083 3404 3653 3498; baseline -0.026 -3"><span class='ocrx_word' id='word_1_703' title='bbox 2083 3404 2187 3494; x_wconf 89' lang='lat' dir='ltr'><strong>hoc</strong></span> <span class='ocrx_word' id='word_1_704' title='bbox 2213 3404 2389 3498; x_wconf 35' lang='lat' dir='ltr'><strong>dicit;</strong></span> <span class='ocrx_word' id='word_1_705' title='bbox 2420 3404 2564 3498; x_wconf 78' lang='lat' dir='ltr'><strong>quod</strong></span> <span class='ocrx_word' id='word_1_706' title='bbox 2590 3420 2696 3477; x_wconf 90' lang='lat' dir='ltr'><strong>Titi</strong></span> <span class='ocrx_word' id='word_1_707' title='bbox 2732 3415 2976 3473; x_wconf 88' lang='lat' dir='ltr'><strong>absentia</strong></span> <span class='ocrx_word' id='word_1_708' title='bbox 3020 3426 3208 3468; x_wconf 90' lang='lat' dir='ltr'><strong>eorum</strong></span> <span class='ocrx_word' id='word_1_709' title='bbox 3231 3451 3248 3476; x_wconf 90' lang='lat'><strong>,</strong></span> <span class='ocrx_word' id='word_1_710' title='bbox 3292 3408 3386 3479; x_wconf 91' lang='lat' dir='ltr'><strong>qui</strong></span> <span class='ocrx_word' id='word_1_711' title='bbox 3415 3406 3483 3461; x_wconf 89' lang='lat' dir='ltr'><strong>ad</strong></span> <span class='ocrx_word' id='word_1_712' title='bbox 3514 3404 3653 3459; x_wconf 82' lang='lat' dir='ltr'><strong>fidem</strong></span> 
     </span>
    </p>
   </div>
   <div class='ocr_carea' id='block_1_88' title="bbox 2083 3494 3656 3587">
    <p class='ocr_par' dir='ltr' id='par_1_88' title="bbox 2083 3494 3656 3587">
     <span class='ocr_line' id='line_1_88' title="bbox 2083 3494 3656 3587; baseline -0.024 0"><span class='ocrx_word' id='word_1_713' title='bbox 2083 3494 2574 3587; x_wconf 28' lang='lat' dir='ltr'><strong>accessuri‘er&#39;ant,</strong></span> <span class='ocrx_word' id='word_1_714' title='bbox 2612 3511 2773 3572; x_wconf 90' lang='lat' dir='ltr'><strong>saluti</strong></span> <span class='ocrx_word' id='word_1_715' title='bbox 2815 3522 3024 3565; x_wconf 89' lang='lat' dir='ltr'><strong>moram</strong></span> <span class='ocrx_word' id='word_1_716' title='bbox 3070 3502 3346 3568; x_wconf 90' lang='lat' dir='ltr'><strong>attulerit,</strong></span> <span class='ocrx_word' id='word_1_717' title='bbox 3397 3515 3498 3555; x_wconf 87' lang='lat' dir='ltr'><strong>nec</strong></span> <span class='ocrx_word' id='word_1_718' title='bbox 3532 3494 3656 3569; x_wconf 89' lang='lat' dir='ltr'><strong>quod</strong></span> 
     </span>
    </p>
   </div>
   <div class='ocr_carea' id='block_1_89' title="bbox 2087 3590 3656 3695">
    <p class='ocr_par' dir='ltr' id='par_1_89' title="bbox 2087 3590 3656 3695">
     <span class='ocr_line' id='line_1_89' title="bbox 2087 3590 3656 3695; baseline -0.025 -15"><span class='ocrx_word' id='word_1_719' title='bbox 2087 3630 2371 3695; x_wconf 73' lang='lat' dir='ltr'><strong>promereat</strong></span> <span class='ocrx_word' id='word_1_720' title='bbox 2401 3627 2497 3670; x_wconf 86' lang='lat' dir='ltr'><strong>eos</strong></span> <span class='ocrx_word' id='word_1_721' title='bbox 2522 3607 2613 3680; x_wconf 88' lang='lat' dir='ltr'><strong>qui</strong></span> <span class='ocrx_word' id='word_1_722' title='bbox 2660 3604 2823 3660; x_wconf 87' lang='lat' dir='ltr'><strong>fidem</strong></span> <span class='ocrx_word' id='word_1_723' title='bbox 2847 3604 3198 3670; x_wconf 88' lang='lat' dir='ltr'><strong>susceperant</strong></span> <span class='ocrx_word' id='word_1_724' title='bbox 3242 3590 3656 3663; x_wconf 88' lang='lat' dir='ltr'><strong>contempserit,</strong></span> 
     </span>
    </p>
   </div>
   <div class='ocr_carea' id='block_1_90' title="bbox 2088 3681 3661 3780">
    <p class='ocr_par' dir='ltr' id='par_1_90' title="bbox 2088 3681 3661 3780">
     <span class='ocr_line' id='line_1_90' title="bbox 2088 3681 3661 3780; baseline -0.023 -11"><span class='ocrx_word' id='word_1_725' title='bbox 2088 3681 2360 3780; x_wconf 44' lang='lat' dir='ltr'><strong>sed&#39;quod</strong></span> <span class='ocrx_word' id='word_1_726' title='bbox 2388 3701 2627 3772; x_wconf 89' lang='lat' dir='ltr'><strong>requiem</strong></span> <span class='ocrx_word' id='word_1_727' title='bbox 2659 3710 2765 3751; x_wconf 91' lang='lat' dir='ltr'><strong>non</strong></span> <span class='ocrx_word' id='word_1_728' title='bbox 2793 3690 3063 3753; x_wconf 87' lang='lat' dir='ltr'><strong>habuerit,</strong></span> <span class='ocrx_word' id='word_1_729' title='bbox 3110 3688 3212 3741; x_wconf 88' lang='lat' dir='ltr'><strong>hoc</strong></span> <span class='ocrx_word' id='word_1_730' title='bbox 3235 3693 3317 3739; x_wconf 91' lang='lat' dir='ltr'><strong>est</strong></span> <span class='ocrx_word' id='word_1_731' title='bbox 3345 3725 3362 3749; x_wconf 89' lang='lat'><strong>,</strong></span> <span class='ocrx_word' id='word_1_732' title='bbox 3403 3683 3475 3737; x_wconf 93' lang='lat' dir='ltr'><strong>ob</strong></span> <span class='ocrx_word' id='word_1_733' title='bbox 3502 3681 3661 3736; x_wconf 68' lang='lat' dir='ltr'><strong>fratris</strong></span> 
     </span>
    </p>
   </div>
   <div class='ocr_carea' id='block_1_91' title="bbox 2088 3772 3662 3857">
    <p class='ocr_par' dir='ltr' id='par_1_91' title="bbox 2088 3772 3662 3857">
     <span class='ocr_line' id='line_1_91' title="bbox 2088 3772 3662 3857; baseline -0.022 1"><span class='ocrx_word' id='word_1_734' title='bbox 2088 3798 2387 3857; x_wconf 88' lang='lat' dir='ltr'><strong>absentiam</strong></span> <span class='ocrx_word' id='word_1_735' title='bbox 2415 3795 2469 3849; x_wconf 92' lang='lat' dir='ltr'><strong>in</strong></span> <span class='ocrx_word' id='word_1_736' title='bbox 2495 3788 2785 3846; x_wconf 87' lang='lat' dir='ltr'><strong>afﬂictione</strong></span> <span class='ocrx_word' id='word_1_737' title='bbox 2809 3799 2874 3839; x_wconf 88' lang='lat' dir='ltr'><strong>ac</strong></span> <span class='ocrx_word' id='word_1_738' title='bbox 2898 3781 3086 3837; x_wconf 88' lang='lat' dir='ltr'><strong>dolore</strong></span> <span class='ocrx_word' id='word_1_739' title='bbox 3120 3782 3367 3831; x_wconf 85' lang='lat' dir='ltr'><strong>versatus</strong></span> <span class='ocrx_word' id='word_1_740' title='bbox 3395 3775 3466 3829; x_wconf 90' lang='lat' dir='ltr'><strong>sit</strong></span> <span class='ocrx_word' id='word_1_741' title='bbox 3494 3790 3508 3839; x_wconf 89' lang='lat'><strong>;</strong></span> <span class='ocrx_word' id='word_1_742' title='bbox 3554 3772 3662 3826; x_wconf 87' lang='lat' dir='ltr'><strong>hinc</strong></span> 
     </span>
    </p>
   </div>
   <div class='ocr_carea' id='block_1_92' title="bbox 2091 3864 3663 3951">
    <p class='ocr_par' dir='ltr' id='par_1_92' title="bbox 2091 3864 3663 3951">
     <span class='ocr_line' id='line_1_92' title="bbox 2091 3864 3663 3951; baseline -0.022 0"><span class='ocrx_word' id='word_1_743' title='bbox 2091 3893 2344 3951; x_wconf 85' lang='lat' dir='ltr'><strong>nimirum</strong></span> <span class='ocrx_word' id='word_1_744' title='bbox 2378 3883 2670 3945; x_wconf 87' lang='lat' dir='ltr'><strong>ostendens</strong></span> <span class='ocrx_word' id='word_1_745' title='bbox 2709 3876 2893 3951; x_wconf 87' lang='lat' dir='ltr'><strong>quanti</strong></span> <span class='ocrx_word' id='word_1_746' title='bbox 2939 3871 3198 3928; x_wconf 87' lang='lat' dir='ltr'><strong>momenti</strong></span> <span class='ocrx_word' id='word_1_747' title='bbox 3244 3870 3315 3929; x_wconf 75' lang='lat' dir='ltr'><strong>sit</strong></span> <span class='ocrx_word' id='word_1_748' title='bbox 3358 3868 3541 3923; x_wconf 87' lang='lat' dir='ltr'><strong>fratris</strong></span> <span class='ocrx_word' id='word_1_749' title='bbox 3584 3864 3663 3918; x_wconf 88' lang='lat' dir='ltr'><strong>ab-</strong></span> 
     </span>
    </p>
   </div>
   <div class='ocr_carea' id='block_1_93' title="bbox 2094 3958 3664 4051">
    <p class='ocr_par' dir='ltr' id='par_1_93' title="bbox 2094 3958 3664 4051">
     <span class='ocr_line' id='line_1_93' title="bbox 2094 3958 3664 4051; baseline -0.022 -10"><span class='ocrx_word' id='word_1_750' title='bbox 2094 3984 2266 4041; x_wconf 86' lang='lat' dir='ltr'><strong>sentia</strong></span> <span class='ocrx_word' id='word_1_751' title='bbox 2287 3998 2304 4048; x_wconf 88' lang='lat'><strong>;</strong></span> <span class='ocrx_word' id='word_1_752' title='bbox 2329 3990 2491 4051; x_wconf 88' lang='lat' dir='ltr'><strong>atque</strong></span> <span class='ocrx_word' id='word_1_753' title='bbox 2520 3977 2641 4032; x_wconf 90' lang='lat' dir='ltr'><strong>ideo</strong></span> <span class='ocrx_word' id='word_1_754' title='bbox 2668 3971 2817 4027; x_wconf 91' lang='lat' dir='ltr'><strong>illinc</strong></span> <span class='ocrx_word' id='word_1_755' title='bbox 2845 3962 3159 4023; x_wconf 78' lang='lat' dir='ltr'><strong>excesserit.</strong></span> <span class='ocrx_word' id='word_1_756' title='bbox 3197 3959 3333 4027; x_wconf 93' lang='lat' dir='ltr'><strong>Quid</strong></span> <span class='ocrx_word' id='word_1_757' title='bbox 3360 3968 3541 4014; x_wconf 88' lang='lat' dir='ltr'><strong>autem</strong></span> <span class='ocrx_word' id='word_1_758' title='bbox 3568 3958 3664 4009; x_wconf 66' lang='lat' dir='ltr'><strong>hac</strong></span> 
     </span>
    </p>
   </div>
   <div class='ocr_carea' id='block_1_94' title="bbox 2093 4050 3664 4133">
    <p class='ocr_par' dir='ltr' id='par_1_94' title="bbox 2093 4050 3664 4133">
     <span class='ocr_line' id='line_1_94' title="bbox 2093 4050 3664 4133; baseline -0.022 -2"><span class='ocrx_word' id='word_1_759' title='bbox 2093 4075 2259 4133; x_wconf 86' lang='lat' dir='ltr'><strong>verba</strong></span> <span class='ocrx_word' id='word_1_760' title='bbox 2303 4050 2417 4129; x_wconf 79' lang='lat' dir='ltr'><strong>sibi</strong></span> <span class='ocrx_word' id='word_1_761' title='bbox 2450 4069 2674 4131; x_wconf 90' lang='lat' dir='ltr'><strong>volunt,</strong></span> <span class='ocrx_word' id='word_1_762' title='bbox 2722 4059 2850 4115; x_wconf 88' lang='lat' dir='ltr'><strong>Cum</strong></span> <span class='ocrx_word' id='word_1_763' title='bbox 2891 4057 3136 4112; x_wconf 81' lang='lat' dir='ltr'><strong>venissem</strong></span> <span class='ocrx_word' id='word_1_764' title='bbox 3184 4050 3440 4107; x_wconf 86' lang='lat' dir='ltr'><strong>Troadem</strong></span> <span class='ocrx_word' id='word_1_765' title='bbox 3484 4054 3664 4119; x_wconf 80' lang='lat' dir='ltr'><strong>propter</strong></span> 
     </span>
    </p>
   </div>
   <div class='ocr_carea' id='block_1_95' title="bbox 2096 4141 3663 4238">
    <p class='ocr_par' dir='ltr' id='par_1_95' title="bbox 2096 4141 3663 4238">
     <span class='ocr_line' id='line_1_95' title="bbox 2096 4141 3663 4238; baseline -0.023 -13"><span class='ocrx_word' id='word_1_766' title='bbox 2096 4166 2411 4238; x_wconf 84' lang='lat' dir='ltr'><strong>evangelium</strong></span> <span class='ocrx_word' id='word_1_767' title='bbox 2428 4164 2453 4215; x_wconf 72' lang='lat'><strong>1’</strong></span> <span class='ocrx_word' id='word_1_768' title='bbox 2480 4160 2596 4217; x_wconf 85' lang='lat' dir='ltr'><strong>Non</strong></span> <span class='ocrx_word' id='word_1_769' title='bbox 2620 4198 2636 4223; x_wconf 92' lang='lat'><strong>,</strong></span> <span class='ocrx_word' id='word_1_770' title='bbox 2664 4153 2877 4224; x_wconf 88' lang='lat' dir='ltr'><strong>inquit,</strong></span> <span class='ocrx_word' id='word_1_771' title='bbox 2923 4160 3125 4206; x_wconf 85' lang='lat' dir='ltr'><strong>temere</strong></span> <span class='ocrx_word' id='word_1_772' title='bbox 3149 4159 3216 4201; x_wconf 88' lang='lat' dir='ltr'><strong>eo</strong></span> <span class='ocrx_word' id='word_1_773' title='bbox 3244 4141 3517 4215; x_wconf 86' lang='lat' dir='ltr'><strong>profectus</strong></span> <span class='ocrx_word' id='word_1_774' title='bbox 3539 4152 3663 4203; x_wconf 88' lang='lat' dir='ltr'><strong>sum,</strong></span> 
     </span>
    </p>
   </div>
   <div class='ocr_carea' id='block_1_96' title="bbox 2097 4233 3665 4328">
    <p class='ocr_par' dir='ltr' id='par_1_96' title="bbox 2097 4233 3665 4328">
     <span class='ocr_line' id='line_1_96' title="bbox 2097 4233 3665 4328; baseline -0.024 -12"><span class='ocrx_word' id='word_1_775' title='bbox 2097 4259 2195 4318; x_wconf 88' lang='lat' dir='ltr'><strong>sed</strong></span> <span class='ocrx_word' id='word_1_776' title='bbox 2224 4233 2281 4315; x_wconf 77' lang='lat' dir='ltr'><strong>ut</strong></span> <span class='ocrx_word' id='word_1_777' title='bbox 2312 4252 2680 4328; x_wconf 65' lang='lat' dir='ltr'><strong>praedicarem.</strong></span> <span class='ocrx_word' id='word_1_778' title='bbox 2726 4244 2794 4300; x_wconf 84' lang='lat' dir='ltr'><strong>Et</strong></span> <span class='ocrx_word' id='word_1_779' title='bbox 2830 4252 3008 4297; x_wconf 90' lang='lat' dir='ltr'><strong>tamen</strong></span> <span class='ocrx_word' id='word_1_780' title='bbox 3038 4239 3163 4294; x_wconf 91' lang='lat' dir='ltr'><strong>licet</strong></span> <span class='ocrx_word' id='word_1_781' title='bbox 3195 4251 3258 4291; x_wconf 89' lang='lat' dir='ltr'><strong>ca</strong></span> <span class='ocrx_word' id='word_1_782' title='bbox 3300 4233 3369 4289; x_wconf 90' lang='lat' dir='ltr'><strong>de</strong></span> <span class='ocrx_word' id='word_1_783' title='bbox 3417 4244 3571 4289; x_wconf 88' lang='lat' dir='ltr'><strong>causa</strong></span> <span class='ocrx_word' id='word_1_784' title='bbox 3608 4240 3665 4282; x_wconf 87' lang='lat' dir='ltr'><strong>eo</strong></span> 
     </span>
    </p>
   </div>
   <div class='ocr_carea' id='block_1_97' title="bbox 2099 4325 3663 4409">
    <p class='ocr_par' dir='ltr' id='par_1_97' title="bbox 2099 4325 3663 4409">
     <span class='ocr_line' id='line_1_97' title="bbox 2099 4325 3663 4409; baseline -0.022 0"><span class='ocrx_word' id='word_1_785' title='bbox 2099 4368 2188 4409; x_wconf 89' lang='lat' dir='ltr'><strong>me</strong></span> <span class='ocrx_word' id='word_1_786' title='bbox 2234 4346 2581 4405; x_wconf 90' lang='lat' dir='ltr'><strong>contulissem</strong></span> <span class='ocrx_word' id='word_1_787' title='bbox 2608 4380 2624 4408; x_wconf 96' lang='lat'><strong>,</strong></span> <span class='ocrx_word' id='word_1_788' title='bbox 2683 4351 2749 4393; x_wconf 92' lang='lat' dir='ltr'><strong>ac</strong></span> <span class='ocrx_word' id='word_1_789' title='bbox 2813 4332 3106 4390; x_wconf 75' lang='lat' dir='ltr'><strong>maximum</strong></span> <span class='ocrx_word' id='word_1_790' title='bbox 3151 4342 3287 4399; x_wconf 90' lang='lat' dir='ltr'><strong>opus</strong></span> <span class='ocrx_word' id='word_1_791' title='bbox 3324 4325 3663 4395; x_wconf 76' lang='lat' dir='ltr'><strong>reperissent;</strong></span> 
     </span>
    </p>
   </div>
   <div class='ocr_carea' id='block_1_98' title="bbox 2105 4412 3665 4503">
    <p class='ocr_par' dir='ltr' id='par_1_98' title="bbox 2105 4412 3665 4503">
     <span class='ocr_line' id='line_1_98' title="bbox 2105 4412 3665 4503; baseline -0.024 0"><span class='ocrx_word' id='word_1_792' title='bbox 2105 4446 2306 4503; x_wconf 46' lang='lat' dir='ltr'><strong>“tium</strong></span> <span class='ocrx_word' id='word_1_793' title='bbox 2350 4439 2495 4497; x_wconf 89' lang='lat' dir='ltr'><strong>enim</strong></span> <span class='ocrx_word' id='word_1_794' title='bbox 2544 4432 2669 4489; x_wconf 89' lang='lat' dir='ltr'><strong>mihi</strong></span> <span class='ocrx_word' id='word_1_795' title='bbox 2718 4437 2951 4501; x_wconf 88' lang='lat' dir='ltr'><strong>apertum</strong></span> <span class='ocrx_word' id='word_1_796' title='bbox 2993 4431 3120 4479; x_wconf 85' lang='lat' dir='ltr'><strong>esset</strong></span> <span class='ocrx_word' id='word_1_797' title='bbox 3158 4422 3214 4475; x_wconf 86' lang='lat' dir='ltr'><strong>in</strong></span> <span class='ocrx_word' id='word_1_798' title='bbox 3253 4417 3480 4473; x_wconf 86' lang='lat' dir='ltr'><strong>Domino</strong></span> <span class='ocrx_word' id='word_1_799' title='bbox 3504 4432 3524 4481; x_wconf 83' lang='lat'><strong><em>;</em></strong></span> <span class='ocrx_word' id='word_1_800' title='bbox 3566 4412 3665 4467; x_wconf 71' lang='lat' dir='ltr'><strong>Non</strong></span> 
     </span>
    </p>
   </div>
   <div class='ocr_carea' id='block_1_99' title="bbox 2103 4505 3665 4605">
    <p class='ocr_par' dir='ltr' id='par_1_99' title="bbox 2103 4505 3665 4605">
     <span class='ocr_line' id='line_1_99' title="bbox 2103 4505 3665 4605; baseline -0.024 -10"><span class='ocrx_word' id='word_1_801' title='bbox 2103 4539 2255 4595; x_wconf 84' lang='lat' dir='ltr'><strong>habui</strong></span> <span class='ocrx_word' id='word_1_802' title='bbox 2278 4534 2519 4605; x_wconf 75' lang='lat' dir='ltr'><strong>requiem,</strong></span> <span class='ocrx_word' id='word_1_803' title='bbox 2538 4526 2734 4597; x_wconf 91' lang='lat' dir='ltr'><strong>inquit:</strong></span> <span class='ocrx_word' id='word_1_804' title='bbox 2752 4518 2963 4578; x_wconf 89' lang='lat' dir='ltr'><strong>tametsi</strong></span> <span class='ocrx_word' id='word_1_805' title='bbox 2993 4531 3098 4573; x_wconf 90' lang='lat' dir='ltr'><strong>non</strong></span> <span class='ocrx_word' id='word_1_806' title='bbox 3121 4522 3410 4587; x_wconf 87' lang='lat' dir='ltr'><strong>propterea</strong></span> <span class='ocrx_word' id='word_1_807' title='bbox 3432 4522 3562 4579; x_wconf 89' lang='lat' dir='ltr'><strong>opus</strong></span> <span class='ocrx_word' id='word_1_808' title='bbox 3579 4505 3665 4559; x_wconf 85' lang='lat' dir='ltr'><strong>im-</strong></span> 
     </span>
    </p>
   </div>
   <div class='ocr_carea' id='block_1_100' title="bbox 2104 4597 3665 4703">
    <p class='ocr_par' dir='ltr' id='par_1_100' title="bbox 2104 4597 3665 4703">
     <span class='ocr_line' id='line_1_100' title="bbox 2104 4597 3665 4703; baseline -0.025 -16"><span class='ocrx_word' id='word_1_809' title='bbox 2104 4597 2355 4703; x_wconf 36' lang='lat' dir='ltr'><strong>peditum.</strong></span> <span class='ocrx_word' id='word_1_810' title='bbox 2369 4623 2548 4680; x_wconf 90' lang='lat' dir='ltr'><strong>fuerit.</strong></span> <span class='ocrx_word' id='word_1_811' title='bbox 2592 4618 2701 4674; x_wconf 89' lang='lat' dir='ltr'><strong>Cur</strong></span> <span class='ocrx_word' id='word_1_812' title='bbox 2727 4629 2855 4685; x_wconf 92' lang='lat' dir='ltr'><strong>ergo</strong></span> <span class='ocrx_word' id='word_1_813' title='bbox 2884 4609 3054 4676; x_wconf 91' lang='lat' dir='ltr'><strong>dicit,</strong></span> <span class='ocrx_word' id='word_1_814' title='bbox 3082 4608 3171 4663; x_wconf 79' lang='grc'><strong>15.</strong></span> <span class='ocrx_word' id='word_1_815' title='bbox 3210 4602 3532 4672; x_wconf 75' lang='lat' dir='ltr'><strong>Valefaciens</strong></span> <span class='ocrx_word' id='word_1_816' title='bbox 3568 4597 3630 4650; x_wconf 83' lang='lat' dir='ltr'><strong>eis</strong></span> <span class='ocrx_word' id='word_1_817' title='bbox 3651 4631 3665 4658; x_wconf 88' lang='lat'><strong>,</strong></span> 
     </span>
    </p>
   </div>
   <div class='ocr_carea' id='block_1_101' title="bbox 2105 4693 3667 4781">
    <p class='ocr_par' dir='ltr' id='par_1_101' title="bbox 2105 4693 3667 4781">
     <span class='ocr_line' id='line_1_101' title="bbox 2105 4693 3667 4781; baseline -0.026 -3"><span class='ocrx_word' id='word_1_818' title='bbox 2105 4693 2259 4777; x_wconf 76' lang='lat' dir='ltr'><strong>abii?</strong></span> <span class='ocrx_word' id='word_1_819' title='bbox 2297 4718 2411 4774; x_wconf 79' lang='lat' dir='ltr'><strong>Hoc</strong></span> <span class='ocrx_word' id='word_1_820' title='bbox 2437 4722 2560 4776; x_wconf 88' lang='lat' dir='ltr'><strong>est,</strong></span> <span class='ocrx_word' id='word_1_821' title='bbox 2606 4725 2718 4781; x_wconf 63' lang='lat' dir='ltr'><strong>prae</strong></span> <span class='ocrx_word' id='word_1_822' title='bbox 2763 4702 2927 4760; x_wconf 90' lang='lat' dir='ltr'><strong>animi</strong></span> <span class='ocrx_word' id='word_1_823' title='bbox 2959 4698 3202 4770; x_wconf 86' lang='lat' dir='ltr'><strong>angustia</strong></span> <span class='ocrx_word' id='word_1_824' title='bbox 3249 4710 3315 4749; x_wconf 88' lang='lat' dir='ltr'><strong>ac</strong></span> <span class='ocrx_word' id='word_1_825' title='bbox 3350 4693 3539 4750; x_wconf 90' lang='lat' dir='ltr'><strong>dolore</strong></span> <span class='ocrx_word' id='word_1_826' title='bbox 3578 4700 3667 4741; x_wconf 89' lang='lat' dir='ltr'><strong>non</strong></span> 
     </span>
    </p>
   </div>
   <div class='ocr_carea' id='block_1_102' title="bbox 2108 4784 3669 4876">
    <p class='ocr_par' dir='ltr' id='par_1_102' title="bbox 2108 4784 3669 4876">
     <span class='ocr_line' id='line_1_102' title="bbox 2108 4784 3669 4876; baseline -0.025 -5"><span class='ocrx_word' id='word_1_827' title='bbox 2108 4816 2362 4871; x_wconf 86' lang='lat' dir='ltr'><strong>diuturno</strong></span> <span class='ocrx_word' id='word_1_828' title='bbox 2413 4818 2655 4876; x_wconf 91' lang='lat' dir='ltr'><strong>tempore</strong></span> <span class='ocrx_word' id='word_1_829' title='bbox 2700 4799 2810 4855; x_wconf 91' lang='lat' dir='ltr'><strong>illic</strong></span> <span class='ocrx_word' id='word_1_830' title='bbox 2855 4802 3095 4850; x_wconf 90' lang='lat' dir='ltr'><strong>moratus</strong></span> <span class='ocrx_word' id='word_1_831' title='bbox 3138 4803 3278 4844; x_wconf 89' lang='lat' dir='ltr'><strong>sum.</strong></span> <span class='ocrx_word' id='word_1_832' title='bbox 3321 4788 3402 4841; x_wconf 79' lang='lat' dir='ltr'><strong>Ac</strong></span> <span class='ocrx_word' id='word_1_833' title='bbox 3468 4784 3669 4839; x_wconf 75' lang='lat' dir='ltr'><strong>fortasse</strong></span> 
     </span>
    </p>
   </div>
   <div class='ocr_carea' id='block_1_103' title="bbox 2110 4870 3668 4962">
    <p class='ocr_par' dir='ltr' id='par_1_103' title="bbox 2110 4870 3668 4962">
     <span class='ocr_line' id='line_1_103' title="bbox 2110 4870 3668 4962; baseline -0.025 -1"><span class='ocrx_word' id='word_1_834' title='bbox 2110 4906 2269 4962; x_wconf 88' lang='lat' dir='ltr'><strong>etiam</strong></span> <span class='ocrx_word' id='word_1_835' title='bbox 2293 4903 2434 4957; x_wconf 87' lang='lat' dir='ltr'><strong>illius</strong></span> <span class='ocrx_word' id='word_1_836' title='bbox 2459 4870 2699 4952; x_wconf 79' lang='lat' dir='ltr'><strong>absentia</strong></span> <span class='ocrx_word' id='word_1_837' title='bbox 2717 4886 2931 4959; x_wconf 84' lang='lat' dir='ltr'><strong>negotio</strong></span> <span class='ocrx_word' id='word_1_838' title='bbox 2952 4880 3394 4953; x_wconf 84' lang='lat' dir='ltr'><strong>impedimentum</strong></span> <span class='ocrx_word' id='word_1_839' title='bbox 3420 4870 3668 4929; x_wconf 69' lang='lat' dir='ltr'><strong>afferebat.</strong></span> 
     </span>
    </p>
   </div>
   <div class='ocr_carea' id='block_1_104' title="bbox 2112 4966 3668 5066">
    <p class='ocr_par' dir='ltr' id='par_1_104' title="bbox 2112 4966 3668 5066">
     <span class='ocr_line' id='line_1_104' title="bbox 2112 4966 3668 5066; baseline -0.026 -11"><span class='ocrx_word' id='word_1_840' title='bbox 2112 4998 2226 5055; x_wconf 91' lang='lat' dir='ltr'><strong>lloc</strong></span> <span class='ocrx_word' id='word_1_841' title='bbox 2256 5010 2416 5066; x_wconf 91' lang='lat' dir='ltr'><strong>porro</strong></span> <span class='ocrx_word' id='word_1_842' title='bbox 2446 5006 2551 5046; x_wconf 91' lang='lat' dir='ltr'><strong>non</strong></span> <span class='ocrx_word' id='word_1_843' title='bbox 2578 4998 2756 5058; x_wconf 84' lang='lat' dir='ltr'><strong>parvae</strong></span> <span class='ocrx_word' id='word_1_844' title='bbox 2781 4991 2993 5051; x_wconf 88' lang='lat' dir='ltr'><strong>quoque</strong></span> <span class='ocrx_word' id='word_1_845' title='bbox 3020 4967 3379 5029; x_wconf 89' lang='lat' dir='ltr'><strong>consolationi</strong></span> <span class='ocrx_word' id='word_1_846' title='bbox 3403 4966 3531 5037; x_wconf 91' lang='lat' dir='ltr'><strong>ipsis</strong></span> <span class='ocrx_word' id='word_1_847' title='bbox 3554 4968 3668 5017; x_wconf 77' lang='lat' dir='ltr'><strong>erat.</strong></span> 
     </span>
    </p>
   </div>
   <div class='ocr_carea' id='block_1_105' title="bbox 2111 5055 3670 5151">
    <p class='ocr_par' dir='ltr' id='par_1_105' title="bbox 2111 5055 3670 5151">
     <span class='ocr_line' id='line_1_105' title="bbox 2111 5055 3670 5151; baseline -0.027 -4"><span class='ocrx_word' id='word_1_848' title='bbox 2111 5091 2243 5147; x_wconf 86' lang='lat' dir='ltr'><strong>Nam</strong></span> <span class='ocrx_word' id='word_1_849' title='bbox 2272 5087 2338 5151; x_wconf 89' lang='lat' dir='ltr'><strong>si,</strong></span> <span class='ocrx_word' id='word_1_850' title='bbox 2377 5098 2498 5139; x_wconf 92' lang='lat' dir='ltr'><strong>cum</strong></span> <span class='ocrx_word' id='word_1_851' title='bbox 2529 5055 2672 5134; x_wconf 74' lang='lat' dir='ltr'><strong>fores</strong></span> <span class='ocrx_word' id='word_1_852' title='bbox 2703 5074 2812 5129; x_wconf 90' lang='lat' dir='ltr'><strong>illic</strong></span> <span class='ocrx_word' id='word_1_853' title='bbox 2838 5076 3042 5143; x_wconf 70' lang='lat' dir='ltr'><strong>aperta:</strong></span> <span class='ocrx_word' id='word_1_854' title='bbox 3070 5070 3274 5128; x_wconf 90' lang='lat' dir='ltr'><strong>essent,</strong></span> <span class='ocrx_word' id='word_1_855' title='bbox 3303 5068 3467 5128; x_wconf 86' lang='lat' dir='ltr'><strong>atque</strong></span> <span class='ocrx_word' id='word_1_856' title='bbox 3489 5055 3553 5110; x_wconf 91' lang='lat' dir='ltr'><strong>ob</strong></span> <span class='ocrx_word' id='word_1_857' title='bbox 3573 5062 3670 5107; x_wconf 79' lang='lat' dir='ltr'><strong>eam</strong></span> 
     </span>
    </p>
   </div>
   <div class='ocr_carea' id='block_1_106' title="bbox 2114 5149 3673 5239">
    <p class='ocr_par' dir='ltr' id='par_1_106' title="bbox 2114 5149 3673 5239">
     <span class='ocr_line' id='line_1_106' title="bbox 2114 5149 3673 5239; baseline -0.024 0"><span class='ocrx_word' id='word_1_858' title='bbox 2114 5195 2329 5239; x_wconf 87' lang='lat' dir='ltr'><strong>causam</strong></span> <span class='ocrx_word' id='word_1_859' title='bbox 2358 5174 2631 5235; x_wconf 87' lang='lat' dir='ltr'><strong>venisset,</strong></span> <span class='ocrx_word' id='word_1_860' title='bbox 2662 5164 2914 5237; x_wconf 89' lang='lat' dir='ltr'><strong>quoniam</strong></span> <span class='ocrx_word' id='word_1_861' title='bbox 2939 5159 3161 5214; x_wconf 89' lang='lat' dir='ltr'><strong>fratrem</strong></span> <span class='ocrx_word' id='word_1_862' title='bbox 3188 5169 3294 5209; x_wconf 89' lang='lat' dir='ltr'><strong>non</strong></span> <span class='ocrx_word' id='word_1_863' title='bbox 3321 5149 3545 5210; x_wconf 83' lang='lat' dir='ltr'><strong>invenit,</strong></span> <span class='ocrx_word' id='word_1_864' title='bbox 3566 5156 3673 5203; x_wconf 75' lang='grc' dir='ltr'><strong>εωι-</strong></span> 
     </span>
    </p>
   </div>
   <div class='ocr_carea' id='block_1_107' title="bbox 2116 5234 3670 5332">
    <p class='ocr_par' dir='ltr' id='par_1_107' title="bbox 2116 5234 3670 5332">
     <span class='ocr_line' id='line_1_107' title="bbox 2116 5234 3670 5332; baseline -0.032 0"><span class='ocrx_word' id='word_1_865' title='bbox 2116 5275 2295 5332; x_wconf 83' lang='lat' dir='ltr'><strong>festim</strong></span> <span class='ocrx_word' id='word_1_866' title='bbox 2318 5264 2602 5328; x_wconf 89' lang='lat' dir='ltr'><strong>abscessit,</strong></span> <span class='ocrx_word' id='word_1_867' title='bbox 2616 5234 2789 5316; x_wconf 82' lang='lat' dir='ltr'><strong>multo</strong></span> <span class='ocrx_word' id='word_1_868' title='bbox 2804 5253 3008 5325; x_wconf 62' lang='lat' dir='ltr'><strong>sequius</strong></span> <span class='ocrx_word' id='word_1_869' title='bbox 3028 5258 3132 5314; x_wconf 90' lang='lat' dir='ltr'><strong>est,</strong></span> <span class='ocrx_word' id='word_1_870' title='bbox 3146 5244 3338 5317; x_wconf 86' lang='lat' dir='ltr'><strong>inquit,</strong></span> <span class='ocrx_word' id='word_1_871' title='bbox 3356 5256 3454 5297; x_wconf 83' lang='lat' dir='ltr'><strong>vos</strong></span> <span class='ocrx_word' id='word_1_872' title='bbox 3471 5234 3670 5307; x_wconf 71' lang='lat' dir='ltr'><strong>negotio-</strong></span> 
     </span>
    </p>
   </div>
   <div class='ocr_carea' id='block_1_108' title="bbox 2117 5332 3673 5433">
    <p class='ocr_par' dir='ltr' id='par_1_108' title="bbox 2117 5332 3673 5433">
     <span class='ocr_line' id='line_1_108' title="bbox 2117 5332 3673 5433; baseline -0.033 -8"><span class='ocrx_word' id='word_1_873' title='bbox 2117 5382 2235 5424; x_wconf 89' lang='lat' dir='ltr'><strong>rum</strong></span> <span class='ocrx_word' id='word_1_874' title='bbox 2266 5358 2526 5433; x_wconf 86' lang='lat' dir='ltr'><strong>angustiis</strong></span> <span class='ocrx_word' id='word_1_875' title='bbox 2552 5370 2617 5411; x_wconf 85' lang='lat' dir='ltr'><strong>ac</strong></span> <span class='ocrx_word' id='word_1_876' title='bbox 2646 5344 3055 5407; x_wconf 90' lang='lat' dir='ltr'><strong>necessitatibus</strong></span> <span class='ocrx_word' id='word_1_877' title='bbox 3084 5340 3364 5411; x_wconf 87' lang='lat' dir='ltr'><strong>ignoscere</strong></span> <span class='ocrx_word' id='word_1_878' title='bbox 3386 5375 3402 5399; x_wconf 86' lang='lat'><strong>,</strong></span> <span class='ocrx_word' id='word_1_879' title='bbox 3447 5343 3561 5401; x_wconf 69' lang='lat' dir='ltr'><strong>qua!</strong></span> <span class='ocrx_word' id='word_1_880' title='bbox 3594 5332 3673 5376; x_wconf 81' lang='lat' dir='ltr'><strong>nos</strong></span> 
     </span>
    </p>
   </div>
   <div class='ocr_carea' id='block_1_109' title="bbox 2118 5422 3674 5533">
    <p class='ocr_par' dir='ltr' id='par_1_109' title="bbox 2118 5422 3674 5533">
     <span class='ocr_line' id='line_1_109' title="bbox 2118 5422 3674 5533; baseline -0.031 -17"><span class='ocrx_word' id='word_1_881' title='bbox 2118 5464 2549 5533; x_wconf 87' lang='lat' dir='ltr'><strong>quaquaversum</strong></span> <span class='ocrx_word' id='word_1_882' title='bbox 2585 5452 2748 5516; x_wconf 89' lang='lat' dir='ltr'><strong>agunt</strong></span> <span class='ocrx_word' id='word_1_883' title='bbox 2766 5454 2829 5495; x_wconf 91' lang='lat' dir='ltr'><strong>ac</strong></span> <span class='ocrx_word' id='word_1_884' title='bbox 2843 5438 3231 5503; x_wconf 86' lang='lat' dir='ltr'><strong>circumagunt,</strong></span> <span class='ocrx_word' id='word_1_885' title='bbox 3248 5440 3346 5482; x_wconf 89' lang='lat' dir='ltr'><strong>nec</strong></span> <span class='ocrx_word' id='word_1_886' title='bbox 3366 5424 3434 5478; x_wconf 86' lang='lat' dir='ltr'><strong>ad</strong></span> <span class='ocrx_word' id='word_1_887' title='bbox 3459 5434 3549 5476; x_wconf 85' lang='lat' dir='ltr'><strong>eos</strong></span> <span class='ocrx_word' id='word_1_888' title='bbox 3564 5422 3674 5485; x_wconf 72' lang='lat' dir='ltr'><strong>quos</strong></span> 
     </span>
     <span class='ocr_line' id='line_1_110' title="bbox 2919 5508 3672 5533; baseline -0.035 11"><span class='ocrx_word' id='word_1_889' title='bbox 2919 5513 2925 5523; x_wconf 76' lang='grc'><em>’</em></span> <span class='ocrx_word' id='word_1_890' title='bbox 2972 5528 2994 5533; x_wconf 83' lang='lat'><strong>-</strong></span> <span class='ocrx_word' id='word_1_891' title='bbox 3037 5528 3047 5533; x_wconf 94' lang='lat'><strong><em>-</em></strong></span> <span class='ocrx_word' id='word_1_892' title='bbox 3117 5527 3127 5533; x_wconf 95' lang='lat'><strong><em>-</em></strong></span> <span class='ocrx_word' id='word_1_893' title='bbox 3260 5519 3294 5533; x_wconf 76' lang='grc' dir='ltr'>ι.</span> <span class='ocrx_word' id='word_1_894' title='bbox 3341 5518 3373 5533; x_wconf 76' lang='grc' dir='ltr'><strong>,ι</strong></span> <span class='ocrx_word' id='word_1_895' title='bbox 3426 5532 3431 5533; x_wconf 22' lang='grc' dir='ltr'><em>γ</em></span> <span class='ocrx_word' id='word_1_896' title='bbox 3465 5508 3672 5533; x_wconf 46' lang='grc' dir='ltr'><strong>Α⁴-·-⁸ΔΜ</strong></span> 
     </span>
    </p>
   </div>
   <div class='ocr_carea' id='block_1_110' title="bbox 2123 5508 3674 5608">
    <p class='ocr_par' dir='ltr' id='par_1_110' title="bbox 2123 5508 3674 5608">
     <span class='ocr_line' id='line_1_111' title="bbox 2123 5508 3674 5608; baseline -0.032 1"><span class='ocrx_word' id='word_1_897' title='bbox 2123 5508 2365 5608; x_wconf 47' lang='lat' dir='ltr'><strong>venimus</strong></span> <span class='ocrx_word' id='word_1_898' title='bbox 2383 5542 2643 5598; x_wconf 90' lang='lat' dir='ltr'><strong>arbitratu</strong></span> <span class='ocrx_word' id='word_1_899' title='bbox 2661 5544 2847 5590; x_wconf 92' lang='lat' dir='ltr'><strong>nostro</strong></span> <span class='ocrx_word' id='word_1_900' title='bbox 2865 5513 3152 5602; x_wconf 79' lang='lat' dir='ltr'><strong>proficisci,</strong></span> <span class='ocrx_word' id='word_1_901' title='bbox 3166 5538 3227 5577; x_wconf 86' lang='lat' dir='ltr'><strong>ac</strong></span> <span class='ocrx_word' id='word_1_902' title='bbox 3242 5518 3443 5574; x_wconf 88' lang='lat' dir='ltr'><strong>diutius</strong></span> <span class='ocrx_word' id='word_1_903' title='bbox 3459 5508 3586 5582; x_wconf 87' lang='lat' dir='ltr'><strong>apud</strong></span> <span class='ocrx_word' id='word_1_904' title='bbox 3599 5515 3674 5559; x_wconf 66' lang='lat' dir='ltr'><strong>eos</strong></span> 
     </span>
    </p>
   </div>
   <div class='ocr_carea' id='block_1_111' title="bbox 2121 5594 3674 5699">
    <p class='ocr_par' dir='ltr' id='par_1_111' title="bbox 2121 5594 3674 5699">
     <span class='ocr_line' id='line_1_112' title="bbox 2121 5594 3674 5699; baseline -0.033 1"><span class='ocrx_word' id='word_1_905' title='bbox 2121 5641 2320 5699; x_wconf 89' lang='lat' dir='ltr'><strong>morari</strong></span> <span class='ocrx_word' id='word_1_906' title='bbox 2351 5636 2553 5692; x_wconf 89' lang='lat' dir='ltr'><strong>sinunt.</strong></span> <span class='ocrx_word' id='word_1_907' title='bbox 2589 5627 2743 5686; x_wconf 88' lang='lat' dir='ltr'><strong>Unde</strong></span> <span class='ocrx_word' id='word_1_908' title='bbox 2768 5624 2953 5688; x_wconf 88' lang='lat' dir='ltr'><strong>etiam,</strong></span> <span class='ocrx_word' id='word_1_909' title='bbox 2979 5628 3039 5675; x_wconf 87' lang='lat' dir='ltr'><strong>ut</strong></span> <span class='ocrx_word' id='word_1_910' title='bbox 3064 5629 3222 5685; x_wconf 85' lang='lat' dir='ltr'><strong>supra</strong></span> <span class='ocrx_word' id='word_1_911' title='bbox 3259 5606 3488 5679; x_wconf 89' lang='lat' dir='ltr'><strong>spiritui,</strong></span> <span class='ocrx_word' id='word_1_912' title='bbox 3516 5602 3582 5655; x_wconf 81' lang='lat' dir='ltr'><strong>ita</strong></span> <span class='ocrx_word' id='word_1_913' title='bbox 3603 5594 3674 5647; x_wconf 82' lang='lat' dir='ltr'><strong>hic</strong></span> 
     </span>
    </p>
   </div>
   <div class='ocr_carea' id='block_1_112' title="bbox 2122 5689 3674 5807">
    <p class='ocr_par' dir='ltr' id='par_1_112' title="bbox 2122 5689 3674 5807">
     <span class='ocr_line' id='line_1_113' title="bbox 2122 5689 3674 5807; baseline -0.032 -15"><span class='ocrx_word' id='word_1_914' title='bbox 2122 5745 2335 5807; x_wconf 88' lang='lat' dir='ltr'><strong>quoque</strong></span> <span class='ocrx_word' id='word_1_915' title='bbox 2375 5729 2485 5783; x_wconf 88' lang='lat' dir='ltr'><strong>Deo</strong></span> <span class='ocrx_word' id='word_1_916' title='bbox 2528 5716 2993 5795; x_wconf 87' lang='lat' dir='ltr'><strong>peregrinationes</strong></span> <span class='ocrx_word' id='word_1_917' title='bbox 3036 5723 3159 5766; x_wconf 88' lang='lat' dir='ltr'><strong>suas</strong></span> <span class='ocrx_word' id='word_1_918' title='bbox 3197 5700 3540 5762; x_wconf 79' lang='lat' dir='ltr'><strong>adseribeus,</strong></span> <span class='ocrx_word' id='word_1_919' title='bbox 3578 5689 3674 5744; x_wconf 65' lang='lat' dir='ltr'><strong>hac</strong></span> 
     </span>
     <span class='ocr_line' id='line_1_114' title="bbox 2990 5781 3673 5807; baseline -0.029 19"><span class='ocrx_word' id='word_1_920' title='bbox 2990 5806 2997 5807; x_wconf 43' lang='grc' dir='ltr'>ί</span> <span class='ocrx_word' id='word_1_921' title='bbox 3177 5802 3188 5807; x_wconf 92' lang='grc'><strong>·</strong></span> <span class='ocrx_word' id='word_1_922' title='bbox 3435 5801 3446 5807; x_wconf 89' lang='grc'><strong><em>-</em></strong></span> <span class='ocrx_word' id='word_1_923' title='bbox 3481 5790 3493 5801; x_wconf 79' lang='grc'><strong>⁸</strong></span> <span class='ocrx_word' id='word_1_924' title='bbox 3516 5781 3673 5807; x_wconf 41' lang='grc' dir='ltr'><strong>...Α-,ΔΑ</strong></span> 
     </span>
    </p>
   </div>
   <div class='ocr_carea' id='block_1_113' title="bbox 2125 5781 3674 5899">
    <p class='ocr_par' dir='ltr' id='par_1_113' title="bbox 2125 5781 3674 5899">
     <span class='ocr_line' id='line_1_115' title="bbox 2125 5781 3674 5899; baseline -0.031 -12"><span class='ocrx_word' id='word_1_925' title='bbox 2125 5781 2400 5899; x_wconf 45' lang='grc' dir='ltr'><strong>ἔιῖἦιᾘείί</strong></span> <span class='ocrx_word' id='word_1_926' title='bbox 2416 5781 2545 5878; x_wconf 50' lang='lat'><strong>:14:</strong></span> <span class='ocrx_word' id='word_1_927' title='bbox 2558 5781 2847 5873; x_wconf 47' lang='lat' dir='ltr'><strong>Deo&#39;autem</strong></span> <span class='ocrx_word' id='word_1_928' title='bbox 2869 5806 3077 5883; x_wconf 84' lang='lat' dir='ltr'><strong>gratias,</strong></span> <span class='ocrx_word' id='word_1_929' title='bbox 3102 5802 3188 5875; x_wconf 86' lang='lat' dir='ltr'><strong>qui</strong></span> <span class='ocrx_word' id='word_1_930' title='bbox 3215 5810 3411 5866; x_wconf 80' lang='lat' dir='ltr'><strong>semper</strong></span> <span class='ocrx_word' id='word_1_931' title='bbox 3428 5790 3569 5848; x_wconf 79' lang='lat' dir='ltr'><strong>trium</strong></span> <span class='ocrx_word' id='word_1_932' title='bbox 3575 5781 3674 5855; x_wconf 69' lang='grc' dir='ltr'><strong>μω</strong></span> 
     </span>
    </p>
   </div>
  </div>
