3712 6212
89 318 130 374 ἰΊ
1028 303 1096 361 ΙΝ
1134 302 1360 360 EPIST.
1420 303 1465 360 ll
1509 302 1554 357 Α

1028 303 1096 361 ΙΝ
1134 302 1360 360 EPIST.
1420 303 1465 360 ll
1509 301 1601 357 AD
1638 300 1796 359 (ΞΟΠ.
1838 300 2077 358 HOMIL.
2106 303 2170 359 ν.

89 446 163 484 ιτα
182 425 278 488 τοῖς
305 419 816 494 πεπλημμεληκόσιν
835 417 914 483 είς
932 418 1012 472 σέ·
1032 419 1128 472 καὶ
1146 417 1256 489 γὰρ
1277 417 1372 472 καὶ
1394 416 1555 471 τοῦτο

89 517 268 590 ιαρτίας
297 514 495 585 ἀφίησι.
514 513 632 566 Καὶ
661 512 790 582 περί
816 511 916 582 μὲν
942 510 1037 564 τοῦ
1064 508 1330 580 προτέρου
1365 509 1551 580 φησιν,

89 610 189 665 ῗδον
221 608 297 661 ὅτι
317 606 605 674 ἐπορεύθη
631 605 919 675 στυγνὸς,
972 603 1071 658 καὶ
1126 603 1396 672 ἰασάμην
1446 600 1557 667 τὰς

89 705 184 769 *οὺς
207 700 388 755 αὑτοῦ·
424 701 520 753 καὶ
549 700 642 752 ἐπὶ
669 697 764 752 τοῦ
800 696 1006 767 Ἀχαάϐ
1041 696 1099 749 δέ
1125 694 1283 749 τοῦτο
1312 694 1412 766 τὴν
1457 693 1554 764 ὀρ-

90 815 114 847 ν
135 795 271 847 ἔλυσε
304 790 388 844 τοῦ
422 790 583 843 Θεοῦ·
608 790 738 859 περὶ⁵
767 788 825 842 δέ
862 786 956 841 τοῦ
993 785 1273 857 δευτέρου,
1312 786 1551 853 Ἅφετε,

94 883 461 953 ὶάρεθήσεται
495 880 658 950 ὑμῖν.
702 882 859 935 Ἐστι
923 881 1019 934 καὶ
1051 870 1214 933 πάλιν
1267 877 1402 949 άλλη
1437 876 1554 940 ὁδὸς

89 978 157 1031 51o
177 975 395 1045 φέρουσα
418 972 482 1027 τὸ
512 972 802 1044 φάρμακον
826 973 979 1041 ἡμῖν,
1009 972 1043 1042 ή
1074 970 1421 1038 κατάγνωσις
1444 966 1554 1022 τῶν

89 1066 550 1139 πλημμελημένων·
577 1064 727 1134 Λέγε
755 1064 863 1135 γὰρ
889 1062 971 1117 σὺ
1003 1064 1112 1127 τὰς
1149 1062 1406 1132 ἀνομίας
1433 1075 1553 1115 σου

89 1161 237 1226 ὦτος,
274 1160 366 1212 ινα
413 1155 754 1225 δικαιωθῇς.
784 1156 896 1209 Kal
943 1154 1003 1208 τὺ
1048 1154 1235 1218 κακῶς
1277 1153 1554 1224 πάσχοντα

89 1253 318 1325 [αριστεῖν
352 1250 467 1304 λύει
494 1248 565 1303 τὰ
597 1248 990 1319 ἁμαρτήματα,
1023 1246 1119 1300 καὶ
1149 1244 1395 1317 ήπασῶν
1431 1244 1553 1316 μείο

90 1341 478 1413 ιέλεημοσύνη.
522 1339 775 1411 Ἀρίθμει
826 1339 1008 1392 τοίνυν
1044 1338 1115 1391 τά
1172 1338 1441 1407 φάρμακα
1483 1340 1555 1389 τά

89 1434 195 1489 ιενά
219 1450 306 1487 σου
321 1434 385 1487 τὰ
399 1431 710 1503 τραύματα,
735 1431 831 1485 καὶ
848 1430 1025 1486 πάντα
1040 1429 1272 1483 ἐπιτίθει
1290 1427 1551 1498 συνεχῶς,

89 1524 489 1596 ιεινοφροσύνην,
512 1522 923 1594 ἐξομολόγησιν,
953 1522 1014 1577 τὸ
1039 1520 1114 1593 μή
1172 1522 1550 1591 μνησικακεῖν,

89 1620 337 1688 τάσχοντα
362 1615 547 1680 κακῶς
596 1616 957 1687 εὐχαριστεῖν,
1006 1616 1068 1669 τὸ
1093 1614 1263 1668 ἐλεεῖν
1296 1612 1386 1666 διά
1414 1629 1554 1683 χρη-

89 1727 189 1773 των,
238 1707 321 1761 διὰ
367 1707 727 1779 πραγμάτων,
776 1706 839 1760 τὸ
878 1704 1135 1777 εὔχεσθαι
1184 1702 1549 1775 καρτερικῶς.

90 1802 215 1870 νωςή
241 1800 379 1871 χήρα
406 1798 499 1852 τὸν
530 1799 680 1869 ώμδν
709 1798 806 1852 καὶ
840 1797 1027 1868 ἀπηνῆ
1057 1795 1382 1861 ἐξιλεώσατο
1400 1795 1553 1848 δικα-

90 1909 135 1946 ν.
164 1889 227 1942 Εἰ
259 1889 314 1942 δέ
336 1889 519 1960 ἐκείνη
542 1888 635 1942 τὸν
664 1888 876 1953 ἄδικον,
917 1886 1098 1959 πολλῷ
1134 1887 1335 1958 μᾶλλον
1367 1886 1431 1940 σὺ
1458 1885 1552 1940 τὸν

91 1999 201 2054 ρον.
239 1982 391 2035 Ἐστι
420 1981 514 2034 xal
551 1978 714 2050 ἐτέρα
745 1978 885 2048 μετὰ
912 1978 1120 2033 τούτων
1140 1978 1276 2044 ὁδὸς,
1306 1977 1367 2031 τὸ
1416 1995 1552 2048 προ-

89 2074 226 2127 ισθαι
277 2073 383 2127 τῶν
433 2070 843 2142 ἀδικουμένων·
873 2071 1131 2139 Κρίνατε
1173 2069 1305 2142 γὰρ,
1361 2069 1547 2142 φησιν,

3128 296 3255 354 ηε

1660 413 1922 484 ὀρφανῷ,
1962 414 2062 469 καὶ
2108 411 2465 469 δικαιώσατε
2496 413 2715 484 χήραν·
2760 412 2873 477 καὶ,
2912 411 3106 479 δεῦτε,
3143 414 3244 467 καί

1655 505 2084 576 διαλεχθῶμεν,
2126 505 2226 559 καὶ
2265 505 2375 560 ἐὰν
2390 499 2502 559 ὦσι
2557 507 2617 559 αὶ
2656 504 2935 574 ἁμαρτίαι
2965 502 3138 572 ὑμῶν
3162 502 3247 568 ὡς

1654 596 1992 667 φοινικοῦν,
2026 597 2109 664 ὡς
2161 597 2337 666 χιόνα
2366 594 2665 651 λευκανῶ.
2704 596 2873 659 Ποίας
2904 588 2998 648 οὖν
3027 593 3094 648 ἂν
3124 593 3245 662 εἴη·

1658 705 1758 760 μεν
1799 688 2097 758 ἀπολογίας
2146 690 2308 756 ἄξιοι,
2346 690 2395 741 εἰ
2424 687 2690 751 τοσαύτας
2731 687 2944 757 ἔχοντες
2984 686 3135 748 ὁδοὺς
3165 686 3245 749 εἰς

1654 781 1746 835 τὸν
1765 781 1994 853 οὐρανὸν
2026 781 2355 851 ἀναγούσας,
2384 780 2480 835 καὶ
2514 779 2741 833 τοιαῦτα
2774 779 3048 851 φάρμακα
3081 776 3244 845 ἰώμε-

1654 889 1721 926 να
1748 873 1818 926 τὰ
1845 872 2155 944 τραύματα,
2209 871 2303 925 καὶ
2361 871 2502 942 μετά
2550 870 2612 924 τὸ
2646 870 2869 942 λουτρὸν
2907 870 3017 931 τοῖς
3061 867 3244 929 αὐτοῖς

1655 963 2018 1035 ἐπιμένομεν;
2050 963 2142 1037 Μὴ
2168 964 2349 1018 τοίνυν
2377 964 2746 1035 ἐπιμένωμεν,
2784 960 2899 1015 ἀλλ’
2930 960 2980 1012 οἰ
3005 958 3103 1030 μὲν
3138 973 3245 1027 μη-

1654 1053 1801 1108 δέπω
1855 1055 2135 1120 πεσόντες,
2181 1056 2241 1109 ἐν
2290 1054 2370 1126 τῷ
2418 1054 2606 1126 οἰκείῳ
2661 1054 2973 1125 μενέτωσαν
3030 1047 3239 1111 κάλλει,

1658 1149 1861 1219 μᾶλλον
1899 1149 1956 1203 δὲ
1998 1149 2255 1203 ἐπιπλέον
2305 1150 2647 1203 ἀσκείτωσαν
2671 1146 2849 1201 τοῦτο’
2890 1145 3005 1200 κᾶν
3018 1143 3128 1214 γὰρ
3165 1142 3242 1213 μὴ

1655 1238 1791 1313 εὕρῃ
1845 1242 2240 1315 ἁμαρτήματα,
2290 1242 2449 1296 ταυτὶ
2478 1241 2549 1296 τά
2581 1237 2995 1311 κατορθώματα,
3017 1234 3242 1289 πλείονα

1655 1335 1803 1386 ποιεῖ
1826 1333 1926 1404 τὴν
1969 1334 2270 1406 εὐμορφίαν
2289 1349 2303 1365 °
2347 1336 2511 1405 ἡμεῖς
2534 1334 2591 1388 δὲ
2636 1334 2686 1387 οἰ
2709 1330 2882 1385 πολλά
2912 1328 3240 1397 πεπλημμε-

1654 1421 1902 1493 ληκότες,
1944 1426 2023 1487 είς
2075 1424 2173 1494 τὴν
2216 1423 2326 1478 τῶν
2356 1422 2773 1496 ἁμαρτημάτων
2800 1419 3085 1492 διόρθωσιν
3106 1432 3244 1487 χρη-

1657 1514 1881 1585 σώμεθα
1916 1519 2031 1579 τοῖς
2067 1515 2379 1586 εἰρημένοις
2412 1515 2583 1590 [465],
2623 1516 2710 1571 ἵνα
2773 1513 2852 1586 τῷ
2888 1512 3094 1584 βήματι
3141 1506 3255 1562 τοῦ.

1653 1607 1891 1677 Χριστοῦ
1934 1608 2074 1677 μετά
2131 1609 2445 1681 παρρησίας
2482 1608 2856 1681 παραστῶμεν
2896 1606 3098 1675 πολλῆς
3124 1620 3138 1634 ⁶
3169 1600 3253 1678 ἧς

1654 1699 1866 1769 γένοιτο
1894 1700 2104 1764 πάντας
2140 1702 2289 1772 ήμᾶς
2335 1705 2633 1774 ἐπιτυχεῖν,
2667 1703 2853 1775 χάριτι
2905 1700 3000 1754 καὶ
3050 1698 3241 1769 φιλαν-

1652 1792 1872 1864 θρωπίᾳ
1896 1792 1990 1846 τοῦ
2010 1792 2219 1864 Κυρίου
2241 1794 2399 1864 ήμῶν
2430 1794 2607 1867 Ἰησοῦ
2635 1793 2898 1865 Χριστοῦ,
2928 1792 3045 1865 μεθ’
3067 1787 3128 1846 οῦ
3159 1791 3240 1861 τῷ

1651 1883 1829 1955 Πατρὶ
1862 1882 1979 1956 ἅμα
2025 1883 2104 1956 τῷ
2150 1884 2291 1953 ἁγίῳ
2329 1885 2609 1956 Πνεύματι
2644 1886 2795 1954 δόξα,
2827 1887 3049 1956 κράτος,
3078 1881 3236 1954 τιμὴν

1649 1976 1744 2030 νῦν
1798 1978 1893 2031 καὶ
1944 1977 2065 2044 ἀεὶ,
2132 1977 2226 2031 καὶ
2272 1978 2354 2042 εἰς
2394 1980 2520 2043 τοὺς
2579 1978 2786 2045 αἰῶνας
2841 1980 2952 2035 τῶν
2998 1977 3233 2034 αἰώνων.

1661 2070 1860 2141 Ἀμήν.

1460 2620 1707 2675 OMIAIA
1733 2621 1813 2677 E'.

89 2788 193 2843 ἰὼν
219 2789 301 2843 δὲ
317 2791 405 2856 εἰς
428 2788 548 2857 τὴν
582 2787 820 2859 Τρωάδα
851 2789 939 2855 είς
960 2786 1028 2842 τὸ
1056 2787 1417 2856 εὐαγγέλιον
1439 2786 1549 2842 τοῦ

89 2877 325 2945 οιστοῦ,
356 2878 452 2931 καί
482 2879 666 2946 θύρας
685 2895 788 2948 μοι
821 2875 1204 2947 ἀνεῳγμένης
1232 2876 1304 2929 ἐν
1329 2876 1549 2944 Κυρίῳ,

90 2988 134 3023 κ
178 2971 427 3038 ἔσχηκα
473 2968 689 3023 ἄνεσιν
730 2967 812 3034 τῷ
857 2969 1156 3038 πνεύματί
1192 2985 1334 3039 μου,
1362 2967 1441 3034 τῷ
1462 2968 1548 3038 μὴ

89 3061 224 3129 ρεῒν
241 3079 323 3132 με
353 3062 521 3116 Τίτον
545 3063 653 3116 τὸν
675 3061 946 3131 ἀδελφόν
966 3078 1105 3131 μου.

102 3174 310 3229 Ταῦτα
329 3174 480 3229 δοκεῖ
497 3174 596 3245 μέν
615 3174 809 3240 ἀνάξια
828 3169 966 3229 εἶναι
983 3174 1196 3228 Παύλου
1218 3174 1286 3228 τά
1305 3175 1548 3247 ῥήματα,

95 3267 111 3287 ’
147 3266 439 3320 ἀπουσίαν
479 3266 714 3337 ἀδελφοῦ
739 3266 1017 3337 τοσαύτην
1052 3267 1340 3338 προήκατο
1369 3284 1550 3338 σωτηο

90 3375 106 3390 σ
151 3358 323 3411 δοκεῖ
356 3358 415 3412 δέ
454 3359 550 3412 καὶ
574 3359 675 3430 τῆς
710 3358 1033 3423 ἀκολουθίας
1076 3359 1449 3431 ἀπηρτῆσθαι.
1481 3360 1548 3413 Τί

110 3448 400 3519 βούλεσθε
441 3449 707 3520 πρότερον
737 3449 1111 3521 ἀποδείξωμεν
1136 3488 1152 3514 ,
1183 3450 1266 3503 ὅτι
1293 3450 1392 3520 τῆς
1415 3450 1547 3504 ἀκο-

89 3558 159 3605 ας
192 3541 523 3613 ιὶ¹λρτηται.,ἢ
550 3543 631 3596 ὅτι
660 3542 811 3598 οὐδὲν
830 3541 1051 3608 ἀνάξιον
1071 3543 1297 3616 εἴρηκεν
1322 3544 1544 3613 ἐαυτοῦ;

89 3632 296 3685 ιδοκεί
312 3632 375 3685 τὸ
393 3631 649 3702 δεύτερον
676 3649 691 3695 ἡ
728 3631 871 3685 οὔτω
902 3631 1013 3701 γὰρ
1046 3633 1269 3686 κάκεῖνο
1304 3634 1437 3704 ἡμῖν
1455 3632 1547 3685 εύ-

89 3739 257 3793 τερον
300 3721 457 3776 ἔσται
496 3722 591 3777 καὶ
620 3722 978 3794 σαφέστερον.
1012 3724 1139 3787 Πῶς
1176 3719 1270 3779 06v
1309 3726 1547 3796 ἤρτηται

89 3816 386 3887 προτέρων
418 3814 627 3882 ταῦτα;
670 3814 1141 3887 ’Δναμνησθῶμεν
1183 3816 1362 3871 αὐτῶν
1398 3816 1546 3871 ἐκεί-

89 3908 193 3961 καὶ
219 3904 418 3970 οὕτως
448 3906 711 3977 εἰσόμεθα
742 3905 923 3961 τοῦτο.
944 3906 1082 3961 Τίνα
1111 3901 1207 3961 οῦν
1231 3902 1300 3979 ἦν
1325 3906 1395 3961 τά
1416 3908 1547 3981 πρό-

89 4020 99 4067 ;
172 4002 387 4072 Ἀπερ
434 4001 622 4070 ἔλεγεν
676 4000 1018 4072 ἀρχόμενος’
1059 4002 1141 4054 Οὺ
1171 4000 1326 4055 θέλω
1384 4000 1542 4072 ὑμᾶς

94 4095 167 4147 ἵν
218 4093 398 4162 ὑπὲρ
456 4093 567 4162 τῆς
622 4094 909 4162 θλίψεως,
952 4093 1109 4163 φησί,
1159 4092 1270 4163 τῆς
1303 4092 1542 4163 γενομέ-

89 4185 237 4254 ᾒμῖν
270 4185 354 4238 ἐν
392 4183 469 4253 τῇ
518 4186 712 4253 Ἀσίᾳ,
754 4184 842 4238 ὅτι
868 4186 1002 4238 καθ’
1034 4184 1383 4253 ὑπερϐολὴν
1403 4184 1540 4239 ἐϐα-

90 4304 202 4341 ιεν
250 4285 423 4354 ὑπὲρ
457 4285 753 4356 δύναμιν
799 4288 894 4339 καὶ
925 4282 1106 4349 δείξας
1135 4285 1252 4349 πῶς
1297 4284 1542 4354 ἀπηλλά-

89 4380 153 4431 :l
198 4377 289 4432 τὰ
317 4378 382 4430 ἐν
414 4377 567 4449 μέσῳ
598 4377 915 4449 παρενθεὶς,
956 4376 1273 4447 ἀναγκαίως
1296 4377 1541 4432 διδάσκει

89 4472 195 4523 ὅτι
258 4469 370 4523 καὶ
410 4469 613 4540 ἑτέρως
648 4468 857 4541 ἐθλίϐη.
888 4468 1014 4533 Πῶς
1044 4469 1275 4523 καὶτίνι
1306 4471 1494 4540 τρόπῳ
1520 4485 1537 4533 ;

89 4582 110 4629 γ
155 4563 383 4633 εὑρεῖν
406 4561 584 4616 Τίτον.
622 4562 805 4616 Δεινὸν
846 4562 948 4632 μὲν
966 4562 1076 4633 γὰρ
1109 4562 1203 4615 καὶ
1231 4562 1416 4615 ίκανδν
1436 4580 1538 4615 κα-

89 4658 173 4708 ιῖν
208 4652 440 4725 ψυχὴν,
476 4652 656 4707 καὶτὸ
690 4653 1034 4725 πειρασμοὺς
1064 4651 1387 4723 ὑπομένειν·
1408 4652 1538 4705 ὅταν

90 4788 91 4795 η
128 4749 168 4800 ὀ
228 4744 752 4816 παραμυθούμενος
805 4743 881 4815 μὴ
904 4739 962 4819 ᾖ,
993 4744 1086 4798 καὶ
1137 4744 1439 4815 δυνάμενος
1476 4744 1539 4798 τὸ

90 4858 114 4892 ν
182 4836 664 4905 συνδιενεγκεῖν,
716 4834 924 4908 μείζων
965 4835 1176 4905 γίνεται
1233 4836 1263 4888 δ
1305 4834 1534 4908 χειμών.

89 4930 162 4982 δὲ
214 4926 413 4991 αὐτός
455 4929 626 4994 ἐστιν,
667 4928 726 4981 ὃν
760 4944 896 4998 φησι
932 4925 1137 4999 προῖὼν
1192 4928 1321 4999 παρ’
1356 4926 1537 4982 αὺτῶν

91 5042 113 5076 ι
149 5020 337 5093 πρὸς
369 5020 557 5085 αὑτὸν,
614 5022 710 5074 καὶ
739 5021 869 5091 περί
894 5012 956 5073 06
993 5020 1164 5075 πολλά
1189 5020 1283 5074 καὶ
1317 5019 1536 5091 μεγάλα

89 5127 278 5182 εεται
320 5108 601 5179 ἐγκώμια,
630 5108 737 5162 ’καὶ
781 5109 840 5163 ὃν
869 5108 1072 5181 έσρησεν
1100 5109 1529 5165 ἀπεσταλκέναι.

103 5201 352 5256 τοίνυν
399 5200 724 5272 βουλόμενος
754 5201 836 5254 ὅτι
874 5200 968 5257 καὶ
1015 5200 1189 5272 ταύτῃ
1223 5200 1290 5254 δι’
1330 5200 1532 5263 αὐτοὺς

164 5291 393 5347 ταῦτα
446 5295 689 5365 εἴρηκεν.
725 5290 848 5346 Ὀτι
903 5292 1005 5363 μὲν
1034 5288 1127 5347 οῦν
1159 5294 1392 5367 ἤρτηται
1416 5292 1525 5350 τῶν

90 5400 177 5435 ον
201 5379 305 5435 τὰ
322 5381 619 5452 εἰρημένα,
643 5381 802 5450 δῆλον
836 5380 901 5433 ἐκ
920 5381 1130 5439 τούτων
1154 5398 1169 5413 ο
1198 5384 1282 5436 ὅτι
1303 5382 1361 5437 δὲ
1400 5381 1525 5442 ούδέ

101 5472 416 5538 Παύλου,
460 5476 556 5528 καὶ
597 5473 756 5529 τοῦτο
810 5474 981 5541 δεῖξαι
1026 5476 1385 5548 πειράσομαι.
1445 5478 1520 5533 Οὐ

89 5582 182 5618 ἐι
204 5604 236 5629 ,
273 5564 373 5616 ὄτι
415 5565 692 5618 ἐνεπόδισε
718 5567 784 5637 τῇ
815 5566 1059 5637 σωτηρίᾳ
1090 5566 1201 5620 τῶν
1233 5568 1521 5637 προσιέναι

92 5674 207 5709 ων
244 5654 298 5723 ἡ
339 5654 581 5708 ἀπουσία
631 5655 813 5721 Τίτου,
850 5656 959 5709 οὐδ’
999 5657 1082 5709 ότι
1124 5656 1345 5726 παρεῖδε
1393 5658 1521 5719 τοὺς

90 5761 336 5808 anna;
362 5744 453 5816 διὰ
467 5744 648 5813 τοῦτο,
666 5745 782 5801 ἀλλ’
798 5748 894 5831 ἑτι
913 5746 1014 5801 οὐκ
1042 5745 1277 5825 ἔσχηκεν
1306 5747 1515 5815 ἄνεσιν,

1654 2790 1936 2847 τουτέστιν
1982 2793 2194 2867 ἐθλίόη,
2243 2797 2497 2869 ώδυνήθη
2547 2799 2638 2853 διὰ
2688 2801 2788 2871 τὴν
2827 2802 3096 2858 ἀπουσίαν
3138 2803 3243 2859 τοῦ

1653 2882 1884 2952 ἀδελφοῦ
1910 2925 1925 2951 ,
1959 2885 2176 2950 δεικνὺς
2224 2889 2349 2943 ὅσον
2390 2890 2538 2944 ἐστὶν
2568 2891 2800 2961 ἀδελφοῦ
2828 2895 3065 2949 ἀπουσία
3087 2914 3101 2928 ’
3139 2900 3235 2952 καὶ

1650 2975 1741 3030 διὰ
1779 2975 1939 3031 τοῦτο
1963 2977 2207 3050 ἀπῆλθεν
2229 2981 2461 3037 ἐκεῖθεν.
2496 2983 2562 3037 Τί
2594 2985 2652 3039 δέ
2686 2987 2870 3051 ἐστιν,
2912 2987 3142 3043 Ἐλθὼν
3163 2990 3245 3045 δὲ,

1651 3067 1740 3132 είς
1803 3066 1920 3135 τὴν
1953 3067 2191 3136 Τρωάδα
2212 3072 2302 3137 είς
2337 3071 2406 3126 τὸ
2436 3075 2832 3144 εὐαγγέλιον;
2869 3078 2981 3149 Οὐχ
3012 3079 3238 3144 ἁπλῶςι

1651 3155 1841 3225 φησὶν,
1858 3155 2202 3229 ἐπεδήμησα,
2227 3159 2341 3213 ἀλλ’
2363 3160 2506 3216 ὥστε
2527 3164 2785 3235 κηρῦξαι.
2804 3167 2946 3221 Ἀλλ’
2963 3170 3113 3240 ὅμως
3136 3172 3231 3225 καὶ

1653 3247 1743 3302 διὰ
1781 3247 1945 3302 τοῦτο
1975 3250 2169 3319 ἐλθὼν,
2197 3254 2295 3307 καὶ
2318 3254 2496 3327 εὑρὼν
2516 3256 2676 3328 ἔργον
2709 3259 2967 3330 μέγιστον
2985 3279 3000 3294 ο
3038 3265 3232 3333 Θὺρας

1649 3339 1757 3411 γάρ
1772 3358 1876 3410 μοι
1888 3341 2273 3413 ἀνεῳγμένης
2290 3347 2363 3401 ἐν
2377 3349 2589 3417 Κυρίῳ,
2605 3352 2718 3405 οὐκ
2738 3351 2974 3422 ἔσχηκα
2995 3354 3229 3424 ἄνεσιν,

1651 3434 1820 3503 φησίν
1848 3451 1862 3465 ⁸
1901 3435 1964 3489 οὐ
2004 3436 2111 3514 μὴν
2155 3438 2244 3494 διὰ
2279 3440 2436 3495 τοῦτο
2485 3444 2762 3499 ἐνεπόδισε
2794 3447 2856 3500 τὸ
2900 3448 3078 3521 ἔργον.
3106 3450 3233 3516 Πῶς

1648 3521 1741 3580 οὖν
1757 3525 1904 3600 [466]
1923 3546 2109 3601 φησιν,
2123 3532 2205 3585 ὅτι
2223 3532 2701 3605 Ἀποταξάμενος
2715 3540 2921 3608 αὐτοῖς
2934 3541 3229 3612 ἐξῆλθον;

1650 3618 1965 3687 Τουτέστιν,
2014 3623 2075 3676 οὐ
2122 3623 2375 3697 διέτριψα
2422 3629 2647 3684 πλείονα
2685 3632 2877 3703 χρόνον
2898 3675 2914 3701 ,
2963 3652 3229 3708 στενοχω-

1653 3710 1953 3783 ρούμενος,
1988 3714 2347 3788 ὀδυνώμενος.
2400 3722 2563 3786 Ἴσως
2594 3722 2652 3777 δὲ
2680 3725 2776 3778 καὶ
2808 3727 3149 3794 ἐνεποδίζετο
3168 3730 3230 3784 τὸ

1649 3802 1831 3875 ἔργον,
1869 3806 2083 3861 ἐκείνου
2112 3809 2364 3876 ἀπόντος.
2408 3812 2581 3868 Τοῦτο
2617 3815 2675 3869 δέ
2704 3816 2765 3871 οὐ
2792 3819 2966 3890 μικρὰ
2983 3823 3078 3875 καὶ
3107 3822 3228 3876 τού-

1647 3911 1761 3958 τοις
1805 3896 2151 3968 παραμυθία.
2199 3900 2265 3954 Εἰ
2333 3902 2442 3977 γὰρ
2492 3905 2612 3958 ἐκεῖ
2637 3905 2808 3978 θύρας
2841 3910 3224 3982 ἀνεῳγμένης,

1648 3986 1744 4039 καὶ
1784 3988 1866 4052 εἰς
1902 3988 2060 4043 τοῦτο
2094 3990 2287 4059 ἐλθὼν,
2324 3993 2513 4066 ἐπειδὴ
2537 3995 2629 4049 τὸν
2652 3997 2881 4069 ἀδελφόν
2911 4002 3010 4073 οὐχ
3041 3997 3222 4074 εὗρεν,

1648 4076 1973 4149 ἀπεπήδησε
1991 4082 2229 4151 ταχέως,
2258 4084 2441 4155 πολλῷ
2472 4086 2672 4157 μᾶλλον
2704 4089 2868 4159 ὑμᾶς,
2897 4095 3052 4163 φησὶ,
3095 4111 3227 4164 συγ-

1645 4168 1941 4237 γινώσκειν
2016 4173 2124 4245 χρὴ
2203 4177 2324 4239 ταῖς
2374 4176 2483 4231 τῶν
2542 4182 2885 4251 πραγμάτων
2953 4185 3223 4254 ἀνάγκαις

1643 4261 1908 4330 ἀγούσαις
1939 4263 2038 4317 καὶ
2060 4267 2452 4337 περιαγούσαις
2483 4272 2631 4341 ἡμᾶς
2656 4274 2958 4345 πανταχοῦ,
2988 4278 3084 4330 καὶ
3121 4278 3223 4334 οὐκ

1642 4353 1844 4419 ἐώσαις
1864 4396 1881 4422 ,
1915 4355 1992 4420 ὡς
2022 4356 2326 4428 βουλόμεθα
2353 4398 2369 4423 ,
2400 4359 2523 4414 οὔτε
2552 4362 2858 4435 ἀποδημεῖν
2887 4365 3014 4420 οὔτε
3042 4368 3220 4422 ἐνδια-

1639 4446 1853 4516 τρίϐειν
1896 4442 1979 4513 οἷς
2020 4448 2087 4503 ἂν
2142 4450 2418 4522 ἐθέλωμεν
2459 4455 2739 4510 ἐπιπλέον.
2782 4457 2873 4512 Διὸ
2898 4460 2989 4513 καὶ
3020 4460 3216 4528 ἐπάγει

1641 4539 1804 4594 πάλιν
1829 4580 1844 4605 ,
1870 4539 2061 4612 ὥσπερ
2095 4541 2208 4596 ἄνω
2240 4542 2317 4614 τῷ
2357 4544 2660 4616 Πνεύματι.
2692 4547 2840 4606 οὕτω
2862 4550 2959 4608 καὶ
2982 4552 3235 4609 ἐνταῦθα.

1637 4631 1717 4702 τῷ
1758 4631 1878 4703 Θεῷ
1922 4632 2023 4698 τὰς
2073 4634 2385 4706 ἀποδημίας
2422 4637 2721 4707 ἀνατιθεὶς,
2750 4641 2843 4698 καὶ
2864 4641 3037 4712 λέγων
3062 4659 3076 4673 ·
3136 4644 3220 4713 Τῷ

1638 4722 1708 4775 δὲ
1750 4722 1874 4791 Θεῷ
1918 4723 2094 4794 χάρις
2136 4725 2217 4791 τῷ
2243 4725 2504 4783 πάντοτε
2524 4729 2682 4800 ἡμᾶς
2711 4734 3121 4803 θριαμϐεύοντι
3146 4737 3218 4790 ἐν

1636 4813 1718 4881 τῷ
1745 4816 2004 4884 Χριστῷ,
2071 4819 2169 4873 καί
2218 4818 2337 4888 τὴν
2361 4820 2567 4892 ὀσμὴν
2586 4822 2701 4893 τῆς
2722 4824 3001 4895 γνώσεως
3026 4830 3237 4885 αὐτοῦρ

1634 4909 1995 4978 φανεροῦντι
2023 4908 2098 4964 δι’
2128 4910 2297 4980 ἡμῶν
2317 4913 2388 4967 ἑν
2415 4915 2594 4972 παντὶ
2622 4918 2799 4981 τόπῳ.
2840 4919 2958 4974 Ἵνα
2989 4920 3100 4997 τὰρ
3134 4922 3214 4995 μὴ

1633 4998 1758 5073 δόξῃ
1786 5002 1861 5065 ώς
1888 5002 2104 5075 θρηνῶν
2149 5006 2324 5061 ταῦτα
2349 5006 2743 5079 ἀποδύρεσθαι,
2766 5010 2930 5084 χάριν
2963 5014 3210 5085 ἀναπέμ-

1634 5113 1726 5149 πει
1758 5096 1837 5167 τῷ
1856 5095 2072 5167 Θεῷ.Ὃ
2098 5097 2154 5155 δέ
2179 5098 2346 5169 λέγει,
2372 5100 2529 5155 τοῦτό
2549 5102 2692 5159 ἐστι’
2713 5104 2989 5177 πανταχοῦ
3015 5105 3215 5177 θλίψις,
3260 5097 3264 5102 ’

1634 5188 1913 5259 πανταχοῦ
1937 5190 2301 5265 στενοχωρία’
2326 5186 2490 5269 ἦλθον
2524 5193 2605 5257 εἰς
2636 5193 2737 5266 τὴν
2775 5197 2983 5263 Ἀσίαν,
3005 5198 3211 5270 ἐϐαρή-

1635 5279 1735 5354 θην
1767 5280 1909 5350 ὑπὲρ
1930 5279 2163 5352 δύναμιν
2182 5297 2195 5311 ·
2233 5278 2396 5353 ἦλθον
2419 5286 2498 5348 είς
2520 5284 2618 5356 τὴν
2642 5286 2891 5358 Τρωάδα,
2923 5290 3023 5360 οὐχ
3051 5286 3212 5362 εὗρον

1632 5373 1724 5426 τὸν
1749 5372 1979 5442 ἀδελφόν
2000 5390 2015 5407 ο
2062 5373 2163 5427 οὐκ
2187 5370 2351 5447 ἦλθον
2386 5378 2528 5448 πρὸς
2564 5379 2745 5450 ὑμᾶς’
2776 5380 2838 5434 οὐ
2874 5382 3079 5454 μικράν
3119 5400 3210 5454 μοι

1633 5467 1726 5522 ml
1769 5464 1927 5520 10610
1974 5466 2214 5539 ἀθυμίαν
2248 5469 2564 5541 ἐνεποίησεν
2596 5512 2613 5538 ,
2660 5473 2799 5528 ἀλλά
2849 5474 2944 5529 καὶ
3001 5475 3211 5547 σφόδρα

1635 5557 1902 5630 μεγάλην,
1945 5559 2041 5611 καὶ
2083 5558 2160 5630 τῷ
2205 5560 2437 5625 πολλοὺς
2468 5564 2857 5635 ἡμαρτηκέναι
2889 5567 3021 5637 παρ’
3056 5566 3207 5636 ὑμῖν,

1630 5652 1726 5706 καὶ
1778 5651 1854 5724 τῷ
1898 5652 1989 5706 διὰ
2025 5651 2186 5711 τοῦτο
2228 5655 2373 5725 ὑμᾶς
2401 5655 2475 5725 μὴ
2521 5657 2653 5728 όρᾷν
2674 5674 2687 5688 ⁸
2715 5657 3071 5726 Φειδόμενος
3101 5656 3211 5728 γάρ

1630 5745 1815 5817 ὑμῶν,
1856 5745 2056 5803 οὐκέτι
2084 5742 2276 5818 ἦλθον
2290 5752 2381 5816 είς
2409 5748 2719 5819 Κόρινθον,
2763 5749 2953 5821 φησίν.
2993 5749 3091 5804 Ἵν⁹
3113 5745 3209 5804 οἶιν
