3712 6212
91 308 145 364 :39
1046 302 1114 359 ΙΝ
1151 300 1372 358 EPIST.
1413 297 1456 353 ll
1519 296 1614 354 AD
1640 297 1813 358 'COR.
1855 304 2089 365 HOMIL.
2134 311 2201 368 V.

92 448 125 484 is
143 429 184 481 in
203 424 372 480 Christo
388 420 424 476 l
427 437 535 489 esu,
556 430 603 476 et
623 420 810 475 bonum
830 421 1036 475 odorem
1055 420 1248 476 notitiw
1269 436 1377 476 sui:
1400 421 1568 475 niani-

91 527 169 575 stat
187 530 352 587 perna:
367 514 418 568 in
438 514 577 569 omni
601 513 733 568 loco.
756 513 963 569 Etenim
987 528 1054 567 ne
1078 521 1349 582 tamquam
1375 513 1566 582 lugens

91 626 139 666 ec
152 608 394 677 deplorare
412 605 674 670 videatur,
695 605 893 676 gratias
920 604 1030 659 Deo
1052 604 1180 673 agit.
1205 603 1360 671 Quod
1381 614 1562 658 autem

91 714 128 767 ι,
170 699 289 753 hunc
332 712 544 753 sensum
598 696 1025 766 habetmbique
1072 694 1312 762 afﬂictio,
1367 695 1562 764 ubique

95 792 242 846 xietas
263 807 275 844 :
296 790 405 844 veni
434 790 487 844 in
514 789 717 853 Asiam,
744 798 995 857 gravatus
1033 801 1152 843 sum
1194 801 1356 857 supra
1384 787 1558 842 vires:

93 885 135 938 ni
177 882 411 937 Troadem
432 924 447 948 ,
479 882 700 937 fratrem
733 898 839 936 non
869 880 1046 936 inveni
1075 898 1090 934 :
1118 879 1186 934 ad
1218 895 1312 936 vos
1341 897 1447 936 non
1478 895 1563 936 ve-

97 975 225 1041 ;hoc
249 990 444 1044 quoque
471 989 578 1028 non
611 988 861 1042 parvam,
912 973 1021 1027 imo
1071 986 1321 1042 perquam
1369 972 1559 1042 ingen-

91 1086 119 1123 n
147 1068 423 1122 maestitiam
448 1068 577 1121 mihi
608 1067 801 1122 attulit.
836 1066 1080 1136 llludque
1119 1074 1382 1137 praeterea
1416 1064 1559 1136 quod

91 1160 153 1214 ulti
168 1157 291 1227 apud
310 1174 397 1213 vos
418 1160 777 1229 peccaverint,
798 1174 970 1229 eaque
993 1159 1144 1225 mihi,
1165 1175 1262 1214 cur
1281 1174 1379 1213 vos
1403 1159 1560 1213 mini-

92 1278 93 1299 ι
112 1251 335 1313 viderim,
357 1265 513 1305 causa
538 1251 725 1306 fuerit:
756 1250 980 1304 Parcens
1001 1252 1143 1305 enim
1164 1251 1301 1304 vobis
1323 1268 1425 1305 non
1444 1251 1561 1304 veni

91 1342 282 1396 'intlmm
306 1343 323 1413 (
346 1342 399 1395 2.
432 1341 552 1397 Cor.
602 1343 653 1397 1.
700 1342 811 1411 25)
839 1383 854 1407 ,
887 1343 1076 1410 inquit.
1118 1341 1299 1408 Quare
1341 1357 1409 1395 ne
1443 1342 1559 1396 lucc

91 1453 96 1464 -
132 1432 533 1501 deplorationem
573 1432 756 1487 dicere
804 1431 1083 1487 videretur
1107 1473 1123 1497 ,
1166 1430 1348 1488 subdit
1381 1450 1394 1484 :
1439 1430 1554 1485 Non

91 1525 154 1579 do
178 1540 275 1578 non
298 1525 534 1579 dolemus
559 1525 609 1579 in
632 1523 780 1579 hisce
804 1523 1254 1589 tribulationibus,
1277 1522 1371 1578 sed
1392 1522 1556 1578 etiam

96 1617 275 1671 demus
303 1634 316 1668 :
350 1615 600 1686 quodque
627 1616 802 1684 majus
832 1623 952 1679 est,
996 1630 1105 1670 non
1144 1614 1306 1669 modo
1337 1624 1558 1683 propter

92 1723 161 1761 ira
190 1708 423 1775 praemia,
476 1707 570 1763 sed
611 1706 770 1762 etiam
812 1706 883 1760 ob
921 1706 1240 1775 praesentia;
1292 1705 1555 1775 siquidem

117 1813 318 1868 quoque
368 1799 436 1853 ob
480 1813 599 1852 eam
656 1810 873 1853 causam
921 1798 1050 1853 clari
1102 1806 1264 1868 atque
1318 1798 1556 1852 illustres

92 1903 185 1942 lUS.
225 1887 476 1955 Quocirca
520 1897 724 1942 tantum
766 1888 920 1943 abest
950 1896 1007 1941 ut
1035 1887 1181 1943 luctu
1213 1886 1510 1942 afﬁciamur
1536 1927 1552 1952 ,

91 1979 222 2031 :tiam
246 1979 563 2047 triumphum
592 1994 705 2033 rem
731 1979 888 2034 istam
909 1978 1238 2047 appellemus
1257 2017 1274 2043 ,
1304 1985 1464 2047 atque
1485 1978 1557 2032 oh

91 2088 179 2140 [me
202 2071 509 2141 contingunt
530 2072 841 2141 gloriemur.
870 2070 1056 2141 quue
1082 2070 1300 2125 nomine
1320 2070 1554 2136 dicebat,

91 2165 185 2217 tias
226 2174 388 2217 autem
432 2164 576 2229 Deo,
618 2166 702 2232 qui
751 2178 949 2233 semper
975 2165 1252 2235 triumphat
1289 2181 1421 2229 nos;
1452 2164 1555 2219 hoc

131 2256 218 2325 qui
272 2271 366 2310 nos
407 2256 545 2325 apud
594 2268 784 2313 omnes
826 2255 1137 2325 splendidos
1185 2256 1379 2311 reddit.
1418 2256 1553 2311 Nam

92 2347 111 2401 i
162 2346 443 2403 dedecoris
491 2348 727 2417 speciem
773 2349 974 2413 habet,
1021 2348 1277 2402 nimirum
1319 2347 1555 2416 undique

100 2483 114 2507 ,
140 2443 244 2495 hoc
262 2455 357 2495 nos
377 2455 590 2495 summo
612 2440 798 2496 honori
825 2442 1090 2497 ducimus.
1114 2441 1239 2498 ldeo
1260 2455 1367 2496 non
1388 2442 1551 2507 dixit,

93 2547 194 2586 nos
219 2533 543 2601 conspicuos
570 2532 779 2599 reddit,
811 2534 904 2588 sed
926 2574 940 2599 ,
977 2533 1079 2601 Qui
1105 2534 1406 2603 triumphat.
1436 2534 1551 2602 Qua

123 2624 229 2678 hoc
277 2624 513 2691 indicat,
543 2623 851 2694 hujusmodi
882 2626 1323 2695 persequutiones
1355 2625 1554 2696 ubique

91 2732 229 2770 trum
291 2725 541 2786 perpetua
580 2716 842 2771 adversus
895 2716 1166 2772 diabolum
1199 2726 1399 2787 tropaea
1440 2718 1553 2773 eri-

91 2847 101 2861 .
138 2808 349 2863 Deinde
376 2823 479 2862 una
520 2823 640 2863 cum
679 2822 781 2873 eo,
830 2810 919 2878 qui
964 2808 1296 2879 triumphat,
1334 2823 1553 2865 causam

92 2916 113 2953 σι
145 2899 407 2961 aﬂ’erens.
438 2900 565 2955 hinc
584 2916 796 2970 quoque
820 2898 1081 2956 auditoris
1109 2901 1345 2956 animum
1373 2902 1551 2971 erigit.

92 2990 245 3045 enim
266 3031 283 3056 ,
311 2991 520 3060 inquit,
550 3006 581 3045 a
611 2991 721 3046 Deo
760 3000 965 3045 tantum
994 2991 1046 3045 in
1080 2991 1406 3061 triumphum
1436 2991 1552 3062 agi-

120 3083 225 3138 sed
258 3083 424 3138 etiam
453 3071 505 3137 in
537 3082 775 3148 Christo,
809 3082 909 3138 hoc
929 3094 1010 3138 est
1035 3094 1253 3153 propter
1278 3083 1553 3139 Christum

91 3174 513 3231 mdicatiouem.
559 3174 692 3229 Nam
737 3190 859 3231 cum
907 3176 1237 3245 triumphare
1279 3190 1412 3245 opus
1441 3176 1550 3230 sit:

92 3282 169 3321 no
199 3280 312 3321 nos
337 3281 552 3337 quoque
566 3267 658 3336 qui
683 3276 942 3336 tropaeum
965 3267 1206 3333 ferimus,
1234 3267 1553 3335 conspicuos

91 3380 337 3421 necesse
362 3374 466 3431 est,
496 3364 928 3435 quandoquidem
959 3364 1132 3434 ipsum
1158 3373 1454 3435 gestamus;
1483 3364 1553 3418 ob

91 3478 99 3511 ε
131 3459 283 3514 clari
314 3473 379 3512 ac
402 3457 644 3513 celebres
666 3470 874 3511 sumus.
912 3455 981 3509 Et
1007 3456 1215 3510 odorem
1236 3455 1429 3510 notitiis
1446 3471 1553 3510 suae

92 3553 246 3605 'estat
277 3567 374 3621 per
401 3567 494 3605 uos
521 3550 573 3604 in
603 3551 740 3603 omni
766 3550 899 3602 loco.

109 3643 399 3711 Superius
442 3641 611 3704 dixit,
670 3640 884 3709 Semper
937 3639 1262 3709 triumphat;
1310 3639 1438 3707 hic,
1487 3639 1554 3695 In

94 3739 258 3802 loco,
292 3735 487 3804 inquit,
518 3733 648 3788 illud
674 3733 922 3788 nimirum
951 3733 1224 3797 indicans,
1255 3749 1354 3788 nec
1376 3734 1551 3787 locum

91 3842 305 3898 ampus
348 3826 519 3881 ullum
549 3840 671 3881 esse
697 3866 714 3893 ,
759 3825 901 3895 quod
931 3840 1036 3879 non
1074 3825 1384 3894 apostolicis
1429 3841 1552 3880 cer-

95 3920 240 3974 ibus
294 3918 577 3987 impletum
605 3918 694 3971 sit.
743 3917 917 3987 Atque
945 3917 1114 3971 altera
1150 3932 1338 3972 rursus
1377 3927 1549 3972 meta-

126 4010 362 4075 utitur,
393 4022 423 4062 a
452 4008 601 4063 suavi
630 4007 797 4063 odore
824 4008 1002 4063 ducta.
1056 4008 1127 4063 Ut
1156 4010 1298 4063 enim
1328 4009 1417 4079 qui
1446 4025 1551 4062 un-

92 4123 193 4161 am
230 4114 499 4175 gestant,
550 4105 724 4175 inquit
748 4144 762 4167 ,
808 4105 885 4159 sic
914 4105 1120 4159 cunctis
1148 4105 1249 4174 ipsi
1277 4105 1551 4175 conspicui

91 4220 102 4255 ε
134 4219 151 4267 ;
201 4200 523 4271 pretiosum
551 4207 880 4268 unguentum
928 4198 1023 4253 Dei
1064 4197 1426 4267 cognitionem
1455 4213 1553 4251 vo-

120 4293 266 4347 Nec
316 4291 493 4356 dixit,
541 4290 840 4355 Notitiam,
888 4288 1024 4355 sed,
1073 4289 1295 4343 Odorem
1337 4290 1550 4344 notitiae.

91 4384 221 4438 nodi
256 4381 415 4436 enim
442 4390 525 4436 est
550 4396 790 4451 prmsens
817 4381 1055 4450 cognitio
1083 4421 1099 4446 ,
1146 4380 1247 4435 hoc
1271 4389 1355 4436 est
1379 4420 1395 4447 ,
1444 4396 1551 4434 non

91 4477 226 4528 lum
273 4473 563 4542 perspicua
585 4481 639 4527 et
663 4483 921 4527 reserata.
962 4472 1048 4527 0b
1076 4472 1128 4525 id
1157 4482 1266 4526 tum
1294 4472 1345 4526 in
1374 4473 1554 4542 priore

91 4568 144 4619 la
181 4563 450 4627 dicebat,
469 4561 711 4617 Videmus
734 4579 871 4615 nunc
898 4578 987 4632 per
1011 4563 1274 4632 speculum
1314 4564 1366 4616 in
1392 4565 1554 4633 amig-

91 4662 108 4727 (
136 4657 169 4710 1
190 4696 206 4709 .
259 4654 396 4708 Cor.
428 4655 520 4709 l3.
551 4654 619 4709 l2
639 4655 692 4724 );
722 4661 885 4724 atque
927 4654 1014 4709 hic
1042 4652 1263 4709 odorem
1308 4654 1411 4710 hoc
1449 4671 1554 4709 un-

91 4762 177 4800 un
214 4754 420 4800 vocat.
468 4745 638 4800 Porro
662 4746 752 4815 qui
778 4744 1000 4800 odorem
1032 4745 1241 4813 sensit,
1278 4746 1408 4801 illud
1435 4746 1555 4817 qui-

91 4841 239 4897 ovit
273 4882 293 4905 ,
348 4848 682 4910 unguentum
733 4839 928 4893 alicubi
981 4839 1255 4894 conditum
1288 4855 1448 4906 esse;
1495 4848 1559 4897 at

92 4933 238 4988 nodi
277 4940 497 4985 naturae
520 4969 537 4995 ,
571 4944 678 4985 non
709 4931 834 4985 item
858 4972 873 4995 ,
905 4932 1008 4985 nisi
1037 4932 1185 5001 prius
1231 4931 1283 4986 id
1328 4948 1553 5003 perspe-

91 5025 423 5081 babuerit.
468 5023 671 5077 Eodem
701 5038 800 5079 nos
841 5039 1055 5094 quoque
1097 5024 1258 5079 modo
1309 5025 1452 5096 quod
1484 5026 1557 5080 sit

104 5118 372 5173 scimus
393 5124 415 5181 ;'
442 5114 697 5185 quidnam
727 5123 905 5170 autem
934 5123 1119 5171 natura
1146 5118 1237 5184 sit,
1266 5131 1372 5171 non
1401 5118 1550 5171 item.

106 5218 446 5275 tamquam
475 5206 806 5261 thuribulum
836 5208 1042 5278 regium
1067 5224 1252 5265 sumus
1273 5251 1290 5279 ,
1338 5211 1556 5266 cwleste

91 5312 282 5356 itum
318 5340 336 5366 ,
399 5314 463 5354 ac
508 5300 845 5369 Spiritualem
901 5300 1285 5371 fragrantiam,
1340 5318 1556 5375 quoquo

92 5410 139 5448 η
180 5405 518 5462 pergamus
541 5433 556 5456 ,
587 5391 912 5446 redolentes.
947 5392 1072 5448 llaec
1098 5403 1276 5449 autem
1303 5394 1552 5460 dicebat,

104 5504 149 5541 υ
161 5496 189 5539 ι
214 5485 573 5554 evangelica:
592 5484 982 5555 praedicationis
1004 5487 1107 5541 vim
1121 5487 1518 5544 demonstraret
1538 5504 1553 5545 :

105 5574 318 5648 quod
348 5589 448 5644 per
487 5590 617 5639 eos,
663 5589 695 5629 a
744 5575 936 5645 quibus
977 5577 1186 5633 insidiae
1230 5580 1361 5649 ipsis
1396 5595 1554 5650 para-

145 5667 378 5735 rnagis
400 5667 692 5733 elucercnt,
717 5666 844 5721 dum
872 5667 1122 5724 videlicet
1145 5684 1332 5725 eorum
1362 5687 1549 5740 perse-

91 5775 163 5820 es
207 5758 349 5814 hoc
372 5757 632 5828 facerent,
662 5766 721 5814 ut
746 5759 1028 5815 universus
1050 5759 1197 5817 orbis
1224 5770 1549 5842 tumeorum

3158 327 3263 385 430

1675 428 1873 491 tropum
1897 466 1914 489 ,
1945 431 2058 478 tum
2087 426 2270 483 odoris
2300 430 2621 489 suavitatem
2648 436 2981 505 exploratam
3008 442 3257 511 haberet:

1669 513 1861 581 partim
1883 517 2045 572 etiam
2089 529 2146 573 ut
2180 535 2276 576 eos
2298 522 2365 577 ad
2404 538 2594 581 omnes
2636 527 2958 589 afﬁictiones
2985 545 3040 589 ct
3075 546 3256 592 tcuta~

1669 605 1844 662 tiones
1870 606 1994 663 forti
2021 612 2201 667 animo
2230 615 2577 683 perferendas
2604 620 2982 680 cohortaretur
3012 644 3025 681 :
3053 628 3256 699 quippe

1667 714 1788 756 cum
1815 703 1975 758 etiam
2023 715 2149 762 ante
2189 710 2406 765 caeleste
2437 714 2716 782 praemium
2752 717 2978 786 gloriam
3004 722 3255 791 percipe-

1667 805 1818 861 rent,
1864 814 1984 868 quaa
2009 801 2171 856 nullis
2210 805 2391 859 verbis
2432 808 2686 876 explicari
2733 822 2934 879 posset.
2982 813 3068 867 15.
3113 814 3255 880 Quia

1664 885 1854 942 Clm'sti
1880 890 2039 945 bonus
2063 894 2191 947 odor
2219 912 2395 951 sumus
2426 896 2537 952 Deo
2568 900 2620 953 in
2647 902 2711 955 iis
2739 903 2825 971 qui
2849 903 2976 957 salvi
3001 904 3162 971 ﬁunt,
3207 915 3257 959 et

1664 981 1719 1033 in
1761 980 1824 1035 iis
1861 983 1949 1050 qui
1992 995 2222 1053 pereunt.
2267 986 2393 1043 Sive
2440 991 2585 1044 enim
2627 992 2748 1061 quis
2783 993 3011 1048 salutem
3057 1010 3255 1051 conse-

1662 1083 1876 1141 quatur,
1908 1076 2109 1146 inquit,
2137 1079 2251 1133 sive
2280 1089 2492 1149 pereat,
2527 1084 2805 1153 evangelio
2831 1100 3049 1155 semper
3076 1087 3251 1142 virtus

1663 1178 1758 1217 sua
1780 1176 2011 1222 constat.
2037 1168 2105 1223 Et
2127 1170 2263 1224 sicut
2282 1171 2382 1236 SOI,
2412 1172 2537 1227 licet
2560 1173 2784 1229 inﬁrmis
2809 1176 2981 1230 oculis
3003 1177 3253 1233 tenebras

1663 1253 1937 1322 oll'undat,
1989 1260 2166 1313 lumen
2203 1270 2379 1316 tamen
2405 1273 2523 1329 est;
2557 1279 2620 1318 ac
2647 1266 2753 1320 mel
2776 1307 2792 1330 ,
2837 1268 3046 1321 etiamsi
3074 1283 3252 1337 mgro-

1665 1346 1731 1401 tis
1758 1361 1999 1402 amarum
2031 1351 2137 1415 sit,
2171 1363 2359 1422 suapte
2388 1363 2565 1409 tamen
2593 1366 2785 1411 natura
2815 1357 2973 1412 dulce
3005 1366 3119 1421 est:
3165 1360 3247 1414 sic

1662 1438 1999 1507 evangelium
2024 1442 2175 1495 suavi
2205 1443 2371 1499 odore
2398 1446 2681 1515 praeditum
2710 1455 2795 1503 est
2819 1489 2832 1514 ,
2866 1449 3081 1504 etiamsi
3126 1451 3251 1520 qui-

1661 1526 1783 1582 dam
1813 1544 1919 1584 non
1950 1533 2230 1588 credentes
2259 1545 2506 1604 pereant.
2550 1537 2734 1609 Neque
2764 1540 2911 1595 enim
2940 1540 3071 1595 illud
3098 1542 3248 1595 exitii

1661 1635 1820 1676 causa
1846 1632 1964 1689 est,
1993 1625 2088 1680 sed
2115 1642 2299 1682 eorum
2329 1630 2668 1697 perversitas.
2712 1630 2849 1697 Quin
2885 1632 3009 1686 hinc
3036 1648 3251 1703 quoque

1660 1713 1743 1767 vel
1776 1715 2006 1770 maxime
2034 1718 2201 1786 ipsius
2228 1722 2462 1775 suavitas
2491 1723 2819 1791 percipitur,
2851 1723 2993 1793 quod
3018 1726 3109 1794 qui
3139 1724 3244 1778 im-

1661 1805 1811 1874 probi
1844 1822 1907 1861 ac
1949 1810 2187 1878 corrupti
2232 1820 2393 1877 sunt,
2440 1821 2683 1882 pereant.
2746 1816 2824 1869 Ac
2873 1814 3097 1885 proinde
3140 1829 3254 1869 non

1661 1896 1823 1952 modo
1852 1913 1949 1967 per
1975 1899 2239 1955 bonorum
2286 1902 2515 1961 salutem
2538 1944 2553 1969 ,
2605 1904 2700 1959 sed
2730 1907 2894 1960 etiam
2916 1916 3022 1975 per
3050 1907 3251 1975 impro-

1662 1989 1852 2046 borum
1876 1992 2150 2047 interitum
2182 1995 2351 2064 ipsms
2372 1996 2541 2051 virtus
2560 1997 2887 2052 declaratur.
2917 1998 3049 2053 Nam
3070 2009 3123 2053 et
3143 2000 3250 2063 sol,

1659 2081 1781 2151 quia
1811 2097 2070 2154 perquam
2099 2085 2275 2140 clarus
2314 2095 2396 2141 est
2415 2126 2431 2154 ,
2471 2102 2532 2142 ea
2558 2102 2619 2142 re
2648 2088 2983 2157 potissimum
3012 2088 3254 2142 inﬁrmo-

1661 2188 1781 2228 rum
1810 2176 1996 2231 oculos
2043 2179 2356 2250 perstringit
2401 2195 2414 2232 :
2464 2194 2529 2234 ac
2572 2179 2820 2236 Salvator
2860 2180 2912 2233 in
2958 2181 3248 2234 multorum

1660 2269 1870 2322 ruinam
1914 2279 1969 2324 et
2013 2273 2466 2326 resurrectionem
2513 2280 2630 2339 est,
2677 2280 2733 2328 et
2783 2281 2960 2326 tamen
3003 2272 3250 2327 Salvator

1661 2372 1879 2427 manet,
1907 2365 2152 2433 quamvis
2175 2365 2440 2419 innumeri
2466 2365 2661 2420 cadant
2684 2373 2891 2434 :‘atque
2911 2365 3083 2434 ipsius
3107 2380 3250 2433 pm:-

1658 2456 1828 2510 seutia
1858 2458 2077 2527 gravius
2098 2459 2249 2527 punit
2269 2472 2363 2513 eos
2386 2462 2475 2527 qui
2499 2472 2604 2512 non
2625 2458 3017 2527 obsequuntur,
3040 2467 3249 2511 tamen-

1659 2562 1764 2617 que
1796 2547 2046 2604 salutaris
2074 2558 2274 2604 manet.
2301 2548 2425 2604 Ideo
2449 2549 2645 2604 Paulus
2668 2550 2764 2615 ait,
2796 2548 2906 2603 Deo
2934 2548 3095 2602 bonus
3118 2548 3247 2603 odor

1658 2654 1875 2703 sumus;
1906 2639 2006 2693 hoc
2034 2648 2139 2705 est,
2168 2640 2427 2706 Quamvis
2458 2640 2699 2694 nonnulli
2733 2649 2996 2710 pereant,
3031 2639 3246 2694 interim

1661 2737 1837 2783 tamen
1870 2729 1920 2783 id
1943 2745 2064 2784 esse
2097 2741 2422 2800 perstamus,
2454 2730 2597 2800 quod
2625 2744 2833 2784 sumus.
2866 2728 2976 2785 Nec
3000 2729 3250 2785 absolute

1659 2821 1831 2887 dixit,
1862 2820 2037 2876 Bonus
2060 2822 2189 2877 odor
2216 2839 2391 2877 sumus
2415 2864 2431 2889 ,
2463 2822 2557 2878 sed
2584 2864 2601 2887 ,
2633 2821 2765 2876 Deo.
2790 2823 2958 2877 Porro
2984 2837 3105 2878 cum
3136 2822 3250 2877 Deo

1659 2914 1831 2969 bonus
1855 2913 1989 2967 odor
2015 2913 2187 2968 simus
2208 2954 2223 2978 ,
2261 2924 2421 2984 atque
2449 2914 2538 2967 ille
2570 2914 2685 2967 hrec
2712 2914 2922 2968 calculo
2962 2927 3061 2967 suo
3090 2928 3245 2967 como

1660 3006 1870 3075 probet,
1889 3007 2008 3075 quis
2028 3006 2135 3075 jam
2156 3006 2523 3061 contradicat?
2550 3006 2689 3072 Quin
2717 3005 2834 3060 hanc
2853 3004 3038 3072 verba,
3064 3003 3250 3058 Christi

1660 3100 1820 3151 bonus
1847 3099 1973 3151 odor
1999 3114 2174 3151 sumus
2201 3140 2215 3162 ,
2248 3096 2378 3151 mihi
2405 3097 2605 3167 duplici
2645 3097 2805 3150 modo
2845 3096 3042 3165 exponi
3088 3109 3249 3165 posse

1660 3188 1907 3242 videntur
1942 3207 1955 3243 :
1984 3196 2076 3241 aut
2101 3188 2242 3242 enim
2277 3188 2381 3242 hoc
2423 3186 2533 3250 ait,
2564 3186 2707 3257 quod
2736 3187 2943 3256 seipsos
2974 3186 3247 3241 victimam

1658 3281 1913 3336 oll'errent
1936 3324 1951 3347 ,
1982 3280 2109 3336 dum
2131 3290 2356 3335 mortem
2379 3290 2732 3351 oppeterent;
2761 3292 2852 3335 aut
2879 3323 2893 3345 ,
2927 3280 3070 3349 quod
3101 3279 3248 3335 necis

1659 3372 1857 3427 Christi
1888 3373 2061 3427 bonus
2090 3371 2226 3427 odor
2253 3373 2423 3426 simus
2448 3390 2460 3425 :
2497 3371 2720 3441 perinde
2749 3386 2813 3426 ac
2841 3372 2886 3426 si
2918 3372 3038 3442 quis
3064 3371 3244 3436 dicat,

1661 3464 1890 3535 Hujusce
1918 3465 2151 3519 victima;
2199 3464 2371 3518 bonus
2418 3464 2554 3518 odor
2600 3473 2684 3518 est
2731 3464 2817 3519 hic
2847 3464 3085 3519 sufﬁtus.
3138 3465 3247 3519 Aut

1660 3555 1820 3626 igitur
1864 3557 1965 3611 hoc
1994 3556 2260 3627 signiﬁcat
2305 3556 2432 3610 boni
2463 3555 2647 3611 odoris
2689 3556 3008 3610 vocabulum
3036 3596 3052 3620 ,
3111 3564 3198 3609 aut
3227 3596 3245 3622 ,

1659 3647 1798 3717 quod
1821 3658 1945 3702 ante
1972 3647 2103 3714 dixi,
2130 3646 2272 3717 quod
2302 3646 2540 3716 quotidie
2560 3646 2756 3701 Christi
2795 3660 2956 3701 causa
3004 3655 3249 3701 macten-

1661 3748 1765 3795 tur.
1797 3739 1960 3795 Vides
1998 3755 2105 3810 quo
2159 3739 2484 3794 tentationes
2530 3740 2858 3805 subvexerit,
2883 3755 3004 3793 cum
3063 3741 3245 3794 trium-

1658 3830 1822 3902 phum
1852 3846 1945 3886 eas
1970 3872 1985 3897 ,
2030 3840 2085 3887 et
2114 3830 2336 3886 odorem
2362 3871 2378 3895 ,
2411 3830 2757 3900 oblatumque
2788 3831 2899 3886 Deo
2927 3830 3249 3885 sacriﬁcium

1659 3924 1936 3993 appellat?
1965 3924 2166 3978 Deinde
2198 3932 2476 3992 postquam
2502 3922 2675 3987 dixit,
2708 3922 2884 3977 Bonus
2914 3923 3044 3977 odor
3070 3939 3247 3976 sumus

1656 4014 1711 4069 in
1739 4016 1801 4067 iis
1829 4015 1916 4084 qui
1942 4026 2149 4085 pereunt
2171 4030 2191 4079 ;
2220 4029 2290 4068 ne
2315 4013 2418 4068 hcc
2442 4013 2717 4068 existimes
2746 4013 2867 4068 illos
2897 4028 3110 4083 quoque
3134 4013 3246 4066 Deo

1658 4117 1839 4177 gratos
1865 4115 1920 4161 et
1946 4116 2195 4175 acceptos
2219 4121 2374 4170 esse,
2408 4105 2683 4174 subjunxit
2716 4121 2731 4160 :
2769 4104 2855 4159 ιθ.
2890 4105 3014 4158 Aliis
3042 4103 3245 4175 quidem

1659 4200 1786 4253 odor
1814 4199 1988 4253 mortis
2013 4199 2066 4251 in
2097 4207 2327 4262 mortem,
2359 4198 2475 4252 aliis
2498 4207 2668 4251 autent
2694 4198 2822 4251 odor
2848 4200 2966 4250 vita:
2984 4197 3036 4250 in
3066 4197 3245 4251 vitam.

1660 4291 1809 4346 Hanc
1836 4292 1978 4344 enim
2009 4290 2349 4360 fragrantiam
2371 4289 2587 4359 quidam
2615 4289 2687 4342 ita
2715 4289 3015 4358 suscipiunt
3035 4296 3091 4340 ut
3111 4287 3247 4341 salvi

1662 4383 1829 4445 ﬁant;
1862 4380 2077 4451 quidam
2127 4394 2315 4434 rursus
2341 4378 2435 4444 ita,
2467 4387 2526 4431 ut
2553 4388 2798 4447 pereant.
2830 4376 3012 4447 Itaque
3036 4376 3255 4434 etiamsi

1661 4482 1847 4544 pereat
1875 4473 2065 4539 aliquis
2091 4513 2107 4538 ,
2160 4473 2274 4541 ipse
2302 4472 2355 4525 in
2399 4471 2556 4540 culpa
2587 4477 2692 4525 est.
2733 4469 2868 4524 Nam
2899 4478 2955 4524 et
2983 4483 3108 4522 sues
3140 4483 3243 4521 uno

1659 4578 1860 4638 guento
1888 4564 2137 4621 suffocari
2169 4564 2461 4630 dicuntur;
2494 4574 2549 4618 et
2575 4564 2755 4618 lumen
2783 4601 2798 4626 ,
2832 4570 2893 4616 ut
2922 4570 3080 4615 antea
3110 4559 3249 4624 dixi,

1662 4658 1889 4714 inﬁrmis
1916 4657 2088 4713 oculis
2127 4657 2379 4712 tenebras
2423 4654 2670 4710 offundit.
2712 4656 2889 4724 Atque
2936 4652 3252 4723 huiusmodi

1660 4752 1923 4806 bonorum
1952 4760 2139 4804 natura
2185 4759 2299 4813 est,
2349 4758 2407 4803 ut
2437 4763 2542 4802 non
2572 4762 2635 4803 ea
2668 4754 2910 4812 tantum,
2958 4760 3078 4815 quae
3120 4743 3251 4812 ipsis

1659 4845 1945 4900 familiaria
1971 4852 2116 4909 sunt,
2146 4849 2359 4908 sanent,
2388 4841 2483 4897 sed
2504 4841 2666 4897 etiam
2690 4840 2957 4895 contraria
2984 4836 3247 4907 perdant:

1661 4936 1890 5006 hincque
1916 4935 2148 4989 maxime
2175 4934 2253 4988 vis
2282 4947 2470 4988 eorum
2500 4931 2826 4986 declaratur.
2870 4926 3149 4999 Siquidem
3195 4935 3255 4980 et

1660 5029 1835 5100 ignis,
1881 5043 1988 5083 non
2020 5028 2193 5081 solum
2220 5040 2343 5081 cum
2392 5025 2700 5086 illuminat,
2740 5031 2833 5076 aut
2876 5036 3003 5077 cum
3053 5034 3248 5074 aurum

1661 5128 1852 5190 purgat
1878 5160 1892 5184 ,
1923 5118 2019 5174 sed
2046 5119 2210 5172 etiam
2238 5132 2360 5172 cum
2402 5115 2586 5185 Spinas
2614 5112 2851 5169 absumit
2876 5153 2892 5180 ,
2942 5111 3052 5167 vim
3095 5125 3248 5166 suam

1662 5215 1898 5270 maxime
1926 5212 2168 5277 indicat,
2217 5220 2381 5281 atque
2424 5209 2527 5265 hac
2554 5208 2765 5264 ratione
2796 5207 2973 5277 ignem
3018 5220 3079 5262 se
3130 5219 3249 5262 esse

1662 5307 2013 5362 demonstrat.
2054 5302 2259 5359 Eodem
2288 5301 2449 5356 modo
2473 5299 2716 5355 Christus
2744 5300 2871 5353 hinc
2896 5312 3109 5369 quoque
3135 5312 3251 5352 ma-

1659 5397 1872 5469 iestatis
1896 5410 2009 5452 sum
2030 5395 2300 5465 specimen
2326 5392 2457 5457 edit,
2488 5406 2611 5447 cum
2635 5391 2747 5446 oris
2775 5389 2857 5444 sui
2878 5390 3068 5459 spiritu
3099 5385 3250 5441 Anti.

1664 5492 1928 5547 christum
1955 5488 2242 5560 opprimit,
2271 5501 2334 5541 ac
2364 5501 2459 5556 per
2485 5485 2774 5541 adventum
2809 5482 3110 5553 pncsentiac
3137 5493 3249 5533 sua:

1664 5581 1734 5637 de
1764 5580 1942 5635 medio
1986 5579 2147 5633 tollit.
2193 5575 2261 5631 Et
2302 5577 2370 5630 ad
2400 5577 2510 5630 hare
2533 5580 2646 5646 quis
2674 5572 2936 5628 idoneus?
2980 5570 3248 5638 Quoniam

1666 5673 1948 5744 magniﬁce
1967 5672 2225 5742 loqumus
2253 5678 2374 5727 erat
2402 5670 2589 5726 dicens
2612 5709 2629 5733 ,
2660 5668 2859 5725 Christi
2889 5663 3207 5722 sacriﬁcium
3228 5703 3247 5730 ,

1671 5783 1773 5846 ac,
1823 5765 2002 5843 Bonus
2044 5763 2179 5821 odor
2204 5776 2427 5833 sumus,
2476 5771 2671 5837 atque,
2717 5755 3245 5831 Ubiquctriumpha-
