3780 6306
344 332 439 388 ιδι

345 460 465 500 mus
487 487 503 512 ,
535 457 717 500 rursus
746 439 1112 496 moderatione
1152 437 1320 491 utitur
1341 475 1358 501 ,
1407 435 1520 491 Deo
1561 444 1751 490 cuncta
1794 433 1929 487 assi-

346 551 536 606 gnans,
557 536 626 590 ob
652 533 812 603 idque
833 531 927 598 ait,
946 529 1009 584 Et
1030 529 1098 583 ad
1119 529 1227 583 hac
1245 527 1357 598 quis
1377 526 1592 581 idoneus
1610 526 1634 579 ?
1654 524 1762 580 Hoc
1781 524 1926 581 enim

349 637 519 682 totum
548 626 743 682 Christi
770 634 890 690 est,
924 622 1096 693 inquit
1129 638 1144 674 :
1170 619 1303 676 nihil
1328 626 1412 674 est
1435 617 1578 689 quod
1603 619 1758 674 nobis
1776 632 1928 673 arro-

344 736 554 790 gemus.
602 718 790 773 Vidcn'
835 714 1107 787 quomodo
1149 727 1307 770 secus
1332 727 1492 783 quam
1524 711 1926 782 pseudapostoli

347 813 591 881 loquatur
614 812 638 865 ἳ
668 810 878 865 Etenim
908 809 981 864 illi
1009 806 1397 878 gloriabantur,
1431 804 1654 875 perinde
1679 820 1743 859 ac
1771 805 1818 860 si
1857 805 1926 859 ad

348 901 780 971 praedicationem
804 898 1008 969 aliquid
1040 913 1105 952 ex
1132 911 1193 952 se
1213 896 1504 962 aﬂerrent;
1538 894 1628 950 hic
1654 903 1834 951 autem
1860 910 1927 950 eo

349 994 568 1048 neruine
597 1008 655 1047 se
683 993 900 1064 gloriari
927 992 1005 1045 ait
1030 1033 1045 1056 ,
1078 989 1221 1060 quod
1250 988 1381 1043 ni‘hil
1410 988 1581 1058 ipsius
1605 988 1675 1042 sit
1702 1004 1717 1040 :
1748 987 1927 1041 Gloria

344 1085 489 1139 enim
518 1093 691 1138 nostra
720 1084 829 1138 lucc
857 1093 932 1137 est
955 1124 970 1149 ,
1003 1083 1209 1152 inquit,
1240 1080 1581 1135 testimonium
1606 1080 1928 1134 conscientite

345 1183 551 1240 nostrae,
581 1174 820 1241 quoniam
850 1189 951 1227 non
976 1172 1031 1227 in
1056 1173 1306 1239 sapientia
1328 1169 1545 1237 carnali,
1568 1170 1658 1225 sed
1677 1171 1730 1223 in
1759 1170 1926 1241 gratia

346 1266 441 1319 Dei
469 1265 747 1320 conversati
774 1280 948 1318 sumus
980 1265 1033 1317 in
1078 1263 1265 1317 mundo
1291 1262 1379 1332 (2.
1413 1259 1532 1317 Cor.
1583 1262 1634 1316 1.
1683 1262 1794 1331 l2).
1843 1260 1927 1316 Ob

344 1355 497 1426 cujus
520 1355 598 1410 rei
622 1396 638 1421 ,
670 1354 772 1410 hoc
796 1364 880 1410 est
903 1364 1141 1410 externae
1168 1352 1449 1422 sapientiae
1478 1392 1494 1416 ,
1526 1350 1872 1421 adeptionem
1906 1390 1923 1418 ,

343 1446 675 1515 gloriandum
700 1445 803 1501 sibi
832 1444 907 1500 illi
937 1444 1339 1507 existimabant,
1362 1441 1430 1497 de
1451 1441 1610 1511 hujus
1636 1442 1715 1497 rei
1744 1441 1925 1497 subla-

347 1540 492 1592 tione
520 1538 606 1591 hic
632 1537 892 1609 gloriatur
920 1552 935 1589 :
970 1535 1111 1590 unde
1134 1536 1296 1590 etiam
1327 1535 1431 1591 hoc
1466 1535 1587 1593 loco
1613 1535 1727 1602 ait,
1761 1533 1830 1587 Et
1852 1533 1921 1587 ad

345 1634 453 1683 tunc
477 1631 589 1697 quis
628 1628 886 1683 idoneus?
929 1626 1083 1696 Quod
1123 1627 1170 1683 si
1218 1627 1439 1683 minime
1469 1627 1648 1682 idonei
1696 1641 1880 1681 sumus
1906 1664 1921 1689 ,

343 1720 529 1788 gratia:
562 1719 803 1790 profecto
834 1718 887 1774 id
915 1728 998 1773 est
1037 1718 1180 1789 quod
1207 1719 1433 1789 geritur.
1482 1720 1574 1773 l7.
1620 1717 1745 1772 Non
1791 1717 1925 1771 enim

344 1827 517 1865 sumus
542 1811 672 1865 sicut
697 1810 877 1882 reliqui
904 1809 1249 1865 adulterantes
1278 1810 1487 1864 verbum
1517 1808 1633 1863 Dei.

411 1905 461 1958 3.
488 1902 619 1957 Nam
645 1902 746 1957 etsi
772 1916 959 1972 magna
985 1901 1227 1970 quaedam
1258 1901 1547 1970 loquimur,
1580 1909 1758 1955 tamen
1783 1898 1915 1953 nihil

346 2003 531 2049 nostra
557 2008 719 2064 opera
743 2003 893 2048 recte
922 1991 1121 2047 factum
1168 1990 1355 2057 fuisse,
1386 1991 1482 2045 sed
1518 1991 1697 2045 omnia
1722 1989 1923 2045 Christi

343 2103 466 2143 esse
494 2087 964 2155 diximuszneque
1009 2085 1153 2140 enim
1200 2083 1647 2154 pseudapostolos
1690 2081 1925 2137 imitabi-

232 2254 239 2259 _
344 2195 483 2244 mur,
514 2179 605 2249 qui
632 2179 884 2249 pleraque
908 2193 1003 2232 sua
1029 2193 1150 2232 esse
1174 2177 1377 2231 dicunt.
1407 2177 1519 2232 Hoc
1538 2177 1680 2232 enim
1702 2184 1927 2231 estcau-

344 2272 555 2343 ponari,
584 2286 703 2326 cum
731 2272 851 2341 quis
876 2271 1056 2324 vinum
1084 2269 1383 2335 adulterat;
1415 2285 1535 2325 cum
1565 2268 1684 2340 quis
1702 2268 1924 2338 pecunia

346 2364 399 2419 id
430 2363 633 2428 vendit,
664 2362 806 2432 quod
826 2366 992 2433 gratis
1017 2362 1145 2416 dare
1179 2360 1429 2417 debebat.
1466 2361 1577 2416 Hoc
1615 2362 1757 2416 enim
1806 2359 1926 2414 loco

344 2464 401 2510 et
426 2454 494 2509 de
509 2464 715 2524 qua-stu
744 2469 839 2508 eos
866 2453 1231 2524 perstringere
1261 2453 1494 2519 videtur,
1532 2461 1589 2507 et
1614 2466 1822 2514 rursus,
1873 2451 1926 2506 id

343 2548 489 2618 quod
518 2548 648 2612 dixi,
679 2547 1041 2613 subindieare,
1101 2560 1295 2616 nempe
1339 2544 1481 2615 quod
1511 2560 1606 2599 sua
1637 2544 1711 2598 illi
1733 2543 1928 2598 divinis

348 2639 704 2694 admisceant.
736 2639 851 2707 Qua
880 2638 950 2693 de
980 2653 1041 2692 re
1068 2638 1232 2693 Isaias
1257 2637 1418 2693 etiam
1447 2635 1758 2700 accusabat,
1786 2634 1927 2691 Cau-

345 2746 501 2803 pones
535 2731 609 2784 tui
636 2732 809 2785 uinum
837 2746 972 2801 aqua
996 2730 1206 2785 miscent
1258 2719 1429 2799 (Isai:
1448 2730 1501 2784 ιι
1524 2728 1643 2798 22).
1667 2727 1799 2782 Nam
1827 2727 1927 2782 etsi

345 2826 415 2879 de
439 2824 563 2878 vino
593 2823 697 2879 hoc
724 2822 926 2878 dictum
952 2830 1055 2887 est,
1088 2836 1192 2875 non
1223 2828 1401 2876 tamen
1430 2819 1715 2887 aberrarit,
1737 2818 1829 2890 qui
1859 2817 1926 2874 de

343 2916 585 2971 doctrina
613 2915 718 2969 hoc
746 2928 960 2985 quoque
980 2913 1322 2968 intellexerit.
1354 2915 1425 2967 At
1450 2927 1558 2967 non
1586 2925 1706 2977 nos,
1734 2910 1926 2980 inquit,

343 3006 409 3061 ad
441 3006 582 3060 hunc
617 3005 867 3071 modum;
896 3004 991 3059 sed
1018 3003 1193 3073 qualia
1245 3011 1446 3058 nostra:
1487 3000 1611 3057 lidei
1639 3000 1927 3057 commissa

343 3107 490 3165 sunt,
521 3098 646 3152 talia
667 3111 881 3167 quoque
916 3111 980 3152 ea
1012 3096 1333 3166 przchemus,
1375 3093 1676 3150 doctrinam
1720 3107 1926 3148 meram

348 3189 696 3259 pmpinantes
717 3206 731 3242 :
756 3187 899 3242 unde
926 3184 1222 3256 subjunxit,
1269 3184 1378 3240 Sed
1403 3184 1766 3239 arsinceritate
1792 3192 1926 3237 tam~

343 3298 496 3351 quam
522 3297 588 3335 ea:
611 3280 743 3348 Deo,
771 3296 945 3334 coram
964 3277 1074 3333 Deo
1102 3278 1157 3331 in
1179 3276 1380 3332 Christo
1409 3276 1681 3347 loquimur.
1722 3274 1839 3331 Non
1870 3284 1930 3329 ut

344 3387 443 3428 vos
489 3373 818 3441 decipiamus
847 3370 919 3425 ita
964 3369 1319 3439 prmdicamus
1348 3406 1367 3433 ,
1417 3367 1626 3437 inquit,
1660 3376 1927 3436 tamquam

344 3465 498 3519 vobis
524 3465 883 3533 gratilicantes
903 3504 918 3528 ,
947 3471 1039 3516 aut
1071 3472 1339 3531 tamquam
1365 3474 1397 3514 a
1446 3459 1602 3521 nobis
1621 3458 1817 3529 aliquid
1844 3457 1904 3511 af
1917 3492 1923 3496 -

348 3558 585 3612 ferentes
621 3565 782 3626 atque
808 3555 1170 3610 admiscentes
1188 3595 1203 3620 ,
1241 3552 1652 3623 sed,Tamquam
1677 3570 1741 3608 ea:
1768 3553 1879 3607 Deo
1907 3571 1928 3619 ;

348 3647 403 3702 id
429 3657 532 3710 est,
558 3661 663 3701 non
693 3646 923 3701 dicimus
952 3661 1049 3699 nos
1066 3644 1267 3714 aliquid
1296 3654 1549 3699 nostrum
1569 3644 1801 3714 elargiri,
1833 3644 1927 3698 sed

346 3741 515 3794 Deum
545 3741 723 3794 omnia
776 3738 989 3794 dedisse
1014 3779 1029 3804 ,
1061 3738 1167 3793 hoc
1204 3738 1348 3793 enim
1399 3737 1500 3793 sibi
1530 3737 1643 3791 vult
1668 3735 1821 3804 illud,
1847 3736 1933 3792 Ea:

346 3831 454 3884 Deo
481 3847 500 3895 ;
528 3840 585 3885 ut
623 3845 730 3885 non
756 3830 1050 3900 gloriemur
1069 3830 1222 3899 quasi
1250 3828 1453 3900 aliquid
1490 3828 1803 3894 habeamus,
1834 3826 1930 3881 sed

346 3924 524 3975 omnia
556 3922 653 3991 ipsi
684 3924 997 3987 referentes,
1028 3919 1095 3975 In
1119 3920 1321 3975 Christo
1345 3920 1633 3990 loquimur;
1674 3932 1780 3972 non
1829 3931 1929 3972 no-

349 4025 463 4070 stra
491 4015 772 4085 sapientia,
800 4015 892 4070 sed
946 4014 1086 4069 illius
1117 4014 1351 4085 potentia
1394 4013 1576 4079 amati.
1613 4012 1714 4080 Qui
1750 4020 1930 4066 autem

346 4109 643 4177 gloriantur
665 4150 678 4173 ,
731 4123 836 4161 non
862 4107 927 4161 ad
953 4107 1094 4163 hunc
1138 4106 1354 4161 modum
1384 4121 1443 4161 se
1481 4113 1673 4176 gerunt
1696 4146 1713 4170 ,
1745 4118 1930 4158 verum

353 4199 573 4268 perinde
607 4212 671 4252 ac
695 4200 737 4254 si
772 4199 969 4268 aliquid
998 4214 1026 4252 a
1056 4198 1249 4268 seipsis
1296 4196 1542 4251 all‘erant.
1574 4194 1727 4252 Unde
1765 4195 1931 4251 etiam

351 4305 445 4344 cos
474 4290 581 4343 alio
602 4289 720 4344 loco
746 4289 831 4344 his
863 4290 1039 4344 verbis
1079 4289 1349 4354 traducit,
1386 4286 1522 4353 Quid
1567 4288 1701 4342 enim
1729 4285 1882 4341 habes
1913 4325 1930 4349 ,

352 4382 490 4450 quod
516 4400 617 4436 non
641 4383 938 4452 acceperis?
964 4382 1027 4436 Si
1051 4392 1221 4435 autent
1251 4381 1514 4450 accepisti,
1542 4378 1664 4450 quid
1693 4377 1932 4451 gloriaris

351 4476 497 4547 quasi
517 4493 618 4530 non
647 4477 905 4545 acceperis
930 4477 1010 4547 (l.
1041 4474 1161 4530 Cor.
1191 4475 1245 4529 4.
1270 4474 1327 4543 7)
1352 4474 1375 4527 ?

434 4566 607 4622 Virtus
661 4569 884 4621 maxima
927 4568 1098 4622 omnia
1124 4565 1230 4620 Deo
1256 4564 1562 4620 adscribere.
1604 4562 1703 4619 Dei
1728 4563 1936 4618 oculum

351 4675 496 4713 nemo
525 4660 675 4731 fugit.
700 4688 775 4702 --
801 4658 926 4713 lltec
970 4659 1201 4714 maxima
1223 4656 1391 4712 virtus
1439 4665 1522 4711 est
1550 4696 1565 4720 ,
1614 4655 1795 4710 omnia
1825 4654 1936 4709 Deo

351 4750 681 4818 adscribere,
716 4751 849 4806 nihil
893 4766 1049 4806 suum
1071 4764 1191 4805 esse
1211 4748 1433 4815 ducere,
1462 4747 1596 4803 nihil
1623 4746 1810 4818 glorias
1831 4745 1933 4801 hu-

354 4861 527 4899 manas
553 4860 713 4901 causa
742 4844 942 4911 facere,
971 4843 1065 4899 sed
1091 4842 1390 4899 secundum
1421 4842 1513 4898 Dei
1546 4842 1877 4898 voluntatem
1912 4859 1928 4897 :

356 4936 444 4992 hic
467 4937 608 4991 enim
638 4944 722 4992 est
748 4978 764 5002 ,
796 4939 885 5008 qui
908 4939 1030 4992 vita:
1072 4946 1208 4991 actae
1257 4936 1495 4991 rationes
1522 4945 1809 4990 exacturus
1831 4944 1934 4991 est.

356 5027 510 5083 Nunc
538 5042 665 5082 vero
685 5029 762 5083 rei
792 5029 924 5083 ordo
947 5028 1192 5084 inversus
1211 5039 1296 5083 est
1322 5046 1337 5083 :
1365 5038 1525 5098 atque
1542 5027 1692 5082 illum
1719 5027 1934 5097 quidem

357 5124 447 5192 qui
474 5136 572 5189 pro
598 5121 848 5176 tribunali
899 5136 1146 5177 sessurus
1170 5163 1186 5189 ,
1216 5136 1280 5177 ac
1306 5121 1543 5176 rationes
1608 5121 1935 5191 repetiturus

357 5222 462 5278 est,
491 5228 595 5268 non
624 5213 777 5268 valde
804 5214 1090 5270 metuimus
1115 5230 1131 5278 ;
1159 5229 1253 5269 eos
1274 5222 1453 5269 autem
1476 5254 1492 5280 ,
1530 5212 1621 5284 qui
1651 5212 1930 5267 nobiscum

359 5308 578 5363 stabunt
625 5321 688 5360 ac
728 5306 984 5373 judicium
1039 5307 1265 5361 subituri
1310 5316 1464 5374 sunt,
1504 5305 1930 5375 expavescimus.

360 5396 513 5454 Unde
536 5397 692 5468 igitur
722 5397 805 5450 hic
827 5397 1087 5452 morbus?
1116 5397 1257 5451 unde
1281 5396 1335 5451 in
1359 5407 1574 5452 nostras
1602 5397 1810 5451 animas
1842 5396 1933 5450 in-

356 5490 538 5545 vasit?
567 5488 701 5545 Hinc
721 5488 993 5553 nimirum,
1020 5487 1161 5559 quod
1191 5502 1298 5543 non
1322 5488 1536 5544 assidue
1565 5504 1652 5544 res
1678 5488 1797 5543 illas
1820 5487 1939 5541 ani-

359 5597 451 5638 mo
508 5581 846 5645 volutemus,
887 5579 982 5635 sed
1032 5578 1388 5650 prmsentibus
1444 5579 1587 5634 δι’ίὶιί
1630 5588 1933 5634 teneamur.

359 5676 494 5732 llinc
512 5675 591 5743 lit,
610 5684 732 5730 utet
758 5674 809 5729 in
832 5672 1085 5729 exitiosus
1110 5672 1352 5727 actiones
1379 5670 1533 5727 facile
1565 5671 1781 5742 prolaba
1792 5687 1937 5737 mur,

355 5780 410 5827 et
439 5774 484 5826 sl
504 5770 630 5843 quid
657 5767 784 5827 boni
810 5767 1034 5840 agimus,
1065 5763 1438 5825 ostentationis
1463 5750 1618 5821 causa
1653 5761 1934 5834 faciamus,

1068 322 1129 383 8.
1162 319 1439 381 ιοΑΝΝιε
1471 318 1925 379 (ἓΗΙὶῩδΟΞΤΟΜ

2080 317 2294 376 CHIEP.
2333 319 2849 380 CONSTANTINOP.

3518 326 3622 386 431

2039 443 2200 502 atque
2231 433 2282 487 id
2304 448 2515 505 quoque
2545 435 2597 490 in
2618 434 3007 491 detrimentum
3053 436 3209 492 nobis
3233 438 3411 495 cedat.
3441 439 3618 510 Siqui-

2034 522 2157 579 dem
2186 524 2317 580 vidit
2342 525 2569 582 fortasse
2597 527 2865 597 quispiam
2896 527 3179 598 impudicis
3224 530 3399 586 oculis
3426 533 3620 589 mulie-

2038 630 2174 680 rem,
2208 631 2306 671 nec
2335 616 2389 672 id
2418 627 2510 671 aut
2534 618 2730 674 mulier
2749 635 2871 690 quae
2898 631 3189 690 conspecta
3209 631 3313 687 est,
3340 634 3433 678 aut
3466 625 3503 679 ii
3522 641 3611 695 qut

2036 723 2140 762 una
2183 709 2587 779 gradiebantur,
2617 723 2938 780 senserunt;
2971 730 3159 771 verum
3207 719 3423 773 oculum
3474 720 3616 775 illum

2035 802 2343 871 pervigilem
2370 803 2593 859 minime
2637 805 2790 875 fugit.
2820 806 2953 861 Nam
2978 808 3068 863 ille
3091 809 3241 879 prius
3265 811 3431 866 etiam
3459 828 3616 882 quam

2035 904 2315 962 peccatum
2365 896 2657 953 admissum
2708 907 2893 966 esset,
2926 900 3250 971 impudicam
3301 905 3539 959 animam
3568 915 3619 960 et

2034 981 2302 1038 internum
2346 983 2582 1041 furorem
2611 996 2666 1043 et
2693 991 3047 1060 cogitationes
3094 992 3148 1047 in
3195 1002 3519 1061 tempestate
3559 1010 3619 1050 ac

2035 1074 2266 1140 procella
2322 1090 2445 1131 sese
2485 1079 2870 1135 convolventes
2925 1085 3219 1153 perspexit.
3250 1084 3436 1155 Neque
3476 1086 3616 1141 enim

2034 1166 2259 1220 testibus
2285 1176 2339 1222 et
2365 1169 2689 1239 conjecturis
2716 1172 2808 1228 ille
2835 1187 2974 1243 opus
3004 1175 3184 1242 habet,
3214 1177 3301 1231 cui
3321 1178 3505 1232 omnia
3529 1193 3617 1233 ex-

2032 1255 2237 1323 plorata
2269 1267 2414 1313 sunt.
2472 1261 2734 1325 Quocirca
2761 1279 2830 1318 ne
2850 1266 3037 1321 oculos
3059 1267 3124 1321 ad
3156 1281 3453 1324 conservos
3498 1278 3616 1325 tuos

2031 1356 2357 1403 convertas:
2408 1365 2532 1404 nam
2578 1353 2789 1408 etiamsi
2831 1354 2993 1411 homo
3037 1356 3240 1425 laudet,
3269 1357 3407 1414 nihil
3440 1368 3613 1415 tamen

2031 1436 2133 1492 hoc
2152 1439 2516 1508 prodest,cum
2534 1443 2677 1499 Deus
2700 1459 2806 1500 non
2817 1448 3103 1517 approbat;
3121 1464 3223 1505 nec
3233 1450 3279 1505 si
3295 1450 3615 1506 condemnet

2030 1528 2212 1597 homo,
2240 1532 2528 1602 quidquam
2545 1533 2672 1592 hinc
2695 1536 3002 1594 detrimenti
3030 1540 3189 1607 redit,
3208 1557 3333 1597 cum
3353 1542 3495 1597 Deus
3511 1557 3611 1597 non

2030 1621 2369 1679 condemnat.
2388 1623 2468 1680 Ne
2480 1626 2579 1681 hac
2605 1641 2820 1699 quoque
2849 1631 3058 1685 ratione
3073 1631 3310 1701 iudicem
3322 1632 3389 1687 ad
3404 1633 3613 1688 iracun-

2029 1711 2170 1767 diam
2181 1716 2954 1782 concites,dumconservorum
2968 1722 3183 1791 quidem
3199 1738 3447 1794 magnam
3466 1726 3613 1780 ratio-

2030 1822 2151 1861 nem
2161 1808 2651 1880 habes,ipsoantem
2667 1812 3099 1883 indignante,nec
3112 1824 3257 1870 metu
3269 1831 3369 1871 nec
3385 1826 3613 1873 tremore

2029 1899 2276 1957 afﬁceris.
2305 1902 2483 1969 Quare
2506 1902 2718 1959 laudem
2734 1919 2878 1971 eam,
2903 1920 3023 1975 qua:
3042 1906 3110 1961 ab
3130 1906 3439 1963 hominibus
3456 1910 3613 1981 proﬂ-

2029 1993 2264 2058 ciscitur,
2287 2006 2707 2053 contemnamus.
2731 1998 3019 2068 Quousque
3038 1999 3251 2055 tandem
3279 2000 3417 2057 viles
3443 2009 3499 2056 et
3524 2001 3616 2056 ab.

2030 2083 2154 2151 jecti
2183 2087 2424 2141 erimus?
2451 2102 2730 2158 quousque
2754 2089 2863 2144 Deo
2893 2090 2960 2144 ad
2984 2091 3175 2145 (mlum
3206 2106 3306 2147 nos
3336 2092 3614 2148 sttollente

2030 2177 2133 2247 ipsi
2164 2178 2311 2233 humi
2339 2193 2558 2249 serpere
2578 2180 2967 2238 contendemus
2994 2185 3019 2237 ?
3039 2183 3254 2240 Fratres
3281 2184 3505 2256 Iosephi
3529 2228 3545 2254 ,
3567 2188 3613 2241 si

2033 2269 2130 2324 Dei
2172 2271 2416 2326 timorem
2448 2280 2571 2327 ante
2615 2274 2803 2329 oculos
2847 2272 3180 2340 habuissent,
3204 2285 3263 2332 ut
3291 2276 3492 2334 habere
3520 2292 3615 2348 par

2030 2371 2167 2429 erat,
2196 2378 2303 2418 non
2331 2372 2545 2433 captum
2568 2367 2622 2420 in
2653 2366 2944 2423 solitudine
2974 2368 3194 2424 fratrem
3217 2369 3615 2428 interemissent

2033 2456 2052 2527 (
2076 2455 2203 2511 Gen.
2233 2457 2301 2511 57
2327 2457 2368 2526 ).
2397 2455 2529 2512 Cain
2559 2472 2770 2523 rursus,
2793 2459 2840 2513 si
2869 2461 3188 2516 sententiam
3220 2463 3410 2532 ipsius,
3442 2472 3498 2518 ut
3518 2480 3613 2536 par

2034 2559 2174 2615 erat,
2198 2549 2553 2615 extimuisset,
2581 2565 2687 2605 non
2719 2551 2943 2607 dixisset
2967 2571 2981 2607 :
3022 2552 3149 2608 Veni
3163 2565 3211 2608 et
3227 2556 3615 2625 egrediamstrin

2031 2656 2210 2711 agrum
2238 2639 2389 2712 (Gen.
2412 2642 2468 2696 4.
2495 2641 2575 2711 8).
2596 2640 2734 2709 Quid
2755 2644 2921 2709 enim,
2948 2659 2981 2697 ο
3009 2645 3176 2701 miser
3195 2654 3251 2702 et
3276 2647 3611 2716 calamitose,

2031 2746 2061 2784 a
2092 2740 2242 2800 patre
2288 2732 2459 2803 ipsum
2505 2733 2761 2790 distrahis
2810 2742 2971 2805 atque
2993 2736 3044 2790 in
3076 2751 3325 2807 campum
3348 2738 3614 2795 abducis!

2033 2838 2211 2879 annon
2254 2825 2394 2881 Deus
2435 2826 2597 2882 etiam
2628 2827 2679 2881 in
2721 2842 2914 2898 campo
2957 2827 3163 2885 facinus
3201 2839 3351 2886 tuum
3387 2832 3565 2887 cernit
3590 2836 3618 2889 ?

2033 2931 2212 2971 annon
2239 2917 2308 2972 ab
2334 2917 2439 2986 iis,
2486 2933 2607 2987 qua:
2663 2920 2801 2988 patri
2858 2929 2950 2974 tuo
2990 2919 3321 2989 acciderunt,
3353 2922 3611 2989 didicisti,

2033 3008 2175 3078 quod
2201 3007 2383 3062 omnia
2414 3008 2576 3074 norit,
2606 3018 2766 3079 atque
2789 3010 3036 3065 omnibus
3058 3026 3178 3081 quae
3201 3012 3333 3066 liuut
3361 3013 3620 3069 intersit?

2033 3100 2174 3168 Quid
2199 3111 2378 3156 autem
2404 3115 2581 3156 causae
2604 3113 2707 3167 est,
2742 3115 2842 3156 cur
2868 3116 2973 3156 non
3015 3100 3082 3157 ad
3121 3117 3243 3158 eum
3272 3104 3449 3159 scelus
3491 3105 3619 3160 inli-

2033 3195 2267 3251 ciantem
2292 3194 2363 3247 ita
2392 3192 2641 3263 loquutus
2666 3193 2757 3257 sit,
2781 3192 2936 3248 Mene
2954 3193 3121 3259 celas,
3152 3196 3240 3265 qui
3269 3196 3467 3267 ubique
3510 3197 3616 3251 ad-

2033 3301 2151 3341 sum
2177 3294 2233 3340 et
2255 3299 2449 3340 arcana
2480 3284 2603 3338 novi
2630 3283 2654 3338 ἲ
2681 3282 2815 3351 Quia
2845 3283 3084 3339 nondum
3114 3286 3204 3340 ille
3238 3284 3359 3341 hmo
3377 3295 3529 3342 recte
3550 3302 3619 3342 ac

2034 3377 2305 3448 sapienter
2346 3377 2624 3445 percipere
2674 3384 2904 3445 poterat.
2955 3375 3095 3443 Quid
3125 3385 3304 3432 autem
3330 3377 3453 3431 ait?
3505 3377 3623 3433 Vos

2034 3468 2295 3541 sanguinis
2316 3471 2490 3539 fratris
2528 3468 2601 3521 tui
2626 3468 2813 3521 clamat
2839 3467 2909 3521 ad
2930 3484 3011 3523 me
3042 3467 3222 3541 (Ibid.
3250 3486 3298 3524 υ.
3332 3468 3435 3541 10)
3459 3486 3475 3536 ;
3506 3486 3618 3525 non

2034 3560 2176 3630 quod
2203 3560 2421 3629 sanguis
2469 3573 2657 3614 vocem
2683 3557 2897 3625 habeat,
2927 3558 3022 3614 sed
3052 3559 3241 3616 eodem
3290 3560 3476 3627 modo,
3506 3576 3621 3631 quo

2035 3651 2103 3706 de
2146 3649 2442 3720 perspicuis
2461 3663 2526 3704 ac
2550 3647 2848 3704 manifestis
2880 3649 3065 3705 dicere
3089 3650 3347 3716 solemus,
3376 3650 3486 3706 Res
3508 3652 3622 3707 cla-

2036 3752 2166 3797 mat.
2218 3743 2296 3799 Ac
2316 3740 2540 3812 proinde
2582 3741 2676 3796 Dei
2725 3742 3047 3797 sententiam
3074 3742 3144 3798 ob
3176 3742 3365 3797 oculos
3404 3758 3622 3813 semper

2037 3832 2238 3889 habere
2264 3846 2401 3902 opus
2425 3842 2530 3898 est;
2548 3847 2780 3902 moxque
2805 3832 2979 3887 omnia
2999 3832 3136 3887 mala
3154 3833 3415 3889 exstincta
3436 3844 3615 3890 erunt.

2038 3923 2127 3978 Sic
2155 3924 2208 3978 in
2241 3922 2489 3992 precibus
2516 3936 2731 3993 quoque
2758 3922 3066 3993 vigilantem
3093 3923 3330 3977 animum
3357 3934 3617 3994 prestare

2038 4028 2342 4084 possumus,
2385 4012 2429 4066 si
2456 4027 2614 4083 quem
2659 4011 2994 4083 alloquamur
3038 4012 3370 4083 cogitemus,
3402 4015 3451 4068 si
3489 4014 3621 4069 illud

2038 4113 2369 4175 reputemus,
2423 4117 2523 4159 nos
2569 4102 2891 4158 sacriﬁcium
2923 4102 3141 4171 oll‘erre,
3198 4104 3547 4176 gladiumque
3567 4108 3622 4161 in

2043 4194 2309 4259 manibus,
2339 4195 2515 4265 ignem
2544 4208 2610 4248 ac
2638 4192 2782 4264 ligna
2816 4194 3048 4261 habere;
3082 4195 3127 4250 si
3168 4195 3284 4250 caeli
3312 4207 3501 4266 portas
3528 4214 3622 4267 per

2037 4287 2416 4358 cogitationem
2470 4301 2792 4351 reseramus,
2833 4287 2879 4342 si
2929 4287 3055 4342 illuc
3112 4288 3424 4358 migremus,
3470 4304 3623 4345 acce-

2039 4388 2301 4451 ptumque
2327 4380 2554 4450 Spiritus
2580 4378 2813 4450 gladium
2845 4380 2898 4435 in
2944 4380 3173 4435 victima:
3200 4380 3389 4452 jugulo
3416 4381 3623 4453 deﬁga-

2045 4487 2171 4528 mus
2192 4513 2209 4539 ,
2240 4472 2449 4543 ipsique
2501 4471 2831 4542 vigilantiam
2880 4471 3238 4536 immolemus,
3268 4487 3333 4528 ac
3359 4472 3623 4545 lacrymas

2038 4562 2394 4619 eﬁ'undamus.
2421 4562 2519 4618 Hic
2547 4562 2692 4617 enim
2723 4561 2880 4632 hujus
2898 4562 3126 4617 victima:
3146 4560 3365 4632 sanguis
3381 4573 3502 4619 est:
3533 4564 3621 4618 tali

2045 4657 2217 4712 altare
2246 4655 2377 4711 illud
2404 4654 2554 4711 caede
2582 4656 2821 4725 tingitur.
2872 4653 2950 4709 Ne
2974 4654 3137 4724 igitur
3156 4653 3302 4710 sinas
3329 4654 3624 4725 quituruam

2043 4749 2398 4804 humanarum
2453 4746 2841 4818 cogitationum
2863 4744 3096 4801 animam
3123 4753 3268 4801 tuam
3300 4753 3416 4801 tum
3462 4760 3627 4804 occu-

2041 4855 2191 4911 pare.

2113 4933 2167 4987 ι.
2191 4931 2393 4988 Subeat
2410 4932 2463 4986 in
2481 4939 2742 4996 mentem,
2767 4928 3149 4996 Abrahamum,
3161 4944 3280 4986 cum
3298 4930 3619 4988 sacriﬁcium

2043 5023 2285 5086 offerret,
2315 5012 2422 5077 non
2468 5021 2654 5089 uxori,
2686 5036 2792 5077 non
2815 5035 2992 5087 servo,
3042 5036 3147 5075 non
3174 5021 3262 5077 alii
3288 5022 3540 5091 cuiquam
3568 5029 3623 5074 ut

2043 5114 2260 5170 adesset
2287 5112 2623 5183 permisisse.
2660 5111 2863 5171 Eodem
2883 5110 3044 5166 modo
3071 5121 3124 5170 tu
3138 5126 3353 5183 quoque
3373 5127 3449 5167 ne
3479 5114 3620 5168 sinas

2044 5216 2102 5262 ut
2126 5205 2336 5262 servilis
2366 5205 2505 5261 nllus
2542 5213 2594 5259 et
2631 5203 2909 5259 illiberalis
2946 5200 3172 5259 allectus
3195 5202 3287 5258 tibi
3314 5202 3481 5265 adsit,
3528 5203 3620 5259 sed

2046 5298 2195 5353 solus
2218 5298 2271 5352 in
2294 5304 2538 5367 montem
2588 5294 2843 5361 ascende,
2871 5293 2938 5349 ad
2979 5309 3135 5364 quem
3166 5294 3256 5349 ille
3277 5292 3543 5362 ascendit,
3572 5304 3622 5347 et

2047 5390 2113 5445 ad
2139 5405 2297 5461 quem
2326 5388 2475 5444 nefas
2496 5396 2580 5445 est
2602 5389 2763 5443 alium
2786 5400 3107 5457 quemquam
3129 5383 3438 5442 ascendere.
3470 5382 3620 5450 Quod

2044 5482 2093 5536 si
2113 5497 2235 5553 qua:
2266 5480 2573 5552 huiusmodi
2620 5479 2975 5549 cogitationes
3000 5491 3103 5532 una
3130 5473 3499 5531 conscendere
3527 5489 3618 5527 co—

2046 5585 2267 5641 nentur,
2302 5576 2504 5644 impcra
2534 5572 2613 5628 eis
2641 5586 2760 5627 cum
2785 5571 3126 5635 auctoritate,
3156 5583 3219 5623 ac
3237 5566 3325 5623 dic
3353 5584 3367 5625 :
3422 5564 3619 5622 Sedete

2043 5667 2151 5731 hic,
2176 5681 2276 5736 ego
2295 5664 2473 5721 autem
2497 5673 2551 5720 et
2579 5664 2740 5730 Illius,
2775 5674 3056 5733 postquam
3087 5660 3512 5725 adoraverimus,
3537 5672 3618 5711 re.

2047 5759 2353 5831 vertemur(
2377 5757 2503 5814 Gen.
2537 5755 2628 5812 23.
2661 5756 2772 5827 5):
2804 5765 2968 5826 atque
3010 5753 3155 5811 asina
3182 5764 3235 5810 et
3261 5750 3462 5824 pueris,
3488 5747 3615 5806 etsi
