  <div class='ocr_page' id='page_1' title='image "/cluster/home/n/w/nwhite01/storage/ocr_20150623/61/hvd.32044019190461/438.png"; bbox 0 0 3712 6212; ppageno 0'>
   <div class='ocr_carea' id='block_1_1' title="bbox 87 319 2095 399">
    <p class='ocr_par' dir='ltr' id='par_1_1' title="bbox 87 319 2095 399">
     <span class='ocr_line' id='line_1_1' title="bbox 87 319 2095 399; baseline -0.001 -13"><span class='ocrx_word' id='word_1_1' title='bbox 87 348 100 399; x_wconf 71' lang='grc' dir='ltr'>ί</span> <span class='ocrx_word' id='word_1_2' title='bbox 984 327 1052 384; x_wconf 78' lang='lat' dir='ltr'>IN</span> <span class='ocrx_word' id='word_1_3' title='bbox 1082 325 1305 384; x_wconf 80' lang='lat' dir='ltr'>EPIST.</span> <span class='ocrx_word' id='word_1_4' title='bbox 1342 324 1385 380; x_wconf 89' lang='lat' dir='ltr'>Il</span> <span class='ocrx_word' id='word_1_5' title='bbox 1428 321 1520 377; x_wconf 78' lang='lat' dir='ltr'><strong>AD</strong></span> <span class='ocrx_word' id='word_1_6' title='bbox 1561 319 1721 379; x_wconf 85' lang='lat' dir='ltr'>COR.</span> <span class='ocrx_word' id='word_1_7' title='bbox 1762 323 2002 382; x_wconf 68' lang='lat' dir='ltr'>HOMIL.</span> <span class='ocrx_word' id='word_1_8' title='bbox 2033 328 2095 385; x_wconf 80' lang='lat' dir='ltr'>V.</span> 
     </span>
    </p>
   </div>
   <div class='ocr_carea' id='block_1_2' title="bbox 3082 319 3190 374">
    <p class='ocr_par' dir='ltr' id='par_1_2' title="bbox 3082 319 3190 374">
     <span class='ocr_line' id='line_1_2' title="bbox 3082 319 3190 374; baseline -0.019 0"><span class='ocrx_word' id='word_1_9' title='bbox 3082 319 3190 374; x_wconf 64' lang='grc' dir='ltr'>4Ξί</span> 
     </span>
    </p>
   </div>
   <div class='ocr_carea' id='block_1_3' title="bbox 92 433 3237 528">
    <p class='ocr_par' dir='ltr' id='par_1_3' title="bbox 92 433 3237 528">
     <span class='ocr_line' id='line_1_3' title="bbox 92 433 3237 528; baseline -0.008 -20"><span class='ocrx_word' id='word_1_10' title='bbox 92 458 179 528; x_wconf 77' lang='grc' dir='ltr'>γὰρ</span> <span class='ocrx_word' id='word_1_11' title='bbox 200 454 462 521; x_wconf 75' lang='grc' dir='ltr'>καύχησις</span> <span class='ocrx_word' id='word_1_12' title='bbox 496 450 666 521; x_wconf 73' lang='grc' dir='ltr'>ἡμῶν</span> <span class='ocrx_word' id='word_1_13' title='bbox 702 448 852 516; x_wconf 84' lang='grc' dir='ltr'>αὕτη</span> <span class='ocrx_word' id='word_1_14' title='bbox 892 446 1043 511; x_wconf 75' lang='grc' dir='ltr'>ἐστι,</span> <span class='ocrx_word' id='word_1_15' title='bbox 1080 446 1145 499; x_wconf 84' lang='grc' dir='ltr'>τὸ</span> <span class='ocrx_word' id='word_1_16' title='bbox 1180 444 1508 515; x_wconf 77' lang='grc' dir='ltr'>μαρτύριον</span> <span class='ocrx_word' id='word_1_17' title='bbox 1617 442 1814 513; x_wconf 79' lang='grc' dir='ltr'>μένους</span> <span class='ocrx_word' id='word_1_18' title='bbox 1838 443 1897 496; x_wconf 82' lang='grc' dir='ltr'>ἐν</span> <span class='ocrx_word' id='word_1_19' title='bbox 1927 441 2066 514; x_wconf 78' lang='grc' dir='ltr'>ζάλῃ</span> <span class='ocrx_word' id='word_1_20' title='bbox 2088 442 2183 497; x_wconf 74' lang='grc' dir='ltr'>καὶ</span> <span class='ocrx_word' id='word_1_21' title='bbox 2219 441 2468 497; x_wconf 81' lang='grc' dir='ltr'>κλύδωνι.</span> <span class='ocrx_word' id='word_1_22' title='bbox 2500 439 2633 495; x_wconf 84' lang='grc' dir='ltr'><strong>Οὐδὲ</strong></span> <span class='ocrx_word' id='word_1_23' title='bbox 2654 438 2763 510; x_wconf 81' lang='grc' dir='ltr'>γὰρ</span> <span class='ocrx_word' id='word_1_24' title='bbox 2785 436 2954 491; x_wconf 81' lang='grc' dir='ltr'>δεῖται</span> <span class='ocrx_word' id='word_1_25' title='bbox 2986 433 3193 505; x_wconf 80' lang='grc' dir='ltr'>μαρτύ-</span> <span class='ocrx_word' id='word_1_26' title='bbox 3234 450 3237 452; x_wconf 91' lang='grc'><strong>·</strong></span> 
     </span>
    </p>
   </div>
   <div class='ocr_carea' id='block_1_4' title="bbox 85 532 1506 616">
    <p class='ocr_par' dir='ltr' id='par_1_4' title="bbox 85 532 1506 616">
     <span class='ocr_line' id='line_1_4' title="bbox 85 532 1506 616; baseline -0.011 -14"><span class='ocrx_word' id='word_1_27' title='bbox 85 574 99 616; x_wconf 63' lang='grc' dir='ltr'><strong>τ</strong></span> <span class='ocrx_word' id='word_1_28' title='bbox 146 545 528 611; x_wconf 77' lang='grc' dir='ltr'>συνειδήσεως,</span> <span class='ocrx_word' id='word_1_29' title='bbox 582 542 671 595; x_wconf 85' lang='grc' dir='ltr'>ὅτι</span> <span class='ocrx_word' id='word_1_30' title='bbox 717 543 829 595; x_wconf 84' lang='grc' dir='ltr'>οὐκ</span> <span class='ocrx_word' id='word_1_31' title='bbox 874 540 945 593; x_wconf 70' lang='grc' dir='ltr'>ἐν</span> <span class='ocrx_word' id='word_1_32' title='bbox 992 538 1179 607; x_wconf 75' lang='grc' dir='ltr'>σοφίᾳ</span> <span class='ocrx_word' id='word_1_33' title='bbox 1221 532 1506 604; x_wconf 78' lang='grc' dir='ltr'>σαρκικῇ,</span> 
     </span>
    </p>
   </div>
   <div class='ocr_carea' id='block_1_5' title="bbox 86 629 1504 707">
    <p class='ocr_par' dir='ltr' id='par_1_5' title="bbox 86 629 1504 707">
     <span class='ocr_line' id='line_1_5' title="bbox 86 629 1504 707; baseline -0.012 -10"><span class='ocrx_word' id='word_1_34' title='bbox 86 644 119 697; x_wconf 78' lang='grc' dir='ltr'>ι’</span> <span class='ocrx_word' id='word_1_35' title='bbox 138 642 197 693; x_wconf 83' lang='grc' dir='ltr'>ἐν</span> <span class='ocrx_word' id='word_1_36' title='bbox 221 637 382 707; x_wconf 78' lang='grc' dir='ltr'>χάριτι</span> <span class='ocrx_word' id='word_1_37' title='bbox 410 636 560 690; x_wconf 85' lang='grc' dir='ltr'>Θεοῦ</span> <span class='ocrx_word' id='word_1_38' title='bbox 593 632 1055 702; x_wconf 58' lang='grc' dir='ltr'>ἀνεστράφημεν</span> <span class='ocrx_word' id='word_1_39' title='bbox 1074 632 1145 683; x_wconf 77' lang='grc' dir='ltr'>ἐν</span> <span class='ocrx_word' id='word_1_40' title='bbox 1171 629 1251 695; x_wconf 85' lang='grc' dir='ltr'>τῷ</span> <span class='ocrx_word' id='word_1_41' title='bbox 1280 629 1504 696; x_wconf 82' lang='grc' dir='ltr'>κόσμῳ.</span> 
     </span>
    </p>
   </div>
   <div class='ocr_carea' id='block_1_6' title="bbox 85 719 1506 801">
    <p class='ocr_par' dir='ltr' id='par_1_6' title="bbox 85 719 1506 801">
     <span class='ocr_line' id='line_1_6' title="bbox 85 719 1506 801; baseline -0.011 -14"><span class='ocrx_word' id='word_1_42' title='bbox 85 728 163 787; x_wconf 75' lang='grc' dir='ltr'>ιοῦ</span> <span class='ocrx_word' id='word_1_43' title='bbox 187 731 268 801; x_wconf 77' lang='grc' dir='ltr'>τὴν</span> <span class='ocrx_word' id='word_1_44' title='bbox 302 729 481 798; x_wconf 81' lang='grc' dir='ltr'>κτῆσιν</span> <span class='ocrx_word' id='word_1_45' title='bbox 534 727 781 798; x_wconf 77' lang='grc' dir='ltr'>ἐνόμιζον</span> <span class='ocrx_word' id='word_1_46' title='bbox 822 726 1019 778; x_wconf 85' lang='grc' dir='ltr'>ἐκεῖνοι</span> <span class='ocrx_word' id='word_1_47' title='bbox 1049 720 1186 775; x_wconf 74' lang='grc' dir='ltr'>εἶναι</span> <span class='ocrx_word' id='word_1_48' title='bbox 1226 719 1506 791; x_wconf 90' lang='grc' dir='ltr'>καύχημα,</span> 
     </span>
    </p>
   </div>
   <div class='ocr_carea' id='block_1_7' title="bbox 109 808 1505 887">
    <p class='ocr_par' dir='ltr' id='par_1_7' title="bbox 109 808 1505 887">
     <span class='ocr_line' id='line_1_7' title="bbox 109 808 1505 887; baseline -0.009 -15"><span class='ocrx_word' id='word_1_49' title='bbox 109 817 269 887; x_wconf 79' lang='grc' dir='ltr'>σοφίας</span> <span class='ocrx_word' id='word_1_50' title='bbox 295 818 426 885; x_wconf 86' lang='grc' dir='ltr'>λέγω</span> <span class='ocrx_word' id='word_1_51' title='bbox 469 816 572 887; x_wconf 86' lang='grc' dir='ltr'>τῆς</span> <span class='ocrx_word' id='word_1_52' title='bbox 603 815 823 880; x_wconf 78' lang='grc' dir='ltr'>ἔξωθεν,</span> <span class='ocrx_word' id='word_1_53' title='bbox 854 808 1007 875; x_wconf 74' lang='grc' dir='ltr'>οὗτος</span> <span class='ocrx_word' id='word_1_54' title='bbox 1049 810 1149 881; x_wconf 83' lang='grc' dir='ltr'>τὴν</span> <span class='ocrx_word' id='word_1_55' title='bbox 1191 810 1471 882; x_wconf 86' lang='grc' dir='ltr'>ἀναίρεσιν</span> <span class='ocrx_word' id='word_1_56' title='bbox 1490 824 1505 840; x_wconf 91' lang='grc'><strong>·</strong></span> 
     </span>
    </p>
   </div>
   <div class='ocr_carea' id='block_1_8' title="bbox 85 900 1510 976">
    <p class='ocr_par' dir='ltr' id='par_1_8' title="bbox 85 900 1510 976">
     <span class='ocr_line' id='line_1_8' title="bbox 85 900 1510 976; baseline -0.019 2"><span class='ocrx_word' id='word_1_57' title='bbox 85 911 160 963; x_wconf 58' lang='grc' dir='ltr'>καὶ</span> <span class='ocrx_word' id='word_1_58' title='bbox 181 906 385 973; x_wconf 60' lang='grc' dir='ltr'>ἐνταῦθά</span> <span class='ocrx_word' id='word_1_59' title='bbox 409 923 565 976; x_wconf 73' lang='grc' dir='ltr'>φησιν</span> <span class='ocrx_word' id='word_1_60' title='bbox 598 905 709 959; x_wconf 73' lang='grc' dir='ltr'>Καὶ</span> <span class='ocrx_word' id='word_1_61' title='bbox 744 904 895 973; x_wconf 82' lang='grc' dir='ltr'>πρὸς</span> <span class='ocrx_word' id='word_1_62' title='bbox 924 904 1114 959; x_wconf 84' lang='grc' dir='ltr'>ταῦτα</span> <span class='ocrx_word' id='word_1_63' title='bbox 1141 904 1234 968; x_wconf 77' lang='grc' dir='ltr'>τίς</span> <span class='ocrx_word' id='word_1_64' title='bbox 1261 900 1510 968; x_wconf 76' lang='grc' dir='ltr'>ὶκανός;</span> 
     </span>
    </p>
   </div>
   <div class='ocr_carea' id='block_1_9' title="bbox 85 991 1512 1067">
    <p class='ocr_par' dir='ltr' id='par_1_9' title="bbox 85 991 1512 1067">
     <span class='ocr_line' id='line_1_9' title="bbox 85 991 1512 1067; baseline -0.006 -15"><span class='ocrx_word' id='word_1_65' title='bbox 85 1002 116 1052; x_wconf 81' lang='grc' dir='ltr'>ῑὲ</span> <span class='ocrx_word' id='word_1_66' title='bbox 145 998 210 1067; x_wconf 80' lang='grc' dir='ltr'>μὴ</span> <span class='ocrx_word' id='word_1_67' title='bbox 236 997 411 1062; x_wconf 72' lang='grc' dir='ltr'>ἱκανοὶ,</span> <span class='ocrx_word' id='word_1_68' title='bbox 440 996 663 1066; x_wconf 90' lang='grc' dir='ltr'>χάριτος</span> <span class='ocrx_word' id='word_1_69' title='bbox 700 993 763 1048; x_wconf 90' lang='grc' dir='ltr'>τὸ</span> <span class='ocrx_word' id='word_1_70' title='bbox 804 994 1109 1066; x_wconf 85' lang='grc' dir='ltr'>γινόμενον.</span> <span class='ocrx_word' id='word_1_71' title='bbox 1158 995 1239 1047; x_wconf 86' lang='grc' dir='ltr'>Οὐ</span> <span class='ocrx_word' id='word_1_72' title='bbox 1270 992 1381 1062; x_wconf 77' lang='grc' dir='ltr'>γάρ</span> <span class='ocrx_word' id='word_1_73' title='bbox 1406 991 1512 1044; x_wconf 83' lang='grc' dir='ltr'>ἐσ-</span> 
     </span>
    </p>
   </div>
   <div class='ocr_carea' id='block_1_10' title="bbox 90 1080 1512 1157">
    <p class='ocr_par' dir='ltr' id='par_1_10' title="bbox 90 1080 1512 1157">
     <span class='ocr_line' id='line_1_10' title="bbox 90 1080 1512 1157; baseline -0.006 -15"><span class='ocrx_word' id='word_1_74' title='bbox 90 1132 102 1153; x_wconf 92' lang='grc'>,</span> <span class='ocrx_word' id='word_1_75' title='bbox 123 1087 299 1157; x_wconf 82' lang='grc' dir='ltr'>ὥσπερ</span> <span class='ocrx_word' id='word_1_76' title='bbox 316 1088 365 1140; x_wconf 81' lang='grc' dir='ltr'><em>οι</em></span> <span class='ocrx_word' id='word_1_77' title='bbox 382 1084 580 1140; x_wconf 73' lang='grc' dir='ltr'>λοιποὶ</span> <span class='ocrx_word' id='word_1_78' title='bbox 600 1085 1047 1154; x_wconf 74' lang='grc' dir='ltr'>καπηλεύοντες</span> <span class='ocrx_word' id='word_1_79' title='bbox 1068 1084 1177 1140; x_wconf 77' lang='grc' dir='ltr'>τὸν</span> <span class='ocrx_word' id='word_1_80' title='bbox 1193 1085 1380 1154; x_wconf 74' lang='grc' dir='ltr'>λόγον</span> <span class='ocrx_word' id='word_1_81' title='bbox 1404 1080 1512 1135; x_wconf 85' lang='grc' dir='ltr'>τοῦ</span> 
     </span>
    </p>
   </div>
   <div class='ocr_carea' id='block_1_11' title="bbox 89 1199 135 1237">
    <p class='ocr_par' dir='ltr' id='par_1_11' title="bbox 89 1199 135 1237">
     <span class='ocr_line' id='line_1_11' title="bbox 89 1199 135 1237; baseline 0.065 -3"><span class='ocrx_word' id='word_1_82' title='bbox 89 1199 135 1237; x_wconf 69' lang='grc' dir='ltr'>υ.</span> 
     </span>
    </p>
   </div>
   <div class='ocr_carea' id='block_1_12' title="bbox 85 1352 1517 1429">
    <p class='ocr_par' dir='ltr' id='par_1_12' title="bbox 85 1352 1517 1429">
     <span class='ocr_line' id='line_1_12' title="bbox 85 1352 1517 1429; baseline -0.003 -18"><span class='ocrx_word' id='word_1_83' title='bbox 85 1366 104 1411; x_wconf 87' lang='lat'>&#39;.</span> <span class='ocrx_word' id='word_1_84' title='bbox 124 1356 180 1411; x_wconf 79' lang='lat' dir='ltr'><strong>El</strong></span> <span class='ocrx_word' id='word_1_85' title='bbox 205 1357 303 1427; x_wconf 86' lang='lat'>7&amp;9</span> <span class='ocrx_word' id='word_1_86' title='bbox 328 1358 418 1411; x_wconf 77' lang='grc' dir='ltr'>καὶ</span> <span class='ocrx_word' id='word_1_87' title='bbox 446 1357 657 1429; x_wconf 87' lang='grc' dir='ltr'>μεγάλα</span> <span class='ocrx_word' id='word_1_88' title='bbox 685 1354 1058 1428; x_wconf 73' lang='grc' dir='ltr'>φθεγγόμεθα,</span> <span class='ocrx_word' id='word_1_89' title='bbox 1078 1352 1517 1425; x_wconf 73' lang='grc' dir='ltr'>ἀλλὀὑδὲνὴμι-</span> 
     </span>
    </p>
   </div>
   <div class='ocr_carea' id='block_1_13' title="bbox 85 1442 1512 1520">
    <p class='ocr_par' dir='ltr' id='par_1_13' title="bbox 85 1442 1512 1520">
     <span class='ocr_line' id='line_1_13' title="bbox 85 1442 1512 1520; baseline -0.004 -18"><span class='ocrx_word' id='word_1_90' title='bbox 85 1467 121 1502; x_wconf 78' lang='lat' dir='ltr'><em>w</em></span> <span class='ocrx_word' id='word_1_91' title='bbox 154 1449 343 1519; x_wconf 76' lang='grc' dir='ltr'>ἔφαμεν</span> <span class='ocrx_word' id='word_1_92' title='bbox 369 1446 507 1505; x_wconf 74' lang='grc' dir='ltr'>εἶναι</span> <span class='ocrx_word' id='word_1_93' title='bbox 553 1448 904 1520; x_wconf 88' lang='grc' dir='ltr'>κατόρθωμα,</span> <span class='ocrx_word' id='word_1_94' title='bbox 937 1447 1071 1501; x_wconf 87' lang='grc' dir='ltr'>ἀλλά</span> <span class='ocrx_word' id='word_1_95' title='bbox 1098 1446 1167 1500; x_wconf 89' lang='grc' dir='ltr'>τά</span> <span class='ocrx_word' id='word_1_96' title='bbox 1208 1447 1385 1500; x_wconf 88' lang='grc' dir='ltr'>πάντα</span> <span class='ocrx_word' id='word_1_97' title='bbox 1414 1442 1512 1498; x_wconf 92' lang='grc' dir='ltr'>τοῦ</span> 
     </span>
    </p>
   </div>
   <div class='ocr_carea' id='block_1_14' title="bbox 85 1535 1514 1613">
    <p class='ocr_par' dir='ltr' id='par_1_14' title="bbox 85 1535 1514 1613">
     <span class='ocr_line' id='line_1_14' title="bbox 85 1535 1514 1613; baseline -0.003 -18"><span class='ocrx_word' id='word_1_98' title='bbox 85 1541 224 1595; x_wconf 79' lang='grc' dir='ltr'>ποῦ’</span> <span class='ocrx_word' id='word_1_99' title='bbox 266 1542 379 1596; x_wconf 79' lang='grc' dir='ltr'>οὐδὲ</span> <span class='ocrx_word' id='word_1_100' title='bbox 419 1542 531 1613; x_wconf 83' lang='grc' dir='ltr'>γὰρ</span> <span class='ocrx_word' id='word_1_101' title='bbox 582 1540 935 1613; x_wconf 80' lang='grc' dir='ltr'>μιμησόμεθα</span> <span class='ocrx_word' id='word_1_102' title='bbox 974 1541 1101 1603; x_wconf 81' lang='grc' dir='ltr'>τοὺς</span> <span class='ocrx_word' id='word_1_103' title='bbox 1142 1535 1514 1608; x_wconf 82' lang='grc' dir='ltr'>ψευδαποστό-</span> 
     </span>
    </p>
   </div>
   <div class='ocr_carea' id='block_1_15' title="bbox 86 1628 1514 1700">
    <p class='ocr_par' dir='ltr' id='par_1_15' title="bbox 86 1628 1514 1700">
     <span class='ocr_line' id='line_1_15' title="bbox 86 1628 1514 1700; baseline -0.004 -13"><span class='ocrx_word' id='word_1_104' title='bbox 86 1654 105 1700; x_wconf 51' lang='grc' dir='ltr'>ι,</span> <span class='ocrx_word' id='word_1_105' title='bbox 148 1634 267 1698; x_wconf 78' lang='grc' dir='ltr'>τοὺς</span> <span class='ocrx_word' id='word_1_106' title='bbox 303 1635 367 1689; x_wconf 81' lang='grc' dir='ltr'>τὰ</span> <span class='ocrx_word' id='word_1_107' title='bbox 402 1634 572 1691; x_wconf 84' lang='grc' dir='ltr'>πολλὰ</span> <span class='ocrx_word' id='word_1_108' title='bbox 610 1634 791 1689; x_wconf 78' lang='grc' dir='ltr'>αὐτῶν</span> <span class='ocrx_word' id='word_1_109' title='bbox 832 1629 975 1688; x_wconf 74' lang='grc' dir='ltr'>εἶναι</span> <span class='ocrx_word' id='word_1_110' title='bbox 1020 1631 1295 1700; x_wconf 82' lang='grc' dir='ltr'>λέγοντας.</span> <span class='ocrx_word' id='word_1_111' title='bbox 1344 1628 1514 1686; x_wconf 89' lang='grc' dir='ltr'>Τοῦτο</span> 
     </span>
    </p>
   </div>
   <div class='ocr_carea' id='block_1_16' title="bbox 86 1721 1514 1800">
    <p class='ocr_par' dir='ltr' id='par_1_16' title="bbox 86 1721 1514 1800">
     <span class='ocr_line' id='line_1_16' title="bbox 86 1721 1514 1800; baseline -0.002 -19"><span class='ocrx_word' id='word_1_112' title='bbox 86 1730 196 1781; x_wconf 87' lang='grc' dir='ltr'>ἐστι</span> <span class='ocrx_word' id='word_1_113' title='bbox 220 1728 570 1799; x_wconf 88' lang='grc' dir='ltr'>καπηλεῦσαι,</span> <span class='ocrx_word' id='word_1_114' title='bbox 592 1728 720 1781; x_wconf 81' lang='grc' dir='ltr'>ὅταν</span> <span class='ocrx_word' id='word_1_115' title='bbox 749 1744 833 1790; x_wconf 89' lang='grc' dir='ltr'>τις</span> <span class='ocrx_word' id='word_1_116' title='bbox 854 1725 1050 1800; x_wconf 80' lang='grc' dir='ltr'>νοθεύῃ</span> <span class='ocrx_word' id='word_1_117' title='bbox 1076 1725 1167 1780; x_wconf 84' lang='grc' dir='ltr'>τὸν</span> <span class='ocrx_word' id='word_1_118' title='bbox 1192 1721 1354 1787; x_wconf 76' lang='grc' dir='ltr'>οἶνον,</span> <span class='ocrx_word' id='word_1_119' title='bbox 1385 1724 1514 1778; x_wconf 81' lang='grc' dir='ltr'>ὅταν</span> 
     </span>
    </p>
   </div>
   <div class='ocr_carea' id='block_1_17' title="bbox 85 1814 1519 1890">
    <p class='ocr_par' dir='ltr' id='par_1_17' title="bbox 85 1814 1519 1890">
     <span class='ocr_line' id='line_1_17' title="bbox 85 1814 1519 1890; baseline -0.006 -15"><span class='ocrx_word' id='word_1_120' title='bbox 85 1818 347 1889; x_wconf 70' lang='grc' dir='ltr'>τρημάτων</span> <span class='ocrx_word' id='word_1_121' title='bbox 376 1818 555 1890; x_wconf 79' lang='grc' dir='ltr'>πωλῇ,</span> <span class='ocrx_word' id='word_1_122' title='bbox 596 1819 735 1890; x_wconf 85' lang='grc' dir='ltr'>ὅπερ</span> <span class='ocrx_word' id='word_1_123' title='bbox 766 1816 976 1889; x_wconf 80' lang='grc' dir='ltr'>δωρεὰν</span> <span class='ocrx_word' id='word_1_124' title='bbox 1009 1815 1115 1870; x_wconf 72' lang='grc' dir='ltr'>ἔδει</span> <span class='ocrx_word' id='word_1_125' title='bbox 1147 1814 1354 1869; x_wconf 89' lang='grc' dir='ltr'>δοῦναι.</span> <span class='ocrx_word' id='word_1_126' title='bbox 1398 1814 1519 1867; x_wconf 82' lang='grc' dir='ltr'>Ἐν-</span> 
     </span>
    </p>
   </div>
   <div class='ocr_carea' id='block_1_18' title="bbox 91 1906 1517 1983">
    <p class='ocr_par' dir='ltr' id='par_1_18' title="bbox 91 1906 1517 1983">
     <span class='ocr_line' id='line_1_18' title="bbox 91 1906 1517 1983; baseline -0.004 -19"><span class='ocrx_word' id='word_1_127' title='bbox 91 1928 122 1963; x_wconf 90' lang='grc' dir='ltr'>α</span> <span class='ocrx_word' id='word_1_128' title='bbox 149 1911 254 1981; x_wconf 84' lang='lat'>7&amp;9</span> <span class='ocrx_word' id='word_1_129' title='bbox 275 1910 362 1965; x_wconf 84' lang='grc' dir='ltr'>καὶ</span> <span class='ocrx_word' id='word_1_130' title='bbox 391 1913 470 1974; x_wconf 83' lang='grc' dir='ltr'>είς</span> <span class='ocrx_word' id='word_1_131' title='bbox 495 1912 754 1983; x_wconf 87' lang='grc' dir='ltr'>χρήματα</span> <span class='ocrx_word' id='word_1_132' title='bbox 776 1911 975 1973; x_wconf 73' lang='grc' dir='ltr'>αὐτοὺς</span> <span class='ocrx_word' id='word_1_133' title='bbox 1006 1910 1281 1963; x_wconf 85' lang='grc' dir='ltr'>σκώπτειν</span> <span class='ocrx_word' id='word_1_134' title='bbox 1315 1924 1406 1979; x_wconf 87' lang='grc' dir='ltr'>μοι</span> <span class='ocrx_word' id='word_1_135' title='bbox 1431 1906 1517 1959; x_wconf 87' lang='grc' dir='ltr'>δο⁴</span> 
     </span>
    </p>
   </div>
   <div class='ocr_carea' id='block_1_19' title="bbox 108 1992 1520 2073">
    <p class='ocr_par' dir='ltr' id='par_1_19' title="bbox 108 1992 1520 2073">
     <span class='ocr_line' id='line_1_19' title="bbox 108 1992 1520 2073; baseline -0.001 -20"><span class='ocrx_word' id='word_1_136' title='bbox 108 2002 197 2054; x_wconf 76' lang='grc' dir='ltr'>καὶ</span> <span class='ocrx_word' id='word_1_137' title='bbox 227 2002 357 2073; x_wconf 81' lang='grc' dir='ltr'>ὅπερ</span> <span class='ocrx_word' id='word_1_138' title='bbox 389 1996 540 2055; x_wconf 74' lang='grc' dir='ltr'>εἶπον</span> <span class='ocrx_word' id='word_1_139' title='bbox 582 2001 915 2056; x_wconf 77' lang='grc' dir='ltr'>αἰνίττεσθαι</span> <span class='ocrx_word' id='word_1_140' title='bbox 968 2000 1151 2066; x_wconf 87' lang='grc' dir='ltr'>πάλιν,</span> <span class='ocrx_word' id='word_1_141' title='bbox 1178 1992 1309 2062; x_wconf 76' lang='grc' dir='ltr'>οἷον,</span> <span class='ocrx_word' id='word_1_142' title='bbox 1335 1998 1417 2052; x_wconf 86' lang='grc' dir='ltr'>ὅτι</span> <span class='ocrx_word' id='word_1_143' title='bbox 1448 1996 1520 2051; x_wconf 82' lang='grc' dir='ltr'>τά</span> 
     </span>
    </p>
   </div>
   <div class='ocr_carea' id='block_1_20' title="bbox 85 2088 1519 2164">
    <p class='ocr_par' dir='ltr' id='par_1_20' title="bbox 85 2088 1519 2164">
     <span class='ocr_line' id='line_1_20' title="bbox 85 2088 1519 2164; baseline -0.003 -19"><span class='ocrx_word' id='word_1_144' title='bbox 85 2093 129 2145; x_wconf 58' lang='grc' dir='ltr'>ὃν</span> <span class='ocrx_word' id='word_1_145' title='bbox 161 2093 546 2164; x_wconf 86' lang='grc' dir='ltr'>ἀναμιγνύουσι</span> <span class='ocrx_word' id='word_1_146' title='bbox 569 2095 686 2157; x_wconf 86' lang='grc' dir='ltr'>τοῖς</span> <span class='ocrx_word' id='word_1_147' title='bbox 716 2093 881 2157; x_wconf 83' lang='grc' dir='ltr'>θείοις</span> <span class='ocrx_word' id='word_1_148' title='bbox 916 2109 934 2127; x_wconf 76' lang='grc'><em>’</em></span> <span class='ocrx_word' id='word_1_149' title='bbox 967 2092 1105 2163; x_wconf 80' lang='grc' dir='ltr'>ὅπερ</span> <span class='ocrx_word' id='word_1_150' title='bbox 1156 2090 1253 2145; x_wconf 79' lang='grc' dir='ltr'>καὶ</span> <span class='ocrx_word' id='word_1_151' title='bbox 1283 2088 1519 2152; x_wconf 75' lang='grc' dir='ltr'>Ἡσαΐας</span> 
     </span>
    </p>
   </div>
   <div class='ocr_carea' id='block_1_21' title="bbox 86 2176 1519 2254">
    <p class='ocr_par' dir='ltr' id='par_1_21' title="bbox 86 2176 1519 2254">
     <span class='ocr_line' id='line_1_21' title="bbox 86 2176 1519 2254; baseline -0.001 -18"><span class='ocrx_word' id='word_1_152' title='bbox 86 2184 189 2237; x_wconf 87' lang='grc' dir='ltr'>λῶν</span> <span class='ocrx_word' id='word_1_153' title='bbox 216 2183 417 2254; x_wconf 78' lang='grc' dir='ltr'>ἔλεγεν,</span> <span class='ocrx_word' id='word_1_154' title='bbox 449 2189 511 2240; x_wconf 84' lang='grc' dir='ltr'>οι</span> <span class='ocrx_word' id='word_1_155' title='bbox 537 2184 801 2253; x_wconf 73' lang='grc' dir='ltr'>κάπηλοι</span> <span class='ocrx_word' id='word_1_156' title='bbox 827 2200 945 2239; x_wconf 88' lang='grc' dir='ltr'>σου</span> <span class='ocrx_word' id='word_1_157' title='bbox 974 2184 1267 2253; x_wconf 80' lang='grc' dir='ltr'>μίσγουσι</span> <span class='ocrx_word' id='word_1_158' title='bbox 1298 2181 1408 2236; x_wconf 72' lang='grc' dir='ltr'>τόν</span> <span class='ocrx_word' id='word_1_159' title='bbox 1437 2176 1519 2235; x_wconf 72' lang='grc' dir='ltr'>οτι-</span> 
     </span>
    </p>
   </div>
   <div class='ocr_carea' id='block_1_22' title="bbox 85 2272 1520 2349">
    <p class='ocr_par' dir='ltr' id='par_1_22' title="bbox 85 2272 1520 2349">
     <span class='ocr_line' id='line_1_22' title="bbox 85 2272 1520 2349; baseline -0.003 -20"><span class='ocrx_word' id='word_1_160' title='bbox 85 2275 265 2330; x_wconf 79' lang='grc' dir='ltr'>ύδατι.</span> <span class='ocrx_word' id='word_1_161' title='bbox 294 2276 353 2329; x_wconf 76' lang='lat' dir='ltr'>EI</span> <span class='ocrx_word' id='word_1_162' title='bbox 378 2277 485 2349; x_wconf 89' lang='lat'>7&amp;9</span> <span class='ocrx_word' id='word_1_163' title='bbox 511 2277 605 2330; x_wconf 80' lang='grc' dir='ltr'>καὶ</span> <span class='ocrx_word' id='word_1_164' title='bbox 639 2294 704 2330; x_wconf 89' lang='grc' dir='ltr'>πε</span> <span class='ocrx_word' id='word_1_165' title='bbox 715 2276 768 2347; x_wconf 77' lang='grc' dir='ltr'>ρὶ</span> <span class='ocrx_word' id='word_1_166' title='bbox 799 2276 941 2330; x_wconf 85' lang='grc' dir='ltr'>οίνου</span> <span class='ocrx_word' id='word_1_167' title='bbox 971 2275 1128 2329; x_wconf 87' lang='grc' dir='ltr'>τοῦτο</span> <span class='ocrx_word' id='word_1_168' title='bbox 1156 2274 1391 2345; x_wconf 81' lang='grc' dir='ltr'>εἴρηται,</span> <span class='ocrx_word' id='word_1_169' title='bbox 1420 2272 1520 2325; x_wconf 83' lang='grc' dir='ltr'>οὐκ</span> 
     </span>
    </p>
   </div>
   <div class='ocr_carea' id='block_1_23' title="bbox 85 2362 1517 2438">
    <p class='ocr_par' dir='ltr' id='par_1_23' title="bbox 85 2362 1517 2438">
     <span class='ocr_line' id='line_1_23' title="bbox 85 2362 1517 2438; baseline -0.002 -17"><span class='ocrx_word' id='word_1_170' title='bbox 85 2384 127 2429; x_wconf 81' lang='grc' dir='ltr'>ις</span> <span class='ocrx_word' id='word_1_171' title='bbox 159 2367 393 2438; x_wconf 79' lang='grc' dir='ltr'>ἁμάρτοι</span> <span class='ocrx_word' id='word_1_172' title='bbox 428 2369 521 2421; x_wconf 73' lang='grc' dir='ltr'>καὶ</span> <span class='ocrx_word' id='word_1_173' title='bbox 566 2369 647 2432; x_wconf 83' lang='grc' dir='ltr'>είς</span> <span class='ocrx_word' id='word_1_174' title='bbox 680 2366 1029 2421; x_wconf 76' lang='grc' dir='ltr'>διδασκαλίαν</span> <span class='ocrx_word' id='word_1_175' title='bbox 1067 2364 1199 2419; x_wconf 76' lang='grc' dir='ltr'>αὐτὸ</span> <span class='ocrx_word' id='word_1_176' title='bbox 1234 2362 1517 2435; x_wconf 77' lang='grc' dir='ltr'>ἐκλαμϐά-</span> 
     </span>
    </p>
   </div>
   <div class='ocr_carea' id='block_1_24' title="bbox 122 2450 1522 2529">
    <p class='ocr_par' dir='ltr' id='par_1_24' title="bbox 122 2450 1522 2529">
     <span class='ocr_line' id='line_1_24' title="bbox 122 2450 1522 2529; baseline -0.002 -19"><span class='ocrx_word' id='word_1_177' title='bbox 122 2457 265 2511; x_wconf 79' lang='grc' dir='ltr'>’Λλλ⁹</span> <span class='ocrx_word' id='word_1_178' title='bbox 301 2458 395 2528; x_wconf 83' lang='grc' dir='ltr'>οὐχ</span> <span class='ocrx_word' id='word_1_179' title='bbox 425 2459 607 2528; x_wconf 83' lang='grc' dir='ltr'>ἡμεῖς,</span> <span class='ocrx_word' id='word_1_180' title='bbox 648 2457 836 2529; x_wconf 73' lang='grc' dir='ltr'>φησὶν,</span> <span class='ocrx_word' id='word_1_181' title='bbox 886 2457 1089 2519; x_wconf 80' lang='grc' dir='ltr'>οῦτως’</span> <span class='ocrx_word' id='word_1_182' title='bbox 1135 2455 1249 2509; x_wconf 80' lang='grc' dir='ltr'>ἀλλ’</span> <span class='ocrx_word' id='word_1_183' title='bbox 1277 2450 1365 2510; x_wconf 78' lang='grc' dir='ltr'>οἶα</span> <span class='ocrx_word' id='word_1_184' title='bbox 1404 2457 1522 2508; x_wconf 81' lang='grc' dir='ltr'>ἐπι-</span> 
     </span>
    </p>
   </div>
   <div class='ocr_carea' id='block_1_25' title="bbox 85 2547 1522 2620">
    <p class='ocr_par' dir='ltr' id='par_1_25' title="bbox 85 2547 1522 2620">
     <span class='ocr_line' id='line_1_25' title="bbox 85 2547 1522 2620; baseline -0.003 -18"><span class='ocrx_word' id='word_1_185' title='bbox 85 2550 269 2620; x_wconf 78' lang='grc' dir='ltr'>)ημεν,</span> <span class='ocrx_word' id='word_1_186' title='bbox 308 2549 534 2604; x_wconf 83' lang='grc' dir='ltr'>τοιαῦτα</span> <span class='ocrx_word' id='word_1_187' title='bbox 582 2550 915 2620; x_wconf 82' lang='grc' dir='ltr'>παρέχομεν,</span> <span class='ocrx_word' id='word_1_188' title='bbox 948 2549 1186 2619; x_wconf 77' lang='grc' dir='ltr'>ἄκρατον</span> <span class='ocrx_word' id='word_1_189' title='bbox 1225 2547 1522 2618; x_wconf 86' lang='grc' dir='ltr'>κιρνῶντες</span> 
     </span>
    </p>
   </div>
   <div class='ocr_carea' id='block_1_26' title="bbox 85 2639 1520 2714">
    <p class='ocr_par' dir='ltr' id='par_1_26' title="bbox 85 2639 1520 2714">
     <span class='ocr_line' id='line_1_26' title="bbox 85 2639 1520 2714; baseline -0.001 -20"><span class='ocrx_word' id='word_1_190' title='bbox 85 2643 200 2712; x_wconf 69' lang='grc' dir='ltr'>ὅγον</span> <span class='ocrx_word' id='word_1_191' title='bbox 224 2660 239 2674; x_wconf 93' lang='grc'><strong>·</strong></span> <span class='ocrx_word' id='word_1_192' title='bbox 269 2642 347 2696; x_wconf 87' lang='grc' dir='ltr'>διὸ</span> <span class='ocrx_word' id='word_1_193' title='bbox 368 2644 645 2714; x_wconf 76' lang='grc' dir='ltr'>ἐπήγαγεν</span> <span class='ocrx_word' id='word_1_194' title='bbox 672 2660 685 2675; x_wconf 78' lang='grc' dir='ltr'><strong><em>ο</em></strong></span> <span class='ocrx_word' id='word_1_195' title='bbox 730 2642 892 2696; x_wconf 71' lang='grc' dir='ltr'>Ἀλλ’</span> <span class='ocrx_word' id='word_1_196' title='bbox 920 2642 1000 2707; x_wconf 86' lang='grc' dir='ltr'>ὠς</span> <span class='ocrx_word' id='word_1_197' title='bbox 1025 2641 1094 2704; x_wconf 77' lang='grc' dir='ltr'>ἐξ</span> <span class='ocrx_word' id='word_1_198' title='bbox 1121 2639 1520 2709; x_wconf 80' lang='grc' dir='ltr'>είλικρινείας,</span> 
     </span>
    </p>
   </div>
   <div class='ocr_carea' id='block_1_27' title="bbox 100 2730 1525 2800">
    <p class='ocr_par' dir='ltr' id='par_1_27' title="bbox 100 2730 1525 2800">
     <span class='ocr_line' id='line_1_27' title="bbox 100 2730 1525 2800; baseline -0.003 -13"><span class='ocrx_word' id='word_1_199' title='bbox 100 2734 185 2799; x_wconf 82' lang='grc' dir='ltr'>ὡς</span> <span class='ocrx_word' id='word_1_200' title='bbox 202 2733 277 2787; x_wconf 85' lang='grc' dir='ltr'>ἐκ</span> <span class='ocrx_word' id='word_1_201' title='bbox 304 2733 470 2799; x_wconf 88' lang='grc' dir='ltr'>Θεοῦ,</span> <span class='ocrx_word' id='word_1_202' title='bbox 496 2733 865 2787; x_wconf 81' lang='grc' dir='ltr'>κατενώπιον</span> <span class='ocrx_word' id='word_1_203' title='bbox 892 2732 998 2787; x_wconf 83' lang='grc' dir='ltr'>τοῦ</span> <span class='ocrx_word' id='word_1_204' title='bbox 1029 2731 1175 2787; x_wconf 84' lang='grc' dir='ltr'>Θεοῦ</span> <span class='ocrx_word' id='word_1_205' title='bbox 1200 2731 1270 2785; x_wconf 82' lang='grc' dir='ltr'>ἐν</span> <span class='ocrx_word' id='word_1_206' title='bbox 1292 2730 1525 2800; x_wconf 83' lang='grc' dir='ltr'>Χριστῷ</span> 
     </span>
    </p>
   </div>
   <div class='ocr_carea' id='block_1_28' title="bbox 86 2820 1529 2896">
    <p class='ocr_par' dir='ltr' id='par_1_28' title="bbox 86 2820 1529 2896">
     <span class='ocr_line' id='line_1_28' title="bbox 86 2820 1529 2896; baseline -0.002 -17"><span class='ocrx_word' id='word_1_207' title='bbox 86 2826 273 2895; x_wconf 69' lang='grc' dir='ltr'>νῦμεν.</span> <span class='ocrx_word' id='word_1_208' title='bbox 303 2826 416 2880; x_wconf 83' lang='grc' dir='ltr'>Οὐκ</span> <span class='ocrx_word' id='word_1_209' title='bbox 459 2825 776 2889; x_wconf 81' lang='grc' dir='ltr'>ἀπατῶντες</span> <span class='ocrx_word' id='word_1_210' title='bbox 813 2826 981 2896; x_wconf 79' lang='grc' dir='ltr'>ὑμᾶς,</span> <span class='ocrx_word' id='word_1_211' title='bbox 1021 2824 1208 2895; x_wconf 73' lang='grc' dir='ltr'>φησὶν,</span> <span class='ocrx_word' id='word_1_212' title='bbox 1232 2820 1385 2876; x_wconf 80' lang='grc' dir='ltr'>ὀῦτω</span> <span class='ocrx_word' id='word_1_213' title='bbox 1426 2839 1529 2893; x_wconf 84' lang='grc' dir='ltr'>κη-</span> 
     </span>
    </p>
   </div>
   <div class='ocr_carea' id='block_1_29' title="bbox 85 2909 1527 2987">
    <p class='ocr_par' dir='ltr' id='par_1_29' title="bbox 85 2909 1527 2987">
     <span class='ocr_line' id='line_1_29' title="bbox 85 2909 1527 2987; baseline 0.001 -20"><span class='ocrx_word' id='word_1_214' title='bbox 85 2932 233 2985; x_wconf 72' lang='grc' dir='ltr'>»μεν,</span> <span class='ocrx_word' id='word_1_215' title='bbox 267 2909 378 2968; x_wconf 71' lang='grc' dir='ltr'>οἷον</span> <span class='ocrx_word' id='word_1_216' title='bbox 405 2914 483 2979; x_wconf 85' lang='grc' dir='ltr'>ὡς</span> <span class='ocrx_word' id='word_1_217' title='bbox 514 2915 862 2987; x_wconf 81' lang='grc' dir='ltr'>χαριζόμενοι</span> <span class='ocrx_word' id='word_1_218' title='bbox 908 2915 1057 2985; x_wconf 84' lang='grc' dir='ltr'>ὑμῖν,</span> <span class='ocrx_word' id='word_1_219' title='bbox 1083 2914 1117 2984; x_wconf 75' lang='grc' dir='ltr'>ἢ</span> <span class='ocrx_word' id='word_1_220' title='bbox 1155 2913 1285 2985; x_wconf 84' lang='grc' dir='ltr'>παρ’</span> <span class='ocrx_word' id='word_1_221' title='bbox 1319 2914 1527 2969; x_wconf 78' lang='grc' dir='ltr'>ἑαυτῶν</span> 
     </span>
    </p>
   </div>
   <div class='ocr_carea' id='block_1_30' title="bbox 85 3002 1529 3078">
    <p class='ocr_par' dir='ltr' id='par_1_30' title="bbox 85 3002 1529 3078">
     <span class='ocr_line' id='line_1_30' title="bbox 85 3002 1529 3078; baseline 0.001 -23"><span class='ocrx_word' id='word_1_222' title='bbox 85 3007 371 3077; x_wconf 74' lang='grc' dir='ltr'>τφέροντες</span> <span class='ocrx_word' id='word_1_223' title='bbox 399 3004 550 3078; x_wconf 72' lang='grc'>[469]</span> <span class='ocrx_word' id='word_1_224' title='bbox 598 3006 693 3061; x_wconf 80' lang='grc' dir='ltr'>καὶ</span> <span class='ocrx_word' id='word_1_225' title='bbox 739 3003 1155 3076; x_wconf 79' lang='grc' dir='ltr'>ἀναμιγνύντες,</span> <span class='ocrx_word' id='word_1_226' title='bbox 1186 3002 1301 3058; x_wconf 81' lang='grc' dir='ltr'>ἀλλ’</span> <span class='ocrx_word' id='word_1_227' title='bbox 1341 3003 1434 3069; x_wconf 82' lang='grc' dir='ltr'>Ὠς</span> <span class='ocrx_word' id='word_1_228' title='bbox 1459 3002 1529 3057; x_wconf 81' lang='grc' dir='ltr'>ἐκ</span> 
     </span>
    </p>
   </div>
   <div class='ocr_carea' id='block_1_31' title="bbox 105 3093 1531 3167">
    <p class='ocr_par' dir='ltr' id='par_1_31' title="bbox 105 3093 1531 3167">
     <span class='ocr_line' id='line_1_31' title="bbox 105 3093 1531 3167; baseline -0.002 -18"><span class='ocrx_word' id='word_1_229' title='bbox 105 3112 121 3126; x_wconf 82' lang='grc'><em>’</em></span> <span class='ocrx_word' id='word_1_230' title='bbox 158 3096 476 3165; x_wconf 81' lang='grc' dir='ltr'>τουτέστιν,</span> <span class='ocrx_word' id='word_1_231' title='bbox 503 3098 578 3151; x_wconf 85' lang='grc' dir='ltr'><strong>Οὐ</strong></span> <span class='ocrx_word' id='word_1_232' title='bbox 623 3097 855 3167; x_wconf 83' lang='grc' dir='ltr'>λέγομεν</span> <span class='ocrx_word' id='word_1_233' title='bbox 891 3096 972 3150; x_wconf 82' lang='grc' dir='ltr'>ὅτι</span> <span class='ocrx_word' id='word_1_234' title='bbox 997 3095 1206 3149; x_wconf 75' lang='grc' dir='ltr'>οἴκοθέν</span> <span class='ocrx_word' id='word_1_235' title='bbox 1232 3113 1285 3148; x_wconf 89' lang='grc' dir='ltr'>τι</span> <span class='ocrx_word' id='word_1_236' title='bbox 1314 3093 1531 3166; x_wconf 79' lang='grc' dir='ltr'>χαριζό-</span> 
     </span>
    </p>
   </div>
   <div class='ocr_carea' id='block_1_32' title="bbox 86 3186 1532 3258">
    <p class='ocr_par' dir='ltr' id='par_1_32' title="bbox 86 3186 1532 3258">
     <span class='ocr_line' id='line_1_32' title="bbox 86 3186 1532 3258; baseline -0.002 -14"><span class='ocrx_word' id='word_1_237' title='bbox 86 3234 88 3247; x_wconf 89' lang='grc'>,</span> <span class='ocrx_word' id='word_1_238' title='bbox 121 3190 249 3243; x_wconf 83' lang='grc' dir='ltr'>ἀλλ’</span> <span class='ocrx_word' id='word_1_239' title='bbox 282 3190 367 3243; x_wconf 85' lang='grc' dir='ltr'>ὅτι</span> <span class='ocrx_word' id='word_1_240' title='bbox 406 3188 584 3243; x_wconf 86' lang='grc' dir='ltr'>πάντα</span> <span class='ocrx_word' id='word_1_241' title='bbox 609 3190 639 3243; x_wconf 88' lang='grc' dir='ltr'>ό</span> <span class='ocrx_word' id='word_1_242' title='bbox 675 3189 807 3254; x_wconf 89' lang='grc' dir='ltr'>Θεὸς</span> <span class='ocrx_word' id='word_1_243' title='bbox 846 3188 1013 3242; x_wconf 80' lang='grc' dir='ltr'>ἔδωκε</span> <span class='ocrx_word' id='word_1_244' title='bbox 1046 3204 1061 3219; x_wconf 72' lang='grc' dir='ltr'><strong>ο</strong></span> <span class='ocrx_word' id='word_1_245' title='bbox 1090 3186 1249 3241; x_wconf 87' lang='grc' dir='ltr'>τοῦτο</span> <span class='ocrx_word' id='word_1_246' title='bbox 1277 3187 1386 3258; x_wconf 88' lang='grc' dir='ltr'>γάρ</span> <span class='ocrx_word' id='word_1_247' title='bbox 1416 3188 1532 3241; x_wconf 84' lang='grc' dir='ltr'>ἐστι</span> 
     </span>
    </p>
   </div>
   <div class='ocr_carea' id='block_1_33' title="bbox 85 3277 1532 3352">
    <p class='ocr_par' dir='ltr' id='par_1_33' title="bbox 85 3277 1532 3352">
     <span class='ocr_line' id='line_1_33' title="bbox 85 3277 1532 3352; baseline -0.001 -18"><span class='ocrx_word' id='word_1_248' title='bbox 85 3283 151 3335; x_wconf 68' lang='grc' dir='ltr'>ῖκ</span> <span class='ocrx_word' id='word_1_249' title='bbox 181 3281 343 3336; x_wconf 83' lang='grc' dir='ltr'>Θεοῦ</span> <span class='ocrx_word' id='word_1_250' title='bbox 373 3298 388 3313; x_wconf 87' lang='grc'><strong>·</strong></span> <span class='ocrx_word' id='word_1_251' title='bbox 418 3281 483 3335; x_wconf 89' lang='grc' dir='ltr'>τὸ</span> <span class='ocrx_word' id='word_1_252' title='bbox 511 3281 676 3352; x_wconf 84' lang='grc' dir='ltr'>μηδὲν</span> <span class='ocrx_word' id='word_1_253' title='bbox 703 3280 1010 3351; x_wconf 81' lang='grc' dir='ltr'>καυχᾶσθαι</span> <span class='ocrx_word' id='word_1_254' title='bbox 1037 3278 1114 3344; x_wconf 81' lang='grc' dir='ltr'>ὡς</span> <span class='ocrx_word' id='word_1_255' title='bbox 1138 3278 1266 3332; x_wconf 84' lang='grc' dir='ltr'>ῐδιον</span> <span class='ocrx_word' id='word_1_256' title='bbox 1288 3277 1532 3348; x_wconf 74' lang='grc' dir='ltr'>ἔχοντας,</span> 
     </span>
    </p>
   </div>
   <div class='ocr_carea' id='block_1_34' title="bbox 97 3368 1535 3445">
    <p class='ocr_par' dir='ltr' id='par_1_34' title="bbox 97 3368 1535 3445">
     <span class='ocr_line' id='line_1_34' title="bbox 97 3368 1535 3445; baseline -0.003 -18"><span class='ocrx_word' id='word_1_257' title='bbox 97 3374 301 3427; x_wconf 87' lang='grc' dir='ltr'>πάντα</span> <span class='ocrx_word' id='word_1_258' title='bbox 336 3375 418 3437; x_wconf 86' lang='grc' dir='ltr'>είς</span> <span class='ocrx_word' id='word_1_259' title='bbox 450 3372 614 3427; x_wconf 79' lang='grc' dir='ltr'>αὐτὸν</span> <span class='ocrx_word' id='word_1_260' title='bbox 659 3372 976 3445; x_wconf 86' lang='grc' dir='ltr'>ἀναφέρειν.</span> <span class='ocrx_word' id='word_1_261' title='bbox 1024 3372 1128 3427; x_wconf 77' lang='grc' dir='ltr'><em>Ἐν</em></span> <span class='ocrx_word' id='word_1_262' title='bbox 1156 3368 1390 3441; x_wconf 82' lang='grc' dir='ltr'>Χριστῷ</span> <span class='ocrx_word' id='word_1_263' title='bbox 1426 3373 1535 3425; x_wconf 71' lang='grc' dir='ltr'>,ια-</span> 
     </span>
    </p>
   </div>
   <div class='ocr_carea' id='block_1_35' title="bbox 85 3461 1535 3537">
    <p class='ocr_par' dir='ltr' id='par_1_35' title="bbox 85 3461 1535 3537">
     <span class='ocr_line' id='line_1_35' title="bbox 85 3461 1535 3537; baseline -0.003 -19"><span class='ocrx_word' id='word_1_264' title='bbox 85 3482 160 3519; x_wconf 83' lang='grc' dir='ltr'>εν</span> <span class='ocrx_word' id='word_1_265' title='bbox 178 3481 193 3495; x_wconf 73' lang='grc' dir='ltr'><strong>ο</strong></span> <span class='ocrx_word' id='word_1_266' title='bbox 227 3464 395 3519; x_wconf 81' lang='grc' dir='ltr'>οὐδὲν</span> <span class='ocrx_word' id='word_1_267' title='bbox 420 3468 485 3537; x_wconf 77' lang='grc' dir='ltr'>τῇ</span> <span class='ocrx_word' id='word_1_268' title='bbox 508 3464 756 3537; x_wconf 79' lang='grc' dir='ltr'>ἡμετέρᾳ</span> <span class='ocrx_word' id='word_1_269' title='bbox 783 3463 966 3535; x_wconf 78' lang='grc' dir='ltr'>σοφίᾳ,</span> <span class='ocrx_word' id='word_1_270' title='bbox 991 3462 1126 3517; x_wconf 84' lang='grc' dir='ltr'>ἀλλά</span> <span class='ocrx_word' id='word_1_271' title='bbox 1141 3465 1208 3534; x_wconf 82' lang='grc' dir='ltr'>τῇ</span> <span class='ocrx_word' id='word_1_272' title='bbox 1235 3465 1368 3534; x_wconf 84' lang='grc' dir='ltr'>παρ’</span> <span class='ocrx_word' id='word_1_273' title='bbox 1388 3461 1535 3514; x_wconf 81' lang='grc' dir='ltr'>ἐκεί-</span> 
     </span>
    </p>
   </div>
   <div class='ocr_carea' id='block_1_36' title="bbox 85 3552 1538 3627">
    <p class='ocr_par' dir='ltr' id='par_1_36' title="bbox 85 3552 1538 3627">
     <span class='ocr_line' id='line_1_36' title="bbox 85 3552 1538 3627; baseline -0.003 -18"><span class='ocrx_word' id='word_1_274' title='bbox 85 3556 328 3627; x_wconf 74' lang='grc' dir='ltr'>ῖυνάμει</span> <span class='ocrx_word' id='word_1_275' title='bbox 378 3556 751 3627; x_wconf 86' lang='grc' dir='ltr'>ἐνηχούμενοι.</span> <span class='ocrx_word' id='word_1_276' title='bbox 812 3556 876 3610; x_wconf 76' lang='grc' dir='ltr'>Οἱ</span> <span class='ocrx_word' id='word_1_277' title='bbox 930 3555 989 3609; x_wconf 83' lang='grc' dir='ltr'>δὲ</span> <span class='ocrx_word' id='word_1_278' title='bbox 1033 3553 1399 3625; x_wconf 84' lang='grc' dir='ltr'>καυχώμενοι,</span> <span class='ocrx_word' id='word_1_279' title='bbox 1439 3552 1538 3622; x_wconf 83' lang='grc' dir='ltr'>ούχ</span> 
     </span>
    </p>
   </div>
   <div class='ocr_carea' id='block_1_37' title="bbox 85 3643 1540 3718">
    <p class='ocr_par' dir='ltr' id='par_1_37' title="bbox 85 3643 1540 3718">
     <span class='ocr_line' id='line_1_37' title="bbox 85 3643 1540 3718; baseline -0.007 -11"><span class='ocrx_word' id='word_1_280' title='bbox 85 3665 121 3713; x_wconf 72' lang='grc' dir='ltr'>ῖ,</span> <span class='ocrx_word' id='word_1_281' title='bbox 155 3649 292 3701; x_wconf 80' lang='grc' dir='ltr'>ἀλλ’</span> <span class='ocrx_word' id='word_1_282' title='bbox 318 3647 397 3712; x_wconf 88' lang='grc' dir='ltr'>ὼς</span> <span class='ocrx_word' id='word_1_283' title='bbox 432 3649 564 3718; x_wconf 79' lang='grc' dir='ltr'>παρ’</span> <span class='ocrx_word' id='word_1_284' title='bbox 594 3648 802 3701; x_wconf 75' lang='grc' dir='ltr'>ἑαυτῶν</span> <span class='ocrx_word' id='word_1_285' title='bbox 833 3664 884 3700; x_wconf 88' lang='grc' dir='ltr'>τι</span> <span class='ocrx_word' id='word_1_286' title='bbox 923 3645 1289 3715; x_wconf 79' lang='grc' dir='ltr'>εἰσφέροντες.</span> <span class='ocrx_word' id='word_1_287' title='bbox 1322 3643 1413 3696; x_wconf 89' lang='grc' dir='ltr'>Διὸ</span> <span class='ocrx_word' id='word_1_288' title='bbox 1445 3644 1540 3697; x_wconf 73' lang='grc' dir='ltr'>καὶ</span> 
     </span>
    </p>
   </div>
   <div class='ocr_carea' id='block_1_38' title="bbox 86 3735 1540 3810">
    <p class='ocr_par' dir='ltr' id='par_1_38' title="bbox 86 3735 1540 3810">
     <span class='ocr_line' id='line_1_38' title="bbox 86 3735 1540 3810; baseline -0.003 -16"><span class='ocrx_word' id='word_1_289' title='bbox 86 3741 164 3809; x_wconf 13' lang='grc' dir='ltr'>,οῦ</span> <span class='ocrx_word' id='word_1_290' title='bbox 199 3742 415 3803; x_wconf 80' lang='grc' dir='ltr'>αὐτοὺς</span> <span class='ocrx_word' id='word_1_291' title='bbox 445 3739 701 3810; x_wconf 82' lang='grc' dir='ltr'>κωμῳδεῖ</span> <span class='ocrx_word' id='word_1_292' title='bbox 731 3738 923 3807; x_wconf 83' lang='grc' dir='ltr'>λέγων,</span> <span class='ocrx_word' id='word_1_293' title='bbox 956 3738 1017 3791; x_wconf 86' lang='grc' dir='ltr'>Τί</span> <span class='ocrx_word' id='word_1_294' title='bbox 1034 3738 1145 3807; x_wconf 78' lang='grc' dir='ltr'>γὰρ</span> <span class='ocrx_word' id='word_1_295' title='bbox 1165 3736 1344 3805; x_wconf 77' lang='grc' dir='ltr'>ἔχεις,</span> <span class='ocrx_word' id='word_1_296' title='bbox 1372 3735 1403 3789; x_wconf 86' lang='grc' dir='ltr'>ὃ</span> <span class='ocrx_word' id='word_1_297' title='bbox 1428 3738 1540 3790; x_wconf 84' lang='grc' dir='ltr'>οὐκ</span> 
     </span>
    </p>
   </div>
   <div class='ocr_carea' id='block_1_39' title="bbox 85 3826 1539 3900">
    <p class='ocr_par' dir='ltr' id='par_1_39' title="bbox 85 3826 1539 3900">
     <span class='ocr_line' id='line_1_39' title="bbox 85 3826 1539 3900; baseline -0.003 -15"><span class='ocrx_word' id='word_1_298' title='bbox 85 3849 179 3900; x_wconf 70' lang='grc' dir='ltr'>εςς</span> <span class='ocrx_word' id='word_1_299' title='bbox 213 3832 299 3886; x_wconf 78' lang='lat' dir='ltr'>El</span> <span class='ocrx_word' id='word_1_300' title='bbox 348 3831 420 3885; x_wconf 79' lang='grc' dir='ltr'>δὲ</span> <span class='ocrx_word' id='word_1_301' title='bbox 452 3830 552 3886; x_wconf 71' lang='grc' dir='ltr'>καὶ</span> <span class='ocrx_word' id='word_1_302' title='bbox 589 3830 824 3898; x_wconf 74' lang='grc' dir='ltr'>ἔλαϐες,</span> <span class='ocrx_word' id='word_1_303' title='bbox 872 3831 931 3885; x_wconf 82' lang='grc' dir='ltr'>τί</span> <span class='ocrx_word' id='word_1_304' title='bbox 966 3827 1292 3900; x_wconf 83' lang='grc' dir='ltr'>καυχᾶσαι,</span> <span class='ocrx_word' id='word_1_305' title='bbox 1337 3828 1418 3895; x_wconf 84' lang='grc' dir='ltr'>ὡς</span> <span class='ocrx_word' id='word_1_306' title='bbox 1453 3826 1539 3898; x_wconf 78' lang='grc' dir='ltr'>μὴ</span> 
     </span>
    </p>
   </div>
   <div class='ocr_carea' id='block_1_40' title="bbox 85 3941 162 3990">
    <p class='ocr_par' dir='ltr' id='par_1_40' title="bbox 85 3941 162 3990">
     <span class='ocr_line' id='line_1_40' title="bbox 85 3941 162 3990; baseline 0 0"><span class='ocrx_word' id='word_1_307' title='bbox 85 3941 162 3990; x_wconf 79' lang='grc' dir='ltr'>ν;</span> 
     </span>
    </p>
   </div>
   <div class='ocr_carea' id='block_1_41' title="bbox 85 4095 1545 4177">
    <p class='ocr_par' dir='ltr' id='par_1_41' title="bbox 85 4095 1545 4177">
     <span class='ocr_line' id='line_1_41' title="bbox 85 4095 1545 4177; baseline -0.007 -18"><span class='ocrx_word' id='word_1_308' title='bbox 85 4123 144 4177; x_wconf 77' lang='grc' dir='ltr'>τη</span> <span class='ocrx_word' id='word_1_309' title='bbox 194 4103 455 4176; x_wconf 79' lang='grc' dir='ltr'>μεγίστη</span> <span class='ocrx_word' id='word_1_310' title='bbox 487 4102 680 4176; x_wconf 80' lang='grc' dir='ltr'>ἀρετὴ,</span> <span class='ocrx_word' id='word_1_311' title='bbox 717 4101 780 4156; x_wconf 87' lang='grc' dir='ltr'>τὸ</span> <span class='ocrx_word' id='word_1_312' title='bbox 823 4099 1004 4155; x_wconf 87' lang='grc' dir='ltr'>πάντα</span> <span class='ocrx_word' id='word_1_313' title='bbox 1026 4097 1104 4170; x_wconf 82' lang='grc' dir='ltr'>τῷ</span> <span class='ocrx_word' id='word_1_314' title='bbox 1140 4097 1260 4170; x_wconf 84' lang='grc' dir='ltr'>Θεῷ</span> <span class='ocrx_word' id='word_1_315' title='bbox 1291 4095 1545 4152; x_wconf 79' lang='grc' dir='ltr'>ἁνατιθέ·</span> 
     </span>
    </p>
   </div>
   <div class='ocr_carea' id='block_1_42' title="bbox 90 4188 1545 4270">
    <p class='ocr_par' dir='ltr' id='par_1_42' title="bbox 90 4188 1545 4270">
     <span class='ocr_line' id='line_1_42' title="bbox 90 4188 1545 4270; baseline -0.008 -17"><span class='ocrx_word' id='word_1_316' title='bbox 90 4200 125 4252; x_wconf 86' lang='grc' dir='ltr'>ὸ</span> <span class='ocrx_word' id='word_1_317' title='bbox 174 4198 374 4270; x_wconf 87' lang='grc' dir='ltr'>μηδὲν</span> <span class='ocrx_word' id='word_1_318' title='bbox 402 4198 603 4251; x_wconf 75' lang='grc' dir='ltr'>οἰκεῖον</span> <span class='ocrx_word' id='word_1_319' title='bbox 628 4190 767 4248; x_wconf 76' lang='grc' dir='ltr'>εἶναι</span> <span class='ocrx_word' id='word_1_320' title='bbox 812 4192 1075 4264; x_wconf 74' lang='grc' dir='ltr'>νομίζειν,</span> <span class='ocrx_word' id='word_1_321' title='bbox 1112 4191 1175 4245; x_wconf 88' lang='grc' dir='ltr'>τὸ</span> <span class='ocrx_word' id='word_1_322' title='bbox 1210 4190 1379 4261; x_wconf 85' lang='grc' dir='ltr'>μηδὲν</span> <span class='ocrx_word' id='word_1_323' title='bbox 1408 4188 1545 4258; x_wconf 80' lang='grc' dir='ltr'>πρὸς</span> 
     </span>
    </p>
   </div>
   <div class='ocr_carea' id='block_1_43' title="bbox 85 4280 1550 4355">
    <p class='ocr_par' dir='ltr' id='par_1_43' title="bbox 85 4280 1550 4355">
     <span class='ocr_line' id='line_1_43' title="bbox 85 4280 1550 4355; baseline -0.001 -17"><span class='ocrx_word' id='word_1_324' title='bbox 85 4307 251 4343; x_wconf 60' lang='grc' dir='ltr'>,πων</span> <span class='ocrx_word' id='word_1_325' title='bbox 305 4288 470 4353; x_wconf 81' lang='grc' dir='ltr'>δόξαν</span> <span class='ocrx_word' id='word_1_326' title='bbox 508 4289 705 4347; x_wconf 83' lang='grc' dir='ltr'>ποιεῖν,</span> <span class='ocrx_word' id='word_1_327' title='bbox 746 4284 884 4339; x_wconf 85' lang='grc' dir='ltr'>ἀλλὰ</span> <span class='ocrx_word' id='word_1_328' title='bbox 931 4283 1067 4355; x_wconf 85' lang='grc' dir='ltr'>πρὸς</span> <span class='ocrx_word' id='word_1_329' title='bbox 1096 4282 1157 4336; x_wconf 90' lang='grc' dir='ltr'>τὸ</span> <span class='ocrx_word' id='word_1_330' title='bbox 1194 4282 1273 4353; x_wconf 85' lang='grc' dir='ltr'>τῷ</span> <span class='ocrx_word' id='word_1_331' title='bbox 1311 4281 1429 4352; x_wconf 86' lang='grc' dir='ltr'>Θεῷ</span> <span class='ocrx_word' id='word_1_332' title='bbox 1469 4280 1550 4333; x_wconf 74' lang='lat'><strong>59-</strong></span> 
     </span>
    </p>
   </div>
   <div class='ocr_carea' id='block_1_44' title="bbox 115 4367 1549 4448">
    <p class='ocr_par' dir='ltr' id='par_1_44' title="bbox 115 4367 1549 4448">
     <span class='ocr_line' id='line_1_44' title="bbox 115 4367 1549 4448; baseline -0.004 -16"><span class='ocrx_word' id='word_1_333' title='bbox 115 4374 312 4442; x_wconf 79' lang='grc' dir='ltr'>οὗτος</span> <span class='ocrx_word' id='word_1_334' title='bbox 344 4377 456 4448; x_wconf 90' lang='grc' dir='ltr'>γάρ</span> <span class='ocrx_word' id='word_1_335' title='bbox 496 4377 643 4429; x_wconf 86' lang='grc' dir='ltr'>ἐστιν</span> <span class='ocrx_word' id='word_1_336' title='bbox 679 4377 708 4428; x_wconf 90' lang='grc' dir='ltr'>ό</span> <span class='ocrx_word' id='word_1_337' title='bbox 733 4372 832 4437; x_wconf 79' lang='grc' dir='ltr'>τὰς</span> <span class='ocrx_word' id='word_1_338' title='bbox 860 4371 1089 4436; x_wconf 81' lang='grc' dir='ltr'>εὐθύνας</span> <span class='ocrx_word' id='word_1_339' title='bbox 1121 4367 1388 4428; x_wconf 83' lang='grc' dir='ltr'>ἀπαιτῶν.</span> <span class='ocrx_word' id='word_1_340' title='bbox 1434 4373 1549 4427; x_wconf 86' lang='grc' dir='ltr'>Νῦν</span> 
     </span>
    </p>
   </div>
   <div class='ocr_carea' id='block_1_45' title="bbox 87 4465 1547 4542">
    <p class='ocr_par' dir='ltr' id='par_1_45' title="bbox 87 4465 1547 4542">
     <span class='ocr_line' id='line_1_45' title="bbox 87 4465 1547 4542; baseline -0.006 -15"><span class='ocrx_word' id='word_1_341' title='bbox 87 4473 248 4540; x_wconf 81' lang='grc' dir='ltr'>άξις</span> <span class='ocrx_word' id='word_1_342' title='bbox 272 4471 692 4542; x_wconf 84' lang='grc' dir='ltr'>ἀντέστραπται</span> <span class='ocrx_word' id='word_1_343' title='bbox 710 4484 724 4496; x_wconf 90' lang='grc'><strong>·</strong></span> <span class='ocrx_word' id='word_1_344' title='bbox 749 4468 846 4521; x_wconf 85' lang='grc' dir='ltr'>καὶ</span> <span class='ocrx_word' id='word_1_345' title='bbox 871 4467 962 4519; x_wconf 89' lang='grc' dir='ltr'>τὸν</span> <span class='ocrx_word' id='word_1_346' title='bbox 992 4466 1090 4537; x_wconf 83' lang='grc' dir='ltr'>μὲν</span> <span class='ocrx_word' id='word_1_347' title='bbox 1112 4465 1206 4519; x_wconf 72' lang='grc' dir='ltr'>ἐπὶ</span> <span class='ocrx_word' id='word_1_348' title='bbox 1236 4465 1332 4519; x_wconf 88' lang='grc' dir='ltr'>τοῦ</span> <span class='ocrx_word' id='word_1_349' title='bbox 1361 4465 1547 4537; x_wconf 85' lang='grc' dir='ltr'>βήμα-</span> 
     </span>
    </p>
   </div>
   <div class='ocr_carea' id='block_1_46' title="bbox 85 4557 1548 4631">
    <p class='ocr_par' dir='ltr' id='par_1_46' title="bbox 85 4557 1548 4631">
     <span class='ocr_line' id='line_1_46' title="bbox 85 4557 1548 4631; baseline -0.004 -15"><span class='ocrx_word' id='word_1_350' title='bbox 85 4562 475 4631; x_wconf 86' lang='grc' dir='ltr'>ιθιούμενον,</span> <span class='ocrx_word' id='word_1_351' title='bbox 524 4560 619 4613; x_wconf 71' lang='grc' dir='ltr'>καὶ</span> <span class='ocrx_word' id='word_1_352' title='bbox 661 4559 759 4623; x_wconf 81' lang='grc' dir='ltr'>τὰς</span> <span class='ocrx_word' id='word_1_353' title='bbox 798 4557 1028 4621; x_wconf 75' lang='grc' dir='ltr'>εὐθύνας</span> <span class='ocrx_word' id='word_1_354' title='bbox 1075 4558 1451 4627; x_wconf 84' lang='grc' dir='ltr'>ἀπαιτήσοντα</span> <span class='ocrx_word' id='word_1_355' title='bbox 1488 4557 1548 4610; x_wconf 86' lang='grc' dir='ltr'>ού</span> 
     </span>
    </p>
   </div>
   <div class='ocr_carea' id='block_1_47' title="bbox 85 4647 1555 4724">
    <p class='ocr_par' dir='ltr' id='par_1_47' title="bbox 85 4647 1555 4724">
     <span class='ocr_line' id='line_1_47' title="bbox 85 4647 1555 4724; baseline -0.006 -15"><span class='ocrx_word' id='word_1_356' title='bbox 85 4676 119 4709; x_wconf 76' lang='grc' dir='ltr'>α</span> <span class='ocrx_word' id='word_1_357' title='bbox 162 4654 549 4724; x_wconf 80' lang='grc' dir='ltr'>δεδοίκαμεν,</span> <span class='ocrx_word' id='word_1_358' title='bbox 587 4652 714 4715; x_wconf 79' lang='grc' dir='ltr'>τοὺς</span> <span class='ocrx_word' id='word_1_359' title='bbox 746 4650 803 4704; x_wconf 87' lang='grc' dir='ltr'>δὲ</span> <span class='ocrx_word' id='word_1_360' title='bbox 840 4648 959 4721; x_wconf 87' lang='grc' dir='ltr'>μεθ’</span> <span class='ocrx_word' id='word_1_361' title='bbox 998 4649 1155 4720; x_wconf 86' lang='grc' dir='ltr'>ἡμῶν</span> <span class='ocrx_word' id='word_1_362' title='bbox 1186 4647 1426 4710; x_wconf 81' lang='grc' dir='ltr'>ἑστῶτας</span> <span class='ocrx_word' id='word_1_363' title='bbox 1458 4648 1555 4701; x_wconf 80' lang='grc' dir='ltr'>καὶ</span> 
     </span>
    </p>
   </div>
   <div class='ocr_carea' id='block_1_48' title="bbox 85 4736 1551 4817">
    <p class='ocr_par' dir='ltr' id='par_1_48' title="bbox 85 4736 1551 4817">
     <span class='ocr_line' id='line_1_48' title="bbox 85 4736 1551 4817; baseline -0.007 -16"><span class='ocrx_word' id='word_1_364' title='bbox 85 4751 319 4810; x_wconf 75' lang='grc' dir='ltr'>ιὲνους</span> <span class='ocrx_word' id='word_1_365' title='bbox 367 4745 687 4817; x_wconf 89' lang='grc' dir='ltr'>φρίττομεν.</span> <span class='ocrx_word' id='word_1_366' title='bbox 740 4742 910 4796; x_wconf 87' lang='grc' dir='ltr'>Πόθεν</span> <span class='ocrx_word' id='word_1_367' title='bbox 964 4736 1055 4794; x_wconf 82' lang='grc' dir='ltr'>οὖν</span> <span class='ocrx_word' id='word_1_368' title='bbox 1087 4742 1121 4810; x_wconf 89' lang='grc' dir='ltr'>ἡ</span> <span class='ocrx_word' id='word_1_369' title='bbox 1168 4739 1323 4803; x_wconf 88' lang='grc' dir='ltr'>νόσος</span> <span class='ocrx_word' id='word_1_370' title='bbox 1373 4738 1551 4810; x_wconf 73' lang='grc' dir='ltr'>αῦτης</span> 
     </span>
    </p>
   </div>
   <div class='ocr_carea' id='block_1_49' title="bbox 106 4830 1553 4908">
    <p class='ocr_par' dir='ltr' id='par_1_49' title="bbox 106 4830 1553 4908">
     <span class='ocr_line' id='line_1_49' title="bbox 106 4830 1553 4908; baseline -0.008 -13"><span class='ocrx_word' id='word_1_371' title='bbox 106 4844 219 4904; x_wconf 80' lang='grc' dir='ltr'>εἰς</span> <span class='ocrx_word' id='word_1_372' title='bbox 246 4838 366 4902; x_wconf 80' lang='grc' dir='ltr'>τάς</span> <span class='ocrx_word' id='word_1_373' title='bbox 400 4837 680 4908; x_wconf 83' lang='grc' dir='ltr'>ἡμετέρας</span> <span class='ocrx_word' id='word_1_374' title='bbox 711 4832 1028 4906; x_wconf 81' lang='grc' dir='ltr'>κατέσκηψε</span> <span class='ocrx_word' id='word_1_375' title='bbox 1057 4832 1268 4903; x_wconf 85' lang='grc' dir='ltr'>ψυχάς;</span> <span class='ocrx_word' id='word_1_376' title='bbox 1304 4832 1441 4884; x_wconf 84' lang='grc' dir='ltr'>Ἀπὸ</span> <span class='ocrx_word' id='word_1_377' title='bbox 1458 4830 1553 4884; x_wconf 91' lang='grc' dir='ltr'>τοῦ</span> 
     </span>
    </p>
   </div>
   <div class='ocr_carea' id='block_1_50' title="bbox 85 4925 1556 5005">
    <p class='ocr_par' dir='ltr' id='par_1_50' title="bbox 85 4925 1556 5005">
     <span class='ocr_line' id='line_1_50' title="bbox 85 4925 1556 5005; baseline -0.005 -19"><span class='ocrx_word' id='word_1_378' title='bbox 85 4932 340 5005; x_wconf 69' lang='grc' dir='ltr'>ινεκῶς</span> <span class='ocrx_word' id='word_1_379' title='bbox 374 4932 446 4986; x_wconf 83' lang='grc' dir='ltr'>τά</span> <span class='ocrx_word' id='word_1_380' title='bbox 476 4933 592 4984; x_wconf 81' lang='grc' dir='ltr'>ἐκεῖ</span> <span class='ocrx_word' id='word_1_381' title='bbox 626 4928 956 4999; x_wconf 78' lang='grc' dir='ltr'>λογίζεσθαι,</span> <span class='ocrx_word' id='word_1_382' title='bbox 1001 4925 1137 4981; x_wconf 82' lang='grc' dir='ltr'>ἀλλὰ</span> <span class='ocrx_word' id='word_1_383' title='bbox 1173 4928 1286 4989; x_wconf 88' lang='grc' dir='ltr'>τοῖς</span> <span class='ocrx_word' id='word_1_384' title='bbox 1318 4925 1556 4996; x_wconf 87' lang='grc' dir='ltr'>παροῦσι</span> 
     </span>
    </p>
   </div>
   <div class='ocr_carea' id='block_1_51' title="bbox 86 5017 1557 5087">
    <p class='ocr_par' dir='ltr' id='par_1_51' title="bbox 86 5017 1557 5087">
     <span class='ocr_line' id='line_1_51' title="bbox 86 5017 1557 5087; baseline -0.007 -8"><span class='ocrx_word' id='word_1_385' title='bbox 86 5023 386 5079; x_wconf 82' lang='grc' dir='ltr'>λῶσοαι.</span> <span class='ocrx_word' id='word_1_386' title='bbox 433 5020 713 5075; x_wconf 80' lang='grc' dir='ltr'>Ἐντεῦθεν</span> <span class='ocrx_word' id='word_1_387' title='bbox 746 5019 841 5072; x_wconf 74' lang='grc' dir='ltr'>καὶ</span> <span class='ocrx_word' id='word_1_388' title='bbox 870 5019 927 5071; x_wconf 86' lang='grc' dir='ltr'>ἐν</span> <span class='ocrx_word' id='word_1_389' title='bbox 960 5018 1079 5080; x_wconf 88' lang='grc' dir='ltr'>ταῖς</span> <span class='ocrx_word' id='word_1_390' title='bbox 1117 5019 1383 5087; x_wconf 81' lang='grc' dir='ltr'>πονηραῖς</span> <span class='ocrx_word' id='word_1_391' title='bbox 1412 5017 1557 5087; x_wconf 86' lang='grc' dir='ltr'>πρά-</span> 
     </span>
    </p>
   </div>
   <div class='ocr_carea' id='block_1_52' title="bbox 85 5107 1557 5182">
    <p class='ocr_par' dir='ltr' id='par_1_52' title="bbox 85 5107 1557 5182">
     <span class='ocr_line' id='line_1_52' title="bbox 85 5107 1557 5182; baseline -0.005 -12"><span class='ocrx_word' id='word_1_392' title='bbox 85 5116 363 5176; x_wconf 79' lang='grc' dir='ltr'>ὐκόλως</span> <span class='ocrx_word' id='word_1_393' title='bbox 414 5114 689 5182; x_wconf 87' lang='grc' dir='ltr'>πίπτομεν</span> <span class='ocrx_word' id='word_1_394' title='bbox 731 5128 745 5143; x_wconf 79' lang='grc'><em>’</em></span> <span class='ocrx_word' id='word_1_395' title='bbox 783 5109 886 5168; x_wconf 79' lang='grc' dir='ltr'>κᾶν</span> <span class='ocrx_word' id='word_1_396' title='bbox 919 5108 1122 5177; x_wconf 81' lang='grc' dir='ltr'>ἀγαθόν</span> <span class='ocrx_word' id='word_1_397' title='bbox 1154 5126 1207 5162; x_wconf 91' lang='grc' dir='ltr'>τι</span> <span class='ocrx_word' id='word_1_398' title='bbox 1238 5107 1557 5179; x_wconf 79' lang='grc' dir='ltr'>πράξωμεν,</span> 
     </span>
    </p>
   </div>
   <div class='ocr_carea' id='block_1_53' title="bbox 86 5200 1562 5277">
    <p class='ocr_par' dir='ltr' id='par_1_53' title="bbox 86 5200 1562 5277">
     <span class='ocr_line' id='line_1_53' title="bbox 86 5200 1562 5277; baseline -0.006 -15"><span class='ocrx_word' id='word_1_399' title='bbox 86 5207 403 5272; x_wconf 70' lang='grc' dir='ltr'>ιπίδειξιν</span> <span class='ocrx_word' id='word_1_400' title='bbox 432 5206 714 5277; x_wconf 85' lang='grc' dir='ltr'>ποιοῦμεν,</span> <span class='ocrx_word' id='word_1_401' title='bbox 754 5205 894 5259; x_wconf 82' lang='grc' dir='ltr'>ὥστε</span> <span class='ocrx_word' id='word_1_402' title='bbox 928 5200 1222 5257; x_wconf 85' lang='grc' dir='ltr'>κάντεῦθεν</span> <span class='ocrx_word' id='word_1_403' title='bbox 1260 5203 1391 5273; x_wconf 85' lang='grc' dir='ltr'>ἡμῖν</span> <span class='ocrx_word' id='word_1_404' title='bbox 1417 5201 1562 5270; x_wconf 88' lang='grc' dir='ltr'>γίνε-</span> 
     </span>
    </p>
   </div>
   <div class='ocr_carea' id='block_1_54' title="bbox 86 5292 1561 5376">
    <p class='ocr_par' dir='ltr' id='par_1_54' title="bbox 86 5292 1561 5376">
     <span class='ocr_line' id='line_1_54' title="bbox 86 5292 1561 5376; baseline -0.009 -19"><span class='ocrx_word' id='word_1_405' title='bbox 86 5307 175 5376; x_wconf 80' lang='grc' dir='ltr'>ὴν</span> <span class='ocrx_word' id='word_1_406' title='bbox 221 5303 267 5366; x_wconf 77' lang='grc' dir='ltr'><strong>ζ</strong></span> <span class='ocrx_word' id='word_1_407' title='bbox 272 5320 315 5371; x_wconf 90' lang='grc' dir='ltr'>η</span> <span class='ocrx_word' id='word_1_408' title='bbox 326 5302 482 5370; x_wconf 88' lang='grc' dir='ltr'>μίαν.</span> <span class='ocrx_word' id='word_1_409' title='bbox 513 5295 637 5352; x_wconf 85' lang='grc' dir='ltr'>Εῐδε</span> <span class='ocrx_word' id='word_1_410' title='bbox 656 5296 788 5366; x_wconf 89' lang='grc' dir='ltr'>γοῦν</span> <span class='ocrx_word' id='word_1_411' title='bbox 808 5313 891 5360; x_wconf 88' lang='grc' dir='ltr'>τις</span> <span class='ocrx_word' id='word_1_412' title='bbox 912 5294 1235 5358; x_wconf 81' lang='grc' dir='ltr'>ἀκολάστοις</span> <span class='ocrx_word' id='word_1_413' title='bbox 1260 5292 1561 5365; x_wconf 75' lang='grc' dir='ltr'>ὀφθαλμοῖς</span> 
     </span>
    </p>
   </div>
   <div class='ocr_carea' id='block_1_55' title="bbox 85 5385 1562 5459">
    <p class='ocr_par' dir='ltr' id='par_1_55' title="bbox 85 5385 1562 5459">
     <span class='ocr_line' id='line_1_55' title="bbox 85 5385 1562 5459; baseline -0.009 -10"><span class='ocrx_word' id='word_1_414' title='bbox 85 5395 418 5459; x_wconf 64' lang='grc' dir='ltr'>πολλάκις,</span> <span class='ocrx_word' id='word_1_415' title='bbox 454 5393 548 5445; x_wconf 78' lang='grc' dir='ltr'>καὶ</span> <span class='ocrx_word' id='word_1_416' title='bbox 586 5388 747 5443; x_wconf 72' lang='grc' dir='ltr'>ἔλαθε</span> <span class='ocrx_word' id='word_1_417' title='bbox 776 5388 869 5442; x_wconf 74' lang='grc' dir='ltr'>καὶ</span> <span class='ocrx_word' id='word_1_418' title='bbox 905 5386 1004 5458; x_wconf 86' lang='grc' dir='ltr'>τὴν</span> <span class='ocrx_word' id='word_1_419' title='bbox 1040 5385 1295 5455; x_wconf 73' lang='grc' dir='ltr'>ὀφθεῖσαν</span> <span class='ocrx_word' id='word_1_420' title='bbox 1324 5385 1562 5448; x_wconf 75' lang='grc' dir='ltr'>καὶτοὺς</span> 
     </span>
    </p>
   </div>
   <div class='ocr_carea' id='block_1_56' title="bbox 85 5475 1565 5551">
    <p class='ocr_par' dir='ltr' id='par_1_56' title="bbox 85 5475 1565 5551">
     <span class='ocr_line' id='line_1_56' title="bbox 85 5475 1565 5551; baseline -0.009 -9"><span class='ocrx_word' id='word_1_421' title='bbox 85 5489 415 5551; x_wconf 78' lang='grc' dir='ltr'>δίζοντας</span> <span class='ocrx_word' id='word_1_422' title='bbox 456 5500 471 5514; x_wconf 90' lang='grc'><strong>·</strong></span> <span class='ocrx_word' id='word_1_423' title='bbox 530 5481 666 5535; x_wconf 87' lang='grc' dir='ltr'>ἀλλά</span> <span class='ocrx_word' id='word_1_424' title='bbox 715 5480 807 5535; x_wconf 80' lang='grc' dir='ltr'>τὸν</span> <span class='ocrx_word' id='word_1_425' title='bbox 861 5479 1160 5550; x_wconf 82' lang='grc' dir='ltr'>ἀκοίμητον</span> <span class='ocrx_word' id='word_1_426' title='bbox 1217 5477 1316 5530; x_wconf 80' lang='grc' dir='ltr'>οὐκ</span> <span class='ocrx_word' id='word_1_427' title='bbox 1373 5475 1565 5530; x_wconf 80' lang='grc' dir='ltr'>ἐλαθεν</span> 
     </span>
    </p>
   </div>
   <div class='ocr_carea' id='block_1_57' title="bbox 85 5569 1566 5651">
    <p class='ocr_par' dir='ltr' id='par_1_57' title="bbox 85 5569 1566 5651">
     <span class='ocr_line' id='line_1_57' title="bbox 85 5569 1566 5651; baseline -0.002 -18"><span class='ocrx_word' id='word_1_428' title='bbox 85 5580 257 5651; x_wconf 61' lang='grc' dir='ltr'>μὸν.</span> <span class='ocrx_word' id='word_1_429' title='bbox 320 5577 567 5639; x_wconf 87' lang='grc' dir='ltr'>Ἐκεῖνος</span> <span class='ocrx_word' id='word_1_430' title='bbox 612 5574 722 5644; x_wconf 86' lang='grc' dir='ltr'>γὰρ</span> <span class='ocrx_word' id='word_1_431' title='bbox 758 5574 853 5627; x_wconf 76' lang='grc' dir='ltr'>καὶ</span> <span class='ocrx_word' id='word_1_432' title='bbox 894 5572 1025 5643; x_wconf 74' lang='grc' dir='ltr'>πρὶν</span> <span class='ocrx_word' id='word_1_433' title='bbox 1067 5571 1101 5643; x_wconf 80' lang='grc' dir='ltr'>ἢ</span> <span class='ocrx_word' id='word_1_434' title='bbox 1153 5570 1251 5642; x_wconf 83' lang='grc' dir='ltr'>τὴν</span> <span class='ocrx_word' id='word_1_435' title='bbox 1292 5569 1566 5642; x_wconf 83' lang='grc' dir='ltr'>ἁμαρτίαν</span> 
     </span>
    </p>
   </div>
   <div class='ocr_carea' id='block_1_58' title="bbox 85 5663 1566 5739">
    <p class='ocr_par' dir='ltr' id='par_1_58' title="bbox 85 5663 1566 5739">
     <span class='ocr_line' id='line_1_58' title="bbox 85 5663 1566 5739; baseline -0.008 -11"><span class='ocrx_word' id='word_1_436' title='bbox 85 5672 322 5728; x_wconf 66' lang='grc' dir='ltr'>ασθαι</span> <span class='ocrx_word' id='word_1_437' title='bbox 352 5709 371 5735; x_wconf 89' lang='grc'>,</span> <span class='ocrx_word' id='word_1_438' title='bbox 408 5665 518 5723; x_wconf 79' lang='grc' dir='ltr'>εἶδε</span> <span class='ocrx_word' id='word_1_439' title='bbox 541 5668 642 5739; x_wconf 82' lang='grc' dir='ltr'>τὴν</span> <span class='ocrx_word' id='word_1_440' title='bbox 669 5666 849 5738; x_wconf 81' lang='grc' dir='ltr'>ψυχὴν</span> <span class='ocrx_word' id='word_1_441' title='bbox 880 5665 978 5735; x_wconf 87' lang='grc' dir='ltr'>τὴν</span> <span class='ocrx_word' id='word_1_442' title='bbox 1002 5664 1323 5727; x_wconf 86' lang='grc' dir='ltr'>ἀκόλαστον,</span> <span class='ocrx_word' id='word_1_443' title='bbox 1348 5664 1443 5717; x_wconf 73' lang='grc' dir='ltr'>καὶ</span> <span class='ocrx_word' id='word_1_444' title='bbox 1468 5663 1566 5735; x_wconf 81' lang='grc' dir='ltr'>τὴν</span> 
     </span>
    </p>
   </div>
   <div class='ocr_carea' id='block_1_59' title="bbox 85 5755 1566 5830">
    <p class='ocr_par' dir='ltr' id='par_1_59' title="bbox 85 5755 1566 5830">
     <span class='ocr_line' id='line_1_59' title="bbox 85 5755 1566 5830; baseline -0.005 -12"><span class='ocrx_word' id='word_1_445' title='bbox 85 5782 108 5818; x_wconf 74' lang='grc' dir='ltr'><em>ι</em></span> <span class='ocrx_word' id='word_1_446' title='bbox 154 5762 310 5830; x_wconf 81' lang='grc' dir='ltr'>τὴν</span> <span class='ocrx_word' id='word_1_447' title='bbox 343 5758 517 5828; x_wconf 78' lang='grc' dir='ltr'>ἔνδον,</span> <span class='ocrx_word' id='word_1_448' title='bbox 549 5759 643 5813; x_wconf 73' lang='grc' dir='ltr'>καὶ</span> <span class='ocrx_word' id='word_1_449' title='bbox 677 5758 803 5822; x_wconf 77' lang='grc' dir='ltr'>τοὺς</span> <span class='ocrx_word' id='word_1_450' title='bbox 842 5755 1136 5828; x_wconf 79' lang='grc' dir='ltr'>λογισμοὺς</span> <span class='ocrx_word' id='word_1_451' title='bbox 1180 5755 1306 5819; x_wconf 78' lang='grc' dir='ltr'>τοὺς</span> <span class='ocrx_word' id='word_1_452' title='bbox 1348 5772 1566 5827; x_wconf 72' lang='grc' dir='ltr'>στρεφοο</span> 
     </span>
    </p>
   </div>
   <div class='ocr_carea' id='block_1_60' title="bbox 1615 522 3194 605">
    <p class='ocr_par' dir='ltr' id='par_1_60' title="bbox 1615 522 3194 605">
     <span class='ocr_line' id='line_1_60' title="bbox 1615 522 3194 605; baseline -0.006 -19"><span class='ocrx_word' id='word_1_453' title='bbox 1615 550 1726 604; x_wconf 90' lang='grc' dir='ltr'>ρων</span> <span class='ocrx_word' id='word_1_454' title='bbox 1755 534 1849 587; x_wconf 76' lang='grc' dir='ltr'>καὶ</span> <span class='ocrx_word' id='word_1_455' title='bbox 1873 533 2193 605; x_wconf 86' lang='grc' dir='ltr'>τεκμηρίων</span> <span class='ocrx_word' id='word_1_456' title='bbox 2229 535 2259 587; x_wconf 86' lang='grc' dir='ltr'>ό</span> <span class='ocrx_word' id='word_1_457' title='bbox 2290 533 2472 586; x_wconf 89' lang='grc' dir='ltr'>πάντα</span> <span class='ocrx_word' id='word_1_458' title='bbox 2501 529 2679 593; x_wconf 78' lang='grc' dir='ltr'>εἰδώς.</span> <span class='ocrx_word' id='word_1_459' title='bbox 2706 530 2798 599; x_wconf 85' lang='grc' dir='ltr'><strong>Μὴ</strong></span> <span class='ocrx_word' id='word_1_460' title='bbox 2827 528 3007 581; x_wconf 88' lang='grc' dir='ltr'>τοίνυν</span> <span class='ocrx_word' id='word_1_461' title='bbox 3055 522 3194 594; x_wconf 74' lang='grc' dir='ltr'>πρὸς</span> 
     </span>
    </p>
   </div>
   <div class='ocr_carea' id='block_1_61' title="bbox 1614 617 3188 695">
    <p class='ocr_par' dir='ltr' id='par_1_61' title="bbox 1614 617 3188 695">
     <span class='ocr_line' id='line_1_61' title="bbox 1614 617 3188 695; baseline 0 -18"><span class='ocrx_word' id='word_1_462' title='bbox 1614 625 1739 688; x_wconf 84' lang='grc' dir='ltr'>τοὺς</span> <span class='ocrx_word' id='word_1_463' title='bbox 1770 624 2088 688; x_wconf 83' lang='grc' dir='ltr'>συνδούλους</span> <span class='ocrx_word' id='word_1_464' title='bbox 2114 625 2215 695; x_wconf 84' lang='grc' dir='ltr'>ὅρα</span> <span class='ocrx_word' id='word_1_465' title='bbox 2234 641 2249 655; x_wconf 89' lang='grc'><strong>·</strong></span> <span class='ocrx_word' id='word_1_466' title='bbox 2300 625 2405 677; x_wconf 77' lang='grc' dir='ltr'>κᾶν</span> <span class='ocrx_word' id='word_1_467' title='bbox 2440 622 2550 692; x_wconf 87' lang='lat'>7&amp;9</span> <span class='ocrx_word' id='word_1_468' title='bbox 2578 621 2845 691; x_wconf 82' lang='grc' dir='ltr'>ἐπαινέσῃ</span> <span class='ocrx_word' id='word_1_469' title='bbox 2883 617 3188 686; x_wconf 62' lang='grc' dir='ltr'>ἄνθρωπος,</span> 
     </span>
    </p>
   </div>
   <div class='ocr_carea' id='block_1_62' title="bbox 1613 706 3191 784">
    <p class='ocr_par' dir='ltr' id='par_1_62' title="bbox 1613 706 3191 784">
     <span class='ocr_line' id='line_1_62' title="bbox 1613 706 3191 784; baseline -0.005 -19"><span class='ocrx_word' id='word_1_470' title='bbox 1613 712 1766 767; x_wconf 81' lang='grc' dir='ltr'>οὐδὲν</span> <span class='ocrx_word' id='word_1_471' title='bbox 1790 713 2003 783; x_wconf 74' lang='grc' dir='ltr'>ὄφελος,</span> <span class='ocrx_word' id='word_1_472' title='bbox 2029 714 2159 767; x_wconf 85' lang='grc' dir='ltr'>ὅταν</span> <span class='ocrx_word' id='word_1_473' title='bbox 2183 715 2213 766; x_wconf 88' lang='grc' dir='ltr'>ό</span> <span class='ocrx_word' id='word_1_474' title='bbox 2238 713 2371 776; x_wconf 83' lang='grc' dir='ltr'>Θεὸς</span> <span class='ocrx_word' id='word_1_475' title='bbox 2404 712 2478 784; x_wconf 75' lang='grc' dir='ltr'>μὴ</span> <span class='ocrx_word' id='word_1_476' title='bbox 2511 710 2836 781; x_wconf 78' lang='grc' dir='ltr'>ἀποδέξηται</span> <span class='ocrx_word' id='word_1_477' title='bbox 2855 724 2868 736; x_wconf 74' lang='grc'><strong><em>⁸</em></strong></span> <span class='ocrx_word' id='word_1_478' title='bbox 2902 706 3003 761; x_wconf 80' lang='grc' dir='ltr'>κᾶν</span> <span class='ocrx_word' id='word_1_479' title='bbox 3025 720 3191 758; x_wconf 85' lang='grc' dir='ltr'>κατα·</span> 
     </span>
    </p>
   </div>
   <div class='ocr_carea' id='block_1_63' title="bbox 1615 798 3185 876">
    <p class='ocr_par' dir='ltr' id='par_1_63' title="bbox 1615 798 3185 876">
     <span class='ocr_line' id='line_1_63' title="bbox 1615 798 3185 876; baseline -0.009 -16"><span class='ocrx_word' id='word_1_480' title='bbox 1615 804 1730 876; x_wconf 77' lang='grc' dir='ltr'>γ·ιῷ</span> <span class='ocrx_word' id='word_1_481' title='bbox 1758 805 2061 875; x_wconf 78' lang='grc' dir='ltr'>ἄνθρωπος,</span> <span class='ocrx_word' id='word_1_482' title='bbox 2092 805 2244 859; x_wconf 72' lang='grc' dir='ltr'>οὐδὲν</span> <span class='ocrx_word' id='word_1_483' title='bbox 2282 804 2499 875; x_wconf 87' lang='grc' dir='ltr'>βλάϐος,</span> <span class='ocrx_word' id='word_1_484' title='bbox 2539 804 2668 856; x_wconf 83' lang='grc' dir='ltr'>ὅταν</span> <span class='ocrx_word' id='word_1_485' title='bbox 2696 802 2725 854; x_wconf 86' lang='grc' dir='ltr'>ό</span> <span class='ocrx_word' id='word_1_486' title='bbox 2748 800 2882 862; x_wconf 85' lang='grc' dir='ltr'>Θεὸς</span> <span class='ocrx_word' id='word_1_487' title='bbox 2915 798 2988 869; x_wconf 83' lang='grc' dir='ltr'>μὴ</span> <span class='ocrx_word' id='word_1_488' title='bbox 3027 810 3185 849; x_wconf 84' lang='grc' dir='ltr'>κατα-</span> 
     </span>
    </p>
   </div>
   <div class='ocr_carea' id='block_1_64' title="bbox 1621 885 3193 969">
    <p class='ocr_par' dir='ltr' id='par_1_64' title="bbox 1621 885 3193 969">
     <span class='ocr_line' id='line_1_64' title="bbox 1621 885 3193 969; baseline -0.006 -18"><span class='ocrx_word' id='word_1_489' title='bbox 1621 897 1756 967; x_wconf 83' lang='grc' dir='ltr'>γνῷ.</span> <span class='ocrx_word' id='word_1_490' title='bbox 1792 897 1883 969; x_wconf 84' lang='grc' dir='ltr'>Μὴ</span> <span class='ocrx_word' id='word_1_491' title='bbox 1925 898 1990 969; x_wconf 79' lang='grc' dir='ltr'>δὴ</span> <span class='ocrx_word' id='word_1_492' title='bbox 2019 897 2188 969; x_wconf 80' lang='grc' dir='ltr'>ταύτῃ</span> <span class='ocrx_word' id='word_1_493' title='bbox 2220 896 2492 968; x_wconf 79' lang='grc' dir='ltr'>παρόξυνε</span> <span class='ocrx_word' id='word_1_494' title='bbox 2524 895 2615 948; x_wconf 91' lang='grc' dir='ltr'>τὸν</span> <span class='ocrx_word' id='word_1_495' title='bbox 2642 891 2921 961; x_wconf 82' lang='grc' dir='ltr'>δικαστὴν,</span> <span class='ocrx_word' id='word_1_496' title='bbox 2945 890 3053 942; x_wconf 88' lang='grc' dir='ltr'>τῶν</span> <span class='ocrx_word' id='word_1_497' title='bbox 3091 885 3193 958; x_wconf 82' lang='grc' dir='ltr'>μὲν</span> 
     </span>
    </p>
   </div>
   <div class='ocr_carea' id='block_1_65' title="bbox 1619 980 3195 1057">
    <p class='ocr_par' dir='ltr' id='par_1_65' title="bbox 1619 980 3195 1057">
     <span class='ocr_line' id='line_1_65' title="bbox 1619 980 3195 1057; baseline -0.008 -16"><span class='ocrx_word' id='word_1_498' title='bbox 1619 986 1918 1041; x_wconf 88' lang='grc' dir='ltr'>συνδούλων</span> <span class='ocrx_word' id='word_1_499' title='bbox 1942 987 2112 1042; x_wconf 81' lang='grc' dir='ltr'>πολὺν</span> <span class='ocrx_word' id='word_1_500' title='bbox 2142 985 2465 1057; x_wconf 86' lang='grc' dir='ltr'>ποιούμενος</span> <span class='ocrx_word' id='word_1_501' title='bbox 2501 985 2679 1054; x_wconf 86' lang='grc' dir='ltr'>λόγον,</span> <span class='ocrx_word' id='word_1_502' title='bbox 2711 981 2877 1036; x_wconf 80' lang='grc' dir='ltr'>αὐτοῦ</span> <span class='ocrx_word' id='word_1_503' title='bbox 2905 980 2961 1033; x_wconf 82' lang='grc' dir='ltr'>δὲ</span> <span class='ocrx_word' id='word_1_504' title='bbox 2990 980 3195 1047; x_wconf 77' lang='grc' dir='ltr'>ἀγαναο</span> 
     </span>
    </p>
   </div>
   <div class='ocr_carea' id='block_1_66' title="bbox 1620 1072 3196 1149">
    <p class='ocr_par' dir='ltr' id='par_1_66' title="bbox 1620 1072 3196 1149">
     <span class='ocr_line' id='line_1_66' title="bbox 1620 1072 3196 1149; baseline -0.01 -16"><span class='ocrx_word' id='word_1_505' title='bbox 1620 1078 1880 1143; x_wconf 90' lang='grc' dir='ltr'>κτοῦντος</span> <span class='ocrx_word' id='word_1_506' title='bbox 1901 1079 1962 1132; x_wconf 81' lang='grc' dir='ltr'>ού</span> <span class='ocrx_word' id='word_1_507' title='bbox 1984 1076 2235 1141; x_wconf 87' lang='grc' dir='ltr'>δεδοικὼς</span> <span class='ocrx_word' id='word_1_508' title='bbox 2273 1078 2366 1130; x_wconf 74' lang='grc' dir='ltr'>καὶ</span> <span class='ocrx_word' id='word_1_509' title='bbox 2406 1076 2647 1147; x_wconf 83' lang='grc' dir='ltr'>τρέμων.</span> <span class='ocrx_word' id='word_1_510' title='bbox 2682 1072 3196 1149; x_wconf 81' lang='grc' dir='ltr'>Καταφρονήσωμεν</span> 
     </span>
    </p>
   </div>
   <div class='ocr_carea' id='block_1_67' title="bbox 1616 1162 3200 1242">
    <p class='ocr_par' dir='ltr' id='par_1_67' title="bbox 1616 1162 3200 1242">
     <span class='ocr_line' id='line_1_67' title="bbox 1616 1162 3200 1242; baseline -0.007 -17"><span class='ocrx_word' id='word_1_511' title='bbox 1616 1170 1798 1235; x_wconf 84' lang='grc' dir='ltr'>τοίνυν</span> <span class='ocrx_word' id='word_1_512' title='bbox 1824 1170 1921 1225; x_wconf 88' lang='grc' dir='ltr'>τοῦ</span> <span class='ocrx_word' id='word_1_513' title='bbox 1956 1172 2087 1242; x_wconf 89' lang='grc' dir='ltr'>παρ’</span> <span class='ocrx_word' id='word_1_514' title='bbox 2112 1170 2418 1241; x_wconf 84' lang='grc' dir='ltr'>ἀνθρώπων</span> <span class='ocrx_word' id='word_1_515' title='bbox 2454 1168 2699 1223; x_wconf 88' lang='grc' dir='ltr'>ἐπαίνου.</span> <span class='ocrx_word' id='word_1_516' title='bbox 2739 1166 2919 1237; x_wconf 84' lang='grc' dir='ltr'>Μέχρι</span> <span class='ocrx_word' id='word_1_517' title='bbox 2949 1163 3079 1217; x_wconf 85' lang='grc' dir='ltr'>πότε</span> <span class='ocrx_word' id='word_1_518' title='bbox 3106 1162 3200 1215; x_wconf 78' lang='grc' dir='ltr'>εὑ-</span> 
     </span>
    </p>
   </div>
   <div class='ocr_carea' id='block_1_68' title="bbox 1618 1255 3199 1334">
    <p class='ocr_par' dir='ltr' id='par_1_68' title="bbox 1618 1255 3199 1334">
     <span class='ocr_line' id='line_1_68' title="bbox 1618 1255 3199 1334; baseline -0.004 -19"><span class='ocrx_word' id='word_1_519' title='bbox 1618 1262 1924 1326; x_wconf 68' lang='grc' dir='ltr'>τελεῖς“καὶ</span> <span class='ocrx_word' id='word_1_520' title='bbox 1951 1262 2315 1334; x_wconf 74' lang='grc' dir='ltr'>χαμαίζηλοις</span> <span class='ocrx_word' id='word_1_521' title='bbox 2359 1261 2522 1332; x_wconf 88' lang='grc' dir='ltr'>μέχρι</span> <span class='ocrx_word' id='word_1_522' title='bbox 2561 1260 2714 1323; x_wconf 85' lang='grc' dir='ltr'>πότε,</span> <span class='ocrx_word' id='word_1_523' title='bbox 2749 1257 2844 1311; x_wconf 87' lang='grc' dir='ltr'>τοῦ</span> <span class='ocrx_word' id='word_1_524' title='bbox 2892 1255 3027 1311; x_wconf 87' lang='grc' dir='ltr'>Θεοῦ</span> <span class='ocrx_word' id='word_1_525' title='bbox 3061 1256 3199 1327; x_wconf 83' lang='grc' dir='ltr'>πρὸς</span> 
     </span>
    </p>
   </div>
   <div class='ocr_carea' id='block_1_69' title="bbox 1618 1347 3200 1426">
    <p class='ocr_par' dir='ltr' id='par_1_69' title="bbox 1618 1347 3200 1426">
     <span class='ocr_line' id='line_1_69' title="bbox 1618 1347 3200 1426; baseline -0.005 -17"><span class='ocrx_word' id='word_1_526' title='bbox 1618 1356 1712 1410; x_wconf 84' lang='grc' dir='ltr'>τὸν</span> <span class='ocrx_word' id='word_1_527' title='bbox 1744 1355 1969 1426; x_wconf 78' lang='grc' dir='ltr'>οὐρανὸν</span> <span class='ocrx_word' id='word_1_528' title='bbox 2003 1357 2150 1426; x_wconf 82' lang='grc' dir='ltr'>ἡμᾶς</span> <span class='ocrx_word' id='word_1_529' title='bbox 2199 1353 2466 1426; x_wconf 72' lang='grc' dir='ltr'>αἴροντος,</span> <span class='ocrx_word' id='word_1_530' title='bbox 2522 1352 2678 1406; x_wconf 68' lang='grc' dir='ltr'>αὐτοὶ</span> <span class='ocrx_word' id='word_1_531' title='bbox 2725 1349 2900 1422; x_wconf 72' lang='grc' dir='ltr'>χαμαὶ</span> <span class='ocrx_word' id='word_1_532' title='bbox 2938 1347 3200 1419; x_wconf 86' lang='grc' dir='ltr'>σύρεσθαι</span> 
     </span>
    </p>
   </div>
   <div class='ocr_carea' id='block_1_70' title="bbox 1619 1438 3198 1517">
    <p class='ocr_par' dir='ltr' id='par_1_70' title="bbox 1619 1438 3198 1517">
     <span class='ocr_line' id='line_1_70' title="bbox 1619 1438 3198 1517; baseline -0.005 -18"><span class='ocrx_word' id='word_1_533' title='bbox 1619 1446 2073 1517; x_wconf 77' lang='grc' dir='ltr'>ἐσπουδάκαμενς</span> <span class='ocrx_word' id='word_1_534' title='bbox 2119 1448 2181 1501; x_wconf 84' lang='grc' dir='ltr'>Οί</span> <span class='ocrx_word' id='word_1_535' title='bbox 2221 1445 2319 1499; x_wconf 88' lang='grc' dir='ltr'>τοῦ</span> <span class='ocrx_word' id='word_1_536' title='bbox 2366 1443 2563 1515; x_wconf 81' lang='grc' dir='ltr'>Ἰωσὴφ</span> <span class='ocrx_word' id='word_1_537' title='bbox 2604 1442 2844 1511; x_wconf 68' lang='grc' dir='ltr'>ἀδελφοὶ,</span> <span class='ocrx_word' id='word_1_538' title='bbox 2889 1440 2945 1493; x_wconf 78' lang='grc' dir='ltr'>εί.</span> <span class='ocrx_word' id='word_1_539' title='bbox 2972 1439 3067 1493; x_wconf 86' lang='grc' dir='ltr'>τὸν</span> <span class='ocrx_word' id='word_1_540' title='bbox 3103 1438 3198 1493; x_wconf 87' lang='grc' dir='ltr'>τοῦ</span> 
     </span>
    </p>
   </div>
   <div class='ocr_carea' id='block_1_71' title="bbox 1620 1529 3199 1609">
    <p class='ocr_par' dir='ltr' id='par_1_71' title="bbox 1620 1529 3199 1609">
     <span class='ocr_line' id='line_1_71' title="bbox 1620 1529 3199 1609; baseline -0.006 -19"><span class='ocrx_word' id='word_1_541' title='bbox 1620 1536 1755 1591; x_wconf 89' lang='grc' dir='ltr'>Θεοῦ</span> <span class='ocrx_word' id='word_1_542' title='bbox 1779 1538 1942 1607; x_wconf 83' lang='grc' dir='ltr'>φόϐον</span> <span class='ocrx_word' id='word_1_543' title='bbox 1969 1539 2076 1609; x_wconf 84' lang='grc' dir='ltr'>πρὸ</span> <span class='ocrx_word' id='word_1_544' title='bbox 2112 1536 2408 1607; x_wconf 84' lang='grc' dir='ltr'>ὀφθαλμῶν</span> <span class='ocrx_word' id='word_1_545' title='bbox 2453 1532 2618 1606; x_wconf 74' lang='grc' dir='ltr'>εἶχον,</span> <span class='ocrx_word' id='word_1_546' title='bbox 2659 1533 2733 1597; x_wconf 82' lang='grc' dir='ltr'>ὡς</span> <span class='ocrx_word' id='word_1_547' title='bbox 2779 1533 2921 1603; x_wconf 80' lang='grc' dir='ltr'>ἐχειν</span> <span class='ocrx_word' id='word_1_548' title='bbox 2959 1531 3061 1595; x_wconf 87' lang='grc' dir='ltr'>δεῖ,</span> <span class='ocrx_word' id='word_1_549' title='bbox 3098 1529 3199 1583; x_wconf 84' lang='grc' dir='ltr'>οὐκ</span> 
     </span>
    </p>
   </div>
   <div class='ocr_carea' id='block_1_72' title="bbox 1620 1620 3201 1698">
    <p class='ocr_par' dir='ltr' id='par_1_72' title="bbox 1620 1620 3201 1698">
     <span class='ocr_line' id='line_1_72' title="bbox 1620 1620 3201 1698; baseline -0.005 -16"><span class='ocrx_word' id='word_1_550' title='bbox 1620 1628 1688 1682; x_wconf 78' lang='grc' dir='ltr'>ἂν</span> <span class='ocrx_word' id='word_1_551' title='bbox 1717 1627 1805 1681; x_wconf 81' lang='grc' dir='ltr'>ἐπ’</span> <span class='ocrx_word' id='word_1_552' title='bbox 1830 1629 2068 1698; x_wconf 75' lang='grc' dir='ltr'>ἐρημίας</span> <span class='ocrx_word' id='word_1_553' title='bbox 2091 1627 2183 1681; x_wconf 88' lang='grc' dir='ltr'>τὸν</span> <span class='ocrx_word' id='word_1_554' title='bbox 2220 1627 2448 1698; x_wconf 88' lang='grc' dir='ltr'>ἀδελφὸν</span> <span class='ocrx_word' id='word_1_555' title='bbox 2483 1625 2739 1689; x_wconf 88' lang='grc' dir='ltr'>λαϐόντες</span> <span class='ocrx_word' id='word_1_556' title='bbox 2758 1624 3104 1678; x_wconf 87' lang='grc' dir='ltr'>ἀπέκτειναν.</span> <span class='ocrx_word' id='word_1_557' title='bbox 3141 1620 3201 1674; x_wconf 84' lang='grc' dir='ltr'>ὐ</span> 
     </span>
    </p>
   </div>
   <div class='ocr_carea' id='block_1_73' title="bbox 1622 1711 3204 1789">
    <p class='ocr_par' dir='ltr' id='par_1_73' title="bbox 1622 1711 3204 1789">
     <span class='ocr_line' id='line_1_73' title="bbox 1622 1711 3204 1789; baseline -0.005 -17"><span class='ocrx_word' id='word_1_558' title='bbox 1622 1719 1763 1773; x_wconf 78' lang='grc' dir='ltr'>Κάῖν</span> <span class='ocrx_word' id='word_1_559' title='bbox 1794 1719 1955 1773; x_wconf 86' lang='grc' dir='ltr'>πάλιν</span> <span class='ocrx_word' id='word_1_560' title='bbox 1988 1720 2037 1771; x_wconf 80' lang='grc' dir='ltr'>εί</span> <span class='ocrx_word' id='word_1_561' title='bbox 2086 1719 2191 1789; x_wconf 80' lang='grc' dir='ltr'>τὴν</span> <span class='ocrx_word' id='word_1_562' title='bbox 2227 1718 2409 1789; x_wconf 77' lang='grc' dir='ltr'>ψῆφον</span> <span class='ocrx_word' id='word_1_563' title='bbox 2456 1718 2667 1773; x_wconf 86' lang='grc' dir='ltr'>ἐκείνου</span> <span class='ocrx_word' id='word_1_564' title='bbox 2705 1715 2981 1778; x_wconf 82' lang='grc' dir='ltr'>ἐδεδοίκει,</span> <span class='ocrx_word' id='word_1_565' title='bbox 3014 1712 3090 1777; x_wconf 85' lang='grc' dir='ltr'>ὡς</span> <span class='ocrx_word' id='word_1_566' title='bbox 3116 1711 3204 1765; x_wconf 80' lang='grc' dir='ltr'>δε-</span> 
     </span>
    </p>
   </div>
   <div class='ocr_carea' id='block_1_74' title="bbox 1623 1804 3206 1876">
    <p class='ocr_par' dir='ltr' id='par_1_74' title="bbox 1623 1804 3206 1876">
     <span class='ocr_line' id='line_1_74' title="bbox 1623 1804 3206 1876; baseline -0.006 -11"><span class='ocrx_word' id='word_1_567' title='bbox 1623 1811 1858 1866; x_wconf 82' lang='grc' dir='ltr'>δοικέναι</span> <span class='ocrx_word' id='word_1_568' title='bbox 1887 1810 2014 1876; x_wconf 75' lang='grc' dir='ltr'>ἔδει,</span> <span class='ocrx_word' id='word_1_569' title='bbox 2058 1810 2159 1863; x_wconf 86' lang='grc' dir='ltr'>οὐκ</span> <span class='ocrx_word' id='word_1_570' title='bbox 2198 1808 2264 1863; x_wconf 80' lang='grc' dir='ltr'>ἂν</span> <span class='ocrx_word' id='word_1_571' title='bbox 2308 1805 2452 1873; x_wconf 79' lang='grc' dir='ltr'>εἷπε,</span> <span class='ocrx_word' id='word_1_572' title='bbox 2493 1809 2694 1876; x_wconf 76' lang='grc' dir='ltr'>Δεῦρο,</span> <span class='ocrx_word' id='word_1_573' title='bbox 2728 1807 2827 1861; x_wconf 81' lang='grc' dir='ltr'>καὶ</span> <span class='ocrx_word' id='word_1_574' title='bbox 2868 1804 3206 1873; x_wconf 71' lang='grc' dir='ltr'>ἐξέλθωμεν</span> 
     </span>
    </p>
   </div>
   <div class='ocr_carea' id='block_1_75' title="bbox 1623 1892 3208 1971">
    <p class='ocr_par' dir='ltr' id='par_1_75' title="bbox 1623 1892 3208 1971">
     <span class='ocr_line' id='line_1_75' title="bbox 1623 1892 3208 1971; baseline -0.008 -14"><span class='ocrx_word' id='word_1_575' title='bbox 1623 1904 1712 1970; x_wconf 82' lang='grc' dir='ltr'>είς</span> <span class='ocrx_word' id='word_1_576' title='bbox 1739 1902 1807 1957; x_wconf 85' lang='grc' dir='ltr'>τὸ</span> <span class='ocrx_word' id='word_1_577' title='bbox 1842 1901 2076 1956; x_wconf 74' lang='grc' dir='ltr'>πεδίον.</span> <span class='ocrx_word' id='word_1_578' title='bbox 2109 1900 2175 1953; x_wconf 88' lang='grc' dir='ltr'>Τί</span> <span class='ocrx_word' id='word_1_579' title='bbox 2200 1900 2331 1971; x_wconf 88' lang='lat'><strong>7&amp;9,</strong></span> <span class='ocrx_word' id='word_1_580' title='bbox 2365 1892 2411 1953; x_wconf 79' lang='grc' dir='ltr'><strong>ὣ</strong></span> <span class='ocrx_word' id='word_1_581' title='bbox 2441 1897 2582 1952; x_wconf 83' lang='grc' dir='ltr'>δειλὲ</span> <span class='ocrx_word' id='word_1_582' title='bbox 2610 1898 2706 1950; x_wconf 59' lang='grc' dir='ltr'>καὶ¹</span> <span class='ocrx_word' id='word_1_583' title='bbox 2730 1895 3070 1964; x_wconf 86' lang='grc' dir='ltr'>ταλαίπωρε,</span> <span class='ocrx_word' id='word_1_584' title='bbox 3097 1910 3208 1961; x_wconf 78' lang='grc' dir='ltr'>χω·</span> 
     </span>
    </p>
   </div>
   <div class='ocr_carea' id='block_1_76' title="bbox 1628 1980 3202 2068">
    <p class='ocr_par' dir='ltr' id='par_1_76' title="bbox 1628 1980 3202 2068">
     <span class='ocr_line' id='line_1_76' title="bbox 1628 1980 3202 2068; baseline -0.01 -18"><span class='ocrx_word' id='word_1_585' title='bbox 1628 1996 1799 2068; x_wconf 78' lang='grc' dir='ltr'>ρίζεις</span> <span class='ocrx_word' id='word_1_586' title='bbox 1835 1994 1998 2049; x_wconf 82' lang='grc' dir='ltr'>αὐτὸν</span> <span class='ocrx_word' id='word_1_587' title='bbox 2027 1992 2122 2047; x_wconf 88' lang='grc' dir='ltr'>τοῦ</span> <span class='ocrx_word' id='word_1_588' title='bbox 2155 1989 2545 2062; x_wconf 84' lang='grc' dir='ltr'>γεγεννηκότος</span> <span class='ocrx_word' id='word_1_589' title='bbox 2577 1989 2671 2042; x_wconf 71' lang='grc' dir='ltr'>καὶ</span> <span class='ocrx_word' id='word_1_590' title='bbox 2711 1987 2792 2050; x_wconf 86' lang='grc' dir='ltr'>είς</span> <span class='ocrx_word' id='word_1_591' title='bbox 2839 1985 3075 2057; x_wconf 86' lang='grc' dir='ltr'>ἐρημίαν</span> <span class='ocrx_word' id='word_1_592' title='bbox 3112 1980 3202 2046; x_wconf 64' lang='grc' dir='ltr'>ἐξα</span> 
     </span>
    </p>
   </div>
   <div class='ocr_carea' id='block_1_77' title="bbox 1625 2070 3207 2156">
    <p class='ocr_par' dir='ltr' id='par_1_77' title="bbox 1625 2070 3207 2156">
     <span class='ocr_line' id='line_1_77' title="bbox 1625 2070 3207 2156; baseline -0.011 -16"><span class='ocrx_word' id='word_1_593' title='bbox 1625 2087 1819 2155; x_wconf 86' lang='grc' dir='ltr'>άγεις;</span> <span class='ocrx_word' id='word_1_594' title='bbox 1866 2085 1940 2156; x_wconf 79' lang='grc' dir='ltr'>μὴ</span> <span class='ocrx_word' id='word_1_595' title='bbox 1988 2084 2097 2156; x_wconf 81' lang='grc' dir='ltr'>γὰρ</span> <span class='ocrx_word' id='word_1_596' title='bbox 2130 2085 2159 2138; x_wconf 89' lang='grc' dir='ltr'>ό</span> <span class='ocrx_word' id='word_1_597' title='bbox 2193 2082 2327 2145; x_wconf 83' lang='grc' dir='ltr'>Θεὸς</span> <span class='ocrx_word' id='word_1_598' title='bbox 2355 2081 2453 2152; x_wconf 82' lang='grc' dir='ltr'>οὐχ</span> <span class='ocrx_word' id='word_1_599' title='bbox 2480 2081 2583 2152; x_wconf 80' lang='grc' dir='ltr'>όρᾷ</span> <span class='ocrx_word' id='word_1_600' title='bbox 2611 2081 2705 2132; x_wconf 66' lang='grc' dir='ltr'>καὶ</span> <span class='ocrx_word' id='word_1_601' title='bbox 2742 2078 2801 2131; x_wconf 90' lang='grc' dir='ltr'>ἐν</span> <span class='ocrx_word' id='word_1_602' title='bbox 2830 2073 2910 2145; x_wconf 83' lang='grc' dir='ltr'>τῷ</span> <span class='ocrx_word' id='word_1_603' title='bbox 2946 2072 3114 2143; x_wconf 82' lang='grc' dir='ltr'>πεδίῳ</span> <span class='ocrx_word' id='word_1_604' title='bbox 3142 2070 3207 2123; x_wconf 87' lang='grc' dir='ltr'>τὸ</span> 
     </span>
    </p>
   </div>
   <div class='ocr_carea' id='block_1_78' title="bbox 1625 2162 3205 2248">
    <p class='ocr_par' dir='ltr' id='par_1_78' title="bbox 1625 2162 3205 2248">
     <span class='ocr_line' id='line_1_78' title="bbox 1625 2162 3205 2248; baseline -0.013 -16"><span class='ocrx_word' id='word_1_605' title='bbox 1625 2176 1918 2248; x_wconf 88' lang='grc' dir='ltr'>τόλμημα;</span> <span class='ocrx_word' id='word_1_606' title='bbox 1963 2176 2073 2230; x_wconf 86' lang='grc' dir='ltr'>ἀπὸ</span> <span class='ocrx_word' id='word_1_607' title='bbox 2123 2173 2231 2227; x_wconf 88' lang='grc' dir='ltr'>τῶν</span> <span class='ocrx_word' id='word_1_608' title='bbox 2274 2173 2355 2244; x_wconf 84' lang='grc' dir='ltr'>τῷ</span> <span class='ocrx_word' id='word_1_609' title='bbox 2393 2170 2563 2240; x_wconf 87' lang='grc' dir='ltr'>πατρί</span> <span class='ocrx_word' id='word_1_610' title='bbox 2614 2183 2708 2222; x_wconf 84' lang='grc' dir='ltr'>σου</span> <span class='ocrx_word' id='word_1_611' title='bbox 2778 2162 3205 2236; x_wconf 89' lang='grc' dir='ltr'>συμϐεϐηκότων</span> 
     </span>
    </p>
   </div>
   <div class='ocr_carea' id='block_1_79' title="bbox 1625 2255 3205 2339">
    <p class='ocr_par' dir='ltr' id='par_1_79' title="bbox 1625 2255 3205 2339">
     <span class='ocr_line' id='line_1_79' title="bbox 1625 2255 3205 2339; baseline -0.013 -15"><span class='ocrx_word' id='word_1_612' title='bbox 1625 2272 1727 2324; x_wconf 84' lang='grc' dir='ltr'>οὐκ</span> <span class='ocrx_word' id='word_1_613' title='bbox 1757 2266 2104 2339; x_wconf 83' lang='grc' dir='ltr'>ἐπαιδεύθης,</span> <span class='ocrx_word' id='word_1_614' title='bbox 2150 2267 2233 2321; x_wconf 82' lang='grc' dir='ltr'>ὅτι</span> <span class='ocrx_word' id='word_1_615' title='bbox 2287 2265 2468 2319; x_wconf 88' lang='grc' dir='ltr'>πάντα</span> <span class='ocrx_word' id='word_1_616' title='bbox 2502 2257 2634 2326; x_wconf 74' lang='grc' dir='ltr'>οἶδε,</span> <span class='ocrx_word' id='word_1_617' title='bbox 2672 2259 2768 2313; x_wconf 78' lang='grc' dir='ltr'>καὶ</span> <span class='ocrx_word' id='word_1_618' title='bbox 2807 2258 2943 2310; x_wconf 81' lang='grc' dir='ltr'>πᾶσι</span> <span class='ocrx_word' id='word_1_619' title='bbox 2973 2255 3205 2326; x_wconf 85' lang='grc' dir='ltr'>πάρεστι</span> 
     </span>
    </p>
   </div>
   <div class='ocr_carea' id='block_1_80' title="bbox 1626 2342 3210 2431">
    <p class='ocr_par' dir='ltr' id='par_1_80' title="bbox 1626 2342 3210 2431">
     <span class='ocr_line' id='line_1_80' title="bbox 1626 2342 3210 2431; baseline -0.013 -15"><span class='ocrx_word' id='word_1_620' title='bbox 1626 2363 1740 2427; x_wconf 85' lang='grc' dir='ltr'>τοῖς</span> <span class='ocrx_word' id='word_1_621' title='bbox 1774 2361 2111 2431; x_wconf 83' lang='grc' dir='ltr'>γινομένοις;</span> <span class='ocrx_word' id='word_1_622' title='bbox 2167 2358 2281 2413; x_wconf 71' lang='grc' dir='ltr'>Καὶ</span> <span class='ocrx_word' id='word_1_623' title='bbox 2321 2358 2466 2419; x_wconf 87' lang='grc' dir='ltr'>τίνος</span> <span class='ocrx_word' id='word_1_624' title='bbox 2511 2354 2699 2407; x_wconf 71' lang='grc' dir='ltr'>ἕνεκεν</span> <span class='ocrx_word' id='word_1_625' title='bbox 2750 2351 2852 2405; x_wconf 84' lang='grc' dir='ltr'>οὐκ</span> <span class='ocrx_word' id='word_1_626' title='bbox 2884 2342 3006 2401; x_wconf 80' lang='grc' dir='ltr'>εἶπε</span> <span class='ocrx_word' id='word_1_627' title='bbox 3046 2342 3210 2398; x_wconf 89' lang='grc' dir='ltr'>τοῦτο</span> 
     </span>
    </p>
   </div>
   <div class='ocr_carea' id='block_1_81' title="bbox 1630 2433 3208 2524">
    <p class='ocr_par' dir='ltr' id='par_1_81' title="bbox 1630 2433 3208 2524">
     <span class='ocr_line' id='line_1_81' title="bbox 1630 2433 3208 2524; baseline -0.015 -14"><span class='ocrx_word' id='word_1_628' title='bbox 1630 2452 1767 2524; x_wconf 83' lang='grc' dir='ltr'>πρὸς</span> <span class='ocrx_word' id='word_1_629' title='bbox 1802 2452 1964 2507; x_wconf 79' lang='grc' dir='ltr'>αὑτὸν</span> <span class='ocrx_word' id='word_1_630' title='bbox 2006 2451 2035 2504; x_wconf 88' lang='grc' dir='ltr'>ό</span> <span class='ocrx_word' id='word_1_631' title='bbox 2080 2450 2214 2513; x_wconf 88' lang='grc' dir='ltr'>Θεὸς</span> <span class='ocrx_word' id='word_1_632' title='bbox 2253 2446 2602 2517; x_wconf 62' lang='grc' dir='ltr'>ἀρνούμενον</span> <span class='ocrx_word' id='word_1_633' title='bbox 2640 2442 2772 2513; x_wconf 80' lang='grc' dir='ltr'>Ἐμὲ</span> <span class='ocrx_word' id='word_1_634' title='bbox 2820 2437 3080 2512; x_wconf 83' lang='grc' dir='ltr'>κρύπτεις</span> <span class='ocrx_word' id='word_1_635' title='bbox 3114 2433 3208 2488; x_wconf 87' lang='grc' dir='ltr'>τὸν</span> 
     </span>
    </p>
   </div>
   <div class='ocr_carea' id='block_1_82' title="bbox 1630 2528 3205 2614">
    <p class='ocr_par' dir='ltr' id='par_1_82' title="bbox 1630 2528 3205 2614">
     <span class='ocr_line' id='line_1_82' title="bbox 1630 2528 3205 2614; baseline -0.013 -16"><span class='ocrx_word' id='word_1_636' title='bbox 1630 2542 1907 2613; x_wconf 87' lang='grc' dir='ltr'>πανταχοῦ</span> <span class='ocrx_word' id='word_1_637' title='bbox 1938 2541 2203 2614; x_wconf 90' lang='grc' dir='ltr'>παρόντα,</span> <span class='ocrx_word' id='word_1_638' title='bbox 2243 2538 2338 2593; x_wconf 75' lang='grc' dir='ltr'>καὶ</span> <span class='ocrx_word' id='word_1_639' title='bbox 2381 2536 2450 2591; x_wconf 82' lang='grc' dir='ltr'>τὰ</span> <span class='ocrx_word' id='word_1_640' title='bbox 2487 2535 2774 2606; x_wconf 72' lang='grc' dir='ltr'>ἀπόρρητα</span> <span class='ocrx_word' id='word_1_641' title='bbox 2811 2528 3205 2598; x_wconf 72' lang='grc' dir='ltr'>ἐπιστάμενονς</span> 
     </span>
    </p>
   </div>
   <div class='ocr_carea' id='block_1_83' title="bbox 1633 2614 3205 2699">
    <p class='ocr_par' dir='ltr' id='par_1_83' title="bbox 1633 2614 3205 2699">
     <span class='ocr_line' id='line_1_83' title="bbox 1633 2614 3205 2699; baseline -0.014 -11"><span class='ocrx_word' id='word_1_642' title='bbox 1633 2634 1756 2687; x_wconf 77' lang='grc' dir='ltr'>Ὀτι</span> <span class='ocrx_word' id='word_1_643' title='bbox 1803 2632 1955 2686; x_wconf 77' lang='grc' dir='ltr'>οὔπω</span> <span class='ocrx_word' id='word_1_644' title='bbox 1997 2629 2171 2684; x_wconf 86' lang='grc' dir='ltr'>ταῦτα</span> <span class='ocrx_word' id='word_1_645' title='bbox 2239 2628 2549 2699; x_wconf 84' lang='grc' dir='ltr'>φιλοσοφεῖν</span> <span class='ocrx_word' id='word_1_646' title='bbox 2595 2625 2801 2685; x_wconf 87' lang='grc' dir='ltr'>ἐκεῖνος</span> <span class='ocrx_word' id='word_1_647' title='bbox 2836 2620 2952 2691; x_wconf 73' lang='grc' dir='ltr'>ᾔδει</span> <span class='ocrx_word' id='word_1_648' title='bbox 3002 2614 3205 2679; x_wconf 88' lang='grc' dir='ltr'>καλῶς.</span> 
     </span>
    </p>
   </div>
   <div class='ocr_carea' id='block_1_84' title="bbox 1644 2708 3212 2795">
    <p class='ocr_par' dir='ltr' id='par_1_84' title="bbox 1644 2708 3212 2795">
     <span class='ocr_line' id='line_1_84' title="bbox 1644 2708 3212 2795; baseline -0.014 -12"><span class='ocrx_word' id='word_1_649' title='bbox 1644 2725 1807 2782; x_wconf 81' lang='grc' dir='ltr'>Ἀλλά</span> <span class='ocrx_word' id='word_1_650' title='bbox 1829 2724 1885 2778; x_wconf 87' lang='grc' dir='ltr'>τί</span> <span class='ocrx_word' id='word_1_651' title='bbox 1914 2740 2081 2795; x_wconf 85' lang='grc' dir='ltr'>φησι;</span> <span class='ocrx_word' id='word_1_652' title='bbox 2120 2721 2294 2789; x_wconf 77' lang='grc' dir='ltr'><em>Φώνὴ</em></span> <span class='ocrx_word' id='word_1_653' title='bbox 2342 2721 2592 2789; x_wconf 77' lang='grc' dir='ltr'>αἵματος</span> <span class='ocrx_word' id='word_1_654' title='bbox 2642 2714 2750 2769; x_wconf 83' lang='grc' dir='ltr'>τοῦ</span> <span class='ocrx_word' id='word_1_655' title='bbox 2798 2708 3066 2779; x_wconf 73' lang='grc' dir='ltr'>ἀδελφοῦ</span> <span class='ocrx_word' id='word_1_656' title='bbox 3092 2722 3212 2761; x_wconf 80' lang='grc' dir='ltr'>σου</span> 
     </span>
    </p>
   </div>
   <div class='ocr_carea' id='block_1_85' title="bbox 1627 2796 3213 2885">
    <p class='ocr_par' dir='ltr' id='par_1_85' title="bbox 1627 2796 3213 2885">
     <span class='ocr_line' id='line_1_85' title="bbox 1627 2796 3213 2885; baseline -0.013 -14"><span class='ocrx_word' id='word_1_657' title='bbox 1627 2815 1752 2883; x_wconf 79' lang='grc' dir='ltr'>βοᾷ</span> <span class='ocrx_word' id='word_1_658' title='bbox 1796 2815 1946 2885; x_wconf 81' lang='grc' dir='ltr'>πρός</span> <span class='ocrx_word' id='word_1_659' title='bbox 1983 2831 2093 2885; x_wconf 77' lang='grc' dir='ltr'>με’</span> <span class='ocrx_word' id='word_1_660' title='bbox 2148 2813 2248 2882; x_wconf 79' lang='grc' dir='ltr'>οὐχ</span> <span class='ocrx_word' id='word_1_661' title='bbox 2294 2810 2369 2874; x_wconf 84' lang='grc' dir='ltr'>ὡς</span> <span class='ocrx_word' id='word_1_662' title='bbox 2412 2808 2507 2863; x_wconf 87' lang='grc' dir='ltr'>τοῦ</span> <span class='ocrx_word' id='word_1_663' title='bbox 2555 2807 2783 2878; x_wconf 80' lang='grc' dir='ltr'>αἵματος</span> <span class='ocrx_word' id='word_1_664' title='bbox 2830 2800 2977 2875; x_wconf 68' lang='grc'>[470]</span> <span class='ocrx_word' id='word_1_665' title='bbox 3027 2796 3213 2868; x_wconf 82' lang='grc' dir='ltr'>φωνὴν</span> 
     </span>
    </p>
   </div>
   <div class='ocr_carea' id='block_1_86' title="bbox 1636 2890 3212 2980">
    <p class='ocr_par' dir='ltr' id='par_1_86' title="bbox 1636 2890 3212 2980">
     <span class='ocr_line' id='line_1_86' title="bbox 1636 2890 3212 2980; baseline -0.013 -17"><span class='ocrx_word' id='word_1_666' title='bbox 1636 2910 1869 2980; x_wconf 74' lang='grc' dir='ltr'>ἔχοντος,</span> <span class='ocrx_word' id='word_1_667' title='bbox 1898 2907 2013 2962; x_wconf 86' lang='grc' dir='ltr'>ἀλλ’</span> <span class='ocrx_word' id='word_1_668' title='bbox 2038 2908 2173 2977; x_wconf 83' lang='grc' dir='ltr'>ὅπερ</span> <span class='ocrx_word' id='word_1_669' title='bbox 2200 2906 2359 2977; x_wconf 89' lang='grc' dir='ltr'>ἡμεῖς</span> <span class='ocrx_word' id='word_1_670' title='bbox 2382 2903 2632 2973; x_wconf 88' lang='grc' dir='ltr'>λέγομεν,</span> <span class='ocrx_word' id='word_1_671' title='bbox 2660 2897 2818 2953; x_wconf 80' lang='grc' dir='ltr'>ὅτιτὸ</span> <span class='ocrx_word' id='word_1_672' title='bbox 2835 2896 3067 2965; x_wconf 81' lang='grc' dir='ltr'>πρᾶγμα</span> <span class='ocrx_word' id='word_1_673' title='bbox 3092 2890 3212 2961; x_wconf 78' lang='grc' dir='ltr'>βοᾷ,</span> 
     </span>
    </p>
   </div>
   <div class='ocr_carea' id='block_1_87' title="bbox 1636 2980 3213 3072">
    <p class='ocr_par' dir='ltr' id='par_1_87' title="bbox 1636 2980 3213 3072">
     <span class='ocr_line' id='line_1_87' title="bbox 1636 2980 3213 3072; baseline -0.016 -16"><span class='ocrx_word' id='word_1_674' title='bbox 1636 3002 1861 3057; x_wconf 77' lang='grc' dir='ltr'>ἐπὶτῶν</span> <span class='ocrx_word' id='word_1_675' title='bbox 1903 3001 2077 3072; x_wconf 87' lang='grc' dir='ltr'>δήλων</span> <span class='ocrx_word' id='word_1_676' title='bbox 2119 2996 2214 3052; x_wconf 76' lang='grc' dir='ltr'>καὶ</span> <span class='ocrx_word' id='word_1_677' title='bbox 2259 2994 2468 3063; x_wconf 88' lang='grc' dir='ltr'>σαφῶν.</span> <span class='ocrx_word' id='word_1_678' title='bbox 2516 2992 2608 3044; x_wconf 86' lang='grc' dir='ltr'>Διὸ</span> <span class='ocrx_word' id='word_1_679' title='bbox 2659 2989 2725 3060; x_wconf 83' lang='grc' dir='ltr'>δὴ</span> <span class='ocrx_word' id='word_1_680' title='bbox 2765 2988 2864 3057; x_wconf 81' lang='grc' dir='ltr'>τὴν</span> <span class='ocrx_word' id='word_1_681' title='bbox 2905 2985 3086 3055; x_wconf 76' lang='grc' dir='ltr'>ψῆφον</span> <span class='ocrx_word' id='word_1_682' title='bbox 3118 2980 3213 3033; x_wconf 90' lang='grc' dir='ltr'>τοῦ</span> 
     </span>
    </p>
   </div>
   <div class='ocr_carea' id='block_1_88' title="bbox 1637 3072 3216 3163">
    <p class='ocr_par' dir='ltr' id='par_1_88' title="bbox 1637 3072 3216 3163">
     <span class='ocr_line' id='line_1_88' title="bbox 1637 3072 3216 3163; baseline -0.018 -15"><span class='ocrx_word' id='word_1_683' title='bbox 1637 3093 1774 3148; x_wconf 83' lang='grc' dir='ltr'>Θεοῦ</span> <span class='ocrx_word' id='word_1_684' title='bbox 1804 3091 1911 3163; x_wconf 88' lang='grc' dir='ltr'>πρὸ</span> <span class='ocrx_word' id='word_1_685' title='bbox 1933 3086 2228 3159; x_wconf 74' lang='grc' dir='ltr'>ὀφθαλμῶν</span> <span class='ocrx_word' id='word_1_686' title='bbox 2249 3084 2393 3155; x_wconf 80' lang='grc' dir='ltr'>ἐχειν</span> <span class='ocrx_word' id='word_1_687' title='bbox 2422 3082 2533 3143; x_wconf 86' lang='grc' dir='ltr'>δεῖ,</span> <span class='ocrx_word' id='word_1_688' title='bbox 2578 3079 2672 3133; x_wconf 77' lang='grc' dir='ltr'>καὶ</span> <span class='ocrx_word' id='word_1_689' title='bbox 2708 3077 2887 3130; x_wconf 86' lang='grc' dir='ltr'>πάντα</span> <span class='ocrx_word' id='word_1_690' title='bbox 2932 3072 3216 3125; x_wconf 82' lang='grc' dir='ltr'>σϐέννυται</span> 
     </span>
    </p>
   </div>
   <div class='ocr_carea' id='block_1_89' title="bbox 1638 3160 3218 3245">
    <p class='ocr_par' dir='ltr' id='par_1_89' title="bbox 1638 3160 3218 3245">
     <span class='ocr_line' id='line_1_89' title="bbox 1638 3160 3218 3245; baseline -0.017 -5"><span class='ocrx_word' id='word_1_691' title='bbox 1638 3185 1707 3239; x_wconf 73' lang='grc' dir='ltr'>τὰ</span> <span class='ocrx_word' id='word_1_692' title='bbox 1743 3160 1911 3238; x_wconf 82' lang='grc' dir='ltr'>δεινά.</span> <span class='ocrx_word' id='word_1_693' title='bbox 1954 3180 2109 3234; x_wconf 77' lang='grc' dir='ltr'>υῦτω</span> <span class='ocrx_word' id='word_1_694' title='bbox 2141 3176 2234 3232; x_wconf 74' lang='grc' dir='ltr'>καὶ</span> <span class='ocrx_word' id='word_1_695' title='bbox 2271 3178 2330 3229; x_wconf 84' lang='grc' dir='ltr'>ἐν</span> <span class='ocrx_word' id='word_1_696' title='bbox 2360 3175 2547 3245; x_wconf 76' lang='grc' dir='ltr'>εὐχαῖς</span> <span class='ocrx_word' id='word_1_697' title='bbox 2591 3172 2784 3241; x_wconf 83' lang='grc' dir='ltr'>νήφειν</span> <span class='ocrx_word' id='word_1_698' title='bbox 2815 3163 3113 3236; x_wconf 86' lang='grc' dir='ltr'>δυνάμεθα,</span> <span class='ocrx_word' id='word_1_699' title='bbox 3149 3160 3218 3215; x_wconf 82' lang='grc' dir='ltr'>ἂν</span> 
     </span>
    </p>
   </div>
   <div class='ocr_carea' id='block_1_90' title="bbox 1642 3249 3220 3345">
    <p class='ocr_par' dir='ltr' id='par_1_90' title="bbox 1642 3249 3220 3345">
     <span class='ocr_line' id='line_1_90' title="bbox 1642 3249 3220 3345; baseline -0.018 -16"><span class='ocrx_word' id='word_1_700' title='bbox 1642 3277 1982 3345; x_wconf 76' lang='grc' dir='ltr'>ἐννοήσωμεν</span> <span class='ocrx_word' id='word_1_701' title='bbox 2012 3271 2118 3325; x_wconf 87' lang='grc' dir='ltr'>τίνι</span> <span class='ocrx_word' id='word_1_702' title='bbox 2182 3265 2542 3336; x_wconf 88' lang='grc' dir='ltr'>διαλεγόμεθα</span> <span class='ocrx_word' id='word_1_703' title='bbox 2571 3303 2587 3327; x_wconf 89' lang='grc'>,</span> <span class='ocrx_word' id='word_1_704' title='bbox 2648 3260 2715 3314; x_wconf 85' lang='grc' dir='ltr'>ἂν</span> <span class='ocrx_word' id='word_1_705' title='bbox 2770 3249 3220 3345; x_wconf 81' lang='grc' dir='ltr'>ἀναλογισώμεθα</span> 
     </span>
    </p>
   </div>
   <div class='ocr_carea' id='block_1_91' title="bbox 1642 3339 3221 3433">
    <p class='ocr_par' dir='ltr' id='par_1_91' title="bbox 1642 3339 3221 3433">
     <span class='ocr_line' id='line_1_91' title="bbox 1642 3339 3221 3433; baseline -0.018 -12"><span class='ocrx_word' id='word_1_706' title='bbox 1642 3367 1723 3422; x_wconf 88' lang='grc' dir='ltr'>ὃτι</span> <span class='ocrx_word' id='word_1_707' title='bbox 1782 3339 1995 3433; x_wconf 46' lang='grc' dir='ltr'>’θυσίαν</span> <span class='ocrx_word' id='word_1_708' title='bbox 2078 3357 2428 3430; x_wconf 83' lang='grc' dir='ltr'>προσάγομεν</span> <span class='ocrx_word' id='word_1_709' title='bbox 2466 3394 2483 3420; x_wconf 93' lang='grc'>,</span> <span class='ocrx_word' id='word_1_710' title='bbox 2544 3350 2640 3406; x_wconf 68' lang='grc' dir='ltr'>καὶ</span> <span class='ocrx_word' id='word_1_711' title='bbox 2713 3349 2987 3421; x_wconf 88' lang='grc' dir='ltr'>μάχαιραν</span> <span class='ocrx_word' id='word_1_712' title='bbox 3078 3339 3221 3413; x_wconf 81' lang='grc' dir='ltr'>μετὰ</span> 
     </span>
    </p>
   </div>
   <div class='ocr_carea' id='block_1_92' title="bbox 1643 3433 3224 3531">
    <p class='ocr_par' dir='ltr' id='par_1_92' title="bbox 1643 3433 3224 3531">
     <span class='ocr_line' id='line_1_92' title="bbox 1643 3433 3224 3531; baseline -0.016 -19"><span class='ocrx_word' id='word_1_713' title='bbox 1643 3461 1832 3531; x_wconf 86' lang='grc' dir='ltr'>χεῖρας</span> <span class='ocrx_word' id='word_1_714' title='bbox 1895 3454 2113 3525; x_wconf 72' lang='grc' dir='ltr'>ἔχομεν,</span> <span class='ocrx_word' id='word_1_715' title='bbox 2145 3450 2241 3504; x_wconf 74' lang='grc' dir='ltr'>καὶ</span> <span class='ocrx_word' id='word_1_716' title='bbox 2299 3447 2411 3519; x_wconf 86' lang='grc' dir='ltr'>πῦρ</span> <span class='ocrx_word' id='word_1_717' title='bbox 2464 3446 2560 3500; x_wconf 72' lang='grc' dir='ltr'>καὶ</span> <span class='ocrx_word' id='word_1_718' title='bbox 2613 3442 2752 3531; x_wconf 77' lang='grc' dir='ltr'>ξύλα</span> <span class='ocrx_word' id='word_1_719' title='bbox 2773 3481 2789 3507; x_wconf 87' lang='grc'>,</span> <span class='ocrx_word' id='word_1_720' title='bbox 2825 3438 2911 3531; x_wconf 19' lang='grc' dir='ltr'>*ἂν</span> <span class='ocrx_word' id='word_1_721' title='bbox 2949 3433 3224 3531; x_wconf 58' lang='grc' dir='ltr'>ἀναπετά-</span> 
     </span>
    </p>
   </div>
   <div class='ocr_carea' id='block_1_93' title="bbox 1646 3521 3224 3620">
    <p class='ocr_par' dir='ltr' id='par_1_93' title="bbox 1646 3521 3224 3620">
     <span class='ocr_line' id='line_1_93' title="bbox 1646 3521 3224 3620; baseline -0.02 -16"><span class='ocrx_word' id='word_1_722' title='bbox 1888 3521 2004 3600; x_wconf 71' lang='grc' dir='ltr'>τοῦ</span> <span class='ocrx_word' id='word_1_723' title='bbox 2040 3538 2272 3612; x_wconf 82' lang='grc' dir='ltr'>οὐρανοῦ</span> <span class='ocrx_word' id='word_1_724' title='bbox 2324 3537 2423 3599; x_wconf 83' lang='grc' dir='ltr'>τὰς</span> <span class='ocrx_word' id='word_1_725' title='bbox 2471 3533 2646 3596; x_wconf 89' lang='grc' dir='ltr'>πύλας</span> <span class='ocrx_word' id='word_1_726' title='bbox 2686 3529 2764 3600; x_wconf 84' lang='grc' dir='ltr'>τῷ</span> <span class='ocrx_word' id='word_1_727' title='bbox 2824 3521 3101 3620; x_wconf 81' lang='grc' dir='ltr'>λογισμῷ,</span> <span class='ocrx_word' id='word_1_728' title='bbox 3155 3521 3224 3574; x_wconf 82' lang='grc' dir='ltr'>ἂν</span> 
     </span>
    </p>
   </div>
   <div class='ocr_carea' id='block_1_94' title="bbox 1650 3616 3226 3712">
    <p class='ocr_par' dir='ltr' id='par_1_94' title="bbox 1650 3616 3226 3712">
     <span class='ocr_line' id='line_1_94' title="bbox 1650 3616 3226 3712; baseline -0.02 -17"><span class='ocrx_word' id='word_1_729' title='bbox 1650 3616 2008 3712; x_wconf 80' lang='grc' dir='ltr'>μεταστῶμεν</span> <span class='ocrx_word' id='word_1_730' title='bbox 2076 3634 2194 3687; x_wconf 83' lang='grc' dir='ltr'>ἐκεῖ</span> <span class='ocrx_word' id='word_1_731' title='bbox 2227 3670 2244 3696; x_wconf 96' lang='grc'>,</span> <span class='ocrx_word' id='word_1_732' title='bbox 2299 3630 2396 3684; x_wconf 70' lang='grc' dir='ltr'>καὶ</span> <span class='ocrx_word' id='word_1_733' title='bbox 2451 3625 2708 3686; x_wconf 83' lang='grc' dir='ltr'>λαϐόντες</span> <span class='ocrx_word' id='word_1_734' title='bbox 2781 3620 2881 3691; x_wconf 79' lang='grc' dir='ltr'>τὴν</span> <span class='ocrx_word' id='word_1_735' title='bbox 2926 3616 3226 3712; x_wconf 58' lang='grc' dir='ltr'>Δμάχαιραν</span> 
     </span>
    </p>
   </div>
   <div class='ocr_carea' id='block_1_95' title="bbox 1645 3703 3225 3800">
    <p class='ocr_par' dir='ltr' id='par_1_95' title="bbox 1645 3703 3225 3800">
     <span class='ocr_line' id='line_1_95' title="bbox 1645 3703 3225 3800; baseline -0.021 -12"><span class='ocrx_word' id='word_1_736' title='bbox 1645 3703 1740 3787; x_wconf 71' lang='grc' dir='ltr'>τοῦ</span> <span class='ocrx_word' id='word_1_737' title='bbox 1793 3703 2108 3800; x_wconf 77' lang='grc' dir='ltr'>Πνεῦματος</span> <span class='ocrx_word' id='word_1_738' title='bbox 2168 3721 2502 3795; x_wconf 78' lang='grc' dir='ltr'>ἐμπήξωμεν</span> <span class='ocrx_word' id='word_1_739' title='bbox 2566 3718 2646 3779; x_wconf 85' lang='grc' dir='ltr'>είς</span> <span class='ocrx_word' id='word_1_740' title='bbox 2703 3711 2795 3767; x_wconf 87' lang='grc' dir='ltr'>τὸν</span> <span class='ocrx_word' id='word_1_741' title='bbox 2859 3707 2955 3763; x_wconf 88' lang='grc' dir='ltr'>τοῦ</span> <span class='ocrx_word' id='word_1_742' title='bbox 3023 3703 3225 3800; x_wconf 74' lang='grc' dir='ltr'>ἱερείου</span> 
     </span>
    </p>
   </div>
   <div class='ocr_carea' id='block_1_96' title="bbox 1649 3796 3229 3895">
    <p class='ocr_par' dir='ltr' id='par_1_96' title="bbox 1649 3796 3229 3895">
     <span class='ocr_line' id='line_1_96' title="bbox 1649 3796 3229 3895; baseline -0.022 -14"><span class='ocrx_word' id='word_1_743' title='bbox 1649 3824 1845 3895; x_wconf 87' lang='grc' dir='ltr'>λαιμὸν</span> <span class='ocrx_word' id='word_1_744' title='bbox 1882 3862 1898 3889; x_wconf 93' lang='grc'>,</span> <span class='ocrx_word' id='word_1_745' title='bbox 1943 3796 2065 3875; x_wconf 25' lang='grc' dir='ltr'>*καὶ</span> <span class='ocrx_word' id='word_1_746' title='bbox 2092 3814 2491 3884; x_wconf 85' lang='grc' dir='ltr'>καταθύσωμεν</span> <span class='ocrx_word' id='word_1_747' title='bbox 2545 3806 2694 3877; x_wconf 84' lang='grc' dir='ltr'>αὑτῷ</span> <span class='ocrx_word' id='word_1_748' title='bbox 2739 3802 2899 3895; x_wconf 62' lang='grc' dir='ltr'>νῆψιν</span> <span class='ocrx_word' id='word_1_749' title='bbox 2932 3840 2949 3867; x_wconf 87' lang='grc'>,</span> <span class='ocrx_word' id='word_1_750' title='bbox 2983 3798 3095 3895; x_wconf 34' lang='grc' dir='ltr'>’καὶ</span> <span class='ocrx_word' id='word_1_751' title='bbox 3118 3796 3229 3895; x_wconf 47' lang='grc' dir='ltr'>’ἐκ-</span> 
     </span>
    </p>
   </div>
   <div class='ocr_carea' id='block_1_97' title="bbox 1652 3880 3230 3988">
    <p class='ocr_par' dir='ltr' id='par_1_97' title="bbox 1652 3880 3230 3988">
     <span class='ocr_line' id='line_1_97' title="bbox 1652 3880 3230 3988; baseline -0.021 -18"><span class='ocrx_word' id='word_1_752' title='bbox 1652 3880 1895 3988; x_wconf 47' lang='grc' dir='ltr'>χέωμεν’</span> <span class='ocrx_word' id='word_1_753' title='bbox 1932 3908 2083 3981; x_wconf 76' lang='grc' dir='ltr'>αὐτῷ</span> <span class='ocrx_word' id='word_1_754' title='bbox 2138 3880 2405 3977; x_wconf 36' lang='grc' dir='ltr'>δάκρυαί</span> <span class='ocrx_word' id='word_1_755' title='bbox 2456 3898 2711 3954; x_wconf 85' lang='grc' dir='ltr'>Τοιοῦτον</span> <span class='ocrx_word' id='word_1_756' title='bbox 2771 3893 2880 3964; x_wconf 88' lang='lat'>7&amp;9</span> <span class='ocrx_word' id='word_1_757' title='bbox 2949 3889 3011 3944; x_wconf 91' lang='grc' dir='ltr'>τὸ</span> <span class='ocrx_word' id='word_1_758' title='bbox 3084 3880 3230 3988; x_wconf 75' lang='grc' dir='ltr'>αἷμα</span> 
     </span>
    </p>
   </div>
   <div class='ocr_carea' id='block_1_98' title="bbox 1652 3980 3234 4076">
    <p class='ocr_par' dir='ltr' id='par_1_98' title="bbox 1652 3980 3234 4076">
     <span class='ocr_line' id='line_1_98' title="bbox 1652 3980 3234 4076; baseline -0.018 -16"><span class='ocrx_word' id='word_1_759' title='bbox 1652 4005 1749 4060; x_wconf 89' lang='grc' dir='ltr'>τοῦ</span> <span class='ocrx_word' id='word_1_760' title='bbox 1818 4003 2014 4076; x_wconf 76' lang='grc' dir='ltr'>ἱερείου</span> <span class='ocrx_word' id='word_1_761' title='bbox 2088 3998 2280 4053; x_wconf 87' lang='grc' dir='ltr'>τούτου</span> <span class='ocrx_word' id='word_1_762' title='bbox 2331 4011 2346 4027; x_wconf 75' lang='grc' dir='ltr'><strong>ο</strong></span> <span class='ocrx_word' id='word_1_763' title='bbox 2419 3992 2643 4062; x_wconf 80' lang='grc' dir='ltr'>τοιαύτῃ</span> <span class='ocrx_word' id='word_1_764' title='bbox 2716 3987 2778 4041; x_wconf 88' lang='grc' dir='ltr'>τὸ</span> <span class='ocrx_word' id='word_1_765' title='bbox 2847 3980 3234 4050; x_wconf 83' lang='grc' dir='ltr'>θυσιαστήριον</span> 
     </span>
    </p>
   </div>
   <div class='ocr_carea' id='block_1_99' title="bbox 1654 4071 3234 4166">
    <p class='ocr_par' dir='ltr' id='par_1_99' title="bbox 1654 4071 3234 4166">
     <span class='ocr_line' id='line_1_99' title="bbox 1654 4071 3234 4166; baseline -0.019 -13"><span class='ocrx_word' id='word_1_766' title='bbox 1654 4100 1830 4152; x_wconf 80' lang='grc' dir='ltr'>ἐκεῖνο</span> <span class='ocrx_word' id='word_1_767' title='bbox 1868 4071 2225 4166; x_wconf 65' lang='grc' dir='ltr'>φοινίσσεται</span> <span class='ocrx_word' id='word_1_768' title='bbox 2301 4087 2509 4157; x_wconf 82' lang='grc' dir='ltr'>σφαγῇ.</span> <span class='ocrx_word' id='word_1_769' title='bbox 2586 4080 2771 4152; x_wconf 83' lang='grc' dir='ltr'>Μηδὲν</span> <span class='ocrx_word' id='word_1_770' title='bbox 2843 4076 3024 4130; x_wconf 84' lang='grc' dir='ltr'>τοίνυν</span> <span class='ocrx_word' id='word_1_771' title='bbox 3068 4071 3234 4166; x_wconf 62' lang='grc' dir='ltr'>ἀφῇς</span> 
     </span>
    </p>
   </div>
   <div class='ocr_carea' id='block_1_100' title="bbox 1654 4162 3232 4262">
    <p class='ocr_par' dir='ltr' id='par_1_100' title="bbox 1654 4162 3232 4262">
     <span class='ocr_line' id='line_1_100' title="bbox 1654 4162 3232 4262; baseline -0.022 -14"><span class='ocrx_word' id='word_1_772' title='bbox 1654 4193 1763 4248; x_wconf 88' lang='grc' dir='ltr'>τῶν</span> <span class='ocrx_word' id='word_1_773' title='bbox 1800 4162 2156 4262; x_wconf 80' lang='grc' dir='ltr'>ἀνθρωπίνων</span> <span class='ocrx_word' id='word_1_774' title='bbox 2204 4178 2483 4251; x_wconf 83' lang='grc' dir='ltr'>λογισμῶν</span> <span class='ocrx_word' id='word_1_775' title='bbox 2519 4174 2773 4244; x_wconf 85' lang='grc' dir='ltr'>κατέχειν</span> <span class='ocrx_word' id='word_1_776' title='bbox 2806 4186 2898 4223; x_wconf 90' lang='grc' dir='ltr'>σου</span> <span class='ocrx_word' id='word_1_777' title='bbox 2922 4166 3019 4239; x_wconf 80' lang='grc' dir='ltr'>τὴν</span> <span class='ocrx_word' id='word_1_778' title='bbox 3049 4162 3232 4235; x_wconf 82' lang='grc' dir='ltr'>ψυχὴν</span> 
     </span>
    </p>
   </div>
   <div class='ocr_carea' id='block_1_101' title="bbox 1653 4286 1795 4340">
    <p class='ocr_par' dir='ltr' id='par_1_101' title="bbox 1653 4286 1795 4340">
     <span class='ocr_line' id='line_1_101' title="bbox 1653 4286 1795 4340; baseline -0.007 -1"><span class='ocrx_word' id='word_1_779' title='bbox 1653 4286 1795 4340; x_wconf 87' lang='grc' dir='ltr'>τότε.</span> 
     </span>
    </p>
   </div>
   <div class='ocr_carea' id='block_1_102' title="bbox 1730 4432 3238 4530">
    <p class='ocr_par' dir='ltr' id='par_1_102' title="bbox 1730 4432 3238 4530">
     <span class='ocr_line' id='line_1_102' title="bbox 1730 4432 3238 4530; baseline -0.021 -12"><span class='ocrx_word' id='word_1_780' title='bbox 1730 4463 1794 4518; x_wconf 83' lang='grc' dir='ltr'>δ’.</span> <span class='ocrx_word' id='word_1_781' title='bbox 1828 4459 2112 4530; x_wconf 81' lang='grc' dir='ltr'>Ἐννόησον</span> <span class='ocrx_word' id='word_1_782' title='bbox 2132 4456 2215 4509; x_wconf 83' lang='grc' dir='ltr'>ὅτι</span> <span class='ocrx_word' id='word_1_783' title='bbox 2238 4451 2332 4507; x_wconf 74' lang='grc' dir='ltr'>καὶ</span> <span class='ocrx_word' id='word_1_784' title='bbox 2358 4452 2387 4505; x_wconf 88' lang='grc' dir='ltr'>ό</span> <span class='ocrx_word' id='word_1_785' title='bbox 2419 4445 2671 4519; x_wconf 76' lang='grc' dir='ltr'>’Δϐραὰμ</span> <span class='ocrx_word' id='word_1_786' title='bbox 2690 4441 2879 4496; x_wconf 90' lang='grc' dir='ltr'>θυσίαν</span> <span class='ocrx_word' id='word_1_787' title='bbox 2906 4436 3143 4504; x_wconf 83' lang='grc' dir='ltr'>ἀνάγων,</span> <span class='ocrx_word' id='word_1_788' title='bbox 3176 4432 3238 4488; x_wconf 79' lang='grc' dir='ltr'>οὐ</span> 
     </span>
    </p>
   </div>
   <div class='ocr_carea' id='block_1_103' title="bbox 1661 4530 3236 4626">
    <p class='ocr_par' dir='ltr' id='par_1_103' title="bbox 1661 4530 3236 4626">
     <span class='ocr_line' id='line_1_103' title="bbox 1661 4530 3236 4626; baseline -0.02 -16"><span class='ocrx_word' id='word_1_789' title='bbox 1661 4557 1917 4626; x_wconf 88' lang='grc' dir='ltr'>γυναῖκα,</span> <span class='ocrx_word' id='word_1_790' title='bbox 1955 4552 2014 4605; x_wconf 79' lang='grc' dir='ltr'>ού</span> <span class='ocrx_word' id='word_1_791' title='bbox 2041 4548 2247 4613; x_wconf 87' lang='grc' dir='ltr'>δοῦλον,</span> <span class='ocrx_word' id='word_1_792' title='bbox 2274 4545 2376 4598; x_wconf 78' lang='grc' dir='ltr'>οὐκ</span> <span class='ocrx_word' id='word_1_793' title='bbox 2404 4540 2561 4595; x_wconf 84' lang='grc' dir='ltr'>ἀλλον</span> <span class='ocrx_word' id='word_1_794' title='bbox 2594 4535 2715 4591; x_wconf 82' lang='grc' dir='ltr'>τινὰ</span> <span class='ocrx_word' id='word_1_795' title='bbox 2742 4533 2922 4626; x_wconf 81' lang='grc' dir='ltr'>ἀφῆκε</span> <span class='ocrx_word' id='word_1_796' title='bbox 2962 4530 3236 4626; x_wconf 68' lang='grc' dir='ltr'>παρεῖναι.</span> 
     </span>
    </p>
   </div>
   <div class='ocr_carea' id='block_1_104' title="bbox 1662 4619 3242 4719">
    <p class='ocr_par' dir='ltr' id='par_1_104' title="bbox 1662 4619 3242 4719">
     <span class='ocr_line' id='line_1_104' title="bbox 1662 4619 3242 4719; baseline -0.022 -16"><span class='ocrx_word' id='word_1_797' title='bbox 1662 4619 1754 4719; x_wconf 60' lang='lat' dir='ltr'>im;</span> <span class='ocrx_word' id='word_1_798' title='bbox 1784 4645 1961 4701; x_wconf 89' lang='grc' dir='ltr'>τοίνυν</span> <span class='ocrx_word' id='word_1_799' title='bbox 2004 4640 2140 4713; x_wconf 76' lang='grc' dir='ltr'>μηδὲ</span> <span class='ocrx_word' id='word_1_800' title='bbox 2189 4638 2254 4691; x_wconf 79' lang='grc' dir='ltr'>σὺ</span> <span class='ocrx_word' id='word_1_801' title='bbox 2300 4635 2408 4689; x_wconf 87' lang='grc' dir='ltr'>τῶν</span> <span class='ocrx_word' id='word_1_802' title='bbox 2437 4628 2695 4687; x_wconf 90' lang='grc' dir='ltr'>δουλικῶν</span> <span class='ocrx_word' id='word_1_803' title='bbox 2732 4625 2827 4680; x_wconf 73' lang='grc' dir='ltr'>καὶ</span> <span class='ocrx_word' id='word_1_804' title='bbox 2871 4619 3242 4719; x_wconf 72' lang='grc' dir='ltr'>ἀνελευθέρων</span> 
     </span>
    </p>
   </div>
   <div class='ocr_carea' id='block_1_105' title="bbox 1663 4710 3243 4807">
    <p class='ocr_par' dir='ltr' id='par_1_105' title="bbox 1663 4710 3243 4807">
     <span class='ocr_line' id='line_1_105' title="bbox 1663 4710 3243 4807; baseline -0.022 -12"><span class='ocrx_word' id='word_1_805' title='bbox 1663 4710 1852 4794; x_wconf 81' lang='grc' dir='ltr'>παθῶν</span> <span class='ocrx_word' id='word_1_806' title='bbox 1895 4710 2039 4807; x_wconf 33' lang='grc' dir='ltr'>ἀφῇ-ς</span> <span class='ocrx_word' id='word_1_807' title='bbox 2067 4710 2190 4786; x_wconf 79' lang='grc' dir='ltr'>τινά</span> <span class='ocrx_word' id='word_1_808' title='bbox 2229 4745 2315 4782; x_wconf 92' lang='grc' dir='ltr'>σοι</span> <span class='ocrx_word' id='word_1_809' title='bbox 2344 4727 2600 4797; x_wconf 89' lang='grc' dir='ltr'>παρεῖναι</span> <span class='ocrx_word' id='word_1_810' title='bbox 2619 4736 2633 4749; x_wconf 84' lang='grc'><em>’</em></span> <span class='ocrx_word' id='word_1_811' title='bbox 2666 4717 2779 4773; x_wconf 85' lang='grc' dir='ltr'>ἀλλ’</span> <span class='ocrx_word' id='word_1_812' title='bbox 2820 4712 3054 4783; x_wconf 87' lang='grc' dir='ltr'>ἀνάϐηθι</span> 
     </span>
    </p>
   </div>
   <div class='ocr_carea' id='block_1_106' title="bbox 1664 4802 3244 4902">
    <p class='ocr_par' dir='ltr' id='par_1_106' title="bbox 1664 4802 3244 4902">
     <span class='ocr_line' id='line_1_106' title="bbox 1664 4802 3244 4902; baseline -0.022 -16"><span class='ocrx_word' id='word_1_813' title='bbox 1664 4834 1744 4896; x_wconf 78' lang='grc' dir='ltr'>εἰς</span> <span class='ocrx_word' id='word_1_814' title='bbox 1766 4830 1831 4884; x_wconf 91' lang='grc' dir='ltr'>τὸ</span> <span class='ocrx_word' id='word_1_815' title='bbox 1860 4802 2005 4902; x_wconf 77' lang='grc' dir='ltr'>ὅρος,</span> <span class='ocrx_word' id='word_1_816' title='bbox 2036 4824 2166 4879; x_wconf 76' lang='grc' dir='ltr'>ἔνθα</span> <span class='ocrx_word' id='word_1_817' title='bbox 2194 4822 2400 4882; x_wconf 84' lang='grc' dir='ltr'>ἐκεῖνος</span> <span class='ocrx_word' id='word_1_818' title='bbox 2424 4814 2618 4885; x_wconf 84' lang='grc' dir='ltr'>ἀνέϐη,</span> <span class='ocrx_word' id='word_1_819' title='bbox 2652 4810 2779 4864; x_wconf 76' lang='grc' dir='ltr'>ἔνθα</span> <span class='ocrx_word' id='word_1_820' title='bbox 2798 4806 3064 4902; x_wconf 75' lang='grc' dir='ltr'>ἀναϐῆναι</span> <span class='ocrx_word' id='word_1_821' title='bbox 3086 4802 3244 4902; x_wconf 64' lang='grc' dir='ltr'>θέμις</span> 
     </span>
    </p>
   </div>
   <div class='ocr_carea' id='block_1_107' title="bbox 1664 4894 3245 4992">
    <p class='ocr_par' dir='ltr' id='par_1_107' title="bbox 1664 4894 3245 4992">
     <span class='ocr_line' id='line_1_107' title="bbox 1664 4894 3245 4992; baseline -0.023 -11"><span class='ocrx_word' id='word_1_822' title='bbox 1664 4894 1856 4981; x_wconf 82' lang='grc' dir='ltr'>οὐδένα</span> <span class='ocrx_word' id='word_1_823' title='bbox 1883 4894 2091 4992; x_wconf 69' lang='grc' dir='ltr'>ἐτερον.</span> <span class='ocrx_word' id='word_1_824' title='bbox 2119 4915 2237 4970; x_wconf 79' lang='grc' dir='ltr'>Κᾶν</span> <span class='ocrx_word' id='word_1_825' title='bbox 2269 4906 2590 4980; x_wconf 81' lang='grc' dir='ltr'>ἐπιχειρῶσι</span> <span class='ocrx_word' id='word_1_826' title='bbox 2639 4898 3053 4992; x_wconf 63' lang='grc' dir='ltr'>συναναϐαίνειν</span> <span class='ocrx_word' id='word_1_827' title='bbox 3100 4894 3245 4992; x_wconf 70' lang='grc' dir='ltr'>τινὲς</span> 
     </span>
    </p>
   </div>
   <div class='ocr_carea' id='block_1_108' title="bbox 1665 4985 3244 5070">
    <p class='ocr_par' dir='ltr' id='par_1_108' title="bbox 1665 4985 3244 5070">
     <span class='ocr_line' id='line_1_108' title="bbox 1665 4985 3244 5070; baseline -0.023 1"><span class='ocrx_word' id='word_1_828' title='bbox 1665 5016 1776 5070; x_wconf 86' lang='grc' dir='ltr'>τῶν</span> <span class='ocrx_word' id='word_1_829' title='bbox 1800 5009 2056 5066; x_wconf 85' lang='grc' dir='ltr'>τοιούτων</span> <span class='ocrx_word' id='word_1_830' title='bbox 2084 5002 2326 5063; x_wconf 88' lang='grc' dir='ltr'>ἐννοιῶν,</span> <span class='ocrx_word' id='word_1_831' title='bbox 2351 4997 2608 5063; x_wconf 80' lang='grc' dir='ltr'>ἐπίταξον</span> <span class='ocrx_word' id='word_1_832' title='bbox 2624 4992 2814 5054; x_wconf 78' lang='grc' dir='ltr'>αὐταῖς</span> <span class='ocrx_word' id='word_1_833' title='bbox 2838 4987 2955 5059; x_wconf 80' lang='grc' dir='ltr'>μετ’</span> <span class='ocrx_word' id='word_1_834' title='bbox 2972 4985 3244 5051; x_wconf 82' lang='grc' dir='ltr'>ἐξουσίας,</span> 
     </span>
    </p>
   </div>
   <div class='ocr_carea' id='block_1_109' title="bbox 1667 5076 3246 5170">
    <p class='ocr_par' dir='ltr' id='par_1_109' title="bbox 1667 5076 3246 5170">
     <span class='ocr_line' id='line_1_109' title="bbox 1667 5076 3246 5170; baseline -0.022 -6"><span class='ocrx_word' id='word_1_835' title='bbox 1667 5108 1765 5164; x_wconf 75' lang='grc' dir='ltr'>καὶ</span> <span class='ocrx_word' id='word_1_836' title='bbox 1796 5105 1938 5170; x_wconf 74' lang='grc' dir='ltr'>εἰπὲ,</span> <span class='ocrx_word' id='word_1_837' title='bbox 1985 5098 2263 5154; x_wconf 81' lang='grc' dir='ltr'>Καθίσατε</span> <span class='ocrx_word' id='word_1_838' title='bbox 2308 5090 2497 5158; x_wconf 83' lang='grc' dir='ltr'>αὑτοῦ,</span> <span class='ocrx_word' id='word_1_839' title='bbox 2552 5086 2746 5158; x_wconf 85' lang='grc' dir='ltr'>ἐγὼδὲ</span> <span class='ocrx_word' id='word_1_840' title='bbox 2793 5081 2986 5138; x_wconf 78' lang='grc' dir='ltr'>καὶτὸ</span> <span class='ocrx_word' id='word_1_841' title='bbox 3031 5076 3246 5170; x_wconf 81' lang='grc' dir='ltr'>παιδίον</span> 
     </span>
    </p>
   </div>
   <div class='ocr_carea' id='block_1_110' title="bbox 1669 5167 3248 5272">
    <p class='ocr_par' dir='ltr' id='par_1_110' title="bbox 1669 5167 3248 5272">
     <span class='ocr_line' id='line_1_110' title="bbox 1669 5167 3248 5272; baseline -0.022 -17"><span class='ocrx_word' id='word_1_842' title='bbox 1669 5167 2149 5272; x_wconf 79' lang='grc' dir='ltr'>προσκυνήσαντες</span> <span class='ocrx_word' id='word_1_843' title='bbox 2172 5181 2585 5255; x_wconf 77' lang='grc' dir='ltr'>ὑποστρέψομεν</span> <span class='ocrx_word' id='word_1_844' title='bbox 2601 5194 2615 5208; x_wconf 87' lang='grc'><strong>·</strong></span> <span class='ocrx_word' id='word_1_845' title='bbox 2633 5176 2729 5230; x_wconf 73' lang='grc' dir='ltr'>καὶ</span> <span class='ocrx_word' id='word_1_846' title='bbox 2756 5173 2855 5247; x_wconf 82' lang='grc' dir='ltr'>τὴν</span> <span class='ocrx_word' id='word_1_847' title='bbox 2872 5172 2994 5226; x_wconf 81' lang='grc' dir='ltr'>όνυν</span> <span class='ocrx_word' id='word_1_848' title='bbox 3015 5167 3248 5272; x_wconf 73' lang='grc' dir='ltr'>καὶτοὺς</span> 
     </span>
    </p>
   </div>
   <div class='ocr_carea' id='block_1_111' title="bbox 1670 5255 3252 5354">
    <p class='ocr_par' dir='ltr' id='par_1_111' title="bbox 1670 5255 3252 5354">
     <span class='ocr_line' id='line_1_111' title="bbox 1670 5255 3252 5354; baseline -0.023 -8"><span class='ocrx_word' id='word_1_849' title='bbox 1670 5255 1868 5352; x_wconf 71' lang='grc' dir='ltr'>παῖδας</span> <span class='ocrx_word' id='word_1_850' title='bbox 1906 5255 2066 5354; x_wconf 71' lang='grc' dir='ltr'>ἀφεὶς</span> <span class='ocrx_word' id='word_1_851' title='bbox 2095 5280 2268 5340; x_wconf 90' lang='grc' dir='ltr'>κάτω,</span> <span class='ocrx_word' id='word_1_852' title='bbox 2303 5277 2398 5330; x_wconf 73' lang='grc' dir='ltr'>καὶ</span> <span class='ocrx_word' id='word_1_853' title='bbox 2420 5274 2473 5327; x_wconf 84' lang='grc' dir='ltr'>εῖ</span> <span class='ocrx_word' id='word_1_854' title='bbox 2495 5290 2547 5324; x_wconf 88' lang='grc' dir='ltr'>τι</span> <span class='ocrx_word' id='word_1_855' title='bbox 2579 5270 2774 5337; x_wconf 77' lang='grc' dir='ltr'>ἄλογον</span> <span class='ocrx_word' id='word_1_856' title='bbox 2794 5264 2889 5319; x_wconf 75' lang='grc' dir='ltr'>καὶ</span> <span class='ocrx_word' id='word_1_857' title='bbox 2915 5262 3141 5332; x_wconf 85' lang='grc' dir='ltr'>ἀνόητον</span> <span class='ocrx_word' id='word_1_858' title='bbox 3158 5274 3177 5354; x_wconf 10' lang='grc' dir='ltr'>’ν</span> <span class='ocrx_word' id='word_1_859' title='bbox 3196 5255 3252 5311; x_wconf 79' lang='grc' dir='ltr'>ετ</span> 
     </span>
    </p>
   </div>
   <div class='ocr_carea' id='block_1_112' title="bbox 1669 5353 3248 5451">
    <p class='ocr_par' dir='ltr' id='par_1_112' title="bbox 1669 5353 3248 5451">
     <span class='ocr_line' id='line_1_112' title="bbox 1669 5353 3248 5451; baseline -0.023 -11"><span class='ocrx_word' id='word_1_860' title='bbox 1669 5404 1723 5440; x_wconf 87' lang='grc' dir='ltr'>τι</span> <span class='ocrx_word' id='word_1_861' title='bbox 1745 5353 1983 5451; x_wconf 86' lang='grc' dir='ltr'>λογικὸν,</span> <span class='ocrx_word' id='word_1_862' title='bbox 2008 5372 2189 5429; x_wconf 79' lang='grc' dir='ltr'>λαϐὼν</span> <span class='ocrx_word' id='word_1_863' title='bbox 2207 5367 2460 5439; x_wconf 85' lang='grc' dir='ltr'>ἀνάϐηθι,</span> <span class='ocrx_word' id='word_1_864' title='bbox 2497 5364 2686 5435; x_wconf 86' lang='grc' dir='ltr'>ῶσπερ</span> <span class='ocrx_word' id='word_1_865' title='bbox 2707 5362 2913 5421; x_wconf 88' lang='grc' dir='ltr'>ἐκεῖνος</span> <span class='ocrx_word' id='word_1_866' title='bbox 2930 5356 3022 5409; x_wconf 86' lang='grc' dir='ltr'>τὸν</span> <span class='ocrx_word' id='word_1_867' title='bbox 3038 5353 3248 5408; x_wconf 81' lang='grc' dir='ltr'>Ἰσαάκ.</span> 
     </span>
    </p>
   </div>
   <div class='ocr_carea' id='block_1_113' title="bbox 1672 5451 3250 5539">
    <p class='ocr_par' dir='ltr' id='par_1_113' title="bbox 1672 5451 3250 5539">
     <span class='ocr_line' id='line_1_113' title="bbox 1672 5451 3250 5539; baseline -0.023 -4"><span class='ocrx_word' id='word_1_868' title='bbox 1672 5480 1784 5536; x_wconf 75' lang='grc' dir='ltr'>Καὶ</span> <span class='ocrx_word' id='word_1_869' title='bbox 1804 5476 1865 5530; x_wconf 83' lang='grc' dir='ltr'>τὸ</span> <span class='ocrx_word' id='word_1_870' title='bbox 1895 5468 2283 5539; x_wconf 83' lang='grc' dir='ltr'>θυσιαστήριον</span> <span class='ocrx_word' id='word_1_871' title='bbox 2321 5462 2676 5532; x_wconf 87' lang='grc' dir='ltr'>οίκοδόμησον</span> <span class='ocrx_word' id='word_1_872' title='bbox 2706 5455 2887 5518; x_wconf 75' lang='grc' dir='ltr'>οὕτως</span> <span class='ocrx_word' id='word_1_873' title='bbox 2918 5452 2993 5515; x_wconf 81' lang='grc' dir='ltr'>ὡς</span> <span class='ocrx_word' id='word_1_874' title='bbox 3020 5451 3250 5512; x_wconf 85' lang='grc' dir='ltr'>ἐκεῖνος,</span> 
     </span>
    </p>
   </div>
   <div class='ocr_carea' id='block_1_114' title="bbox 1673 5541 3252 5638">
    <p class='ocr_par' dir='ltr' id='par_1_114' title="bbox 1673 5541 3252 5638">
     <span class='ocr_line' id='line_1_114' title="bbox 1673 5541 3252 5638; baseline -0.022 -15"><span class='ocrx_word' id='word_1_875' title='bbox 1673 5571 1749 5633; x_wconf 86' lang='grc' dir='ltr'>ὼς</span> <span class='ocrx_word' id='word_1_876' title='bbox 1782 5565 1949 5638; x_wconf 82' lang='grc' dir='ltr'>μηδὲν</span> <span class='ocrx_word' id='word_1_877' title='bbox 1979 5562 2117 5632; x_wconf 76' lang='grc' dir='ltr'>ἔχων</span> <span class='ocrx_word' id='word_1_878' title='bbox 2140 5553 2501 5625; x_wconf 81' lang='grc' dir='ltr'>ἀνθρώπινον,</span> <span class='ocrx_word' id='word_1_879' title='bbox 2532 5548 2648 5603; x_wconf 84' lang='grc' dir='ltr'>ἀλλ’</span> <span class='ocrx_word' id='word_1_880' title='bbox 2673 5546 2777 5614; x_wconf 77' lang='grc' dir='ltr'>ἔξω</span> <span class='ocrx_word' id='word_1_881' title='bbox 2799 5544 2898 5615; x_wconf 82' lang='grc' dir='ltr'>τῆς</span> <span class='ocrx_word' id='word_1_882' title='bbox 2925 5541 3138 5608; x_wconf 83' lang='grc' dir='ltr'>φύσεως</span> <span class='ocrx_word' id='word_1_883' title='bbox 3155 5553 3252 5638; x_wconf 75' lang='grc' dir='ltr'>γε-</span> 
     </span>
    </p>
   </div>
   <div class='ocr_carea' id='block_1_115' title="bbox 1674 5627 3253 5734">
    <p class='ocr_par' dir='ltr' id='par_1_115' title="bbox 1674 5627 3253 5734">
     <span class='ocr_line' id='line_1_115' title="bbox 1674 5627 3253 5734; baseline -0.023 -15"><span class='ocrx_word' id='word_1_884' title='bbox 1674 5627 1902 5734; x_wconf 72' lang='grc' dir='ltr'>νόμενος</span> <span class='ocrx_word' id='word_1_885' title='bbox 1919 5676 1933 5690; x_wconf 87' lang='grc'><strong>·</strong></span> <span class='ocrx_word' id='word_1_886' title='bbox 1962 5627 2084 5710; x_wconf 76' lang='grc' dir='ltr'>ἐπεὶ</span> <span class='ocrx_word' id='word_1_887' title='bbox 2116 5652 2213 5707; x_wconf 76' lang='grc' dir='ltr'>καὶ</span> <span class='ocrx_word' id='word_1_888' title='bbox 2243 5650 2471 5711; x_wconf 81' lang='grc' dir='ltr'>ἐκεῖνος,</span> <span class='ocrx_word' id='word_1_889' title='bbox 2503 5646 2552 5697; x_wconf 83' lang='grc' dir='ltr'>εί</span> <span class='ocrx_word' id='word_1_890' title='bbox 2577 5644 2653 5715; x_wconf 80' lang='grc' dir='ltr'>μὴ</span> <span class='ocrx_word' id='word_1_891' title='bbox 2677 5641 2783 5705; x_wconf 78' lang='grc' dir='ltr'>ἐξω</span> <span class='ocrx_word' id='word_1_892' title='bbox 2929 5636 3144 5734; x_wconf 74' lang='grc' dir='ltr'>φύσεως</span> <span class='ocrx_word' id='word_1_893' title='bbox 3160 5627 3253 5734; x_wconf 61' lang='grc' dir='ltr'>ἡν,</span> 
     </span>
    </p>
   </div>
   <div class='ocr_carea' id='block_1_116' title="bbox 1678 5721 3255 5813">
    <p class='ocr_par' dir='ltr' id='par_1_116' title="bbox 1678 5721 3255 5813">
     <span class='ocr_line' id='line_1_116' title="bbox 1678 5721 3255 5813; baseline -0.023 0"><span class='ocrx_word' id='word_1_894' title='bbox 1678 5721 1778 5813; x_wconf 68' lang='grc' dir='ltr'>οὐκ</span> <span class='ocrx_word' id='word_1_895' title='bbox 1808 5721 2001 5809; x_wconf 24' lang='grc' dir='ltr'>ἂνϋτὸν</span> <span class='ocrx_word' id='word_1_896' title='bbox 2056 5744 2219 5803; x_wconf 85' lang='grc' dir='ltr'>παῖδα</span> <span class='ocrx_word' id='word_1_897' title='bbox 2255 5735 2583 5809; x_wconf 79' lang='grc' dir='ltr'>κατέσφαξε.</span> <span class='ocrx_word' id='word_1_898' title='bbox 2616 5734 2729 5789; x_wconf 67' lang='grc' dir='ltr'>Καὶ</span> <span class='ocrx_word' id='word_1_899' title='bbox 2775 5730 2941 5805; x_wconf 80' lang='grc' dir='ltr'>μηδὲν</span> <span class='ocrx_word' id='word_1_900' title='bbox 2967 5721 3255 5797; x_wconf 70' lang='grc' dir='ltr'>ἐνοχλεῖται</span> 
     </span>
    </p>
   </div>
  </div>
