3780 6316
351 327 459 383 435

358 457 441 492 σοι
467 439 610 501 τότε,
636 435 752 490 ἀλλ’
779 433 960 491 αὐτῶν
986 433 1138 502 γίνου
1168 434 1276 487 τῶν
1300 433 1543 504 οὐρανῶν
1573 432 1926 503 ὑψηλότεροςο

357 530 614 596 στέναξον
643 527 862 597 πικρὸν,
888 526 1191 580 κατάθυσον
1211 524 1600 596 ἐξομολόγησιν
1622 539 1636 553 ο
1659 523 1805 593 Λέγε
1824 523 1931 594 γάρ

353 623 437 677 σὺ
458 623 565 688 τὰς
588 622 840 689 ἀνομίας
859 635 976 674 σου
992 617 1240 685 πρῶτος,
1267 619 1452 688 φησὶν,
1472 619 1573 670 ἵνα
1592 613 1928 682 δικαιωθῇς·

356 714 662 768 κατάθυσον
691 711 982 783 συντριϐὴν
1025 710 1288 780 καρδίας.,
1307 708 1495 762 Ταῦτα
1525 709 1592 762 τά
1621 711 1795 780 ἱερεῖα
1831 707 1931 760 οὐκ

357 807 439 868 είς
463 804 667 874 τέφραν
703 803 950 872 τελευτᾷ,
986 801 1107 855 οὐδὲ
1144 803 1226 864 είς
1251 799 1786 863 καπνὸιδιαλύεται,
1808 797 1931 851 οὐδέ

357 891 532 955 ξύλων
559 891 730 943 δεῖται
755 891 847 942 καὶ
883 889 1072 960 πυρὸς,
1117 888 1252 942 ἀλλά
1295 888 1775 958 κατανενυγμένης
1818 887 1932 942 δια-

356 981 506 1044 νοίας
542 981 708 1051 μόνης
727 997 741 1011 ·
776 981 934 1033 τοῦτο
959 980 1114 1046 ξύλα,
1145 980 1301 1033 τοῦτο
1332 981 1442 1051 πῦρ
1474 983 1627 1034 καῖον
1656 979 1816 1042 αὐτὰ,
1837 979 1931 1032 καὶ

356 1071 419 1123 οὐ
453 1073 771 1124 κατακαῖον.
831 1070 888 1121 Ὁ
917 1071 1022 1140 γάρ
1065 1069 1202 1139 μετά
1241 1069 1575 1140 θερμότητος
1615 1068 1929 1138 εὐχόμενος,

358 1161 594 1226 καίεται,
637 1163 730 1215 καὶ
780 1163 841 1216 οὐ
873 1162 1260 1228 κατακαίεται,
1308 1161 1424 1215 ἀλλ’
1480 1162 1667 1231 ῶσπερ
1709 1160 1930 1231 χρυσίον

357 1254 490 1323 περὶ
521 1252 964 1323 βασανιζόμενον,
990 1253 1366 1317 λαμπρότερος
1393 1253 1626 1323 γίνεται.

427 1437 585 1490 Μετὰ
608 1436 666 1489 δέ
694 1435 895 1490 τούτων
924 1437 1144 1490 κάκεῖνο
1166 1436 1456 1506 φυλάττου,
1478 1436 1540 1489 τὺ
1564 1437 1729 1507 μηδὲν
1755 1436 1931 1488 εἰπεῖν

358 1524 650 1595 εὐχόμενος
678 1525 783 1578 τῶν
813 1525 1218 1596 παροξυνόντων
1248 1543 1341 1579 σου
1361 1527 1451 1580 τὸν
1477 1525 1776 1596 Δεσπότην,
1797 1525 1933 1596 μηδὲ

359 1618 480 1669 κατ’
521 1616 728 1687 ἐχθρῶν
762 1618 1082 1690 προσέλθῃς.
1146 1619 1206 1672 El
1248 1619 1355 1690 γάρ
1407 1617 1467 1672 τὺ
1515 1618 1658 1689 ἔχειν
1706 1616 1933 1688 ἐχθροὺς

358 1709 580 1772 ὄνειδος,
611 1709 672 1761 τὸ
705 1709 1064 1780 κατεύχεσθαι
1097 1709 1280 1764 αὐτῶν
1326 1711 1579 1780 ἐννόησον
1621 1710 1806 1780 ἡλίκον
1832 1726 1932 1762 κα·-

361 1799 476 1852 κόν.
505 1800 633 1852 Δέον
658 1801 764 1869 γάρ
796 1817 852 1852 σε
875 1787 1318 1870 ἀπολογήσασθαι
1335 1801 1423 1854 διά
1441 1801 1490 1854 τί
1517 1802 1744 1872 ἐχθροὺς
1767 1801 1933 1870 ἔχεις,

359 1894 426 1946 σὺ
454 1892 510 1945 δέ
531 1893 712 1946 αὐτῶν
737 1895 829 1947 καὶ
863 1897 1194 1965 κακηγορεῖς
1223 1907 1272 1948 α.
1302 1896 1412 1948 Καὶ
1439 1894 1596 1958 ποίας
1624 1893 1788 1966 τεύξῃ
1814 1909 1937 1960 συγο

357 1983 608 2055 γνώμης,
646 1985 739 2038 καὶ
769 1985 1116 2056 κακηγορῶν,
1149 1986 1242 2038 καὶ
1271 1987 1330 2038 ἐν
1362 1985 1536 2056 καιρῷ
1563 1985 1809 2055 τοιούτῳ,
1845 1984 1934 2037 ὅτε

357 2073 508 2126 ἐλέου
533 2091 614 2126 σοι
635 2073 716 2126 δεῖ
744 2074 970 2139 πολλοῦ;
1004 2076 1112 2129 Καὶ
1139 2076 1246 2147 γάρ
1281 2077 1419 2146 ὑπὲρ
1452 2077 1668 2130 οἰκείων
1694 2075 1936 2146 προσῆλ-

359 2165 452 2228 θες
471 2165 884 2237 ἁμαρτημάτων
905 2167 1159 2236 δεόμενος
1180 2185 1192 2197 ·
1232 2171 1312 2240 μὴ
1333 2168 1514 2222 τοίνυν
1555 2169 1936 2240 μνημονεύσῃς

358 2253 469 2306 τῶν
490 2253 806 2324 ἀλλοτρίων,
840 2255 927 2308 ἵνα
947 2255 1021 2327 μὴ
1045 2257 1151 2308 τῶν
1177 2257 1320 2309 ἰδίων
1342 2257 1680 2328 ἀναμνήσῃς.
1709 2259 1806 2310 Ἂν
1829 2257 1937 2329 γάρ

359 2345 542 2415 εἴπῃς,
576 2345 817 2410 Πάταξον
840 2345 929 2400 τὸν
966 2346 1179 2418 ἐχθρὸν,
1211 2347 1513 2419 ἐνέφραξας
1534 2366 1628 2402 σου
1647 2349 1708 2402 τὸ
1737 2350 1934 2420 στόμαο

359 2435 545 2491 οὐκέτι
577 2437 685 2509 γὰρ
729 2439 1043 2510 παρρησίαν
1094 2439 1301 2504 ἔδωκας
1330 2443 1395 2511 τῇ
1429 2440 1671 2514 γλώττῃ·
1718 2441 1938 2512 πρῶτον

364 2531 486 2602 μὲν,
508 2532 589 2584 ὅτι
618 2529 979 2602 παρώργισας
1002 2531 1092 2585 τὸν
1126 2532 1388 2605 δικαστὴν
1427 2536 1492 2588 ἐκ
1521 2535 1822 2606 προοιμίων
1844 2538 1939 2590 εὐ·-

361 2623 500 2687 θέως
519 2640 534 2654 '
560 2623 833 2694 δεύτερον,
874 2622 1023 2696 [ΠΙ]
1056 2625 1136 2677 ὅτι
1166 2625 1384 2680 ἐναντία
1404 2629 1574 2691 αἰτεῖς
1597 2628 1675 2697 τῷ
1699 2629 1938 2698 σχήματι

359 2716 464 2786 τῆς
515 2715 703 2786 εὐχῆς.
753 2717 816 2769 Εί
875 2717 984 2786 γάρ
1023 2717 1164 2788 ὑπὲρ
1213 2717 1464 2786 ἀφέσεως
1525 2719 1939 2791 ἁμαρτημάτων

364 2809 643 2878 προσεύχῃ
679 2807 730 2872 ι’,
779 2805 897 2870 πῶς
929 2806 1070 2876 ὑπὲρ
1102 2807 1378 2871 κολάσεως
1410 2808 1665 2882 διαλέγῃ;
1701 2811 1940 2864 Τούναν-

363 2898 480 2952 τίον
513 2899 608 2968 μὲν
634 2893 725 2951 οῦν
748 2898 855 2952 ἔδει
886 2900 1081 2965 ποιεῖν,
1108 2899 1202 2950 καὶ
1228 2899 1433 2952 δεῖσθαι
1468 2901 1610 2972 ὑπὲρ
1631 2901 1832 2964 αὐτῶν,
1853 2901 1941 2956 ἵνα

365 2990 528 3044 τοῦτο
557 2991 650 3044 καὶ
683 2991 823 3062 ὑπὲρ
855 2991 1067 3044 ἐαυτῶν
1095 2992 1234 3062 μετὰ
1273 2992 1587 3062 παρρησίας
1624 2994 1940 3064 παρακαλέ-

371 3099 574 3154 σωμεν.
605 3083 743 3137 Νυνὶ
769 3083 826 3136 δέ
856 3083 1264 3154 προκατέλαϐες
1294 3083 1388 3138 τοῦ
1421 3084 1675 3138 δικαστοῦ
1710 3087 1808 3158 τὴν
1841 3087 1945 3157 ψῆ-

369 3193 469 3245 φον
495 3177 582 3231 διά
608 3176 710 3247 τῆς
736 3176 856 3246 σῆς,
885 3175 1051 3242 ἀξιῶν
1077 3176 1204 3240 τοὺς
1239 3177 1652 3247 ἁμαρτάνοντας
1671 3178 1941 3244 κολάζεινο

367 3266 400 3320 ὃ
428 3268 520 3320 καὶ
545 3265 874 3337 συγγνώμης
897 3268 1190 3335 ἀποστερεῖ
1220 3266 1422 3336 πάσης.
1457 3267 1553 3319 Ἂν
1578 3267 1636 3319 δὲ
1676 3269 1815 3339 ὑπὲρ
1845 3271 1945 3324 αὐ-

369 3356 482 3410 τῶν
519 3356 670 3429 εὔξῃ,
703 3357 807 3410 κᾶν
859 3355 1027 3425 μηδὲν
1059 3355 1198 3426 ὐπέρ
1233 3354 1339 3408 τῶν
1369 3354 1479 3408 σῶν
1507 3356 1686 3427 είπῃς,
1740 3358 1801 3412 τὸ
1839 3362 1946 3414 πᾶν

369 3449 599 3518 ἤνυσας.
647 3445 930 3516 Ἐννόησον
985 3445 1150 3498 πόσαι
1191 3445 1370 3498 θυσίαι
1402 3444 1538 3499 εἰσὶν
1571 3449 1628 3500 ἐν
1654 3448 1731 3519 τῷ
1764 3449 1942 3522 νόμῳ·

370 3538 538 3592 θυσία
566 3537 845 3600 αἰνέσεως,
879 3536 1038 3590 θυσία
1071 3537 1542 3608 ἐξομολογήσεως,
1581 3540 1740 3594 θυσία
1771 3560 1948 3614 σωτη-

374 3630 517 3703 ρίου,
539 3630 696 3682 θυσία
719 3628 1040 3700 καθαρμῶν,
1065 3629 1158 3683 καὶ
1175 3629 1353 3699 ἐτεραι
1373 3631 1591 3704 μυρίαι,
1615 3633 1708 3686 καὶ
1724 3634 1948 3704 οὐδεμία

375 3721 499 3775 κατ’
532 3720 762 3792 ἐχθρῶν,
806 3721 921 3773 ἀλλ’
955 3721 1095 3791 ὑπὲρ
1130 3721 1236 3777 τῶν
1277 3723 1493 3776 οίκείων
1535 3725 1948 3796 ἁμαρτημάτων

375 3815 606 3885 ἑκάστη.
632 3815 665 3884 ἢ
684 3815 777 3868 καὶ
796 3814 1255 3884 κατορθωμάτων.
1269 3815 1361 3887 Μὴ
1379 3815 1483 3885 γὰρ
1506 3817 1649 3888 ἄλλῳ
1671 3820 1948 3894 προσέρχῃ

377 3906 534 3978 Θιῷς
576 3907 800 3976 Ἑκείνῳ
831 3905 1108 3978 προσέρχῃ
1139 3906 1216 3976 τῷ
1241 3908 1468 3974 είπόντι,
1496 3911 1767 3979 Εὐχεσθε
1796 3914 1948 3983 ὑπὲρ

378 3995 498 4051 τῶν
519 3996 745 4066 ἐχθρῶν
771 3996 956 4066 ὑμῶν.
988 3999 1111 4061 Πῶς
1139 3995 1232 4052 οὖν
1270 3999 1449 4054 αὐτῶν
1481 4003 1784 4075 καταϐοᾷςς
1830 4005 1948 4070 πῶς

379 4088 721 4159 παρακαλεῖς
748 4090 838 4142 τὸν
867 4088 999 4142 Θεὸν
1032 4089 1124 4144 τὸν
1160 4092 1359 4146 οἰκεῖον
1393 4090 1551 4147 λῦσαι
1589 4095 1784 4166 νόμον;
1836 4098 1950 4152 Οὐκ

378 4180 494 4233 ἐστι
523 4180 679 4234 τοῦτο
715 4181 891 4234 ίκέτου
924 4181 1136 4252 σχῆμα·
1169 4182 1344 4248 οὐδεὶς
1382 4183 1612 4238 ἱκετεύει
1657 4186 1746 4240 ἴνα
1794 4187 1951 4252 ἄλλος

379 4269 802 4340 ἀπόληται,ἀλλ’
832 4270 920 4323 ἵνα
953 4271 1116 4335 αὐτὸς
1147 4272 1313 4344 σωθῇ.
1345 4273 1410 4326 Τί
1431 4275 1611 4329 τοίνυν
1639 4276 1824 4346 σχῆμα
1852 4279 1952 4347 μὲν

382 4362 560 4416 ἱκέτου
585 4361 916 4432 περίκεισαι,
952 4364 1172 4434 ῥήματα
1201 4364 1258 4418 δὲ
1289 4365 1429 4436 ἔχεις
1462 4369 1803 4440 κατηγόρου;
1842 4369 1952 4422 Καὶ

379 4454 508 4509 ὅταν
543 4453 641 4524 μέν
666 4453 804 4525 ὑπὲρ
832 4455 1040 4509 ἑαυτῶν
1077 4455 1364 4526 εὐχώμεθα
1387 4497 1402 4522 ,
1445 4458 1825 4530 καὶ-κνώμεθα
1858 4461 1952 4514 καὶ

381 4545 742 4617 χασμώμεθα,
767 4547 863 4600 καὶ
885 4548 966 4611 είς
999 4547 1226 4618 μυρίους
1253 4549 1599 4621 ἐμπίπτομεν
1622 4551 1915 4623 λογισμούς
1934 4572 1948 4588 ο

378 4639 508 4692 ὅταν
525 4638 582 4692 δέ
612 4639 730 4693 κατ’
755 4638 986 4710 ἐχθρῶν,
1009 4639 1270 4711 νήφοντες
1291 4641 1451 4695 τοῦτο
1473 4642 1758 4715 ποιοῦμεν.
1779 4646 1955 4701 Ἐπει-

379 4733 445 4804 δὴ
472 4733 582 4805 γάρ
623 4729 766 4786 οἶδεν
807 4733 1126 4797 όδιάϐολος,
1166 4736 1248 4788 ὅτι
1296 4736 1418 4789 καθ’
1458 4738 1667 4792 ἑαυτῶν
1711 4739 1773 4794 τὸ
1801 4740 1954 4811 ξίφος

378 4823 652 4894 ώθοῦμεν,
679 4825 741 4878 οὐ
763 4824 1044 4896 περιέλκει
1065 4825 1186 4879 οὐδὲ
1211 4828 1455 4897 περισπᾷ
1484 4827 1628 4895 τότε,
1661 4831 1748 4884 ἵνα
1777 4831 1956 4902 μειζό-

382 4933 489 4980 νως
519 4918 650 4986 ἡμῖν
675 4917 999 4988 λυμήνηται.
1040 4917 1200 4971 Ἀλλά
1227 4918 1511 4990 ἠδίκημαι,
1533 4923 1687 4991 φησὶ,
1715 4923 1810 4976 καὶ
1842 4924 1956 4978 θλίο

381 5010 572 5078 ϐομαι.
602 5008 810 5062 Οὐκοῦν
837 5009 977 5064 κατά
1005 5009 1099 5064 τοῦ
1128 5010 1374 5064 διαϐόλου
1395 5007 1570 5077 εὖξαι,
1598 5013 1692 5068 τοῦ
1721 5015 1958 5086 μάλιστα

385 5101 604 5154 πάντων
623 5101 932 5165 ἀδικοῦντος
956 5103 1121 5172 ἡμᾶς.
1151 5103 1322 5158 Τοῦτο
1339 5106 1434 5158 καὶ
1461 5107 1734 5178 ἐπετάγης
1757 5107 1954 5177 λέγειν,

396 5190 602 5244 Ῥῦσαι
631 5189 790 5261 ἡμᾶς
812 5192 932 5246 ἀπὸ
965 5195 1072 5249 τοῦ
1118 5197 1407 5265 πονηροῦ.
1460 5198 1696 5263 Ἐκεῖνός
1739 5201 1885 5255 ἐστιν
1930 5204 1960 5256 6

383 5283 796 5348 ἀκατάλλακτος
840 5285 1064 5356 ἐχθρός·
1103 5287 1389 5358 ἄνθρωπος
1427 5287 1519 5354 δέ,
1568 5290 1667 5344 ὅσα
1693 5289 1761 5344 ἂν
1804 5294 1956 5362 ποιῇ,

385 5375 541 5445 φίλος
569 5373 686 5428 ἐστὶ
713 5375 808 5429 καὶ
834 5375 1079 5446 ἀδελφός.
1121 5376 1342 5450 Ἐκείνῳ
1373 5379 1552 5435 τοίνυν
1581 5380 1778 5445 πάντες
1803 5381 1959 5452 697c-

446 5603 473 5664 ξ’
503 5596 758 5664 Legebamr
778 5614 956 5664 κατηγο
962 5598 1066 5664 ρεῖς.

447 5659 669 5732 Ρκέέεει
690 5674 844 5732 gnat-3.
879 5659 1052 5725 Sa\‘il.,
1077 5661 1334 5725 προσέρχῃ.
1363 5660 1515 5713 Paulo
1559 5667 1669 5726 post
1708 5661 1839 5714 idem
1879 5666 1956 5714 ἵνα

391 5726 543 5776 τοῦτο.
572 5725 704 5777 Edili
723 5725 906 5774 τοῦτον.

1047 322 1105 380 S.
1145 321 1433 379 JOANNIS
1471 316 1966 388 CHRYSOSTOMI
2002 318 2332 377 ARCHIEP.
2371 320 2925 378 CONSTANTINOP.

3501 320 3599 377 ιει

2025 428 2274 500 ζώμεθα,
2301 431 2423 485 κατ’
2444 431 2610 485 αὐτοῦ
2639 431 3044 502 παρακαλῶμεν
3061 429 3152 484 τὸν
3181 429 3313 485 Θεὸν
3332 429 3596 502 λέγοντες,

2031 519 2328 591 Σύντριψον
2349 522 2440 574 τὸν
2472 523 2709 575 σατανᾶν
2731 522 2836 575 ὑπὸ
2862 523 2991 585 τοὺς
3018 521 3184 585 πόδας
3227 520 3407 591 ἡμῶν.
3440 516 3598 587 074m;

2029 610 2138 681 γὰρ
2181 612 2355 666 τίκτει
2390 615 2483 666 καὶ
2526 614 2656 676 τοὺς
2692 613 2942 684 ἐχθρούς.
2979 615 3076 666 “Av
3128 613 3185 667 δέ
3218 614 3340 666 κατ’
3395 615 3598 686 ἐχθρῶν

2030 700 2185 774 εὔξῃ,
2220 702 2316 774 τὴν
2347 702 2530 774 εὐχὴν,
2561 705 2628 775 ἠν
2658 705 2864 770 ἐκεῖνος
2908 705 3178 775 βούλεται,
3218 704 3387 777 εὐχῃ·
3417 707 3600 778 ὥσπερ

2030 791 2122 848 οὖν
2147 795 2213 848 ἂν
2243 796 2383 864 ὑπὲρ
2414 797 2643 868 ἐχθρῶν,
2674 799 2816 852 κατά
2848 798 3063 852 τούτου.
3093 799 3159 850 Τί
3185 798 3366 852 τοίνυν
3406 800 3500 853 τὸν
3526 801 3598 852 6v-

2030 905 2138 950 τως
2183 887 2378 958 ἐχθρὸν
2418 889 2596 958 ἀφεὶς,
2634 891 2704 944 τὰ
2745 891 2882 961 μέλη
2914 891 3132 952 δάκνεις
3158 890 3227 944 τὰ
3268 891 3357 956 σά,
3400 891 3599 961 θηρίων

2031 977 2411 1048 χαλεπώτερος
2435 979 2608 1053 ταύτῃ
2641 981 2957 1052 γινόμενος;
3012 981 3149 1034 Ἀλλ’
3192 979 3408 1051 ὕϐρισε,
3448 983 3598 1050 φησι,

2030 1071 2124 1124 καὶ
2147 1073 2404 1142 χρήματα
2429 1073 2792 1143 ἀπεστέρησε.
2829 1073 2942 1128 Kal
2973 1072 3097 1127 τίνα
3129 1072 3212 1125 δεῖ
3240 1071 3481 1136 πενθεῖν,
3514 1073 3602 1126 τὸν

2033 1161 2275 1214 παθόντα
2314 1163 2520 1226 κακῶς,
2555 1163 2587 1234 ἢ
2618 1164 2711 1216 τὸν
2742 1164 3043 1233 ποιήσαντα
3072 1163 3293 1227 κακῶς;
3319 1164 3442 1216 Ὅτι
3471 1165 3603 1234 χρή-

2035 1268 2180 1320 ματα
2231 1263 2254 1291 ο
2295 1253 2578 1324 κερδάνας,
2625 1254 2726 1324 τῆς
2761 1256 2973 1319 εὐνοίας
3010 1256 3201 1310 ἐαυτὸν
3246 1255 3468 1320 ἐξέϐαλε
3509 1256 3603 1308 τοῦ

2031 1344 2186 1411 Θεοῦ,
2218 1345 2312 1398 καὶ
2351 1347 2574 1415 μείζονα
2599 1346 2880 1401 ἀπώλεσεν
2909 1347 2942 1417 ἦ
2977 1347 3166 1401 ἐλαϐεν
3185 1363 3198 1377 ο
3225 1347 3367 1401 ὥστε
3399 1346 3606 1409 ἐκεῖνός

2033 1436 2180 1488 ἐστιν
2226 1439 2255 1490 6
2301 1437 2645 1508 ἠδικημένος.
2690 1438 2898 1492 Οὐκοῦν
2951 1439 3072 1508 οὐχὶ
3104 1438 3464 1508 κατεύχεσθαι
3502 1439 3604 1501 δεῖ,

2034 1525 2150 1580 ἀλλ’
2179 1527 2576 1598 ὐπερεύχεσθαι
2595 1529 2782 1593 αὐτοῦ,
2809 1530 2898 1584 ἵνα
2918 1532 2947 1584 6
2983 1530 3116 1594 Θεὸς
3159 1530 3314 1594 ῖλεως
3337 1527 3492 1600 αὐτῷ
3516 1529 3609 1598 γέο

2034 1635 2212 1689 νηται.

2104 1793 2166 1840 ε’.
2191 1787 2336 1858 Ὅρα
2362 1787 2502 1841 πόσα
2519 1787 2718 1843 ἔπαθον
2742 1789 2790 1842 οί
2811 1788 2997 1854 παῖδες
3020 1789 3068 1842 οἱ
3091 1791 3260 1860 τρεῖς,
3281 1789 3430 1843 οὐδὲν
3452 1790 3616 1858 ποιή-

2037 1894 2228 1941 σαντες
2260 1877 2464 1930 δεινόν·
2499 1878 2757 1942 ἐξέπεσον
2823 1879 3100 1949 πατρίδος,
3142 1878 3485 1949 ἐλευθερίας,
3524 1877 3613 1942 ἐξ⁴

2033 1969 2529 2041 ῃχμαλωτίσθησαν
2545 1971 2638 2022 καὶ
2657 1969 2903 2039 ἐγένοντο
2918 1969 3212 2035 δοῦλοι,καὶ
3229 1971 3306 2033 είς
3326 1969 3615 2040 ἀλλοτρίαν

2035 2059 2130 2111 καὶ
2161 2058 2436 2129 βάρϐαρον
2485 2059 2874 2129 ἀπενεχθέντες
2902 2059 3105 2131 χώραν,
3142 2061 3235 2115 καὶ
3280 2060 3617 2131 σφάττεσθαι

2035 2149 2259 2221 ἔμελλον
2290 2151 2376 2203 διὰ
2407 2150 2466 2204 τὸ
2485 2151 2616 2222 ὄναρ
2644 2152 2768 2221 εἰκῆ
2790 2152 2884 2206 καὶ
2911 2153 3110 2222 μάτην.
3142 2152 3207 2205 Τί
3235 2147 3327 2206 οῦν
3347 2151 3617 2205 εἰσελθόν-

2034 2259 2127 2304 τες
2153 2241 2290 2312 μετά
2312 2241 2406 2295 τοῦ
2425 2241 2644 2313 Δανιὴλ,
2665 2241 2716 2295 τί
2743 2242 2977 2312 ηὔξαντο
2997 2261 3012 2309 ;
3037 2244 3166 2297 τίδὲ
3190 2239 3373 2308 εἶπον;
3395 2243 3620 2313 Κατάρ-

2037 2330 2200 2401 ραξον
2253 2331 2346 2384 τὸν
2400 2330 2904 2404 Ναϐουχοδονόσορ·
2954 2333 3304 2385 κατάσπασον
3355 2330 3529 2385 αὐτοῦ
3563 2331 3621 2382 τὺ

2035 2422 2308 2493 διάδημα’
2364 2422 2638 2476 κατάϐαλε
2686 2423 2850 2477 αὐτὸν
2887 2423 2994 2477 ἀπὸ
3042 2423 3135 2478 τοῦ
3179 2423 3410 2495 θρόνους
3449 2422 3621 2475 Οὐδὲν

2035 2512 2276 2566 τοιοῦτον
2299 2530 2312 2544 ·
2375 2513 2492 2567 ἀλλ’
2537 2514 2759 2586 ἐξῄτουν
2793 2515 3110 2586 οίκτιρμοὺς
3152 2513 3302 2585 παρά
3324 2511 3420 2565 τοῦ
3455 2511 3617 2566 Θεοῦ.

2038 2605 2186 2679 [472]
2216 2606 2324 2660 Καὶ
2350 2607 2438 2660 ὅτε
2463 2609 2520 2661 ἐν
2552 2610 2618 2678 τῇ
2649 2607 2864 2678 καμίνῳ
2900 2603 3063 2678 ἦσαν,
3092 2605 3308 2676 ὁμοίως.
3348 2604 3492 2658 Ἀλλ’
3524 2605 3622 2674 οὐχ

2037 2695 2216 2767 ὑμεῖς,
2249 2697 2386 2750 ἀλλά
2419 2695 2597 2768 πολλῷ
2637 2696 2893 2750 ἐλάττονα
2923 2696 3144 2750 ἐκείνων
3174 2697 3500 2766 πάσχοντες,
3529 2697 3624 2750 καὶ

2036 2788 2257 2852 δικαίως
2295 2788 2576 2853 πολλάκις,
2603 2789 2662 2842 οὐ
2704 2787 2942 2842 παύεσθε
2972 2787 3249 2858 ἀρώμενοι
3281 2787 3456 2858 μυρία
3477 2803 3490 2814 ·
3530 2787 3623 2839 καὶ

2037 2880 2065 2930 6
2094 2877 2192 2948 μέν
2220 2894 2370 2946 φησι,
2400 2877 2686 2932 Κατάϐαλε
2719 2879 2810 2931 τὸν
2839 2878 3032 2949 ἐχθρὸν
3052 2918 3066 2942 ,
3113 2877 3188 2942 ῶς
3223 2876 3625 2940 κατεπόντισας

2039 2970 2100 3022 τὸ
2122 2970 2273 3041 ἅρμα
2303 2968 2397 3022 τοῦ
2425 2968 2621 3041 Φαραώ
2643 2985 2656 3000 ο
2679 2971 2706 3022 ὁ
2734 2968 2812 3031 δὲ,
2839 2968 3044 3038 Πλῆξον
3069 2967 3235 3022 αὐτοῦ
3278 2968 3376 3038 τὴν
3400 2968 3585 3037 σάρκα
3607 2983 3621 2996 ο

2039 3063 2225 3132 ἕτερος
2247 3061 2426 3128 πάλιν,
2466 3062 2687 3126 Ἀπόδος
2724 3065 2889 3126 είςτά
2917 3063 3103 3116 τέκνα,
3127 3057 3205 3116 Ἱι
3234 3061 3335 3115 οὐκ
3365 3058 3626 3130 ἐπιγινὼο

2046 3171 2202 3207 σκετε
2243 3154 2402 3208 ταυτὶ
2425 3153 2493 3208 τὰ
2512 3155 2736 3226 ῥήματα
2757 3171 2773 3221 ;

2116 3341 2286 3396 Πόθεν
2311 3335 2403 3394 οῦν
2443 3339 2572 3410 ὑμῖν
2612 3340 2641 3391 6
2684 3339 2858 3409 γέλως
2906 3333 3092 3403 οὐτος;
3133 3337 3300 3410 Ὀρᾷς
3348 3337 3468 3402 πῶς
3510 3337 3627 3390 ἐστι

2045 3431 2445 3501 καταγέλαστα,
2472 3431 2599 3482 ὅταν
2620 3431 2790 3501 χωρὶς
2813 3429 3018 3494 πάθους
3038 3429 3302 3501 λέγηται;
3333 3431 3448 3486 Καὶ
3475 3432 3632 3484 πᾶσα

2045 3525 2102 3577 δέ
2135 3523 2379 3594 ἁμαρτία
2425 3521 2546 3574 τότε
2576 3520 2851 3574 δείκνυται
2887 3521 3004 3584 πῶς
3041 3522 3190 3574 ἐστιν
3234 3520 3458 3590 αἰσχρὰ,
3497 3521 3630 3574 ὅταν

2045 3613 2216 3683 αὐτὴν
2254 3609 2547 3682 γυμνώσῃς
2577 3611 2677 3680 τῆς
2710 3610 3002 3673 διαθέσεως
3034 3609 3130 3664 τοῦ
3167 3611 3500 3682 τολμῶντος,
3534 3612 3632 3664 ’Ᾱν

2045 3703 2138 3757 τὸν
2177 3701 2498 3774 ὀργισθέντα
2537 3700 2857 3772 ὐπομνήσῃς
2901 3699 3010 3754 τῶν
3041 3699 3324 3771 ῥημάτων,
3355 3691 3433 3752 ὧν
3478 3693 3630 3751 εἶπεν

2047 3796 2104 3847 ἐν
2120 3793 2197 3864 τῷ
2225 3791 2401 3862 θυμῷ,
2425 3791 2805 3856 καταδύσεται,
2835 3791 2929 3846 καὶ
2947 3790 3375 3868 καταγελάσεται
3408 3788 3630 3853 ἐαυτοῦ,

2049 3887 2140 3940 καὶ
2173 3885 2494 3958 βουλήσεται
2551 3883 2720 3954 μυρία
2768 3883 3113 3946 πεπονθέναι,
3159 3883 3412 3954 ῆέκεῖνα
3463 3879 3630 3934 αὐτοῦ

2048 3975 2188 4033 εἶναι
2228 3977 2296 4031 τὰ
2347 3977 2596 4048 ῥήματα·
2647 3973 2750 4028 κᾶν
2775 3975 2865 4028 τὸν
2913 3975 3209 4028 ἀκόλαστον
3242 3973 3460 4044 ἀγάγῃς
3493 3971 3633 4044 μετά

2048 4071 2144 4143 τὴν
2171 4069 2315 4141 μίξιν
2336 4067 2472 4138 πρὸς
2497 4066 2595 4138 τὴν
2622 4066 3024 4139 πορνευομένην
3041 4069 3320 4136 γυναῖκα,,
3353 4065 3450 4118 καὶ
3476 4059 3632 4124 οὗτος

2049 4163 2252 4234 ταύτην
2277 4161 2761 4232 ἀποστραφήσεται
2791 4158 2866 4222 ὠς
2891 4158 3159 4230 μυσαράν.
3183 4156 3338 4210 υύτω
3355 4157 3450 4209 καὶ
3470 4156 3633 4224 ὑμεῖς

2049 4257 2097 4310 οί
2131 4255 2206 4327 μή
2239 4255 2388 4317 ὄντες
2411 4253 2470 4305 ἐν
2497 4251 2575 4323 τῷ
2603 4251 2790 4315 πάθει,
2827 4250 3164 4318 καταγελᾶτε
3208 4248 3303 4302 νῦν
3325 4265 3340 4279 ⁸
3391 4246 3634 4315 καταγέ-

2049 4346 2222 4400 λαστα
2249 4344 2376 4416 γάρ,
2419 4345 2511 4397 καὶ
2539 4343 2797 4414 γραϊδίων
2829 4341 2897 4394 τὰ
2927 4341 3148 4412 ῥήματα
3186 4337 3360 4392 ταῦτα
3404 4338 3634 4410 μεθυόν-

2054 4455 2178 4501 των,
2205 4437 2297 4490 καὶ
2324 4433 2692 4504 γυναικώδους
2726 4432 3109 4504 μικροψυχίας.
3151 4430 3259 4483 Καὶ
3281 4431 3308 4484 6
3348 4430 3551 4502 Ἰωσὴφ
3577 4427 3634 4480 δέ

2053 4528 2282 4602 πραθεὶς
2314 4528 2406 4580 καί
2431 4525 2612 4588 δοῦλος
2645 4525 2933 4595 γενόμενος
2960 4524 3052 4577 καὶ
3081 4521 3455 4592 δεσμωτήριον
3480 4521 3634 4588 οἰκή-

2055 4639 2173 4685 σας,
2201 4619 2310 4673 οὐδ²
2332 4618 2502 4682 οὕτως
2531 4616 2751 4682 ἐξέϐαλε
2772 4618 2920 4688 ῥῆμα
2948 4613 3142 4685 πικρὸν
3174 4612 3313 4666 κατά
3341 4612 3452 4664 τῶν
3475 4612 3633 4665 λελυο

2053 4712 2336 4783 πηκότων·
2391 4709 2528 4764 ἀλλά
2577 4708 2630 4762 τί
2659 4723 2821 4780 mat;
2872 4703 3084 4774 κλοπῇ
3112 4703 3386 4771 ἐκλάςτην
3418 4704 3490 4756 ἐκ
3525 4701 3634 4771 τῆς

2061 4804 2340 4873 Ἐϐραίων
2363 4819 2378 4835 ·
2408 4801 2500 4855 καὶ
2523 4801 2584 4854 οὐ
2608 4799 2962 4871 προστίθησιν
2985 4796 3088 4851 ὑπὸ
3107 4795 3246 4858 τίνος
3269 4811 3283 4826 ο
3312 4793 3634 4864 αίσχύνεται

2052 4895 2160 4964 γὰρ
2195 4891 2333 4962 ὑπὲρ
2359 4889 2468 4944 τῶν
2500 4888 2798 4958 ἀδελφικῶν
2823 4887 3007 4942 κακῶν
3035 4885 3236 4956 μᾶλλον
3265 4885 3494 4937 ἐκείνων
3528 4882 3634 4935 τῶν

2056 4985 2398 5057 ποιησάντων
2439 4981 2599 5036 αὐτά.
2655 4981 2809 5033 υύτω
2861 4979 2953 5034 καὶ
2984 4980 3132 5050 ἡμᾶς
3163 4975 3469 5030 διακεῖσθαι
3500 4975 3632 5044 χρὴ,

2059 5085 2257 5158 μᾶλλον
2279 5081 2306 5122 ἀ
2345 5079 2452 5134 τῶν
2493 5077 2904 5150 ἐπηρεαζόντων
2933 5075 3109 5128 αὐτῶν
3140 5073 3325 5141 ἀλγεῖν
3365 5069 3509 5141 ὑπὲρ
3538 5067 3632 5158 αύ-

2056 5154 2193 5234 τῶν·
2228 5177 2262 5246 ὴ
2297 5172 2468 5244 βλάϐη
2499 5171 2608 5241 γάρ
2629 5173 2707 5234 είς
2732 5170 2972 5231 ἐκείνους
2996 5165 3280 5220 διαϐαίνει.
3305 5163 3519 5230 Ὠσπερ
3538 5154 3632 5212 οὖν

2055 5274 2104 5326 οἱ
2132 5267 2476 5332 λακτίζοντες
2515 5263 2702 5334 ἥλους,
2752 5262 2846 5314 καὶ
2893 5259 3032 5330 μέγα
3084 5256 3402 5328 φρονοῦντες
3427 5295 3444 5322 ,
3476 5252 3627 5304 ἐλέου

2057 5362 2197 5426 ἄξιοι
2228 5358 2344 5412 καὶ·
2376 5357 2573 5428 θρήνου
2625 5353 2727 5424 τῆς
2772 5351 2967 5424 μανίας
3018 5349 3180 5403 ἓνεκα
3211 5345 3414 5416 ταύτης
3452 5343 3626 5397 είσίν⁶

2121 5674 2143 5701 ε
2167 5668 2372 5718 Videtur
2399 5666 2600 5717 omnino
2629 5665 2896 5725 legendum
2918 5666 2945 5714 6
2967 5663 3026 5713 τὰ
3047 5664 3283 5727 χρήματα.

2120 5731 2144 5770 d
2171 5732 2349 5781 Forsan
2376 5732 2475 5794 leg.
2499 5731 2577 5777 καὶ
2603 5729 2796 5791 μᾶλλον.
2817 5791 2835 5806 τ
