3712 6212
95 205 129 259 εδ
980 187 1048 245 IN
1086 183 1300 243 EPIST.
1346 182 1388 237 ll
1453 179 1543 237 AD
1582 177 1740 236 COR.
1783 180 2009 237 HOMIL.
2053 179 2117 237 γ.

95 317 138 371 ιῑά
174 312 334 367 brutum
351 324 401 365 ac
422 307 671 365 stolidum
705 312 819 371 est,
850 302 987 359 infra
1032 299 1271 363 relictis;
1300 296 1345 351 si
1372 291 1500 365 quid

96 411 194 463 tione
219 406 439 477 pmditum
477 411 560 458 est
584 442 599 467 ,
629 400 813 469 accipe
841 407 1000 467 atque
1026 391 1279 456 ascende,
1311 404 1501 460 quem-

95 496 254 553 modum
290 495 361 550 ille
399 491 681 562 assumpsit
720 491 887 545 Isaac.
926 486 1109 542 Altare
1160 495 1373 553 quoque
1402 493 1499 549 pe-

101 587 151 641 de
173 595 217 639 ut
239 584 594 650 ille,exstrue,
628 592 906 649 tamquam
957 573 1177 631 humani
1225 569 1357 625 nihil
1402 568 1501 621 ha-

96 696 159 743 lS,
178 687 304 747 alque
326 686 455 732 extra
480 684 726 729 naturam
757 679 971 740 raptus.-
999 661 1428 737 quandoquidem
1450 666 1507 714 et

100 813 110 832 ,
136 768 258 823 nisia
280 775 438 822 natura
462 764 785 821 excessisset
814 804 829 828 ,
860 761 1026 814 filium
1054 772 1159 812 non
1182 754 1504 826 jugulasset.

95 879 105 917 ε
136 860 371 932 quidquam
395 868 497 913 tum
549 866 599 911 te
646 854 968 911 interturbet
993 893 1007 918 ,
1039 849 1135 905 sed
1167 863 1325 917 supra
1360 846 1504 915 ipsos

103 968 144 1007 m
168 952 301 1006 czelos
337 965 539 1020 assurge
568 966 583 1003 :
615 948 808 1003 acerbe
862 945 1181 1015 ingemisce,
1205 938 1503 995 confessio-

96 1053 283 1098 imacta:
298 1041 377 1095 Dic
394 1041 523 1096 enim
544 1050 598 1093 tu
620 1039 758 1109 prior
774 1037 1062 1106 iniquitates
1079 1030 1412 1100 tuas,inquit,
1444 1037 1501 1080 ut

95 1136 246 1205 iﬁceris
269 1142 454 1188 :macta
494 1129 873 1187 contritionem
908 1125 1107 1182 cordis.
1150 1123 1243 1179 Ila:
1271 1120 1505 1175 victima:

113 1229 155 1281 in
182 1226 380 1281 cinerem
408 1224 675 1287 desinunt,
701 1235 803 1276 nec
827 1220 879 1275 in
910 1218 1110 1272 fumum
1140 1213 1456 1269 dilabuntur
1486 1249 1502 1275 ,

106 1307 239 1390 lignis
257 1327 304 1374 et
331 1317 439 1389 igne
485 1330 620 1386 Opus
647 1315 866 1377 habent,
899 1310 993 1366 sed
1020 1308 1296 1364 dumtaxat
1324 1302 1504 1357 animo

99 1422 297 1484 puncto:
326 1411 416 1466 hoc
445 1411 610 1481 ligna,
641 1408 742 1463 hoc
782 1406 919 1477 ignis
960 1411 1059 1467 est,
1082 1412 1242 1455 urens
1264 1398 1372 1462 illa,
1404 1394 1506 1451 sed

98 1504 475 1575 perurens.Nam
502 1504 591 1574 qui
619 1502 884 1558 ferventer
912 1506 1049 1565 orat,
1072 1495 1246 1551 uritur
1265 1491 1502 1563 quidem,

95 1614 153 1653 on
176 1598 433 1666 peruritur,
456 1595 551 1651 sed
580 1596 719 1650 sicut
744 1606 934 1649 aurum
964 1631 980 1658 ,
1003 1586 1145 1660 quod
1176 1586 1295 1656 igne
1320 1580 1506 1653 exlilo-

95 1707 130 1756 r,
157 1688 459 1759 splendidius
494 1688 747 1743 efficitur.

95 1797 151 1833 an
200 1780 483 1851 precandum
527 1787 702 1832 contra
736 1774 988 1830 inimicos.
1014 1802 1086 1812 —
1128 1769 1209 1825 Ad
1233 1768 1347 1823 hmc
1378 1763 1505 1820 illud

95 1886 201 1937 ,ne
238 1871 389 1926 ullum
431 1871 485 1924 in
516 1870 760 1924 oratione
815 1866 1041 1921 verbum
1083 1861 1318 1923 emittas,
1364 1855 1505 1927 quod

98 1965 233 2018 inum
272 1963 468 2031 irritet,
495 1961 581 2017 vel
608 1962 661 2015 in
689 1959 921 2014 hostium
974 1966 1186 2011 tuorum
1217 1949 1506 2023 perniciem

95 2072 122 2109 n
145 2054 317 2110 adeas.
342 2054 466 2109 Nam
496 2054 541 2108 si
567 2052 655 2106 vel
687 2052 868 2105 hostes
908 2047 1130 2111 habere,
1177 2044 1375 2115 probro
1400 2058 1507 2097 non

96 2191 110 2215 ,
134 2147 297 2217 cogita
316 2154 563 2217 quantum
592 2144 790 2198 malum
818 2142 888 2197 sit
910 2140 1171 2195 adversus
1198 2151 1294 2191 eos
1318 2134 1508 2190 orare?

96 2256 131 2293 ιο
148 2238 417 2308 Oportebat
463 2250 721 2291 excusare
759 2243 811 2289 te
835 2232 975 2303 quod
1022 2229 1205 2284 hostes
1230 2227 1417 2292 babes,
1451 2234 1506 2281 tu

109 2340 291 2386 contra
332 2344 421 2385 eos
454 2343 670 2400 quoque
708 2338 950 2380 accusas.
999 2323 1067 2377 Et
1100 2335 1259 2392 quam
1291 2317 1506 2373 tandem

95 2440 145 2478 m
168 2422 401 2478 obtinere
428 2434 613 2493 queas,
642 2434 763 2474 cum
791 2433 857 2473 eo
882 2429 1091 2486 quoque
1118 2422 1361 2483 tempore
1388 2409 1509 2465 aliis

95 2527 225 2579 etes,
248 2530 349 2585 quo
375 2514 573 2585 ingenti
604 2514 719 2583 ipse
747 2509 1111 2567 misericordia
1142 2522 1276 2578 opus
1303 2502 1509 2560 babes?

96 2624 146 2662 in
177 2622 244 2662 eo
273 2605 563 2667 aceessisti,
590 2614 649 2659 ut
673 2618 774 2675 pro
805 2602 909 2658 tuis
940 2599 1172 2671 peccatis
1202 2612 1386 2654 orares
1408 2613 1421 2650 :
1442 2610 1511 2651 ne

104 2700 406 2753 alienorum
456 2705 799 2767 peccatorum
853 2692 1179 2759 recorderis,
1214 2707 1281 2746 ne
1310 2689 1509 2760 alioqui

96 2807 135 2845 η
171 2792 290 2861 ipse
343 2788 657 2844 memoriam
711 2785 957 2841 refriees.
1015 2782 1147 2839 Nam
1177 2783 1222 2838 si
1271 2781 1508 2846 dixeris,

96 2898 146 2936 m
169 2889 416 2952 percute,
448 2893 510 2934 os
536 2888 682 2933 tuum
710 2875 1048 2942 obstruxisli,
1067 2876 1179 2946 jatn
1209 2873 1405 2945 lingute
1442 2874 1508 2928 fi-

96 2990 127 3027 n
193 2969 487 3041 prmcidisti
518 2987 532 3025 :
564 2970 796 3040 primum
828 2982 1057 3039 nempe,
1111 2967 1236 3035 quia
1281 2967 1350 3021 ab
1396 2967 1515 3038 ipso

109 3066 191 3120 ini
207 3065 278 3119 tio
301 3063 585 3118 Dominum
609 3062 675 3117 ad
703 3061 1028 3117 iracundiam
1048 3059 1299 3125 incitasti;
1317 3059 1514 3121 deinde

96 3154 370 3212 :ontraria
397 3152 659 3224 postulas,
691 3167 853 3222 quam
904 3151 1077 3206 oratio
1121 3149 1278 3206 ferat.
1309 3149 1441 3204 Nam
1467 3150 1514 3205 si

95 3255 405 3301 eccatorum
433 3242 752 3297 remissione
798 3240 968 3297 Deum
1001 3240 1262 3311 precaris,
1293 3240 1384 3311 qui
1417 3240 1473 3295 fit
1494 3280 1515 3309 ,

116 3335 406 3407 supplicio
432 3334 595 3391 verba
617 3332 828 3389 facias?
852 3333 991 3401 Quin
1021 3342 1207 3389 contra
1232 3334 1409 3404 potius
1433 3332 1515 3388 fa-

98 3450 159 3487 m
200 3440 347 3497 erat,
380 3446 481 3501 pro
510 3429 639 3501 ipsis
680 3442 891 3498 quoque
920 3442 1113 3497 preces
1145 3426 1405 3493 fundere,
1448 3437 1509 3481 ut

95 3540 129 3579 0
165 3523 343 3578 nobis
364 3537 580 3593 quoque
609 3536 730 3576 cum
762 3519 955 3575 ﬁducia
980 3528 1307 3589 peteremus.
1364 3517 1519 3574 Nunc

96 3614 312 3669 iudicis
344 3613 670 3669 sententiam
719 3627 816 3682 per
872 3621 1013 3666 tuam
1067 3612 1360 3682 occupasti,
1391 3611 1518 3666 dum

96 3718 115 3762 t
150 3706 233 3761 de
261 3703 621 3776 precantibus
648 3703 965 3773 supplicium
993 3713 1167 3756 sumat
1192 3720 1205 3756 :
1237 3701 1378 3773 quod
1404 3702 1523 3773 qui-

95 3814 285 3855 nnem
338 3797 437 3852 tibi
468 3797 680 3851 veniam
707 3795 915 3851 adimit.
970 3794 1167 3851 Contra
1189 3795 1231 3849 si
1266 3810 1363 3866 pro
1394 3795 1523 3866 ipsis

96 3909 156 3957 s,
192 3889 428 3944 etiamsi
459 3904 557 3958 pro
587 3887 822 3957 peccatis
850 3887 953 3942 tuis
973 3887 1172 3942 nullum
1194 3888 1415 3944 verbum
1444 3886 1525 3943 fe-

95 3998 231 4037 rem
261 3989 442 4035 totam
474 3978 774 4034 confecisti.
821 3977 1004 4049 Cogita
1051 3987 1304 4049 quotnam
1328 3980 1378 4034 in
1408 3979 1524 4050 lege

95 4077 148 4128 ia
186 4074 359 4127 sint:
397 4070 719 4126 sacrificium
746 4070 940 4134 laudis,
970 4070 1290 4126 sacrificium
1314 4073 1527 4127 confes-

95 4161 483 4220 sacriﬁcium
511 4160 725 4226 salutis,
756 4159 1076 4215 sacrificium
1106 4162 1481 4232 purgationum
1505 4202 1524 4229 ,

95 4266 251 4314 :nta
288 4255 409 4310 alia
436 4272 451 4310 ε
486 4262 646 4324 atque
674 4253 886 4308 interim
918 4253 1120 4308 nullum
1149 4264 1232 4309 est
1260 4254 1525 4311 adversus

95 4365 123 4404 5
165 4391 189 4416 ,
238 4346 351 4403 sed
386 4361 487 4417 pro
515 4345 745 4417 propriis
793 4345 1027 4413 peccatis
1067 4354 1159 4399 aut
1200 4347 1360 4401 etiam
1384 4358 1530 4403 recte

101 4457 233 4497 um
254 4440 444 4495 alium
462 4440 632 4494 Deum
652 4438 807 4493 adis?
827 4443 1018 4493 Annon
1037 4438 1101 4493 ad
1123 4438 1270 4493 illum
1292 4440 1527 4507 accedis,

95 4547 139 4602 t,
172 4534 377 4590 Orate
403 4549 498 4605 pro
518 4533 735 4586 inimicis
750 4532 922 4586 vestris
943 4532 960 4602 (
975 4530 1163 4585 Matth.
1185 4533 1238 4588 5.
1262 4534 1378 4599 44).
1394 4532 1530 4599 Quo-

95 4639 215 4683 tur
250 4624 440 4680 modo
466 4624 725 4678 adversus
750 4622 872 4676 illos
899 4622 1185 4679 clamitas?
1213 4637 1308 4678 cur
1339 4623 1525 4691 Deum,

96 4735 125 4773 ι
168 4730 373 4772 suam
408 4713 682 4783 infringat,
713 4713 917 4782 rogas?
943 4715 986 4767 A
1019 4713 1276 4783 supplicis
1303 4729 1531 4784 persona

103 4822 336 4864 enum
375 4813 510 4860 est:
544 4818 704 4857 nemo
748 4803 1014 4873 supplicat
1041 4812 1099 4857 ut
1120 4803 1259 4859 alius
1309 4814 1527 4875 pereat,

96 4915 221 4955 183
264 4897 524 4951 salutem
552 4903 930 4965 consequatur.
960 4894 1097 4963 Quid
1122 4896 1282 4967 igitur
1330 4898 1535 4968 suppli-

96 4992 276 5047 zlcm
315 5002 619 5058 personam
651 4987 813 5058 geris,
844 4985 970 5042 dum
1018 4988 1348 5044 accusatoris
1369 4990 1532 5046 verba

136 5088 271 5141 Ac
335 5082 566 5152 quidem
607 5096 729 5136 cum
758 5095 856 5152 pro
907 5080 1065 5136 nobis
1110 5080 1241 5152 ipsis
1290 5096 1533 5152 oramus,

95 5193 121 5233 ς
158 5189 343 5240 nos,
367 5173 693 5240 oscitamus,
716 5183 770 5229 et
792 5172 844 5227 in
865 5181 1149 5229 sexcentas
1178 5175 1534 5246 cogitationes

99 5287 125 5334 ;
176 5280 361 5322 cum
388 5273 576 5319 autem
628 5262 887 5319 adversus
922 5264 1202 5333 inimicos,
1235 5266 1429 5321 attenti
1471 5280 1535 5322 ac

96 5380 134 5418 s
171 5361 338 5415 hoc
370 5356 629 5413 facimus.
662 5356 795 5423 Quia
830 5356 973 5411 enim
1000 5356 1246 5414 diabolus
1267 5357 1399 5414 illud
1428 5373 1532 5415 no-

95 5456 121 5511 l
173 5455 268 5509 in
318 5467 439 5507 nos
465 5453 611 5521 ipsos
637 5448 870 5521 gladium
910 5450 1402 5522 impellimus;non
1433 5452 1535 5507 mi-

95 5545 379 5605 ;Lrahit
429 5532 516 5601 vel
545 5553 755 5612 avocat,
806 5551 862 5599 ut
886 5543 986 5600 bac
1015 5543 1224 5599 ratione
1270 5545 1528 5614 majorem

95 5638 416 5698 ‘nicicm
448 5638 657 5698 afl‘erat.
690 5640 789 5709 At,
838 5638 1076 5709 inquies,
1119 5639 1279 5696 laesus
1310 5653 1431 5695 sum
1470 5648 1524 5696 et

1608 292 1841 365 affligor.
1874 296 2019 366 Ergo
2049 295 2310 353 adversus
2351 296 2624 354 diabolum
2654 315 2748 356 ora
2769 345 2784 367 ,
2822 304 2913 375 qui
2953 308 3191 362 omnium

1612 389 1845 445 maxime
1874 404 1972 443 nos
1998 390 2191 459 injuria
2219 389 2406 446 afficit.
2465 392 2575 447 lloc
2604 395 2765 449 etiam
2793 395 2974 452 dicere
3004 401 3199 468 praeci-

1611 480 1754 548 peris
1784 520 1800 547 ,
1849 479 2032 534 Libera
2060 497 2151 535 nos
2176 498 2207 535 tt
2231 482 2367 536 malo
2398 482 2610 554 (Matth.
2641 486 2695 539 6.
2727 486 2794 541 15
2816 485 2858 557 ).
2887 488 2978 542 Ille
3010 489 3199 559 impla-

1610 570 1795 626 cabilis
1816 571 1986 626 hostis
2012 581 2127 637 est;
2160 581 2214 627 at
2241 572 2423 637 homo,
2449 575 2705 645 quidquid
2727 576 2819 631 tibi
2844 578 3019 645 faciat,
3051 581 3192 634 ami-

1610 678 1704 717 cus
1725 678 1789 719 ac
1815 661 1980 718 frater
2025 674 2127 719 est.
2177 665 2441 732 Quocirca
2494 682 2682 724 omnes
2733 670 2993 726 adversus
3044 672 3191 729 illum

1611 755 2191 821 irascamur,adversus
2208 774 2330 813 eum
2349 759 2512 813 Deum
2539 761 2905 829 Obsecremus,
2918 764 3158 821 dicentes
3177 784 3190 819 :

1609 843 1840 902 Contere
1860 846 2111 903 Satanam
2141 850 2240 905 sub
2273 851 2496 919 pedibus
2524 853 2742 909 nostris.
2772 854 2871 911 Ille
2912 858 3053 912 enim
3084 857 3196 912 ini-

1609 936 1780 993 micos
1802 956 2014 1009 quoque
2046 942 2201 997 nobis
2230 946 2389 1013 parit.
2423 945 2576 1013 Quod
2612 946 2658 1002 si
2694 947 2977 1003 adversum
3010 950 3192 1004 inimi-

1611 1041 1705 1082 cos
1732 1031 1969 1098 preceris
1990 1074 2006 1100 ,
2037 1032 2088 1087 id
2118 1035 2353 1103 precaris
2377 1076 2391 1099 ,
2421 1036 2563 1105 quod
2592 1037 2705 1105 ipse
2731 1053 2947 1109 quoque
2968 1039 3019 1094 in
3051 1042 3193 1096 votis

1610 1121 1772 1178 habet
1800 1142 1814 1179 :
1849 1133 1904 1179 ut
1926 1126 1968 1180 si
1998 1141 2094 1195 pro
2124 1127 2353 1183 inimicis
2377 1144 2500 1184 ores
2521 1170 2536 1193 ,
2568 1128 2824 1185 adversus
2852 1147 2971 1186 enm
3002 1148 3193 1202 preca-

1610 1216 1707 1270 ris.
1735 1214 1872 1282 Quid
1910 1218 2070 1287 igitur
2099 1220 2288 1273 relicto
2323 1236 2453 1276 vero
2480 1220 2634 1276 hoste
2661 1222 2900 1278 membra
2927 1232 3013 1278 tua
3044 1241 3192 1280 mor-

1610 1304 1729 1373 des,
1760 1316 1921 1376 atque
1945 1307 2049 1363 bac
2096 1310 2303 1365 ratione
2353 1310 2480 1366 feris
2524 1312 2652 1381 ipsis
2706 1312 3079 1370 immaniorem
3137 1327 3197 1373 te

1610 1400 1820 1471 praebes
1840 1401 1864 1453 ?
1886 1400 1975 1465 At,
2010 1400 2188 1471 inquis
2212 1442 2227 1465 ,
2273 1405 2651 1458 contumeliam
2698 1405 2827 1459 mihi
2856 1406 3072 1475 intulit,
3124 1424 3189 1465 ac

1610 1491 1750 1546 bona
1779 1490 1997 1546 ademit.
2032 1492 2098 1546 Et
2118 1508 2276 1562 quem
2297 1494 2441 1548 luctu
2463 1495 2713 1565 prosequi
2743 1499 3014 1564 convenit,
3038 1514 3192 1554 eum-

1610 1597 1678 1637 ne
1705 1582 1795 1650 qui
1839 1581 2089 1651 injuriam
2126 1583 2357 1652 accepit,
2390 1600 2456 1638 an
2494 1586 2586 1654 qui
2618 1587 2835 1641 intulit?
2885 1589 2985 1656 Qui
3028 1605 3193 1660 pecu-

1610 1674 1727 1728 nias
1757 1673 1992 1728 lucratus
2019 1681 2120 1738 est,
2141 1689 2171 1727 a
2187 1674 2279 1729 Dei
2296 1674 2661 1730 benewilentia
2690 1677 2923 1746 seipsum
2941 1681 3190 1750 exclusit,

1612 1765 1875 1836 pluraque
1928 1764 2162 1835 perdidit
2213 1781 2372 1835 quam
2420 1771 2674 1837 accepit:
2721 1784 2784 1825 ac
2821 1771 3043 1840 proinde
3079 1774 3194 1842 ipse

1612 1859 1799 1928 estqui
1833 1858 1993 1912 laesus
2018 1866 2119 1911 est.
2144 1856 2225 1911 0b
2254 1856 2413 1926 idque
2443 1873 2548 1912 non
2597 1859 2855 1916 adversus
2905 1878 3050 1931 cum,
3093 1865 3188 1920 sed

1614 1964 1710 2018 pro
1731 1963 1797 2004 eo
1833 1948 2008 2018 potius
2036 1947 2297 2002 orandum
2326 1956 2429 2015 est,
2458 1958 2514 2003 ut
2546 1950 2685 2005 Dens
2711 1952 2999 2022 propitium
3026 1970 3086 2010 se
3116 1955 3191 2011 illi

1611 2040 1866 2111 praebeat.
2833 2085 2838 2089 .
3016 2086 3021 2089 .

1681 2134 1736 2191 5.
1777 2132 1911 2187 Vide
1936 2140 2068 2204 quot
2094 2132 2486 2187 calamitatibus
2509 2134 2683 2189 allecti
2724 2135 2830 2191 sint
2873 2146 2981 2192 tres
3018 2142 3192 2209 pueri,

1611 2239 1732 2281 cum
1763 2234 1939 2280 tamen
1962 2223 2091 2278 nihil
2124 2224 2248 2277 mali
2271 2222 2613 2279 admisissent
2645 2243 2657 2278 :
2693 2227 2858 2295 patria
2877 2237 2930 2282 et
2951 2228 3197 2287 libertate

1612 2319 1940 2386 exciderant,
1983 2319 2178 2388 captivi
2204 2318 2421 2373 abducti
2450 2334 2513 2373 ac
2545 2321 2685 2375 servi
2718 2320 2914 2390 effecti,
2956 2332 3115 2393 atque
3139 2324 3194 2380 in

1610 2415 1838 2469 alienam
1891 2428 1954 2469 ac
2000 2413 2281 2469 barbaram
2326 2413 2597 2485 regidnem
2643 2416 2896 2473 abstracti
2949 2419 3183 2489 fuerant,

1614 2505 1916 2575 frustraque
1934 2520 1997 2560 ac
2019 2515 2221 2561 temere
2249 2516 2464 2575 propter
2493 2506 2813 2562 insomnium
2843 2510 3193 2568 obtruncandi

1612 2606 1784 2653 erant.
1819 2595 1955 2662 Quid
1987 2596 2145 2666 igitur
2172 2612 2291 2650 cum
2316 2596 2534 2652 Daniele
2561 2597 3194 2672 ingressi,qnid,inquam

1613 2689 1882 2744 orarum?
1932 2688 2061 2758 quid
2090 2688 2384 2746 dixerunt?
2409 2688 2642 2745 Contere
2681 2690 3194 2761 Nabuchodonosor,

1592 2783 1782 2852 .ipsius
1811 2783 2055 2838 diadema
2084 2782 2288 2851 abripe,
2321 2797 2352 2837 e
2403 2783 2553 2853 regio
2595 2783 2732 2839 solio
2772 2799 2892 2840 eum
2924 2786 3144 2841 deturba
3172 2788 3197 2839 ?

1614 2875 1756 2930 Nihil
1798 2874 2094 2944 ejusmodi;
2123 2889 2309 2929 verum
2342 2875 2435 2929 Dei
2467 2876 2891 2931 misericordiam
2942 2878 3197 2947 implora-

1616 2969 1763 3024 bant.
1795 2968 1862 3022 Et
1884 2982 2005 3022 cum
2033 2966 2087 3021 in
2117 2966 2333 3022 fornace
2357 2976 2557 3033 essent,
2585 2966 2777 3024 eodem
2802 2968 2962 3024 modo
2986 2984 3045 3024 se
3071 2984 3199 3040 ges-

1614 3068 1822 3115 serunt.
1865 3060 1934 3113 At
1971 3072 2069 3112 vos
2120 3073 2232 3113 non
2276 3058 2536 3127 perinde;
2587 3058 2683 3135 sed
2735 3059 2892 3129 longe
2937 3075 3095 3129 quam
3126 3061 3200 3116 illi

1618 3153 1826 3208 minora
1856 3151 2019 3222 passi,
2051 3165 2115 3206 ac
2154 3151 2472 3223 plerumque
2501 3152 2694 3207 merito
2717 3191 2734 3217 ,
2780 3162 3032 3208 sexcenta
3062 3154 3201 3207 mala

1618 3242 1902 3313 imprecari
1931 3257 2037 3296 non
2068 3240 2313 3296 desinitis
2345 3258 2358 3295 :
2393 3251 2553 3313 atque
2595 3243 2730 3296 alius
2768 3242 2983 3313 quidem
3013 3244 3090 3299 sic
3121 3244 3203 3297 lo-

1599 3333 1820 3417 quitur,
1863 3332 2155 3388 Prosternc
2200 3332 2498 3397 inimicum,
2544 3341 2603 3387 ut
2647 3332 2939 3389 Pharaonis
2988 3349 3203 3389 currum

1620 3424 1961 3490 demersisti;
1990 3424 2145 3487 alius,
2177 3422 2404 3479 Carnem
2451 3424 2593 3479 illius
2646 3424 2783 3489 feri;
2812 3425 2948 3481 alius
2995 3441 3203 3493 rursus,

1621 3516 1806 3572 Redde
1830 3517 1910 3572 illi
1955 3517 2010 3571 in
2061 3516 2222 3593 filios.
2255 3518 2451 3572 Annon
2497 3516 2992 3588 bujusmoditerba
3036 3533 3206 3589 agno-

1623 3612 1773 3669 scitis
1799 3611 1824 3665 ?

1699 3703 2001 3759 Auditorum
2042 3700 2387 3774 Chrysostomi
2412 3702 2564 3758 risus.
2593 3733 2666 3746 ——
2693 3702 2847 3759 Unde
2874 3702 3033 3773 igitur
3056 3703 3209 3759 vobis

1596 3798 1713 3858 -hic
1742 3796 1919 3853 risus?
1943 3796 2106 3852 Vides
2132 3811 2293 3866 quam
2335 3795 2562 3851 ridicula
2610 3794 2727 3850 bazc
2752 3796 2898 3860 sinit,
2925 3811 3046 3850 cum
3074 3797 3208 3852 citra

1627 3890 1790 3945 animi
1830 3888 2288 3959 perturbationem
2333 3886 2624 3941 dicuntur?
2672 3887 2740 3942 Et
2776 3903 2904 3941 sane
2933 3899 3208 3957 peccatum

1629 3998 1790 4038 omne
1818 3991 1927 4036 tum
1956 3981 2190 4051 denique
2232 3996 2390 4051 quam
2441 3980 2641 4035 fmdum
2683 3981 2753 4035 sit
2802 3990 2967 4050 patet,
2995 3997 3115 4035 cum
3143 3982 3212 4036 ab

1628 4092 1717 4143 eo,
1747 4076 1837 4146 qui
1877 4075 1932 4130 id
1970 4075 2225 4138 admittit,
2248 4074 2502 4129 affectum
2547 4074 2874 4130 detraxeris.
2923 4076 2979 4129 Si
3024 4076 3075 4130 ci
3120 4076 3211 4146 qui

1631 4169 1797 4223 iratus
1826 4162 1958 4230 fuit,
1984 4166 2038 4219 in
2084 4165 2403 4219 memoriam
2447 4180 2508 4220 ea
2540 4165 2703 4219 verba
2732 4166 2942 4235 redigas
2963 4208 2977 4232 ,
3011 4181 3129 4234 qum
3155 4165 3211 4221 in

1631 4258 1903 4317 iracundia
1936 4258 2178 4329 protulit,
2214 4258 2495 4321 erubescet
2520 4267 2573 4313 et
2598 4260 2831 4328 seipsum
2860 4258 3120 4321 irridebit,
3148 4274 3213 4313 ac

1632 4351 1779 4406 mille
1809 4349 1945 4405 mala
1980 4348 2208 4418 perpeti,
2231 4364 2389 4419 quam
2412 4348 2571 4402 verba
2595 4348 2685 4402 illa
2716 4348 3000 4417 protulisse
3027 4348 3213 4404 malet.

1632 4443 1688 4500 Si
1720 4440 2047 4512 impudicum
2091 4440 2359 4494 hominem
2393 4448 2515 4509 post
2560 4439 2758 4494 coitum
2808 4438 2874 4493 ad
2926 4438 3211 4495 mulierem

1633 4550 1775 4601 eam,
1807 4534 1891 4589 cui
1922 4542 2164 4603 stuprum
2187 4532 2401 4598 obtulit,
2433 4531 2749 4595 adduxeris,
2779 4530 2868 4586 hic
2893 4544 3103 4601 quoque
3150 4538 3212 4586 ut

1635 4625 2017 4683 exsecrandum
2064 4625 2232 4695 ipsam
2270 4624 2657 4679 adversabitur.
2704 4622 2903 4679 Eodem
2932 4623 3091 4678 modo
3119 4637 3218 4677 vos

1635 4718 1725 4788 qni
1753 4716 1820 4772 ab
1850 4717 1953 4771 hoc
1993 4716 2183 4770 affectu
2217 4715 2371 4770 liberi
2416 4715 2568 4780 estis,
2610 4713 2918 4785 hujusmodi
2946 4714 3109 4769 verba
3138 4714 3214 4768 ri-

1636 4810 1775 4866 detis
1806 4828 1820 4865 :
1855 4808 2074 4865 ridicula
2124 4808 2266 4863 enim
2322 4816 2481 4872 sunt,
2536 4822 2599 4863 ac
2663 4806 2968 4862 temulentis
3016 4806 3214 4862 vetulis

1636 4902 1819 4974 digna,
1860 4901 2215 4970 muliebrique
2265 4900 2561 4953 simultate.
2600 4898 2737 4965 Quin
2781 4898 2941 4953 etiam
2978 4896 3212 4969 Joseph,

1636 4994 1763 5049 licet
1788 4992 2037 5047 venditus
2058 5007 2120 5045 ac
2163 5005 2350 5046 servus
2376 4990 2632 5057 effectus,
2677 5000 2837 5059 atque
2865 4989 2917 5043 in
2944 5003 3213 5044 carcerem

1639 5083 1937 5154 conjeetns,
1988 5098 2057 5138 ne
2104 5082 2182 5137 sic
2221 5090 2398 5136 tamen
2443 5078 2695 5135 acerbum
2733 5080 2989 5134 adversus
3027 5093 3141 5142 eos,
3190 5094 3220 5133 a

1638 5176 1832 5248 quibus
1883 5175 2044 5229 laesus
2091 5173 2287 5239 fuerat,
2314 5173 2534 5228 verbum
2584 5172 2801 5240 emisit;
2829 5172 2925 5227 sed
2951 5170 3078 5241 quid
3106 5168 3224 5225 ait?

1640 5269 1844 5324 Furtim
1871 5267 2098 5322 sublatus
2125 5282 2239 5322 sum
2282 5265 2346 5319 de
2386 5274 2522 5319 terra
2548 5262 2897 5329 Hebraeorum
2922 5264 2941 5329 (
2966 5261 3093 5317 Gen.
3127 5262 3221 5317 ιο.

1641 5361 1731 5428 l5)
1757 5377 1774 5427 ;
1800 5373 1899 5415 nec
1925 5357 2109 5425 addit,
2154 5372 2186 5412 a
2227 5371 2336 5426 quo
2367 5375 2383 5414 :
2411 5355 2571 5426 pudet
2595 5357 2737 5412 enim
2787 5370 2909 5411 eum
2951 5354 3216 5409 malorum

1639 5452 1887 5519 fratrum,
1918 5450 2088 5522 magis
2108 5463 2265 5521 quam
2289 5463 2383 5504 eos
2408 5448 2575 5520 ipsos,
2606 5449 2695 5519 qui
2725 5448 2842 5505 haec
2874 5455 3218 5517 perpetrave—

1642 5552 1782 5601 rant.
1810 5544 1883 5599 lta
1913 5557 2011 5599 nos
2040 5557 2253 5614 quoque
2292 5541 2433 5597 affici
2485 5542 2755 5604 convenit,
2785 5549 2844 5594 ut
2874 5553 2972 5609 pro
3015 5538 3101 5600 iis,
3127 5535 3219 5611 qni

1643 5634 1796 5694 nobis
1822 5635 2065 5708 injuriam
2087 5633 2341 5704 inferunt,
2370 5633 2738 5691 vehementius
2759 5645 3036 5702 nngmnur,
3061 5642 3223 5700 quam

3091 190 3281 246 [δι’
