3780 6316
445 247 550 302 435

443 358 520 412 illi
553 356 653 429 ipsi
689 353 1116 411 :detrimeulum
1157 349 1305 406 enim
1354 348 1422 402 ad
1467 346 1589 401 illos
1635 341 1845 399 transit.
1878 337 2029 394 Sicut

442 448 585 502 enim
612 447 703 518 qui
727 446 907 502 clavos
933 443 1171 502 calcibus
1197 443 1480 513 impetunt,
1496 438 1769 505 altumque
1792 432 2029 502 sapiunt,

445 538 751 609 hujusmodi
781 537 981 592 furoris
1019 551 1149 606 ergo
1176 530 1649 589 commiseratione
1688 542 1752 581 ae
1780 521 2033 595 lacrymis

444 630 590 699 digni
621 637 745 684 sunt
771 647 786 685 :
817 628 1012 684 eodem
1060 625 1222 681 modo
1245 624 1335 695 qui
1378 636 1473 678 eos
1517 619 1738 683 ltedunt,
1766 630 1796 670 a
1835 614 2031 685 quibus

446 723 581 777 nihil
610 721 823 791 injuriae
848 726 1213 790 acceperunt,
1247 715 1430 771 multis
1453 711 1703 768 lamentis
1729 722 1794 763 ac
1819 705 2033 761 ﬂetibus

448 814 645 883 potius,
678 828 839 883 quam
860 808 1326 867 exsecrationibus
1346 806 1490 875 digni
1517 811 1664 867 sunt,
1694 810 1753 855 ut
1777 799 1869 869 qui
1910 811 2036 853 suas

449 902 667 973 ipsimet
711 902 918 957 animas
962 901 1177 956 feriant.
1228 897 1371 953 Nihil
1416 895 1559 950 enim
1603 890 1914 973 sceleratius
1955 895 2039 942 est

447 993 625 1047 anima
656 993 853 1047 malum
883 992 1234 1062 imprecante,
1276 1001 1376 1044 nec
1406 971 1662 1055 impurius
1690 981 1868 1051 lingua
1887 1020 1904 1045 ,
1933 977 2037 1033 hu-

442 1083 683 1153 jusmodi
709 1081 971 1138 sacriﬁcia
997 1081 1279 1136 offerente.
1326 1078 1497 1133 llomo
1537 1089 1636 1140 es;
1678 1088 1747 1129 ne
1792 1069 2037 1140 aspidum

449 1173 597 1228 virus
622 1187 841 1228 evomas
874 1189 888 1225 :
921 1171 1083 1227 homo
1111 1185 1210 1236 es;
1242 1183 1311 1224 ne
1334 1166 1509 1222 bellua
1543 1165 1659 1218 tias.
1704 1160 1832 1217 ldeo
1859 1174 1923 1215 os
1946 1159 2038 1215 tibi

446 1263 632 1318 datum
662 1271 766 1329 est,
795 1276 905 1317 non
934 1270 993 1315 ut
1023 1259 1305 1325 mordeas,
1334 1257 1427 1313 sed
1456 1264 1514 1309 ut
1541 1255 1767 1309 aliorum
1792 1251 2037 1307 vulneri-

447 1356 549 1410 bus
578 1354 863 1410 medearis.
895 1353 1198 1409 Recordare
1242 1350 1371 1423 quid
1412 1349 1506 1403 tibi
1554 1345 1927 1417 prmeeperim,
1961 1343 2041 1398 in-

448 1450 565 1519 quit
599 1449 761 1512 Deus,
794 1447 1068 1503 remittere
1113 1459 1306 1513 nempe
1343 1457 1407 1497 ac
1446 1440 1773 1496 condonare.
1805 1436 1886 1492 Tu
1913 1450 2042 1491 vero

450 1555 538 1596 me
567 1540 843 1604 obsecras,
873 1550 930 1593 ut
953 1538 1159 1593 socium
1207 1551 1295 1591 me
1339 1533 1433 1589 tibi
1466 1532 1533 1587 ad
1577 1528 1866 1587 evertenda
1897 1543 2042 1599 pra:-

450 1644 609 1704 cepta
655 1649 772 1688 mea
821 1632 1131 1702 adjungam,
1160 1644 1224 1684 ac
1252 1626 1472 1682 fratrem
1499 1622 1742 1680 corrodis
1763 1663 1777 1688 ,
1807 1622 2042 1691 linguam

450 1737 729 1789 cruentas,
791 1739 898 1778 non
950 1737 1107 1777 secus
1154 1734 1219 1775 ac
1270 1716 1455 1772 furiosi
1514 1714 1745 1785 propriis
1791 1713 2043 1768 carnibus

452 1816 642 1871 dentes
693 1829 888 1871 cruore
930 1810 1279 1883 perfundunt.
1325 1797 1552 1874 Quanta
1579 1803 1853 1859 diabolum
1880 1802 2038 1858 volu-

1117 238 1178 295 s.
1215 232 1494 294 JOANNlS
1528 212 2003 301 cuuisosrout
2044 218 2359 285 ARClllEP.
2396 220 2929 279 consumma.
3600 226 3679 279 tas

2140 341 2285 402 ptate
2332 334 2491 396 allici,
2532 344 2734 405 quanto
2773 333 2885 390 risu
2932 334 3234 403 existimas,
3284 348 3400 390 cum
3448 336 3675 406 ejustuodi

2137 440 2326 495 preces
2355 426 2542 481 audit?
2598 444 2758 498 quam
2810 429 2978 483 Deum
3035 429 3218 495 irasci,
3275 437 3429 499 teque
3475 436 3674 486 aversari

2139 524 2299 585 atque
2326 516 2524 582 odisse,
2554 531 2677 571 cum
2711 519 2834 571 talia
2864 519 3060 589 rogas?
3090 534 3196 588 quo
3218 519 3341 589 quid
3361 522 3559 589 gravius
3586 534 3680 577 esse

2137 607 2338 677 queat?
2368 606 2501 662 Nam
2528 608 2573 662 si
2603 608 2750 664 nefas
2771 618 2856 665 est
2901 624 3022 665 eum
3064 609 3130 664 ad
3158 611 3408 681 mysteria
3432 611 3671 675 accedere,

2141 696 2230 764 qui
2276 697 2523 753 inimicos
2552 698 2748 765 habet;
2780 714 2961 754 anuon
3012 699 3080 765 is,
3113 699 3203 769 qui
3246 717 3349 754 non
3395 709 3584 753 tantum
3611 701 3683 754 ho-

2140 794 2277 840 stem
2305 785 2485 849 habet,
2516 787 2612 843 sed
2648 789 2810 843 etiam
2835 790 2886 844 ei
2909 790 3252 858 imprecatur,
3283 790 3350 844 ab
3376 792 3485 859 ipso
3511 805 3684 859 quoque

2144 876 2325 947 templi
2353 877 2555 932 ambitu
2586 879 2857 935 arcendus
2885 880 3001 934 est?
3029 879 3157 935 lla-c
3202 880 3361 949 igitur
3401 883 3684 951 cogitantes,

2142 974 2303 1036 atque
2334 966 2492 1037 hujus
2540 968 2793 1025 sacrificii
2845 984 3063 1025 causam
3113 982 3497 1040 agnoscentes,
3530 987 3687 1041 nempe

2143 1057 2286 1128 quod
2319 1074 2416 1127 pro
2446 1059 2694 1116 hostibus
2723 1070 2988 1117 mactatus
3018 1062 3264 1118 Christus
3305 1063 3396 1128 sit,
3441 1064 3490 1118 id
3535 1065 3687 1120 demus

2144 1163 2385 1218 operam,
2430 1160 2488 1205 ut
2536 1167 2603 1207 ue
2633 1151 2906 1208 inimicum
2950 1153 3167 1224 quidem
3212 1155 3528 1221 habeamus;
3569 1172 3623 1211 sc
3655 1157 3689 1211 si

2148 1238 2464 1308 habeamus,
2497 1257 2597 1311 pro
2641 1244 2734 1298 lllo
2775 1260 3060 1313 precemur
3092 1263 3105 1298 :
3140 1254 3198 1300 ut
3238 1262 3337 1301 nos
3362 1262 3563 1317 quoque
3597 1264 3690 1317 pec-

2145 1341 2390 1388 catorum
2421 1343 2731 1391 nostrorum
2760 1336 2973 1393 veniam
3001 1340 3341 1409 consequuti,
3388 1355 3507 1395 cum
3537 1340 3690 1395 ﬁducia

2153 1422 2404 1478 tribunali
2452 1423 2648 1481 Christi
2703 1426 3014 1491 adstemus;
3060 1428 3144 1482 cui
3196 1428 3385 1498 gloria,
3430 1430 3687 1497 imperiunm,

2151 1513 2365 1581 honor,
2412 1532 2556 1574 nunc
2597 1526 2653 1574 et
2696 1532 2931 1589 semper,
2975 1527 3031 1574 et
3069 1519 3121 1574 iu
3160 1520 3358 1576 smcula
3389 1521 3691 1579 seculorum.
3760 1504 3761 1515 ἶ

2150 1606 2348 1663 Amen.

461 1926 3323 1951 Μ

1879 2006 2213 2070 HOMILIA
2259 2012 2366 2074 Vl.

452 2164 579 2219 CAP.
608 2146 751 2219 δέν.
783 2161 835 2216 1.
866 2158 1151 2227 Incipimus
1190 2156 1377 2209 iterum
1416 2152 1747 2222 nosmetipsos
1775 2165 2036 2205 commen-

523 2254 690 2308 dare?
728 2262 817 2307 aut
845 2250 1088 2320 numquid
1114 2263 1335 2320 egemus,
1373 2245 1502 2300 sicut
1526 2244 1756 2314 quidam,
1783 2257 2042 2295 commen-

525 2327 717 2400 datitiis
743 2343 969 2414 epistolis
994 2343 1062 2398 ad
1088 2358 1194 2408 vos,
1228 2348 1315 2393 aut
1338 2355 1400 2393 ex
1419 2335 1599 2392 vobis?

531 2438 585 2491 1.
614 2435 767 2503 Quod
800 2434 1035 2490 futurum
1063 2441 1199 2496 erat,
1229 2439 1286 2484 ut
1318 2429 1419 2499 ipsi
1448 2428 1517 2482 ab
1547 2426 1666 2481 aliis
1695 2424 2043 2495 objiceretur,

458 2544 651 2599 nempe
671 2528 810 2598 quod
837 2527 1071 2597 seipsmn
1102 2523 1369 2578 attolleret
1396 2564 1407 2588 ,
1441 2520 1541 2574 hoc
1568 2517 1683 2588 ipse
1710 2525 2049 2571 antevertens

460 2620 639 2691 posuit
664 2635 678 2674 :
707 2619 953 2690 quamvis
980 2616 1138 2672 etiam
1168 2622 1312 2669 tanta
1342 2610 1747 2683 prmmonitione
1772 2616 1896 2662 ante
1922 2619 2050 2661 usus

461 2712 672 2777 fuisset,
704 2726 768 2765 ac
793 2710 1015 2765 dixisset
1041 2724 1056 2761 :
1090 2707 1156 2761 Et
1182 2706 1251 2761 ad
1280 2705 1387 2759 Itwc
1425 2704 1536 2772 quis
1565 2703 1777 2757 idoneus
1815 2700 1934 2755 est?
1972 2708 2047 2764 et,

464 2804 547 2859 Ea:
572 2803 857 2859 sinceritate
884 2801 1170 2868 loquimur;
1204 2797 1300 2853 sed
1330 2806 1507 2851 tamen
1541 2793 1655 2849 hinc
1694 2792 1794 2864 ipsi
1832 2790 2051 2846 minime

463 2894 757 2950 sufliciunt.
790 2893 863 2947 Ea
892 2891 1034 2947 enim
1065 2889 1231 2959 ipsius
1261 2884 1598 2943 consuetudo
1634 2894 1718 2941 est
1748 2902 1761 2939 :
1791 2892 1850 2939 ut
1895 2882 2053 2954 longe

464 2988 623 3052 absit,
653 2995 711 3041 ut
735 2984 912 3056 magni
937 2982 1213 3055 quidpiam
1253 2979 1322 3036 de
1351 2994 1410 3034 se
1440 2978 1623 3034 dicere
1658 2977 1926 3039 videatur,
1949 2989 2050 3030 ve-

468 3078 856 3146 hementerque
899 3082 1061 3145 atque
1114 3070 1485 3127 incredibilem
1514 3069 1803 3140 quemdam
1849 3068 1902 3122 in
1933 3082 2052 3121 mo-

468 3171 594 3223 dum
644 3166 786 3224 istud
820 3166 973 3237 fugit.
1019 3163 1101 3220 Tu
1149 3178 1279 3218 vero
1309 3161 1433 3216 hinc
1474 3175 1685 3231 quoque
1730 3158 2053 3229 singularem

466 3258 635 3331 ipsius
672 3258 989 3327 sapientiam
1017 3251 1404 3309 animadverte.
1437 3250 1568 3305 Rem
1613 3251 1780 3314 enim,
1810 3264 1931 3319 qua:
1962 3246 2058 3301 tri-

388 3368 399 3383 κ
467 3354 627 3409 stiti-.1:
657 3352 889 3422 speciem
916 3349 1098 3415 habet,
1128 3342 1230 3403 hoc
1250 3355 1333 3403 est
1358 3346 1698 3407 afflictiones,
1726 3356 1893 3412 usque
1918 3339 2056 3395 adeo

470 3442 679 3507 extulit,
706 3457 771 3497 ac
796 3440 1123 3495 luculentam
1145 3449 1197 3493 et
1219 3437 1481 3491 illustrem
1509 3448 1622 3489 rem
1652 3447 1771 3487 esse
1796 3429 2055 3497 ostendit,

474 3547 533 3591 ut
572 3552 637 3591 ex
670 3535 770 3599 his,
800 3548 923 3603 qua:
964 3531 1195 3595 dixerat,
1243 3527 1360 3582 lucc
1391 3527 1440 3581 ei
1484 3525 1716 3596 objectio
1752 3520 2056 3577 emerserit.

474 3626 629 3696 Quod
675 3625 835 3680 etiam
881 3624 935 3678 in
976 3621 1220 3692 epistolae
1262 3620 1368 3673 line
1400 3617 1544 3672 facit.
1590 3616 1874 3687 Postquam
1914 3612 2058 3668 enim

476 3722 753 3775 innumera
804 3714 1063 3786 pericula,
1107 3712 1482 3775 contumelias,
1528 3710 1848 3771 auxietates,
1893 3720 2063 3776 angu-

477 3812 628 3875 stias,
656 3825 721 3864 ac
753 3818 948 3864 caetera
978 3804 1243 3876 ejusmodi
1273 3803 1563 3867 recensuit,
1594 3800 1710 3856 lucc
1741 3799 1904 3854 verba
1936 3812 2063 3852 mox

475 3902 754 3974 subiunxit
784 3918 798 3954 :
829 3899 950 3957 Non
980 3900 1211 3969 nosipsos
1240 3897 1673 3959 commendamus,
1705 3893 1794 3948 sed
1837 3891 2065 3947 occasio-

479 4011 596 4049 nem
642 3992 780 4049 vobis
815 3992 996 4046 damus
1045 3990 1302 4063 gloriandi
1345 3989 1421 4061 (2.
1468 3987 1587 4043 Cor.
1631 3988 1685 4042 ’5.
1737 3986 1849 4057 12).
1888 3985 2064 4053 Atque

480 4085 622 4144 istud
665 4101 879 4158 quoque
927 4098 1113 4140 rursus
1158 4083 1267 4139 illic
1314 4084 1685 4145 vehementer,
1732 4087 1895 4148 atque
1936 4090 2062 4132 cum

481 4180 671 4252 majori
697 4178 1063 4234 consolatione
1089 4177 1257 4248 ponit.
1289 4175 1497 4230 Etenim
1526 4174 1613 4228 hic
1638 4171 1877 4227 caritatis
1904 4166 2066 4223 verba

480 4282 607 4329 sunt
636 4290 650 4329 :
679 4272 777 4327 Aut
806 4268 1051 4340 numquid
1076 4284 1298 4339 egemus,
1327 4267 1457 4320 sicut
1486 4265 1711 4335 quidam,
1745 4259 2067 4316 commenda-

482 4366 605 4419 titiis
631 4362 893 4435 epistolis?
924 4362 1033 4416 illic
1058 4370 1235 4415 autem
1265 4358 1572 4414 necessario
1609 4370 1739 4411 sane
1777 4369 1840 4409 ac
1867 4352 2069 4407 utiliter

483 4470 647 4510 sensu
691 4464 747 4510 et
791 4453 972 4507 animo
1000 4452 1156 4522 plena
1198 4458 1324 4506 sunt
1361 4464 1482 4520 qua:
1525 4446 1695 4502 dicit:
1729 4445 1848 4499 Non
1895 4444 2063 4508 enim,

486 4547 678 4616 inquit,
706 4561 881 4599 rursus
902 4560 994 4598 nos
1019 4543 1450 4608 commendamus,
1478 4540 1566 4595 sed
1591 4538 1904 4594 occasionem
1928 4536 2068 4590 vobis

483 4641 667 4693 damus
696 4638 991 4710 gloriandi;
1027 4653 1089 4691 ac
1129 4651 1336 4699 rursus,
1372 4634 1569 4688 Putatis
1606 4633 1741 4703 quod
1770 4631 1905 4685 vobis
1948 4646 2070 4685 nos-

485 4733 623 4799 ipsos
667 4729 997 4784 excusemus?
1042 4727 1226 4783 Coram
1277 4724 1386 4779 Deo
1433 4725 1486 4778 in
1535 4722 1736 4778 Christo
1790 4723 2066 4793 loquimur.

486 4821 664 4879 Timeo
688 4833 855 4877 autem
884 4838 947 4875 ne
975 4824 1124 4893 forte,
1159 4835 1271 4874 cum
1294 4833 1498 4883 venero,
1521 4833 1621 4871 non
1650 4817 1821 4886 quales
1846 4814 1957 4869 volo
1986 4814 2070 4867 in-

488 4918 690 4971 veniam
718 4932 822 4977 vos,
864 4924 912 4968 et
952 4930 1043 4984 ego
1068 4912 1298 4967 inveniar
1322 4928 1355 4965 a
1394 4909 1533 4964 vobis
1563 4909 1760 4981 qualem
1790 4924 1892 4961 non
1921 4907 2072 4962 vultis

489 5008 571 5077 (2.
603 5006 721 5062 Cor.
756 5006 843 5062 η.
878 5006 966 5061 19.
999 5004 1116 5076 20).
1158 5002 1437 5073 Siquidem
1470 5017 1538 5057 ne
1577 4998 1903 5055 adulationis
1950 4997 2071 5068 epi-

494 5101 712 5155 nionem
744 5100 951 5162 subeat,
980 5109 1039 5153 ut
1064 5101 1153 5170 qui
1179 5098 1438 5153 honorem
1468 5096 1535 5150 ab
1568 5096 1697 5165 ipsis
1733 5095 1955 5161 ambiat,
1990 5092 2099 5148 liis'

493 5191 671 5245 verbis
696 5189 863 5244 utitur
889 5206 904 5244 :
933 5187 1105 5243 Timeo
1135 5205 1198 5243 ne
1223 5188 1374 5259 forte,
1402 5202 1518 5241 cum
1550 5202 1750 5250 venero,
1780 5202 1878 5239 non
1904 5183 2076 5254 quales

493 5286 609 5335 volo
636 5280 885 5335 inveniam
925 5295 1032 5347 vos,
1063 5290 1109 5335 et
1133 5296 1223 5351 ego
1259 5279 1486 5334 inveniar
1523 5294 1555 5331 a
1586 5278 1725 5332 vobis
1753 5277 1950 5347 qualem
1976 5290 2079 5329 non

493 5371 664 5425 sultis.
699 5369 898 5427 Verum
926 5370 1042 5425 hare
1067 5369 1280 5441 quidem
1307 5385 1413 5425 non
1440 5369 1560 5425 sine
1589 5368 1758 5422 multa
1788 5365 2079 5436 reprehen-

494 5465 682 5531 sione;
710 5464 861 5519 initio
889 5472 1066 5520 autem
1097 5477 1202 5518 non
1234 5462 1325 5527 ita,
1356 5462 1448 5518 sed
1477 5461 1673 5516 mitiori
1700 5472 1947 5514 sermone
1974 5457 2080 5512 uti-

498 5567 603 5613 tur.
628 5556 895 5627 Quidnam
927 5565 1105 5611 autem
1136 5554 1220 5611 his
1246 5554 1424 5608 verbis
1462 5553 1564 5609 sibi
1593 5551 1751 5607 vult?
1789 5551 1863 5606 De
1901 5557 2079 5605 tenta-

500 5651 738 5709 tionibus
774 5663 837 5706 sc
865 5647 1116 5721 periculis
1142 5646 1393 5718 loquutus
1422 5652 1524 5715 est,
1552 5644 1800 5715 quodque
1827 5640 2021 5712 ubique
2048 5655 2081 5695 a

2151 2147 2263 2203 Deo
2293 2149 2650 2219 triumphatur
2682 2151 2735 2207 in
2774 2152 3011 2222 Christo,
3054 2164 3215 2226 atque
3258 2156 3409 2213 orbis
3456 2156 3691 2211 universus
3760 2120 3761 2137 Χ

2152 2238 2250 2295 hos
2281 2242 2580 2311 triumphos
2604 2244 2771 2299 novit.
2804 2244 3066 2312 Quoniam
3099 2247 3259 2317 igitur
3287 2248 3560 2318 magnifica
3582 2264 3695 2317 qua:-

2152 2332 2274 2387 dam
2302 2332 2369 2388 de
2399 2350 2458 2389 se
2491 2337 2840 2408 prOIOquutus
2860 2348 2997 2406 erat,
3024 2338 3225 2396 idcirco
3248 2340 3594 2411 objectionem
3622 2340 3695 2393 sibi

2158 2422 2384 2493 ipsemet
2434 2428 2633 2495 struit,
2684 2428 2869 2485 dicens
2898 2446 2912 2484 :
2940 2430 3223 2501 Incipimus
3273 2434 3459 2485 iterum
3510 2434 3696 2501 nosipsos

2155 2517 2543 2570 commendare?
2571 2517 2724 2586 Quod
2755 2529 2934 2575 autem
2975 2521 3070 2587 ait,
3112 2522 3251 2576 hunc
3280 2536 3497 2577 sensum
3533 2523 3695 2576 habet:

2157 2603 2409 2661 Fortasse
2455 2608 2718 2678 quispiam
2768 2608 2869 2665 hoc
2913 2610 3068 2667 nobis
3117 2613 3377 2682 objecerit
3415 2612 3584 2679 :Quid
3624 2611 3697 2665 hoc

2157 2705 2260 2764 est,
2296 2698 2496 2754 Paule?
2535 2701 2648 2757 haec
2674 2701 2742 2758 de
2775 2712 2828 2759 te
2864 2704 3118 2776 loqueris,
3167 2721 3229 2761 ac
3259 2707 3490 2775 teipsum
3538 2704 3698 2761 effers?

2160 2789 2309 2846 llauc
2338 2792 2498 2862 igitur
2523 2793 2883 2864 suspicionem
2909 2796 3145 2861 solvens,
3173 2798 3247 2852 ait
3272 2814 3285 2850 :
3313 2797 3437 2852 Non
3464 2799 3559 2851 hoc
3580 2796 3698 2850 volu-

2160 2897 2301 2949 mus,
2344 2899 2537 2954 nempe
2585 2887 2832 2958 nosipsos
2866 2888 3067 2958 jactare
3111 2898 3271 2959 atque
3313 2889 3699 2944 attollerezimo

2160 2980 2366 3027 tantum
2392 2974 2545 3031 abest
2565 2985 2623 3032 ut
2646 2979 3098 3053 commendatitiis
3127 2980 3192 3034 ad
3222 2997 3317 3036 vos
3346 2982 3579 3053 epistolis
3601 2994 3700 3050 Opus

2161 3061 2478 3131 habeamus,
2524 3076 2581 3121 ut
2628 3083 2722 3124 vos
2764 3068 2864 3140 ipsi
2908 3071 3064 3126 nobis
3104 3072 3350 3142 epistola:
3398 3075 3561 3128 instar
3595 3073 3697 3126 sitis.

2160 3154 2216 3210 2.
2252 3155 2389 3211 Nam
2418 3159 2630 3227 cpistola
2659 3171 2831 3216 nostra
2858 3178 2941 3217 vos
2959 3164 3097 3232 estis,
3130 3165 3319 3235 inquit.
3344 3166 3481 3234 Quid
3505 3175 3598 3231 est,
3631 3163 3701 3217 Vas

2164 3248 2318 3303 estis?
2346 3249 2402 3305 Si
2432 3252 2902 3311 commendatione
2932 3256 3072 3326 apud
3116 3256 3250 3313 alios
3290 3274 3432 3327 opus
3459 3258 3579 3313 mihi
3604 3255 3700 3311 luis-

2163 3350 2266 3404 set,
2300 3357 2395 3397 vos
2420 3343 2659 3413 epistolae
2683 3345 2802 3402 loco
2824 3347 2877 3401 iu
2905 3347 3137 3402 medium
3165 3347 3536 3418 produxissem
3561 3367 3573 3403 :
3596 3345 3702 3417 quod

2165 3440 2220 3488 et
2264 3433 2315 3488 in
2348 3435 2510 3504 priori
2550 3436 2777 3506 epistola
2805 3437 3057 3495 dicebat:
3083 3439 3424 3510 Signaculum
3454 3442 3576 3495 enim
3607 3454 3703 3508 αροο

2164 3526 2380 3582 stolatus
2407 3528 2504 3581 mei
2531 3543 2615 3583 vos
2636 3530 2753 3583 estis
2779 3530 2852 3600 (1.
2878 3530 2995 3585 Cor.
3020 3531 3073 3587 9.
3100 3532 3178 3602 Ξ).
3209 3535 3277 3587 At
3297 3532 3404 3589 hoc
3429 3534 3540 3590 loco
3564 3532 3607 3587 id
3626 3548 3703 3585 non

2167 3616 2240 3672 ita
2266 3619 2536 3690 exprimit,
2579 3620 2675 3675 sed
2702 3635 2798 3691 per
2824 3620 3049 3676 ironiam
3078 3621 3389 3693 quamdam,
3437 3635 3491 3679 ut
3518 3622 3705 3692 majorts

2167 3712 2384 3767 aculeos
2417 3713 2647 3769 orationi
2695 3713 2857 3769 addat
2887 3732 2900 3770 :
2933 3716 3035 3768 Aut
3074 3716 3318 3786 numquid
3360 3733 3556 3789 egemus
3594 3729 3703 3768 com-

2168 3806 2477 3862 meudatitiis
2516 3807 2787 3877 epistolis?
2828 3808 3004 3879 Atque
3033 3809 3477 3879 pseudapostolos
3504 3811 3704 3866 innuens.

2169 3897 2432 3967 subjecit:
2465 3898 2611 3953 Sicut
2637 3899 2846 3970 quidam
2871 3899 2941 3952 ad
2977 3916 3084 3966 vos,
3117 3910 3203 3954 aut
3234 3916 3295 3954 ea:
3318 3900 3459 3955 vobis
3499 3914 3707 3954 commen-

2171 3987 2362 4042 datitiis
2388 3990 2635 4057 epistolis,
2659 3990 2724 4045 ad
2745 3990 2896 4045 alios.
2925 3990 3130 4045 Deinde
3150 3991 3403 4061 quoniam
3428 4004 3579 4061 grave
3600 3996 3705 4049 erat.

2171 4081 2313 4152 quod
2338 4082 2568 4149 dixerat,
2589 4084 2640 4138 id
2659 4084 2884 4155 mitigat,
2908 4084 3024 4138 haec
3049 4084 3213 4140 verba
3235 4083 3560 4155 subjungens
3577 4099 3589 4137 :
3609 4080 3708 4150 Epi-

2172 4176 2305 4228 stola
2328 4183 2503 4228 nostra
2528 4191 2615 4229 vos
2640 4178 2755 4230 estis
2775 4176 2964 4246 scripta
2981 4176 3034 4229 in
3055 4176 3290 4230 cordibus
3310 4177 3515 4242 nostris,
3532 4189 3629 4245 qua
3644 4171 3709 4226 sci-

2175 4276 2258 4320 tur
2273 4277 2318 4320 et
2334 4266 2516 4337 legitur
2535 4266 2596 4320 ab
2620 4268 2848 4321 omnibus
2877 4267 3158 4321 hominibus
3178 4283 3197 4321 :
3217 4268 3269 4324 5.
3289 4267 3588 4338 manifestati
3608 4261 3709 4334 quod

2175 4359 2389 4426 epistola
2417 4359 2535 4415 estis
2564 4357 2770 4414 Christi.
2804 4358 2915 4414 Hoc
2944 4360 3064 4414 loco
3092 4374 3198 4414 non
3219 4358 3394 4414 solum
3425 4353 3708 4423 amoris,sed

2175 4451 2335 4507 etiam
2358 4458 2500 4506 recte
2522 4449 2778 4505 factorum
2801 4451 3165 4505 testimonium
3187 4450 3316 4520 ipsis
3338 4450 3539 4517 tribuit,
3555 4447 3711 4519 quippe

2176 4544 2265 4613 qui
2306 4542 2568 4612 ejusmodi
2607 4543 2743 4606 sint,
2775 4551 2828 4596 ut
2854 4542 3091 4612 magistri
3124 4542 3434 4611 dignitatem
3467 4557 3555 4611 per
3579 4538 3711 4592 virtu-

2179 4643 2285 4687 tem
2331 4648 2481 4687 suam
2507 4632 2879 4687 demonstrare
2907 4641 3126 4702 queant.
3160 4630 3271 4687 lloc
3307 4632 3452 4686 enim
3493 4626 3713 4699 signiﬁcat

2177 4723 2321 4794 quod
2366 4723 2461 4790 ait,
2507 4721 2742 4792 Epistola
2789 4731 2962 4775 nostra
3002 4738 3088 4775 vos
3123 4722 3260 4776 estis.
3308 4721 3365 4776 ιιι
3407 4721 3542 4792 quod
3583 4718 3712 4770 litera

2179 4814 2457 4879 fecissent,
2488 4828 2683 4883 nempe
2711 4820 2769 4867 ut
2798 4826 2898 4867 nos
2925 4812 3385 4877 commendarent,
3415 4826 3476 4866 ac
3504 4820 3712 4865 reveren-

2182 4907 2309 4962 tiam
2354 4906 2508 4962 nobis
2554 4905 2939 4971 conciliarent;
2988 4905 3090 4957 hoc
3146 4904 3244 4973 ipsi
3294 4903 3573 4975 prmstatis,
3617 4899 3711 4952 dum

2182 4998 2427 5053 homines
2479 5012 2574 5053 vos
2622 4997 2802 5050 vident
2853 5005 3013 5066 atque
3066 4994 3308 5049 audiunt.
3366 4991 3710 5062 Discipulorutn

2182 5090 2323 5145 enim
2366 5089 2557 5156 virtus,
2595 5087 2847 5159 magistro
2887 5087 3006 5157 plus
3042 5086 3364 5149 ornamenti,
3412 5096 3563 5155 atque
3600 5095 3713 5137 com-

2183 5179 2539 5235 mendationis
2589 5178 2777 5242 affert,
2823 5192 2983 5248 quam
3029 5176 3133 5230 ulla
3176 5175 3423 5246 epistola.
3457 5175 3640 5243 Scripta
3673 5170 3712 5219 in

2183 5271 2419 5325 cordibus
2444 5271 2648 5325 nostris.
2691 5269 2804 5323 Hoc
2830 5278 2933 5333 est,
2966 5282 3122 5338 quam
3151 5281 3337 5322 omnes
3365 5276 3553 5322 norunt
3577 5282 3589 5316 :
3610 5260 3712 5316 adeo

2185 5364 2437 5417 nimirum
2476 5377 2573 5416 vos
2599 5375 2811 5431 quoquo
2836 5360 3074 5431 gentium
3113 5359 3553 5420 circumferimus,
3587 5364 3711 5423 atque

2186 5458 2366 5511 animo
2409 5468 2706 5510 versamus.
2757 5453 2870 5508 Non
2916 5469 3071 5509 secus
3114 5466 3178 5507 ac
3215 5452 3258 5508 si
3291 5452 3491 5507 diceret
3520 5470 3534 5504 :
3560 5447 3709 5503 Nostra

2187 5547 2325 5618 apud
2354 5547 2485 5602 alios
2506 5545 2903 5601 commendatio
2922 5558 3019 5599 vos
3045 5544 3176 5600 estis
3205 5561 3217 5597 :
3239 5557 3335 5597 vos
3360 5541 3500 5596 enim
3522 5540 3569 5593 in
3587 5533 3711 5590 cordo

2189 5654 2402 5710 semper
2432 5637 2714 5708 habemus,
2760 5651 2822 5693 ac
2848 5644 3022 5693 vestra
3064 5644 3210 5693 recte
3249 5634 3379 5689 facta
3410 5629 3543 5704 apud
3569 5631 3711 5685 omne!
