3712 6212
81 192 149 247 ἰῧὸ
982 199 1052 256 ΙΝ
1086 202 1320 262 EPIST.
1362 208 1407 263 ΙΙ
1439 210 1531 265 AD

982 199 1052 256 IN
1086 202 1195 258 EPI
1214 204 1320 262 ST.
1362 208 1407 263 ΙΙ
1439 210 1531 265 AD
1568 210 1727 269 COR.
1768 206 2005 274 HOMIL.
2058 220 2146 277 Vl.

82 306 194 369 ,ὐτως
215 300 255 357 οἰ
279 301 574 371 ἀδικοῦντες
600 309 729 375 τοὺς
750 310 906 367 οὐδὲν
944 318 1234 385 ποιοῦντας
1262 322 1448 388 αὐτοῖς
1473 343 1571 381 κα-

85 401 147 465 ὸν,
172 398 249 452 ἀτε
267 396 351 461 τάς
372 396 585 454 ἑαυτῶν
610 394 939 475 πλήττοντες
957 408 1156 481 ψυχάς,
1180 413 1394 470 πολλῶν
1419 417 1570 489 ὀδυρ-

81 492 148 545 .ῶν
177 489 402 554 ἄξιοικαὶ
434 490 671 564 θρήνων,
692 496 794 551 οὑκ
815 499 988 569 ἀρῶν.
1024 503 1192 557 Ούδέν
1217 505 1328 576 γάρ
1352 508 1567 579 μιαρώο

81 598 174 653 ερον
192 580 345 652 ψυχῆς
363 583 675 656 ἀρωμένης,
704 588 827 641 οὑδὲ
856 590 1103 665 γλώττης
1129 596 1567 671 ἀκαθαρτότερον

81 672 226 727 ιιαῦτα
240 672 472 747 θυούσης.
502 677 821 763 ᾏνθρωπος
855 679 927 749 εἰ,
965 685 1040 755 μὴ
1065 687 1310 743 ἀσπίδων
1342 690 1420 745 ἰὸν
1444 692 1567 763 ἐμέ-

81 777 152 835 ]ς’
196 762 451 834 ἄνθρωπος
497 761 585 836 εἰ,
618 769 694 841 μὴ
729 770 860 845 γένῃ
907 774 1115 846 θηρίον.
1159 780 1258 834 Διά
1290 780 1451 836 τοῦτό
1481 761 1565 837 σοι

81 854 183 949 πόμα
204 854 421 925 γέγονεν,
450 858 548 930 οὐχ
596 861 681 914 ῖνα
710 862 931 936 δάκνῃς,
972 866 1091 922 ἀλλ’
1126 870 1215 924 ῖνα
1254 872 1566 949 θεραπεύεις

81 946 283 1017 τέτέρων
303 949 600 1021 τραύματα.
636 953 1040 1028 Ἀναμνήσθητι
1064 960 1118 1013 τί
1146 976 1229 1015 σοι
1253 946 1561 1035 παρῄνεσα,

81 1039 214 1109 ισίνό
249 1039 366 1101 Θεός
385 1057 398 1071 ·
436 1047 743 1115 συγχωρεῖν
775 1048 870 1100 καὶ
901 1048 1144 1118 ἀφιέναι.
1168 1052 1242 1106 Σὺ
1263 1052 1320 1106 δὲ
1339 1056 1435 1108 καὶ
1459 1056 1562 1124 ἐμὲ

81 1130 321 1200 ιρακαλεῖς
364 1135 620 1189 κοινωνὸν
670 1135 926 1207 γενέσθαι
958 1143 1058 1209 τῆς
1093 1145 1414 1216 ἀνατροπῆς
1451 1147 1561 1200 τῶν

83 1222 150 1275 ῶν
180 1224 614 1295 προσταγμάτων,
651 1228 745 1283 καὶ
786 1229 990 1297 ἐσθίεις
1020 1233 1114 1287 τὸν
1156 1235 1417 1306 ἀδελφὸν,
1467 1238 1560 1291 καὶ

82 1316 275 1379 ινίττεις
300 1316 392 1387 τὴν
424 1318 692 1388 γλῶτταν,
721 1321 976 1395 καθάπερ
1012 1326 1061 1379 οἰ
1100 1327 1418 1398 μαινόμενοι
1447 1329 1558 1384 ἀπὸ

82 1435 107 1471 ν
134 1416 333 1472 οἰκείων
360 1420 541 1490 μελῶν
568 1423 694 1487 τοὺς
748 1422 987 1488 ὀδόντας.
1033 1425 1158 1491 Πῶς
1188 1427 1289 1482 οἴει
1322 1428 1413 1483 τὸν
1437 1428 1558 1484 διά-

3145 228 3255 284 436

1673 332 1830 387 ϐολον
1857 335 2081 405 ἥδεσθαι
2109 336 2204 389 καὶ
2236 338 2423 411 γελᾷν,
2452 341 2582 396 ὅταν
2608 342 2865 414 τοιαύτης
2906 342 3068 415 εὑχῆς
3091 344 3258 399 ἀκού-

1673 440 1778 496 σῃς
1813 426 1932 490 πῶς
1963 428 2057 481 τὸν
2082 428 2215 482 Θεὸν
2250 432 2650 502 παροξύνεσθαι
2681 435 2777 488 καὶ
2814 435 3256 507 ἀποστρέφεσθαι

1670 516 1767 569 καί
1789 519 1991 587 μισεῖν,
2015 519 2144 572 ὅταν
2173 521 2400 576 τοιαῦτα
2428 524 2751 595 παρακαλῇς
2774 540 2789 589 ;
2810 520 2870 579 οὗ
2892 524 2945 577 τί
2954 524 3164 594 ’γένοιτ’
3187 523 3255 579 ἂν

1670 603 2085 676 χαλεπώτερον;
2119 608 2184 661 Εἰ
2220 608 2331 680 γὰρ
2367 612 2691 683 μυστηρίοις
2723 613 2784 666 οὐ
2824 614 2930 684 χρὴ
2973 614 3253 686 προσιέναι

1668 695 1897 767 ἐχθροὺς
1925 697 2118 767 ἔχοντα
2139 716 2154 732 ·
2182 702 2275 755 τὸν
2301 703 2401 756 οὐκ
2429 702 2619 773 ἔχοντα
2648 704 2832 775 μόνον,
2860 706 2995 759 ἀλλά
3018 708 3111 759 καὶ
3127 723 3255 761 κατ-

1667 787 1978 858 ευχόμενον,
2004 790 2122 855 πῶς
2141 792 2263 863 οὑχὶ
2290 795 2386 848 καὶ
2410 795 2517 849 τῶν
2535 796 2838 867 περιϐόλων
2860 797 3039 850 αὑτῶν
3060 796 3253 868 ἀπείρ-

1665 879 1860 948 γεσθαι
1884 882 1997 948 δεῖ;
2029 882 2192 937 Ταῦτ’
2222 881 2315 939 οὗν
2345 887 2678 956 ἐννοοῦντες,
2699 891 2793 944 καὶ
2822 888 2919 959 τῆς
2939 890 3130 953 θυσίας
3152 890 3252 960 τὴν

1666 972 1927 1027 ὑπόθεσιν
1952 976 2176 1041 εἰδότες,
2202 978 2285 1033 ὅτι
2308 978 2450 1051 ὑπὲρ
2478 981 2690 1052 ἐχθρῶν
2715 982 2903 1054 ἐτύθη.
2935 983 3074 1053 μήτε
3098 981 3250 1054 [475]

1663 1063 1857 1135 ἐχθρὸν
1886 1066 2121 1139 ἔχωμεν,
2148 1070 2253 1123 κᾶν
2276 1070 2510 1142 ἔχωμεν,
2541 1073 3006 1146 ὑπερευχώμεθα’
3038 1075 3123 1128 ἵνα
3154 1074 3251 1128 καὶ

1663 1157 1826 1227 ἡμεῖς
1856 1158 1965 1212 τῶν
1994 1160 2400 1231 ἡμαρτημένων
2428 1163 2559 1233 ἡμῖν
2584 1163 2843 1228 λαϐόντες
2878 1163 3247 1235 συγχώρησιν,

1665 1249 1802 1319 μετά
1835 1250 2147 1321 παρρησίας
2170 1250 2249 1321 τῷ
2286 1251 2491 1324 βήματι
2533 1254 2629 1308 τοῦ
2677 1256 2913 1326 Χριστοῦ
2955 1256 3249 1327 παραστῶ-

1664 1357 1799 1411 μεν·
1832 1334 1876 1408 ᾧ
1908 1344 1941 1413 η
1970 1341 2117 1408 δόξα,
2161 1343 2382 1415 κράτος,
2447 1346 2582 1419 τιμὴ
2619 1345 2714 1401 νῦν
2746 1348 2841 1403 καὶ
2880 1348 2989 1415 ἀεὶ,
3029 1350 3124 1402 καὶ
3166 1351 3250 1414 εἰς

1659 1432 1786 1494 τοὺς
1809 1433 2013 1498 αἰῶνας
2035 1435 2145 1489 τῶν
2175 1435 2409 1491 αἰώνων.
2455 1438 2652 1511 Ἀμήν.

1450 1908 1696 1965 οΜιΛιΑ
1733 1908 1827 1980 q'.

81 2088 309 2158 ;χόμεθα
359 2085 547 2144 πάλιν
581 2088 840 2158 ἑαυτοὺς
888 2090 1327 2155 συνιστάνειν;
1365 2092 1415 2145 εἰ
1465 2089 1551 2160 μὴ

81 2181 350 2251 ρῄζομεν,
405 2182 486 2250 ὥς
541 2201 721 2251 τινες,
779 2184 1165 2239 συστατικῶν
1211 2182 1554 2240 ἐπιστολῶν

81 2274 189 2344 ρός
225 2274 393 2345 ὑμᾶς,
420 2275 459 2344 ἣ
483 2275 553 2339 ἐξ
581 2276 749 2347 ὑμῶν
764 2293 785 2343 ;

86 2404 101 2418 .
130 2366 308 2437 Ὅπερ
336 2365 559 2437 ἔμελλεν
595 2367 742 2438 αὐτῷ
772 2368 903 2441 παρ’
939 2368 1142 2441 ἐτέρων
1180 2369 1552 2443 ἀνθυποφέρε-

81 2499 108 2521 .,
128 2459 211 2512 ὅτι
237 2459 514 2531 Ἐπαίρεις
547 2460 761 2526 σαυτὸν,
786 2460 943 2515 τοῦτο
968 2463 1254 2534 προλαϐὼν
1273 2465 1433 2529 αὐτὸς
1463 2466 1552 2519 τέ·-

82 2570 107 2605 ε
118 2569 132 2582 ’
148 2551 329 2606 καίτοι
346 2552 585 2627 τοσαύτῃ
600 2553 974 2626 ἐπιδιορθώσει
990 2556 1336 2628 χρησάμενος
1351 2557 1552 2636 ἔμπρο-

82 2666 105 2710 ν,
150 2645 249 2699 καί
288 2644 477 2709 εἰπὼν,
521 2647 678 2717 Πρὸς
702 2647 891 2702 ταῦτα
918 2649 1008 2715 τίς
1038 2650 1245 2716 ἱκανός
1270 2666 1290 2715 ;
1322 2652 1434 2715 καὶ,
1466 2652 1549 2706 ὅτι

92 2739 487 2807 εὶλικρινείας
509 2740 840 2811 λαλοῦμεν·
864 2741 976 2796 ἀλλ’
1000 2742 1149 2813 ὅμως
1170 2744 1270 2797 οὑκ
1299 2747 1549 2817 ἀρκεῖται

82 2846 209 2893 νοις.
262 2830 514 2884 Τοιοῦτον
564 2830 673 2901 γὰρ
706 2832 872 2887 αὑτοῦ
926 2834 988 2887 τὸ
1039 2829 1198 2905 ἦθος·
1229 2834 1324 2889 τοῦ
1372 2837 1550 2891 δοκεῖν

110 2919 318 2975 ἑαυτοῦ
374 2921 518 2993 μέγα
561 2940 614 2976 τι
643 2922 822 2992 λέγειν
863 2925 1052 2997 πόρῤω
1092 2925 1421 2997 καθέστηκε,
1454 2927 1551 2981 καὶ

81 3031 92 3066 ι
135 3011 349 3083 πολλῆς
375 3014 475 3085 τῆς
503 3015 819 3085 περιουσίας
849 3014 979 3069 αὑτὸ
1014 3016 1205 3085 φεύγει
1245 3019 1339 3071 καὶ
1382 3018 1550 3090 ὑπερ-

82 3121 132 3165 ς.
189 3104 272 3158 Σὺ
313 3102 370 3157 δέ
421 3120 512 3175 μοι
553 3104 851 3159 κάντεῦθεν
876 3106 1069 3160 σκόπει
1108 3106 1207 3179 τὴν
1231 3108 1549 3181 περιουσίαν

81 3196 109 3250 ῦ
142 3197 253 3267 τῆς
289 3195 503 3265 σοφίας.
523 3196 764 3269 Πρᾶγμα
791 3197 900 3269 γάρ
920 3198 1111 3253 δοκοῦν
1132 3195 1272 3254 εἶναι
1298 3201 1547 3272 σκυθρω-

89 3288 201 3351 τάς
234 3288 450 3359 θλίψεις
476 3289 640 3359 λέγω,
663 3289 835 3354 οὕτως
862 3292 1057 3364 ἐπῆρε,
1092 3293 1187 3347 καὶ
1213 3292 1381 3358 ἔδειξε
1410 3294 1549 3366 λαμο

114 3382 183 3436 ὃν
222 3383 322 3437 καί
351 3382 671 3454 περιφανὲς,
696 3382 770 3447 ὡς
792 3385 996 3457 ταύτην
1022 3385 1171 3456 αὑτῷ
1202 3385 1301 3458 τὴν
1336 3386 1549 3441 ἀντίθε-

82 3491 119 3527 κ
164 3473 290 3527 τῶν
317 3475 625 3545 εἰρημένων
666 3475 964 3545 ἀνακύψαι.
997 3478 1149 3531 Ποιεί
1194 3478 1250 3532 δέ
1280 3478 1413 3532 αὐτὸ
1450 3479 1546 3533 καὶ

94 3565 187 3637 τῷ
215 3564 392 3620 τέλει.
430 3565 583 3620 Μετά
604 3565 713 3639 γὰρ
742 3567 803 3621 τὸ
834 3569 1063 3640 μυρίους
1097 3570 1399 3642 ἀριθμῆσαι
1426 3589 1546 3625 κιν-

82 3677 143 3724 ης,
178 3659 406 3730 ὕϐρεις,
434 3662 814 3732 στενοχωρίας,
838 3662 1103 3733 ἀνάγκας,
1132 3664 1226 3718 καὶ
1243 3667 1342 3719 ὅσα
1363 3663 1546 3718 τοιαῦ-

81 3755 335 3826 πήγαγε
359 3753 554 3823 λέγων,
598 3757 722 3823 Οὐχ
751 3754 1007 3823 ἑαυτοὺς
1051 3757 1504 3827 συνιστάνομεν
1526 3798 1543 3825 ,

81 3843 400 3915 ἀφορμὴν
426 3845 695 3912 διδόντες
722 3846 864 3915 ὑμῖν
888 3848 1296 3917 καυχήματος.
1324 3848 1436 3902 Καὶ
1462 3848 1545 3902 τί-

106 3939 271 3992 αὐτὸ
302 3938 469 3993 πάλιν
499 3938 617 3991 ἐκεῖ
660 3938 927 4009 σφοδρῶς,
975 3939 1069 3993 καὶ
1118 3939 1257 4011 μετά
1298 3940 1544 4003 πλείονος

81 4030 335 4101 μυθίας.
386 4028 653 4084 Ἐνταῦθα
691 4030 790 4102 μὲν
816 4030 925 4103 γάρ
954 4030 1174 4102 ἀγάπης
1205 4030 1321 4085 ἐστί
1345 4030 1413 4084 τὰ
1445 4032 1544 4102 ῥή-

128 4124 220 4176 Εὶ
251 4120 350 4190 μὴ
375 4118 669 4191 χρῄζομεν
695 4120 777 4188 ῶς
806 4138 966 4187 τινες
1001 4120 1388 4176 συστατικῶν
1413 4122 1544 4176 ἐπι-

81 4214 167 4268 ὗν
186 4230 213 4278 ;
251 4214 383 4267 ἐκεῖ
408 4213 465 4267 δὲ
489 4213 651 4285 γέμει
691 4212 837 4276 τινὸς
864 4211 958 4266 τοῦ
988 4214 1333 4284 φρονήματος
1362 4213 1428 4267 τά
1458 4212 1544 4267 λε-

81 4326 119 4361 α
164 4305 517 4376 ἀναγκαίως
564 4304 661 4360 καὶ
701 4304 990 4376 χρησίμως
1029 4305 1122 4357 καὶ
1152 4303 1327 4375 θυμοῦ
1367 4316 1416 4359 ι.
1458 4307 1542 4359 Οὐ

81 4397 301 4461 ἄλεν,
359 4397 548 4467 φησὶν,
601 4395 860 4461 ἑαυτοὺς
902 4394 1373 4464 συνιστάνομεν,
1402 4394 1541 4449 ἀλλ’

81 4489 215 4557 ιὴν
263 4485 550 4553 διδόντες
584 4486 729 4555 ὑμῖν
752 4484 1139 4556 καυχήματος
1159 4504 1173 4518 ⁸
1205 4487 1325 4550 καὶ,
1346 4486 1541 4541 Πάλιν

81 4598 164 4647 νε,
201 4580 317 4633 ὅτι
338 4579 486 4648 ὑμῖν
503 4580 964 4649 ἀπολογούμεθα
977 4595 997 4642 ;
1021 4580 1148 4632 Ὅτι
1169 4578 1540 4633 κατενώπιον

81 4671 217 4727 εοῦ
260 4671 343 4724 ἐν
373 4670 607 4741 Χριστῷ
624 4670 951 4741 λαλοῦμεν.
999 4671 1298 4741 Φοϐοῦμαι
1328 4670 1437 4742 γὰρ
1453 4671 1539 4742 μή

81 4763 299 4820 λθὼν
331 4764 451 4833 οὐχ
495 4764 663 4830 οἵους
688 4762 843 4819 θέλω
888 4762 1042 4833 εὕρω
1091 4762 1270 4835 ὑμᾶς,
1302 4764 1400 4818 καί
1426 4763 1542 4834 ἐγὼ

81 4857 115 4911 ὖ
159 4854 348 4926 ὑμῖν
376 4852 508 4910 οἷον
534 4857 606 4910 οὐ
630 4855 853 4911 θέλετε.
885 4856 1005 4911 Ἵνα
1044 4856 1152 4929 γάρ
1183 4857 1258 4929 μὴ
1287 4856 1413 4929 δόξῃ
1444 4874 1539 4911 κο-

81 4966 114 5012 ς
155 4946 359 5011 δόξαν
392 4945 713 5017 λαμϐάνειν,
742 4946 818 5011 ώς
840 4947 1127 5018 ἐφιέμενος
1149 4948 1247 5019 τῆς
1273 4949 1403 5019 παρ’
1436 4947 1536 5001 αὑ-

81 5041 246 5111 ιῆς,
307 5038 492 5094 ταῦτά
520 5055 674 5111 φησι,
724 5037 1023 5110 Φοϐοῦμαι
1055 5037 1141 5109 μή
1190 5055 1315 5104 πως
1342 5036 1539 5093 ἐλθὼν

87 5149 245 5196 ους
287 5128 450 5184 θέλω
495 5131 647 5199 εὕρω
674 5130 851 5201 ὑμᾶς,
898 5132 1061 5205 κάγὼ
1105 5131 1328 5202 εὑρεθῶ
1371 5134 1535 5206 ὑμῖν,

81 5219 417 5276 ἂθέλετε.
455 5221 619 5278 Ἀλλά
652 5223 829 5279 ταῦτα
873 5226 971 5297 μὲν
1022 5227 1162 5299 μετά
1199 5227 1537 5299 κατηγορίας

107 5333 127 5347 ο
173 5316 263 5368 ἐν
296 5314 447 5386 ἀρχῇ
473 5315 531 5370 δὲ
566 5315 663 5387 οὐχ
694 5315 869 5381 οὕτως
892 5357 908 5382 ,
930 5318 1046 5371 ἀλλ’
1071 5319 1443 5393 ἡμερώτερον.
1469 5319 1535 5372 Τί

81 5426 101 5460 ι
139 5408 182 5462 ὅ
227 5423 458 5477 φησινς
486 5402 624 5462 Εἷπε
659 5409 787 5481 περί
818 5411 928 5464 τῶν
948 5412 1271 5484 πειρασμῶν
1296 5414 1391 5468 καὶ
1423 5412 1533 5466 τῶν

81 5516 183 5556 ›ν.
231 5498 355 5551 καὶ
407 5498 489 5552 ὅτι
546 5500 824 5572 πανταχοῦ
857 5502 1197 5577 πομπεύεται
1252 5502 1404 5575 παρὰ
1436 5501 1531 5557 τοῦ

82 5666 329 5721 ebatur
352 5669 664 5733 φρονήματος.

1655 2089 1791 2146 Θεοῦ
1828 2093 1886 2146 ἐν
1923 2092 2002 2165 τῷ
2052 2090 2298 2166 Χριστῷ,
2350 2095 2445 2150 καὶ
2491 2094 2525 2168 ἡ
2566 2096 2857 2168 οἰκουμένη
2912 2099 3061 2153 πάσα
3116 2101 3243 2165 τοὺς

1655 2182 1962 2255 θριάμϐους
1985 2182 2095 2239 οἶδε
2122 2186 2365 2252 τούτους.
2406 2186 2560 2240 Ἐπεὶ
2590 2182 2685 2241 οὖν
2715 2190 2929 2259 μεγάλα
2972 2192 3102 2261 περί¹
3141 2193 3242 2245 αὑ-

1652 2266 1751 2328 τοῦ
1783 2275 2123 2345 ἐφθέγξατο,
2168 2278 2541 2351 ἀνθυποφέρει
2576 2278 2753 2349 ἐαυτῷ
2793 2279 2995 2348 λέγων’
3043 2282 3241 2351 Ἀρχό-

1647 2370 1803 2437 μεθα
1845 2367 2035 2422 πάλιν
2072 2368 2329 2437 ἑαυτοὺς
2374 2369 2811 2433 συνιστάνειν;
2870 2372 2934 2425 Ὃ
2966 2371 3023 2424 δὲ
3070 2371 3240 2440 λέγει,

1650 2459 1812 2512 τοῦτό
1850 2462 2027 2515 ἐστιν*
2090 2461 2255 2525 Ἴσως
2291 2478 2375 2524 τις
2408 2462 2539 2532 ἡμῖν
2583 2462 2818 2533 ἀντερεῖ,
2854 2462 2921 2516 Τί
2976 2462 3155 2527 τοῦτο,
3193 2457 3240 2516 ὧ

1651 2551 1865 2617 Παῦλε;
1890 2551 2064 2606 ταῦτα
2093 2552 2223 2625 περὶ
2259 2552 2486 2607 σεαυτοῦ
2516 2553 2715 2621 λέγεις,
2748 2552 2841 2606 καὶ
2865 2553 3060 2607 σαυτὸν
3081 2555 3241 2607 ἐπαί-

1654 2655 1799 2709 ρεις;
1826 2638 2043 2710 Ταύτην
2074 2636 2167 2693 οὖν
2214 2640 2355 2695 λύων
2388 2641 2487 2713 τὴν
2520 2642 2796 2708 ὑπόνοιαν,
2829 2643 3013 2714 φησὶν,
3050 2643 3127 2696 δτι
3162 2644 3240 2698 Οὑ

1650 2730 1809 2783 τοῦτο
1835 2729 2161 2801 βουλόμεθα,
2185 2725 2299 2785 οἷον
2327 2732 2634 2803 κομπάζειν
2672 2734 2765 2786 καὶ
2814 2734 3041 2798 ἑαυτοὺς
3080 2735 3241 2789 ἐπαί-

1656 2837 1804 2891 ρεινο
1862 2819 2013 2893 [474]
2055 2822 2195 2877 ἀλλά
2246 2823 2500 2878 τοσοῦτον
2541 2824 2817 2894 ἀπέχομεν
2859 2823 2953 2878 τοῦ
2981 2824 3240 2895 δεηθῆναι

1651 2911 1789 2984 πρὸς
1812 2913 1956 2984 ὑμᾶς
1980 2914 2321 2968 συστατικῶν
2351 2915 2673 2980 ἐπιστολῶν,
2700 2915 2775 2979 ὡς
2801 2916 2944 2985 ὑμᾶς
2971 2917 3091 2969 ἀντὶ
3118 2919 3240 2970 ἐπι-

1655 3004 1848 3075 στολῆς
1877 3004 2042 3075 ἐχειν.
2082 3006 2154 3060 Ἠ
2179 3006 2288 3078 γὰρ
2315 3007 2612 3075 ἐπιστολὴ
2652 3008 2821 3076 ἡμῶν
2856 3008 3029 3077 ὑμεῖς
3073 3008 3235 3073 ἐστε,

1651 3095 1804 3166 φησί.
1835 3096 1901 3149 Τί
1940 3098 2109 3163 ἐστιν,
2165 3098 2365 3167 ’Υμεῖς
2391 3100 2569 3161 iure;
2600 3099 2663 3151 Εἰ
2704 3098 2811 3151 ἔδει
2843 3097 2977 3170 πρὸς
3016 3098 3237 3168 ἐτέρους

1650 3191 1799 3261 ἡμᾶς
1827 3190 2187 3262 συσταθῆναι,
2240 3192 2384 3263 ὑμᾶς
2418 3192 2485 3246 ἂν
2522 3192 2918 3264 παρηγάγομεν
2958 3192 3039 3254 εἰς
3071 3191 3238 3262 μέσον

1649 3265 2093 3354 ἀντ’ἐπιστολῆςο
2115 3283 2144 3335 ὃ
2164 3284 2258 3338 καί
2281 3286 2342 3338 ὲν
2364 3287 2431 3356 τῇ
2455 3283 2696 3355 προτέρᾳ
2712 3274 2998 3354 Ἐπιστολῇ
3020 3282 3234 3353 ἔλεγενο

1665 3375 1737 3429 ἸΙ
1762 3375 1870 3445 γὰρ
1893 3376 2156 3446 σφραγὶς
2191 3375 2303 3444 τῆς
2319 3374 2471 3445 ἐμῆς
2490 3374 2845 3444 ἀποστολῆς
2872 3373 3043 3444 ὑμεῖς
3071 3375 3233 3431 ἐστε.

1665 3465 1804 3518 Ἀλλ’
1828 3464 1973 3519 οὕτω
2011 3467 2108 3537 μὲν
2144 3465 2382 3520 ἐνταῦθα
2412 3467 2472 3518 οὑ
2504 3465 2673 3535 λέγει,
2715 3468 2831 3539 μετ’
2856 3468 3137 3537 εἰρωνείας
3152 3468 3233 3533 δὲ,

1651 3557 1794 3611 ὥστε
1822 3557 2267 3629 πληκτικώτερον
2300 3558 2527 3629 ποιῆσαι
2547 3558 2637 3613 τὸν
2656 3547 2842 3628 λόγον*
2872 3561 2944 3613 Εἰ
2966 3560 3051 3631 μὴ
3088 3562 3235 3631 χρῄ-

1652 3650 1825 3720 ζομεν
1870 3648 2261 3705 συστατικῶν
2302 3648 2676 3715 ἐπιστολῶν;
2724 3651 2834 3705 Καὶ
2863 3652 3235 3722 αἰνιττόμενος

1650 3742 1776 3804 τοὺς
1801 3740 2296 3810 ψευδαποστόλους,
2341 3740 2652 3811 ἐπήγαγεν·
2703 3741 2813 3808 ’Ὧς
2858 3759 3039 3808 τινες,
3083 3741 3234 3811 πρὸς

1650 3833 1825 3903 ὑμᾶς,
1850 3834 1888 3901 ἢ
1908 3833 1978 3898 ἐξ
1994 3831 2161 3903 ὑμῶν
2184 3832 2568 3887 συστατικῶν
2586 3832 2949 3897 ἐπιστολῶν,
2978 3834 3113 3904 πρὸς
3133 3835 3202 3889 ἀλ
3227 3873 3234 3880 .

1648 3923 1794 3989 λους.
1822 3923 1978 3987 Εἶτα,
2012 3923 2202 3995 ἐπειδὴ
2233 3923 2371 3995 βαρὺ
2406 3918 2475 3993 ἦν
2511 3922 2572 3976 τὸ
2614 3924 2932 3994 εἰρημένον,
2968 3941 3231 3997 παραμυ-

1650 4015 1825 4071 θεῖται
1846 4015 1977 4070 αὑτὸ
1997 4014 2221 4083 ἐπάγων
2251 4015 2346 4067 καὶ
2380 4013 2557 4083 λέγων
2577 4029 2592 4044 ·
2641 4013 2705 4068 Ἠ
2737 4012 3030 4081 ἐπιστολὴ
3061 4013 3232 4084 ἡμῶν

1647 4108 1821 4179 ὑμεῖς
1845 4107 2009 4172 ἐστε,
2037 4105 2483 4178 ἐπιγεγραμμένη
2506 4105 2576 4159 ὲν
2595 4104 2726 4171 ταῖς
2748 4104 3022 4173 καρδίαις
3038 4104 3227 4175 ήμῶν,

1646 4199 2062 4272 γινωσκομένη
2112 4198 2233 4255 ὑπὸ
2290 4198 2565 4253 πάντων·
2614 4198 3076 4268 φανερούμενοι,
3139 4199 3229 4253 ὅτι

1648 4293 1789 4347 ἐστὲ
1818 4288 2112 4359 ἐπιστολὴ
2153 4289 2438 4358 Χριστοῦ.
2474 4287 2741 4342 Ἐνταῦθα
2763 4289 2823 4342 οὐ
2854 4289 3014 4359 μόνον
3045 4290 3230 4354 αὐτοῖς

1647 4381 1893 4451 ἀγάπην,
1946 4379 2081 4434 ἀλλά
2126 4379 2224 4433 καὶ
2271 4375 2681 4449 κατορθώματα
2732 4380 3034 4449 μαρτυρεῖ,
3073 4377 3128 4431 ετ
3163 4397 3228 4448 γε

1649 4473 1823 4528 ἰκανοί
1851 4474 1958 4526 εἰσι
1994 4472 2162 4538 δεῖξαι
2193 4470 2358 4524 πᾶσιν
2404 4468 2711 4540 ἀνθρώποις
2760 4469 2848 4523 διά
2879 4470 2978 4539 τῆς
3019 4470 3229 4533 οἰκείας

1647 4566 1849 4637 ἀρετῆς
1875 4564 1970 4618 τοῦ
1994 4562 2317 4618 διδασκάλου
2346 4561 2406 4615 τὸ
2434 4559 2671 4632 ἀξίωμα.
2708 4560 2878 4614 Τοῦτο
2917 4560 3025 4632 γάρ
3053 4562 3224 4629 ἐστιν,

1653 4659 1724 4714 Ἡ
1752 4656 2051 4725 ἐπιστολὴ
2086 4655 2257 4725 ἡμῶν
2288 4654 2459 4724 ὑμεῖς
2479 4654 2642 4707 ἐστε.
2673 4652 2852 4721 Ὅπερ
2888 4651 2954 4706 ἀν
3004 4653 3225 4723 ἐποίησε

1638 4751 1709 4804 τά
1729 4750 2037 4823 γράμματα
2068 4745 2402 4800 συνιστῶντα
2439 4746 2588 4816 ἡμᾶς
2618 4743 2711 4797 καὶ
2747 4742 3059 4813 αἰδεσίμους
3104 4760 3226 4796 ποι-

1637 4842 1824 4908 οῦντα,
1849 4840 2009 4896 τοῦτο
2043 4841 2202 4911 ὑμεῖς
2232 4839 2457 4902 ποιεῖτε,
2486 4837 2581 4890 καὶ
2609 4835 2875 4907 ὁρώμενοι
2907 4835 3002 4888 καὶ
3029 4834 3224 4888 ἀκουό-

1639 4952 1813 5006 μενοι.
1850 4930 2126 5003 Μαθητῶν
2147 4931 2256 4999 γὰρ
2277 4927 2448 5000 ἀρετὴ
2469 4927 2559 4981 τὸν
2599 4926 2917 4980 διδάσκαλον
2945 4927 3102 4980 εἴωθε
3129 4944 3223 4980 κο-

1639 5028 1796 5098 σμεῖν
1830 5026 1927 5079 καὶ
1966 5023 2225 5093 συνιστᾷν
2268 5021 2451 5090 πάσης
2502 5018 2702 5090 μᾶλλον
2741 5019 3052 5090 ἐπιστολῆς.
3103 5020 3224 5087 Ἐγο

1635 5114 2095 5188 γεγραμμένηέν
2126 5113 2257 5179 ταῖς
2290 5112 2562 5181 καρδίαις
2592 5108 2784 5181 ήμῶν.
2821 5110 3135 5173 Τουτέστιν,
3156 5109 3225 5181 ἢν

1635 5208 1837 5271 πάντες
1868 5206 2046 5259 ῐσασιν
2065 5221 2078 5235 ·
2116 5202 2286 5267 οὕτως
2308 5202 2454 5272 ὑμᾶς
2483 5199 2759 5271 πανταχοῦ
2801 5199 3172 5271 περιφέρομεν
3202 5236 3219 5265 ,

1635 5302 1730 5362 καὶ
1753 5302 1811 5355 ἐν
1836 5299 1912 5371 νῷ
1933 5299 2125 5370 ἔχομεν
2145 5315 2159 5329 ·
2195 5296 2269 5360 ώς
2294 5296 2359 5350 ἂν
2379 5296 2429 5349 εἰ
2452 5294 2657 5363 ἔλεγεν,
2692 5293 2758 5347 Ἦ
2784 5292 3040 5355 σύστασις
3062 5290 3218 5362 ἡμῶν

1638 5393 1777 5465 πρὸς
1817 5391 2039 5461 ἑτέρους
2090 5388 2249 5458 ὑμεῖς
2288 5387 2441 5439 ἐστε*
2478 5386 2571 5438 καὶ
2605 5383 2714 5455 γὰρ
2754 5382 2952 5453 ἔχομεν
2984 5382 3128 5451 ὑμᾶς
3161 5381 3220 5432 ἐν

1639 5487 1707 5556 τῇ
1744 5482 1942 5553 καρδίᾳ
1986 5478 2271 5552 διηνεκῶς,
2302 5479 2398 5533 καὶ
2437 5476 2573 5549 πρὸς
2605 5477 2849 5537 ἅπαντας
2880 5471 2950 5526 τά
2979 5470 3218 5541 ὑμέτερα

1639 5573 2088 5646 ἀνακηρύττομεν
2119 5568 2535 5642 κατορθώματα.
2564 5567 2640 5621 Ub
2666 5566 2843 5619 τοίνυν
2861 5562 2938 5633 τῷ
2960 5562 3053 5615 καὶ
3081 5560 3220 5630 πρὸς

1641 5669 1862 5740 ἐτέρους
1894 5667 2039 5739 ὑμᾶς
2067 5660 2206 5723 εἶναι
2238 5664 2495 5718 σύστασιν
2528 5658 2706 5735 ἡμῶν,
2742 5654 2974 5727 δεόμεθα
3001 5654 3219 5706 ἐπιστοο
