3780 6314
427 227 534 284 ἆτνῗ

429 343 542 396 λῶν
573 341 704 412 παρ’
729 339 885 411 ὑμῶν
902 356 916 371 °
945 339 1081 394 ἀλλά
1101 341 1195 395 καὶ
1213 341 1292 412 τῷ
1321 342 1528 412 σφόδρα
1546 343 1720 411 φιλεῖν
1745 343 1912 413 ὑμᾶς,
1934 343 1997 396 οὐ

427 433 665 504 δεόμεθα
687 433 823 504 πρὸς
847 433 994 504 ὑμᾶς
1014 432 1329 496 συστάσεως
1347 448 1362 463 ·
1387 434 1524 503 πρὸς
1541 433 1650 504 γάρ
1674 435 1802 497 τοὺς
1821 433 2002 502 ἀγνῶ-

393 555 400 560 -
432 524 533 588 τάς
571 541 657 587 τις
691 523 868 579 δεῖται
905 524 1281 594 γραμμάτωνο
1335 525 1496 594 ὑμεῖς
1519 526 1578 578 δὲ
1605 527 1663 578 ἐν
1699 528 1766 595 τῇ
1795 525 2006 596 διανοίᾳ

393 651 400 658 ·
434 616 592 690 ἡμῶν
613 619 756 670 ἐστι.
773 617 882 672 Καὶ
908 618 1009 671 οὐκ
1025 611 1198 680 εἶπεν,
1213 616 1406 680 Ἐστὲ,
1423 615 1628 680 ἁπλῶς,
1643 616 1799 676 ἀλλά,
1816 617 2006 684 ἐττε-

436 702 742 776 γραμμένη
762 721 776 734 ⁶
797 705 1094 768 τουτέστιν,
1117 704 1240 759 οὐδὲ
1266 705 1566 759 ἀποπεσεῖν
1587 705 1836 759 δύνασθε.
1871 707 2003 758 Ὠσ-

437 814 546 868 περ
569 799 676 869 γὰρ
699 799 808 852 ἀπὸ
830 797 1174 870 γραμμάτων
1201 795 1684 866 ἀναγινώσκοντες,
1709 795 1879 859 οὕτως
1897 795 2006 848 ἀπὸ

437 888 536 957 τῆς
583 889 806 959 καρδίας
853 889 1013 960 ἡμῶν
1063 891 1427 960 γινώσκοντες
1472 891 1617 943 ίσασι
1661 889 1859 952 πάντες
1908 887 2007 958 τὴν

438 978 659 1050 ἀγάπην
682 981 862 1050 ἡμῶν,
879 982 954 1052 ἠν
979 981 1174 1052 ἔχομεν
1199 981 1330 1054 περὶ
1355 983 1518 1052 ὑμᾶς.

513 1119 575 1190 β’.
595 1122 656 1174 Εί
685 1122 865 1176 τοίνυν
900 1122 967 1177 τὰ
1001 1125 1306 1194 γράμματα
1325 1124 1412 1178 διά
1435 1123 1590 1177 τοῦτό
1609 1125 1774 1190 ἐστιν,
1806 1123 1893 1176 ἴνα
1912 1124 2007 1195 δη-

439 1211 586 1284 λώσῃ
616 1214 697 1265 ὅτι
739 1214 768 1265 6
798 1213 946 1266 δεῖνά
997 1232 1088 1285 μοι
1121 1216 1290 1283 φίλος,
1335 1217 1430 1269 καὶ
1461 1215 1778 1268 άπολαυέτω
1799 1217 2011 1286 παρρη-

442 1303 562 1366 σίας
580 1315 629 1368 α,
658 1303 818 1374 ἀρκεῖ
844 1306 877 1374 ὴ
904 1305 1144 1376 ὑμετέρα
1172 1306 1357 1376 ἀγάπη
1381 1307 1442 1359 τὸ
1475 1309 1581 1360 πᾶν
1607 1305 1929 1360 άνύσαι.”Αν
1951 1323 2010 1359 τε

441 1393 552 1465 γὰρ
615 1393 754 1463 πρὸς
795 1393 939 1464 ὑμᾶς
996 1393 1184 1464 ίωμεν,
1242 1396 1306 1448 οὐ
1351 1395 1585 1466 δεόμεθα
1649 1395 1850 1466 ἐτέρων
1903 1395 2012 1448 τῶν

446 1483 820 1538 συνιστώντων
865 1487 1034 1556 ἡμᾶς,
1088 1485 1190 1555 τῆς
1233 1485 1412 1555 φιλίας
1472 1485 1625 1557 ὑμῶν
1691 1486 2012 1558 προλαμϐα-

443 1575 670 1645 νούσηςο
726 1577 791 1630 ἀν
835 1593 894 1628 τε
942 1577 1079 1643 πρὸς
1125 1577 1367 1648 ἐτέρους,
1429 1577 1488 1630 οὐ
1534 1575 1806 1648 χρῄζομεν
1851 1577 2013 1631 πάλιν

444 1668 814 1738 γραμμάτων,
865 1668 964 1737 τῆς
1016 1668 1184 1738 αὐτῆς
1229 1668 1451 1738 ἀγάπης
1501 1668 1622 1721 ἀντὶ
1666 1667 1871 1722 τούτων
1915 1669 2014 1740 ἀρ-

448 1759 652 1829 κούσης
679 1759 810 1828 ἡμῖν
838 1758 998 1810 πάλιν
1016 1774 1030 1788 ⁸
1060 1758 1430 1829 περιφέρομεν
1459 1758 1568 1829 γάρ
1597 1757 1692 1828 τὴν
1723 1757 2013 1829 ἐπιστολὴν

445 1851 504 1902 ἐν
547 1853 664 1914 ταῖς
709 1850 959 1920 καρδίαις
1010 1851 1186 1922 ἡμῶν.
1242 1845 1377 1903 Είτα
1427 1851 1520 1903 ἐπὶ
1555 1850 1738 1920 μεῖζον
1771 1851 2015 1922 ἐπαίρων

445 1942 679 2007 αὐτοὺς,
742 1942 837 1995 καὶ
898 1941 1187 2011 ἐπιστολὴν
1251 1941 1488 2012 Χριστοῦ
1552 1940 1738 2005 καλεῖ,
1803 1940 2012 2009 λέγων’

446 2033 903 2102 Φαηρούμενοι,
947 2033 1036 2086 ὅτι
1073 2031 1215 2086 ἐστὲ
1260 2032 1556 2101 ἐπιστολὴ
1595 2031 1870 2100 Χριστοῦ.
1908 2033 2018 2087 Καὶ

447 2123 605 2176 τοῦτο
647 2123 839 2190 εἰπὼν,
876 2123 1144 2196 λαμϐάνει
1187 2123 1372 2177 λοιπὸν
1420 2123 1674 2178 ὑπόθεσιν
1718 2123 1812 2177 καὶ
1843 2123 2017 2195 ἀρχὴν

449 2214 700 2268 ἐντεῦθεν
733 2215 984 2280 ἐξετάσαι
1029 2216 1099 2270 τά
1129 2215 1225 2270 τοῦ
1253 2217 1438 2286 νόμου.
1474 2216 1586 2268 Καὶ
1631 2214 1803 2278 άλλως
1832 2215 1890 2268 δέ
1918 2215 2017 2268 a6-

446 2303 575 2368 τοὺς
607 2304 840 2359 ἐνταῦθά
872 2321 1037 2376 φησιν
1083 2300 1220 2358 εἶναι
1267 2305 1587 2376 ἐπιστολήν·
1637 2304 1891 2375 ἀνωτέρω
1920 2304 2020 2375 μὲν

445 2391 556 2462 γὰρ
582 2393 657 2457 ὡς
685 2394 1076 2461 συνιοτῶντας·
1107 2397 1189 2450 διὸ
1227 2395 1517 2468 ἐπιστολήν
1551 2396 1805 2450 ἐκάλεσεν
1824 2414 1838 2428 υ
1870 2395 2019 2470 [475]

447 2485 681 2541 ἐνταῦθα
705 2487 761 2541 δὲ
790 2489 1080 2560 ἐπιστολὴν
1104 2487 1362 2561 Χριστοῦ,
1392 2489 1467 2552 ὡς
1489 2488 1710 2559 ἔχοντας
1737 2481 1838 2542 τὸν
1857 2491 2020 2559 νόμον

395 2585 400 2588 ’
448 2579 900 2652 ἐγγεγραμμένον
936 2581 1031 2634 τοῦ
1062 2581 1217 2636 Θεοῦ.
1276 2585 1342 2634 Ἀ
1373 2582 1482 2654 γὰρ
1531 2582 1780 2635 ἐϐούλετο
1819 2585 1848 2636 6
1890 2582 2021 2646 Θεὸς
2085 2597 2088 2600 ’

447 2669 685 2740 δηλῶσαι
731 2674 864 2726 πᾶσι
915 2674 1008 2726 καὶ
1041 2674 1188 2744 ὑμῖν,
1249 2673 1424 2728 ταῦτα
1473 2674 1783 2745 γέγραπται
1818 2677 1874 2728 ἐν
1903 2677 2022 2740 ταῖς

448 2761 698 2834 καρδίαις
739 2764 913 2834 ὑμῶν.
968 2765 1160 2835 Ἦμεῖς
1207 2765 1264 2819 δὲ
1313 2767 1807 2838 παρεσκευάσαμεν
1854 2767 2019 2838 ὑμᾶς,

449 2853 590 2908 ὥστε
611 2854 867 2922 δέξασθαι
895 2855 963 2909 τὰ
987 2857 1311 2928 γράμματα.
1341 2857 1608 2929 Καθάπερ
1631 2857 1870 2924 Μωῦσῆς
1897 2858 2022 2921 τοὺς

447 2942 630 3008 λίθους
661 2945 752 2999 καὶ
801 2945 903 3009 τὰς
949 2944 1163 3009 πλάκας
1195 2945 1476 3016 ἐκόλαψεν,
1513 2947 1686 3011 οὕτως
1733 2948 1896 3018 ἡμεῖς
1922 2946 2023 3011 τάς

399 3053 402 3056 ’
449 3032 723 3106 ὑμετέρας
747 3035 954 3107 ψυχάς·
980 3037 1058 3090 διό
1079 3054 1232 3107 φησι,
1255 3038 1683 3105 Διακονηθεῖσα
1707 3039 1805 3106 ὑφ’
1830 3035 2019 3107 ἡμῶν.

460 3126 601 3182 Ἀλλ’
637 3129 695 3180 ἐν
737 3127 911 3200 τοΰτῳ
943 3126 996 3182 τὺ
1047 3129 1159 3182 ίσον
1186 3125 1331 3200 εἶχον
1356 3145 1370 3160 ⁶
1399 3131 1494 3182 καὶ
1538 3131 1645 3200 γὰρ
1673 3130 1876 3182 ἐκεῖναι
1918 3129 2023 3184 ὑπὸ

447 3219 585 3273 Θεοῦ
615 3218 954 3290 ἐγράφησαν,
985 3219 1079 3273 καὶ
1111 3213 1272 3274 αὗται
1301 3220 1406 3274 ὑπὸ
1426 3219 1518 3273 τοῦ
1550 3219 1882 3291 Πνεῦματος.
1912 3221 2021 3276 Ποῦ

399 3305 404 3308 ’
447 3311 628 3364 τοίνυν
677 3312 711 3381 ἡ
761 3310 1024 3382 διαφοράς
1093 3312 1587 3382 Ἔττεγραμιιένη,
1651 3314 1722 3367 οὐ
1781 3316 2020 3382 μέλανι,

449 3400 612 3456 ἀλλὰ
643 3401 937 3471 Πνεύματι
967 3402 1115 3456 Θεοῦ
1139 3402 1351 3469 ζῶντος
1369 3420 1382 3435 ·
1417 3405 1528 3457 οὐκ
1555 3402 1626 3457 ἐν
1661 3403 1848 3466 πλαξὶ
1875 3406 2024 3460 λιθί-

400 3515 404 3522 ·
451 3509 607 3557 ναις,
639 3493 775 3546 ἀλλ’
805 3493 876 3546 ἐν
899 3493 1085 3558 πλαξὶ
1117 3493 1364 3562 καρδίας
1406 3498 1741 3564 σαρκίναις.
1777 3497 1941 3551 Ὅσον
1967 3499 2024 3553 δὲ

450 3583 514 3635 τὸ
538 3583 699 3652 μέσον
721 3584 858 3636 Πνεύ
867 3601 1034 3655 ματος
1057 3585 1153 3639 κοιλ⁸
1179 3584 1427 3656 μέλανος,
1473 3587 1568 3641 καὶ
1589 3587 1798 3656 λιθίνης
1821 3589 2026 3654 πλακὸς

454 3674 550 3727 καὶ
574 3674 856 3746 σαρκίνης,
878 3674 1130 3730 τοσοῦτον
1148 3677 1209 3730 τὸ
1228 3678 1480 3750 διάφορον
1497 3679 1702 3734 τούτων
1719 3680 1987 3739 κάκείνων
2007 3698 2021 3712 ·

453 3765 648 3820 οὐκοῦν
673 3766 766 3820 καὶ
789 3767 837 3820 οῖ
869 3767 1285 3839 διακονήσαντες
1317 3769 1413 3823 τοῦ
1447 3771 1861 3844 διακονήσαντος
1883 3771 2026 3824 ἐκεί-

456 3875 586 3920 νοις.
613 3857 710 3912 Διά
728 3875 809 3912 τοι
834 3859 1010 3922 τοῦτο,
1030 3861 1150 3914 ἐπεὶ
1175 3862 1316 3932 μέγα
1347 3862 1663 3932 ἐφθέγξατο,
1686 3863 1896 3934 ταχέως
1913 3865 2026 3916 ἐπι-

403 3955 406 3958 ’
455 3949 793 4020 λαμϐάνεται
815 3951 1028 4018 ἑαυτοῦ,
1045 3952 1217 4021 λέγων
1239 3971 1251 3984 ·
1275 3956 1643 4023 Πεποίθησιν
1657 3954 1724 4009 δὲ
1745 3955 2028 4022 τοιαύτην

457 4042 678 4110 ἔχομεν
701 4042 798 4096 διὰ
825 4045 931 4099 τοῦ
951 4046 1206 4113 Χριστοῦ
1231 4047 1379 4115 πρὸς
1401 4047 1506 4101 τὸν
1533 4049 1682 4101 Θεόν
1698 4063 1712 4078 ο
1747 4047 1838 4100 καὶ
1866 4047 2028 4100 πάλιν

460 4135 580 4188 ὅλον
615 4135 902 4207 ἀνατίθησι
936 4136 1012 4207 τῷ
1037 4136 1155 4206 Θεῷ
1175 4155 1188 4168 ·
1210 4137 1414 4191 τούτων
1438 4137 1546 4209 γάρ
1583 4140 1714 4209 ἡμῖν
1739 4141 1769 4192 6
1793 4138 2028 4209 Χριστὸς

455 4223 646 4288 αἴτιος,
695 4226 877 4296 φησίν.
916 4228 1038 4294 Οὐχ
1087 4226 1175 4281 ὅτι
1218 4229 1414 4281 ἱκανοί
1441 4229 1628 4298 ἐσμεν
1665 4229 1766 4298 ἀφ’
1799 4227 2029 4283 ἑαυτῶν

457 4333 514 4369 τι
543 4316 936 4386 λογίσασθαι,
993 4318 1072 4384 ὡς
1119 4317 1188 4382 ἐξ
1245 4317 1494 4374 ἑαυτῶν.
1537 4319 1676 4390 Ὅρα
1725 4319 1885 4373 πάλιν
1932 4320 2029 4374 καὶ

459 4405 652 4478 ἑτέραν
699 4407 1094 4477 ἐπιδιόρθωσιν.
1131 4409 1239 4461 Καὶ
1277 4408 1384 4481 γὰρ
1421 4408 1538 4479 μεθ’
1591 4409 1898 4480 ὑπερϐολῆς
1929 4410 2029 4482 τὴν

459 4497 664 4567 ἀρετὴν
692 4497 898 4568 ταύτην
929 4499 1166 4568 μάλιστα
1205 4501 1487 4571 κέκτηται,
1532 4501 1631 4572 τὴν
1673 4518 2031 4574 ταπεινοφρο-

460 4586 627 4660 σύνην
663 4589 826 4659 λέγω.
860 4592 1058 4663 Διόπερ
1083 4594 1213 4646 ὅταν
1242 4594 1370 4666 είπη
1401 4611 1453 4647 τι
1477 4595 1618 4665 μέγα
1652 4594 1779 4666 περὶ
1810 4595 2026 4661 ἐαυτοῦ,

460 4680 611 4754 πάσῃ
650 4682 912 4754 κέχρηται
959 4685 1184 4755 σπουδῇ,
1237 4685 1376 4739 ὥστε
1431 4686 1674 4758 σφοδρῶς
1705 4686 2032 4759 παραμυθή-

461 4772 659 4826 σασθαι
695 4775 756 4827 τὸ
793 4774 1082 4847 είρημένον
1127 4776 1312 4848 τρόπῳ
1360 4778 1556 4832 παντί*
1607 4779 1635 4833 ὃ
1675 4779 1769 4833 καὶ
1797 4777 2032 4833 ἐνταῦθα

463 4866 629 4929 ποιεί,
658 4865 853 4934 λέγων,
893 4870 1017 4938 οὐχ
1056 4871 1145 4923 ὅτι
1173 4871 1367 4924 ἱκανοί
1389 4870 1577 4939 ἐσμεν
1599 4871 1699 4941 ἀφ’
1728 4869 1957 4926 ἑαυτῶν
1977 4889 2032 4926 τι

457 4955 819 5023 λογίσασθαι
846 4960 926 5025 ὠς
970 4959 1040 5025 ἐξ
1072 4958 1319 5015 ἑαυτῶν.
1369 4960 1680 5025 Τουτέστιν,
1720 4963 1832 5032 Οὐχ
1862 4961 2033 5025 οὕτως

463 5038 635 5110 εἶπον,
687 5049 1053 5118 Πεποιθησιν
1105 5052 1342 5122 ἔχομεν,
1387 5051 1463 5117 ὡς
1527 5054 1588 5106 τὸ
1639 5053 1740 5122 μὲν
1769 5054 2035 5124 ἡμέτερον

461 5128 625 5196 εἶναι,
656 5133 716 5188 τὸ
740 5135 797 5189 δὲ
823 5137 917 5190 τοῦ
959 5139 1126 5192 Θεοῦ·
1158 5141 1296 5195 ἀλλά
1337 5142 1396 5195 τὸ
1433 5143 1540 5195 πᾶν
1565 5140 1714 5211 αὐτῷ
1740 5140 2033 5210 ἀνατίθημι

463 5223 560 5277 καὶ
583 5223 885 5297 λογίζομαι.
921 5227 982 5282 Ἠ
1007 5230 1117 5298 γὰρ
1140 5233 1419 5300 ικανότης
1445 5231 1614 5302 ἡμῶν
1638 5231 1706 5284 ἐκ
1737 5230 1842 5285 τοῦ
1865 5230 2034 5295 Θεοῦ,

462 5315 532 5382 δς
546 5315 643 5370 καί
667 5316 966 5372 ἱκάνωσεν
978 5320 1134 5388 ἡμᾶς
1150 5322 1472 5393 διακόνους
1490 5322 1704 5394 καινῆς
1719 5322 2034 5391 Διαθήκης.

463 5406 529 5461 Τί
572 5409 742 5475 ἐστιν,
785 5409 1103 5479 Ἰκάνωσε;
1147 5417 1417 5482 Δυνατοῦς
1451 5419 1674 5491 ἐποίησε
1708 5415 1803 5472 καὶ
1848 5417 2039 5487 ίπιτηο

529 5626 549 5652 ⁸
568 5626 722 5692 Είιὶίί,
747 5632 1026 5698 παῤῥησίας.
1047 5634 1136 5687 Iis.
1159 5638 1463 5701 προστασίας.

1129 227 1190 282 S.
1228 225 1511 284 JOANNIS
1547 224 2037 284 CHRYSOSTONI
2077 225 2397 285 ARCHIEP.
2437 227 2984 288 CONS’I‘ANTINOP.

2099 343 2292 408 δείους.
2339 346 2415 398 Οὐ
2450 345 2644 416 μικρὸν
2691 346 2748 399 δέ
2793 344 2976 410 τοῦτο,
3029 343 3093 397 τδ
3142 342 3364 415 κομίσαι
3413 345 3644 410 τοιαῦτας

2099 431 2316 496 πλάκας
2358 434 2452 486 καὶ
2498 433 2790 497 ἐπιστολάς
2833 436 2897 504 τῇ
2928 433 3246 506 οίκουμένῃ,
3286 433 3416 486 πολὺ
3451 433 3644 504 μείζους

2098 523 2208 576 τῶν
2236 524 2536 594 προτέρων.
2577 525 2669 576 Διδ
2709 523 2805 576 καὶ
2834 524 3150 592 ἐπήγαγεν·
3192 524 3278 577 οὐ
3314 522 3644 592 γράμματος,

2100 611 2263 666 ἀλλὰ
2283 615 2642 682 πνεύματος.
2681 613 2813 668 Ἰδοὺ
2838 613 3000 668 πάλιν
3017 613 3154 682 άλλη
3176 613 3428 684 διαφορά.
3456 615 3518 666 Τί
3540 610 3644 681 οὗνς

2101 703 2306 766 ἐκεῖνος
2337 704 2440 757 οὐκ
2461 699 2530 774 ἦν
2558 704 2926 774 πνευματικὸς
2943 705 2972 756 6
2997 705 3190 774 νόμος;
3224 704 3339 766 πῶς
3366 701 3458 758 οὖν
3483 723 3645 774 φησιν,

2097 793 2356 862 οῖδαμεν
2387 792 2477 846 ὅτι
2520 796 2552 847 ὁ
2583 795 2766 862 νόμος
2797 795 3200 862 πνευματικός
3224 795 3392 857 ἐστι;
3417 795 3648 868 Πνευμα-

2101 885 2254 947 τικδς
2285 885 2405 955 μὲν,
2433 885 2550 938 ἀλλ’
2575 885 2636 938 οὐ
2663 885 2884 955 πνεῦμα
2913 888 3171 956 παρεῖχεν
3188 903 3202 916 ·
3231 888 3292 939 οὐ
3327 887 3434 958 γάρ
3456 887 3648 957 πνεῦμα

2103 978 2325 1048 ἐκόμισε
2352 978 2610 1049 Μωῡσῆς,
2637 978 2769 1031 ἀλλὰ
2795 978 3117 1049 γράμματα·
3147 979 3310 1048 ἡμεῖς
3333 978 3390 1030 δὲ
3413 978 3644 1032 ἐπιστεύ-

2103 1069 2277 1138 θημεν
2325 1068 2542 1140 πνεῦμα
2569 1070 2784 1124 διδόναι.
2819 1071 2911 1123 Διὸ
2942 1070 3034 1122 καὶ
3071 1069 3492 1140 ἐπεξεργάζεται
3537 1071 3650 1123 αὐτό

2103 1161 2306 1230 λέγων’
2337 1161 2416 1216 Τὸ
2445 1162 2556 1232 γὰρ
2591 1163 2825 1233 ῃοάμμα
2855 1162 3212 1223 ἀποκτείνει,
3246 1161 3313 1214 τὸ
3351 1161 3420 1214 δὲ
3442 1162 3651 1230 πνεῦμα

2106 1250 2396 1314 ζωοποιεῖ.
2417 1251 2606 1308 Ταῦτα
2633 1255 2690 1307 δὲ
2725 1254 2827 1324 οὐχ
2855 1253 3040 1316 ἀπλῶς
3071 1270 3256 1322 φησιν,
3289 1253 3406 1306 ἀλλ’
3439 1254 3652 1316 ἐκείνους

2106 1343 2476 1414 αἰνιττόμενος
2517 1343 2646 1404 τοὺς
2694 1342 3233 1414 μεγαλοφρονοῦντας
3265 1343 3361 1396 ἐπὶ
3385 1347 3498 1407 τοῖς
3547 1344 3654 1398 Ἰου-

2105 1432 2331 1496 δαϊκοῖς.
2377 1435 2616 1505 Γράμμα
2665 1435 2724 1488 δὲ
2772 1434 3004 1488 ἐνταῦθα
3050 1433 3143 1486 τὸν
3191 1435 3354 1504 νόμον
3405 1435 3553 1504 φησὶ,
3577 1434 3652 1486 τὸν

2108 1524 2407 1588 κολάζοντα
2429 1527 2554 1587 τοὺς
2575 1525 3028 1594 πλημμελοῦντας
3044 1541 3060 1555 ο
3082 1523 3298 1595 πνεῦμα
3323 1525 3380 1578 δέ
3403 1524 3497 1596 τὴν
3518 1525 3653 1596 χάριν

2108 1615 2206 1684 τὴν
2241 1615 2328 1668 διά
2373 1615 2467 1668 τοῦ
2511 1615 2884 1685 βαπτίσματος
2913 1617 3038 1678 τοὺς
3085 1615 3188 1668 ὑπὸ
3236 1615 3344 1668 τῶν
3399 1617 3655 1687 ἁμαρτιῶν

2111 1705 2486 1777 νεκρωθέντας
2519 1706 2904 1771 ζωοποιοῦσαν.
2946 1707 3128 1759 Εἰπὼν
3149 1705 3257 1777 γάρ
3291 1706 3392 1777 τὴν
3419 1706 3655 1776 διαφοράν

2110 1799 2209 1868 τὴν
2238 1797 2346 1850 ἀπὸ
2390 1798 2489 1868 τῆς
2541 1797 2759 1866 φύσεως
2801 1797 2908 1850 τῶν
2942 1797 3192 1860 πλακῶν,
3225 1798 3326 1850 οὐκ
3351 1797 3655 1868 ἐνδιατρίϐει

2111 1889 2270 1960 αὐτῇ,
2312 1887 2450 1942 ἀλλὰ
2493 1888 2866 1959 παραδραμὼν
2915 1888 3085 1959 αὐτὴν
3132 1887 3337 1958 ταύτην
3383 1889 3473 1941 ἐπὶ
3500 1888 3656 1940 πλεῖον

2113 1977 2426 2049 ἐργάζεται,
2551 1979 2783 2048 μάλιστα
2829 1978 2967 2033 ἐλεῖν
2999 1978 3089 2032 τὸν
3119 1979 3392 2050 ἀκροατὴν
3430 1977 3656 2046 ἠδύνατο,

2112 2070 2340 2124 ἀπὸτοῦ
2387 2071 2754 2141 συμφέροντος
2792 2071 2886 2126 καὶ
2932 2069 3152 2138 κούφου.
3195 2069 3332 2124 Οὔτε
3387 2070 3496 2140 γάρ
3523 2070 3656 2122 πόνον

2115 2163 2249 2233 ἔχει,
2290 2162 2442 2233 φησὶ,
2478 2163 2571 2216 καὶ
2603 2161 2828 2232 μείζονα
2882 2162 3112 2231 παρέχει
3143 2162 3239 2232 τὴν
3269 2162 3452 2232 χάριν.
3487 2163 3543 2215 ΕΞ
3569 2161 3656 2231 γὰρ

2114 2254 2242 2324 περὶ
2271 2252 2503 2324 Χριστοῦ
2533 2252 2934 2323 διαλεγόμενος,
2967 2254 3152 2306 ἐκεῖνα
3181 2253 3418 2322 μάλιστα
3451 2252 3655 2321 τίθησιν,

2113 2345 2150 2401 ἀ
2177 2347 2274 2414 τῆς
2302 2345 2710 2415 φιλανθρωπίας
2733 2344 2901 2398 αὑτοῦ
2929 2345 3043 2397 ἐστι
3072 2343 3270 2414 μᾶλλον
3298 2345 3334 2414 ἦ
3367 2344 3462 2413 τῆς
3506 2342 3656 2410 ἀξίας,

2115 2433 2210 2484 καὶ
2255 2431 2504 2501 ἀλλήλοις
2552 2429 2700 2503 [476]
2743 2432 3076 2486 συνδέδεται·
3129 2431 3308 2502 πολλῷ
3366 2433 3558 2502 μᾶλλον
3585 2432 3660 2483 ἐπὶ

2114 2525 2213 2592 τῆς
2239 2521 2520 2593 διαθήκης,
2549 2523 2860 2592 ἀναγκαίοις
2880 2523 3036 2576 τοῦτο
3063 2526 3222 2576 ποιεῖ.
3250 2523 3312 2576 Τί
3341 2519 3436 2577 οὖν
3458 2525 3564 2576 ἐστι
3593 2521 3658 2582 τὸ,

2119 2612 2366 2684 Γράμμα
2406 2614 2777 2678 ἁποκτείνει;
2809 2609 2973 2668 Εἶπεν
3019 2615 3102 2668 ὅτι
3142 2617 3199 2667 ἐν
3245 2615 3414 2678 πλαξι
3438 2615 3658 2676 λιθίναις,

2117 2707 2212 2759 καὶ
2260 2705 2505 2777 καρδίαις
2549 2705 2853 2777 σαρκίναις,
2889 2705 3103 2760 οὐδέπω
3143 2705 3198 2759 δὲ
3228 2707 3474 2776 μεγάλην
3517 2704 3661 2758 ἐδόκει

2115 2797 2378 2870 διαφορὰν
2401 2797 2599 2865 λέγειν.
2627 2798 2939 2870 Προσέθηκε
2964 2794 3056 2853 οὖν
3081 2799 3164 2853 ὅτι
3192 2797 3378 2869 ἐκείνη
3406 2798 3661 2869 γράμματι

2118 2889 2150 2960 ἦ
2180 2889 2390 2959 μέλανι,
2418 2887 2556 2960 αῦτη
2582 2889 2640 2943 δὲ
2665 2889 2958 2960 πνεύματι.
2985 2889 3122 2944 Οὔτε
3143 2889 3299 2944 τοῦτο
3334 2890 3478 2943 πάνυ
3495 2888 3661 2948 αὐτοὺς

2116 2981 2373 3052 διήγειρε.
2437 2980 2599 3050 Λέγει
2650 2977 2741 3036 οῦν
2791 2981 2976 3034 λοιπὸν
3040 2981 3176 3053 ὅπερ
3242 2981 3430 3036 ίκανὸν
3496 2981 3662 3042 αὐτοπ

2119 3071 2418 3138 πτερῶσαι,
2441 3071 2520 3124 ὃτι
2549 3071 2611 3124 τὸ
2645 3071 2741 3142 μὲν
2765 3071 3097 3135 ἀποκτείνει,
3128 3071 3190 3124 τὸ
3216 3071 3273 3124 δὲ
3310 3070 3577 3135 ζωοποιεῖ.

2189 3170 2258 3232 γ’.
2275 3163 2338 3216 Τί
2355 3162 2412 3217 δὲ
2433 3162 2588 3216 τοῦτό
2607 3164 2752 3216 ἐστιν
2767 3181 2782 3232 ;
2799 3165 2888 3217 Ἐν
2903 3163 2979 3234 τῷ
2999 3163 3149 3235 νόμῳ
3163 3165 3190 3217 ό
3212 3163 3518 3234 ἁμάρτημα
3531 3162 3660 3232 ἔχων,

2120 3253 2438 3318 κολάζεται·
2483 3253 2718 3309 ἐνταῦθα
2770 3256 2799 3308 6
2841 3255 3142 3326 ἁμάρτημα
3189 3254 3352 3325 ἔχων,
3386 3252 3662 3325 προσελθὼν

2121 3345 2462 3418 βαπτίζεται,
2483 3347 2577 3400 καὶ
2601 3347 2808 3416 γίνεται
2831 3347 3037 3411 δίκαιος
3061 3363 3076 3379 ο
3099 3345 3302 3410 δίκαιος
3333 3346 3393 3400 δὲ
3415 3346 3662 3416 γινόμενος

2121 3438 2209 3511 ζῇ,
2234 3439 2327 3493 τοῦ
2369 3437 2598 3494 θανάτου
2627 3442 2726 3511 τῆς
2757 3440 3029 3512 ἁμαρτίας
3051 3440 3409 3508 ἀπαλλαγείς.
3447 3440 3504 3494 '0
3530 3440 3662 3508 νόμος

2122 3532 2221 3585 ἐάν
2264 3531 2403 3606 λάϐῃ
2443 3532 2629 3601 φονέα,
2662 3533 2905 3603 ἀναιρεῖ-
2949 3533 2982 3602 ἡ
3025 3532 3185 3603 χάρις
3221 3531 3317 3584 ἐάν
3345 3531 3487 3606 λάϐῃ
3504 3529 3662 3601 φονέα,

2122 3624 2345 3693 φωτίζει
2392 3623 2486 3679 καὶ
2534 3625 2804 3688 ζωοποιεῖ.
2852 3624 2962 3678 Καὶ
3005 3624 3059 3676 τί
3113 3624 3258 3692 λέγω
3302 3625 3502 3694 φονέας
3547 3622 3663 3676 Ξύλα

2123 3715 2309 3768 ἔλαϐεν
2337 3715 2395 3766 ἐν
2425 3714 2680 3786 σαϐϐάτῳ
2708 3713 3034 3781 συλλέξαντα
3060 3717 3088 3769 6
3113 3715 3303 3786 νόμος,
3335 3717 3430 3769 καὶ
3453 3715 3660 3769 ἐλίθασε’

2122 3803 2279 3856 τοῦτό
2305 3804 2441 3868 ἐστι,
2483 3802 2554 3857 T6
2582 3802 2816 3872 γράμμα
2843 3803 3202 3858 ἀποκτείνει.
3238 3805 3482 3874 Μυρίους
3506 3802 3664 3872 ἀνδροο

2124 3894 2318 3962 φόνους
2337 3893 2432 3946 καὶ
2448 3893 2650 3965 λῃστὰς
2678 3892 2944 3964 λαμϐάνει
2972 3895 3005 3965 ἡ
3033 3894 3210 3968 χάρις,
3240 3895 3333 3947 καὶ
3364 3895 3666 3964 βαπτίζοντα

2123 3981 2453 4038 ἀπαλλάττει
2503 3980 2615 4035 τῶν
2675 3981 2957 4053 προτέρων
3006 3981 3220 4035 κακῶν·
3267 3982 3427 4035 τοῦτό
3453 3983 3578 4046 ἐστι,
3612 3979 3665 4032 τὸ

2125 4074 2360 4142 πνεῦμα
2393 4071 2674 4134 ζωοποιεῖ.
2733 4073 2972 4137 Ἐκείνος
2999 4073 3106 4126 ἀπὸ
3136 4073 3339 4137 ζῶντος
3386 4074 3566 4144 νεκρὸν
3595 4072 3666 4139 ἑρ-

2126 4165 2351 4235 γάζεται
2405 4165 2495 4219 τὸν
2536 4165 2759 4219 ἁλόντα·
2793 4163 2932 4235 αῦτη
2963 4166 3070 4218 ἀπὸ
3096 4165 3288 4238 νεκροῦ
3319 4165 3495 4231 ζῶντα
3524 4179 3665 4217 κατα-

2130 4255 2487 4321 σκευάζειτδν
2516 4255 3025 4310 ὑπεύθυνον.Δεῦτε
3047 4257 3154 4326 γάρ
3184 4257 3333 4324 πρός
3351 4274 3450 4325 με,
3478 4255 3666 4314 πάντες

2127 4351 2182 4402 οἱ
2221 4345 2546 4411 κοπιῶντες
2589 4346 2685 4400 καὶ
2737 4345 3233 4415 πεφορτισμένοιο
3281 4348 3378 4399 καὶ
3419 4347 3514 4398 οὐκ
3548 4339 3664 4402 εἷπε,

2127 4439 2358 4494 Κολάσω
2391 4440 2554 4509 ὑμᾶς,
2587 4437 2719 4502 ἀλλ’,
2766 4439 3122 4492 Ἀναπαύσω
3151 4435 3322 4506 ὑμᾶς.
3369 4438 3457 4490 Ἐν
3485 4435 3579 4505 γὰρ
3611 4431 3665 4499 ιῷ

2131 4532 2466 4604 βαπτίσματι
2509 4531 2770 4585 θάπτεται
2814 4530 2882 4584 τὰ
2931 4531 3322 4601 ἁμαρτήματα,
3365 4527 3666 4596 ἐξαλείφεται

2129 4625 2198 4678 τά
2245 4624 2504 4696 πρότερα,
2556 4621 2898 4687 ζωοποιεῖται
2947 4623 2976 4675 6
3027 4620 3330 4691 ἄνθρωπος,
3389 4618 3566 4688 ὥσπερ
3605 4617 3667 4675 είς

2134 4717 2315 4771 πλάκα
2343 4715 2510 4770 αὐτοῦ
2532 4715 2628 4787 τὴν
2661 4714 2887 4785 καρδίαν
2919 4713 3250 4782 ἐγγράφεται
3280 4713 3430 4765 πᾶσα
3458 4713 3488 4779 ἡ
3519 4709 3664 4779 χάριςο

2143 4806 2427 4876 Ἐννόησον
2469 4805 2648 4858 τοίνυν
2689 4805 2788 4874 ὅση
2817 4802 2912 4856 τοῦ
2966 4801 3280 4872 Πνεῦματος
3315 4801 3350 4870 ἡ
3397 4799 3535 4864 ἀξία,
3565 4799 3667 4848 ὅταν

2133 4898 2188 4950 αί
2216 4896 2422 4960 πλάκες
2455 4894 2618 4950 αὐτοῦ
2655 4894 2892 4964 βελτίους
2915 4893 3022 4947 τῶν
3045 4893 3345 4966 προτέρων,
3371 4893 3495 4946 ὅταν
3519 4884 3667 4960 μεῖζόν

2133 5007 2187 5043 τι
2220 4989 2315 5042 καὶ
2331 4989 2499 5056 αὐτῆς
2517 4989 2616 5058 τῆς
2639 4987 2983 5049 ἀναστάσεως
3011 4985 3432 5055 ἐπιδεικνύηται.
3459 4982 3559 5036 Καὶ
3582 4978 3664 5046 γὰρ

2136 5081 2172 5151 ἦ
2201 5081 2465 5151 νέκρωσις
2483 5080 2624 5151 αὕτη
2648 5079 2748 5148 τῆς
2779 5078 3051 5149 προτέρας
3099 5075 3474 5147 χαλεπωτέρα,
3505 5069 3564 5144 ἧς
3592 5065 3666 5120 καὶ

2137 5169 2488 5235 ἀπαλλάττει,
2529 5170 2626 5222 καὶ
2666 5165 2922 5238 τοσούτῳ,
2971 5168 3080 5236 ὅσῳ
3113 5165 3258 5236 ψυχὴ
3304 5163 3544 5233 σώματος
3569 5155 3665 5228 βελ-

2137 5264 2296 5318 τίων·
2325 5262 2420 5317 καὶ
2459 5261 2596 5331 αὕτη
2629 5261 2695 5314 δι’
2724 5258 2936 5330 ἐκείνης
2970 5258 3278 5313 συνίσταται
3308 5259 3340 5327 ἠ
3376 5254 3502 5325 ζωὴ,
3533 5251 3591 5321 ἣν
3618 5245 3665 5298 τὸ

2140 5356 2362 5427 Πνεῦμα
2401 5353 2646 5408 δίδωσιν
2697 5355 2746 5406 εί
2777 5352 2834 5406 δέ
2870 5350 3072 5422 ταύτην
3100 5349 3324 5404 δυνατὸν
3357 5340 3662 5418 χαρίσασθαι.

2141 5445 2322 5517 πολλῷ
2353 5445 2550 5517 μᾶλλον
2589 5444 2689 5516 τὴν
2719 5443 3002 5498 ἐλάττοναο
3053 5441 3267 5511 ἐκείνην
3296 5439 3394 5512 μὲν
3422 5436 3524 5506 γάρ
3556 5444 3663 5500 προ·

2140 5540 2308 5610 φῆται
2356 5536 2708 5610 είργάσαντο,
2761 5533 2962 5605 ταύτην
3013 5533 3070 5587 δὲ
3120 5533 3320 5586 οὐκέτι.
3362 5528 3539 5588 Οὐδεὶς
3581 5519 3664 5610 γάρ

2143 5629 2362 5686 δύναται
2395 5629 2614 5702 ἀφιέναι
2649 5625 2942 5701 ἁμαρτίας,
2973 5625 3020 5678 εἰ
3049 5625 3126 5697 μὴ
3148 5624 3304 5696 μόνος
3329 5624 3358 5674 ό
3394 5619 3536 5683 Θεός.
3559 5609 3662 5666 0ὑᾶ
