3712 6212
91 206 167 264 45⁸1
969 194 1037 252 ΙΝ
1076 194 1293 251 EPlST.
1333 192 1374 247 il

91 314 362 395 prmdic'amus.
384 316 477 386 Quo
512 315 592 377 ﬁt,
621 323 677 370 ut
718 327 823 366 non
866 308 1027 366 modo
1051 308 1173 379 quia
1217 307 1357 378 apud
1396 304 1532 360 alios

91 430 244 487 quoque
267 409 681 468 commendationis
726 408 893 461 instar
934 404 1090 459 nobis
1117 403 1264 464 estis,
1296 401 1536 472 epistolis

91 509 226 565 vestris
257 506 423 560 minime
458 502 813 573 indigeamus;
862 497 956 553 sed
998 498 1117 551 ideo
1145 511 1357 565 quoque
1384 510 1537 549 com-

92 598 342 655 nendatione
380 594 508 650 nobis
536 593 675 662 apud
717 606 813 646 vos
842 590 1059 643 minime
1101 602 1235 656 opus
1264 597 1365 649 est,
1394 586 1535 654 quod

91 708 147 746 'os
163 690 350 760 apprime
371 704 535 743 amem.
566 685 780 741 Etenim
801 684 866 738 ad
892 685 1101 753 ignotos
1128 681 1339 751 quidem
1370 680 1537 733 literis

91 785 273 855 uispiam
310 797 417 852 Opus
452 781 642 845 habet;
691 793 789 831 vos
831 787 1008 830 autem
1054 774 1208 829 nobis
1253 775 1305 828 in
1356 773 1537 827 animo

92 881 184 933 stis.
209 876 294 932 Nec
319 891 419 930 vero
443 876 607 929 solum
637 872 791 934 dixit,
824 871 982 934 Estis,
1012 869 1104 923 sed
1142 867 1400 936 Inscripti,
1433 867 1537 920 hoc

91 980 143 1033 st,
171 982 249 1023 nec
271 965 374 1021 mihi
399 981 450 1020 ex
478 965 654 1017 animo
681 961 928 1016 excidere
952 959 1191 1030 potestis.
1220 959 1363 1013 Sicut
1396 956 1537 1010 enim

91 1079 110 1113 ς
134 1059 283 1124 literis,
306 1058 374 1127 qui
398 1071 476 1111 eas
494 1056 695 1125 legunt,
714 1055 792 1108 sic
813 1068 877 1106 ex
904 1050 1066 1105 corde
1093 1060 1297 1111 nostro,
1326 1048 1413 1117 qui
1440 1047 1540 1101 hoc

91 1163 232 1219 orunt,
270 1162 461 1207 nostram
500 1165 623 1219 erga
675 1163 773 1202 vos
815 1145 1158 1200 dilectionem
1206 1151 1538 1212 perspectam

91 1245 234 1299 aheni.

108 1338 151 1391 2.
186 1335 400 1404 Quocirca
441 1335 480 1389 si
507 1334 778 1387 literarum
803 1329 906 1383 hoc
935 1342 1131 1382 munus
1157 1334 1261 1390 est,
1296 1336 1350 1378 ut
1380 1341 1444 1379 ex
1475 1323 1540 1378 iis

92 1440 212 1499 preat
235 1430 349 1482 hunc
364 1436 439 1481 aut
458 1426 603 1480 illum
629 1424 757 1478 mihi
785 1423 1013 1475 amicum
1038 1418 1271 1482 esse,hic
1295 1418 1541 1470 libertate

92 1534 231 1588 natur,
266 1522 323 1575 ad
362 1521 405 1574 id
432 1529 589 1573 totum
634 1515 1022 1572 conﬁciendum
1067 1513 1198 1567 satis
1243 1521 1325 1566 est
1365 1520 1541 1564 vestra

91 1628 143 1683 εει
168 1630 240 1666 me
257 1612 437 1665 caritas.
460 1609 588 1664 Nam
610 1609 725 1663 sive
751 1607 817 1661 ad
844 1622 935 1659 ves
960 1604 1385 1674 proficiscamur,
1409 1600 1543 1654 alio-

95 1722 136 1757 ttt
162 1702 572 1758 commendatione
613 1700 835 1754 minime
865 1697 1183 1766 indigemus,
1214 1693 1355 1764 quod
1388 1706 1543 1745 amor

91 1813 138 1862 gn
167 1813 240 1851 me
264 1806 416 1851 vester
454 1795 503 1849 id
548 1795 785 1848 muneris
805 1793 915 1862 jam
961 1790 1235 1860 occuparit
1265 1808 1279 1844 :
1310 1789 1427 1842 sive
1475 1786 1542 1841 ad

92 1904 160 1953 us,
191 1888 335 1942 literis
360 1880 533 1942 rursus
555 1885 684 1940 nihil
714 1885 870 1939 nobis
908 1898 1043 1952 Opus
1068 1890 1172 1946 est,
1216 1884 1400 1951 utpote
1428 1880 1547 1949 qui-

92 1996 113 2033 s
142 1980 306 2034 eadem
325 1978 524 2033 dilectio
551 1993 737 2033 earum
763 1977 881 2031 loco
911 1976 1041 2029 satis
1070 1975 1139 2028 sit
1164 1991 1180 2031 :
1209 1971 1546 2028 circumieri-

91 2090 127 2126 IS
153 2074 279 2127 enim
300 2072 558 2142 epistolam
585 2071 638 2125 in
687 2069 938 2125 cordibus
979 2068 1195 2122 nostris.
1224 2067 1339 2120 Mox
1384 2065 1545 2120 altius

92 2168 173 2219 huc
195 2180 279 2219 eos
301 2160 550 2225 attollens,
569 2163 850 2231 epistolam
873 2175 1083 2230 quoque
1104 2157 1305 2212 Christi
1336 2171 1430 2210 eos
1456 2171 1549 2209 vo-

96 2300 109 2322 ,
146 2257 355 2310 dicens:
396 2253 702 2325 Mauifestati
737 2254 872 2323 quod
908 2251 1120 2321 epistola
1167 2250 1284 2303 estis
1334 2247 1540 2302 Christi.

91 2363 170 2417 lue
213 2346 260 2400 id
304 2346 537 2417 loquutus
578 2345 913 2399 occasionem
965 2342 1088 2397 hinc
1134 2350 1295 2410 atque
1337 2340 1546 2393 initium

91 2441 151 2493 uit
184 2441 343 2510 legem
366 2437 719 2494 examinandi.
748 2440 919 2505 Atque
949 2435 1055 2489 alio
1087 2432 1247 2487 modo
1273 2448 1424 2486 suam
1455 2446 1548 2486 eos

91 2533 262 2585 stolam
290 2546 403 2585 esse
425 2530 506 2584 hic
532 2530 639 2584 ait:
661 2528 905 2598 superius
927 2528 1070 2581 enim
1098 2543 1192 2581 eos
1224 2526 1423 2579 idcirco
1445 2523 1551 2594 rpi-

92 2630 179 2678 Tam
227 2624 558 2695 appellabat,
588 2622 728 2691 quod
773 2621 841 2674 ab
882 2621 1014 2690 ipsis
1041 2617 1546 2674 commendaretur:

120 2727 289 2771 autem
330 2714 605 2784 epistolam
636 2712 835 2767 Christi
876 2727 970 2766 eos
1011 2722 1185 2773 vocat,
1234 2709 1410 2778 utqui
1456 2709 1549 2762 Dei

91 2825 152 2863 9m
204 2808 506 2878 inscriptam
562 2806 814 2860 habeant.
870 2804 1002 2860 Nam
1055 2820 1174 2874 qua:
1230 2802 1374 2858 Deus
1429 2816 1549 2855 cum

95 2902 226 2954 tibus
266 2900 413 2965 aliis,
462 2909 571 2953 tum
603 2898 751 2953 vobis
799 2899 959 2952 etiam
1003 2907 1123 2952 nota
1169 2911 1290 2951 esse
1318 2895 1549 2960 volebat,

92 2992 165 3045 in
195 2991 447 3045 cordibus
474 2990 662 3044 vestris
694 2990 946 3059 inscripta
974 2997 1115 3042 sunt.
1147 2986 1257 3042 Nos
1288 3001 1447 3056 porro
1478 2986 1550 3039 ita

113 3083 560 3152 comparavimus,
609 3094 668 3135 ut
698 3081 877 3135 literas
922 3080 1261 3150 exciperetis.
1294 3077 1363 3133 Ut
1408 3077 1551 3133 enim

91 3196 141 3235 es
184 3179 388 3249 lapides
432 3189 486 3233 et
529 3178 739 3233 tabulas
792 3177 1035 3246 sculpsit,
1076 3176 1155 3230 sic
1205 3189 1304 3228 nos
1342 3186 1553 3243 quoque

93 3288 172 3326 ias
212 3282 423 3326 vestras
457 3270 617 3325 :ideo
644 3270 739 3337 ait,
788 3267 1078 3322 Ministrata
1127 3283 1157 3319 a
1200 3267 1364 3320 nobis.
1401 3266 1469 3319 At
1499 3266 1551 3318 in

95 3364 207 3433 pari
251 3361 569 3417 conditione
610 3371 803 3416 erant:
837 3376 959 3414 nam
1000 3370 1055 3414 et
1083 3358 1187 3412 ilhc
1215 3373 1244 3411 a
1286 3358 1395 3412 Deo
1419 3371 1553 3410 con-

92 3467 178 3511 περ
217 3468 402 3522 erant,
437 3465 493 3511 et
523 3456 637 3509 h:ec
677 3471 706 3508 a
734 3454 958 3525 Spiritu.
986 3453 1224 3520 Quanam
1252 3466 1379 3521 ergo
1409 3451 1461 3503 in
1491 3465 1551 3504 re

92 3549 250 3602 'imen
278 3548 451 3601 situm
477 3547 599 3601 est?
631 3546 835 3615 Scripta
866 3563 967 3599 non
994 3554 1299 3609 atramento,
1318 3543 1404 3596 sed
1430 3542 1556 3611 Spi-

91 3640 181 3693 Dei
205 3640 427 3693 viventis
457 3654 476 3693 s
504 3655 606 3691 non
630 3638 681 3691 in
709 3638 889 3691 tabulis
910 3636 1153 3706 lapideis,
1177 3636 1266 3691 sed
1291 3635 1345 3687 in
1371 3633 1555 3686 tabulis

92 3752 116 3787 s
157 3732 491 3787 carnalibus.
539 3731 803 3797 Quantum
835 3740 1012 3782 autem
1044 3728 1182 3781 inter
1206 3726 1463 3796 Spiritum
1502 3733 1557 3779 et

92 3838 341 3888 ruentum,
373 3835 540 3895 atque
567 3825 704 3879 inter
736 3822 973 3892 lapideas
997 3831 1051 3875 et
1074 3821 1317 3875 carnales
1349 3818 1557 3873 tabulas

91 3930 191 3985 est,
232 3928 458 3973 tantum
486 3918 644 3970 etiam
678 3917 815 3969 inter
840 3915 936 3968 has
961 3923 1014 3969 et
1042 3913 1160 3967 illas
1179 3922 1261 3967 est
1284 3911 1555 3966 discrimi-

106 4027 173 4066 ac
220 4009 471 4081 proinde
514 4008 653 4062 inter
692 4021 1037 4076 eosqueque,
1066 4005 1156 4073 qui
1199 4003 1281 4057 his
1324 4017 1542 4071 operam

103 4113 229 4167 unt,
263 4114 320 4159 et
352 4119 509 4163 eum,
542 4103 629 4173 qui
654 4101 761 4156 illis
785 4116 998 4169 Operam
1024 4099 1254 4154 navavit.
1287 4098 1366 4153 Ob
1406 4113 1555 4153 eam-

91 4211 351 4259 causam,
389 4195 522 4265 quia
564 4191 842 4262 magnilice
868 4190 1118 4260 loquutus
1146 4188 1335 4255 fuerat,
1373 4188 1561 4243 conie-

126 4289 398 4356 seipsum
450 4286 662 4354 carpit,
709 4284 933 4338 dicens:
966 4283 1023 4336 4.
1075 4281 1345 4335 Fiduciam
1393 4290 1559 4334 autem

118 4378 401 4432 habemus
447 4392 538 4444 per
565 4374 819 4429 Christum
847 4376 913 4427 ad
952 4372 1153 4438 Deum;
1182 4390 1243 4426 ac
1272 4388 1454 4427 rursus
1481 4380 1564 4425 to-

92 4474 139 4528 ‘d
194 4474 327 4528 Deo
359 4471 636 4527 adscribit
668 4487 681 4522 :
718 4470 905 4523 horum
950 4469 1092 4523 enim
1136 4468 1289 4522 nobis
1318 4466 1561 4521 Christus

138 4574 236 4620 est
266 4607 284 4632 ,
342 4565 556 4634 inquit.
606 4564 661 4617 5.
724 4560 847 4615 Non
893 4562 1027 4632 quod
1072 4560 1368 4631 sufﬁcientes
1405 4560 1563 4612 simus

92 4673 141 4710 re
159 4657 394 4728 aliquid
422 4672 495 4710 ea:
515 4657 655 4709 nobis
674 4664 927 4724 tamquam
950 4669 1011 4707 ea:
1032 4652 1193 4706 nobis.
1222 4651 1351 4706 Vide
1377 4664 1563 4704 rursus

91 4765 143 4801 in
181 4748 375 4801 etiam
408 4747 880 4816 prmmuuitionem
901 4762 915 4811 ;
940 4745 1200 4814 siquidem
1227 4744 1325 4798 hac
1343 4745 1559 4809 virtute,

91 4848 131 4891 at
162 4838 545 4899 humilitate,
576 4838 630 4891 in
666 4838 855 4908 primis
885 4838 1081 4891 Paulus
1108 4837 1343 4891 excellit.
1374 4835 1563 4905 quue

108 4929 375 4998 quoties
408 4930 489 4985 de
521 4931 696 4999 seipse
740 4929 1024 4999 magniﬁce
1071 4928 1274 4997 aliquid
1303 4928 1398 4990 ait,
1434 4926 1562 4979 nihil

91 5023 242 5077 tudii
278 5023 591 5085 adhibeat,
624 5031 679 5075 ut
712 5023 763 5075 id
806 5021 993 5091 quovis
1039 5021 1200 5075 modo
1253 5022 1458 5090 tnitiget
1502 5038 1565 5074 ac

91 5125 137 5168 t.
186 5114 378 5182 Quod
414 5117 587 5170 etiam
622 5119 723 5169 hoc
765 5115 883 5169 loco
924 5114 1005 5167 his
1031 5114 1206 5168 verbis
1238 5113 1363 5167 facit
1398 5131 1411 5167 :
1444 5111 1565 5166 Non

91 5213 256 5265 imus
306 5212 638 5282 sufﬁcientes
662 5211 881 5281 cogitare
904 5209 1098 5278 aliquid
1140 5225 1203 5263 ex
1228 5208 1390 5271 nobis,
1436 5218 1567 5259 tam-

92 5319 155 5357 en:
211 5303 421 5358 nobis.
462 5303 579 5357 lloc
621 5311 722 5369 est,
752 5301 866 5355 Non
899 5301 967 5355 ita
1007 5301 1138 5366 dixi,
1172 5298 1447 5353 Fiduciam
1474 5299 1568 5351 lia-

132 5410 216 5448 ac
248 5395 305 5448 si
338 5393 517 5449 aliud
544 5402 782 5449 nostrum
826 5392 914 5457 sit,
942 5392 1080 5446 aliud
1117 5392 1240 5457 Dei;
1271 5390 1363 5446 sed
1396 5399 1565 5444 totum

92 5491 205 5540 teo
262 5485 588 5541 adscribo.
625 5483 819 5538 Nostra
845 5484 977 5537 enim
1020 5484 1314 5553 su/ﬁcientia
1358 5498 1420 5536 ea:
1456 5480 1567 5535 Deo

91 5580 209 5650 qui
234 5589 296 5633 et
332 5581 576 5633 idoneas
598 5586 688 5631 rios
710 5578 825 5649 fecit
850 5578 1100 5632 ministros
1129 5580 1243 5631 novi
1265 5577 1569 5632 testamenti.

95 5688 194 5743 st,
238 5673 521 5730 Idoneos
570 5691 661 5728 nos
700 5673 857 5744 fecit?
899 5672 1047 5729 Fecit
1086 5684 1147 5728 ut
1189 5671 1313 5729 huic
1359 5672 1566 5730 muneri

272 5773 595 5833 PATROL.
644 5774 759 5835 (in.
805 5773 965 5838 LXI.

1438 192 1531 250 AD

1766 193 2000 252 Ηοωιι.
2044 194 2132 250 Vl.
3114 203 3217 257 858

1641 323 1797 377 pares
1822 326 1944 366 esse
1966 314 2251 381 possimus.
2280 312 2509 369 Parvum
2533 330 2694 385 porro
2724 313 2827 371 hoc
2854 331 2962 371 non
2997 324 3105 381 est,
3145 317 3225 369 ni.

1644 403 1836 456 mirum
1881 403 2015 458 tales
2058 404 2265 459 tabulas
2311 415 2367 460 et
2410 407 2686 475 epistolas,
2734 408 3003 477 prioribus
3050 406 3219 461 multo

1644 494 1874 562 majores
1899 510 1963 549 ac
1991 498 2394 564 priestantiores
2436 497 2550 552 orbi
2576 499 2819 554 attulisse
2853 516 2866 551 :
2897 498 3039 553 unde
3063 499 3227 554 etiam

1643 585 1936 656 snbjunxit,
1967 586 2087 641 Non
2124 589 2304 653 (item,
2344 590 2434 643 sed
2473 590 2704 660 spiritus.
2745 591 2825 645 Eu
2856 607 3044 645 rursus
3084 590 3227 645 aliud

1643 677 1955 734 discrimen.
1988 680 2124 746 Quid
2167 682 2387 736 autem?
2430 698 2608 736 annon
2639 682 2721 737 lex
2750 698 2966 752 quoque
3009 682 3098 736 illa
3127 682 3231 751 8ρί-

1644 771 1851 826 ritualis
1899 773 2051 827 erat?
2091 774 2359 842 quomodo
2400 790 2530 844 ergo
2574 775 2696 828 ait:
2728 774 2932 828 Scimus
2970 773 3107 842 quod
3148 773 3232 826 [ex

1644 867 1927 935 spiritualis
1951 878 2023 921 est
2050 866 2224 939 (Rom.
2256 868 2310 922 7.
2346 867 2478 937 M)?
2515 867 2820 937 Spiritualis
2848 867 3062 937 quidem
3088 875 3227 930 erat,

1645 960 1738 1013 sed
1768 962 2012 1029 spiritum
2060 962 2280 1017 minime
2308 962 2580 1031 prmbebat
2610 982 2624 1020 :
2658 979 2761 1018 non
2805 965 2947 1018 enim
2980 962 3227 1031 spiritum

1646 1049 1842 1116 Moses,
1884 1053 1978 1106 sed
2008 1053 2191 1108 literas
2215 1055 2429 1120 attulit;
2468 1064 2667 1111 nostrae
2705 1065 2883 1109 autem
2910 1054 3034 1109 ﬁdei
3076 1068 3227 1108 com-

1648 1144 1869 1198 missum
1900 1154 2004 1211 est,
2054 1153 2111 1200 ut
2149 1147 2393 1215 Spiritum
2442 1146 2629 1202 demus
2663 1163 2678 1200 :
2707 1147 2851 1201 unde
2892 1146 3052 1200 etiam
3084 1143 3225 1198 istud

1646 1237 1886 1292 studiose
1932 1240 2299 1308 prosequitur,
2350 1239 2571 1302 dicens,
2619 1237 2790 1292 Litera
2828 1238 2961 1291 enim
3007 1234 3227 1302 occidit,

1646 1329 1857 1396 spiritus
1882 1340 2047 1383 autem
2077 1331 2310 1399 viviﬁcat.
2341 1331 2465 1385 Haec
2489 1338 2666 1385 autem
2694 1345 2797 1384 non
2827 1339 3031 1384 temere
3070 1327 3228 1393 dixit,

1648 1421 1741 1475 sed
1768 1437 1863 1475 eos
1891 1421 2233 1477 subindicans
2261 1424 2348 1492 qui
2376 1422 2442 1477 de
2467 1422 2702 1477 Judaicis
2726 1423 2889 1477 altum
2926 1418 3226 1488 capiebant.

1649 1514 1752 1571 Per
1792 1516 2001 1570 literam
2045 1528 2222 1571 autem
2270 1516 2372 1571 hoc
2421 1516 2541 1571 loco
2581 1517 2750 1586 legem
2797 1512 3068 1583 intelligit,
3112 1525 3233 1581 qua

1650 1616 1936 1676 peccantes
1985 1609 2249 1677 supplicio
2291 1608 2587 1674 afﬁciebat;
2618 1623 2715 1678 per
2759 1607 3004 1678 Spiritum
3046 1614 3227 1660 autem

1648 1700 1875 1770 gratiam
1911 1700 2186 1775 baptismi,
2215 1717 2317 1771 qua
2364 1703 2421 1769 ii,
2467 1703 2555 1773 qui
2598 1717 2628 1755 a
2670 1711 2893 1771 peccato
2923 1696 3232 1768 interempti

1650 1802 1790 1857 sunt,
1837 1792 1904 1847 ad
1944 1794 2107 1847 vitam
2160 1802 2499 1847 revocantur.
2533 1792 2821 1862 Postquam
2869 1790 3013 1844 enim
3043 1788 3234 1843 discri-

1650 1901 1769 1939 men
1802 1885 1933 1939 illud
1976 1887 2435 1952 commemoravit,
2468 1886 2611 1956 quod
2651 1886 2789 1940 inter
2833 1886 3113 1954 utriusque
3154 1891 3233 1937 ta.

1651 1977 1791 2032 bula:
1824 1988 2067 2032 naturam
2105 1986 2240 2043 erat,
2287 1993 2391 2031 non
2433 1979 2486 2031 in
2525 1993 2592 2033 eo
2623 1978 2811 2043 haeret,
2867 1977 2965 2033 sed
3004 1977 3232 2032 ulterius

1652 2084 2010 2140 progressus,
2064 2069 2166 2122 hoc
2211 2069 2371 2124 latius
2418 2069 2760 2139 prosequitur
2805 2086 2818 2121 :
2867 2083 2971 2137 qua
3023 2067 3232 2122 ratione

1651 2163 1948 2218 auditorem
1982 2163 2149 2233 magis
2168 2177 2361 2233 capere
2384 2170 2611 2232 poterat,
2640 2161 2887 2216 nimirum
2915 2160 2983 2215 ab
3004 2158 3233 2213 utilitate

1652 2264 1707 2311 et
1737 2254 2004 2311 facilitate.
2035 2254 2218 2325 Neque
2258 2255 2401 2309 enim
2431 2253 2667 2308 laborem
2710 2252 2891 2317 habet,
2942 2251 3134 2320 inquit,
3178 2257 3233 2304 et

1654 2347 1911 2416 majorem
1956 2348 2179 2417 gratiam
2211 2346 2386 2403 aliert.
2417 2346 2550 2401 Nam
2575 2345 2619 2400 si
2648 2346 2714 2400 de
2738 2346 2955 2401 Christo
2986 2345 3233 2415 loquens,

1653 2453 1715 2493 ea
1758 2438 2095 2509 potissimum
2128 2438 2279 2507 ponit
2303 2452 2423 2508 qua:
2464 2436 2807 2507 benignitatis
2838 2436 3001 2505 ipsius
3032 2437 3230 2506 potius,

1653 2545 1813 2599 quam
1844 2530 2010 2583 nostri
2042 2529 2215 2583 meriti
2262 2539 2405 2594 sunt,
2436 2544 2662 2600 qumque
2709 2529 2850 2584 inter
2888 2544 2949 2583 se
2988 2528 3238 2582 devincta

1655 2632 1816 2688 sunt,
1850 2623 2020 2676 multo
2075 2623 2245 2692 magis
2294 2621 2397 2676 hoc
2439 2623 2746 2677 necessario
2794 2621 2940 2684 facit,
2985 2636 3109 2676 cum
3167 2619 3237 2674 de

1659 2724 1982 2770 testamento
2009 2714 2265 2784 loquitur.
2314 2714 2581 2781 Quidnam
2625 2715 2787 2785 igitur
2828 2715 2944 2769 lure
2970 2712 3133 2768 verba
3165 2712 3241 2766 si-

1658 2805 1933 2875 gniﬁcaut,
1977 2805 2149 2860 Litera
2192 2806 2414 2861 occidit?
2446 2806 2661 2861 Dixerat
2686 2804 2898 2875 quidem
2948 2804 2999 2857 in
3044 2804 3241 2858 tabulis

1659 2898 1883 2970 lapideis
1928 2910 1983 2955 et
2031 2900 2283 2955 cordibus
2316 2900 2566 2965 carneis;
2618 2909 2674 2954 at
2714 2899 2949 2979 nondum
2988 2912 3239 2967 magnum

1659 2992 1928 3063 quoddam
1989 2992 2280 3047 discrimen
2336 2994 2575 3061 proferre
2627 2993 2928 3047 videbatur.
2979 2991 3243 3060 Adjunxit

1660 3087 1859 3156 itaque,
1880 3086 2019 3155 quod
2044 3086 2131 3139 illa
2150 3086 2301 3139 litera
2320 3096 2412 3139 aut
2433 3093 2754 3150 atramento,
2778 3084 2894 3139 haec
2910 3084 3097 3154 spiritu
3126 3098 3245 3151 per-

1660 3182 1856 3249 scripta
1885 3180 1974 3234 sit.
2030 3179 2141 3232 lloc
2168 3187 2343 3233 autem
2377 3194 2483 3233 non
2512 3192 2607 3233 eos
2633 3177 2917 3231 admodum
2950 3175 3239 3231 excitabat.

1664 3272 1777 3326 Hoc
1804 3288 1931 3341 ergo
1957 3271 2171 3326 domum
2204 3271 2355 3335 dicit,
2388 3270 2529 3340 quod
2561 3270 2641 3324 vel
2671 3284 2875 3339 pennas
2916 3268 3025 3323 illis
3049 3266 3243 3323 afferre

1660 3375 1841 3433 queat,
1874 3379 2085 3432 nempe,
2120 3363 2291 3417 Litera
2322 3365 2525 3429 occidit,
2562 3364 2772 3434 spiritus
2810 3371 2978 3415 autent
3001 3362 3241 3425 viui/icat.

1732 3456 1788 3509 5.
1831 3456 2097 3523 Quidnam
2128 3464 2302 3509 autem
2344 3455 2445 3509 hoc
2482 3454 2606 3509 est?
2638 3454 2693 3507 ln
2726 3455 2841 3523 lege
2866 3454 2912 3508 is
2935 3453 3023 3522 qui
3048 3467 3245 3523 pecca-

1662 3559 1773 3604 tum
1808 3549 1985 3612 habet,
2021 3551 2275 3619 punitur;
2322 3549 2411 3603 hic
2441 3550 2529 3618 qui
2559 3557 2836 3618 peccatum
2865 3546 3045 3613 habet,
3090 3561 3246 3600 acce-

1665 3642 1799 3696 dens
1847 3643 2166 3711 baptizatur,
2214 3657 2276 3696 ac
2320 3641 2496 3710 justus
2540 3640 2770 3695 efﬁcitur
2798 3656 2812 3691 :
2840 3638 3022 3707 justus
3062 3646 3243 3692 autem

1663 3735 1910 3797 eliectus,
1956 3735 2107 3797 vivit;
2149 3742 2334 3804 utpote
2363 3734 2566 3803 peccati
2611 3742 2785 3787 morte
2815 3731 3094 3785 liberatus.
3126 3728 3240 3784 Lex

1663 3832 1707 3885 si
1739 3830 2058 3885 homicidam
2084 3829 2390 3899 arripuerit,
2421 3843 2545 3882 eum
2574 3835 2746 3880 morte
2771 3824 2941 3879 afﬁcit
2966 3841 2979 3877 :
3004 3821 3172 3892 gratia
3199 3821 3245 3876 si

1663 3920 1983 3976 homicidam
2006 3922 2230 3989 ceperit,
2246 3919 2510 3973 illuminat
2536 3932 2599 3972 ac
2624 3916 2875 3971 viviﬁcat.
2899 3916 3036 3983 Quid
3066 3923 3246 3969 autem

1663 4016 1983 4071 homicidam
2024 4014 2179 4068 dico?
2226 4014 2334 4067 Lex
2381 4028 2539 4076 eum,
2584 4011 2673 4081 qui
2721 4010 2926 4065 sabbati
2973 4009 3060 4064 die
3104 4008 3248 4077 ligna

1664 4107 1975 4176 collegerat,
2028 4113 2298 4175 arreptum
2351 4102 2613 4171 lapidibus
2655 4101 2833 4155 obruit
2875 4098 3065 4168 (Num.
3113 4099 3245 4168 15);

1667 4199 1768 4254 hoc
1814 4199 1955 4252 enim
1992 4195 2241 4264 estquod
2273 4195 2367 4259 ait,
2392 4193 2565 4248 Litera
2593 4193 2775 4247 accidit
2802 4209 2821 4247 :
2850 4193 3017 4264 gratia
3059 4200 3247 4246 (cntra

1666 4300 1948 4346 sexcentos
1978 4288 2270 4343 homicidas
2308 4295 2363 4340 et
2391 4286 2627 4340 latrones
2655 4286 2877 4355 accepit,
2907 4298 2970 4337 ac
2998 4281 3248 4351 baptismi

1669 4402 1803 4455 aqua
1838 4385 2031 4437 tinctos
2060 4382 2326 4453 prioribus
2352 4380 2508 4435 malis
2536 4380 2761 4441 liberat;
2791 4379 2892 4432 hoc
2936 4385 3039 4443 est,
3069 4375 3245 4447 Spiri-

1670 4487 1751 4531 tus
1790 4476 2026 4543 vivi/icat.
2062 4474 2149 4528 Illa
2178 4489 2324 4540 eum,
2372 4473 2459 4542 qui
2490 4471 2863 4541 deprehensus
2890 4478 2994 4533 est,
3033 4484 3098 4523 ex
3126 4467 3250 4522 vivo

1669 4578 1936 4623 mortuum
1965 4564 2172 4620 reddit:
2202 4565 2316 4619 lucc
2343 4579 2493 4619 reum
2519 4579 2585 4618 ex
2613 4571 2824 4616 mortuo
2848 4563 3029 4615 vivum
3058 4558 3245 4614 eiiicit.

1682 4661 1852 4715 Venite
1886 4660 2048 4723 enim,
2099 4657 2288 4727 inquit,
2341 4658 2410 4710 ad
2460 4671 2539 4710 me
2584 4671 2754 4709 omnes
2795 4654 2879 4724 qui
2920 4651 3161 4707 laboratis
3204 4659 3247 4704 et

1668 4754 1864 4807 onerati
1889 4752 2007 4805 estis
2031 4765 2049 4803 :
2074 4760 2128 4804 et
2157 4763 2261 4803 non
2300 4747 2454 4811 dixit,
2495 4746 2814 4803 excruciabo
2840 4759 2955 4808 vos,
2987 4742 3102 4808 sed,
3131 4743 3249 4811 re/i-

1670 4845 1801 4897 ciam
1827 4859 1912 4896 vos
1932 4842 2146 4911 (Matth.
2170 4842 2259 4896 11.
2283 4840 2401 4907 28).
2430 4840 2642 4894 Etenim
2668 4839 2719 4892 in
2737 4836 3002 4909 baptismo
3028 4845 3249 4907 peccata

1671 4936 2022 5004 sepeliuntur,
2052 4934 2231 5005 priora
2254 4933 2520 4995 delentur,
2551 4932 2710 4985 homo
2729 4929 3050 4994 viviticatur,
3076 4926 3253 4983 omnis

1670 5028 1835 5092 gratia
1869 5027 1920 5079 in
1953 5026 2120 5095 ipsius
2148 5033 2386 5094 pectore,
2421 5034 2691 5093 tamquam
2736 5021 2790 5076 in
2832 5020 3028 5077 tabulis
3059 5020 3252 5075 inscri-

1673 5121 1836 5174 bitur.
1859 5121 2040 5189 itaque
2064 5131 2300 5189 reputes,
2335 5117 2517 5182 velim,
2541 5126 2735 5185 quanta
2764 5118 2994 5186 Spiritus
3017 5114 3252 5186 dignitas

1674 5212 1762 5277 sit,
1781 5212 1978 5281 quippe
1997 5225 2118 5264 cum
2148 5210 2317 5281 ipsius
2338 5210 2530 5265 tabula:
2550 5209 2819 5281 prioribus
2846 5208 3097 5264 meliores
3119 5207 3252 5272 sint,

1674 5314 1836 5372 atque
1883 5303 1996 5371 ipsa
2037 5301 2197 5357 etiam
2241 5301 2637 5358 resurrectione
2676 5301 3011 5371 praestantius
3053 5299 3256 5370 aliquid

1683 5395 1952 5451 ostendat.
1980 5394 2111 5450 Nam
2138 5403 2193 5450 et
2216 5410 2361 5451 mors
2394 5410 2478 5462 ea,
2510 5410 2540 5449 a
2564 5410 2666 5466 qua
2698 5396 2810 5466 ipsa
2838 5395 3048 5460 liberat,
3077 5395 3258 5464 priore

1677 5490 1893 5559 gravior
1923 5500 2025 5553 est,
2058 5500 2113 5543 et
2140 5489 2354 5560 quidem
2402 5499 2571 5557 tanto,
2602 5501 2801 5560 quanto
2827 5490 3001 5546 anima
3040 5487 3257 5558 corpori

1681 5590 1900 5652 pra‘stat
1931 5600 1946 5637 :
1974 5590 2135 5652 atque
2171 5596 2233 5636 ea
2261 5582 2391 5646 vita,
2424 5598 2582 5652 quam
2613 5582 2846 5652 Spiritus
2872 5580 3126 5652 impertit,
3160 5593 3257 5649 per

1679 5690 1798 5732 eam
1848 5672 2127 5730 conﬂatur.
2168 5672 2318 5743 Quod
2353 5674 2399 5730 si
2442 5674 2578 5731 hanc
2621 5674 2815 5731 ati‘erre
2844 5682 3036 5743 potest,
3082 5672 3254 5730 inuito

2804 5774 2885 5835 ‘28
