3712 6212
432 165 540 222 δὸθ

429 278 606 348 magis
625 276 888 332 minorem
911 291 928 332 :
949 274 1094 332 illam
1119 273 1317 330 etenim
1350 271 1624 343 prophetae
1649 284 1860 342 quoque
1879 284 2010 324 cou-

431 371 688 430 tulerunt,
721 368 859 422 hanc
883 375 1061 422 autem
1091 379 1196 420 non
1221 364 1462 435 perinde.
1493 363 1662 418 Nemo
1705 363 1870 424 enim,
1901 359 2011 412 Deo

429 475 540 514 ιιιιο
565 469 812 530 excepto,
839 468 1058 530 peccata
1087 459 1360 513 remittere
1387 464 1583 526 potest.
1607 455 1746 522 Quin
1779 469 1844 508 ne
1867 453 2013 506 illam

429 554 644 625 quidem
669 555 800 610 citra
821 555 1050 626 Spiritus
1071 569 1226 622 opem
1245 553 1552 620 praebebant
1575 552 1870 621 prOphette.
1897 550 2008 604 Nec

434 661 568 702 vero
611 645 714 701 hoc
741 646 1018 700 dumtaxat
1057 646 1246 700 mirum
1293 654 1396 708 est,
1436 643 1578 714 quod
1605 643 1857 708 vivilicet,
1910 641 2005 696 sed

429 739 596 794 etiam
625 737 768 810 quod
803 738 851 792 id
882 737 1106 792 faciendi
1131 746 1445 804 potestatem
1472 737 1593 790 aliis
1619 751 1830 806 quoque
1864 751 2007 804 prm-

427 829 628 886 buerit.
683 829 908 899 Accipite
967 829 1148 890 enim.
1205 828 1412 898 inquit,
1468 825 1721 894 Spiritum
1777 837 2010 881 sanctum

429 920 621 991 {lnam
643 919 732 976 20.
756 919 868 990 22).
897 919 1034 988 Quid
1055 920 1168 974 ita?
1195 937 1262 974 an
1293 920 1342 974 id
1373 920 1490 974 sine
1514 918 1710 988 Spiritu
1741 933 1846 972 non
1873 918 2004 972 lice-

429 1009 561 1066 bat?
587 1011 689 1067 Sed
721 1019 776 1066 ut
801 1011 1109 1068 ostenderet
1135 1013 1274 1066 Deus
1317 1009 1468 1065 illum
1510 1025 1774 1080 suprema:
1815 1019 2004 1080 poteno

425 1103 517 1157 tiae
555 1117 619 1156 ac
645 1103 808 1173 regite
847 1103 990 1157 illius
1033 1105 1280 1158 essentia:
1323 1119 1464 1170 esse,
1507 1101 1860 1172 eamdemque
1899 1103 2005 1156 vim

427 1193 648 1262 habere,
674 1195 756 1249 bis
777 1194 952 1250 verbis
975 1195 1139 1252 utitur
1163 1213 1176 1248 :
1198 1194 1420 1262 ideoque
1447 1194 1739 1264 subjungit,
1776 1195 2007 1260 Quorum

427 1287 720 1342 “miseritis
745 1297 968 1357 peccata,
995 1287 1315 1340 remittuntur
1343 1287 1448 1348 eis;
1472 1296 1518 1339 et
1537 1302 1750 1356 quorum
1776 1287 2004 1339 retinue-

427 1380 562 1445 τίείς,
589 1389 782 1432 retenta
810 1389 946 1433 sunt.
975 1377 1414 1448 Quandoquidem
1447 1379 1606 1446 igitur
1643 1392 1742 1430 nos
1767 1377 1872 1430 vita
1903 1375 2002 1430 do-

421 1471 596 1538 navit,
629 1472 866 1526 viventes
906 1486 1238 1534 maneamus,
1275 1485 1374 1524 nec
1402 1469 1468 1524 ad
1498 1470 1728 1537 priorem
1776 1479 2002 1522 mortem

426 1579 614 1620 rursus
659 1565 985 1619 redeamus:
1018 1563 1248 1617 Christus
1297 1562 1438 1616 enim
1477 1563 1592 1631 jam
1637 1577 1738 1614 non
1790 1561 2006 1614 moritur

427 1657 604 1724 (Rom.
629 1659 682 1714 6.
715 1659 830 1730 10).
851 1657 1002 1725 Quod
1029 1657 1173 1712 enim
1207 1666 1449 1710 mortuus
1475 1664 1577 1719 est,
1610 1663 1825 1722 peccato
1852 1669 1998 1706 mor-

426 1759 550 1804 tuus
573 1757 656 1804 est
681 1749 872 1812 semel,
903 1763 1002 1802 nec
1027 1749 1140 1802 vult
1161 1761 1374 1816 semper
1403 1761 1500 1800 nos
1528 1747 1712 1815 gratiae
1739 1745 2004 1800 beneﬁcio

421 1840 648 1894 salutem
678 1840 968 1909 consequi;
995 1839 1196 1909 alioqui
1219 1839 1362 1892 enim
1393 1839 1630 1892 onmium
1665 1837 1812 1890 vacui
1839 1835 2002 1890 futuri

421 1945 610 1986 sumus
639 1949 652 1983 :
683 1945 748 1984 ac
773 1929 1003 2000 proinde
1031 1946 1062 1983 a
1103 1929 1257 1984 nobis
1283 1944 1496 2000 quoque
1526 1929 1724 1998 aliquid
1767 1928 2001 1984 conferri

420 2024 556 2078 vult.
590 2025 770 2093 itaque
819 2023 922 2079 hoc
955 2024 1318 2090 conferamus,
1363 2030 1420 2077 ut
1463 2022 1696 2076 animam
1729 2022 1998 2076 viventem

420 2131 820 2172 conservemus.

495 2209 690 2262 Animi:
713 2209 836 2272 vita,
865 2223 998 2276 quae.
1025 2235 1097 2246 —
1123 2206 1258 2273 Quid
1286 2215 1462 2260 autem
1493 2206 1684 2260 anima:
1711 2206 1816 2260 vita
1847 2207 1935 2271 sit,
1969 2220 1998 2259 a

421 2317 649 2374 corpore
695 2302 860 2356 disce.
905 2301 1112 2356 Etenim
1161 2316 1354 2368 corpus
1399 2309 1508 2354 tum
1558 2299 1772 2354 demum
1821 2301 2000 2355 vivere

420 2394 617 2449 dicitur
645 2409 764 2448 cum
797 2407 928 2446 sano
958 2391 1186 2462 quodam
1215 2407 1402 2461 gressu
1429 2391 1625 2446 incedit
1649 2410 1660 2443 :
1685 2402 1738 2446 at
1769 2392 1855 2448 ubi
1883 2392 1998 2448 dis-

419 2485 652 2541 solutum
677 2486 837 2554 jacet,
866 2499 926 2540 ac
949 2495 1274 2554 pnnpostere
1299 2494 1564 2550 movetur,
1587 2485 1796 2540 etiamsi
1820 2485 1998 2540 vivere

419 2589 511 2632 aut
539 2577 811 2642 ambulare
841 2578 1086 2634 videatur
1107 2619 1122 2644 ,
1171 2589 1346 2632 tamen
1377 2577 1564 2647 quavis
1591 2587 1761 2631 morte
1784 2576 1997 2646 gravior

417 2681 501 2726 est
523 2671 831 2742 huiusmodi
859 2672 990 2727 vita.
1019 2671 1223 2726 Eodem
1255 2671 1416 2726 modo
1442 2671 1486 2726 si
1512 2671 1640 2724 nihil
1667 2672 1780 2726 sani
1811 2671 1996 2741 loqua-

421 2772 528 2829 tur,
558 2763 650 2818 sed
679 2779 886 2830 eorum,
918 2765 1006 2833 qui
1039 2763 1233 2818 mentis
1263 2772 1458 2818 emotae
1486 2773 1638 2827 sunt,
1669 2763 1844 2816 verbis
1876 2773 1995 2816 uta-

416 2865 504 2910 tur
524 2897 538 2922 ,
582 2867 744 2926 atque
769 2855 873 2910 alia
905 2870 1000 2924 pro
1024 2855 1145 2910 aliis
1173 2865 1390 2918 cernat,
1423 2867 1610 2908 rursus
1641 2854 1996 2909 miserabilior

415 2957 500 3004 est
523 2947 614 3007 ille
633 2987 649 3011 ,
678 2963 838 3018 quam
869 2947 1083 3002 mortui.
1117 2946 1208 3002 Sic
1235 2947 1410 3002 anima
1439 2961 1652 3016 quoque
1672 2988 1686 3008 .
1717 2961 1836 3000 cum
1865 2945 1994 3000 nihil

415 3041 531 3096 sani
563 3039 742 3104 liabet,
773 3039 984 3096 etiamsi
1015 3039 1240 3094 viventis
1268 3039 1498 3109 speciem
1532 3039 1782 3108 praebeat,
1817 3047 1994 3092 tamen

416 3140 626 3188 mortua
654 3142 736 3186 est
759 3149 774 3185 :
797 3149 916 3186 eum
947 3146 1138 3186 aurum
1173 3145 1277 3184 non
1308 3140 1363 3185 ut
1390 3145 1608 3194 aurum,
1643 3130 1736 3184 sed
1787 3138 1845 3184 ut
1883 3144 1995 3182 ma-

413 3239 578 3296 gnum
623 3224 821 3296 aliquid
849 3239 912 3280 ac
941 3224 1234 3294 pretiosum
1273 3223 1479 3288 cernit;
1525 3239 1648 3277 cum
1687 3224 1856 3276 futura
1889 3209 1992 3274 non

415 3319 650 3390 cogitat,
693 3317 788 3372 sed
823 3318 967 3372 humi
1015 3316 1218 3387 serpit;
1259 3331 1380 3372 cum
1413 3330 1508 3384 pro
1545 3315 1666 3368 aliis
1693 3315 1795 3369 alia
1842 3314 1990 3368 facit.

419 3409 572 3466 Unde
601 3409 748 3464 enim
777 3423 878 3463 nos
905 3409 1079 3462 anima
1123 3406 1374 3474 przeditos
1399 3419 1520 3460 esse
1548 3405 1788 3460 constat?
1817 3420 1994 3458 annon

415 3519 481 3558 ex
511 3501 854 3556 actionibus?
882 3499 1016 3556 Cum
1055 3499 1212 3569 igitur
1256 3499 1366 3553 suis
1397 3499 1510 3568 ipsa
1549 3498 1858 3553 muneribus
1885 3514 1994 3554 non

415 3595 654 3666 fungitur
672 3635 688 3660 ,
717 3609 897 3648 annon
925 3602 1136 3648 mortua
1163 3593 1282 3648 est?
1313 3591 1470 3647 Verbi
1498 3593 1664 3663 gratia
1685 3633 1701 3658 ,
1729 3607 1848 3646 cum
1883 3593 1995 3647 vir-

418 3689 549 3744 tutis
574 3703 700 3744 eura
743 3701 848 3742 non
883 3695 1093 3742 tenetur
1115 3727 1130 3752 ,
1171 3685 1264 3740 sed
1294 3685 1432 3755 rapit
1459 3701 1521 3739 ac
1547 3684 1806 3755 ﬂagitiose
1833 3685 1992 3751 vivit,

413 3779 562 3836 unde
585 3795 776 3850 queam
803 3779 988 3834 dicere
1012 3779 1244 3832 animam
1265 3776 1358 3832 tibi
1385 3777 1598 3832 inesse?
1624 3791 1690 3830 an
1713 3777 1852 3846 quod
1879 3793 1996 3832 am-

423 3870 624 3926 bules?
647 3870 718 3926 At
747 3869 848 3924 hoc
877 3869 1030 3924 bruta
1058 3869 1216 3924 etiam
1249 3869 1470 3924 habent.
1501 3869 1582 3922 An
1611 3869 1750 3938 quod
1777 3869 1906 3924 edas
1934 3883 1997 3924 ac

415 3963 610 4020 bibas?
649 3965 720 4018 At
763 3962 866 4018 hoc
907 3961 1138 4018 ferarum
1179 3977 1390 4034 quoque
1419 3971 1519 4018 est.
1551 3966 1632 4018 An
1663 3962 1804 4031 quod
1851 3971 1998 4018 recto

417 4069 650 4126 corpore
675 4055 768 4120 sis,
797 4069 860 4111 ac
887 4055 1094 4110 duobus
1123 4054 1346 4124 pedibus
1371 4055 1623 4110 insistas?
1647 4056 1716 4110 At
1739 4056 1842 4110 ltoc
1869 4055 1997 4110 mihi

419 4147 599 4219 potius
642 4146 840 4203 indicat
867 4155 918 4204 te
947 4147 1178 4203 belluam
1225 4146 1458 4200 humana
1489 4145 1659 4200 forma
1691 4161 1830 4202 esse.
1867 4147 1996 4200 Nam

415 4255 542 4296 cum
566 4249 761 4296 caetera
783 4239 974 4295 eadem
997 4237 1090 4294 tibi
1111 4253 1232 4294 cum
1255 4238 1430 4294 bellua
1455 4240 1582 4302 sint,
1601 4239 1800 4293 erectio
1821 4249 1998 4292 autem

425 4347 533 4388 non
577 4333 704 4386 item
731 4372 746 4396 ,
779 4331 881 4386 hoc
913 4331 1028 4402 ipso
1057 4330 1426 4386 vehementius
1455 4346 1542 4387 me
1569 4331 1752 4386 turbas
1780 4347 1844 4386 ac
1873 4346 1998 4402 per-

416 4423 712 4488 terrefacis,
739 4424 1012 4494 magisque
1032 4433 1334 4494 portentum
1357 4423 1407 4478 id
1424 4439 1544 4479 esse
1567 4425 1834 4490 existimo,
1857 4425 1998 4494 quod

415 4529 600 4572 cerno.
645 4513 860 4570 Etenim
901 4514 949 4571 si
991 4515 1160 4575 feram
1207 4515 1438 4570 humana
1479 4515 1652 4586 lingua
1697 4515 1998 4586 loquentem

413 4621 696 4664 cernerem
719 4648 736 4676 ,
781 4622 888 4662 non
933 4616 1216 4677 propterea
1263 4606 1534 4662 hominem
1569 4623 1690 4662 esse
1719 4608 1950 4663 dicerem
1981 4627 1995 4662 :

419 4701 548 4771 quin
573 4699 678 4756 hoc
700 4699 820 4771 ipso
841 4701 1066 4756 nomine
1096 4700 1274 4770 potius
1301 4700 1490 4764 feram,
1514 4701 1622 4755 tera
1645 4703 1999 4772 prodigiosio-

421 4809 558 4848 rem.
590 4793 742 4849 Unde
771 4809 898 4862 ergo
923 4794 1054 4848 mihi
1083 4793 1419 4862 exploratum
1449 4806 1568 4848 esse
1593 4803 1772 4862 queat,
1810 4793 1998 4848 buma-

421 4899 548 4940 nam
571 4886 804 4940 animam
838 4884 934 4940 tibi
979 4886 1192 4952 inesse,
1224 4901 1346 4940 cum
1375 4893 1436 4940 ut
1473 4885 1607 4939 asini
1635 4886 1912 4952 calcitres,
1944 4896 2002 4941 ut

419 4977 608 5032 cameli
652 4991 860 5032 memor
897 4977 972 5032 sis
1011 4978 1346 5046 i'njuriarum,
1389 4985 1447 5032 ut
1490 4977 1598 5032 utsi
1643 4976 1914 5044 mordeas,
1945 4986 2002 5032 ut

421 5069 534 5141 lupi
565 5071 740 5139 rapias
759 5111 776 5138 ,
805 5079 868 5124 ut
893 5071 1079 5142 vulpes
1106 5070 1306 5126 fureris
1329 5112 1344 5136 ,
1377 5079 1434 5126 ut
1462 5079 1740 5140 serpentes
1765 5069 1914 5124 vafer
1938 5085 2002 5125 ac

419 5159 794 5218 fraudulentus
811 5163 908 5228 sis,
926 5171 988 5218 ut
1005 5164 1156 5218 canis
1176 5163 1516 5234 impudenter
1537 5171 1590 5216 te
1611 5177 1766 5232 geras
1786 5163 1809 5215 ’Ξ
1835 5162 1999 5223 unde.

421 5257 664 5326 inquam,
693 5263 748 5311 te
777 5255 1008 5312 humana
1037 5258 1211 5310 anima
1253 5256 1530 5326 praeditum
1559 5270 1679 5310 esse
1707 5255 2000 5322 intelligere

423 5347 658 5418 queam?
689 5346 862 5404 Vultis
887 5355 1154 5402 mortuam
1179 5363 1242 5402 ac
1267 5349 1534 5403 viventem
1561 5346 1792 5400 animam
1823 5355 2002 5398 osten-

421 5440 593 5498 daml
619 5440 698 5496 Ad
729 5445 936 5512 priscos
963 5440 1083 5496 illos
1111 5438 1256 5494 viros
1286 5453 1588 5494 sermonem
1618 5435 1957 5491 conferamus
1982 5475 1999 5500 ,

423 5550 508 5600 ae,
537 5534 584 5590 si
612 5533 806 5606 placet,
835 5534 1054 5590 divitem
1085 5532 1232 5589 illum
1250 5574 1265 5600 ,
1289 5534 1379 5602 qui
1409 5531 1592 5585 Lazari
1623 5539 1865 5599 tempore
1887 5535 2003 5582 erat

427 5633 580 5702 (Iac.
615 5631 704 5703 l6)
723 5671 738 5697 ,
773 5628 826 5685 in
857 5627 1092 5684 medium
1123 5624 1487 5698 proferamus;
1514 5630 1674 5692 atque
1699 5659 1716 5688 ,
1747 5617 1999 5690 quidnam

1213 159 1270 218 S.
1311 158 1590 218 JOANNIS
1625 151 2097 212 CIIRYSOSTOMI
2135 153 2450 210 ARClliEP.
2489 155 3023 213 CONSTANTINOP.
3551 161 3616 218 ω

2120 267 2332 322 tandem
2373 285 2518 323 ntors
2554 271 2748 324 aninmo
2790 272 2896 337 sit,
2945 273 3330 342 intelligemus.
3363 272 3534 328 Eteai
3561 280 3616 334 ille

2125 367 2385 413 mortuam
2411 361 2644 415 animam
2673 361 2907 418 habebat
2931 380 2944 428 ;
2971 365 3131 432 idque
3151 381 3220 420 ex
3251 365 3316 418 iis
3335 380 3444 434 quae
3463 368 3616 426 ludebat

2117 448 2322 519 liquet:
2352 467 2538 506 eorum
2583 453 2730 507 enim
2775 471 3056 510 munerum
3082 497 3100 522 ,
3147 471 3274 524 quae
3313 459 3484 513 anima:
3513 475 3616 524 sunt,

2115 543 2316 596 nullum
2345 545 2773 616 exsequebatur,
2819 549 2916 603 sed
2953 550 3126 604 solum
3157 549 3358 604 edebat
3381 566 3438 606 ac
3473 551 3618 612 hillen

2115 647 2169 692 et
2195 638 2556 707 voluptatibus
2581 656 2796 711 operam
2824 643 3004 699 dabat.

2195 731 2216 782 ι
2273 731 2427 784 'l'ales
2459 749 2600 788 nunc
2637 735 2800 788 etiam
2843 746 3006 801 sunt,
3041 737 3130 806 qui
3175 737 3618 802 immisericordiae

2113 821 2428 876 crudelitate
2465 823 2710 878 laborant
2743 842 2758 879 :
2787 835 3053 880 mortuam
3079 828 3230 886 enim
3263 827 3320 882 hi
3347 843 3528 899 quoque
3545 837 3618 886 uti-

2114 925 2252 966 mam
2283 912 2503 982 habent,
2533 926 2590 970 ut
2617 928 2672 972 et
2703 918 2812 974 ille.
2843 919 3137 976 Universus
3161 921 3314 976 enim
3345 923 3388 976 is
3411 924 3542 988 calor,
3563 929 3618 996 (τά

2107 1001 2181 1058 ab
2201 1019 2386 1061 amore
2405 1023 2530 1076 erga
2555 1009 2854 1078 proximum
2883 1023 3082 1080 manat,
3099 1015 3418 1084 absumptus
3438 1021 3618 1086 esl,ipa-

2111 1109 2218 1163 que
2245 1098 2415 1166 magis
2439 1115 2595 1168 quam
2619 1101 2862 1158 exanime
2885 1119 3078 1174 corpus
3104 1116 3324 1162 mortua
3351 1117 3446 1160 est.
3469 1113 3522 1162 At
3541 1127 3620 1178 pan-

2117 1203 2214 1258 per
2257 1206 2362 1245 non
2412 1191 2523 1258 ita;
2565 1195 2658 1248 sed
2697 1196 2750 1250 in
2792 1197 2902 1267 ipsa
2947 1199 3312 1270 phiIoSOphia:
3357 1217 3472 1256 arce
3507 1213 3618 1266 stans,

2110 1283 2354 1338 elucebat
2381 1304 2394 1339 :
2423 1294 2480 1341 et
2507 1291 2748 1357 quamvis
2787 1301 3044 1360 perpetua
3076 1293 3222 1347 fame
3251 1293 3618 1360 conﬂictaretur,

2109 1391 2172 1430 ac
2193 1393 2260 1431 ne
2285 1381 2618 1435 necessarius
2638 1383 2849 1452 quidem
2867 1386 3020 1440 cibus
3039 1387 3136 1455 ipsi
3163 1397 3488 1456 suppeteret,
3503 1399 3618 1443 tam

2111 1487 2177 1526 ne
2205 1474 2282 1526 sic
2311 1475 2525 1543 quidem
2574 1477 2868 1547 blasphemi
2899 1482 3186 1550 quidquam
3237 1481 3488 1536 adversus
3511 1483 3618 1536 Dem

2109 1564 2359 1634 loquutus
2401 1576 2520 1632 est,
2557 1569 2647 1622 sed
2677 1572 2854 1624 omnia
2899 1587 3160 1640 generoso
3203 1575 3394 1628 animn
3417 1577 3532 1629 tulit.
3553 1579 3622 1630 llnr

2111 1669 2270 1723 porro
2297 1673 2402 1711 non
2434 1675 2654 1728 parvum
2681 1663 2871 1716 animm
2899 1679 3034 1734 opus
3061 1675 3164 1730 est,
3193 1665 3296 1721 sed
3327 1668 3622 1722 maximitate

2109 1760 2394 1802 nervorum
2425 1759 2478 1804 et
2503 1753 2750 1807 sanitatis
2777 1767 3170 1824 argumentum.
3201 1758 3344 1812 Cum
3375 1769 3530 1812 autem
3553 1759 3624 1814 In:

2108 1837 2516 1906 destderantur,
2552 1842 2720 1913 liquet
2765 1845 2887 1900 ideo
2915 1861 2976 1900 ea
3007 1847 3284 1904 interiisse
3305 1891 3322 1912 ,
3367 1851 3480 1919 quia
3505 1855 3622 1902 anim

2107 1937 2314 1982 mortua
2345 1932 2432 1984 sit.
2464 1935 2654 1988 Annon
2677 1945 2942 1992 mortuam
2963 1940 3196 1994 animam
3223 1941 3376 1994 illam
3401 1956 3510 1996 esse
3525 1943 3622 1996 dit-e-

2107 2035 2243 2083 mus,
2274 2039 2430 2088 quam
2455 2025 2656 2080 invadit
2677 2026 2940 2096 diabolus,
2967 2029 3188 2095 feriens,
3219 2031 3510 2096 lancinans,
3529 2049 3622 2085 mm-

2104 2113 2238 2169 dens
2263 2155 2279 2179 ,
2325 2117 2561 2172 calcibus
2611 2120 2875 2190 impetens
2901 2164 2915 2184 ,
2947 2139 3048 2178 nec
3089 2134 3272 2178 tamen
3313 2141 3376 2179 ea
3405 2125 3624 2196 quidquam

2104 2207 2294 2264 horum
2325 2211 2489 2266 sentit
2512 2253 2525 2277 ,
2557 2213 2648 2268 sed
2681 2226 2888 2270 mortua
2911 2217 3085 2284 jacet,
3117 2234 3253 2282 nec,
3289 2234 3412 2272 cum
3439 2223 3522 2287 ipsi
3541 2237 3624 2288 opes

2103 2316 2215 2356 sum
2244 2305 2550 2360 adimuntur
2573 2349 2588 2374 ,
2621 2307 2768 2362 dolet
2799 2326 2812 2361 :
2845 2325 3030 2364 verum
3061 2311 3151 2365 ille
3179 2313 3404 2380 quidem
3435 2313 3622 2372 insultat,

2103 2392 2217 2449 haec
2242 2406 2416 2450 autem
2443 2397 2731 2453 immobilis
2757 2411 2955 2466 manet,
2979 2411 3033 2455 et
3059 2404 3226 2456 instar
3249 2407 3492 2472 corporis
3507 2407 3624 2456 anim

2102 2485 2274 2540 orbati
2301 2486 2448 2542 nullo
2475 2502 2636 2543 sensu
2665 2489 2932 2546 afﬁcitur?
2957 2491 3088 2546 Nam
3119 2507 3242 2546 cum
3279 2493 3374 2547 Dei
3405 2495 3542 2548 timor
3563 2511 3622 2546 uta

2101 2593 2223 2632 cum
2270 2594 2396 2633 cura
2437 2595 2500 2634 ac
2541 2580 2810 2651 diligentia
2857 2599 2962 2637 non
3009 2583 3192 2648 adest,
3227 2585 3396 2640 talem
3429 2601 3530 2639 eam
3551 2601 3626 2638 ease

2104 2688 2324 2730 necesse
2349 2683 2465 2739 est,
2493 2690 2557 2729 ac
2585 2677 2810 2729 mortuis
2839 2675 3192 2731 miseriorem.
3235 2675 3426 2746 Neque
3463 2677 3574 2730 enim
3595 2677 3624 2726 is

2105 2766 2310 2820 saniem
2346 2776 2399 2820 et
2423 2767 2655 2821 cinerem
2684 2783 2746 2821 ac
2771 2769 3066 2837 pulverem,
3089 2769 3346 2837 corporis
3373 2770 3424 2822 in
3449 2771 3624 2824 ηιθάιιεε..

2078 2857 2274 2910 'auinta
2297 2857 2568 2922 dilabitur,
2595 2857 2690 2913 sed
2715 2859 2768 2912 in
2793 2873 2877 2922 ea,
2903 2874 3020 2928 qua:
3045 2859 3128 2912 bis
3157 2859 3430 2914 fmtidiora
3459 2871 3574 2920 sunt,
3595 2861 3624 2910 is

2101 2949 2414 3004 ebrietatem
2436 2992 2450 3014 ,
2481 2951 2532 3004 in
2559 2951 2838 3004 avaritiam
2861 2992 2876 3014 ,
2911 2950 2962 3004 in
2991 2951 3258 3007 absurdos
3286 2969 3496 3008 amores
3517 2963 3562 3007 et
3579 2953 3626 3004 ia-

2104 3041 2448 3110 tcmpestivas
2473 3041 2813 3112 cupiditates.
2843 3041 2996 3109 Quod
3025 3045 3069 3097 si
3103 3045 3278 3114 ipsius
3305 3047 3534 3101 faetorem
3553 3061 3624 3098 cer-

2105 3134 2208 3188 tius
2239 3134 2430 3188 intueri
2459 3135 2608 3203 cupis
2631 3177 2648 3200 ,
2688 3133 2756 3188 da
2783 3134 2912 3188 mihi
2944 3151 3129 3204 puram
3173 3137 3418 3192 animam
3443 3180 3458 3201 ,
3485 3153 3536 3190 ac
3557 3149 3624 3188 Iun

2103 3225 2380 3295 perspicue
2401 3240 2591 3280 cernes
2611 3241 2770 3296 quam
2799 3225 2980 3281 fmtida
2999 3227 3070 3281 sit
3091 3227 3262 3296 turpis
3283 3227 3374 3281 illa
3395 3239 3446 3282 et
3461 3229 3624 3296 impun.

2099 3317 2251 3372 Nunc
2277 3318 2418 3372 enim
2447 3317 2497 3372 id
2516 3318 2734 3372 minime
2755 3318 3064 3387 perspicere
3087 3319 3330 3388 poteris;
3361 3335 3476 3372 nam
3495 3335 3626 3388 φηςι)-

2099 3411 2188 3464 diu
2233 3410 2404 3466 fmtori
2437 3411 2850 3465 assueti-sumus
2871 3452 2886 3476 ,
2937 3411 2989 3464 id
3022 3427 3128 3466 non
3155 3413 3430 3466 sentimus
3455 3423 3622 3465 :atcaa

2101 3506 2463 3574 spiritualibus
2505 3503 2845 3560 sermonibus
2885 3504 3114 3564 alimur.
3165 3515 3299 3559 tunc
3333 3505 3520 3560 malum
3543 3503 3624 3556 ila-.1

2099 3598 2438 3666 agnoscimus
2457 3641 2472 3664 ,
2499 3597 2708 3651 etiamsi
2733 3596 3012 3666 permultis
3034 3595 3352 3651 indifferens
3373 3611 3486 3651 esse
3507 3595 3626 3647 vide:-

2103 3699 2208 3744 tur.
2245 3692 2320 3745 Ac
2359 3690 2426 3744 de
2468 3689 2710 3758 gehenna
2761 3688 2994 3742 nondum
3045 3689 3270 3757 loquor;
3315 3689 3414 3743 sed
3454 3689 3494 3742 si
3535 3689 3626 3738 Ιυὲιιε

2103 3781 2380 3851 prmsentia
2404 3779 2788 3850 expendamus,
2815 3794 2914 3834 nec
2936 3795 3055 3833 eum
3081 3781 3171 3849 qui
3195 3779 3376 3848 turpia
3399 3787 3624 3848 perpetui.

2057 3911 2060 3914 ~
2103 3873 2196 3929 sed
2239 3889 2360 3929 eum
2405 3873 2496 3941 qui
2541 3872 2712 3940 turpia
2757 3871 3024 3938 loquitur,
3055 3869 3624 3936 consideremus,q=nm

2103 3965 2361 4020 ridiculus
2389 3965 2480 4028 sit,
2514 3978 2782 4032 quamque
2809 3977 2928 4016 sese
2957 3960 3186 4030 primum
3215 3961 3530 4014 contumelia
3553 3957 3626 4008 alla-

2101 4055 2227 4121 eiat,
2258 4065 2437 4124 atque.
2471 4063 2530 4108 ut
2553 4053 2642 4124 qui
2671 4067 2882 4108 caenum
2909 4050 3122 4122 aliquod
3147 4067 3211 4106 ex
3239 4067 3344 4106 ore
3371 4051 3626 4112 emittit,sit

2103 4163 2164 4202 se
2203 4145 2689 4216 ipsecontaminet.
2717 4144 2932 4198 Etenim
2959 4143 3004 4198 si
3033 4142 3197 4196 (lusio
3225 4158 3402 4212 usque
3425 4142 3542 4196 adeo
3563 4141 3624 4190 ia-

2105 4253 2236 4308 pura
2265 4248 2368 4303 eSt,
2393 4237 2588 4305 cogita,
2619 4249 2802 4305 quaaso
2821 4275 2837 4300 ,
2865 4233 3039 4304 qualis
3069 4233 3224 4301 hujus
3249 4234 3400 4288 cmui
3423 4229 3628 4295 δεδιωςῆ

2105 4331 2175 4384 sit
2199 4348 2212 4383 :
2239 4329 2319 4384 Ea:
2340 4329 2652 4383 abundantia
2673 4329 2806 4382 enim
2833 4328 3001 4382 cordis
3027 4343 3082 4380 os
3108 4325 3336 4394 loquitur
3367 4324 3554 4394 (Matth.
3571 4319 3624 4374 l2.

2103 4423 2218 4492 54).
2249 4421 2360 4491 Ego
2386 4437 2515 4478 vero
2557 4435 2662 4476 non
2707 4419 2811 4474 hoc
2853 4427 3056 4472 tantum
3101 4417 3326 4472 nomine
3373 4417 3624 4486 ingemat:

2105 4512 2246 4581 quod
2275 4512 2412 4582 apud
2443 4511 2728 4566 nonnullos
2755 4527 2824 4566 ne
2847 4519 2998 4578 turpe
3019 4508 3230 4578 quidem
3255 4507 3402 4562 istud
3427 4506 3622 4560 rideatur.

2107 4606 2240 4660 Hinc
2270 4605 2406 4659 mala
2435 4605 2614 4658 omnia
2643 4604 3030 4658 incrementum
3057 4601 3296 4670 capiunt,
3330 4615 3452 4654 eum
3475 4607 3522 4652 et

2106 4711 2311 4762 camus,
2343 4711 2441 4750 nec
2473 4705 2646 4749 tamen
2675 4707 2898 4763 peceare
2927 4691 3211 4762 nobisipsis
3237 4689 3502 4745 videmur.

2183 4789 2426 4840 Obscmna
2447 4785 2585 4855 loqui
2603 4794 2844 4856 quantum
2865 4782 3074 4836 malum.
3098 4813 3170 4822 —
3185 4783 3352 4838 Visne
3373 4783 3518 4852 igitur
3533 4777 3622 4831 scit!

2106 4889 2361 4948 quantum
2393 4879 2588 4932 malum
2619 4878 2686 4930 sit
2719 4877 2890 4944 turpia
2925 4873 3110 4943 loqui?
3137 4873 3512 4928 Animadverte
3533 4885 3622 4938 qur

2108 4970 2268 5026 modo
2295 4985 2421 5034 eos,
2445 4969 2542 5038 qui
2571 4975 2623 5022 te
2651 4966 2872 5020 audiunt
2893 5005 2908 5026 ,
2940 4964 3310 5022 obscaenitatis
3342 4974 3442 5016 tua:
3465 4961 3606 5030 pudeat

2107 5063 2240 5132 Quid
2261 5063 2400 5114 enim
2432 5059 2606 5121 vilius,
2628 5057 2752 5128 quid
2775 5057 3132 5125 contemptius
3162 5055 3380 5108 homine
3407 5053 3552 5120 turpia
3575 5051 3620 5100 io-

2109 5153 2338 5222 quente?
2365 5151 2494 5204 Nam
2523 5151 2610 5218 qui
2643 5149 2776 5202 tales
2804 5155 2964 5212 sunt,
2997 5147 3047 5200 in
3079 5145 3396 5198 histrionum
3419 5143 3616 5196 classes.

2108 5255 2267 5313 atque
2296 5243 2346 5296 in
2377 5241 2676 5312 prmtitutte
2705 5237 2971 5308 pudicitia:
2995 5236 3276 5290 mulierum
3303 5234 3526 5288 ordinem

2108 5336 2433 5394 coatruduut
2454 5353 2466 5388 :
2489 5335 2598 5388 imo
2619 5333 2779 5387 etiam
2803 5331 2921 5401 plus
2942 5330 3068 5394 illis,
3093 5344 3250 5396 quam
3275 5327 3440 5388 vobis,
3461 5323 3616 5392 patiar!

2109 5431 2268 5486 inest.
2296 5427 2536 5494 Quonam
2580 5434 2756 5478 autem
2797 5421 2958 5476 modo
3004 5435 3224 5474 uxorem
3267 5417 3334 5472 ad
3375 5409 3614 5486 pudicii'tﬁii

2109 5523 2324 5580 erudire
2349 5535 2534 5592 queas,
2558 5533 2677 5574 cum
2705 5533 2797 5586 per
2823 5513 3125 5584 hujusmodi
3147 5512 3304 5567 verba
3325 5525 3434 5565 eam
3459 5505 3514 5558 ad
3537 5501 3616 5552 ltui-

2109 5619 2288 5674 diuctu
2329 5612 2612 5670 instituas?
2645 5611 2865 5665 Prmstat
2911 5606 3114 5662 saniem
3153 5620 3219 5660 ex
3259 5617 3351 5658 ore
3391 5597 3612 5654 emittat.
