  <div class='ocr_page' id='page_1' title='image "/cluster/home/n/w/nwhite01/storage/ocr_20150623/61/hvd.32044019190461/446.png"; bbox 0 0 3780 6318; ppageno 0'>
   <div class='ocr_carea' id='block_1_1' title="bbox 147 396 1704 472">
    <p class='ocr_par' dir='ltr' id='par_1_1' title="bbox 147 396 1704 472">
     <span class='ocr_line' id='line_1_1' title="bbox 147 396 1704 472; baseline -0.003 -19"><span class='ocrx_word' id='word_1_1' title='bbox 147 402 351 471; x_wconf 77' lang='grc' dir='ltr'>ἐκείνην</span> <span class='ocrx_word' id='word_1_2' title='bbox 380 400 433 454; x_wconf 81' lang='grc' dir='ltr'>δὲ</span> <span class='ocrx_word' id='word_1_3' title='bbox 477 401 642 472; x_wconf 74' lang='grc' dir='ltr'>χωρὶς</span> <span class='ocrx_word' id='word_1_4' title='bbox 678 398 994 469; x_wconf 89' lang='grc' dir='ltr'>Πνεύματος</span> <span class='ocrx_word' id='word_1_5' title='bbox 1025 400 1282 469; x_wconf 89' lang='grc' dir='ltr'>παρεῖχον</span> <span class='ocrx_word' id='word_1_6' title='bbox 1328 399 1377 449; x_wconf 84' lang='grc' dir='ltr'>οἰ</span> <span class='ocrx_word' id='word_1_7' title='bbox 1410 396 1704 467; x_wconf 77' lang='grc' dir='ltr'>προφῆται.</span> 
     </span>
    </p>
   </div>
   <div class='ocr_carea' id='block_1_2' title="bbox 145 488 1704 562">
    <p class='ocr_par' dir='ltr' id='par_1_2' title="bbox 145 488 1704 562">
     <span class='ocr_line' id='line_1_2' title="bbox 145 488 1704 562; baseline -0.003 -17"><span class='ocrx_word' id='word_1_8' title='bbox 145 494 210 546; x_wconf 83' lang='grc' dir='ltr'>οὐ</span> <span class='ocrx_word' id='word_1_9' title='bbox 242 492 398 545; x_wconf 88' lang='grc' dir='ltr'>τοῦτο</span> <span class='ocrx_word' id='word_1_10' title='bbox 423 492 479 545; x_wconf 90' lang='grc' dir='ltr'>δέ</span> <span class='ocrx_word' id='word_1_11' title='bbox 510 495 625 545; x_wconf 85' lang='grc' dir='ltr'>ἐστι</span> <span class='ocrx_word' id='word_1_12' title='bbox 656 492 816 562; x_wconf 89' lang='grc' dir='ltr'>μόνον</span> <span class='ocrx_word' id='word_1_13' title='bbox 844 490 905 543; x_wconf 82' lang='grc' dir='ltr'>τὸ</span> <span class='ocrx_word' id='word_1_14' title='bbox 938 489 1269 559; x_wconf 84' lang='grc' dir='ltr'>θαυμαστὸν,</span> <span class='ocrx_word' id='word_1_15' title='bbox 1305 491 1386 543; x_wconf 78' lang='grc' dir='ltr'>ὅτι</span> <span class='ocrx_word' id='word_1_16' title='bbox 1433 488 1704 552; x_wconf 78' lang='grc' dir='ltr'>ζωοποιεῖ,</span> 
     </span>
    </p>
   </div>
   <div class='ocr_carea' id='block_1_3' title="bbox 142 578 1706 652">
    <p class='ocr_par' dir='ltr' id='par_1_3' title="bbox 142 578 1706 652">
     <span class='ocr_line' id='line_1_3' title="bbox 142 578 1706 652; baseline -0.004 -16"><span class='ocrx_word' id='word_1_17' title='bbox 142 584 247 636; x_wconf 85' lang='grc' dir='ltr'>ἀλλ’</span> <span class='ocrx_word' id='word_1_18' title='bbox 272 583 354 636; x_wconf 87' lang='grc' dir='ltr'>ὃτι</span> <span class='ocrx_word' id='word_1_19' title='bbox 396 583 488 637; x_wconf 81' lang='grc' dir='ltr'>καὶ</span> <span class='ocrx_word' id='word_1_20' title='bbox 531 584 736 652; x_wconf 80' lang='grc' dir='ltr'>ἑτέροις</span> <span class='ocrx_word' id='word_1_21' title='bbox 779 582 936 635; x_wconf 88' lang='grc' dir='ltr'>τοῦτο</span> <span class='ocrx_word' id='word_1_22' title='bbox 977 581 1217 650; x_wconf 79' lang='grc' dir='ltr'>παρέσχε</span> <span class='ocrx_word' id='word_1_23' title='bbox 1246 582 1437 635; x_wconf 83' lang='grc' dir='ltr'>ποιεῖν.</span> <span class='ocrx_word' id='word_1_24' title='bbox 1486 578 1706 633; x_wconf 81' lang='grc' dir='ltr'>Λάϐετε</span> 
     </span>
    </p>
   </div>
   <div class='ocr_carea' id='block_1_4' title="bbox 149 672 1704 743">
    <p class='ocr_par' dir='ltr' id='par_1_4' title="bbox 149 672 1704 743">
     <span class='ocr_line' id='line_1_4' title="bbox 149 672 1704 743; baseline -0.002 -17"><span class='ocrx_word' id='word_1_25' title='bbox 149 676 260 743; x_wconf 71' lang='grc' dir='ltr'>γὰρ,</span> <span class='ocrx_word' id='word_1_26' title='bbox 296 674 451 743; x_wconf 77' lang='grc' dir='ltr'>φησὶ,</span> <span class='ocrx_word' id='word_1_27' title='bbox 480 674 717 742; x_wconf 80' lang='grc' dir='ltr'>Πνεῦμα</span> <span class='ocrx_word' id='word_1_28' title='bbox 745 673 932 741; x_wconf 76' lang='grc' dir='ltr'>ἅγιον.</span> <span class='ocrx_word' id='word_1_29' title='bbox 961 673 1059 725; x_wconf 82' lang='grc' dir='ltr'>Διά</span> <span class='ocrx_word' id='word_1_30' title='bbox 1088 674 1171 734; x_wconf 78' lang='grc' dir='ltr'>τίς</span> <span class='ocrx_word' id='word_1_31' title='bbox 1200 674 1367 743; x_wconf 78' lang='grc' dir='ltr'>χωρὶς</span> <span class='ocrx_word' id='word_1_32' title='bbox 1392 672 1704 739; x_wconf 88' lang='grc' dir='ltr'>Πνεύματος</span> 
     </span>
    </p>
   </div>
   <div class='ocr_carea' id='block_1_5' title="bbox 139 761 1704 833">
    <p class='ocr_par' dir='ltr' id='par_1_5' title="bbox 139 761 1704 833">
     <span class='ocr_line' id='line_1_5' title="bbox 139 761 1704 833; baseline -0.001 -18"><span class='ocrx_word' id='word_1_33' title='bbox 139 763 238 833; x_wconf 85' lang='grc' dir='ltr'>γάρ</span> <span class='ocrx_word' id='word_1_34' title='bbox 274 764 375 817; x_wconf 82' lang='grc' dir='ltr'>οὐκ</span> <span class='ocrx_word' id='word_1_35' title='bbox 424 765 588 832; x_wconf 86' lang='grc' dir='ltr'>ἐνῆν;</span> <span class='ocrx_word' id='word_1_36' title='bbox 638 764 797 818; x_wconf 84' lang='grc' dir='ltr'>Ἀλλά</span> <span class='ocrx_word' id='word_1_37' title='bbox 823 764 1035 826; x_wconf 82' lang='grc' dir='ltr'>δεικνὺς</span> <span class='ocrx_word' id='word_1_38' title='bbox 1073 764 1101 815; x_wconf 95' lang='lat'>6</span> <span class='ocrx_word' id='word_1_39' title='bbox 1133 763 1284 826; x_wconf 81' lang='grc' dir='ltr'>Θεὸς,</span> <span class='ocrx_word' id='word_1_40' title='bbox 1312 764 1392 815; x_wconf 83' lang='grc' dir='ltr'>ὅτι</span> <span class='ocrx_word' id='word_1_41' title='bbox 1426 761 1579 814; x_wconf 76' lang='grc' dir='ltr'>τοῦτο</span> <span class='ocrx_word' id='word_1_42' title='bbox 1605 763 1704 830; x_wconf 80' lang='grc' dir='ltr'>τῆς</span> 
     </span>
    </p>
   </div>
   <div class='ocr_carea' id='block_1_6' title="bbox 141 851 1700 923">
    <p class='ocr_par' dir='ltr' id='par_1_6' title="bbox 141 851 1700 923">
     <span class='ocr_line' id='line_1_6' title="bbox 141 851 1700 923; baseline -0.003 -17"><span class='ocrx_word' id='word_1_43' title='bbox 141 853 378 916; x_wconf 84' lang='grc' dir='ltr'>ἐξουσίας</span> <span class='ocrx_word' id='word_1_44' title='bbox 415 853 531 906; x_wconf 79' lang='grc' dir='ltr'>ἐστὶ</span> <span class='ocrx_word' id='word_1_45' title='bbox 560 853 657 923; x_wconf 82' lang='grc' dir='ltr'>τῆς</span> <span class='ocrx_word' id='word_1_46' title='bbox 684 854 967 917; x_wconf 82' lang='grc' dir='ltr'>ἀνωτάτω,</span> <span class='ocrx_word' id='word_1_47' title='bbox 998 853 1091 906; x_wconf 72' lang='grc' dir='ltr'>καὶ</span> <span class='ocrx_word' id='word_1_48' title='bbox 1122 852 1222 922; x_wconf 79' lang='grc' dir='ltr'>τῆς</span> <span class='ocrx_word' id='word_1_49' title='bbox 1259 853 1443 914; x_wconf 79' lang='grc' dir='ltr'>οὐσίας</span> <span class='ocrx_word' id='word_1_50' title='bbox 1475 852 1573 919; x_wconf 81' lang='grc' dir='ltr'>τῆς</span> <span class='ocrx_word' id='word_1_51' title='bbox 1604 851 1700 919; x_wconf 75' lang='grc' dir='ltr'>βα·</span> 
     </span>
    </p>
   </div>
   <div class='ocr_carea' id='block_1_7' title="bbox 140 943 1703 1016">
    <p class='ocr_par' dir='ltr' id='par_1_7' title="bbox 140 943 1703 1016">
     <span class='ocr_line' id='line_1_7' title="bbox 140 943 1703 1016; baseline -0.001 -21"><span class='ocrx_word' id='word_1_52' title='bbox 140 943 342 1013; x_wconf 77' lang='grc' dir='ltr'>σιλικῆς</span> <span class='ocrx_word' id='word_1_53' title='bbox 380 945 592 1015; x_wconf 77' lang='grc' dir='ltr'>ἐκείνης</span> <span class='ocrx_word' id='word_1_54' title='bbox 622 946 717 998; x_wconf 82' lang='grc' dir='ltr'>καὶ</span> <span class='ocrx_word' id='word_1_55' title='bbox 741 946 840 1015; x_wconf 83' lang='grc' dir='ltr'>τὴν</span> <span class='ocrx_word' id='word_1_56' title='bbox 871 945 1038 1016; x_wconf 82' lang='grc' dir='ltr'>αὐτὴν</span> <span class='ocrx_word' id='word_1_57' title='bbox 1070 944 1182 1015; x_wconf 76' lang='grc' dir='ltr'>ἔχει</span> <span class='ocrx_word' id='word_1_58' title='bbox 1217 945 1387 1013; x_wconf 77' lang='grc' dir='ltr'>ἰσχὺν,</span> <span class='ocrx_word' id='word_1_59' title='bbox 1422 943 1517 996; x_wconf 74' lang='grc' dir='ltr'>καὶ</span> <span class='ocrx_word' id='word_1_60' title='bbox 1544 943 1703 995; x_wconf 86' lang='grc' dir='ltr'>τοῦτό</span> 
     </span>
    </p>
   </div>
   <div class='ocr_carea' id='block_1_8' title="bbox 138 1030 1697 1104">
    <p class='ocr_par' dir='ltr' id='par_1_8' title="bbox 138 1030 1697 1104">
     <span class='ocr_line' id='line_1_8' title="bbox 138 1030 1697 1104; baseline 0.001 -19"><span class='ocrx_word' id='word_1_61' title='bbox 138 1050 291 1104; x_wconf 86' lang='grc' dir='ltr'>φησι·</span> <span class='ocrx_word' id='word_1_62' title='bbox 312 1034 391 1087; x_wconf 80' lang='grc' dir='ltr'>διὸ</span> <span class='ocrx_word' id='word_1_63' title='bbox 418 1036 511 1088; x_wconf 73' lang='grc' dir='ltr'>καὶ</span> <span class='ocrx_word' id='word_1_64' title='bbox 536 1036 751 1103; x_wconf 86' lang='grc' dir='ltr'>ἐπάγει,</span> <span class='ocrx_word' id='word_1_65' title='bbox 779 1030 893 1091; x_wconf 78' lang='grc' dir='ltr'>Ὃν</span> <span class='ocrx_word' id='word_1_66' title='bbox 914 1036 1022 1088; x_wconf 81' lang='grc' dir='ltr'>ἐὰν</span> <span class='ocrx_word' id='word_1_67' title='bbox 1043 1034 1234 1104; x_wconf 64' lang='grc' dir='ltr'>ἀφῆτε</span> <span class='ocrx_word' id='word_1_68' title='bbox 1264 1035 1371 1100; x_wconf 84' lang='grc' dir='ltr'>τὰς</span> <span class='ocrx_word' id='word_1_69' title='bbox 1390 1035 1697 1103; x_wconf 83' lang='grc' dir='ltr'>ἁμαρτίας,</span> 
     </span>
    </p>
   </div>
   <div class='ocr_carea' id='block_1_9' title="bbox 137 1119 1700 1193">
    <p class='ocr_par' dir='ltr' id='par_1_9' title="bbox 137 1119 1700 1193">
     <span class='ocr_line' id='line_1_9' title="bbox 137 1119 1700 1193; baseline 0 -17"><span class='ocrx_word' id='word_1_70' title='bbox 137 1123 437 1191; x_wconf 64' lang='grc' dir='ltr'>ἀρέων-ται,</span> <span class='ocrx_word' id='word_1_71' title='bbox 460 1125 558 1178; x_wconf 77' lang='grc' dir='ltr'>καὶ</span> <span class='ocrx_word' id='word_1_72' title='bbox 578 1119 665 1178; x_wconf 77' lang='grc' dir='ltr'>ὧν</span> <span class='ocrx_word' id='word_1_73' title='bbox 683 1126 788 1179; x_wconf 77' lang='grc' dir='ltr'>ἐὰν</span> <span class='ocrx_word' id='word_1_74' title='bbox 805 1125 1077 1193; x_wconf 82' lang='grc' dir='ltr'>κρατῆτε,</span> <span class='ocrx_word' id='word_1_75' title='bbox 1101 1124 1511 1192; x_wconf 78' lang='grc' dir='ltr'>κεκράτηνται.</span> <span class='ocrx_word' id='word_1_76' title='bbox 1548 1125 1700 1178; x_wconf 75' lang='grc' dir='ltr'>Ἐπεὶ</span> 
     </span>
    </p>
   </div>
   <div class='ocr_carea' id='block_1_10' title="bbox 137 1211 1696 1287">
    <p class='ocr_par' dir='ltr' id='par_1_10' title="bbox 137 1211 1696 1287">
     <span class='ocr_line' id='line_1_10' title="bbox 137 1211 1696 1287; baseline 0.001 -20"><span class='ocrx_word' id='word_1_77' title='bbox 137 1211 219 1267; x_wconf 73' lang='grc' dir='ltr'>οὖν</span> <span class='ocrx_word' id='word_1_78' title='bbox 269 1216 632 1287; x_wconf 81' lang='grc' dir='ltr'>ἐζωοποίησεν</span> <span class='ocrx_word' id='word_1_79' title='bbox 684 1218 851 1287; x_wconf 81' lang='grc' dir='ltr'>ἡμᾶς,</span> <span class='ocrx_word' id='word_1_80' title='bbox 908 1218 1155 1287; x_wconf 81' lang='grc' dir='ltr'>μένωμεν</span> <span class='ocrx_word' id='word_1_81' title='bbox 1205 1216 1427 1279; x_wconf 88' lang='grc' dir='ltr'>ζῶντες,</span> <span class='ocrx_word' id='word_1_82' title='bbox 1480 1216 1575 1269; x_wconf 70' lang='grc' dir='ltr'>καὶ</span> <span class='ocrx_word' id='word_1_83' title='bbox 1622 1216 1696 1287; x_wconf 86' lang='grc' dir='ltr'>μὴ</span> 
     </span>
    </p>
   </div>
   <div class='ocr_carea' id='block_1_11' title="bbox 136 1306 1695 1378">
    <p class='ocr_par' dir='ltr' id='par_1_11' title="bbox 136 1306 1695 1378">
     <span class='ocr_line' id='line_1_11' title="bbox 136 1306 1695 1378; baseline 0.001 -21"><span class='ocrx_word' id='word_1_84' title='bbox 136 1306 287 1359; x_wconf 86' lang='grc' dir='ltr'>πάλιν</span> <span class='ocrx_word' id='word_1_85' title='bbox 320 1307 415 1358; x_wconf 70' lang='grc' dir='ltr'>ἐπὶ</span> <span class='ocrx_word' id='word_1_86' title='bbox 448 1308 546 1377; x_wconf 82' lang='grc' dir='ltr'>τὴν</span> <span class='ocrx_word' id='word_1_87' title='bbox 577 1308 847 1378; x_wconf 88' lang='grc' dir='ltr'>προτέραν</span> <span class='ocrx_word' id='word_1_88' title='bbox 900 1309 1210 1377; x_wconf 87' lang='grc' dir='ltr'>ἐπανίωμεν</span> <span class='ocrx_word' id='word_1_89' title='bbox 1247 1308 1544 1377; x_wconf 85' lang='grc' dir='ltr'>νεκρότητα</span> <span class='ocrx_word' id='word_1_90' title='bbox 1570 1324 1583 1337; x_wconf 91' lang='grc'>·</span> <span class='ocrx_word' id='word_1_91' title='bbox 1632 1308 1695 1360; x_wconf 83' lang='lat'>&#39;0</span> 
     </span>
    </p>
   </div>
   <div class='ocr_carea' id='block_1_12' title="bbox 135 1395 1693 1466">
    <p class='ocr_par' dir='ltr' id='par_1_12' title="bbox 135 1395 1693 1466">
     <span class='ocr_line' id='line_1_12' title="bbox 135 1395 1693 1466; baseline 0 -19"><span class='ocrx_word' id='word_1_92' title='bbox 135 1395 379 1462; x_wconf 82' lang='grc' dir='ltr'>Χριστὸς</span> <span class='ocrx_word' id='word_1_93' title='bbox 403 1396 512 1466; x_wconf 86' lang='grc' dir='ltr'>γὰρ</span> <span class='ocrx_word' id='word_1_94' title='bbox 548 1397 746 1450; x_wconf 82' lang='grc' dir='ltr'>οὐκέτι</span> <span class='ocrx_word' id='word_1_95' title='bbox 774 1397 1164 1462; x_wconf 78' lang='grc' dir='ltr'>ἀποθνήσκει.</span> <span class='ocrx_word' id='word_1_96' title='bbox 1209 1398 1273 1449; x_wconf 90' lang='grc' dir='ltr'><strong>Ὃ</strong></span> <span class='ocrx_word' id='word_1_97' title='bbox 1301 1395 1405 1466; x_wconf 82' lang='grc' dir='ltr'>γὰρ</span> <span class='ocrx_word' id='word_1_98' title='bbox 1435 1395 1693 1459; x_wconf 86' lang='grc' dir='ltr'>ἀπέθανε,</span> 
     </span>
    </p>
   </div>
   <div class='ocr_carea' id='block_1_13' title="bbox 134 1483 1695 1555">
    <p class='ocr_par' dir='ltr' id='par_1_13' title="bbox 134 1483 1695 1555">
     <span class='ocr_line' id='line_1_13' title="bbox 134 1483 1695 1555; baseline 0 -20"><span class='ocrx_word' id='word_1_99' title='bbox 134 1486 193 1553; x_wconf 79' lang='grc' dir='ltr'>τῇ</span> <span class='ocrx_word' id='word_1_100' title='bbox 224 1484 466 1555; x_wconf 78' lang='grc' dir='ltr'>ἁμαρτίᾳ</span> <span class='ocrx_word' id='word_1_101' title='bbox 512 1484 780 1537; x_wconf 79' lang='grc' dir='ltr'>ἀπέθανεν</span> <span class='ocrx_word' id='word_1_102' title='bbox 823 1484 1073 1552; x_wconf 82' lang='grc' dir='ltr'>ἐφάπαξ·</span> <span class='ocrx_word' id='word_1_103' title='bbox 1106 1484 1200 1537; x_wconf 78' lang='grc' dir='ltr'>καὶ</span> <span class='ocrx_word' id='word_1_104' title='bbox 1226 1484 1287 1537; x_wconf 80' lang='grc' dir='ltr'>οὐ</span> <span class='ocrx_word' id='word_1_105' title='bbox 1331 1483 1574 1553; x_wconf 88' lang='grc' dir='ltr'>βούλεται</span> <span class='ocrx_word' id='word_1_106' title='bbox 1607 1484 1695 1537; x_wconf 77' lang='grc' dir='ltr'>ἀεὶ</span> 
     </span>
    </p>
   </div>
   <div class='ocr_carea' id='block_1_14' title="bbox 134 1575 1695 1646">
    <p class='ocr_par' dir='ltr' id='par_1_14' title="bbox 134 1575 1695 1646">
     <span class='ocr_line' id='line_1_14' title="bbox 134 1575 1695 1646; baseline 0 -18"><span class='ocrx_word' id='word_1_107' title='bbox 134 1575 301 1645; x_wconf 83' lang='grc' dir='ltr'>χάριτι</span> <span class='ocrx_word' id='word_1_108' title='bbox 350 1578 500 1646; x_wconf 77' lang='grc' dir='ltr'>ἡμᾶς</span> <span class='ocrx_word' id='word_1_109' title='bbox 550 1576 837 1641; x_wconf 82' lang='grc' dir='ltr'>σώζεσθαι,</span> <span class='ocrx_word' id='word_1_110' title='bbox 895 1577 1017 1630; x_wconf 73' lang='grc' dir='ltr'>ἐπεὶ</span> <span class='ocrx_word' id='word_1_111' title='bbox 1060 1578 1206 1629; x_wconf 77' lang='grc' dir='ltr'>κενοὶ</span> <span class='ocrx_word' id='word_1_112' title='bbox 1266 1576 1482 1629; x_wconf 85' lang='grc' dir='ltr'>πάντων</span> <span class='ocrx_word' id='word_1_113' title='bbox 1530 1578 1695 1645; x_wconf 83' lang='grc' dir='ltr'>ἡμεῖς</span> 
     </span>
    </p>
   </div>
   <div class='ocr_carea' id='block_1_15' title="bbox 132 1665 1688 1738">
    <p class='ocr_par' dir='ltr' id='par_1_15' title="bbox 132 1665 1688 1738">
     <span class='ocr_line' id='line_1_15' title="bbox 132 1665 1688 1738; baseline 0.004 -21"><span class='ocrx_word' id='word_1_114' title='bbox 132 1665 381 1735; x_wconf 78' lang='grc' dir='ltr'>ἐσόμεθα·</span> <span class='ocrx_word' id='word_1_115' title='bbox 412 1667 491 1719; x_wconf 82' lang='grc' dir='ltr'>διὸ</span> <span class='ocrx_word' id='word_1_116' title='bbox 519 1670 611 1721; x_wconf 70' lang='grc' dir='ltr'>καὶ</span> <span class='ocrx_word' id='word_1_117' title='bbox 634 1673 760 1738; x_wconf 81' lang='grc' dir='ltr'>παρ’</span> <span class='ocrx_word' id='word_1_118' title='bbox 783 1666 938 1738; x_wconf 81' lang='grc' dir='ltr'>ἡμῶν</span> <span class='ocrx_word' id='word_1_119' title='bbox 966 1666 1314 1738; x_wconf 88' lang='grc' dir='ltr'>εἰσφέρεσθαί</span> <span class='ocrx_word' id='word_1_120' title='bbox 1339 1685 1391 1720; x_wconf 91' lang='grc' dir='ltr'>τι</span> <span class='ocrx_word' id='word_1_121' title='bbox 1422 1667 1688 1737; x_wconf 89' lang='grc' dir='ltr'>βούλεται.</span> 
     </span>
    </p>
   </div>
   <div class='ocr_carea' id='block_1_16' title="bbox 133 1757 1691 1832">
    <p class='ocr_par' dir='ltr' id='par_1_16' title="bbox 133 1757 1691 1832">
     <span class='ocr_line' id='line_1_16' title="bbox 133 1757 1691 1832; baseline 0.003 -23"><span class='ocrx_word' id='word_1_122' title='bbox 133 1757 535 1828; x_wconf 82' lang='grc' dir='ltr'>Εἰσενέγκωμεν</span> <span class='ocrx_word' id='word_1_123' title='bbox 571 1759 766 1826; x_wconf 86' lang='grc' dir='ltr'>τοίνυν,</span> <span class='ocrx_word' id='word_1_124' title='bbox 823 1760 916 1813; x_wconf 79' lang='grc' dir='ltr'>καὶ</span> <span class='ocrx_word' id='word_1_125' title='bbox 965 1759 1062 1831; x_wconf 84' lang='grc' dir='ltr'>τὴν</span> <span class='ocrx_word' id='word_1_126' title='bbox 1089 1760 1265 1832; x_wconf 76' lang='grc' dir='ltr'>ψυχὴν</span> <span class='ocrx_word' id='word_1_127' title='bbox 1292 1761 1471 1825; x_wconf 88' lang='grc' dir='ltr'>ζῶσαν</span> <span class='ocrx_word' id='word_1_128' title='bbox 1508 1761 1691 1831; x_wconf 86' lang='grc' dir='ltr'>διατη-</span> 
     </span>
    </p>
   </div>
   <div class='ocr_carea' id='block_1_17' title="bbox 133 1846 324 1917">
    <p class='ocr_par' dir='ltr' id='par_1_17' title="bbox 133 1846 324 1917">
     <span class='ocr_line' id='line_1_17' title="bbox 133 1846 324 1917; baseline 0.005 0"><span class='ocrx_word' id='word_1_129' title='bbox 133 1846 324 1917; x_wconf 77' lang='grc' dir='ltr'>ρῶμενο</span> 
     </span>
    </p>
   </div>
   <div class='ocr_carea' id='block_1_18' title="bbox 192 1957 1686 2041">
    <p class='ocr_par' dir='ltr' id='par_1_18' title="bbox 192 1957 1686 2041">
     <span class='ocr_line' id='line_1_18' title="bbox 192 1957 1686 2041; baseline 0.011 -30"><span class='ocrx_word' id='word_1_130' title='bbox 192 1957 255 2011; x_wconf 87' lang='grc' dir='ltr'>Τί</span> <span class='ocrx_word' id='word_1_131' title='bbox 280 1959 336 2012; x_wconf 86' lang='grc' dir='ltr'>δέ</span> <span class='ocrx_word' id='word_1_132' title='bbox 361 1960 480 2013; x_wconf 87' lang='grc' dir='ltr'>ἐστι</span> <span class='ocrx_word' id='word_1_133' title='bbox 504 1961 680 2032; x_wconf 82' lang='grc' dir='ltr'>ψυχῆς</span> <span class='ocrx_word' id='word_1_134' title='bbox 727 1963 860 2035; x_wconf 79' lang='grc' dir='ltr'>ζωὴ,</span> <span class='ocrx_word' id='word_1_135' title='bbox 896 1966 1003 2020; x_wconf 79' lang='grc' dir='ltr'>ἀπὸ</span> <span class='ocrx_word' id='word_1_136' title='bbox 1029 1967 1121 2021; x_wconf 87' lang='grc' dir='ltr'>τοῦ</span> <span class='ocrx_word' id='word_1_137' title='bbox 1146 1968 1396 2041; x_wconf 84' lang='grc' dir='ltr'>σώματος</span> <span class='ocrx_word' id='word_1_138' title='bbox 1427 1971 1686 2041; x_wconf 88' lang='grc' dir='ltr'>μάνθανε.</span> 
     </span>
    </p>
   </div>
   <div class='ocr_carea' id='block_1_19' title="bbox 128 2046 1688 2135">
    <p class='ocr_par' dir='ltr' id='par_1_19' title="bbox 128 2046 1688 2135">
     <span class='ocr_line' id='line_1_19' title="bbox 128 2046 1688 2135; baseline 0.01 -37"><span class='ocrx_word' id='word_1_139' title='bbox 128 2046 228 2099; x_wconf 82' lang='grc' dir='ltr'>Καὶ</span> <span class='ocrx_word' id='word_1_140' title='bbox 262 2049 369 2118; x_wconf 78' lang='grc' dir='ltr'>γὰρ</span> <span class='ocrx_word' id='word_1_141' title='bbox 415 2050 477 2102; x_wconf 83' lang='grc' dir='ltr'>τὸ</span> <span class='ocrx_word' id='word_1_142' title='bbox 527 2052 685 2122; x_wconf 88' lang='grc' dir='ltr'>σῶμα</span> <span class='ocrx_word' id='word_1_143' title='bbox 727 2054 848 2107; x_wconf 87' lang='grc' dir='ltr'>τότε</span> <span class='ocrx_word' id='word_1_144' title='bbox 887 2056 1116 2127; x_wconf 86' lang='grc' dir='ltr'>λέγομεν</span> <span class='ocrx_word' id='word_1_145' title='bbox 1168 2059 1286 2130; x_wconf 78' lang='grc' dir='ltr'>ζῇν,</span> <span class='ocrx_word' id='word_1_146' title='bbox 1329 2061 1457 2114; x_wconf 86' lang='grc' dir='ltr'>ὅταν</span> <span class='ocrx_word' id='word_1_147' title='bbox 1496 2060 1688 2135; x_wconf 85' lang='grc' dir='ltr'>βαδίζῃ</span> 
     </span>
    </p>
   </div>
   <div class='ocr_carea' id='block_1_20' title="bbox 128 2138 1687 2225">
    <p class='ocr_par' dir='ltr' id='par_1_20' title="bbox 128 2138 1687 2225">
     <span class='ocr_line' id='line_1_20' title="bbox 128 2138 1687 2225; baseline 0.009 -34"><span class='ocrx_word' id='word_1_148' title='bbox 128 2138 245 2208; x_wconf 80' lang='grc' dir='ltr'>ὑγιῆ</span> <span class='ocrx_word' id='word_1_149' title='bbox 282 2158 403 2195; x_wconf 90' lang='grc' dir='ltr'>τινα</span> <span class='ocrx_word' id='word_1_150' title='bbox 440 2141 677 2212; x_wconf 79' lang='grc' dir='ltr'>βάδισιν·</span> <span class='ocrx_word' id='word_1_151' title='bbox 711 2147 838 2199; x_wconf 83' lang='grc' dir='ltr'>ὅταν</span> <span class='ocrx_word' id='word_1_152' title='bbox 873 2147 928 2201; x_wconf 86' lang='grc' dir='ltr'>δὲ</span> <span class='ocrx_word' id='word_1_153' title='bbox 963 2152 1295 2221; x_wconf 85' lang='grc' dir='ltr'>κατακέηται</span> <span class='ocrx_word' id='word_1_154' title='bbox 1323 2151 1471 2225; x_wconf 62' lang='lat'>[677]</span> <span class='ocrx_word' id='word_1_155' title='bbox 1507 2153 1687 2207; x_wconf 90' lang='grc' dir='ltr'>διαλυ-</span> 
     </span>
    </p>
   </div>
   <div class='ocr_carea' id='block_1_21' title="bbox 128 2230 1684 2313">
    <p class='ocr_par' dir='ltr' id='par_1_21' title="bbox 128 2230 1684 2313">
     <span class='ocr_line' id='line_1_21' title="bbox 128 2230 1684 2313; baseline 0.01 -31"><span class='ocrx_word' id='word_1_156' title='bbox 128 2230 226 2295; x_wconf 78' lang='grc' dir='ltr'>θὲν,</span> <span class='ocrx_word' id='word_1_157' title='bbox 261 2234 352 2285; x_wconf 80' lang='grc' dir='ltr'>καί</span> <span class='ocrx_word' id='word_1_158' title='bbox 390 2236 541 2304; x_wconf 75' lang='grc' dir='ltr'>παρὰ</span> <span class='ocrx_word' id='word_1_159' title='bbox 568 2235 720 2300; x_wconf 81' lang='grc' dir='ltr'>τάξιν</span> <span class='ocrx_word' id='word_1_160' title='bbox 750 2238 987 2307; x_wconf 75' lang='grc' dir='ltr'>κινῆται,</span> <span class='ocrx_word' id='word_1_161' title='bbox 1024 2241 1126 2294; x_wconf 85' lang='grc' dir='ltr'>κᾶν</span> <span class='ocrx_word' id='word_1_162' title='bbox 1157 2242 1285 2311; x_wconf 83' lang='grc' dir='ltr'>δοκῇ</span> <span class='ocrx_word' id='word_1_163' title='bbox 1321 2243 1419 2313; x_wconf 83' lang='grc' dir='ltr'>ζῇν</span> <span class='ocrx_word' id='word_1_164' title='bbox 1453 2243 1484 2312; x_wconf 83' lang='grc' dir='ltr'>ἢ</span> <span class='ocrx_word' id='word_1_165' title='bbox 1536 2243 1684 2313; x_wconf 90' lang='grc' dir='ltr'>βαδί-</span> 
     </span>
    </p>
   </div>
   <div class='ocr_carea' id='block_1_22' title="bbox 126 2321 1679 2406">
    <p class='ocr_par' dir='ltr' id='par_1_22' title="bbox 126 2321 1679 2406">
     <span class='ocr_line' id='line_1_22' title="bbox 126 2321 1679 2406; baseline 0.012 -33"><span class='ocrx_word' id='word_1_166' title='bbox 126 2321 248 2386; x_wconf 80' lang='grc' dir='ltr'>ζειν,</span> <span class='ocrx_word' id='word_1_167' title='bbox 282 2324 486 2387; x_wconf 84' lang='grc' dir='ltr'>παντὸς</span> <span class='ocrx_word' id='word_1_168' title='bbox 523 2324 751 2380; x_wconf 78' lang='grc' dir='ltr'>Θανάτου</span> <span class='ocrx_word' id='word_1_169' title='bbox 807 2329 1158 2406; x_wconf 88' lang='grc' dir='ltr'>χαλεπωτέρα</span> <span class='ocrx_word' id='word_1_170' title='bbox 1198 2335 1230 2404; x_wconf 87' lang='grc' dir='ltr'><strong>ή</strong></span> <span class='ocrx_word' id='word_1_171' title='bbox 1276 2335 1497 2405; x_wconf 81' lang='grc' dir='ltr'>τοιαύτη</span> <span class='ocrx_word' id='word_1_172' title='bbox 1544 2336 1679 2406; x_wconf 76' lang='grc' dir='ltr'>ζωή.</span> 
     </span>
    </p>
   </div>
   <div class='ocr_carea' id='block_1_23' title="bbox 125 2404 1682 2497">
    <p class='ocr_par' dir='ltr' id='par_1_23' title="bbox 125 2404 1682 2497">
     <span class='ocr_line' id='line_1_23' title="bbox 125 2404 1682 2497; baseline 0.012 -34"><span class='ocrx_word' id='word_1_173' title='bbox 125 2412 234 2464; x_wconf 78' lang='grc' dir='ltr'>Κάν</span> <span class='ocrx_word' id='word_1_174' title='bbox 262 2411 562 2483; x_wconf 75' lang='grc' dir='ltr'>φθέγγηται</span> <span class='ocrx_word' id='word_1_175' title='bbox 593 2418 759 2486; x_wconf 79' lang='grc' dir='ltr'>μηδὲν</span> <span class='ocrx_word' id='word_1_176' title='bbox 793 2404 961 2487; x_wconf 80' lang='grc' dir='ltr'>ὑγιὲς,</span> <span class='ocrx_word' id='word_1_177' title='bbox 1008 2423 1141 2475; x_wconf 86' lang='grc' dir='ltr'>ἀλλά</span> <span class='ocrx_word' id='word_1_178' title='bbox 1166 2426 1271 2476; x_wconf 89' lang='grc' dir='ltr'>τῶν</span> <span class='ocrx_word' id='word_1_179' title='bbox 1309 2404 1682 2497; x_wconf 82' lang='grc' dir='ltr'>παραπλήγων</span> 
     </span>
    </p>
   </div>
   <div class='ocr_carea' id='block_1_24' title="bbox 124 2500 1680 2587">
    <p class='ocr_par' dir='ltr' id='par_1_24' title="bbox 124 2500 1680 2587">
     <span class='ocr_line' id='line_1_24' title="bbox 124 2500 1680 2587; baseline 0.012 -36"><span class='ocrx_word' id='word_1_180' title='bbox 124 2500 351 2569; x_wconf 78' lang='grc' dir='ltr'>ῥήματα,</span> <span class='ocrx_word' id='word_1_181' title='bbox 403 2503 500 2556; x_wconf 69' lang='grc' dir='ltr'>καὶ</span> <span class='ocrx_word' id='word_1_182' title='bbox 544 2505 705 2576; x_wconf 78' lang='grc' dir='ltr'>ἕτερα</span> <span class='ocrx_word' id='word_1_183' title='bbox 736 2507 853 2560; x_wconf 87' lang='grc' dir='ltr'>ἀνθ’</span> <span class='ocrx_word' id='word_1_184' title='bbox 904 2510 1105 2580; x_wconf 82' lang='grc' dir='ltr'>ἑτέρων</span> <span class='ocrx_word' id='word_1_185' title='bbox 1151 2512 1345 2587; x_wconf 82' lang='grc' dir='ltr'>βλέπῃ,</span> <span class='ocrx_word' id='word_1_186' title='bbox 1378 2516 1539 2568; x_wconf 88' lang='grc' dir='ltr'>πάλιν</span> <span class='ocrx_word' id='word_1_187' title='bbox 1571 2517 1680 2571; x_wconf 90' lang='grc' dir='ltr'>τῶν</span> 
     </span>
    </p>
   </div>
   <div class='ocr_carea' id='block_1_25' title="bbox 122 2589 1677 2676">
    <p class='ocr_par' dir='ltr' id='par_1_25' title="bbox 122 2589 1677 2676">
     <span class='ocr_line' id='line_1_25' title="bbox 122 2589 1677 2676; baseline 0.013 -37"><span class='ocrx_word' id='word_1_188' title='bbox 122 2589 573 2661; x_wconf 83' lang='grc' dir='ltr'>τετελευτηκότων</span> <span class='ocrx_word' id='word_1_189' title='bbox 601 2596 953 2669; x_wconf 80' lang='grc' dir='ltr'>ἐλεεινότερος</span> <span class='ocrx_word' id='word_1_190' title='bbox 984 2602 1011 2653; x_wconf 98' lang='lat'>6</span> <span class='ocrx_word' id='word_1_191' title='bbox 1042 2603 1296 2667; x_wconf 85' lang='grc' dir='ltr'>τοιοῦτος.</span> <span class='ocrx_word' id='word_1_192' title='bbox 1343 2605 1496 2659; x_wconf 79' lang='grc' dir='ltr'>Οὕτω</span> <span class='ocrx_word' id='word_1_193' title='bbox 1524 2608 1616 2660; x_wconf 83' lang='grc' dir='ltr'>καὶ</span> <span class='ocrx_word' id='word_1_194' title='bbox 1645 2609 1677 2676; x_wconf 81' lang='grc' dir='ltr'><strong>ἡ</strong></span> 
     </span>
    </p>
   </div>
   <div class='ocr_carea' id='block_1_26' title="bbox 121 2677 1680 2769">
    <p class='ocr_par' dir='ltr' id='par_1_26' title="bbox 121 2677 1680 2769">
     <span class='ocr_line' id='line_1_26' title="bbox 121 2677 1680 2769; baseline 0.011 -35"><span class='ocrx_word' id='word_1_195' title='bbox 121 2677 272 2751; x_wconf 70' lang='grc' dir='ltr'>ψυχὴ,</span> <span class='ocrx_word' id='word_1_196' title='bbox 313 2683 446 2736; x_wconf 85' lang='grc' dir='ltr'>ὅταν</span> <span class='ocrx_word' id='word_1_197' title='bbox 498 2685 661 2755; x_wconf 83' lang='grc' dir='ltr'>μηδὲν</span> <span class='ocrx_word' id='word_1_198' title='bbox 709 2688 861 2757; x_wconf 81' lang='grc' dir='ltr'>ὑγιὲς</span> <span class='ocrx_word' id='word_1_199' title='bbox 890 2691 1009 2763; x_wconf 80' lang='grc' dir='ltr'>ἔχῃ,</span> <span class='ocrx_word' id='word_1_200' title='bbox 1037 2694 1140 2748; x_wconf 85' lang='grc' dir='ltr'>κᾶν</span> <span class='ocrx_word' id='word_1_201' title='bbox 1170 2695 1297 2769; x_wconf 86' lang='grc' dir='ltr'>δοκῇ</span> <span class='ocrx_word' id='word_1_202' title='bbox 1327 2697 1445 2769; x_wconf 81' lang='grc' dir='ltr'>ζῇν,</span> <span class='ocrx_word' id='word_1_203' title='bbox 1491 2700 1680 2769; x_wconf 87' lang='grc' dir='ltr'>τέθνη-</span> 
     </span>
    </p>
   </div>
   <div class='ocr_carea' id='block_1_27' title="bbox 121 2775 1674 2860">
    <p class='ocr_par' dir='ltr' id='par_1_27' title="bbox 121 2775 1674 2860">
     <span class='ocr_line' id='line_1_27' title="bbox 121 2775 1674 2860; baseline 0.016 -37"><span class='ocrx_word' id='word_1_204' title='bbox 121 2789 234 2825; x_wconf 85' lang='grc' dir='ltr'>κεν·</span> <span class='ocrx_word' id='word_1_205' title='bbox 275 2775 404 2828; x_wconf 81' lang='grc' dir='ltr'>ὅταν</span> <span class='ocrx_word' id='word_1_206' title='bbox 457 2776 518 2829; x_wconf 83' lang='grc' dir='ltr'>τὸ</span> <span class='ocrx_word' id='word_1_207' title='bbox 552 2779 773 2849; x_wconf 85' lang='grc' dir='ltr'>χρυσίον</span> <span class='ocrx_word' id='word_1_208' title='bbox 821 2784 894 2853; x_wconf 82' lang='grc' dir='ltr'>μὴ</span> <span class='ocrx_word' id='word_1_209' title='bbox 948 2783 1116 2858; x_wconf 83' lang='grc' dir='ltr'>βλέπῃ</span> <span class='ocrx_word' id='word_1_210' title='bbox 1163 2789 1237 2852; x_wconf 83' lang='grc' dir='ltr'>ὡς</span> <span class='ocrx_word' id='word_1_211' title='bbox 1274 2791 1515 2860; x_wconf 85' lang='grc' dir='ltr'>χρυσίον,</span> <span class='ocrx_word' id='word_1_212' title='bbox 1560 2794 1674 2847; x_wconf 81' lang='grc' dir='ltr'>ἀλλ’</span> 
     </span>
    </p>
   </div>
   <div class='ocr_carea' id='block_1_28' title="bbox 120 2861 1723 2957">
    <p class='ocr_par' dir='ltr' id='par_1_28' title="bbox 120 2861 1723 2957">
     <span class='ocr_line' id='line_1_28' title="bbox 120 2861 1723 2957; baseline 0.017 -45"><span class='ocrx_word' id='word_1_213' title='bbox 120 2861 185 2923; x_wconf 83' lang='grc' dir='ltr'>ὡς</span> <span class='ocrx_word' id='word_1_214' title='bbox 215 2864 351 2933; x_wconf 83' lang='grc' dir='ltr'><strong>μέγα</strong></span> <span class='ocrx_word' id='word_1_215' title='bbox 394 2884 449 2918; x_wconf 86' lang='grc' dir='ltr'>τι</span> <span class='ocrx_word' id='word_1_216' title='bbox 481 2870 574 2920; x_wconf 71' lang='grc' dir='ltr'>καὶ</span> <span class='ocrx_word' id='word_1_217' title='bbox 619 2869 815 2940; x_wconf 86' lang='grc' dir='ltr'>τίμιον,</span> <span class='ocrx_word' id='word_1_218' title='bbox 850 2874 979 2927; x_wconf 86' lang='grc' dir='ltr'>ὅταν</span> <span class='ocrx_word' id='word_1_219' title='bbox 1010 2877 1075 2929; x_wconf 70' lang='grc' dir='ltr'>τὰ</span> <span class='ocrx_word' id='word_1_220' title='bbox 1106 2878 1362 2947; x_wconf 83' lang='grc' dir='ltr'>μέλλοντα</span> <span class='ocrx_word' id='word_1_221' title='bbox 1396 2884 1469 2953; x_wconf 85' lang='grc' dir='ltr'>μὴ</span> <span class='ocrx_word' id='word_1_222' title='bbox 1498 2886 1671 2957; x_wconf 84' lang='grc' dir='ltr'>ἐννοῇ,</span> <span class='ocrx_word' id='word_1_223' title='bbox 1722 2944 1723 2947; x_wconf 31' lang='grc' dir='ltr'>η</span> 
     </span>
    </p>
   </div>
   <div class='ocr_carea' id='block_1_29' title="bbox 121 2954 1668 3047">
    <p class='ocr_par' dir='ltr' id='par_1_29' title="bbox 121 2954 1668 3047">
     <span class='ocr_line' id='line_1_29' title="bbox 121 2954 1668 3047; baseline 0.015 -42"><span class='ocrx_word' id='word_1_224' title='bbox 121 2954 243 3008; x_wconf 84' lang='grc' dir='ltr'>ἀλλά</span> <span class='ocrx_word' id='word_1_225' title='bbox 263 2959 438 3027; x_wconf 82' lang='grc' dir='ltr'>χαμαὶ</span> <span class='ocrx_word' id='word_1_226' title='bbox 463 2959 715 3031; x_wconf 90' lang='grc' dir='ltr'>σύρηται,</span> <span class='ocrx_word' id='word_1_227' title='bbox 741 2963 866 3017; x_wconf 83' lang='grc' dir='ltr'>ὅταν</span> <span class='ocrx_word' id='word_1_228' title='bbox 887 2966 1005 3020; x_wconf 80' lang='grc' dir='ltr'>ἀνθ’</span> <span class='ocrx_word' id='word_1_229' title='bbox 1028 2969 1226 3039; x_wconf 85' lang='grc' dir='ltr'>ἐτέρων</span> <span class='ocrx_word' id='word_1_230' title='bbox 1248 2971 1406 3041; x_wconf 79' lang='grc' dir='ltr'>ἕτερα</span> <span class='ocrx_word' id='word_1_231' title='bbox 1439 2954 1668 3047; x_wconf 75' lang='grc' dir='ltr'>πράττῃ.</span> 
     </span>
    </p>
   </div>
   <div class='ocr_carea' id='block_1_30' title="bbox 120 3045 1672 3130">
    <p class='ocr_par' dir='ltr' id='par_1_30' title="bbox 120 3045 1672 3130">
     <span class='ocr_line' id='line_1_30' title="bbox 120 3045 1672 3130; baseline 0.014 -33"><span class='ocrx_word' id='word_1_232' title='bbox 120 3045 274 3099; x_wconf 85' lang='grc' dir='ltr'>Πόθεν</span> <span class='ocrx_word' id='word_1_233' title='bbox 319 3049 431 3121; x_wconf 81' lang='grc' dir='ltr'>γὰρ</span> <span class='ocrx_word' id='word_1_234' title='bbox 482 3051 639 3121; x_wconf 81' lang='grc' dir='ltr'>δῆλον</span> <span class='ocrx_word' id='word_1_235' title='bbox 687 3054 768 3107; x_wconf 83' lang='grc' dir='ltr'>ὅτι</span> <span class='ocrx_word' id='word_1_236' title='bbox 799 3055 976 3128; x_wconf 77' lang='grc' dir='ltr'>ψυχὴν</span> <span class='ocrx_word' id='word_1_237' title='bbox 1028 3059 1252 3130; x_wconf 73' lang='grc' dir='ltr'>ἔχομενς</span> <span class='ocrx_word' id='word_1_238' title='bbox 1292 3063 1389 3116; x_wconf 80' lang='grc' dir='ltr'>οὐκ</span> <span class='ocrx_word' id='word_1_239' title='bbox 1432 3066 1539 3118; x_wconf 78' lang='grc' dir='ltr'>ἀπὸ</span> <span class='ocrx_word' id='word_1_240' title='bbox 1565 3045 1672 3119; x_wconf 87' lang='grc' dir='ltr'>τῶν</span> 
     </span>
    </p>
   </div>
   <div class='ocr_carea' id='block_1_31' title="bbox 119 3134 1670 3224">
    <p class='ocr_par' dir='ltr' id='par_1_31' title="bbox 119 3134 1670 3224">
     <span class='ocr_line' id='line_1_31' title="bbox 119 3134 1670 3224; baseline 0.015 -39"><span class='ocrx_word' id='word_1_241' title='bbox 119 3134 427 3205; x_wconf 74' lang='grc' dir='ltr'>ἐνεργειῶν;</span> <span class='ocrx_word' id='word_1_242' title='bbox 463 3140 631 3195; x_wconf 87' lang='grc' dir='ltr'>Ὅταν</span> <span class='ocrx_word' id='word_1_243' title='bbox 671 3138 761 3197; x_wconf 79' lang='grc' dir='ltr'>οὖν</span> <span class='ocrx_word' id='word_1_244' title='bbox 798 3145 862 3198; x_wconf 74' lang='grc' dir='ltr'>τὰ</span> <span class='ocrx_word' id='word_1_245' title='bbox 896 3147 1064 3217; x_wconf 78' lang='grc' dir='ltr'>αὐτῆς</span> <span class='ocrx_word' id='word_1_246' title='bbox 1091 3149 1161 3219; x_wconf 79' lang='grc' dir='ltr'>μὴ</span> <span class='ocrx_word' id='word_1_247' title='bbox 1192 3151 1407 3223; x_wconf 82' lang='grc' dir='ltr'>ἐνεργῇ,</span> <span class='ocrx_word' id='word_1_248' title='bbox 1437 3155 1555 3224; x_wconf 75' lang='grc' dir='ltr'>οὐχὶ</span> <span class='ocrx_word' id='word_1_249' title='bbox 1581 3156 1670 3209; x_wconf 80' lang='grc' dir='ltr'>τέ-</span> 
     </span>
    </p>
   </div>
   <div class='ocr_carea' id='block_1_32' title="bbox 120 3224 1671 3317">
    <p class='ocr_par' dir='ltr' id='par_1_32' title="bbox 120 3224 1671 3317">
     <span class='ocr_line' id='line_1_32' title="bbox 120 3224 1671 3317; baseline 0.016 -40"><span class='ocrx_word' id='word_1_250' title='bbox 120 3224 328 3295; x_wconf 72' lang='grc' dir='ltr'>θνηκενς</span> <span class='ocrx_word' id='word_1_251' title='bbox 360 3226 508 3294; x_wconf 77' lang='grc' dir='ltr'>Οίον,</span> <span class='ocrx_word' id='word_1_252' title='bbox 543 3232 670 3285; x_wconf 86' lang='grc' dir='ltr'>ὅταν</span> <span class='ocrx_word' id='word_1_253' title='bbox 705 3234 778 3306; x_wconf 84' lang='grc' dir='ltr'>μὴ</span> <span class='ocrx_word' id='word_1_254' title='bbox 806 3238 1127 3309; x_wconf 82' lang='grc' dir='ltr'>ἐπιμελῆται</span> <span class='ocrx_word' id='word_1_255' title='bbox 1159 3242 1381 3313; x_wconf 76' lang='grc' dir='ltr'>ἀρετῆς,</span> <span class='ocrx_word' id='word_1_256' title='bbox 1411 3245 1545 3300; x_wconf 83' lang='grc' dir='ltr'>ἀλλά</span> <span class='ocrx_word' id='word_1_257' title='bbox 1573 3249 1671 3317; x_wconf 86' lang='grc' dir='ltr'>ἀρ-</span> 
     </span>
    </p>
   </div>
   <div class='ocr_carea' id='block_1_33' title="bbox 122 3316 1669 3410">
    <p class='ocr_par' dir='ltr' id='par_1_33' title="bbox 122 3316 1669 3410">
     <span class='ocr_line' id='line_1_33' title="bbox 122 3316 1669 3410; baseline 0.014 -39"><span class='ocrx_word' id='word_1_258' title='bbox 122 3316 254 3391; x_wconf 56' lang='lat' dir='ltr'><strong><em>nam</em></strong></span> <span class='ocrx_word' id='word_1_259' title='bbox 280 3322 374 3374; x_wconf 87' lang='grc' dir='ltr'>καί</span> <span class='ocrx_word' id='word_1_260' title='bbox 408 3328 721 3396; x_wconf 81' lang='grc' dir='ltr'>παρανομῇ,</span> <span class='ocrx_word' id='word_1_261' title='bbox 752 3328 915 3382; x_wconf 89' lang='grc' dir='ltr'>πόθεν</span> <span class='ocrx_word' id='word_1_262' title='bbox 941 3329 1171 3402; x_wconf 87' lang='grc' dir='ltr'>δύναμαι</span> <span class='ocrx_word' id='word_1_263' title='bbox 1198 3336 1369 3388; x_wconf 89' lang='grc' dir='ltr'>εἰπεῖν</span> <span class='ocrx_word' id='word_1_264' title='bbox 1388 3337 1468 3390; x_wconf 79' lang='grc' dir='ltr'>ὅτι</span> <span class='ocrx_word' id='word_1_265' title='bbox 1493 3316 1669 3410; x_wconf 72' lang='grc' dir='ltr'>ψυχὴν</span> 
     </span>
    </p>
   </div>
   <div class='ocr_carea' id='block_1_34' title="bbox 119 3407 1663 3500">
    <p class='ocr_par' dir='ltr' id='par_1_34' title="bbox 119 3407 1663 3500">
     <span class='ocr_line' id='line_1_34' title="bbox 119 3407 1663 3500; baseline 0.017 -40"><span class='ocrx_word' id='word_1_266' title='bbox 119 3407 281 3478; x_wconf 77' lang='grc' dir='ltr'>ἔχεις;</span> <span class='ocrx_word' id='word_1_267' title='bbox 316 3414 397 3467; x_wconf 85' lang='grc' dir='ltr'>ὅτι</span> <span class='ocrx_word' id='word_1_268' title='bbox 451 3415 718 3484; x_wconf 82' lang='grc' dir='ltr'>βαδίζειςς</span> <span class='ocrx_word' id='word_1_269' title='bbox 773 3420 929 3475; x_wconf 84' lang='grc' dir='ltr'>Ἀλλὰ</span> <span class='ocrx_word' id='word_1_270' title='bbox 967 3423 1124 3477; x_wconf 87' lang='grc' dir='ltr'>τοῦτο</span> <span class='ocrx_word' id='word_1_271' title='bbox 1160 3427 1388 3482; x_wconf 80' lang='grc' dir='ltr'>καὶτῶν</span> <span class='ocrx_word' id='word_1_272' title='bbox 1434 3407 1663 3500; x_wconf 60' lang='grc' dir='ltr'>ἀλόγῷν.</span> 
     </span>
    </p>
   </div>
   <div class='ocr_carea' id='block_1_35' title="bbox 131 3500 1667 3579">
    <p class='ocr_par' dir='ltr' id='par_1_35' title="bbox 131 3500 1667 3579">
     <span class='ocr_line' id='line_1_35' title="bbox 131 3500 1667 3579; baseline 0.016 -26"><span class='ocrx_word' id='word_1_273' title='bbox 131 3500 255 3554; x_wconf 83' lang='grc' dir='ltr'>Ἀλλ’</span> <span class='ocrx_word' id='word_1_274' title='bbox 291 3505 370 3558; x_wconf 80' lang='grc' dir='ltr'>ὅτι</span> <span class='ocrx_word' id='word_1_275' title='bbox 417 3506 618 3572; x_wconf 79' lang='grc' dir='ltr'>ἐσθίεις</span> <span class='ocrx_word' id='word_1_276' title='bbox 646 3511 739 3563; x_wconf 77' lang='grc' dir='ltr'>καὶ</span> <span class='ocrx_word' id='word_1_277' title='bbox 792 3512 999 3579; x_wconf 88' lang='grc' dir='ltr'>πίνεις;</span> <span class='ocrx_word' id='word_1_278' title='bbox 1049 3517 1208 3571; x_wconf 82' lang='grc' dir='ltr'>Ἀλλά</span> <span class='ocrx_word' id='word_1_279' title='bbox 1250 3521 1403 3575; x_wconf 89' lang='grc' dir='ltr'>τοῦτο</span> <span class='ocrx_word' id='word_1_280' title='bbox 1429 3524 1521 3575; x_wconf 82' lang='grc' dir='ltr'>καὶ</span> <span class='ocrx_word' id='word_1_281' title='bbox 1560 3526 1667 3579; x_wconf 84' lang='grc' dir='ltr'>τῶν</span> 
     </span>
    </p>
   </div>
   <div class='ocr_carea' id='block_1_36' title="bbox 120 3588 1667 3678">
    <p class='ocr_par' dir='ltr' id='par_1_36' title="bbox 120 3588 1667 3678">
     <span class='ocr_line' id='line_1_36' title="bbox 120 3588 1667 3678; baseline 0.016 -34"><span class='ocrx_word' id='word_1_282' title='bbox 120 3588 324 3662; x_wconf 85' lang='grc' dir='ltr'>θηρίων.</span> <span class='ocrx_word' id='word_1_283' title='bbox 367 3598 509 3650; x_wconf 84' lang='grc' dir='ltr'>Ἀλλ’</span> <span class='ocrx_word' id='word_1_284' title='bbox 532 3599 611 3651; x_wconf 84' lang='grc' dir='ltr'>ὅτι</span> <span class='ocrx_word' id='word_1_285' title='bbox 634 3600 789 3671; x_wconf 78' lang='grc' dir='ltr'>ὀρθὸς</span> <span class='ocrx_word' id='word_1_286' title='bbox 814 3604 1046 3675; x_wconf 72' lang='grc' dir='ltr'>ἕστηκας</span> <span class='ocrx_word' id='word_1_287' title='bbox 1074 3608 1166 3661; x_wconf 76' lang='grc' dir='ltr'>ἐπὶ</span> <span class='ocrx_word' id='word_1_288' title='bbox 1195 3609 1287 3663; x_wconf 89' lang='grc' dir='ltr'>δύο</span> <span class='ocrx_word' id='word_1_289' title='bbox 1312 3613 1438 3665; x_wconf 89' lang='grc' dir='ltr'>ποσί</span> <span class='ocrx_word' id='word_1_290' title='bbox 1458 3632 1471 3678; x_wconf 90' lang='grc'><strong>;</strong></span> <span class='ocrx_word' id='word_1_291' title='bbox 1498 3616 1667 3669; x_wconf 86' lang='grc' dir='ltr'>Τοῦτό</span> 
     </span>
    </p>
   </div>
   <div class='ocr_carea' id='block_1_37' title="bbox 120 3686 1662 3775">
    <p class='ocr_par' dir='ltr' id='par_1_37' title="bbox 120 3686 1662 3775">
     <span class='ocr_line' id='line_1_37' title="bbox 120 3686 1662 3775; baseline 0.016 -40"><span class='ocrx_word' id='word_1_292' title='bbox 120 3697 199 3750; x_wconf 88' lang='grc' dir='ltr'>μοι</span> <span class='ocrx_word' id='word_1_293' title='bbox 231 3686 428 3753; x_wconf 78' lang='grc' dir='ltr'>μᾶλλον</span> <span class='ocrx_word' id='word_1_294' title='bbox 461 3687 747 3754; x_wconf 84' lang='grc' dir='ltr'>δείκνυσιν,</span> <span class='ocrx_word' id='word_1_295' title='bbox 776 3694 856 3746; x_wconf 78' lang='grc' dir='ltr'>ὅτι</span> <span class='ocrx_word' id='word_1_296' title='bbox 885 3695 1070 3766; x_wconf 82' lang='grc' dir='ltr'>θηρίον</span> <span class='ocrx_word' id='word_1_297' title='bbox 1098 3694 1150 3751; x_wconf 80' lang='grc' dir='ltr'>εἴ</span> <span class='ocrx_word' id='word_1_298' title='bbox 1178 3699 1662 3775; x_wconf 87' lang='grc' dir='ltr'>ἀνθρωπόμορφον.</span> 
     </span>
    </p>
   </div>
   <div class='ocr_carea' id='block_1_38' title="bbox 119 3774 1663 3862">
    <p class='ocr_par' dir='ltr' id='par_1_38' title="bbox 119 3774 1663 3862">
     <span class='ocr_line' id='line_1_38' title="bbox 119 3774 1663 3862; baseline 0.017 -35"><span class='ocrx_word' id='word_1_299' title='bbox 119 3774 268 3830; x_wconf 85' lang='grc' dir='ltr'>Ὅταν</span> <span class='ocrx_word' id='word_1_300' title='bbox 299 3780 397 3850; x_wconf 82' lang='grc' dir='ltr'>μὲν</span> <span class='ocrx_word' id='word_1_301' title='bbox 431 3783 540 3853; x_wconf 82' lang='grc' dir='ltr'>γὰρ</span> <span class='ocrx_word' id='word_1_302' title='bbox 569 3784 636 3837; x_wconf 78' lang='grc' dir='ltr'>τὰ</span> <span class='ocrx_word' id='word_1_303' title='bbox 670 3785 802 3839; x_wconf 85' lang='grc' dir='ltr'>ἄλλα</span> <span class='ocrx_word' id='word_1_304' title='bbox 843 3786 970 3861; x_wconf 79' lang='grc' dir='ltr'>ἔχῃς</span> <span class='ocrx_word' id='word_1_305' title='bbox 996 3791 1224 3856; x_wconf 83' lang='grc' dir='ltr'>ἐκείνου,</span> <span class='ocrx_word' id='word_1_306' title='bbox 1250 3795 1349 3862; x_wconf 79' lang='grc' dir='ltr'>τὴν</span> <span class='ocrx_word' id='word_1_307' title='bbox 1391 3796 1445 3849; x_wconf 86' lang='grc' dir='ltr'>δὲ</span> <span class='ocrx_word' id='word_1_308' title='bbox 1479 3774 1663 3852; x_wconf 86' lang='grc' dir='ltr'>διανά-</span> 
     </span>
    </p>
   </div>
   <div class='ocr_carea' id='block_1_39' title="bbox 118 3875 1664 3962">
    <p class='ocr_par' dir='ltr' id='par_1_39' title="bbox 118 3875 1664 3962">
     <span class='ocr_line' id='line_1_39' title="bbox 118 3875 1664 3962; baseline 0.017 -42"><span class='ocrx_word' id='word_1_309' title='bbox 118 3883 282 3923; x_wconf 80' lang='grc' dir='ltr'>στασιν</span> <span class='ocrx_word' id='word_1_310' title='bbox 332 3875 553 3945; x_wconf 79' lang='grc' dir='ltr'>μηκέτι,</span> <span class='ocrx_word' id='word_1_311' title='bbox 604 3879 802 3946; x_wconf 80' lang='grc' dir='ltr'>μᾶλλόν</span> <span class='ocrx_word' id='word_1_312' title='bbox 839 3899 906 3950; x_wconf 89' lang='grc' dir='ltr'>με</span> <span class='ocrx_word' id='word_1_313' title='bbox 943 3884 1227 3956; x_wconf 85' lang='grc' dir='ltr'>ταράττεις</span> <span class='ocrx_word' id='word_1_314' title='bbox 1275 3887 1369 3941; x_wconf 78' lang='grc' dir='ltr'>καὶ</span> <span class='ocrx_word' id='word_1_315' title='bbox 1410 3890 1664 3962; x_wconf 84' lang='grc' dir='ltr'>ἐκδειμα-</span> 
     </span>
    </p>
   </div>
   <div class='ocr_carea' id='block_1_40' title="bbox 114 3963 1659 4051">
    <p class='ocr_par' dir='ltr' id='par_1_40' title="bbox 114 3963 1659 4051">
     <span class='ocr_line' id='line_1_40' title="bbox 114 3963 1659 4051; baseline 0.018 -42"><span class='ocrx_word' id='word_1_316' title='bbox 114 3963 231 4027; x_wconf 87' lang='grc' dir='ltr'>τοῖς,</span> <span class='ocrx_word' id='word_1_317' title='bbox 258 3966 349 4017; x_wconf 78' lang='grc' dir='ltr'>καὶ</span> <span class='ocrx_word' id='word_1_318' title='bbox 385 3966 587 4036; x_wconf 75' lang='grc' dir='ltr'>μᾶλλον</span> <span class='ocrx_word' id='word_1_319' title='bbox 619 3969 782 4043; x_wconf 83' lang='grc' dir='ltr'>τέρας</span> <span class='ocrx_word' id='word_1_320' title='bbox 830 3968 967 4027; x_wconf 81' lang='grc' dir='ltr'>εἶναι</span> <span class='ocrx_word' id='word_1_321' title='bbox 998 3977 1201 4045; x_wconf 88' lang='grc' dir='ltr'>νομίζω</span> <span class='ocrx_word' id='word_1_322' title='bbox 1228 3980 1288 4031; x_wconf 85' lang='grc' dir='ltr'>τὸ</span> <span class='ocrx_word' id='word_1_323' title='bbox 1317 3980 1659 4051; x_wconf 89' lang='grc' dir='ltr'>φαινόμενον.</span> 
     </span>
    </p>
   </div>
   <div class='ocr_carea' id='block_1_41' title="bbox 116 4049 1658 4146">
    <p class='ocr_par' dir='ltr' id='par_1_41' title="bbox 116 4049 1658 4146">
     <span class='ocr_line' id='line_1_41' title="bbox 116 4049 1658 4146; baseline 0.018 -45"><span class='ocrx_word' id='word_1_324' title='bbox 116 4049 211 4104; x_wconf 82' lang='lat' dir='ltr'>Kal</span> <span class='ocrx_word' id='word_1_325' title='bbox 247 4055 351 4126; x_wconf 81' lang='grc' dir='ltr'>γὰρ</span> <span class='ocrx_word' id='word_1_326' title='bbox 373 4058 423 4109; x_wconf 86' lang='grc' dir='ltr'>εί</span> <span class='ocrx_word' id='word_1_327' title='bbox 459 4057 643 4129; x_wconf 80' lang='grc' dir='ltr'>θηρίον</span> <span class='ocrx_word' id='word_1_328' title='bbox 687 4059 823 4115; x_wconf 80' lang='grc' dir='ltr'>εἶδον</span> <span class='ocrx_word' id='word_1_329' title='bbox 854 4064 1166 4140; x_wconf 79' lang='grc' dir='ltr'>ἀνθρωπίνῃ</span> <span class='ocrx_word' id='word_1_330' title='bbox 1195 4049 1564 4143; x_wconf 79' lang='grc' dir='ltr'>φθεγγόμενον</span> <span class='ocrx_word' id='word_1_331' title='bbox 1592 4077 1658 4146; x_wconf 82' lang='grc' dir='ltr'>τῇ</span> 
     </span>
    </p>
   </div>
   <div class='ocr_carea' id='block_1_42' title="bbox 114 4147 1658 4232">
    <p class='ocr_par' dir='ltr' id='par_1_42' title="bbox 114 4147 1658 4232">
     <span class='ocr_line' id='line_1_42' title="bbox 114 4147 1658 4232; baseline 0.016 -36"><span class='ocrx_word' id='word_1_332' title='bbox 114 4147 267 4215; x_wconf 73' lang='grc' dir='ltr'>φωνῇ,</span> <span class='ocrx_word' id='word_1_333' title='bbox 300 4148 401 4201; x_wconf 79' lang='grc' dir='ltr'>οὐκ</span> <span class='ocrx_word' id='word_1_334' title='bbox 431 4148 498 4202; x_wconf 83' lang='grc' dir='ltr'>ἂν</span> <span class='ocrx_word' id='word_1_335' title='bbox 526 4150 592 4202; x_wconf 86' lang='grc' dir='ltr'>δι’</span> <span class='ocrx_word' id='word_1_336' title='bbox 622 4152 752 4206; x_wconf 79' lang='grc' dir='ltr'>αὐτὸ</span> <span class='ocrx_word' id='word_1_337' title='bbox 778 4154 937 4209; x_wconf 88' lang='grc' dir='ltr'>τοῦτο</span> <span class='ocrx_word' id='word_1_338' title='bbox 965 4156 1100 4227; x_wconf 78' lang='grc' dir='ltr'>ἔφην</span> <span class='ocrx_word' id='word_1_339' title='bbox 1131 4160 1415 4232; x_wconf 79' lang='grc' dir='ltr'>ἄνθρωπον</span> <span class='ocrx_word' id='word_1_340' title='bbox 1448 4160 1586 4219; x_wconf 78' lang='grc' dir='ltr'>εἶναι</span> <span class='ocrx_word' id='word_1_341' title='bbox 1610 4179 1658 4232; x_wconf 71' lang='grc' dir='ltr'>α,</span> 
     </span>
    </p>
   </div>
   <div class='ocr_carea' id='block_1_43' title="bbox 114 4232 1662 4327">
    <p class='ocr_par' dir='ltr' id='par_1_43' title="bbox 114 4232 1662 4327">
     <span class='ocr_line' id='line_1_43' title="bbox 114 4232 1662 4327; baseline 0.017 -41"><span class='ocrx_word' id='word_1_342' title='bbox 114 4232 231 4288; x_wconf 68' lang='grc' dir='ltr'>ἀλλὰ</span> <span class='ocrx_word' id='word_1_343' title='bbox 257 4238 321 4290; x_wconf 90' lang='grc' dir='ltr'>δι’</span> <span class='ocrx_word' id='word_1_344' title='bbox 350 4241 485 4293; x_wconf 82' lang='grc' dir='ltr'>αὐτὸ</span> <span class='ocrx_word' id='word_1_345' title='bbox 509 4243 607 4312; x_wconf 84' lang='grc' dir='ltr'>μὲν</span> <span class='ocrx_word' id='word_1_346' title='bbox 635 4240 727 4297; x_wconf 82' lang='grc' dir='ltr'>οὖν</span> <span class='ocrx_word' id='word_1_347' title='bbox 751 4246 906 4300; x_wconf 87' lang='grc' dir='ltr'>τοῦτο</span> <span class='ocrx_word' id='word_1_348' title='bbox 939 4249 1123 4321; x_wconf 86' lang='grc' dir='ltr'>θηρίον</span> <span class='ocrx_word' id='word_1_349' title='bbox 1147 4252 1332 4324; x_wconf 88' lang='grc' dir='ltr'>θηρίου</span> <span class='ocrx_word' id='word_1_350' title='bbox 1366 4258 1662 4327; x_wconf 87' lang='grc' dir='ltr'>τερατωδέ-</span> 
     </span>
    </p>
   </div>
   <div class='ocr_carea' id='block_1_44' title="bbox 116 4327 1660 4417">
    <p class='ocr_par' dir='ltr' id='par_1_44' title="bbox 116 4327 1660 4417">
     <span class='ocr_line' id='line_1_44' title="bbox 116 4327 1660 4417; baseline 0.017 -43"><span class='ocrx_word' id='word_1_351' title='bbox 116 4338 305 4394; x_wconf 84' lang='grc' dir='ltr'>στερον.</span> <span class='ocrx_word' id='word_1_352' title='bbox 329 4330 504 4383; x_wconf 85' lang='grc' dir='ltr'>Πόθεν</span> <span class='ocrx_word' id='word_1_353' title='bbox 525 4327 615 4385; x_wconf 82' lang='grc' dir='ltr'>οὖν</span> <span class='ocrx_word' id='word_1_354' title='bbox 640 4333 934 4406; x_wconf 84' lang='grc' dir='ltr'>δυνήσομαι</span> <span class='ocrx_word' id='word_1_355' title='bbox 968 4340 1177 4409; x_wconf 85' lang='grc' dir='ltr'>μαθεῖν,</span> <span class='ocrx_word' id='word_1_356' title='bbox 1211 4343 1289 4395; x_wconf 81' lang='grc' dir='ltr'>ὅτι</span> <span class='ocrx_word' id='word_1_357' title='bbox 1318 4345 1491 4417; x_wconf 75' lang='grc' dir='ltr'>ψυχὴν</span> <span class='ocrx_word' id='word_1_358' title='bbox 1518 4347 1660 4416; x_wconf 76' lang='grc' dir='ltr'>ἔχεις</span> 
     </span>
    </p>
   </div>
   <div class='ocr_carea' id='block_1_45' title="bbox 113 4418 1659 4510">
    <p class='ocr_par' dir='ltr' id='par_1_45' title="bbox 113 4418 1659 4510">
     <span class='ocr_line' id='line_1_45' title="bbox 113 4418 1659 4510; baseline 0.017 -40"><span class='ocrx_word' id='word_1_359' title='bbox 113 4418 401 4489; x_wconf 82' lang='grc' dir='ltr'>ἀνθρώπου,</span> <span class='ocrx_word' id='word_1_360' title='bbox 436 4424 563 4477; x_wconf 78' lang='grc' dir='ltr'>ὅταν</span> <span class='ocrx_word' id='word_1_361' title='bbox 603 4425 860 4500; x_wconf 86' lang='grc' dir='ltr'>λακτίζῃς</span> <span class='ocrx_word' id='word_1_362' title='bbox 891 4430 964 4494; x_wconf 85' lang='grc' dir='ltr'>ὼς</span> <span class='ocrx_word' id='word_1_363' title='bbox 1005 4435 1052 4485; x_wconf 84' lang='grc' dir='ltr'>οἰ</span> <span class='ocrx_word' id='word_1_364' title='bbox 1078 4432 1208 4497; x_wconf 84' lang='grc' dir='ltr'>όνοι,</span> <span class='ocrx_word' id='word_1_365' title='bbox 1236 4436 1363 4489; x_wconf 83' lang='grc' dir='ltr'>ὅταν</span> <span class='ocrx_word' id='word_1_366' title='bbox 1393 4457 1659 4510; x_wconf 85' lang='grc' dir='ltr'>μνησικα-</span> 
     </span>
    </p>
   </div>
   <div class='ocr_carea' id='block_1_46' title="bbox 114 4511 1659 4597">
    <p class='ocr_par' dir='ltr' id='par_1_46' title="bbox 114 4511 1659 4597">
     <span class='ocr_line' id='line_1_46' title="bbox 114 4511 1659 4597; baseline 0.014 -35"><span class='ocrx_word' id='word_1_367' title='bbox 114 4511 203 4579; x_wconf 76' lang='grc' dir='ltr'>κῇς</span> <span class='ocrx_word' id='word_1_368' title='bbox 225 4511 296 4576; x_wconf 88' lang='grc' dir='ltr'>ὡς</span> <span class='ocrx_word' id='word_1_369' title='bbox 322 4516 379 4567; x_wconf 86' lang='grc' dir='ltr'>αί</span> <span class='ocrx_word' id='word_1_370' title='bbox 419 4516 678 4587; x_wconf 89' lang='grc' dir='ltr'>κάμηλοι,</span> <span class='ocrx_word' id='word_1_371' title='bbox 707 4519 833 4572; x_wconf 86' lang='grc' dir='ltr'>ὃταν</span> <span class='ocrx_word' id='word_1_372' title='bbox 870 4521 1069 4595; x_wconf 76' lang='grc' dir='ltr'>δάκνῃς</span> <span class='ocrx_word' id='word_1_373' title='bbox 1102 4526 1177 4587; x_wconf 86' lang='grc' dir='ltr'>ὡς</span> <span class='ocrx_word' id='word_1_374' title='bbox 1208 4527 1263 4579; x_wconf 90' lang='grc' dir='ltr'>αἰ</span> <span class='ocrx_word' id='word_1_375' title='bbox 1290 4527 1498 4597; x_wconf 85' lang='grc' dir='ltr'>ἄρκτοι,</span> <span class='ocrx_word' id='word_1_376' title='bbox 1529 4532 1659 4585; x_wconf 83' lang='grc' dir='ltr'>ὅταν</span> 
     </span>
    </p>
   </div>
   <div class='ocr_carea' id='block_1_47' title="bbox 114 4598 1655 4688">
    <p class='ocr_par' dir='ltr' id='par_1_47' title="bbox 114 4598 1655 4688">
     <span class='ocr_line' id='line_1_47' title="bbox 114 4598 1655 4688; baseline 0.017 -38"><span class='ocrx_word' id='word_1_377' title='bbox 114 4598 340 4675; x_wconf 76' lang='grc' dir='ltr'>ἁρπάζῃς</span> <span class='ocrx_word' id='word_1_378' title='bbox 358 4607 438 4670; x_wconf 87' lang='grc' dir='ltr'>ὡς</span> <span class='ocrx_word' id='word_1_379' title='bbox 471 4610 518 4661; x_wconf 89' lang='grc' dir='ltr'>οἱ</span> <span class='ocrx_word' id='word_1_380' title='bbox 549 4607 719 4673; x_wconf 80' lang='grc' dir='ltr'>λύκοι,</span> <span class='ocrx_word' id='word_1_381' title='bbox 749 4611 875 4665; x_wconf 85' lang='grc' dir='ltr'>ὅταν</span> <span class='ocrx_word' id='word_1_382' title='bbox 910 4614 1141 4687; x_wconf 88' lang='grc' dir='ltr'>κλέπτῃς</span> <span class='ocrx_word' id='word_1_383' title='bbox 1168 4616 1242 4679; x_wconf 83' lang='grc' dir='ltr'>ὡς</span> <span class='ocrx_word' id='word_1_384' title='bbox 1270 4620 1324 4671; x_wconf 77' lang='grc' dir='ltr'>αξ</span> <span class='ocrx_word' id='word_1_385' title='bbox 1356 4619 1655 4688; x_wconf 83' lang='grc' dir='ltr'>ἀλώπεκες,</span> 
     </span>
    </p>
   </div>
   <div class='ocr_carea' id='block_1_48' title="bbox 114 4689 1657 4784">
    <p class='ocr_par' dir='ltr' id='par_1_48' title="bbox 114 4689 1657 4784">
     <span class='ocr_line' id='line_1_48' title="bbox 114 4689 1657 4784; baseline 0.017 -43"><span class='ocrx_word' id='word_1_386' title='bbox 114 4689 223 4745; x_wconf 81' lang='grc' dir='ltr'>ὅταν</span> <span class='ocrx_word' id='word_1_387' title='bbox 263 4695 474 4766; x_wconf 75' lang='grc' dir='ltr'>δολερὸς</span> <span class='ocrx_word' id='word_1_388' title='bbox 505 4697 569 4771; x_wconf 82' lang='grc' dir='ltr'>ᾖς</span> <span class='ocrx_word' id='word_1_389' title='bbox 597 4699 672 4763; x_wconf 83' lang='grc' dir='ltr'>ὡς</span> <span class='ocrx_word' id='word_1_390' title='bbox 696 4703 744 4755; x_wconf 75' lang='grc' dir='ltr'>οἱ</span> <span class='ocrx_word' id='word_1_391' title='bbox 765 4702 933 4771; x_wconf 76' lang='grc' dir='ltr'>ὄφεις,</span> <span class='ocrx_word' id='word_1_392' title='bbox 972 4706 1100 4759; x_wconf 82' lang='grc' dir='ltr'>ὅταν</span> <span class='ocrx_word' id='word_1_393' title='bbox 1128 4708 1490 4784; x_wconf 82' lang='grc' dir='ltr'>ἀναισχυντῇς</span> <span class='ocrx_word' id='word_1_394' title='bbox 1523 4715 1597 4778; x_wconf 83' lang='grc' dir='ltr'>ὡς</span> <span class='ocrx_word' id='word_1_395' title='bbox 1629 4719 1657 4769; x_wconf 89' lang='grc' dir='ltr'>ὁ</span> 
     </span>
    </p>
   </div>
   <div class='ocr_carea' id='block_1_49' title="bbox 114 4780 1654 4873">
    <p class='ocr_par' dir='ltr' id='par_1_49' title="bbox 114 4780 1654 4873">
     <span class='ocr_line' id='line_1_49' title="bbox 114 4780 1654 4873; baseline 0.018 -41"><span class='ocrx_word' id='word_1_396' title='bbox 114 4780 267 4847; x_wconf 87' lang='grc' dir='ltr'>κύων;</span> <span class='ocrx_word' id='word_1_397' title='bbox 300 4788 463 4840; x_wconf 77' lang='grc' dir='ltr'>πόθεν</span> <span class='ocrx_word' id='word_1_398' title='bbox 497 4790 797 4861; x_wconf 78' lang='grc' dir='ltr'>δυνήσομαι</span> <span class='ocrx_word' id='word_1_399' title='bbox 842 4795 1029 4863; x_wconf 85' lang='grc' dir='ltr'>μαθεῖν</span> <span class='ocrx_word' id='word_1_400' title='bbox 1068 4798 1148 4851; x_wconf 86' lang='grc' dir='ltr'>ὅτι</span> <span class='ocrx_word' id='word_1_401' title='bbox 1180 4798 1356 4870; x_wconf 79' lang='grc' dir='ltr'>ψυχὴν</span> <span class='ocrx_word' id='word_1_402' title='bbox 1387 4780 1531 4873; x_wconf 80' lang='grc' dir='ltr'>ἔχεις</span> <span class='ocrx_word' id='word_1_403' title='bbox 1556 4808 1654 4859; x_wconf 65' lang='grc' dir='ltr'>ἀνι</span> 
     </span>
    </p>
   </div>
   <div class='ocr_carea' id='block_1_50' title="bbox 117 4868 1651 4960">
    <p class='ocr_par' dir='ltr' id='par_1_50' title="bbox 117 4868 1651 4960">
     <span class='ocr_line' id='line_1_50' title="bbox 117 4868 1651 4960; baseline 0.014 -34"><span class='ocrx_word' id='word_1_404' title='bbox 117 4868 342 4943; x_wconf 71' lang='grc' dir='ltr'>Θρὼττου;</span> <span class='ocrx_word' id='word_1_405' title='bbox 386 4878 649 4934; x_wconf 80' lang='grc' dir='ltr'>Βούλεσθε</span> <span class='ocrx_word' id='word_1_406' title='bbox 683 4882 840 4950; x_wconf 82' lang='grc' dir='ltr'>δείξω</span> <span class='ocrx_word' id='word_1_407' title='bbox 882 4887 1079 4957; x_wconf 78' lang='grc' dir='ltr'>νεκράν</span> <span class='ocrx_word' id='word_1_408' title='bbox 1103 4868 1288 4959; x_wconf 74' lang='grc' dir='ltr'>ψυχὴν</span> <span class='ocrx_word' id='word_1_409' title='bbox 1311 4868 1651 4960; x_wconf 33' lang='grc' dir='ltr'>καὶ-ζῶσακ</span> 
     </span>
    </p>
   </div>
   <div class='ocr_carea' id='block_1_51' title="bbox 120 4963 1655 5059">
    <p class='ocr_par' dir='ltr' id='par_1_51' title="bbox 120 4963 1655 5059">
     <span class='ocr_line' id='line_1_51' title="bbox 120 4963 1655 5059; baseline 0.018 -45"><span class='ocrx_word' id='word_1_410' title='bbox 120 4963 349 5059; x_wconf 49' lang='grc' dir='ltr'>ςΔγωμεν</span> <span class='ocrx_word' id='word_1_411' title='bbox 394 4971 486 5025; x_wconf 81' lang='grc' dir='ltr'>τὸν</span> <span class='ocrx_word' id='word_1_412' title='bbox 527 4973 683 5042; x_wconf 83' lang='grc' dir='ltr'>λόγον</span> <span class='ocrx_word' id='word_1_413' title='bbox 713 4976 873 5029; x_wconf 86' lang='grc' dir='ltr'>πάλιν</span> <span class='ocrx_word' id='word_1_414' title='bbox 902 4979 995 5032; x_wconf 84' lang='grc' dir='ltr'>ἐπί</span> <span class='ocrx_word' id='word_1_415' title='bbox 1021 4982 1146 5045; x_wconf 78' lang='grc' dir='ltr'>τοὺς</span> <span class='ocrx_word' id='word_1_416' title='bbox 1174 4982 1431 5055; x_wconf 85' lang='grc' dir='ltr'>ἀρχαίους</span> <span class='ocrx_word' id='word_1_417' title='bbox 1461 4987 1655 5059; x_wconf 83' lang='grc' dir='ltr'>ἄνδρας</span> 
     </span>
    </p>
   </div>
   <div class='ocr_carea' id='block_1_52' title="bbox 117 5051 1654 5144">
    <p class='ocr_par' dir='ltr' id='par_1_52' title="bbox 117 5051 1654 5144">
     <span class='ocr_line' id='line_1_52' title="bbox 117 5051 1654 5144; baseline 0.017 -39"><span class='ocrx_word' id='word_1_418' title='bbox 117 5051 351 5122; x_wconf 80' lang='grc' dir='ltr'>ἐκείνους,</span> <span class='ocrx_word' id='word_1_419' title='bbox 395 5062 510 5127; x_wconf 78' lang='grc' dir='ltr'>καὶ,</span> <span class='ocrx_word' id='word_1_420' title='bbox 555 5065 605 5117; x_wconf 85' lang='grc' dir='ltr'>εἰ</span> <span class='ocrx_word' id='word_1_421' title='bbox 650 5065 815 5133; x_wconf 83' lang='grc' dir='ltr'>δοκεῖ,</span> <span class='ocrx_word' id='word_1_422' title='bbox 846 5068 936 5121; x_wconf 87' lang='grc' dir='ltr'>τὸν</span> <span class='ocrx_word' id='word_1_423' title='bbox 982 5051 1232 5125; x_wconf 84' lang='grc' dir='ltr'>πλούσιον</span> <span class='ocrx_word' id='word_1_424' title='bbox 1251 5051 1338 5137; x_wconf 73' lang='grc' dir='ltr'>εἰς</span> <span class='ocrx_word' id='word_1_425' title='bbox 1372 5076 1532 5144; x_wconf 83' lang='grc' dir='ltr'>μέσον</span> <span class='ocrx_word' id='word_1_426' title='bbox 1556 5051 1654 5129; x_wconf 72' lang='grc' dir='ltr'>κα-</span> 
     </span>
    </p>
   </div>
   <div class='ocr_carea' id='block_1_53' title="bbox 115 5144 1653 5238">
    <p class='ocr_par' dir='ltr' id='par_1_53' title="bbox 115 5144 1653 5238">
     <span class='ocr_line' id='line_1_53' title="bbox 115 5144 1653 5238; baseline 0.018 -43"><span class='ocrx_word' id='word_1_427' title='bbox 115 5144 381 5238; x_wconf 79' lang='grc' dir='ltr'>ταθῴμεθα</span> <span class='ocrx_word' id='word_1_428' title='bbox 427 5154 521 5207; x_wconf 85' lang='grc' dir='ltr'>τὸν</span> <span class='ocrx_word' id='word_1_429' title='bbox 570 5157 662 5210; x_wconf 78' lang='grc' dir='ltr'>ἐπὶ</span> <span class='ocrx_word' id='word_1_430' title='bbox 710 5158 804 5211; x_wconf 91' lang='grc' dir='ltr'>τοῦ</span> <span class='ocrx_word' id='word_1_431' title='bbox 859 5160 1133 5234; x_wconf 86' lang='grc' dir='ltr'>Λαζάρου,</span> <span class='ocrx_word' id='word_1_432' title='bbox 1186 5165 1278 5218; x_wconf 71' lang='grc' dir='ltr'>καὶ</span> <span class='ocrx_word' id='word_1_433' title='bbox 1315 5167 1569 5238; x_wconf 89' lang='grc' dir='ltr'>εἰσόμεθα</span> <span class='ocrx_word' id='word_1_434' title='bbox 1599 5168 1653 5221; x_wconf 87' lang='grc' dir='ltr'>τί</span> 
     </span>
    </p>
   </div>
   <div class='ocr_carea' id='block_1_54' title="bbox 115 5237 1651 5330">
    <p class='ocr_par' dir='ltr' id='par_1_54' title="bbox 115 5237 1651 5330">
     <span class='ocr_line' id='line_1_54' title="bbox 115 5237 1651 5330; baseline 0.016 -41"><span class='ocrx_word' id='word_1_435' title='bbox 115 5237 229 5330; x_wconf 66' lang='grc' dir='ltr'>τξοτέ</span> <span class='ocrx_word' id='word_1_436' title='bbox 265 5241 377 5296; x_wconf 80' lang='grc' dir='ltr'>ἐστι</span> <span class='ocrx_word' id='word_1_437' title='bbox 401 5244 579 5316; x_wconf 75' lang='grc' dir='ltr'>ψυχῆς</span> <span class='ocrx_word' id='word_1_438' title='bbox 623 5249 910 5319; x_wconf 83' lang='grc' dir='ltr'>νέκρωσις.</span> <span class='ocrx_word' id='word_1_439' title='bbox 945 5253 1054 5306; x_wconf 85' lang='lat' dir='ltr'>Kal</span> <span class='ocrx_word' id='word_1_440' title='bbox 1086 5255 1192 5326; x_wconf 86' lang='grc' dir='ltr'>γὰρ</span> <span class='ocrx_word' id='word_1_441' title='bbox 1224 5257 1427 5322; x_wconf 83' lang='grc' dir='ltr'>ἐκεῖνος</span> <span class='ocrx_word' id='word_1_442' title='bbox 1454 5260 1651 5330; x_wconf 72' lang='grc' dir='ltr'>νεκρὰν</span> 
     </span>
    </p>
   </div>
   <div class='ocr_carea' id='block_1_55' title="bbox 113 5316 1651 5426">
    <p class='ocr_par' dir='ltr' id='par_1_55' title="bbox 113 5316 1651 5426">
     <span class='ocr_line' id='line_1_55' title="bbox 113 5316 1651 5426; baseline 0.025 -55"><span class='ocrx_word' id='word_1_443' title='bbox 113 5316 209 5395; x_wconf 75' lang='grc' dir='ltr'>εἶχε</span> <span class='ocrx_word' id='word_1_444' title='bbox 246 5329 437 5406; x_wconf 76' lang='grc' dir='ltr'>ψυχὴν,</span> <span class='ocrx_word' id='word_1_445' title='bbox 491 5338 584 5391; x_wconf 79' lang='grc' dir='ltr'>καὶ</span> <span class='ocrx_word' id='word_1_446' title='bbox 611 5316 771 5409; x_wconf 81' lang='grc' dir='ltr'>δῆλον</span> <span class='ocrx_word' id='word_1_447' title='bbox 805 5343 899 5413; x_wconf 84' lang='grc' dir='ltr'>ἀφ’</span> <span class='ocrx_word' id='word_1_448' title='bbox 928 5338 1004 5399; x_wconf 85' lang='grc' dir='ltr'>ὦν</span> <span class='ocrx_word' id='word_1_449' title='bbox 1036 5316 1238 5402; x_wconf 76' lang='grc' dir='ltr'>ἐποίει·</span> <span class='ocrx_word' id='word_1_450' title='bbox 1273 5351 1379 5404; x_wconf 87' lang='grc' dir='ltr'>τῶν</span> <span class='ocrx_word' id='word_1_451' title='bbox 1408 5316 1510 5421; x_wconf 76' lang='grc' dir='ltr'>μὲν</span> <span class='ocrx_word' id='word_1_452' title='bbox 1542 5316 1651 5426; x_wconf 71' lang='grc' dir='ltr'>γὰρ</span> 
     </span>
    </p>
   </div>
   <div class='ocr_carea' id='block_1_56' title="bbox 116 5590 1646 5711">
    <p class='ocr_par' dir='ltr' id='par_1_56' title="bbox 116 5590 1646 5711">
     <span class='ocr_line' id='line_1_56' title="bbox 116 5590 1646 5711; baseline -0.013 -12"><span class='ocrx_word' id='word_1_453' title='bbox 116 5590 496 5711; x_wconf 55' lang='grc' dir='ltr'>τοίιὶηέἕῖιέῗῦτο</span> <span class='ocrx_word' id='word_1_454' title='bbox 540 5606 653 5669; x_wconf 50' lang='grc' dir='ltr'>ἔφην</span> <span class='ocrx_word' id='word_1_455' title='bbox 691 5608 933 5674; x_wconf 68' lang='grc' dir='ltr'>ἄνθρωπον</span> <span class='ocrx_word' id='word_1_456' title='bbox 957 5614 1091 5678; x_wconf 79' lang='grc' dir='ltr'>εἶναι,</span> <span class='ocrx_word' id='word_1_457' title='bbox 1118 5621 1215 5670; x_wconf 73' lang='lat' dir='ltr'>etc.</span> <span class='ocrx_word' id='word_1_458' title='bbox 1241 5620 1449 5677; x_wconf 77' lang='lat' dir='ltr'>deerant</span> <span class='ocrx_word' id='word_1_459' title='bbox 1470 5623 1519 5677; x_wconf 86' lang='lat' dir='ltr'>in</span> <span class='ocrx_word' id='word_1_460' title='bbox 1544 5628 1646 5680; x_wconf 77' lang='grc' dir='ltr'>Μο-</span> 
     </span>
    </p>
   </div>
   <div class='ocr_carea' id='block_1_57' title="bbox 1177 278 2321 337">
    <p class='ocr_par' dir='ltr' id='par_1_57' title="bbox 1177 278 2321 337">
     <span class='ocr_line' id='line_1_57' title="bbox 1177 278 2321 337; baseline 0.002 -2"><span class='ocrx_word' id='word_1_461' title='bbox 1177 281 1243 335; x_wconf 85' lang='grc' dir='ltr'>ΙΝ</span> <span class='ocrx_word' id='word_1_462' title='bbox 1286 280 1500 335; x_wconf 80' lang='lat' dir='ltr'>EPIST.</span> <span class='ocrx_word' id='word_1_463' title='bbox 1543 282 1583 335; x_wconf 86' lang='lat' dir='ltr'>ll</span> <span class='ocrx_word' id='word_1_464' title='bbox 1626 279 1715 332; x_wconf 79' lang='lat' dir='ltr'>AD</span> <span class='ocrx_word' id='word_1_465' title='bbox 1755 278 1913 335; x_wconf 75' lang='lat' dir='ltr'>COR.</span> <span class='ocrx_word' id='word_1_466' title='bbox 1957 280 2188 336; x_wconf 82' lang='lat' dir='ltr'>HOMIL.</span> <span class='ocrx_word' id='word_1_467' title='bbox 2236 282 2321 337; x_wconf 86' lang='lat' dir='ltr'>VI.</span> 
     </span>
    </p>
   </div>
   <div class='ocr_carea' id='block_1_58' title="bbox 3254 289 3363 343">
    <p class='ocr_par' dir='ltr' id='par_1_58' title="bbox 3254 289 3363 343">
     <span class='ocr_line' id='line_1_58' title="bbox 3254 289 3363 343; baseline -0.046 1"><span class='ocrx_word' id='word_1_468' title='bbox 3254 289 3363 343; x_wconf 73' lang='lat' dir='ltr'><strong>MO</strong></span> 
     </span>
    </p>
   </div>
   <div class='ocr_carea' id='block_1_59' title="bbox 1809 396 3384 470">
    <p class='ocr_par' dir='ltr' id='par_1_59' title="bbox 1809 396 3384 470">
     <span class='ocr_line' id='line_1_59' title="bbox 1809 396 3384 470; baseline 0.009 -23"><span class='ocrx_word' id='word_1_469' title='bbox 1809 396 1986 465; x_wconf 70' lang='grc' dir='ltr'>ψυχῆς</span> <span class='ocrx_word' id='word_1_470' title='bbox 2026 396 2204 466; x_wconf 78' lang='grc' dir='ltr'>ἔργων</span> <span class='ocrx_word' id='word_1_471' title='bbox 2227 398 2375 450; x_wconf 76' lang='grc' dir='ltr'>οὐδὲν</span> <span class='ocrx_word' id='word_1_472' title='bbox 2405 398 2688 469; x_wconf 80' lang='grc' dir='ltr'>ἔπραττεν,</span> <span class='ocrx_word' id='word_1_473' title='bbox 2721 400 2874 470; x_wconf 70' lang='grc' dir='ltr'>ἤσθιε</span> <span class='ocrx_word' id='word_1_474' title='bbox 2907 401 2961 455; x_wconf 82' lang='grc' dir='ltr'>δὲ</span> <span class='ocrx_word' id='word_1_475' title='bbox 2988 404 3078 456; x_wconf 72' lang='grc' dir='ltr'>καὶ</span> <span class='ocrx_word' id='word_1_476' title='bbox 3107 404 3253 458; x_wconf 83' lang='grc' dir='ltr'>ἔπινε</span> <span class='ocrx_word' id='word_1_477' title='bbox 3287 408 3384 461; x_wconf 75' lang='grc' dir='ltr'>καὶ</span> 
     </span>
    </p>
   </div>
   <div class='ocr_carea' id='block_1_60' title="bbox 1810 485 2223 556">
    <p class='ocr_par' dir='ltr' id='par_1_60' title="bbox 1810 485 2223 556">
     <span class='ocr_line' id='line_1_60' title="bbox 1810 485 2223 556; baseline 0.005 -19"><span class='ocrx_word' id='word_1_478' title='bbox 1810 485 2018 555; x_wconf 83' lang='grc' dir='ltr'>ἐτρύφα</span> <span class='ocrx_word' id='word_1_479' title='bbox 2044 486 2223 556; x_wconf 86' lang='grc' dir='ltr'>μόνον.</span> 
     </span>
    </p>
   </div>
   <div class='ocr_carea' id='block_1_61' title="bbox 1873 574 3375 654">
    <p class='ocr_par' dir='ltr' id='par_1_61' title="bbox 1873 574 3375 654">
     <span class='ocr_line' id='line_1_61' title="bbox 1873 574 3375 654; baseline 0.007 -26"><span class='ocrx_word' id='word_1_480' title='bbox 1873 576 1934 628; x_wconf 90' lang='grc' dir='ltr'>δ’.</span> <span class='ocrx_word' id='word_1_481' title='bbox 1966 574 2209 628; x_wconf 87' lang='grc' dir='ltr'>Τοιοῦτοί</span> <span class='ocrx_word' id='word_1_482' title='bbox 2238 577 2342 627; x_wconf 89' lang='grc' dir='ltr'>εἰσι</span> <span class='ocrx_word' id='word_1_483' title='bbox 2370 577 2461 628; x_wconf 80' lang='grc' dir='ltr'>καὶ</span> <span class='ocrx_word' id='word_1_484' title='bbox 2492 576 2587 629; x_wconf 90' lang='grc' dir='ltr'>νῦν</span> <span class='ocrx_word' id='word_1_485' title='bbox 2610 579 2657 630; x_wconf 87' lang='grc' dir='ltr'>οἰ</span> <span class='ocrx_word' id='word_1_486' title='bbox 2689 579 3049 650; x_wconf 78' lang='grc' dir='ltr'>ἁνελεήμονες</span> <span class='ocrx_word' id='word_1_487' title='bbox 3077 584 3169 636; x_wconf 75' lang='grc' dir='ltr'>καὶ</span> <span class='ocrx_word' id='word_1_488' title='bbox 3201 585 3375 654; x_wconf 81' lang='grc' dir='ltr'>ὠμοί·</span> 
     </span>
    </p>
   </div>
   <div class='ocr_carea' id='block_1_62' title="bbox 1805 663 3377 743">
    <p class='ocr_par' dir='ltr' id='par_1_62' title="bbox 1805 663 3377 743">
     <span class='ocr_line' id='line_1_62' title="bbox 1805 663 3377 743; baseline 0.008 -27"><span class='ocrx_word' id='word_1_489' title='bbox 1805 665 2002 735; x_wconf 83' lang='grc' dir='ltr'>νεκρὰν</span> <span class='ocrx_word' id='word_1_490' title='bbox 2028 666 2136 736; x_wconf 84' lang='grc' dir='ltr'>γάρ</span> <span class='ocrx_word' id='word_1_491' title='bbox 2166 668 2348 736; x_wconf 83' lang='grc' dir='ltr'>ἔχουσι</span> <span class='ocrx_word' id='word_1_492' title='bbox 2386 670 2479 720; x_wconf 75' lang='grc' dir='ltr'>καὶ</span> <span class='ocrx_word' id='word_1_493' title='bbox 2508 663 2651 721; x_wconf 72' lang='grc' dir='ltr'>οὗτοι</span> <span class='ocrx_word' id='word_1_494' title='bbox 2682 669 2880 740; x_wconf 76' lang='grc' dir='ltr'>ψυχὴν,</span> <span class='ocrx_word' id='word_1_495' title='bbox 2920 671 3106 743; x_wconf 82' lang='grc' dir='ltr'>ὥσπερ</span> <span class='ocrx_word' id='word_1_496' title='bbox 3152 676 3377 739; x_wconf 77' lang='grc' dir='ltr'>ἐκεῖνος.</span> 
     </span>
    </p>
   </div>
   <div class='ocr_carea' id='block_1_63' title="bbox 1804 755 3378 836">
    <p class='ocr_par' dir='ltr' id='par_1_63' title="bbox 1804 755 3378 836">
     <span class='ocr_line' id='line_1_63' title="bbox 1804 755 3378 836; baseline 0.009 -30"><span class='ocrx_word' id='word_1_497' title='bbox 1804 756 1877 807; x_wconf 84' lang='lat' dir='ltr'><em>T6</em></span> <span class='ocrx_word' id='word_1_498' title='bbox 1902 755 2010 827; x_wconf 90' lang='grc' dir='ltr'>γάρ</span> <span class='ocrx_word' id='word_1_499' title='bbox 2032 756 2231 827; x_wconf 88' lang='grc' dir='ltr'>Θερμὸν</span> <span class='ocrx_word' id='word_1_500' title='bbox 2255 758 2423 827; x_wconf 78' lang='grc' dir='ltr'>αὐτῆς</span> <span class='ocrx_word' id='word_1_501' title='bbox 2446 760 2590 812; x_wconf 75' lang='grc' dir='ltr'>ἅπαν</span> <span class='ocrx_word' id='word_1_502' title='bbox 2619 760 2679 812; x_wconf 87' lang='grc' dir='ltr'>τὸ</span> <span class='ocrx_word' id='word_1_503' title='bbox 2703 761 2809 813; x_wconf 83' lang='grc' dir='ltr'>ἀπὸ</span> <span class='ocrx_word' id='word_1_504' title='bbox 2837 764 2936 831; x_wconf 84' lang='grc' dir='ltr'>τῆς</span> <span class='ocrx_word' id='word_1_505' title='bbox 2965 764 3143 831; x_wconf 81' lang='grc' dir='ltr'>φιλίας</span> <span class='ocrx_word' id='word_1_506' title='bbox 3173 767 3271 836; x_wconf 84' lang='grc' dir='ltr'>τῆς</span> <span class='ocrx_word' id='word_1_507' title='bbox 3298 770 3378 832; x_wconf 89' lang='grc' dir='ltr'>εἰς</span> 
     </span>
    </p>
   </div>
   <div class='ocr_carea' id='block_1_64' title="bbox 1800 845 3377 925">
    <p class='ocr_par' dir='ltr' id='par_1_64' title="bbox 1800 845 3377 925">
     <span class='ocr_line' id='line_1_64' title="bbox 1800 845 3377 925; baseline 0.008 -27"><span class='ocrx_word' id='word_1_508' title='bbox 1800 845 1891 898; x_wconf 84' lang='grc' dir='ltr'>τὸν</span> <span class='ocrx_word' id='word_1_509' title='bbox 1927 847 2151 917; x_wconf 86' lang='grc' dir='ltr'>πλησίον</span> <span class='ocrx_word' id='word_1_510' title='bbox 2193 848 2484 917; x_wconf 83' lang='grc' dir='ltr'>ἀνήλωται,</span> <span class='ocrx_word' id='word_1_511' title='bbox 2542 851 2635 903; x_wconf 76' lang='grc' dir='ltr'>καί</span> <span class='ocrx_word' id='word_1_512' title='bbox 2684 851 2829 903; x_wconf 80' lang='grc' dir='ltr'>ἔστιν</span> <span class='ocrx_word' id='word_1_513' title='bbox 2877 852 3085 923; x_wconf 76' lang='grc' dir='ltr'>ἀψύχου</span> <span class='ocrx_word' id='word_1_514' title='bbox 3125 855 3377 925; x_wconf 84' lang='grc' dir='ltr'>σώματος</span> 
     </span>
    </p>
   </div>
   <div class='ocr_carea' id='block_1_65' title="bbox 1800 939 3376 1019">
    <p class='ocr_par' dir='ltr' id='par_1_65' title="bbox 1800 939 3376 1019">
     <span class='ocr_line' id='line_1_65' title="bbox 1800 939 3376 1019; baseline 0.006 -29"><span class='ocrx_word' id='word_1_515' title='bbox 1800 939 2113 1009; x_wconf 86' lang='grc' dir='ltr'>νεκροτέρα.</span> <span class='ocrx_word' id='word_1_516' title='bbox 2156 939 2213 992; x_wconf 83' lang='grc' dir='ltr'>Ὀ</span> <span class='ocrx_word' id='word_1_517' title='bbox 2239 940 2293 992; x_wconf 83' lang='grc' dir='ltr'>δὲ</span> <span class='ocrx_word' id='word_1_518' title='bbox 2319 941 2485 1010; x_wconf 83' lang='grc' dir='ltr'>πένης</span> <span class='ocrx_word' id='word_1_519' title='bbox 2504 942 2564 993; x_wconf 82' lang='grc' dir='ltr'>οὐ</span> <span class='ocrx_word' id='word_1_520' title='bbox 2594 942 2854 1007; x_wconf 85' lang='grc' dir='ltr'>τοιοῦτος,</span> <span class='ocrx_word' id='word_1_521' title='bbox 2891 944 3007 997; x_wconf 76' lang='grc' dir='ltr'>ἀλλ’</span> <span class='ocrx_word' id='word_1_522' title='bbox 3035 948 3091 999; x_wconf 87' lang='grc' dir='ltr'>ὲν</span> <span class='ocrx_word' id='word_1_523' title='bbox 3118 948 3267 1019; x_wconf 81' lang='grc' dir='ltr'>αὐτῷ</span> <span class='ocrx_word' id='word_1_524' title='bbox 3296 949 3376 1018; x_wconf 84' lang='grc' dir='ltr'>τῷ</span> 
     </span>
    </p>
   </div>
   <div class='ocr_carea' id='block_1_66' title="bbox 1799 1032 3372 1111">
    <p class='ocr_par' dir='ltr' id='par_1_66' title="bbox 1799 1032 3372 1111">
     <span class='ocr_line' id='line_1_66' title="bbox 1799 1032 3372 1111; baseline 0.009 -29"><span class='ocrx_word' id='word_1_525' title='bbox 1799 1032 1953 1102; x_wconf 82' lang='grc' dir='ltr'>ἄκρῳ</span> <span class='ocrx_word' id='word_1_526' title='bbox 1978 1033 2075 1102; x_wconf 83' lang='grc' dir='ltr'>τῆς</span> <span class='ocrx_word' id='word_1_527' title='bbox 2105 1032 2418 1101; x_wconf 82' lang='grc' dir='ltr'>φιλοσοφίας</span> <span class='ocrx_word' id='word_1_528' title='bbox 2442 1034 2612 1096; x_wconf 80' lang='grc' dir='ltr'>ἑστὼς</span> <span class='ocrx_word' id='word_1_529' title='bbox 2636 1035 2896 1104; x_wconf 86' lang='grc' dir='ltr'>διέλαμπε</span> <span class='ocrx_word' id='word_1_530' title='bbox 2919 1054 2933 1069; x_wconf 95' lang='grc'>·</span> <span class='ocrx_word' id='word_1_531' title='bbox 2962 1040 3056 1091; x_wconf 75' lang='grc' dir='ltr'>καί¹</span> <span class='ocrx_word' id='word_1_532' title='bbox 3087 1040 3231 1111; x_wconf 87' lang='grc' dir='ltr'>λιμῷ</span> <span class='ocrx_word' id='word_1_533' title='bbox 3266 1061 3372 1095; x_wconf 86' lang='grc' dir='ltr'>πα-</span> 
     </span>
    </p>
   </div>
   <div class='ocr_carea' id='block_1_67' title="bbox 1797 1121 3376 1201">
    <p class='ocr_par' dir='ltr' id='par_1_67' title="bbox 1797 1121 3376 1201">
     <span class='ocr_line' id='line_1_67' title="bbox 1797 1121 3376 1201; baseline 0.008 -29"><span class='ocrx_word' id='word_1_534' title='bbox 1797 1121 1961 1173; x_wconf 88' lang='grc' dir='ltr'>λαίων</span> <span class='ocrx_word' id='word_1_535' title='bbox 2011 1122 2267 1192; x_wconf 79' lang='grc' dir='ltr'>διηνεκεῖ.</span> <span class='ocrx_word' id='word_1_536' title='bbox 2313 1124 2408 1175; x_wconf 76' lang='grc' dir='ltr'>καὶ</span> <span class='ocrx_word' id='word_1_537' title='bbox 2451 1124 2571 1176; x_wconf 76' lang='grc' dir='ltr'>οὐδὲ</span> <span class='ocrx_word' id='word_1_538' title='bbox 2622 1125 2722 1192; x_wconf 80' lang='grc' dir='ltr'>τῆς</span> <span class='ocrx_word' id='word_1_539' title='bbox 2773 1128 3077 1193; x_wconf 88' lang='grc' dir='ltr'>ἀναγκαίας</span> <span class='ocrx_word' id='word_1_540' title='bbox 3126 1131 3376 1201; x_wconf 78' lang='grc' dir='ltr'>εὐπορῶν</span> 
     </span>
    </p>
   </div>
   <div class='ocr_carea' id='block_1_68' title="bbox 1795 1211 3369 1287">
    <p class='ocr_par' dir='ltr' id='par_1_68' title="bbox 1795 1211 3369 1287">
     <span class='ocr_line' id='line_1_68' title="bbox 1795 1211 3369 1287; baseline 0.008 -24"><span class='ocrx_word' id='word_1_541' title='bbox 1795 1213 2019 1282; x_wconf 66' lang='grc' dir='ltr'>τροφῆς.</span> <span class='ocrx_word' id='word_1_542' title='bbox 2046 1213 2165 1265; x_wconf 76' lang='grc' dir='ltr'>οὐδὲ</span> <span class='ocrx_word' id='word_1_543' title='bbox 2200 1212 2371 1276; x_wconf 76' lang='grc' dir='ltr'>οὕτως</span> <span class='ocrx_word' id='word_1_544' title='bbox 2403 1211 2522 1266; x_wconf 76' lang='grc' dir='ltr'>εἰπέ</span> <span class='ocrx_word' id='word_1_545' title='bbox 2557 1233 2607 1268; x_wconf 93' lang='grc' dir='ltr'>τι</span> <span class='ocrx_word' id='word_1_546' title='bbox 2646 1216 2961 1287; x_wconf 83' lang='grc' dir='ltr'>βλάσφημον</span> <span class='ocrx_word' id='word_1_547' title='bbox 2988 1222 3066 1281; x_wconf 83' lang='grc' dir='ltr'>εἰς</span> <span class='ocrx_word' id='word_1_548' title='bbox 3095 1220 3185 1272; x_wconf 84' lang='grc' dir='ltr'>τὸν</span> <span class='ocrx_word' id='word_1_549' title='bbox 3216 1221 3369 1284; x_wconf 73' lang='grc' dir='ltr'>Θεὸν,</span> 
     </span>
    </p>
   </div>
   <div class='ocr_carea' id='block_1_69' title="bbox 1794 1304 3373 1381">
    <p class='ocr_par' dir='ltr' id='par_1_69' title="bbox 1794 1304 3373 1381">
     <span class='ocr_line' id='line_1_69' title="bbox 1794 1304 3373 1381; baseline 0.006 -24"><span class='ocrx_word' id='word_1_550' title='bbox 1794 1304 1906 1357; x_wconf 85' lang='grc' dir='ltr'>ἀλλ’</span> <span class='ocrx_word' id='word_1_551' title='bbox 1937 1304 2128 1375; x_wconf 80' lang='grc' dir='ltr'>ἔφερεν</span> <span class='ocrx_word' id='word_1_552' title='bbox 2167 1304 2379 1358; x_wconf 77' lang='grc' dir='ltr'>ἅπαντα</span> <span class='ocrx_word' id='word_1_553' title='bbox 2425 1308 2705 1375; x_wconf 85' lang='grc' dir='ltr'>γενναίως.</span> <span class='ocrx_word' id='word_1_554' title='bbox 2759 1310 2832 1362; x_wconf 81' lang='grc' dir='ltr'>Οὐ</span> <span class='ocrx_word' id='word_1_555' title='bbox 2889 1313 3082 1381; x_wconf 72' lang='grc' dir='ltr'>μικρὸν</span> <span class='ocrx_word' id='word_1_556' title='bbox 3109 1312 3164 1365; x_wconf 81' lang='grc' dir='ltr'>δὲ</span> <span class='ocrx_word' id='word_1_557' title='bbox 3215 1313 3373 1367; x_wconf 87' lang='grc' dir='ltr'>τοῦτο</span> 
     </span>
    </p>
   </div>
   <div class='ocr_carea' id='block_1_70' title="bbox 1792 1394 3371 1472">
    <p class='ocr_par' dir='ltr' id='par_1_70' title="bbox 1792 1394 3371 1472">
     <span class='ocr_line' id='line_1_70' title="bbox 1792 1394 3371 1472; baseline 0.007 -25"><span class='ocrx_word' id='word_1_558' title='bbox 1792 1394 1967 1465; x_wconf 80' lang='grc' dir='ltr'>ψυχῆς</span> <span class='ocrx_word' id='word_1_559' title='bbox 2013 1396 2191 1465; x_wconf 82' lang='grc' dir='ltr'>ἔργον.</span> <span class='ocrx_word' id='word_1_560' title='bbox 2230 1397 2365 1450; x_wconf 87' lang='grc' dir='ltr'>ἀλλά</span> <span class='ocrx_word' id='word_1_561' title='bbox 2393 1397 2486 1450; x_wconf 81' lang='grc' dir='ltr'>καὶ</span> <span class='ocrx_word' id='word_1_562' title='bbox 2518 1400 2617 1468; x_wconf 84' lang='grc' dir='ltr'>τῆς</span> <span class='ocrx_word' id='word_1_563' title='bbox 2643 1400 2881 1464; x_wconf 67' lang='grc' dir='ltr'>εὐτονίας</span> <span class='ocrx_word' id='word_1_564' title='bbox 2924 1402 3018 1455; x_wconf 76' lang='grc' dir='ltr'>καὶ</span> <span class='ocrx_word' id='word_1_565' title='bbox 3048 1403 3148 1472; x_wconf 84' lang='grc' dir='ltr'>τῆς</span> <span class='ocrx_word' id='word_1_566' title='bbox 3182 1405 3371 1472; x_wconf 84' lang='grc' dir='ltr'>ὑγείας</span> 
     </span>
    </p>
   </div>
   <div class='ocr_carea' id='block_1_71' title="bbox 1790 1486 3368 1567">
    <p class='ocr_par' dir='ltr' id='par_1_71' title="bbox 1790 1486 3368 1567">
     <span class='ocr_line' id='line_1_71' title="bbox 1790 1486 3368 1567; baseline 0.007 -30"><span class='ocrx_word' id='word_1_567' title='bbox 1790 1486 2089 1555; x_wconf 79' lang='grc' dir='ltr'>τεκμήριον</span> <span class='ocrx_word' id='word_1_568' title='bbox 2135 1486 2408 1555; x_wconf 88' lang='grc' dir='ltr'>μέγιστον.</span> <span class='ocrx_word' id='word_1_569' title='bbox 2456 1488 2621 1541; x_wconf 84' lang='grc' dir='ltr'>Ὅταν</span> <span class='ocrx_word' id='word_1_570' title='bbox 2668 1489 2724 1542; x_wconf 86' lang='grc' dir='ltr'>δὲ</span> <span class='ocrx_word' id='word_1_571' title='bbox 2768 1491 2939 1544; x_wconf 89' lang='grc' dir='ltr'>ταῦτα</span> <span class='ocrx_word' id='word_1_572' title='bbox 2992 1494 3066 1563; x_wconf 84' lang='grc' dir='ltr'>μὴ</span> <span class='ocrx_word' id='word_1_573' title='bbox 3100 1490 3155 1567; x_wconf 79' lang='grc' dir='ltr'>ᾖ,</span> <span class='ocrx_word' id='word_1_574' title='bbox 3209 1495 3368 1565; x_wconf 77' lang='grc' dir='ltr'>δῆλον</span> 
     </span>
    </p>
   </div>
   <div class='ocr_carea' id='block_1_72' title="bbox 1790 1576 3369 1657">
    <p class='ocr_par' dir='ltr' id='par_1_72' title="bbox 1790 1576 3369 1657">
     <span class='ocr_line' id='line_1_72' title="bbox 1790 1576 3369 1657; baseline 0.008 -29"><span class='ocrx_word' id='word_1_575' title='bbox 1790 1576 1872 1628; x_wconf 79' lang='grc' dir='ltr'>ὅτι</span> <span class='ocrx_word' id='word_1_576' title='bbox 1905 1576 2053 1646; x_wconf 76' lang='grc' dir='ltr'>παρὰ</span> <span class='ocrx_word' id='word_1_577' title='bbox 2088 1576 2147 1628; x_wconf 84' lang='grc' dir='ltr'>τὸ</span> <span class='ocrx_word' id='word_1_578' title='bbox 2196 1578 2561 1649; x_wconf 81' lang='grc' dir='ltr'>νενεκρῶσθαι</span> <span class='ocrx_word' id='word_1_579' title='bbox 2615 1580 2913 1635; x_wconf 87' lang='grc' dir='ltr'>ἀπόλωλεν.</span> <span class='ocrx_word' id='word_1_580' title='bbox 2951 1584 3023 1635; x_wconf 86' lang='grc' dir='ltr'><strong>Ἦ</strong></span> <span class='ocrx_word' id='word_1_581' title='bbox 3072 1586 3133 1638; x_wconf 83' lang='grc' dir='ltr'>οὐ</span> <span class='ocrx_word' id='word_1_582' title='bbox 3168 1587 3369 1657; x_wconf 76' lang='grc' dir='ltr'>νεκρὰν</span> 
     </span>
    </p>
   </div>
   <div class='ocr_carea' id='block_1_73' title="bbox 1789 1663 3365 1747">
    <p class='ocr_par' dir='ltr' id='par_1_73' title="bbox 1789 1663 3365 1747">
     <span class='ocr_line' id='line_1_73' title="bbox 1789 1663 3365 1747; baseline 0.007 -28"><span class='ocrx_word' id='word_1_583' title='bbox 1789 1667 1999 1736; x_wconf 86' lang='grc' dir='ltr'>ἐκείνην</span> <span class='ocrx_word' id='word_1_584' title='bbox 2038 1663 2174 1720; x_wconf 73' lang='grc' dir='ltr'>εἶναι</span> <span class='ocrx_word' id='word_1_585' title='bbox 2199 1670 2465 1741; x_wconf 85' lang='grc' dir='ltr'>φήσομεν,</span> <span class='ocrx_word' id='word_1_586' title='bbox 2496 1673 2619 1724; x_wconf 88' lang='grc' dir='ltr'>εἰπέ</span> <span class='ocrx_word' id='word_1_587' title='bbox 2647 1689 2756 1741; x_wconf 90' lang='grc' dir='ltr'>μοι,</span> <span class='ocrx_word' id='word_1_588' title='bbox 2860 1674 3036 1727; x_wconf 81' lang='grc' dir='ltr'>ἔπεισι</span> <span class='ocrx_word' id='word_1_589' title='bbox 3074 1676 3171 1745; x_wconf 82' lang='grc' dir='ltr'>μὲν</span> <span class='ocrx_word' id='word_1_590' title='bbox 3195 1678 3224 1729; x_wconf 91' lang='lat'>6</span> <span class='ocrx_word' id='word_1_591' title='bbox 3249 1677 3365 1731; x_wconf 88' lang='grc' dir='ltr'>διά-</span> 
     </span>
    </p>
   </div>
   <div class='ocr_carea' id='block_1_74' title="bbox 1789 1759 3358 1830">
    <p class='ocr_par' dir='ltr' id='par_1_74' title="bbox 1789 1759 3358 1830">
     <span class='ocr_line' id='line_1_74' title="bbox 1789 1759 3358 1830; baseline 0.007 -20"><span class='ocrx_word' id='word_1_592' title='bbox 1789 1759 1941 1821; x_wconf 77' lang='grc' dir='ltr'>ϐολος</span> <span class='ocrx_word' id='word_1_593' title='bbox 1969 1760 2238 1830; x_wconf 82' lang='grc' dir='ltr'>πλήττων,</span> <span class='ocrx_word' id='word_1_594' title='bbox 2264 1762 2488 1827; x_wconf 85' lang='grc' dir='ltr'>κεντῶν,</span> <span class='ocrx_word' id='word_1_595' title='bbox 2520 1763 2750 1828; x_wconf 83' lang='grc' dir='ltr'>δάκνων,</span> <span class='ocrx_word' id='word_1_596' title='bbox 2783 1764 3074 1829; x_wconf 78' lang='grc' dir='ltr'>λακτίζων,</span> <span class='ocrx_word' id='word_1_597' title='bbox 3103 1768 3358 1821; x_wconf 79' lang='grc' dir='ltr'>αἰσθάνε-</span> 
     </span>
    </p>
   </div>
   <div class='ocr_carea' id='block_1_75' title="bbox 1786 1848 3355 1923">
    <p class='ocr_par' dir='ltr' id='par_1_75' title="bbox 1786 1848 3355 1923">
     <span class='ocr_line' id='line_1_75' title="bbox 1786 1848 3355 1923; baseline 0.006 -23"><span class='ocrx_word' id='word_1_598' title='bbox 1786 1866 1877 1900; x_wconf 89' lang='grc' dir='ltr'>ται</span> <span class='ocrx_word' id='word_1_599' title='bbox 1906 1848 1962 1901; x_wconf 82' lang='grc' dir='ltr'>δὲ</span> <span class='ocrx_word' id='word_1_600' title='bbox 1996 1849 2176 1919; x_wconf 85' lang='grc' dir='ltr'>ἐκείνη</span> <span class='ocrx_word' id='word_1_601' title='bbox 2214 1850 2424 1913; x_wconf 73' lang='grc' dir='ltr'>οὐδενὸς</span> <span class='ocrx_word' id='word_1_602' title='bbox 2457 1850 2606 1923; x_wconf 68' lang='grc'>[478]</span> <span class='ocrx_word' id='word_1_603' title='bbox 2642 1857 2865 1917; x_wconf 86' lang='grc' dir='ltr'>τούτων,</span> <span class='ocrx_word' id='word_1_604' title='bbox 2890 1854 3027 1907; x_wconf 88' lang='grc' dir='ltr'>ἀλλά</span> <span class='ocrx_word' id='word_1_605' title='bbox 3060 1859 3233 1909; x_wconf 86' lang='grc' dir='ltr'>κεῖται</span> <span class='ocrx_word' id='word_1_606' title='bbox 3264 1874 3355 1910; x_wconf 63' lang='grc' dir='ltr'>νεα</span> 
     </span>
    </p>
   </div>
   <div class='ocr_carea' id='block_1_76' title="bbox 1785 1940 3357 2017">
    <p class='ocr_par' dir='ltr' id='par_1_76' title="bbox 1785 1940 3357 2017">
     <span class='ocr_line' id='line_1_76' title="bbox 1785 1940 3357 2017; baseline 0.006 -26"><span class='ocrx_word' id='word_1_607' title='bbox 1785 1940 2127 2009; x_wconf 82' lang='grc' dir='ltr'>νεκρωμένη,</span> <span class='ocrx_word' id='word_1_608' title='bbox 2161 1941 2376 2009; x_wconf 72' lang='grc' dir='ltr'>καὶτῆς</span> <span class='ocrx_word' id='word_1_609' title='bbox 2412 1942 2727 2011; x_wconf 83' lang='grc' dir='ltr'>περιουσίας</span> <span class='ocrx_word' id='word_1_610' title='bbox 2751 1944 2920 2013; x_wconf 75' lang='grc' dir='ltr'>αὐτῆς</span> <span class='ocrx_word' id='word_1_611' title='bbox 2951 1947 3357 2017; x_wconf 82' lang='grc' dir='ltr'>ἀφαιρουμένης</span> 
     </span>
    </p>
   </div>
   <div class='ocr_carea' id='block_1_77' title="bbox 1783 2030 3354 2111">
    <p class='ocr_par' dir='ltr' id='par_1_77' title="bbox 1783 2030 3354 2111">
     <span class='ocr_line' id='line_1_77' title="bbox 1783 2030 3354 2111; baseline 0.007 -29"><span class='ocrx_word' id='word_1_612' title='bbox 1783 2031 1883 2083; x_wconf 80' lang='grc' dir='ltr'>οὐκ</span> <span class='ocrx_word' id='word_1_613' title='bbox 1912 2030 2084 2098; x_wconf 89' lang='grc' dir='ltr'>ἀλγεῖ,</span> <span class='ocrx_word' id='word_1_614' title='bbox 2112 2030 2226 2083; x_wconf 88' lang='grc' dir='ltr'>ἀλλ’</span> <span class='ocrx_word' id='word_1_615' title='bbox 2247 2031 2537 2099; x_wconf 76' lang='grc' dir='ltr'>ἐφάλλεται</span> <span class='ocrx_word' id='word_1_616' title='bbox 2566 2033 2666 2102; x_wconf 87' lang='grc' dir='ltr'>μέν</span> <span class='ocrx_word' id='word_1_617' title='bbox 2698 2035 2921 2097; x_wconf 83' lang='grc' dir='ltr'>ἐκεῖνος,</span> <span class='ocrx_word' id='word_1_618' title='bbox 2958 2037 3108 2104; x_wconf 88' lang='grc' dir='ltr'>μένει</span> <span class='ocrx_word' id='word_1_619' title='bbox 3135 2038 3189 2090; x_wconf 86' lang='grc' dir='ltr'>δὲ</span> <span class='ocrx_word' id='word_1_620' title='bbox 3219 2038 3354 2111; x_wconf 65' lang='grc' dir='ltr'>αὕτη</span> 
     </span>
    </p>
   </div>
   <div class='ocr_carea' id='block_1_78' title="bbox 1782 2121 3358 2200">
    <p class='ocr_par' dir='ltr' id='par_1_78' title="bbox 1782 2121 3358 2200">
     <span class='ocr_line' id='line_1_78' title="bbox 1782 2121 3358 2200; baseline 0.008 -25"><span class='ocrx_word' id='word_1_621' title='bbox 1782 2122 2053 2193; x_wconf 89' lang='grc' dir='ltr'>ἀκίνητος,</span> <span class='ocrx_word' id='word_1_622' title='bbox 2094 2121 2281 2193; x_wconf 81' lang='grc' dir='ltr'>ὥσπερ</span> <span class='ocrx_word' id='word_1_623' title='bbox 2328 2124 2486 2193; x_wconf 90' lang='grc' dir='ltr'>σῶμα</span> <span class='ocrx_word' id='word_1_624' title='bbox 2512 2124 2693 2194; x_wconf 74' lang='grc' dir='ltr'>ψυχῆς</span> <span class='ocrx_word' id='word_1_625' title='bbox 2728 2126 3089 2200; x_wconf 71' lang='grc' dir='ltr'>ἀπελθούσης,</span> <span class='ocrx_word' id='word_1_626' title='bbox 3123 2133 3242 2184; x_wconf 70' lang='grc' dir='ltr'>οὐδὲ</span> <span class='ocrx_word' id='word_1_627' title='bbox 3272 2137 3358 2186; x_wconf 83' lang='grc' dir='ltr'>αἰ-</span> 
     </span>
    </p>
   </div>
   <div class='ocr_carea' id='block_1_79' title="bbox 1784 2215 3355 2297">
    <p class='ocr_par' dir='ltr' id='par_1_79' title="bbox 1784 2215 3355 2297">
     <span class='ocr_line' id='line_1_79' title="bbox 1784 2215 3355 2297; baseline 0.008 -32"><span class='ocrx_word' id='word_1_628' title='bbox 1784 2215 2116 2285; x_wconf 85' lang='grc' dir='ltr'>σθανομένη;</span> <span class='ocrx_word' id='word_1_629' title='bbox 2154 2216 2324 2268; x_wconf 85' lang='grc' dir='ltr'>Ὅταν</span> <span class='ocrx_word' id='word_1_630' title='bbox 2377 2217 2485 2286; x_wconf 76' lang='grc' dir='ltr'>γὰρ</span> <span class='ocrx_word' id='word_1_631' title='bbox 2526 2219 2552 2271; x_wconf 91' lang='lat'>6</span> <span class='ocrx_word' id='word_1_632' title='bbox 2580 2216 2673 2270; x_wconf 91' lang='grc' dir='ltr'>τοῦ</span> <span class='ocrx_word' id='word_1_633' title='bbox 2701 2217 2835 2272; x_wconf 76' lang='grc' dir='ltr'>Θεοῦ</span> <span class='ocrx_word' id='word_1_634' title='bbox 2891 2222 3056 2290; x_wconf 75' lang='grc' dir='ltr'>φόϐος</span> <span class='ocrx_word' id='word_1_635' title='bbox 3089 2225 3161 2294; x_wconf 83' lang='grc' dir='ltr'>μὴ</span> <span class='ocrx_word' id='word_1_636' title='bbox 3206 2229 3355 2297; x_wconf 83' lang='grc' dir='ltr'>παρῇ</span> 
     </span>
    </p>
   </div>
   <div class='ocr_carea' id='block_1_80' title="bbox 1784 2306 3359 2385">
    <p class='ocr_par' dir='ltr' id='par_1_80' title="bbox 1784 2306 3359 2385">
     <span class='ocr_line' id='line_1_80' title="bbox 1784 2306 3359 2385; baseline 0.009 -29"><span class='ocrx_word' id='word_1_637' title='bbox 1784 2306 1919 2375; x_wconf 79' lang='grc' dir='ltr'>μετὰ</span> <span class='ocrx_word' id='word_1_638' title='bbox 1960 2307 2263 2375; x_wconf 76' lang='grc' dir='ltr'>ἀκριϐείας,</span> <span class='ocrx_word' id='word_1_639' title='bbox 2299 2308 2551 2376; x_wconf 87' lang='grc' dir='ltr'>τοιαύτην</span> <span class='ocrx_word' id='word_1_640' title='bbox 2592 2309 2763 2383; x_wconf 65' lang='grc' dir='ltr'>αὐτὴν</span> <span class='ocrx_word' id='word_1_641' title='bbox 2807 2307 2944 2365; x_wconf 77' lang='grc' dir='ltr'>εἶναι</span> <span class='ocrx_word' id='word_1_642' title='bbox 2991 2315 3227 2385; x_wconf 87' lang='grc' dir='ltr'>ἀνάγκη,</span> <span class='ocrx_word' id='word_1_643' title='bbox 3263 2321 3359 2370; x_wconf 74' lang='grc' dir='ltr'>καὶ</span> 
     </span>
    </p>
   </div>
   <div class='ocr_carea' id='block_1_81' title="bbox 1779 2397 3356 2477">
    <p class='ocr_par' dir='ltr' id='par_1_81' title="bbox 1779 2397 3356 2477">
     <span class='ocr_line' id='line_1_81' title="bbox 1779 2397 3356 2477; baseline 0.009 -28"><span class='ocrx_word' id='word_1_644' title='bbox 1779 2397 1989 2469; x_wconf 83' lang='grc' dir='ltr'>νεκρῶν</span> <span class='ocrx_word' id='word_1_645' title='bbox 2024 2398 2360 2470; x_wconf 85' lang='grc' dir='ltr'>ἀθλιωτέραν</span> <span class='ocrx_word' id='word_1_646' title='bbox 2426 2402 2561 2455; x_wconf 73' lang='grc' dir='ltr'>Οὐδὲ</span> <span class='ocrx_word' id='word_1_647' title='bbox 2612 2404 2719 2475; x_wconf 85' lang='grc' dir='ltr'>γὰρ</span> <span class='ocrx_word' id='word_1_648' title='bbox 2748 2406 2827 2468; x_wconf 88' lang='grc' dir='ltr'>είς</span> <span class='ocrx_word' id='word_1_649' title='bbox 2875 2406 3046 2477; x_wconf 81' lang='grc' dir='ltr'>ἰχῶρα</span> <span class='ocrx_word' id='word_1_650' title='bbox 3079 2408 3356 2463; x_wconf 89' lang='grc' dir='ltr'>διαλύεται</span> 
     </span>
    </p>
   </div>
   <div class='ocr_carea' id='block_1_82' title="bbox 1779 2494 3355 2572">
    <p class='ocr_par' dir='ltr' id='par_1_82' title="bbox 1779 2494 3355 2572">
     <span class='ocr_line' id='line_1_82' title="bbox 1779 2494 3355 2572; baseline 0.006 -26"><span class='ocrx_word' id='word_1_651' title='bbox 1779 2494 1872 2546; x_wconf 77' lang='grc' dir='ltr'>καὶ</span> <span class='ocrx_word' id='word_1_652' title='bbox 1906 2494 2109 2562; x_wconf 87' lang='grc' dir='ltr'>τέφραν</span> <span class='ocrx_word' id='word_1_653' title='bbox 2150 2494 2243 2546; x_wconf 72' lang='grc' dir='ltr'>καὶ</span> <span class='ocrx_word' id='word_1_654' title='bbox 2274 2494 2420 2548; x_wconf 87' lang='grc' dir='ltr'>κόνιν</span> <span class='ocrx_word' id='word_1_655' title='bbox 2465 2498 2496 2566; x_wconf 88' lang='grc' dir='ltr'><strong>ἡ</strong></span> <span class='ocrx_word' id='word_1_656' title='bbox 2547 2497 2711 2567; x_wconf 79' lang='grc' dir='ltr'>ψυχὴ,</span> <span class='ocrx_word' id='word_1_657' title='bbox 2761 2499 3013 2571; x_wconf 83' lang='grc' dir='ltr'>καθάπερ</span> <span class='ocrx_word' id='word_1_658' title='bbox 3061 2500 3122 2553; x_wconf 77' lang='grc' dir='ltr'>τὸ</span> <span class='ocrx_word' id='word_1_659' title='bbox 3172 2502 3355 2572; x_wconf 88' lang='grc' dir='ltr'>σῶμα,</span> 
     </span>
    </p>
   </div>
   <div class='ocr_carea' id='block_1_83' title="bbox 1776 2584 3356 2662">
    <p class='ocr_par' dir='ltr' id='par_1_83' title="bbox 1776 2584 3356 2662">
     <span class='ocr_line' id='line_1_83' title="bbox 1776 2584 3356 2662; baseline 0.007 -25"><span class='ocrx_word' id='word_1_660' title='bbox 1776 2584 1890 2638; x_wconf 79' lang='grc' dir='ltr'>ἀλλ’</span> <span class='ocrx_word' id='word_1_661' title='bbox 1945 2587 2023 2647; x_wconf 87' lang='grc' dir='ltr'>εἰς</span> <span class='ocrx_word' id='word_1_662' title='bbox 2060 2584 2127 2638; x_wconf 86' lang='grc' dir='ltr'>τὰ</span> <span class='ocrx_word' id='word_1_663' title='bbox 2175 2586 2382 2639; x_wconf 85' lang='grc' dir='ltr'>τούτων</span> <span class='ocrx_word' id='word_1_664' title='bbox 2439 2588 2830 2660; x_wconf 89' lang='grc' dir='ltr'>δυσωδέστερα,</span> <span class='ocrx_word' id='word_1_665' title='bbox 2887 2592 2969 2654; x_wconf 88' lang='grc' dir='ltr'>εἰς</span> <span class='ocrx_word' id='word_1_666' title='bbox 3027 2592 3199 2662; x_wconf 87' lang='grc' dir='ltr'>μέθην</span> <span class='ocrx_word' id='word_1_667' title='bbox 3260 2598 3356 2649; x_wconf 68' lang='grc' dir='ltr'>καὶ</span> 
     </span>
    </p>
   </div>
   <div class='ocr_carea' id='block_1_84' title="bbox 1776 2675 3353 2752">
    <p class='ocr_par' dir='ltr' id='par_1_84' title="bbox 1776 2675 3353 2752">
     <span class='ocr_line' id='line_1_84' title="bbox 1776 2675 3353 2752; baseline 0.008 -24"><span class='ocrx_word' id='word_1_668' title='bbox 1776 2675 1943 2746; x_wconf 87' lang='grc' dir='ltr'>θυμὸν</span> <span class='ocrx_word' id='word_1_669' title='bbox 1968 2678 2059 2729; x_wconf 80' lang='grc' dir='ltr'>καὶ</span> <span class='ocrx_word' id='word_1_670' title='bbox 2091 2676 2422 2742; x_wconf 79' lang='grc' dir='ltr'>πλεονεξίαν,</span> <span class='ocrx_word' id='word_1_671' title='bbox 2455 2680 2534 2741; x_wconf 89' lang='grc' dir='ltr'>εἰς</span> <span class='ocrx_word' id='word_1_672' title='bbox 2560 2680 2796 2743; x_wconf 81' lang='grc' dir='ltr'>ἀτόπους</span> <span class='ocrx_word' id='word_1_673' title='bbox 2825 2681 3033 2752; x_wconf 78' lang='grc' dir='ltr'>ἔρωτας</span> <span class='ocrx_word' id='word_1_674' title='bbox 3065 2685 3159 2749; x_wconf 80' lang='grc' dir='ltr'>καὶ</span> <span class='ocrx_word' id='word_1_675' title='bbox 3194 2687 3353 2740; x_wconf 88' lang='grc' dir='ltr'>ἀκαί-</span> 
     </span>
    </p>
   </div>
   <div class='ocr_carea' id='block_1_85' title="bbox 1776 2768 3349 2850">
    <p class='ocr_par' dir='ltr' id='par_1_85' title="bbox 1776 2768 3349 2850">
     <span class='ocr_line' id='line_1_85' title="bbox 1776 2768 3349 2850; baseline 0.006 -28"><span class='ocrx_word' id='word_1_676' title='bbox 1776 2786 1902 2839; x_wconf 86' lang='grc' dir='ltr'>ρους</span> <span class='ocrx_word' id='word_1_677' title='bbox 1948 2768 2262 2839; x_wconf 81' lang='grc' dir='ltr'>ἐπιθυμίας.</span> <span class='ocrx_word' id='word_1_678' title='bbox 2310 2771 2373 2823; x_wconf 85' lang='grc' dir='ltr'>Εί</span> <span class='ocrx_word' id='word_1_679' title='bbox 2422 2770 2478 2824; x_wconf 85' lang='grc' dir='ltr'>δέ</span> <span class='ocrx_word' id='word_1_680' title='bbox 2515 2771 2694 2841; x_wconf 87' lang='grc' dir='ltr'>βούλει</span> <span class='ocrx_word' id='word_1_681' title='bbox 2739 2775 2910 2844; x_wconf 80' lang='grc' dir='ltr'>αὐτῆς</span> <span class='ocrx_word' id='word_1_682' title='bbox 2953 2777 3349 2850; x_wconf 76' lang='grc' dir='ltr'>ἀκριϐέστερον</span> 
     </span>
    </p>
   </div>
   <div class='ocr_carea' id='block_1_86' title="bbox 1775 2860 3351 2938">
    <p class='ocr_par' dir='ltr' id='par_1_86' title="bbox 1775 2860 3351 2938">
     <span class='ocr_line' id='line_1_86' title="bbox 1775 2860 3351 2938; baseline 0.008 -27"><span class='ocrx_word' id='word_1_683' title='bbox 1775 2860 1904 2912; x_wconf 89' lang='grc' dir='ltr'>ἰδεῖν</span> <span class='ocrx_word' id='word_1_684' title='bbox 1930 2860 1989 2912; x_wconf 88' lang='grc' dir='ltr'>τὸ</span> <span class='ocrx_word' id='word_1_685' title='bbox 2025 2860 2282 2923; x_wconf 81' lang='grc' dir='ltr'>δυσῶδες,</span> <span class='ocrx_word' id='word_1_686' title='bbox 2328 2861 2416 2924; x_wconf 85' lang='grc' dir='ltr'>δός</span> <span class='ocrx_word' id='word_1_687' title='bbox 2447 2880 2536 2932; x_wconf 89' lang='grc' dir='ltr'>μοι</span> <span class='ocrx_word' id='word_1_688' title='bbox 2579 2863 2755 2935; x_wconf 81' lang='grc' dir='ltr'>ψυχὴν</span> <span class='ocrx_word' id='word_1_689' title='bbox 2796 2868 3065 2938; x_wconf 72' lang='grc' dir='ltr'>καθαρὰν,</span> <span class='ocrx_word' id='word_1_690' title='bbox 3108 2872 3200 2921; x_wconf 80' lang='grc' dir='ltr'>καὶ</span> <span class='ocrx_word' id='word_1_691' title='bbox 3229 2872 3351 2924; x_wconf 87' lang='grc' dir='ltr'>τότε</span> 
     </span>
    </p>
   </div>
   <div class='ocr_carea' id='block_1_87' title="bbox 1770 2950 3350 3031">
    <p class='ocr_par' dir='ltr' id='par_1_87' title="bbox 1770 2950 3350 3031">
     <span class='ocr_line' id='line_1_87' title="bbox 1770 2950 3350 3031; baseline 0.009 -30"><span class='ocrx_word' id='word_1_692' title='bbox 1770 2950 1888 3019; x_wconf 66' lang='grc' dir='ltr'>ὕψει</span> <span class='ocrx_word' id='word_1_693' title='bbox 1939 2952 2125 3019; x_wconf 84' lang='grc' dir='ltr'>σαφῶς</span> <span class='ocrx_word' id='word_1_694' title='bbox 2175 2952 2292 3015; x_wconf 84' lang='grc' dir='ltr'>πῶς</span> <span class='ocrx_word' id='word_1_695' title='bbox 2342 2954 2457 3006; x_wconf 86' lang='grc' dir='ltr'>ἐστι</span> <span class='ocrx_word' id='word_1_696' title='bbox 2495 2953 2738 3027; x_wconf 83' lang='grc' dir='ltr'>δυσώδης</span> <span class='ocrx_word' id='word_1_697' title='bbox 2787 2959 2820 3027; x_wconf 86' lang='grc' dir='ltr'><strong>ἡ</strong></span> <span class='ocrx_word' id='word_1_698' title='bbox 2851 2959 3054 3030; x_wconf 89' lang='grc' dir='ltr'>αἰσχρά</span> <span class='ocrx_word' id='word_1_699' title='bbox 3086 2960 3221 3031; x_wconf 84' lang='grc' dir='ltr'>αῦτη</span> <span class='ocrx_word' id='word_1_700' title='bbox 3255 2964 3350 3016; x_wconf 73' lang='grc' dir='ltr'>καὶ</span> 
     </span>
    </p>
   </div>
   <div class='ocr_carea' id='block_1_88' title="bbox 1768 3043 3348 3123">
    <p class='ocr_par' dir='ltr' id='par_1_88' title="bbox 1768 3043 3348 3123">
     <span class='ocr_line' id='line_1_88' title="bbox 1768 3043 3348 3123; baseline 0.008 -27"><span class='ocrx_word' id='word_1_701' title='bbox 1768 3043 2097 3114; x_wconf 81' lang='grc' dir='ltr'>ἀκάθαρτος.</span> <span class='ocrx_word' id='word_1_702' title='bbox 2129 3043 2243 3097; x_wconf 89' lang='grc' dir='ltr'>Νῦν</span> <span class='ocrx_word' id='word_1_703' title='bbox 2289 3045 2387 3114; x_wconf 83' lang='grc' dir='ltr'>μὲν</span> <span class='ocrx_word' id='word_1_704' title='bbox 2421 3047 2528 3117; x_wconf 85' lang='grc' dir='ltr'>γὰρ</span> <span class='ocrx_word' id='word_1_705' title='bbox 2574 3048 2634 3100; x_wconf 85' lang='grc' dir='ltr'>οὐ</span> <span class='ocrx_word' id='word_1_706' title='bbox 2686 3048 2890 3123; x_wconf 86' lang='grc' dir='ltr'>δυνήσῃ</span> <span class='ocrx_word' id='word_1_707' title='bbox 2943 3052 3208 3105; x_wconf 81' lang='grc' dir='ltr'>συνιδεῖν·</span> <span class='ocrx_word' id='word_1_708' title='bbox 3243 3056 3348 3120; x_wconf 76' lang='grc' dir='ltr'>ἕως</span> 
     </span>
    </p>
   </div>
   <div class='ocr_carea' id='block_1_89' title="bbox 1768 3129 3343 3217">
    <p class='ocr_par' dir='ltr' id='par_1_89' title="bbox 1768 3129 3343 3217">
     <span class='ocr_line' id='line_1_89' title="bbox 1768 3129 3343 3217; baseline 0.01 -32"><span class='ocrx_word' id='word_1_709' title='bbox 1768 3134 1875 3205; x_wconf 81' lang='grc' dir='ltr'>γὰρ</span> <span class='ocrx_word' id='word_1_710' title='bbox 1905 3129 2140 3205; x_wconf 81' lang='grc' dir='ltr'>ἀνῶμεν</span> <span class='ocrx_word' id='word_1_711' title='bbox 2163 3138 2219 3188; x_wconf 86' lang='grc' dir='ltr'>ἐν</span> <span class='ocrx_word' id='word_1_712' title='bbox 2245 3137 2500 3209; x_wconf 79' lang='grc' dir='ltr'>συνηθείᾳ</span> <span class='ocrx_word' id='word_1_713' title='bbox 2519 3139 2800 3206; x_wconf 85' lang='grc' dir='ltr'>δυσωδίας,</span> <span class='ocrx_word' id='word_1_714' title='bbox 2823 3144 2924 3196; x_wconf 84' lang='grc' dir='ltr'>οὐκ</span> <span class='ocrx_word' id='word_1_715' title='bbox 2955 3145 3343 3217; x_wconf 85' lang='grc' dir='ltr'>αἰσθανόμεθα·</span> 
     </span>
    </p>
   </div>
   <div class='ocr_carea' id='block_1_90' title="bbox 1765 3228 3348 3307">
    <p class='ocr_par' dir='ltr' id='par_1_90' title="bbox 1765 3228 3348 3307">
     <span class='ocr_line' id='line_1_90' title="bbox 1765 3228 3348 3307; baseline 0.01 -28"><span class='ocrx_word' id='word_1_716' title='bbox 1765 3228 1893 3280; x_wconf 83' lang='grc' dir='ltr'>ὅταν</span> <span class='ocrx_word' id='word_1_717' title='bbox 1924 3228 1979 3280; x_wconf 82' lang='grc' dir='ltr'>δὲ</span> <span class='ocrx_word' id='word_1_718' title='bbox 2028 3233 2417 3298; x_wconf 85' lang='grc' dir='ltr'>πνευματικοῖς</span> <span class='ocrx_word' id='word_1_719' title='bbox 2442 3232 2771 3304; x_wconf 86' lang='grc' dir='ltr'>τρεφώμεθα</span> <span class='ocrx_word' id='word_1_720' title='bbox 2804 3237 3029 3307; x_wconf 78' lang='grc' dir='ltr'>ῥήμασι,</span> <span class='ocrx_word' id='word_1_721' title='bbox 3060 3240 3183 3293; x_wconf 86' lang='grc' dir='ltr'>τότε</span> <span class='ocrx_word' id='word_1_722' title='bbox 3206 3243 3348 3294; x_wconf 84' lang='grc' dir='ltr'>εἰσό-</span> 
     </span>
    </p>
   </div>
   <div class='ocr_carea' id='block_1_91' title="bbox 1771 3318 3345 3406">
    <p class='ocr_par' dir='ltr' id='par_1_91' title="bbox 1771 3318 3345 3406">
     <span class='ocr_line' id='line_1_91' title="bbox 1771 3318 3345 3406; baseline 0.011 -38"><span class='ocrx_word' id='word_1_723' title='bbox 1771 3318 1910 3387; x_wconf 87' lang='grc' dir='ltr'>μεθα</span> <span class='ocrx_word' id='word_1_724' title='bbox 1961 3320 2136 3372; x_wconf 86' lang='grc' dir='ltr'>ἐκεῖνο</span> <span class='ocrx_word' id='word_1_725' title='bbox 2184 3321 2246 3373; x_wconf 84' lang='grc' dir='ltr'>τὸ</span> <span class='ocrx_word' id='word_1_726' title='bbox 2300 3323 2502 3375; x_wconf 85' lang='grc' dir='ltr'>κακόν·</span> <span class='ocrx_word' id='word_1_727' title='bbox 2561 3325 2733 3379; x_wconf 86' lang='grc' dir='ltr'>καίτοι</span> <span class='ocrx_word' id='word_1_728' title='bbox 2786 3328 3000 3392; x_wconf 88' lang='grc' dir='ltr'>πολλοῖς</span> <span class='ocrx_word' id='word_1_729' title='bbox 3055 3330 3345 3406; x_wconf 71' lang='grc' dir='ltr'>ἀδιάφορον</span> 
     </span>
    </p>
   </div>
   <div class='ocr_carea' id='block_1_92' title="bbox 1763 3406 3339 3495">
    <p class='ocr_par' dir='ltr' id='par_1_92' title="bbox 1763 3406 3339 3495">
     <span class='ocr_line' id='line_1_92' title="bbox 1763 3406 3339 3495; baseline 0.011 -35"><span class='ocrx_word' id='word_1_730' title='bbox 1763 3408 1922 3462; x_wconf 90' lang='grc' dir='ltr'>τοῦτο</span> <span class='ocrx_word' id='word_1_731' title='bbox 1970 3406 2104 3464; x_wconf 77' lang='grc' dir='ltr'>εἶναι</span> <span class='ocrx_word' id='word_1_732' title='bbox 2141 3411 2304 3466; x_wconf 87' lang='grc' dir='ltr'>δοκεῖ.</span> <span class='ocrx_word' id='word_1_733' title='bbox 2345 3414 2452 3467; x_wconf 77' lang='grc' dir='ltr'>Καὶ</span> <span class='ocrx_word' id='word_1_734' title='bbox 2485 3416 2695 3470; x_wconf 78' lang='grc' dir='ltr'>οὐδέπω</span> <span class='ocrx_word' id='word_1_735' title='bbox 2739 3420 2882 3487; x_wconf 81' lang='grc' dir='ltr'>λέγω</span> <span class='ocrx_word' id='word_1_736' title='bbox 2912 3421 3040 3492; x_wconf 78' lang='grc' dir='ltr'>περὶ</span> <span class='ocrx_word' id='word_1_737' title='bbox 3081 3424 3339 3495; x_wconf 86' lang='grc' dir='ltr'>γεέννης·</span> 
     </span>
    </p>
   </div>
   <div class='ocr_carea' id='block_1_93' title="bbox 1765 3501 3341 3587">
    <p class='ocr_par' dir='ltr' id='par_1_93' title="bbox 1765 3501 3341 3587">
     <span class='ocr_line' id='line_1_93' title="bbox 1765 3501 3341 3587; baseline 0.01 -35"><span class='ocrx_word' id='word_1_738' title='bbox 1765 3501 1902 3565; x_wconf 80' lang='grc' dir='ltr'>ἀλλ’,</span> <span class='ocrx_word' id='word_1_739' title='bbox 1935 3503 1984 3554; x_wconf 88' lang='grc' dir='ltr'>εί</span> <span class='ocrx_word' id='word_1_740' title='bbox 2034 3501 2310 3571; x_wconf 85' lang='grc' dir='ltr'>βούλεσθε,</span> <span class='ocrx_word' id='word_1_741' title='bbox 2358 3504 2426 3556; x_wconf 75' lang='grc' dir='ltr'>τὰ</span> <span class='ocrx_word' id='word_1_742' title='bbox 2460 3507 2705 3576; x_wconf 89' lang='grc' dir='ltr'>παρόντα</span> <span class='ocrx_word' id='word_1_743' title='bbox 2744 3509 3105 3580; x_wconf 83' lang='grc' dir='ltr'>ἐξετάσωμεν,</span> <span class='ocrx_word' id='word_1_744' title='bbox 3141 3515 3234 3567; x_wconf 80' lang='grc' dir='ltr'>καὶ</span> <span class='ocrx_word' id='word_1_745' title='bbox 3266 3516 3341 3587; x_wconf 83' lang='grc' dir='ltr'>μὴ</span> 
     </span>
    </p>
   </div>
   <div class='ocr_carea' id='block_1_94' title="bbox 1762 3591 3342 3676">
    <p class='ocr_par' dir='ltr' id='par_1_94' title="bbox 1762 3591 3342 3676">
     <span class='ocr_line' id='line_1_94' title="bbox 1762 3591 3342 3676; baseline 0.011 -33"><span class='ocrx_word' id='word_1_746' title='bbox 1762 3591 1853 3644; x_wconf 80' lang='grc' dir='ltr'>τὸν</span> <span class='ocrx_word' id='word_1_747' title='bbox 1901 3593 2101 3663; x_wconf 81' lang='grc' dir='ltr'>αἰσχρά</span> <span class='ocrx_word' id='word_1_748' title='bbox 2146 3596 2477 3663; x_wconf 87' lang='grc' dir='ltr'>πράττοντα,</span> <span class='ocrx_word' id='word_1_749' title='bbox 2509 3599 2645 3652; x_wconf 86' lang='grc' dir='ltr'>ἀλλά</span> <span class='ocrx_word' id='word_1_750' title='bbox 2675 3600 2765 3653; x_wconf 86' lang='grc' dir='ltr'>τὸν</span> <span class='ocrx_word' id='word_1_751' title='bbox 2810 3602 3009 3673; x_wconf 87' lang='grc' dir='ltr'>αἰσχρά</span> <span class='ocrx_word' id='word_1_752' title='bbox 3037 3604 3342 3676; x_wconf 84' lang='grc' dir='ltr'>φθεγγόμε-</span> 
     </span>
    </p>
   </div>
   <div class='ocr_carea' id='block_1_95' title="bbox 1762 3686 3337 3768">
    <p class='ocr_par' dir='ltr' id='par_1_95' title="bbox 1762 3686 3337 3768">
     <span class='ocr_line' id='line_1_95' title="bbox 1762 3686 3337 3768; baseline 0.011 -33"><span class='ocrx_word' id='word_1_753' title='bbox 1762 3701 1873 3745; x_wconf 90' lang='grc' dir='ltr'>νον,</span> <span class='ocrx_word' id='word_1_754' title='bbox 1899 3686 2013 3748; x_wconf 88' lang='grc' dir='ltr'>πῶς</span> <span class='ocrx_word' id='word_1_755' title='bbox 2046 3687 2161 3738; x_wconf 75' lang='grc' dir='ltr'>ἐστι</span> <span class='ocrx_word' id='word_1_756' title='bbox 2192 3689 2614 3757; x_wconf 84' lang='grc' dir='ltr'>καταγέλαστος,</span> <span class='ocrx_word' id='word_1_757' title='bbox 2656 3693 2772 3756; x_wconf 90' lang='grc' dir='ltr'>πῶς</span> <span class='ocrx_word' id='word_1_758' title='bbox 2799 3695 2991 3748; x_wconf 81' lang='grc' dir='ltr'>ἑαυτὸν</span> <span class='ocrx_word' id='word_1_759' title='bbox 3021 3697 3337 3768; x_wconf 79' lang='grc' dir='ltr'>καθυϐρίζει</span> 
     </span>
    </p>
   </div>
   <div class='ocr_carea' id='block_1_96' title="bbox 1762 3778 3337 3860">
    <p class='ocr_par' dir='ltr' id='par_1_96' title="bbox 1762 3778 3337 3860">
     <span class='ocr_line' id='line_1_96' title="bbox 1762 3778 3337 3860; baseline 0.01 -33"><span class='ocrx_word' id='word_1_760' title='bbox 1762 3778 2006 3846; x_wconf 86' lang='grc' dir='ltr'>πρῶτον·</span> <span class='ocrx_word' id='word_1_761' title='bbox 2049 3779 2297 3849; x_wconf 86' lang='grc' dir='ltr'>καθάπερ</span> <span class='ocrx_word' id='word_1_762' title='bbox 2322 3799 2406 3845; x_wconf 91' lang='grc' dir='ltr'>τις</span> <span class='ocrx_word' id='word_1_763' title='bbox 2442 3781 2701 3854; x_wconf 75' lang='grc' dir='ltr'>βόρϐορόν</span> <span class='ocrx_word' id='word_1_764' title='bbox 2728 3802 2848 3838; x_wconf 85' lang='grc' dir='ltr'>τινα</span> <span class='ocrx_word' id='word_1_765' title='bbox 2876 3788 2983 3840; x_wconf 86' lang='grc' dir='ltr'>ἀπὸ</span> <span class='ocrx_word' id='word_1_766' title='bbox 3009 3788 3103 3841; x_wconf 91' lang='grc' dir='ltr'>τοῦ</span> <span class='ocrx_word' id='word_1_767' title='bbox 3136 3792 3337 3860; x_wconf 86' lang='grc' dir='ltr'>στόμα-</span> 
     </span>
    </p>
   </div>
   <div class='ocr_carea' id='block_1_97' title="bbox 1759 3869 3334 3952">
    <p class='ocr_par' dir='ltr' id='par_1_97' title="bbox 1759 3869 3334 3952">
     <span class='ocr_line' id='line_1_97' title="bbox 1759 3869 3334 3952; baseline 0.01 -33"><span class='ocrx_word' id='word_1_768' title='bbox 1759 3884 1850 3931; x_wconf 88' lang='grc' dir='ltr'>τος</span> <span class='ocrx_word' id='word_1_769' title='bbox 1876 3869 2079 3937; x_wconf 76' lang='grc' dir='ltr'>ἀφιεὶς,</span> <span class='ocrx_word' id='word_1_770' title='bbox 2115 3869 2288 3934; x_wconf 79' lang='grc' dir='ltr'>οὕτως</span> <span class='ocrx_word' id='word_1_771' title='bbox 2317 3874 2507 3926; x_wconf 83' lang='grc' dir='ltr'>ἑαυτὸν</span> <span class='ocrx_word' id='word_1_772' title='bbox 2546 3874 2783 3945; x_wconf 85' lang='grc' dir='ltr'>μολύνει.</span> <span class='ocrx_word' id='word_1_773' title='bbox 2815 3878 2878 3931; x_wconf 83' lang='grc' dir='ltr'><strong>Εἰ</strong></span> <span class='ocrx_word' id='word_1_774' title='bbox 2900 3879 3007 3950; x_wconf 83' lang='grc' dir='ltr'>γὰρ</span> <span class='ocrx_word' id='word_1_775' title='bbox 3035 3880 3095 3932; x_wconf 78' lang='grc' dir='ltr'>τὸ</span> <span class='ocrx_word' id='word_1_776' title='bbox 3122 3882 3334 3952; x_wconf 77' lang='grc' dir='ltr'>ῥεῖθρον</span> 
     </span>
    </p>
   </div>
   <div class='ocr_carea' id='block_1_98' title="bbox 1760 3958 3334 4046">
    <p class='ocr_par' dir='ltr' id='par_1_98' title="bbox 1760 3958 3334 4046">
     <span class='ocr_line' id='line_1_98' title="bbox 1760 3958 3334 4046; baseline 0.012 -36"><span class='ocrx_word' id='word_1_777' title='bbox 1760 3958 1932 4023; x_wconf 79' lang='grc' dir='ltr'>οὕτως</span> <span class='ocrx_word' id='word_1_778' title='bbox 1970 3961 2298 4031; x_wconf 88' lang='grc' dir='ltr'>ἀκάθαρτον,</span> <span class='ocrx_word' id='word_1_779' title='bbox 2324 3964 2577 4036; x_wconf 89' lang='grc' dir='ltr'>ἐννόησον</span> <span class='ocrx_word' id='word_1_780' title='bbox 2608 3968 2696 4021; x_wconf 75' lang='grc' dir='ltr'>οἶα</span> <span class='ocrx_word' id='word_1_781' title='bbox 2717 3971 2749 4039; x_wconf 84' lang='grc' dir='ltr'><strong>ἡ</strong></span> <span class='ocrx_word' id='word_1_782' title='bbox 2774 3971 2924 4041; x_wconf 80' lang='grc' dir='ltr'>πηγὴ</span> <span class='ocrx_word' id='word_1_783' title='bbox 2953 3972 3045 4026; x_wconf 88' lang='grc' dir='ltr'>τοῦ</span> <span class='ocrx_word' id='word_1_784' title='bbox 3070 3973 3334 4046; x_wconf 76' lang='grc' dir='ltr'>βορϐόρου</span> 
     </span>
    </p>
   </div>
   <div class='ocr_carea' id='block_1_99' title="bbox 1758 4048 3335 4133">
    <p class='ocr_par' dir='ltr' id='par_1_99' title="bbox 1758 4048 3335 4133">
     <span class='ocr_line' id='line_1_99' title="bbox 1758 4048 3335 4133; baseline 0.011 -32"><span class='ocrx_word' id='word_1_785' title='bbox 1758 4048 1949 4102; x_wconf 85' lang='grc' dir='ltr'>τούτου</span> <span class='ocrx_word' id='word_1_786' title='bbox 1970 4067 1982 4079; x_wconf 89' lang='grc'>·</span> <span class='ocrx_word' id='word_1_787' title='bbox 2030 4052 2132 4105; x_wconf 75' lang='grc' dir='ltr'>Ἕκ</span> <span class='ocrx_word' id='word_1_788' title='bbox 2169 4054 2277 4121; x_wconf 74' lang='grc' dir='ltr'>γὰρ</span> <span class='ocrx_word' id='word_1_789' title='bbox 2307 4055 2414 4109; x_wconf 84' lang='grc' dir='ltr'>τοῦ</span> <span class='ocrx_word' id='word_1_790' title='bbox 2440 4060 2917 4128; x_wconf 83' lang='grc' dir='ltr'>περισσεύματος</span> <span class='ocrx_word' id='word_1_791' title='bbox 2945 4061 3053 4129; x_wconf 84' lang='grc' dir='ltr'>τῆς</span> <span class='ocrx_word' id='word_1_792' title='bbox 3085 4065 3335 4133; x_wconf 81' lang='grc' dir='ltr'>καρδίας</span> 
     </span>
    </p>
   </div>
   <div class='ocr_carea' id='block_1_100' title="bbox 1758 4139 3329 4224">
    <p class='ocr_par' dir='ltr' id='par_1_100' title="bbox 1758 4139 3329 4224">
     <span class='ocr_line' id='line_1_100' title="bbox 1758 4139 3329 4224; baseline 0.011 -33"><span class='ocrx_word' id='word_1_793' title='bbox 1758 4139 1824 4191; x_wconf 83' lang='grc' dir='ltr'>τὸ</span> <span class='ocrx_word' id='word_1_794' title='bbox 1850 4141 2044 4208; x_wconf 82' lang='grc' dir='ltr'>στόμα</span> <span class='ocrx_word' id='word_1_795' title='bbox 2068 4142 2265 4196; x_wconf 77' lang='grc' dir='ltr'>λαλεῖ.</span> <span class='ocrx_word' id='word_1_796' title='bbox 2311 4144 2451 4212; x_wconf 87' lang='grc' dir='ltr'>Ἐγὼ</span> <span class='ocrx_word' id='word_1_797' title='bbox 2481 4146 2536 4199; x_wconf 85' lang='grc' dir='ltr'>δὲ</span> <span class='ocrx_word' id='word_1_798' title='bbox 2556 4149 2616 4199; x_wconf 75' lang='grc' dir='ltr'>οὐ</span> <span class='ocrx_word' id='word_1_799' title='bbox 2640 4148 2727 4201; x_wconf 84' lang='grc' dir='ltr'>διὰ</span> <span class='ocrx_word' id='word_1_800' title='bbox 2753 4149 2911 4204; x_wconf 89' lang='grc' dir='ltr'>τοῦτο</span> <span class='ocrx_word' id='word_1_801' title='bbox 2932 4152 3114 4206; x_wconf 88' lang='grc' dir='ltr'>πενθῶ</span> <span class='ocrx_word' id='word_1_802' title='bbox 3148 4155 3329 4224; x_wconf 90' lang='grc' dir='ltr'>μόνον,</span> 
     </span>
    </p>
   </div>
   <div class='ocr_carea' id='block_1_101' title="bbox 1758 4229 3329 4318">
    <p class='ocr_par' dir='ltr' id='par_1_101' title="bbox 1758 4229 3329 4318">
     <span class='ocr_line' id='line_1_101' title="bbox 1758 4229 3329 4318; baseline 0.011 -36"><span class='ocrx_word' id='word_1_803' title='bbox 1758 4229 1872 4282; x_wconf 85' lang='grc' dir='ltr'>ἀλλ’</span> <span class='ocrx_word' id='word_1_804' title='bbox 1920 4232 2001 4284; x_wconf 82' lang='grc' dir='ltr'>ὅτι</span> <span class='ocrx_word' id='word_1_805' title='bbox 2050 4234 2171 4286; x_wconf 84' lang='grc' dir='ltr'>οὐδὲ</span> <span class='ocrx_word' id='word_1_806' title='bbox 2222 4230 2538 4289; x_wconf 74' lang='grc' dir='ltr'>εἶναιδοκεῖ</span> <span class='ocrx_word' id='word_1_807' title='bbox 2581 4238 2691 4292; x_wconf 87' lang='grc' dir='ltr'>τῶν</span> <span class='ocrx_word' id='word_1_808' title='bbox 2736 4241 2951 4295; x_wconf 89' lang='grc' dir='ltr'>ἀτόπων</span> <span class='ocrx_word' id='word_1_809' title='bbox 2989 4243 3148 4297; x_wconf 88' lang='grc' dir='ltr'>τοῦτο</span> <span class='ocrx_word' id='word_1_810' title='bbox 3180 4247 3329 4318; x_wconf 86' lang='grc' dir='ltr'>παρά</span> 
     </span>
    </p>
   </div>
   <div class='ocr_carea' id='block_1_102' title="bbox 1757 4322 3329 4393">
    <p class='ocr_par' dir='ltr' id='par_1_102' title="bbox 1757 4322 3329 4393">
     <span class='ocr_line' id='line_1_102' title="bbox 1757 4322 3329 4393; baseline 0.01 -20"><span class='ocrx_word' id='word_1_811' title='bbox 1757 4337 1918 4376; x_wconf 89' lang='grc' dir='ltr'>τισιν.</span> <span class='ocrx_word' id='word_1_812' title='bbox 1962 4322 2242 4377; x_wconf 80' lang='grc' dir='ltr'>Ἐντεῦθεν</span> <span class='ocrx_word' id='word_1_813' title='bbox 2272 4325 2489 4381; x_wconf 74' lang='grc' dir='ltr'>ἅπαντα</span> <span class='ocrx_word' id='word_1_814' title='bbox 2512 4328 2731 4392; x_wconf 78' lang='grc' dir='ltr'>αὔξεται</span> <span class='ocrx_word' id='word_1_815' title='bbox 2759 4332 2827 4385; x_wconf 81' lang='grc' dir='ltr'>τά</span> <span class='ocrx_word' id='word_1_816' title='bbox 2871 4331 3038 4393; x_wconf 83' lang='grc' dir='ltr'>κακὰ,</span> <span class='ocrx_word' id='word_1_817' title='bbox 3078 4334 3205 4388; x_wconf 83' lang='grc' dir='ltr'>ὅταν</span> <span class='ocrx_word' id='word_1_818' title='bbox 3235 4340 3329 4388; x_wconf 76' lang='grc' dir='ltr'>καὶ</span> 
     </span>
    </p>
   </div>
   <div class='ocr_carea' id='block_1_103' title="bbox 1757 4414 3185 4496">
    <p class='ocr_par' dir='ltr' id='par_1_103' title="bbox 1757 4414 3185 4496">
     <span class='ocr_line' id='line_1_103' title="bbox 1757 4414 3185 4496; baseline 0.01 -30"><span class='ocrx_word' id='word_1_819' title='bbox 1757 4414 2176 4486; x_wconf 87' lang='grc' dir='ltr'>ἀμαρτάνωμεν,</span> <span class='ocrx_word' id='word_1_820' title='bbox 2206 4420 2301 4471; x_wconf 73' lang='grc' dir='ltr'>καὶ</span> <span class='ocrx_word' id='word_1_821' title='bbox 2324 4420 2455 4489; x_wconf 87' lang='grc' dir='ltr'>μηδέ</span> <span class='ocrx_word' id='word_1_822' title='bbox 2492 4423 2829 4492; x_wconf 87' lang='grc' dir='ltr'>πλημμελεῖν</span> <span class='ocrx_word' id='word_1_823' title='bbox 2855 4424 3185 4496; x_wconf 81' lang='grc' dir='ltr'>νομίζωμεν.</span> 
     </span>
    </p>
   </div>
   <div class='ocr_carea' id='block_1_104' title="bbox 1827 4504 3317 4590">
    <p class='ocr_par' dir='ltr' id='par_1_104' title="bbox 1827 4504 3317 4590">
     <span class='ocr_line' id='line_1_104' title="bbox 1827 4504 3317 4590; baseline 0.009 -32"><span class='ocrx_word' id='word_1_824' title='bbox 1827 4506 2013 4560; x_wconf 86' lang='grc' dir='ltr'>Βούλει</span> <span class='ocrx_word' id='word_1_825' title='bbox 2061 4504 2153 4561; x_wconf 82' lang='grc' dir='ltr'>οὖν</span> <span class='ocrx_word' id='word_1_826' title='bbox 2211 4510 2399 4580; x_wconf 88' lang='grc' dir='ltr'>μαθεῖν</span> <span class='ocrx_word' id='word_1_827' title='bbox 2447 4514 2569 4567; x_wconf 85' lang='grc' dir='ltr'>ὅσον</span> <span class='ocrx_word' id='word_1_828' title='bbox 2605 4516 2774 4569; x_wconf 83' lang='grc' dir='ltr'>κακὸν</span> <span class='ocrx_word' id='word_1_829' title='bbox 2819 4517 2881 4570; x_wconf 82' lang='grc' dir='ltr'>τὸ</span> <span class='ocrx_word' id='word_1_830' title='bbox 2910 4519 3112 4590; x_wconf 86' lang='grc' dir='ltr'>αἰσχρά</span> <span class='ocrx_word' id='word_1_831' title='bbox 3151 4520 3317 4588; x_wconf 78' lang='grc' dir='ltr'>φθέγο</span> 
     </span>
    </p>
   </div>
   <div class='ocr_carea' id='block_1_105' title="bbox 1757 4598 3320 4680">
    <p class='ocr_par' dir='ltr' id='par_1_105' title="bbox 1757 4598 3320 4680">
     <span class='ocr_line' id='line_1_105' title="bbox 1757 4598 3320 4680; baseline 0.009 -31"><span class='ocrx_word' id='word_1_832' title='bbox 1757 4598 1993 4665; x_wconf 83' lang='grc' dir='ltr'>γεσθαι;</span> <span class='ocrx_word' id='word_1_833' title='bbox 2043 4599 2326 4672; x_wconf 84' lang='grc' dir='ltr'>Ἐννόησον</span> <span class='ocrx_word' id='word_1_834' title='bbox 2348 4603 2475 4666; x_wconf 76' lang='grc' dir='ltr'>τοὺς</span> <span class='ocrx_word' id='word_1_835' title='bbox 2501 4605 2818 4670; x_wconf 84' lang='grc' dir='ltr'>ἀκούοντας,</span> <span class='ocrx_word' id='word_1_836' title='bbox 2851 4609 2969 4672; x_wconf 88' lang='grc' dir='ltr'>πῶς</span> <span class='ocrx_word' id='word_1_837' title='bbox 2997 4610 3320 4680; x_wconf 88' lang='grc' dir='ltr'>ἐρυθριῶσιν</span> 
     </span>
    </p>
   </div>
   <div class='ocr_carea' id='block_1_106' title="bbox 1755 4688 3324 4773">
    <p class='ocr_par' dir='ltr' id='par_1_106' title="bbox 1755 4688 3324 4773">
     <span class='ocr_line' id='line_1_106' title="bbox 1755 4688 3324 4773; baseline 0.008 -33"><span class='ocrx_word' id='word_1_838' title='bbox 1755 4688 1815 4742; x_wconf 81' lang='grc' dir='ltr'>ἐν</span> <span class='ocrx_word' id='word_1_839' title='bbox 1843 4692 1910 4761; x_wconf 82' lang='grc' dir='ltr'>τῇ</span> <span class='ocrx_word' id='word_1_840' title='bbox 1952 4691 2307 4766; x_wconf 88' lang='grc' dir='ltr'>ἀσχημοσύνῃ</span> <span class='ocrx_word' id='word_1_841' title='bbox 2349 4696 2416 4765; x_wconf 79' lang='grc' dir='ltr'>τῇ</span> <span class='ocrx_word' id='word_1_842' title='bbox 2455 4697 2543 4767; x_wconf 83' lang='grc' dir='ltr'>σῇ.</span> <span class='ocrx_word' id='word_1_843' title='bbox 2592 4698 2658 4750; x_wconf 93' lang='grc' dir='ltr'>Τί</span> <span class='ocrx_word' id='word_1_844' title='bbox 2691 4697 2799 4769; x_wconf 82' lang='grc' dir='ltr'>γὰρ</span> <span class='ocrx_word' id='word_1_845' title='bbox 2821 4700 3201 4773; x_wconf 85' lang='grc' dir='ltr'>εὐτελέστερον</span> <span class='ocrx_word' id='word_1_846' title='bbox 3229 4703 3324 4754; x_wconf 89' lang='grc' dir='ltr'>ἀν-</span> 
     </span>
    </p>
   </div>
   <div class='ocr_carea' id='block_1_107' title="bbox 1754 4778 3322 4861">
    <p class='ocr_par' dir='ltr' id='par_1_107' title="bbox 1754 4778 3322 4861">
     <span class='ocr_line' id='line_1_107' title="bbox 1754 4778 3322 4861; baseline 0.008 -30"><span class='ocrx_word' id='word_1_847' title='bbox 1754 4778 1879 4849; x_wconf 76' lang='grc' dir='ltr'>δρὸς</span> <span class='ocrx_word' id='word_1_848' title='bbox 1909 4782 2297 4853; x_wconf 84' lang='grc' dir='ltr'>αίσχρολόγου;</span> <span class='ocrx_word' id='word_1_849' title='bbox 2327 4785 2378 4837; x_wconf 91' lang='grc' dir='ltr'>τί</span> <span class='ocrx_word' id='word_1_850' title='bbox 2435 4787 2793 4859; x_wconf 88' lang='grc' dir='ltr'>ἀτιμότερον;</span> <span class='ocrx_word' id='word_1_851' title='bbox 2827 4790 2921 4853; x_wconf 89' lang='grc' dir='ltr'>Είς</span> <span class='ocrx_word' id='word_1_852' title='bbox 2949 4789 3057 4861; x_wconf 90' lang='grc' dir='ltr'>γάρ</span> <span class='ocrx_word' id='word_1_853' title='bbox 3081 4790 3179 4861; x_wconf 83' lang='grc' dir='ltr'>τὴν</span> <span class='ocrx_word' id='word_1_854' title='bbox 3215 4791 3322 4844; x_wconf 89' lang='grc' dir='ltr'>τῶν</span> 
     </span>
    </p>
   </div>
   <div class='ocr_carea' id='block_1_108' title="bbox 1756 4869 3322 4953">
    <p class='ocr_par' dir='ltr' id='par_1_108' title="bbox 1756 4869 3322 4953">
     <span class='ocr_line' id='line_1_108' title="bbox 1756 4869 3322 4953; baseline 0.009 -32"><span class='ocrx_word' id='word_1_855' title='bbox 1756 4869 1939 4940; x_wconf 89' lang='grc' dir='ltr'>μίμων</span> <span class='ocrx_word' id='word_1_856' title='bbox 1968 4872 2198 4926; x_wconf 81' lang='grc' dir='ltr'>ὠθοῦσιν</span> <span class='ocrx_word' id='word_1_857' title='bbox 2230 4875 2456 4939; x_wconf 78' lang='grc' dir='ltr'>ἑαυτοὺς</span> <span class='ocrx_word' id='word_1_858' title='bbox 2480 4879 2770 4933; x_wconf 89' lang='grc' dir='ltr'>οίτοιοῦτοι</span> <span class='ocrx_word' id='word_1_859' title='bbox 2792 4880 2967 4946; x_wconf 78' lang='grc' dir='ltr'>τάξιν,</span> <span class='ocrx_word' id='word_1_860' title='bbox 2998 4882 3091 4935; x_wconf 80' lang='grc' dir='ltr'>καὶ</span> <span class='ocrx_word' id='word_1_861' title='bbox 3124 4884 3202 4946; x_wconf 90' lang='grc' dir='ltr'>είς</span> <span class='ocrx_word' id='word_1_862' title='bbox 3223 4882 3322 4953; x_wconf 85' lang='grc' dir='ltr'>τὴν</span> 
     </span>
    </p>
   </div>
   <div class='ocr_carea' id='block_1_109' title="bbox 1752 4960 3319 5040">
    <p class='ocr_par' dir='ltr' id='par_1_109' title="bbox 1752 4960 3319 5040">
     <span class='ocr_line' id='line_1_109' title="bbox 1752 4960 3319 5040; baseline 0.01 -28"><span class='ocrx_word' id='word_1_863' title='bbox 1752 4960 1858 5012; x_wconf 89' lang='grc' dir='ltr'>τῶν</span> <span class='ocrx_word' id='word_1_864' title='bbox 1894 4964 2351 5033; x_wconf 84' lang='grc' dir='ltr'>πεπορνευμένων</span> <span class='ocrx_word' id='word_1_865' title='bbox 2388 4969 2693 5034; x_wconf 88' lang='grc' dir='ltr'>γυναικῶν·</span> <span class='ocrx_word' id='word_1_866' title='bbox 2724 4970 2925 5040; x_wconf 73' lang='grc' dir='ltr'>μᾶλλον</span> <span class='ocrx_word' id='word_1_867' title='bbox 2974 4971 3030 5024; x_wconf 85' lang='grc' dir='ltr'>δὲ</span> <span class='ocrx_word' id='word_1_868' title='bbox 3053 5013 3068 5037; x_wconf 90' lang='grc'>,</span> <span class='ocrx_word' id='word_1_869' title='bbox 3109 4974 3319 5027; x_wconf 84' lang='grc' dir='ltr'>ἐκεῖναι</span> 
     </span>
    </p>
   </div>
   <div class='ocr_carea' id='block_1_110' title="bbox 1751 5049 3318 5130">
    <p class='ocr_par' dir='ltr' id='par_1_110' title="bbox 1751 5049 3318 5130">
     <span class='ocr_line' id='line_1_110' title="bbox 1751 5049 3318 5130; baseline 0.01 -30"><span class='ocrx_word' id='word_1_870' title='bbox 1751 5049 2046 5119; x_wconf 82' lang='grc' dir='ltr'>ἐρυθριῶσι</span> <span class='ocrx_word' id='word_1_871' title='bbox 2081 5053 2298 5121; x_wconf 83' lang='grc' dir='ltr'>μᾶλλον,</span> <span class='ocrx_word' id='word_1_872' title='bbox 2329 5055 2361 5125; x_wconf 86' lang='grc' dir='ltr'><strong>ἧ</strong></span> <span class='ocrx_word' id='word_1_873' title='bbox 2393 5056 2570 5125; x_wconf 86' lang='grc' dir='ltr'>ὑμεῖς.</span> <span class='ocrx_word' id='word_1_874' title='bbox 2601 5058 2725 5121; x_wconf 83' lang='grc' dir='ltr'>Πῶς</span> <span class='ocrx_word' id='word_1_875' title='bbox 2745 5058 2970 5113; x_wconf 86' lang='grc' dir='ltr'>δύνασαι</span> <span class='ocrx_word' id='word_1_876' title='bbox 2992 5060 3197 5126; x_wconf 81' lang='grc' dir='ltr'>διδάξαι</span> <span class='ocrx_word' id='word_1_877' title='bbox 3220 5078 3318 5130; x_wconf 88' lang='grc' dir='ltr'>γυ·-</span> 
     </span>
    </p>
   </div>
   <div class='ocr_carea' id='block_1_111' title="bbox 1753 5139 3316 5219">
    <p class='ocr_par' dir='ltr' id='par_1_111' title="bbox 1753 5139 3316 5219">
     <span class='ocr_line' id='line_1_111' title="bbox 1753 5139 3316 5219; baseline 0.011 -31"><span class='ocrx_word' id='word_1_878' title='bbox 1753 5139 1911 5190; x_wconf 86' lang='grc' dir='ltr'>ναίκα</span> <span class='ocrx_word' id='word_1_879' title='bbox 1948 5143 2264 5210; x_wconf 86' lang='grc' dir='ltr'>σωφρονεῖν,</span> <span class='ocrx_word' id='word_1_880' title='bbox 2299 5144 2569 5197; x_wconf 83' lang='grc' dir='ltr'>παιδεύων</span> <span class='ocrx_word' id='word_1_881' title='bbox 2604 5146 2771 5218; x_wconf 81' lang='grc' dir='ltr'>αὐτὴν</span> <span class='ocrx_word' id='word_1_882' title='bbox 2803 5150 2883 5212; x_wconf 75' lang='grc' dir='ltr'>εἰς</span> <span class='ocrx_word' id='word_1_883' title='bbox 2916 5150 3202 5219; x_wconf 86' lang='grc' dir='ltr'>ἀσέλγειαν</span> <span class='ocrx_word' id='word_1_884' title='bbox 3229 5151 3316 5205; x_wconf 78' lang='grc' dir='ltr'>διὰ</span> 
     </span>
    </p>
   </div>
   <div class='ocr_carea' id='block_1_112' title="bbox 1749 5227 3315 5314">
    <p class='ocr_par' dir='ltr' id='par_1_112' title="bbox 1749 5227 3315 5314">
     <span class='ocr_line' id='line_1_112' title="bbox 1749 5227 3315 5314; baseline 0.012 -35"><span class='ocrx_word' id='word_1_885' title='bbox 1749 5227 1952 5280; x_wconf 85' lang='grc' dir='ltr'>τούτων</span> <span class='ocrx_word' id='word_1_886' title='bbox 1999 5231 2271 5284; x_wconf 82' lang='grc' dir='ltr'>ἐκϐαίνειν</span> <span class='ocrx_word' id='word_1_887' title='bbox 2312 5234 2422 5286; x_wconf 89' lang='grc' dir='ltr'>τῶν</span> <span class='ocrx_word' id='word_1_888' title='bbox 2455 5236 2759 5306; x_wconf 84' lang='grc' dir='ltr'>ρημάτων;</span> <span class='ocrx_word' id='word_1_889' title='bbox 2801 5240 3018 5295; x_wconf 88' lang='grc' dir='ltr'>Βέλτιον</span> <span class='ocrx_word' id='word_1_890' title='bbox 3048 5244 3315 5314; x_wconf 83' lang='grc' dir='ltr'>σηπεδόνα</span> 
     </span>
    </p>
   </div>
   <div class='ocr_carea' id='block_1_113' title="bbox 1749 5320 3308 5407">
    <p class='ocr_par' dir='ltr' id='par_1_113' title="bbox 1749 5320 3308 5407">
     <span class='ocr_line' id='line_1_113' title="bbox 1749 5320 3308 5407; baseline 0.014 -37"><span class='ocrx_word' id='word_1_891' title='bbox 1749 5320 1857 5372; x_wconf 83' lang='grc' dir='ltr'>ἀπὸ</span> <span class='ocrx_word' id='word_1_892' title='bbox 1904 5320 1998 5372; x_wconf 90' lang='grc' dir='ltr'>τοῦ</span> <span class='ocrx_word' id='word_1_893' title='bbox 2027 5322 2290 5392; x_wconf 84' lang='grc' dir='ltr'>στόματος</span> <span class='ocrx_word' id='word_1_894' title='bbox 2310 5325 2550 5394; x_wconf 87' lang='grc' dir='ltr'>ἀφιέναι,</span> <span class='ocrx_word' id='word_1_895' title='bbox 2587 5328 2619 5400; x_wconf 83' lang='grc' dir='ltr'>ἢ</span> <span class='ocrx_word' id='word_1_896' title='bbox 2644 5330 2794 5401; x_wconf 83' lang='grc' dir='ltr'>ῥῆμα</span> <span class='ocrx_word' id='word_1_897' title='bbox 2824 5335 3066 5407; x_wconf 86' lang='grc' dir='ltr'>αἰσχρόν.</span> <span class='ocrx_word' id='word_1_898' title='bbox 3095 5336 3210 5391; x_wconf 88' lang='grc' dir='ltr'>Νῦν</span> <span class='ocrx_word' id='word_1_899' title='bbox 3232 5336 3308 5402; x_wconf 79' lang='grc' dir='ltr'>δὲ,</span> 
     </span>
    </p>
   </div>
   <div class='ocr_carea' id='block_1_114' title="bbox 1747 5408 3303 5497">
    <p class='ocr_par' dir='ltr' id='par_1_114' title="bbox 1747 5408 3303 5497">
     <span class='ocr_line' id='line_1_114' title="bbox 1747 5408 3303 5497; baseline 0.015 -37"><span class='ocrx_word' id='word_1_900' title='bbox 1747 5408 1813 5462; x_wconf 85' lang='grc' dir='ltr'>ἂν</span> <span class='ocrx_word' id='word_1_901' title='bbox 1866 5410 1965 5480; x_wconf 84' lang='grc' dir='ltr'>μὲν</span> <span class='ocrx_word' id='word_1_902' title='bbox 1989 5411 2089 5486; x_wconf 80' lang='grc' dir='ltr'>δζῃ</span> <span class='ocrx_word' id='word_1_903' title='bbox 2125 5413 2185 5467; x_wconf 85' lang='grc' dir='ltr'>τὸ</span> <span class='ocrx_word' id='word_1_904' title='bbox 2211 5417 2406 5486; x_wconf 89' lang='grc' dir='ltr'>στόμα,</span> <span class='ocrx_word' id='word_1_905' title='bbox 2434 5419 2553 5473; x_wconf 81' lang='grc' dir='ltr'>ούδέ</span> <span class='ocrx_word' id='word_1_906' title='bbox 2583 5421 2692 5475; x_wconf 88' lang='grc' dir='ltr'>τῶν</span> <span class='ocrx_word' id='word_1_907' title='bbox 2725 5426 2919 5478; x_wconf 86' lang='grc' dir='ltr'>κοινῶν</span> <span class='ocrx_word' id='word_1_908' title='bbox 2942 5427 3186 5497; x_wconf 88' lang='grc' dir='ltr'>μετέχεις</span> <span class='ocrx_word' id='word_1_909' title='bbox 3227 5445 3303 5481; x_wconf 81' lang='grc' dir='ltr'>σι-</span> 
     </span>
    </p>
   </div>
   <div class='ocr_carea' id='block_1_115' title="bbox 1746 5503 3306 5590">
    <p class='ocr_par' dir='ltr' id='par_1_115' title="bbox 1746 5503 3306 5590">
     <span class='ocr_line' id='line_1_115' title="bbox 1746 5503 3306 5590; baseline 0.013 -37"><span class='ocrx_word' id='word_1_910' title='bbox 1746 5503 1903 5555; x_wconf 85' lang='grc' dir='ltr'>τίων·</span> <span class='ocrx_word' id='word_1_911' title='bbox 1936 5504 2201 5575; x_wconf 85' lang='grc' dir='ltr'>τοσαύτης</span> <span class='ocrx_word' id='word_1_912' title='bbox 2233 5507 2289 5561; x_wconf 79' lang='grc' dir='ltr'>δὲ</span> <span class='ocrx_word' id='word_1_913' title='bbox 2316 5509 2579 5575; x_wconf 86' lang='grc' dir='ltr'>δυσωδίας</span> <span class='ocrx_word' id='word_1_914' title='bbox 2625 5513 2791 5587; x_wconf 73' lang='grc' dir='ltr'>οὔσης</span> <span class='ocrx_word' id='word_1_915' title='bbox 2820 5518 2877 5569; x_wconf 83' lang='grc' dir='ltr'>ἐν</span> <span class='ocrx_word' id='word_1_916' title='bbox 2903 5522 2966 5589; x_wconf 79' lang='grc' dir='ltr'>τῇ</span> <span class='ocrx_word' id='word_1_917' title='bbox 2995 5520 3137 5590; x_wconf 76' lang='grc' dir='ltr'>ψυχῇ</span> <span class='ocrx_word' id='word_1_918' title='bbox 3158 5560 3171 5580; x_wconf 91' lang='grc'>,</span> <span class='ocrx_word' id='word_1_919' title='bbox 3201 5537 3306 5589; x_wconf 84' lang='grc' dir='ltr'>μυ-</span> 
     </span>
    </p>
   </div>
   <div class='ocr_carea' id='block_1_116' title="bbox 1747 5592 3305 5681">
    <p class='ocr_par' dir='ltr' id='par_1_116' title="bbox 1747 5592 3305 5681">
     <span class='ocr_line' id='line_1_116' title="bbox 1747 5592 3305 5681; baseline 0.013 -37"><span class='ocrx_word' id='word_1_920' title='bbox 1747 5592 1981 5664; x_wconf 78' lang='grc' dir='ltr'>στηρίων</span> <span class='ocrx_word' id='word_1_921' title='bbox 2031 5596 2232 5669; x_wconf 78' lang='grc' dir='ltr'>τολμᾷς</span> <span class='ocrx_word' id='word_1_922' title='bbox 2284 5606 2591 5671; x_wconf 87' lang='grc' dir='ltr'>κοινωνεῖν,</span> <span class='ocrx_word' id='word_1_923' title='bbox 2628 5608 2749 5660; x_wconf 88' lang='grc' dir='ltr'>εἰπέ</span> <span class='ocrx_word' id='word_1_924' title='bbox 2795 5626 2926 5677; x_wconf 91' lang='grc' dir='ltr'>μοι;</span> <span class='ocrx_word' id='word_1_925' title='bbox 2970 5610 3077 5661; x_wconf 79' lang='grc' dir='ltr'>Καὶ</span> <span class='ocrx_word' id='word_1_926' title='bbox 3119 5613 3166 5663; x_wconf 88' lang='grc' dir='ltr'>εἰ</span> <span class='ocrx_word' id='word_1_927' title='bbox 3204 5611 3305 5681; x_wconf 83' lang='grc' dir='ltr'>μὲν</span> 
     </span>
    </p>
   </div>
   <div class='ocr_carea' id='block_1_117' title="bbox 1753 5682 3314 5771">
    <p class='ocr_par' dir='ltr' id='par_1_117' title="bbox 1753 5682 3314 5771">
     <span class='ocr_line' id='line_1_117' title="bbox 1753 5682 3314 5771; baseline 0.02 -37"><span class='ocrx_word' id='word_1_928' title='bbox 1753 5682 1942 5749; x_wconf 83' lang='grc' dir='ltr'>σκεῦος</span> <span class='ocrx_word' id='word_1_929' title='bbox 1965 5687 2270 5761; x_wconf 84' lang='grc' dir='ltr'>ἀκάθαρτόν</span> <span class='ocrx_word' id='word_1_930' title='bbox 2285 5710 2368 5758; x_wconf 85' lang='grc' dir='ltr'>τις</span> <span class='ocrx_word' id='word_1_931' title='bbox 2384 5693 2562 5750; x_wconf 77' lang='grc' dir='ltr'>λαϐὼν</span> <span class='ocrx_word' id='word_1_932' title='bbox 2581 5738 2595 5765; x_wconf 92' lang='grc'>,</span> <span class='ocrx_word' id='word_1_933' title='bbox 2628 5699 2719 5752; x_wconf 72' lang='grc' dir='ltr'>ἐπὶ</span> <span class='ocrx_word' id='word_1_934' title='bbox 2741 5699 2837 5770; x_wconf 76' lang='grc' dir='ltr'>τῆς</span> <span class='ocrx_word' id='word_1_935' title='bbox 2858 5700 3132 5771; x_wconf 72' lang='grc' dir='ltr'>τραπέζης</span> <span class='ocrx_word' id='word_1_936' title='bbox 3172 5718 3314 5754; x_wconf 65' lang='grc' dir='ltr'>κατ’</span> 
     </span>
    </p>
   </div>
  </div>
