3712 6212
97 348 168 406 m
983 334 1050 393 IN
1086 334 1300 392 EPIST.
1341 335 1385 390 ιι
1445 333 1538 389 AD

1769 331 2000 388 ιιυιιιι.
2045 329 2154 387 γιι.

97 476 216 532 quam
239 457 402 514 verbum
426 455 741 511 obscaenum.
773 452 852 510 Ac
879 466 1042 516 nunc,
1067 453 1115 508 si
1144 450 1330 508 fmteat
1360 467 1441 516 os,
1475 467 1544 506 ne

97 551 146 606 ad
169 563 406 605 communes
434 547 634 618 quidem
662 546 812 600 cibos
839 543 1138 598 admitteris
1158 586 1170 606 ,
1213 560 1333 598 cum
1362 553 1542 598 autem

97 645 222 699 mima
241 656 370 712 usque
384 640 488 694 adeo
507 638 710 701 fmteat,
731 636 862 691 heus
884 646 961 701 ιιι,
986 636 1239 707 mysteria
1265 636 1540 704 percipere

98 752 168 790 ton
197 733 395 788 dubitas?
421 735 483 786 Ac
503 732 547 784 si
575 729 766 798 aliquis
809 742 904 782 vas
945 729 1208 796 impurum
1239 727 1543 795 acciperet,

97 838 206 897 itque
223 826 263 879 in
281 839 424 878 mensa
443 835 515 877 tua
540 821 845 880 collocaret,
872 818 1098 872 fustibus
1119 833 1330 888 quoque
1349 833 1546 872 cassum

97 919 197 973 llum
222 920 444 987 exigeres:
467 924 514 967 tu
537 927 668 966 vero
687 913 852 966 Deum
876 909 1082 965 habens
1100 910 1152 964 in
1176 924 1358 964 mensa
1383 909 1548 977 ipsius

97 1024 241 1063 mensa
263 1007 373 1061 enim
396 1004 540 1074 ipsius
582 1017 644 1057 os
691 1011 933 1056 nostrum
965 1009 1066 1063 est,
1099 1015 1218 1054 cum
1257 1000 1545 1068 gratiarum

99 1101 244 1156 leuum
267 1098 369 1168 est),
386 1097 547 1165 quovis
573 1095 782 1164 impuro
802 1107 930 1147 vase
951 1092 1360 1148 exsecrabiliora
1387 1091 1547 1145 verba

97 1193 318 1254 rol'ereus,
343 1204 495 1259 quaeso
537 1198 623 1251 Ie,
671 1201 778 1240 non
817 1200 941 1240 eum
968 1185 1034 1239 ad
1071 1184 1397 1238 iracundiam
1428 1196 1550 1252 pro-

97 1299 220 1339 acare
244 1284 400 1352 putas?
423 1292 468 1336 et
491 1281 573 1350 qui
597 1279 701 1333 hoc
725 1278 838 1332 ﬁeri
861 1277 1054 1345 queat?
1073 1276 1213 1328 Nihil
1235 1275 1376 1329 enim
1396 1289 1549 1342 aeque

97 1386 259 1430 uictum
282 1375 405 1429 illum
428 1387 481 1426 ac
509 1385 700 1441 purum
739 1367 1024 1422 exacerbat
1051 1407 1066 1427 ,
1112 1373 1169 1418 ut
1203 1365 1366 1418 verba
1391 1363 1544 1417 haec:

98 1460 168 1514 nhil
210 1461 268 1512 ita
295 1455 573 1511 temerarios
600 1463 655 1508 et
685 1451 1026 1520 impudentes
1056 1448 1300 1502 homines
1333 1445 1545 1512 reddit,

127 1550 382 1621 huiusmodi
409 1548 552 1603 verba
587 1546 729 1615 loqui
761 1553 815 1597 et
843 1542 1066 1596 audire:
1092 1539 1225 1594 nihil
1266 1553 1418 1607 teque
1447 1553 1544 1606 pu-

97 1645 212 1698 eitiae
238 1656 403 1698 nervos
429 1638 682 1707 refringit.
705 1648 766 1690 ut
788 1635 1022 1696 ﬂamma,
1041 1649 1160 1702 qua:
1189 1647 1282 1700 per
1309 1646 1374 1686 ea
1400 1631 1548 1686 exci-

97 1746 181 1788 tur.
210 1735 330 1787 Deus
357 1740 661 1801 unguentum
693 1729 774 1782 ori
819 1737 910 1780 tuo
957 1724 1240 1793 imposuit;
1286 1731 1377 1775 tuo
1422 1737 1550 1776 vero

98 1828 266 1881 davere
291 1823 526 1878 faetidiora
560 1821 719 1874 verba
754 1819 804 1871 in
836 1832 902 1872 eo
934 1815 1216 1878 recondis,
1249 1823 1409 1884 atque
1438 1813 1550 1866 ani-

97 1939 157 1975 nn
200 1923 344 1991 ipsam
385 1916 568 1972 occidis
615 1924 669 1967 et
716 1910 1042 1966 immobilem
1093 1907 1291 1961 reddis.
1341 1906 1548 1961 Etenim

97 2033 134 2067 tn
159 2014 364 2082 aliquem
389 2007 696 2063 contumelia
726 2003 916 2065 aiﬁcis,
948 2001 1050 2055 hoc
1079 2015 1182 2054 non
1212 1999 1426 2061 animai,
1455 1996 1549 2051 sed

101 2106 287 2159 cundize
311 2119 400 2156 vox
427 2109 534 2165 est;
567 2113 689 2153 cum
719 2097 970 2150 obscaena
1003 2091 1258 2161 loqueris,
1290 2107 1394 2143 ltuit
1423 2091 1508 2144 illa
1532 2131 1547 2154 ,

97 2200 104 2252 Ι
142 2197 290 2251 libido
315 2196 508 2263 loquuta
539 2200 658 2255 est;
691 2203 812 2243 cum
841 2186 1132 2248 obtrectas,
1167 2182 1359 2236 invidia
1385 2199 1399 2246 ;
1429 2199 1548 2238 cum

98 2290 217 2342 idias
245 2287 412 2351 struis,
443 2281 683 2336 avaritia.
717 2279 842 2333 Haec
869 2278 1010 2331 enim
1045 2290 1149 2329 non
1181 2275 1373 2328 anima:
1404 2283 1547 2340 sunt,

121 2380 545 2452 perturbationum
567 2375 734 2442 ipsius
753 2388 816 2425 ac
839 2370 1168 2424 morborum.
1188 2366 1548 2434 Quemadmoo

97 2489 123 2526 ιι
152 2472 283 2527 enim
313 2467 612 2535 corrumpi,
649 2481 751 2517 non
793 2460 1106 2529 simpliciter
1145 2459 1388 2526 corporis
1425 2468 1546 2526 est,

3127 327 3231 385 ΜΞ

1657 451 1752 506 sed
1785 451 1973 505 mortis
1999 459 2054 505 et
2081 450 2192 504 vitii
2219 448 2361 520 quod
2391 447 2442 502 in
2469 462 2696 518 corpore
2717 456 2836 503 est:
2856 447 3045 504 eodem
3079 446 3239 499 modo

1657 543 1754 596 ista
1794 556 2004 610 quoque
2029 582 2046 607 ,
2089 540 2502 594 adventitiarnm
2550 539 2744 592 animm
2775 540 3235 608 perturbationum

1655 642 1797 687 sunt.
1828 632 1962 686 Nam
1991 633 2034 686 si
2063 635 2291 688 viventis
2317 633 2510 686 animm.
2542 647 2726 686 vocem
2754 631 2938 686 audire
2964 633 3045 684 vis
3069 673 3083 694 ,
3116 627 3242 684 audi

1659 723 1878 778 Paulum
1907 725 2172 778 dicentem
2199 744 2212 779 :
2242 723 2496 778 Habentes
2521 725 2791 784 alimenta,
2821 733 2868 778 et
2895 723 3073 794 quibus
3099 733 3240 794 tega-

1655 831 1803 873 ntur.
1833 815 1913 867 his
1940 817 2163 868 contenti
2191 833 2365 869 sumus
2405 814 2481 888 (Ι.
2516 815 2646 869 Tini.
2676 817 2728 870 5.
2759 817 2813 886 8)
2839 834 2852 881 ;
2887 825 2972 882 et,
3008 816 3246 882 Qutestus

1659 924 1872 978 magnus
1899 920 1969 962 est
2000 911 2159 980 pietas
2189 908 2350 981 (Ibid.
2379 925 2428 962 υ.
2463 910 2516 979 6)
2547 927 2562 975 ;
2595 919 2668 972 et,
2700 909 2847 973 Mihi,
2883 911 3102 963 mundus
3126 924 3239 962 crst-

1656 1003 1841 1071 ci/iacus
1871 1015 1978 1067 est,
2011 1013 2058 1057 et
2085 1020 2173 1073 ego
2206 1004 2392 1056 mundo
2424 1002 2566 1071 (Gal.
2615 1003 2667 1057 6.
2715 1002 2827 1072 Μ).
2858 1003 2993 1057 Audi
3025 1001 3242 1056 Petrum

1656 1093 1943 1161 dicentem,
1967 1097 2242 1166 Argentum
2264 1105 2310 1149 et
2331 1112 2512 1148 anrunt
2535 1112 2635 1148 non
2653 1105 2723 1147 est
2745 1095 2869 1147 mihi
2889 1109 2907 1157 ;
2924 1093 3058 1164 quod
3078 1101 3245 1146 autem

1658 1186 1814 1240 habeo
1834 1228 1850 1254 ,
1879 1188 1974 1240 hoc
2005 1189 2094 1241 tibi
2121 1187 2186 1241 do
2217 1187 2353 1260 (Act.
2385 1189 2438 1244 3.
2467 1187 2522 1258 6)
2549 1205 2562 1238 :
2587 1188 2707 1241 andi
2734 1186 2836 1241 Joli
2861 1187 3057 1256 gratias
3084 1201 3246 1254 agen~

1656 1289 1761 1332 lem
1809 1295 1872 1334 ac
1911 1280 2179 1335 dicentem
2203 1323 2215 1345 ,
2249 1281 2499 1334 Dominus
2542 1280 2678 1333 dedit
2702 1322 2716 1342 ,
2756 1279 3004 1333 Dominus
3039 1277 3246 1331 abstulit

1655 1369 1799 1440 (Job
1832 1371 1882 1426 1.
1927 1371 2040 1438 2i).
2075 1371 2201 1426 Harc
2237 1372 2464 1424 viventis
2507 1371 2698 1423 animae
2743 1370 2907 1424 verba
2938 1379 3095 1433 sunt,
3128 1369 3243 1422 haec

1654 1479 1804 1516 suam
1829 1464 1934 1516 vim
1963 1465 2278 1518 exserentis.
2308 1464 2394 1519 Sic
2420 1462 2586 1518 Jacoh
2614 1465 2778 1518 etiam
2806 1463 3039 1530 dicebat,
3068 1463 3126 1517 Si
3155 1463 3249 1516 de-

1655 1553 1784 1606 derit
1811 1554 1935 1606 milii
1965 1553 2211 1608 Dominus
2246 1571 2424 1623 panem
2448 1554 2516 1607 ad
2541 1554 2983 1616 manducandum,
3023 1564 3070 1606 et
3099 1555 3246 1607 vesti-

1655 1656 1877 1698 mentum
1907 1645 1974 1697 ad
2013 1646 2323 1699 induendum
2359 1645 2509 1717 (Gen.
2539 1646 2632 1700 28.
2664 1646 2756 1717 9.0)
2787 1663 2801 1700 :
2829 1646 2905 1700 sic
2933 1654 2988 1700 et
3016 1645 3243 1716 Joseph,

1659 1735 1769 1802 Quo
1793 1746 1938 1806 pacto
1966 1737 2152 1806 faciam
2178 1739 2377 1790 verbum
2401 1738 2496 1790 hoc
2520 1739 2735 1796 malum.
2767 1750 2812 1792 et
2838 1739 3050 1808 peccabo
3075 1755 3244 1791 coram

1656 1826 1766 1880 Deo
1798 1827 1956 1896 (Ibid.
1991 1828 2078 1882 59.
2111 1827 2208 1897 9)?
2239 1829 2302 1881 At
2336 1844 2441 1882 non
2467 1829 2688 1897 perinde
2725 1828 2949 1882 barbara
2990 1831 3073 1884 illa
3100 1871 3113 1893 ,
3147 1829 3242 1884 sed

1658 1920 1808 1973 velut
1832 1921 1980 1974 ebria
2011 1936 2073 1976 ac
2098 1921 2358 1986 delirans,
2391 1922 2458 1974 ita
2489 1921 2806 1990 loquebatur
2830 1923 3035 1987 dicens,
3067 1923 3244 1976 Dormi

1657 2027 1850 2063 mecum
1877 2009 2035 2079 (Ibid.
2067 2027 2116 2064 υ.
2148 2013 2225 2082 7).
2274 2011 2398 2064 ΙΙ;ιιο
2430 2012 2588 2081 igitur
2623 2028 2744 2064 cum
2785 2015 3093 2066 noverimus
3118 2054 3132 2076 ,
3163 2014 3241 2066 vi-

1655 2113 1866 2157 ventem
1897 2104 2131 2157 animam
2167 2103 2519 2168 armulemnr,
2563 2112 2824 2156 mortuam
2858 2103 3120 2171 fugiamus
3143 2145 3158 2170 ,
3192 2114 3250 2158 ιιι

1658 2191 1886 2249 futuram
1919 2209 2129 2264 quoque
2156 2194 2320 2248 vitam
2367 2207 2764 2262 consequamur
2797 2211 2810 2244 :
2842 2210 3004 2261 quam
3039 2196 3244 2248 utinam

1657 2288 1814 2342 nobis
1859 2288 2109 2342 omnibus
2154 2287 2407 2357 consequi
2452 2286 2748 2356 contingat,
2789 2301 2883 2356 per
2925 2287 3150 2355 gratiam
3194 2294 3252 2341 et

1658 2379 2065 2450 benignitatem,
2093 2389 2198 2456 etc.

97 2584 3238 2608 HW

1355 2597 1704 2707 HOMILIA
1747 2597 1885 2709 VR

98 2803 181 2857 .5.
205 2816 256 2854 v.
301 2798 352 2849 7.
382 2794 529 2862 Quod
569 2794 612 2848 si
645 2791 953 2845 ministratio
999 2790 1176 2842 mortis
1205 2788 1360 2842 literis
1400 2789 1556 2856 e/for-

97 2903 192 2946 tata
229 2891 282 2944 in
310 2887 582 2959 lapidibus,
610 2885 707 2954 fuit
737 2885 790 2936 in
831 2883 1016 2953 gloria,
1043 2883 1115 2934 ita
1142 2892 1195 2934 ut
1235 2899 1334 2934 non
1362 2892 1560 2952 possent

97 2988 145 3039 lii
168 2982 331 3039 Israel
361 2979 619 3035 intendere
645 2979 699 3030 in
730 2977 912 3046 faciem
957 2973 1171 3044 Moysis,
1202 2985 1407 3044 propter
1444 2975 1561 3044 glo-

97 3095 173 3129 am
202 3075 370 3129 vultus
413 3073 543 3141 ejus,
587 3084 700 3140 qua:
740 3077 1052 3121 evacuatur:
1082 3064 1134 3119 8.
1181 3064 1432 3135 quomodo
1460 3083 1562 3120 non

97 3169 203 3238 agis
229 3164 536 3219 ministratio
567 3162 777 3227 spiritus
803 3159 894 3213 erit
924 3159 976 3210 in
1005 3158 1208 3227 gloria?

130 3261 351 3312 Dixerat
380 3254 525 3324 quod
557 3254 718 3308 Mosis
767 3251 961 3305 tabulm
1011 3249 1235 3318 lapidea:
1276 3258 1478 3312 essent,
1508 3259 1565 3304 nt

97 3368 123 3405 ι]
153 3348 298 3420 quod
323 3348 510 3402 literas
538 3343 822 3408 haberent,
848 3351 903 3394 et
927 3340 1068 3410 quod
1101 3341 1342 3394 carnales
1362 3350 1560 3406 essent,

97 3441 333 3494 talorum
359 3436 552 3499 corda,
571 3444 625 3488 et
648 3433 836 3502 spiritu
861 3430 1146 3499 descripta,
1177 3438 1229 3484 et
1250 3430 1388 3498 quod
1414 3430 1564 3484 litera

97 3533 259 3594 lcret,
293 3528 523 3598 spiritus
567 3533 746 3578 autem
791 3521 1109 3576 vivificarcl.
1140 3521 1562 3590 Supereratjani

124 3617 540 3691 comparationi
570 3616 712 3671 aliud
745 3630 850 3669 non
894 3613 1158 3668 modicum
1183 3611 1561 3681 adjiciendum,

101 3733 146 3770 ιθ
200 3714 376 3768 Musis
429 3711 603 3781 gloria
634 3726 648 3763 :
679 3722 838 3778 quam
886 3705 1103 3775 quidem
1154 3720 1312 3758 nemo
1361 3703 1463 3756 hoc
1512 3703 1563 3756 iii

129 3808 502 3861 Testamento
532 3798 810 3868 corpOreis
839 3796 1007 3850 oculis
1038 3794 1187 3848 vidit.
1218 3793 1373 3848 Unde
1403 3795 1564 3848 etiam

97 3917 136 3951 1a
172 3896 504 3956 videbatur,
536 3891 787 3962 quoniam
817 3887 983 3957 gloria
1011 3903 1072 3941 ea
1104 3886 1204 3941 sub
1238 3901 1454 3940 sensum
1478 3899 1566 3938 ca-

131 4010 146 4045 :
195 3989 469 4058 corporis
525 3986 668 4038 enim
720 3982 890 4036 oculis
938 3980 1279 4043 cernebatur,
1330 3979 1453 4032 licet
1497 3976 1564 4031 ad

97 4084 388 4140 accedere
424 4093 591 4134 nemo
624 4086 824 4146 posset,
866 4090 986 4128 cum
1015 4083 1200 4127 contra
1227 4074 1394 4143 gloria
1434 4071 1564 4125 Novi

102 4176 291 4232 menti
346 4173 644 4229 intellectu
686 4175 1024 4222 cerneretur.
1059 4164 1241 4233 Neque
1287 4165 1426 4217 enim
1468 4165 1566 4216 itii-

98 4269 328 4324 ioribns
383 4264 674 4335 perspicua
715 4269 800 4314 est
840 4256 1140 4324 huiusmodi
1195 4255 1566 4322 praecellentia:

98 4363 167 4413 ,io
199 4376 215 4425 ;
273 4373 486 4413 verum
516 4355 683 4424 gloria
713 4353 798 4405 illa
831 4349 998 4417 magis
1026 4362 1118 4401 eos
1156 4346 1462 4410 attollebat,
1486 4355 1566 4399 at-

98 4453 120 4506 1
156 4468 224 4506 se
260 4447 670 4507 convertebat.
695 4442 954 4510 Quoniam
984 4441 1145 4508 igitur
1184 4440 1237 4492 in
1267 4437 1565 4508 liujusmodi

98 4546 426 4599 :rationem
477 4539 759 4601 inciderat,
789 4545 948 4604 atque
976 4544 1230 4603 quantum
1271 4530 1384 4585 harc
1425 4531 1564 4583 illam

108 4637 220 4689 llat
275 4633 688 4689 demonstrare
727 4625 996 4688 studebat,
1033 4623 1190 4693 idque
1229 4631 1448 4692 propter
1472 4638 1565 4675 an-

97 4745 146 4784 m
189 4725 549 4782 crassitiem
577 4721 794 4776 difficile
825 4729 977 4782 erat;
1012 4717 1132 4770 vide
1158 4716 1282 4780 quid
1313 4715 1488 4781 faciat,
1514 4724 1568 4768 et

97 4831 158 4875 te
206 4819 265 4874 id
303 4817 592 4872 moliatur
620 4834 631 4869 :
667 4814 840 4884 primo
869 4811 1124 4872 rationes,
1154 4825 1216 4863 ex
1241 4810 1430 4878 quibus
1460 4808 1569 4861 dis-

97 4937 102 4967 l
162 4921 593 4982 agnoscatur,
645 4907 932 4965 inducens.
983 4918 1181 4968 easque
1230 4917 1294 4955 ex
1346 4903 1408 4955 iis
1449 4917 1566 4972 quas

104 5017 295 5061 xerat
341 5014 690 5059 contexens.
724 5000 855 5054 Nam
904 4999 946 5051 si
993 4997 1081 5050 illa
1133 4997 1340 5057 mortis,
1374 4996 1562 5065 inquit,

97 5111 276 5152 nterii
321 5099 477 5151 vita:
515 5091 836 5149 ministratio
866 5099 983 5151 est;
1028 5087 1246 5141 dubium
1295 5101 1413 5140 esse
1461 5103 1562 5138 non

123 5193 288 5260 quin
321 5189 468 5244 hcce
497 5201 709 5258 quoque
735 5183 901 5254 gloria
933 5181 1075 5234 illam
1107 5179 1410 5233 antecellat.
1433 5179 1563 5244 Quia

97 5284 306 5336 acere
368 5295 504 5334 non
534 5285 771 5347 poterat,
800 5285 860 5327 nt
904 5275 1179 5342 corporeis
1234 5272 1401 5325 oculis
1445 5287 1562 5324 eam

107 5375 268 5428 tlani
316 5377 704 5442 proponeret,
727 5367 892 5436 ipsius
921 5365 1224 5434 pra'stantia
1251 5375 1564 5432 argumento

103 5467 199 5517 vit
239 5463 486 5518 dicens
518 5477 532 5514 :
568 5459 718 5524 Quod
761 5459 805 5510 si
837 5455 1144 5509 ministratio
1173 5453 1346 5505 mortis
1378 5454 1470 5523 fuit
1514 5453 1566 5504 in

97 5557 441 5628 quomodo
489 5571 593 5607 non
625 5553 786 5622 magis
834 5548 1137 5602 ministratio
1164 5547 1370 5614 spiritus
1399 5546 1489 5598 erit
1515 5545 1565 5598 in

153 5651 297 5705 Per
335 5649 568 5703 mortis
597 5654 778 5699 autem
808 5643 1161 5698 ministerium
1193 5640 1360 5705 legent
1408 5639 1562 5691 ἱππί-ιε

98 5759 258 5813 que
297 5739 565 5796 interim
606 5737 745 5803 vide,
777 5749 933 5805 quam
981 5732 1168 5786 sedulo
1213 5731 1263 5784 in
1294 5731 1392 5783 ista
1421 5747 1566 5782 euin-

97 5851 169 5890 ιο
208 5841 496 5900 caveat,
520 5845 588 5886 ne
617 5829 775 5885 ullam
805 5825 1069 5881 haereticis
1091 5837 1275 5878 ansam
1308 5821 1558 5892 praebeat.

1666 2792 1782 2846 Non
1825 2796 1966 2849 enim
2013 2796 2188 2864 dixit,
2228 2797 2341 2852 Lex
2383 2807 2608 2852 mortem
2649 2798 2830 2862 efficit,
2881 2797 3013 2859 sed,
3063 2797 3247 2851 Mortis

1667 2887 1968 2940 ministratio
1993 2899 2068 2943 est
2089 2907 2106 2942 :
2137 2900 2363 2944 mortem
2391 2890 2532 2944 enim
2562 2891 2921 2954 ministrabat,
2942 2905 3048 2944 non
3072 2901 3251 2944 autem

1668 2979 1928 3047 pariebat.
1963 2981 2092 3034 Nam
2127 2991 2400 3050 peccatum
2442 2983 2491 3036 id
2524 2992 2660 3048 erat,
2689 2982 2832 3052 quod
2873 2993 3098 3037 mortem
3136 2981 3253 3036 eili-

1665 3070 1878 3130 ciebat;
1921 3071 2006 3126 lex
2037 3081 2214 3126 autem
2244 3074 2559 3142 supplicium
2613 3074 2923 3133 invehebat,
2953 3089 3016 3128 ac
3056 3064 3249 3142 pedca-

1669 3170 1775 3213 tum
1803 3161 2091 3226 indicabat,
2110 3179 2216 3217 non
2245 3173 2422 3218 autem
2448 3164 2692 3218 faciebat.
2710 3163 2905 3218 Malum
2926 3164 3068 3218 enim
3096 3179 3257 3232 aper-

1668 3251 1772 3306 tius
1800 3253 2100 3323 detegebat,
2144 3271 2207 3308 ac
2235 3256 2530 3324 plectebat,
2562 3270 2670 3309 non
2714 3266 2893 3308 autem
2940 3253 3007 3308 ad
3051 3254 3251 3308 malum

1668 3345 1975 3414 impellebat
2007 3367 2020 3402 :
2053 3363 2226 3417 neque
2287 3348 2352 3401 ad
2405 3347 2455 3402 id
2492 3348 2851 3412 ministrabat,
2878 3355 2935 3400 ut
2975 3357 3254 3416 peccaturus

1668 3437 1841 3502 ﬁeret,
1875 3449 1966 3492 aut
1997 3454 2143 3493 mors
2171 3440 2480 3505 exsisteret,
2508 3440 2601 3494 sed
2630 3449 2684 3493 ιιι
2715 3453 2900 3508 poenas
2925 3439 3077 3492 daret
3099 3440 3141 3493 is
3161 3439 3254 3507 qui

1668 3541 1974 3600 peccasset:
2005 3547 2067 3586 ac
2095 3532 2321 3602 proinde
2349 3531 2450 3586 hac
2477 3547 2690 3602 quoque
2721 3532 2929 3586 ratione
2969 3541 3250 3600 peccatum

1667 3622 1900 3676 dolebat.

1741 3714 1846 3768 Lex
1869 3717 2120 3782 quomodo
2163 3726 2375 3769 ntortem
2421 3715 2685 3782 afferebat.
2707 3745 2777 3755 -—
2803 3715 2934 3769 Nam
2965 3713 3092 3769 dum
3141 3714 3255 3783 ipsa

1668 3818 1942 3875 peccatum
1969 3808 2102 3861 adeo
2129 3807 2522 3862 formidandum
2550 3822 2671 3862 esse
2694 3807 3019 3869 ostenderet,
3045 3805 3258 3874 procul-

1667 3897 1829 3950 dubio
1876 3896 1977 3951 hoc
2007 3898 2169 3952 etiam
2216 3897 2464 3962 faciebat,
2499 3907 2556 3952 ut
2595 3898 2768 3966 ipsum
2796 3896 3105 3965 fugiendum
3136 3910 3259 3950 esse

1668 3988 1960 4042 videretur.
1988 3988 2135 4044 Sicut
2161 3989 2321 4057 igitur
2346 3990 2410 4052 is,
2433 3989 2522 4058 qui
2545 4003 2729 4044 ensem
2762 3989 2814 4041 in
2844 4003 3036 4041 manus
3067 3987 3253 4049 sumit,

1668 4095 1731 4134 ac
1754 4081 1892 4134 sonti
1914 4092 2073 4150 caput
2097 4091 2355 4151 amputat,
2375 4083 2540 4152 jndici
2569 4082 2926 4151 pronuntianti
2952 4080 3256 4134 ministrum

1669 4188 1727 4224 se
1755 4170 1992 4239 prmbet;
2027 4157 2198 4242 neque
2229 4173 2343 4242 ipse
2369 4181 2451 4227 est
2480 4176 2568 4242 qui
2599 4174 2876 4240 interimit,
2909 4173 3115 4227 etiamsi
3142 4174 3262 4243 ipse

1673 4271 1834 4331 caput
1859 4261 2173 4326 abscindat;
2205 4279 2302 4318 nec
2327 4280 2536 4316 rursum
2571 4265 2634 4320 is.
2666 4265 2755 4333 qui
2785 4263 3103 4318 sententiam
3128 4279 3258 4332 pro-

1671 4351 1773 4407 fert
1800 4364 1855 4407 et
1882 4353 2225 4420 condemnat,
2257 4353 2349 4406 sed
2377 4354 2493 4423 ejus
2522 4353 2589 4407 de
2617 4370 2722 4424 quo
2745 4354 3062 4423 supplicium
3091 4356 3261 4407 sumi-

1673 4454 1756 4498 tur
1784 4446 2096 4515 improbitas
2140 4463 2154 4498 :
2203 4448 2272 4498 ita
2317 4445 2402 4498 ltic
2429 4461 2641 4515 quoque
2666 4461 2770 4498 non
2802 4446 2886 4499 lex
2912 4461 3098 4499 necem
3126 4446 3258 4500 affe-

1671 4537 1841 4601 rebat,
1869 4537 1962 4590 sed
1993 4547 2266 4605 peccatum
2300 4538 2474 4606 ipsum
2504 4547 2638 4602 erat,
2671 4536 2811 4606 quod
2835 4546 2890 4590 et
2915 4536 3262 4591 interimeliat

1669 4636 1724 4681 et
1752 4627 2177 4690 condemnabat;
2226 4628 2338 4681 iure
2385 4643 2534 4691 vero,
2567 4629 2619 4682 in
2665 4639 2872 4682 sontem
2919 4627 3260 4683 animadver-

1673 4734 1809 4788 tens,
1842 4724 1947 4776 vim
1977 4724 2120 4777 illius
2148 4723 2473 4788 succidebat,
2504 4724 2749 4792 supplicii
2783 4735 2929 4777 metu
2957 4739 3079 4777 eum
3106 4737 3260 4777 coer-

1669 4831 1824 4869 cens.
1872 4813 1982 4868 Nec
2025 4830 2153 4868 vero
2198 4816 2324 4868 satis
2359 4815 2542 4868 habuit
2573 4814 3116 4888 Paulusprtcstantia:
3157 4817 3258 4870 de—

1669 4904 1931 4957 claranda:
1963 4919 2121 4959 causa
2157 4909 2256 4958 hoc
2281 4905 2455 4958 solum
2499 4903 2806 4975 protulisse,
2838 4903 2931 4957 sed
2956 4903 3097 4958 aliud
3124 4920 3257 4974 quio-

1669 5014 1772 5066 qqe
1793 4997 2056 5066 adjungit.
2078 4997 2263 5050 dicens
2287 5015 2299 5048 :
2331 4994 2394 5049 In
2419 4996 2576 5050 literis
2596 4995 2879 5064 deformata
2899 4996 2952 5050 in
2975 4994 3252 5068 lapidibus.

1676 5086 1804 5141 Vide
1834 5087 2103 5155 quomodo
2155 5103 2343 5140 rursus
2396 5086 2652 5141 Judaicos
2702 5087 2922 5156 spiritus
2967 5087 3258 5159 deprimat.

1669 5178 1805 5232 Nihil
1832 5179 1976 5230 enim
2005 5177 2151 5231 aliud
2197 5179 2282 5230 lex
2312 5189 2450 5241 erat,
2482 5194 2640 5247 quam
2689 5177 2894 5243 literae;
2939 5193 3044 5232 non
3074 5192 3262 5235 autem

1670 5270 1969 5323 subsidium
2023 5271 2184 5322 ullum
2220 5286 2250 5323 e
2286 5270 2455 5322 literis
2505 5269 2780 5338 prodiens,
2811 5279 2969 5340 atque
3012 5271 3256 5340 aspirans

1671 5366 1732 5417 iis
1763 5365 1849 5434 qui
1901 5363 2186 5428 dimicant,
2232 5363 2372 5416 sicut
2415 5363 2465 5416 in
2520 5362 2808 5432 baptismo,
2838 5362 2932 5416 sed
2981 5362 3175 5417 tabula:
3201 5371 3261 5416 et

1669 5458 1971 5525 scripturn),
2001 5466 2227 5508 mortem
2277 5455 2341 5508 iis
2371 5456 2460 5525 qui
2495 5455 2675 5510 literas
2719 5455 2990 5509 violabant
3028 5452 3257 5508 aﬁ‘ercn-

1674 5558 1774 5602 tes.
1813 5548 1975 5601 Vides
2001 5565 2104 5616 quo
2137 5558 2292 5615 pacto
2319 5547 2594 5601 Jutlaieum
2625 5548 2986 5602 contentionis
3014 5544 3262 5602 studium

1673 5643 1982 5704 retundens,
2018 5658 2111 5710 per
2152 5642 2263 5711 ipsa
2310 5658 2524 5711 quoque
2574 5641 2831 5694 vocabula
2882 5639 3257 5693 auctoritatem

1674 5734 1808 5802 legis
1839 5748 1978 5786 nntic
2007 5733 2243 5802 dejieiat,
2288 5733 2518 5804 lapidem
2564 5733 2750 5786 dicens
2779 5741 2836 5785 et
2863 5731 3047 5786 literas
3071 5739 3125 5784 ct
3151 5730 3265 5784 snio

1675 5823 2052 5879 nistrationem
2087 5824 2296 5890 mortis,
2329 5823 2639 5893 addensque
2681 5829 2964 5892 praetcrea,
2995 5819 3133 5890 quod
3163 5819 3258 5874 do-
