3712 6212
425 365 533 422 443

425 483 654 536 formata
680 485 841 549 atque
867 472 1168 544 impressa?
1221 471 1356 527 [line
1391 471 1534 526 enim
1579 468 1648 522 nil
1692 465 1836 521 aliud
1865 463 2006 519 desi—

431 580 593 640 gnat,
627 584 786 638 quam
816 564 961 637 quod
1003 565 1090 620 lex
1132 564 1188 618 in
1231 577 1339 617 uno
1367 561 1487 615 loco
1515 559 1691 614 deﬁxa
1722 565 1857 619 erat,
1900 570 2006 608 non

429 658 882 730 quemadmodum
921 655 1158 726 Spiritus,
1190 655 1280 724 qui
1311 653 1506 722 ubique
1531 649 1737 711 aderat,
1763 649 1869 701 vim
1897 662 2011 700 ma-

429 769 590 824 gnam
617 752 826 807 cunctis
849 749 1116 818 inspirans
1143 765 1156 800 :
1187 745 1272 800 vel
1311 753 1460 800 certe
1487 743 1590 797 hoc
1627 740 1842 803 indicat,
1868 737 2007 807 quod

431 845 601 899 litera:
647 844 820 898 minas
865 839 1058 895 mullus
1102 836 1378 901 efﬂabant,
1409 844 1464 890 et
1503 833 1717 904 quidem
1747 827 2009 900 ejusmodi

431 934 607 991 minas
629 951 748 1005 quae
768 931 934 988 deleri
959 947 1063 986 non
1091 937 1332 1000 possent,
1356 925 1448 982 sed
1479 940 1690 994 semper
1709 929 2006 984 manerent,

430 1038 622 1099 utpote
665 1027 814 1083 saxis
860 1025 1162 1095 insculptat.
1213 1020 1416 1076 Deinde
1444 1019 1629 1082 etiam,
1657 1015 1782 1071 dum
1828 1021 2011 1068 vetera

431 1119 682 1175 laudibus
725 1118 920 1174 ell'erre
960 1115 1189 1180 videtur,
1220 1127 1406 1168 rursus
1453 1109 1757 1165 Judarorum
1787 1119 2010 1160 accusa-

429 1213 630 1266 tionem
653 1210 812 1266 Simul
844 1208 1119 1278 inspergit.
1145 1205 1275 1262 Cum
1303 1205 1444 1259 enim
1464 1203 1710 1266 dixisset,
1740 1199 1804 1253 In
1829 1198 2006 1263 literis,

429 1307 720 1376 deformata
744 1305 799 1358 in
840 1302 1115 1373 lapidibus,
1145 1300 1241 1372 fuit
1270 1300 1323 1351 in
1362 1296 1568 1368 gloria;
1599 1293 1894 1363 sulijunxit,
1927 1290 2012 1343 Ita

429 1405 488 1450 ut
524 1412 627 1450 non
653 1404 856 1466 possent
901 1394 997 1463 ﬁlii
1032 1391 1197 1446 Israel
1222 1389 1480 1444 intendere
1506 1389 1558 1441 in
1591 1387 1776 1457 faciem
1818 1382 2008 1452 Moysi.

430 1489 586 1555 Quod
613 1487 831 1559 quidem
863 1499 1108 1554 magnam
1148 1497 1334 1538 eorum
1366 1478 1783 1534 imbecillitatem
1814 1473 2010 1527 animi-

429 1597 537 1652 qne
565 1579 632 1635 ad
663 1595 751 1636 res
800 1588 1045 1634 terrenas
1089 1573 1508 1644 propensionem
1555 1567 1881 1624 declarabat.
1935 1565 2013 1619 Ac

429 1685 620 1726 rursus
649 1668 799 1735 dicit,
831 1684 958 1732 non,
993 1667 1220 1735 Propter
1269 1663 1566 1718 tabularum
1613 1658 1858 1730 gloriam,
1893 1655 2006 1720 sed,

431 1763 654 1831 Propter
692 1762 911 1832 gloriam
939 1760 1108 1814 vultus
1131 1760 1258 1829 ejus,
1285 1773 1397 1828 qua:
1442 1763 1728 1809 evacuatur.
1768 1747 2013 1804 Ostendit

427 1856 570 1910 enim
593 1871 737 1921 eum,
768 1856 859 1924 qui
890 1854 1097 1909 tabulas
1129 1851 1356 1914 ferebat,
1391 1849 1558 1919 gloria
1592 1845 1754 1906 afﬁci,
1784 1860 1886 1898 non
1912 1858 2008 1895 auc

429 1957 538 2002 tem
571 1947 710 2000 illas.
746 1946 861 2002 Non
891 1949 1034 2000 enirn
1059 1944 1213 2008 dixit,
1243 1943 1378 2009 Quia
1427 1955 1532 1994 non
1585 1947 1802 2008 possent
1833 1936 2008 1990 inten-

427 2039 560 2093 dere
609 2039 660 2091 in
709 2038 937 2101 tabulas,
967 2036 1085 2100 sed,
1116 2034 1184 2087 In
1221 2035 1419 2086 vultum
1469 2030 1706 2100 Moysis:
1737 2044 1800 2081 ac
1825 2041 2010 2079 rursus

426 2144 534 2183 non
566 2129 720 2193 dixit,
752 2130 978 2196 Propter
1003 2127 1228 2198 gloriam
1264 2123 1584 2183 tabularum,
1629 2119 1746 2186 sed,
1792 2118 2012 2186 PrOpter

425 2221 647 2291 gloriam
673 2221 840 2273 vultus
870 2220 1052 2288 ipsius.
1097 2216 1298 2272 Deinde
1348 2225 1628 2284 postquam
1653 2227 1770 2266 eam
1795 2209 2007 2270 extulit,

423 2309 547 2366 vide
561 2327 666 2381 quo
688 2320 842 2382 pacto
856 2326 976 2365 eam
997 2325 1184 2364 rursus
1197 2306 1629 2377 dejiciatdicens,
1649 2304 1774 2370 Qua:
1795 2317 2011 2356 evacua-

424 2413 539 2456 tur:
558 2417 880 2473 quamquam
904 2401 1006 2455 hoc
1030 2398 1388 2455 accusationis
1415 2397 1678 2451 rationem
1699 2409 1804 2448 non
1827 2392 2007 2458 habet,

424 2493 523 2549 sed
553 2494 967 2549 extenuationis.
991 2491 1105 2546 Non
1126 2491 1268 2546 enim
1291 2489 1450 2551 dixit,
1477 2487 1607 2555 Quae
1627 2494 1878 2553 corrupta
1901 2492 2006 2549 est,

426 2592 541 2650 aut,
571 2583 701 2651 Quae
745 2585 885 2638 mala
907 2596 1027 2649 est;
1069 2583 1186 2647 sed,
1215 2583 1344 2650 Qua:
1384 2580 1598 2645 desinit,
1639 2593 1702 2632 ac
1733 2577 1892 2630 linem
1921 2590 2011 2628 ac-

423 2675 574 2744 cipit.
607 2674 871 2741 Quomodo
911 2692 1012 2728 non
1043 2675 1204 2745 magis
1236 2673 1537 2726 ministratio
1582 2669 1794 2739 spiritus
1823 2668 1916 2722 erit
1954 2667 2009 2719 in

425 2766 634 2836 gloria?
688 2765 895 2820 Fidenti
928 2767 1069 2819 enim
1118 2767 1297 2818 animo
1339 2766 1451 2833 jam
1496 2761 1630 2816 Novi
1679 2757 2008 2815 Testamenti

425 2856 738 2926 dignitatem
780 2858 997 2923 attollit,
1036 2866 1094 2911 ut
1119 2857 1295 2911 omnis
1324 2854 1672 2909 dubitationis
1701 2859 2001 2922 expertem.

424 2953 504 3006 Ac
533 2951 656 3006 vide
677 2952 803 3020 quid
833 2953 940 3022 agit
965 2970 978 3005 :
1013 2953 1264 3022 opposuit
1299 2951 1526 3021 lapidem
1549 2949 1795 3015 cordi,et
1819 2947 2005 3000 literas

423 3043 657 3112 Spiritui.
704 3044 907 3100 Deinde
934 3059 1055 3100 cmn
1089 3060 1150 3098 ea
1192 3061 1312 3114 quze
1355 3060 1420 3098 ex
1467 3043 1708 3110 utrisque
1743 3041 2010 3094 orirentur

421 3134 735 3199 indicasset,
767 3153 872 3190 non
902 3137 1010 3206 jam
1043 3153 1163 3206 qua:
1190 3152 1255 3190 ex
1279 3137 1522 3204 utrisque
1552 3135 1659 3188 sint
1687 3133 1871 3204 ponit;
1914 3129 2008 3185 sed

422 3236 607 3292 postea
636 3243 795 3296 quam
821 3227 871 3280 id
895 3227 1036 3297 quod
1076 3244 1104 3280 a
1145 3229 1294 3281 litera
1325 3238 1501 3280 ortum
1531 3225 1693 3279 habet
1720 3224 2002 3292 expressit,

421 3331 616 3386 nempe
643 3328 871 3373 mortem
897 3328 950 3372 et
970 3318 1496 3375 condemnationem.
1524 3317 1574 3370 id
1598 3315 1738 3385 quod
1763 3332 1792 3369 a
1818 3315 2006 3384 spirittt

420 3409 804 3478 proficiscitur,
839 3424 944 3463 non
997 3411 1124 3463 item
1171 3409 1442 3478 exprimit,
1474 3408 1576 3461 hoc
1611 3419 1714 3473 εει,
1747 3407 1906 3460 vitam
1954 3412 2010 3458 et

417 3500 702 3570 justitiam,
733 3503 828 3557 sed
857 3503 1031 3571 ipsum
1061 3502 1306 3571 spiritum
1336 3521 1348 3555 :
1384 3501 1525 3568 quod
1555 3501 1768 3569 quidem
1797 3514 2006 3554 sermo-

423 3608 548 3645 nem
588 3593 970 3661 atuplillcabat.
1001 3593 1210 3648 Novum
1261 3594 1401 3647 enim
1451 3593 1852 3648 Testamentum
1899 3607 2004 3644 non

421 3684 586 3737 vitam
617 3687 786 3738 solam
833 3685 1012 3750 dabat,
1043 3685 1136 3740 sed
1165 3685 1324 3740 etiam
1373 3686 1640 3756 spiritum,
1674 3699 1706 3738 a
1753 3699 1858 3754 quo
1901 3684 2004 3736 vita

421 3778 767 3844 alfercbatnr,
801 3779 1244 3833 subministrabat
1277 3798 1289 3831 :
1322 3778 1463 3848 quod
1496 3781 1602 3832 vita
1638 3777 1806 3831 multo
1835 3775 2007 3845 majus

423 3879 560 3924 erat.
596 3869 722 3924 ldeo
752 3870 906 3933 dixit,
939 3869 1252 3923 Ministratio
1301 3870 1530 3939 spiritus.
1567 3871 1644 3922 Ac
1673 3878 1855 3936 postea
1890 3883 2005 3920 rnr-

421 3974 514 4014 sus
543 3961 785 4014 eamdem
819 3977 932 4015 rem
967 3961 1213 4025 inculcat,
1246 3960 1471 4016 dicens:
1513 3962 1569 4015 9.
1613 3957 1755 4012 Nam
1781 3959 1824 4012 si
1855 3959 2005 4011 mini-

423 4053 603 4107 stratio
627 4053 991 4121 damnationis,
1015 4055 1202 4126 gloria.

493 4145 549 4201 ἓ.
581 4147 659 4200 Ac
679 4145 966 4202 dilucidius
993 4148 1214 4218 exponit
1239 4146 1492 4218 quidnam
1522 4145 1610 4200 his
1641 4147 1818 4201 verbis
1841 4144 2006 4215 signi-

420 4237 632 4305 ﬁcetur,
666 4237 840 4294 Litera
883 4240 1066 4293 occidit
1086 4255 1104 4304 ;
1148 4238 1253 4294 hoc
1280 4240 1531 4295 videlicet
1558 4240 1828 4311 inquiens,
1861 4237 2002 4308 quod

419 4339 546 4384 ante
575 4329 828 4397 diximus,
861 4347 1055 4400 nempe
1084 4332 1254 4403 legem
1302 4343 1578 4404 peccatum
1612 4331 2001 4398 indicarehnon

421 4434 603 4479 autem
630 4425 867 4480 efﬁcere.
897 4424 1063 4479 Multo
1086 4427 1246 4497 magis
1275 4427 1578 4479 ministratio
1595 4426 1812 4494 justitiae
1836 4425 1997 4478 abun-

413 4514 503 4567 dat
530 4514 582 4567 in
598 4513 781 4586 gloria.
805 4516 1016 4570 Etenim
1060 4517 1250 4571 tabula:
1282 4517 1388 4572 illa:
1412 4529 1724 4587 peccatores
1741 4517 1998 4571 ostende-

417 4605 569 4672 haut,
596 4621 660 4660 ac
689 4607 952 4677 supplicio
991 4608 1342 4664 afﬁciebant:
1379 4610 1490 4664 hate
1531 4620 1709 4666 autem
1755 4619 2002 4680 peccato-

417 4713 511 4753 res
535 4715 642 4753 non
671 4701 833 4754 modo
864 4718 968 4755 non
998 4701 1271 4770 puniebat,
1293 4702 1385 4757 sed
1416 4703 1576 4756 etiam
1600 4703 1776 4772 justos
1806 4702 2006 4756 elﬁcie-

423 4792 549 4858 hat;
591 4793 888 4863 baptismus
916 4795 1059 4850 enim
1099 4795 1202 4851 hoc
1225 4796 1572 4866 largiebatur.
1609 4797 1695 4852 10.
1731 4795 1851 4850 Non
1873 4797 2004 4849 enim

423 4883 766 4951 gloriﬁcatum
812 4895 907 4952 est,
940 4886 1075 4956 quod
1119 4887 1464 4956 glori/iculum
1507 4888 1660 4941 estin
1707 4889 1800 4941 hac
1840 4898 2002 4956 parte,

423 4986 631 5046 propter
672 4979 991 5032 excellente»:
1034 4979 1272 5050 gloriam.
1319 4979 1698 5050 Superioribus
1742 4981 1925 5034 verbis
1953 4980 2004 5034 id

421 5067 642 5135 quidem
669 5071 919 5134 ostendit,
947 5071 1089 5140 quod
1123 5071 1222 5126 hoc
1249 5088 1464 5143 quoque
1504 5073 1557 5126 in
1587 5073 1757 5142 gloria
1785 5073 1873 5134 sit,
1907 5089 2006 5127 nec

423 5159 738 5226 simpliciter
752 5161 803 5213 in
820 5161 1113 5230 gloria,sed
1129 5163 1268 5232 quod
1287 5165 1446 5216 etiam
1460 5163 1695 5218 abundet
1713 5181 1726 5217 :
1742 5178 1846 5217 non
1862 5165 2005 5216 enim

426 5251 590 5316 dixit,
619 5252 897 5316 Quomodo
927 5270 1030 5306 non
1060 5256 1225 5324 magis
1267 5257 1590 5310 ministratio
1637 5255 1856 5325 spiritus
1906 5257 2010 5311 erit

427 5343 482 5396 in
506 5342 714 5413 gloria?
741 5343 855 5410 sed,
884 5344 1121 5397 Abundat
1151 5347 1202 5398 in
1229 5348 1392 5417 gloria
1417 5363 1435 5411 ;
1486 5347 1807 5417 supradictis
1855 5348 2010 5400 nimi-

427 5450 548 5488 rum
589 5437 918 5503 argumentis
965 5435 1018 5488 id
1049 5436 1300 5503 probans.
1349 5437 1444 5492 llic
1491 5453 1620 5492 vero
1649 5438 2008 5508 prmcellentia

427 5540 642 5595 quoque
673 5537 872 5596 quanta
901 5528 990 5593 sit,
1025 5527 1105 5580 his
1137 5528 1312 5582 verbis
1334 5529 1606 5583 ostendit:
1638 5529 1681 5582 si
1715 5533 1851 5583 hanc
1880 5545 2006 5583 cum

429 5617 520 5671 illa
551 5633 882 5687 comparem,
922 5635 988 5674 ne
1021 5618 1189 5690 gloria
1218 5619 1431 5689 quidem
1459 5631 1543 5675 est
1569 5619 1778 5674 Veteris
1811 5620 2005 5674 Testa—

430 5710 597 5763 menti
636 5710 828 5780 gloria.
855 5711 1063 5776 Quibus
1089 5712 1267 5767 verbis
1307 5730 1412 5766 non
1441 5713 1544 5767 hoe
1568 5713 1882 5783 simpliciter
1907 5714 2004 5768 ad-

432 5803 613 5866 struit,
630 5801 769 5870 quod
793 5803 957 5873 gloria
982 5819 1087 5859 non
1110 5806 1200 5872 sit,
1218 5803 1310 5860 sed
1331 5805 1741 5876 comparationis
1768 5806 2004 5864 ratione:

1154 356 1211 413 S.
1252 352 1528 412 JOANNIS
1564 348 2034 408 CHRYSOSTOMI
2075 344 2388 402 ARCHIEP.
2426 343 2956 402 CONSTANTINOP.
3574 344 3637 402 ιιι

2119 461 2261 517 unde
2286 461 2446 516 etiam
2473 461 2772 532 subjunxit,
2802 459 2870 515 In
2900 461 2996 514 hac
3025 467 3192 530 parte,
3225 457 3332 512 hoc
3356 465 3455 520 est,
3479 461 3518 510 si
3539 475 3640 517 ω..

2117 554 2317 621 paratio
2365 552 2639 608 habeatur.
2694 551 2803 606 Nec
2832 561 3007 606 tamen
3050 551 3154 605 hoc
3181 548 3357 604 Vetus
3398 547 3641 605 Testaina-

2122 653 2232 697 tum
2275 643 2523 708 traducit,
2552 643 2646 698 sed
2674 645 3024 698 vehementer
3047 640 3212 696 etiam
3235 639 3413 709 ipsum
3437 654 3640 694 coam

2116 735 2248 790 dat:
2279 737 2478 791 etenim
2509 737 2943 805 comparationes
2979 734 3046 789 de
3101 734 3269 788 rebus
3320 733 3542 800 cognatis
3570 733 3640 788 fieri

2116 839 2532 884 consueverunt.
2579 829 2698 884 Mox
2747 828 2892 883 aliud
2939 835 3325 898 argumentum
3352 829 3640 891 moventium

2115 922 2220 975 alia
2250 937 2466 992 quoque
2493 925 2702 976 ratione
2745 919 3108 990 praestantiam
3140 919 3496 972 demonstrat.
3531 918 3640 982 Qui:

2117 1014 2299 1069 istud?
2327 1014 2588 1069 Nimirum
2620 1029 2650 1069 a
2683 1024 2926 1083 tempore
2945 1013 3161 1067 dicens:
3194 1011 3290 1064 11.
3310 1009 3375 1064 Si
3399 1016 3641 1076 autemquod

2117 1115 2411 1172 evacuatur,
2441 1122 2530 1174 per
2552 1105 2771 1174 gloriam
2795 1115 2911 1168 est;
2949 1104 3112 1158 multo
3153 1103 3329 1173 magis
3368 1100 3423 1153 id
3443 1103 3642 1169 quodn-

2117 1208 2218 1262 net,
2249 1208 2325 1252 est
2348 1199 2401 1250 in
2430 1198 2616 1269 gloria.
2639 1196 2773 1252 Illud
2801 1197 2944 1251 enim
2975 1197 3133 1250 linem
3161 1192 3422 1262 accepit;
3463 1193 3546 1246 hoc
3565 1210 3643 1261 pet-

2116 1298 2278 1358 petuo
2308 1297 2508 1345 manet.
2558 1291 2647 1345 i2.
2693 1289 2951 1344 Habentes
2975 1289 3131 1360 igitur
3159 1288 3327 1342 talem
3353 1303 3505 1356 spent,
3540 1289 3643 1337 uti:

2116 1381 2306 1448 ﬁducia
2332 1383 2543 1436 utimur.
2565 1382 2696 1448 Quia
2723 1381 2865 1436 enim
2892 1380 3105 1434 auditor
3125 1389 3208 1434 tet
3227 1394 3298 1434 ac
3320 1387 3462 1432 tanta
3481 1377 3643 1432 deﬁet»

2116 1473 2464 1530 Testamento
2489 1475 2751 1541 audierat,
2769 1483 2931 1544 atque
2953 1473 3091 1528 hanc
3111 1473 3349 1544 gloriam
3382 1471 3536 1524 oculis
3556 1471 3640 1536 ipsis

2119 1579 2379 1632 usurpare
2406 1567 2677 1636 cupiebat,
2708 1565 2828 1620 vide
2857 1581 3090 1636 quonam
3121 1575 3289 1635 pacto
3333 1563 3500 1633 ipsum
3526 1561 3575 1613 ad
3599 1561 3644 1614 lu-

2119 1668 2294 1730 turutn
2321 1673 2493 1712 aevum
2526 1659 2752 1727 rejiciat.
2778 1659 2904 1714 Ideo
2929 1672 3077 1728 spem
3109 1657 3160 1711 in
3193 1655 3442 1710 medium
3468 1654 3641 1721 protulit.

2115 1750 2320 1814 dicens,
2361 1751 2615 1806 Habentes
2652 1752 2808 1822 igitur
2829 1752 2978 1804 talem
2999 1766 3160 1820 spent.
3189 1747 3431 1814 Qualem
3459 1746 3643 1799 tandem?

2116 1842 2268 1909 Quod
2304 1843 2561 1912 majorem
2601 1843 2915 1913 dignitatem
2961 1856 3117 1912 quam
3162 1841 3353 1895 Moses
3399 1838 3644 1904 consequuti

2114 1948 2322 1996 sumus,
2365 1948 2471 1988 non
2510 1943 2712 1988 tantum
2741 1949 2839 1987 nos
2869 1931 3116 2002 apostoli,
3164 1929 3268 1987 sed
3317 1930 3478 1985 etiam
3517 1943 3644 1981 omne

2115 2026 2323 2082 fideles.
2358 2026 2527 2081 Multa
2557 2027 2747 2096 ﬁducia
2790 2027 3000 2079 utimur.
3047 2024 3202 2095 Apud
3252 2024 3454 2094 quem?
3485 2036 3639 2090 quam;

2115 2119 2252 2189 apud
2291 2120 2476 2183 Demn,
2507 2135 2575 2172 an
2617 2119 2756 2188 apud
2785 2117 3116 2187 discipulos?
3159 2114 3324 2184 Apud
3375 2127 3487 2172 vos.
3513 2113 3640 2177 inqut,

2114 2226 2248 2280 quos
2269 2211 2562 2280 discipulos
2585 2211 2756 2266 habeo
2782 2229 2794 2264 :
2816 2210 2919 2264 hoc
2941 2219 3025 2265 est
3045 2224 3063 2262 :
3083 2209 3215 2263 Cum
3240 2207 3492 2261 libertate
3509 2204 3643 2271 ultique

2115 2305 2406 2374 loquimur,
2430 2305 2558 2358 nihil
2588 2305 2940 2369 occultantes,
2965 2303 3095 2357 nihil
3124 2300 3641 2361 dissimulantesni‘vil

2115 2398 2474 2466 suspicantes,
2506 2397 2601 2451 sed
2633 2397 2912 2466 perspicue
2952 2396 3238 2466 loquentes
3270 2411 3284 2444 :
3325 2408 3428 2447 nec
3464 2407 3642 2445 verum

2115 2503 2184 2543 ne
2211 2488 2492 2542 oculorum
2517 2497 2817 2542 vestrorum
2849 2488 3016 2540 aciem
3051 2486 3643 2554 perstringamus,quut-

2113 2582 2400 2636 admodum
2434 2582 2608 2637 Moses
2637 2581 2967 2636 Judaeorum.
3011 2580 3142 2634 Nam
3170 2578 3322 2650 quod
3357 2577 3491 2631 istud
3519 2577 3642 2629 subis.

2113 2673 2328 2731 dicarit.
2372 2672 2496 2726 audi
2547 2689 2668 2742 qua:
2712 2682 3038 2741 sequuntur;
3091 2673 3199 2724 imo
3248 2685 3386 2723 vero
3433 2668 3640 2720 historiae

2115 2765 2265 2833 prius
2308 2763 2510 2819 referre
2543 2763 2906 2818 necessarium
2936 2772 3054 2817 est:
3091 2777 3212 2816 nam
3246 2775 3304 2815 et
3333 2761 3448 2829 ipse
3473 2775 3570 2812 eam
3591 2774 3642 2809 1'—

2115 2855 2268 2910 sidue
2295 2865 2493 2909 versat.
2519 2855 2774 2922 Qumnam
2804 2855 2962 2924 igitur
2991 2863 3074 2908 est
3102 2853 3216 2907 lucc
3254 2848 3519 2905 historia?
3556 2848 3639 2899 Cll?!

2115 2945 2288 3001 Moses
2333 2947 2567 3017 acceptis
2610 2946 2785 3001 denuo
2839 2946 3032 2999 tabulis
3077 2945 3480 3006 descenderet,
3528 2942 3637 3006 plora

2113 3038 2358 3107 qumdam
2390 3055 2452 3092 ex
2503 3038 2670 3108 ipsius
2721 3037 2864 3091 vultu
2897 3037 3177 3099 exsiliens,
3211 3035 3359 3089 adeo
3405 3033 3638 3101 elhtlgelrzt

2116 3139 2172 3182 ut
2202 3128 2369 3183 δικιιυί
2400 3143 2500 3182 nec
2527 3129 2591 3181 ad
2621 3145 2740 3181 eum
2783 3128 3063 3190 accedere,
3094 3141 3196 3180 nec
3221 3141 3354 3179 eum
3385 3139 3450 3178 eo
3475 3123 3638 3186 collega

2115 3231 2365 3290 posswt,
2399 3237 2674 3291 quousque
2701 3221 2854 3276 faciei
2886 3237 2996 3275 suae
3043 3221 3293 3275 velamen
3344 3218 3636 3288 imposuisset.

2113 3313 2202 3370 Sic
2227 3316 2369 3368 enim
2403 3315 2454 3367 in
2500 3313 2689 3368 Exodo
2736 3315 2992 3382 scriptum
3027 3322 3113 3368 est
3146 3333 3160 3368 :
3193 3311 3332 3366 Cum
3374 3309 3639 3364 descendisti

2116 3406 2322 3478 Moyses
2349 3407 2412 3461 de
2442 3418 2626 3473 monte,
2658 3408 2773 3462 duce
2803 3408 2989 3461 tabula:
3029 3415 3172 3459 erant
3201 3406 3256 3458 in
3303 3406 3524 3457 manibus
3555 3404 3634 3469 (in

2119 3499 2184 3555 Et
2208 3499 2472 3570 ignorabat
2497 3501 2632 3570 quod
2654 3501 2969 3570 gloriﬁcatus
2985 3509 3109 3552 esset
3129 3508 3374 3566 aspectus
3397 3498 3528 3566 faciei
3545 3496 3636 3563 ejn.‘

2113 3602 2162 3647 et
2189 3593 2458 3645 timuerunt
2489 3594 2900 3662 (tppt'Opiuquare
2923 3593 2987 3644 ei.
3030 3588 3094 3642 Et
3136 3591 3341 3642 vocavit
3368 3606 3449 3641 eos
3477 3586 3633 3652 Mevia

2113 3697 2160 3742 et
2187 3689 2422 3758 loquutus
2451 3698 2525 3740 est
2565 3687 2632 3739 ad
2661 3704 2764 3740 eos.
2813 3686 2877 3739 Et
2913 3695 3176 3756 postquam
3221 3683 3441 3737 cessarit
3476 3681 3634 3743 [equal

2111 3797 2216 3845 eos,
2243 3781 2482 3850 imposuit
2509 3780 2660 3851 {aciei
2687 3796 2794 3832 sua:
2819 3779 3065 3832 velamen.
3095 3777 3224 3829 Cum
3253 3786 3431 3828 autem
3451 3771 3632 3841 ingredia-

2113 3874 2263 3929 batur
2301 3885 2356 3928 ut
2393 3874 2680 3944 loqueretur
2723 3890 2894 3928 coram
2934 3872 3174 3934 Domino,
3222 3871 3441 3923 tollebat
3477 3869 3632 3920 «lauet

2108 3983 2368 4039 quousque
2401 3967 2719 4038 egrederetur
2758 3965 2776 4038 (
2807 3965 2976 4018 Exod.
2999 3965 3086 4021 54.
3109 3963 3180 4018 ΞΕ)
3201 3994 3225 4004 -
3245 3964 3324 4017 54
3343 3962 3386 4032 ).
3418 3961 3558 4028 Hujus
3587 3958 3632 4008 bi-

2106 4059 2286 4113 storize
2316 4061 2642 4112 mentionem
2676 4056 2876 4111 faciens
2906 4057 2979 4110 ait
3006 4073 3020 4109 :
3052 4057 3137 4110 l5.
3172 4053 3236 4107 Et
3264 4071 3372 4106 non
3404 4053 3519 4106 sicut
3536 4047 3632 4116 lle-g-

2107 4166 2185 4204 ses
2219 4150 2432 4220 ponebat
2458 4150 2682 4202 velamen
2708 4165 2860 4218 super
2900 4148 3078 4219 faciem
3107 4162 3279 4210 suam,
3315 4154 3373 4198 ut
3410 4161 3498 4196 non
3524 4144 3632 4191 itur:-

2111 4243 2285 4296 derent
2327 4243 2422 4310 ﬁlii
2450 4241 2616 4296 Israel
2640 4243 2692 4296 in
2716 4244 2898 4313 facient
2926 4242 3036 4312 ejus
3057 4241 3193 4303 quod
3215 4250 3508 4293 evacuatur.
3531 4235 3629 4301 Quid

2108 4345 2288 4388 autem
2314 4335 2464 4399 dicit,
2496 4343 2580 4389 est
2608 4335 2870 4406 ejusmodi
2904 4353 2917 4389 :
2947 4332 3087 4388 Nihil
3115 4347 3348 4386 necesse
3375 4340 3472 4386 est.
3501 4339 3544 4381 ut
3562 4325 3630 4378 lla-

2109 4427 2185 4482 sis
2216 4428 2384 4481 instar
2407 4428 2654 4497 nosipsos
2680 4428 2989 4482 obvciemus
3020 4448 3032 4482 :
3064 4426 3292 4496 potestis
3322 4425 3464 4480 enim
3502 4424 3574 4490 ipsi
3597 4421 3626 4468 in

2107 4519 2330 4588 gloriam
2366 4519 2523 4585 hanc,
2538 4535 2640 4590 qua
2667 4519 2828 4574 cincti
2847 4528 2901 4574 et
2920 4519 3093 4573 ornati
3116 4533 3331 4581 sumus,
3358 4516 3547 4573 intueri,
3563 4511 3626 4565 ets

2108 4610 2278 4662 inulto
2307 4609 2478 4680 major
2515 4625 2578 4664 ac
2611 4609 2940 4678 splendidior
2966 4617 3050 4664 est
3080 4624 3235 4678 quam
3263 4608 3360 4661 illa
3393 4607 3549 4661 Musis.
3572 4601 3626 4652 lio

2107 4703 2274 4759 desne
2299 4716 2552 4774 quantum
2593 4706 2668 4760 illi
2723 4705 3084 4774 profecerim?
3131 4704 3259 4759 Nam
3291 4706 3384 4775 qui
3424 4706 3471 4758 in
3506 4702 3624 4770 prim

2110 4797 2336 4865 cpistola
2373 4795 2605 4859 diccbat,
2652 4795 2756 4849 Lac
2785 4798 2919 4850 vobis
2970 4807 3141 4862 potum
3190 4797 3334 4861 dedi,
3386 4812 3480 4848 non
3516 4793 3623 4844 diu

2109 4886 2185 4955 (l.
2233 4886 2352 4941 Cor.
2400 4887 2454 4940 5.
2506 4887 2588 4958 2),
2630 4887 2716 4942 hic
2752 4890 2870 4941 ait:
2908 4888 3068 4940 Multa
3117 4887 3307 4954 ﬁducia
3358 4887 3621 4938 eliminat

2109 4929 2185 4955 κ..
2235 4929 2352 4941 νυ..
2400 4929 2454 4940 ν.
2511 4929 2588 4958 -,,
2632 4929 2716 4942 ...ν
2858 4929 2870 4941 .
2908 4929 3068 4940 νη...
3117 4929 3307 4954 ,..-..-._.
3359 4929 3554 4938 -.....--.

2108 4977 2309 5031 Moscm
2347 4977 2398 5031 in
2429 4977 2664 5032 medium
2696 4977 2960 5047 producit,
2988 4991 3405 5046 sermonemque
3429 4989 3509 5045 per
3528 4986 3621 5024 com-

2111 5071 2439 5139 parationem
2493 5071 2757 5139 provehit,
2793 5082 2847 5125 ut
2886 5071 2985 5124 hac
3012 5085 3223 5140 quoque
3254 5073 3458 5123 ratione
3479 5065 3619 5120 audit»

2112 5178 2224 5215 rem
2259 5163 2310 5215 in
2362 5163 2528 5216 altum
2577 5162 2858 5217 subducat.
2903 5166 2980 5215 Ac
3030 5163 3255 5230 primntn
3302 5160 3492 5214 Juda-is
3527 5158 3618 5222 ιβ*
3688 5167 3689 5236 1

2111 5257 2609 5324 anteponitdicens,
2629 5255 2741 5309 Non
2763 5271 2894 5324 opus
2921 5255 3178 5308 habemus
3201 5255 3478 5314 velamine,
3494 5266 3617 5318 (ιυρι-
3688 5265 3689 5314 ξ

2111 5348 2398 5403 admodum
2448 5349 2536 5402 ille
2583 5349 2721 5418 apud
2754 5365 2869 5413 eos,
2904 5349 3097 5418 quibus
3146 5360 3410 5417 prmeml:
3441 5361 3535 5414 qum
3565 5354 3615 5389 se
3688 5343 3689 5380 θ

2111 5450 2347 5510 quuntur
2377 5450 2556 5493 autem
2587 5440 2651 5494 ad
2698 5438 3017 5510 legislatoris
3047 5440 3356 5508 dignitatem
3387 5437 3615 5492 duruuhd
3688 5419 3689 5474 ἶ

2113 5531 2284 5586 multo
2335 5530 2536 5598 majora
2593 5540 2735 5584 smn.
2791 5530 3009 5583 Interim
3059 5539 3399 5596 autem,qu:e
3434 5524 3612 5578 deiecti

2114 5633 2436 5692 sequuntur,
2470 5622 2770 5675 audiamus.
2807 5621 2893 5674 Η.
2926 5619 3032 5674 Sed
3057 5622 3220 5673 obtusi
3261 5629 3374 5672 sunt
3405 5627 3612 5669 senato?-

2112 5731 2247 5769 rum.
2284 5713 2454 5782 Usque
2498 5715 2549 5766 in
2577 5714 2874 5766 hodiernum
2899 5713 3035 5766 enim
3062 5712 3192 5764 diem
3226 5711 3434 5779 idipsum
3459 5705 3610 5758 τάδε

2115 5809 2166 5862 iu
2197 5805 2411 5862 lectione
2447 5803 2638 5859 Veteris
2688 5803 2990 5858 Testamenti
3040 5813 3204 5856 manet
3252 5817 3347 5856 non
3389 5797 3610 5853 στορέσαι,
