3712 6212
123 350 206 407 ιιι
1062 357 1130 411 ΙΝ
1169 357 1389 414 EPIST.
1444 359 1486 416 ll
1541 361 1584 412 A

1062 357 1130 411 IN
1169 357 1389 414 EPIST.
1444 359 1486 416 ll
1541 359 1632 412 AD
1671 358 1830 418 C08.
1874 362 2111 418 HOMIL.
2151 362 2261 419 νη.

130 463 363 536 Ἰουδαῖκὴν
401 465 746 534 φιλονεικίαν,
799 471 892 522 καλ⁸
936 471 1024 523 διὰ
1049 472 1156 525 τῶν
1189 474 1471 544 ὀνομάτων
1503 476 1604 527 αύ-

114 558 204 610 τῶν
221 559 423 630 καθαιρεῖ
439 559 498 611 τὸ
523 560 737 629 ἀξίωμα
764 562 908 616 λίθον
947 566 1135 629 εἰπὼν,
1155 567 1249 618 καὶ
1270 569 1600 638 γράμματα,

119 652 195 704 καὶ
219 651 446 705 διακονίαν
469 652 724 718 Θανάτου,
758 657 852 709 καὶ
887 658 1147 730 προσθεὶς
1185 661 1267 714 δτι
1300 663 1604 715 ἐντετυπω-

114 743 260 814 μένη;
297 744 548 798 Ἐντεῦθεν
581 747 689 818 γὰρ
718 748 869 801 οὐδὲν
900 751 1028 804 ἄλλο
1050 753 1341 822 ἐμφαίνει,
1371 753 1404 824 ἢ
1439 755 1518 807 ὅτι
1549 755 1606 806 ἐν

109 835 176 886 ἑνὶ
216 837 596 909 χωρίῳὸνόμος
645 840 846 911 ἵδρυτο,
881 841 942 893 ού
990 843 1240 914 καθάπερ
1275 845 1335 897 τὸ
1390 844 1606 913 πνεῦμα

106 925 335 995 πανταχοῦ
370 928 542 998 παρῆν
569 929 767 1000 πολλὴν
793 932 1026 1001 ἐμπνέον
1055 934 1149 1005 τὴν
1179 936 1331 1005 ἰσχὺν
1360 935 1561 989 ἅπασιν
1587 952 1600 964 ·

100 1015 128 1085 ἢ
154 1017 222 1068 ὅτι
256 1017 423 1088 πολλὴν
457 1022 654 1090 ἐμπνεῖ
677 1024 774 1092 τὴν
797 1024 1025 1097 ἀπειλὴν
1056 1025 1125 1079 τὰ
1158 1026 1482 1097 γράμματα,
1508 1026 1605 1080 καὶ

97 1102 289 1176 ἀπειλὴν
301 1106 401 1160 οὐδὲ
422 1108 777 1182 ἀφανισθῆναι
806 1114 1130 1186 δυναμένην,
1153 1116 1288 1169 ἀλλά
1317 1117 1604 1182 διαπαντὸς

99 1194 328 1263 μένουσαν
347 1239 360 1262 ,
382 1197 471 1251 ἆτε
495 1199 662 1265 λίθοις
708 1204 1210 1277 ἐγκεκολαμμένην.
1240 1202 1372 1261 Εἶτα
1395 1210 1487 1262 καὶ
1516 1210 1604 1262 δο-

93 1285 190 1338 κῶν
211 1287 542 1360 ἐγκωμιάζειν
565 1295 633 1346 τά
662 1296 886 1360 παλαιὰ,
919 1301 1252 1370 κατηγορίαν
1282 1301 1442 1354 πάλιν
1470 1304 1602 1355 ἀνα·

89 1376 307 1444 μίγνυσιν
355 1380 616 1436 ἰουδαίων.
644 1384 825 1437 Εἰπὼν
855 1389 984 1458 γὰρ,
1024 1390 1127 1442 Ἐν
1143 1389 1481 1458 γράμμασιν
1503 1393 1601 1444 ἑν-

84 1469 414 1536 τετυπωμένη
429 1470 496 1523 έν
507 1473 718 1540 λίθοις,
740 1476 988 1544 ἐγενήθη
1009 1479 1078 1531 ἐν
1095 1479 1269 1547 δόξῃ,
1294 1482 1596 1551 ἐπήγαγεν,

85 1556 240 1610 Ὥστε
254 1558 330 1627 μὴ
357 1560 640 1618 δύνασθαι
661 1568 932 1624 ἀτενίσαι
969 1571 1109 1636 τοὺς
1142 1572 1310 1638 υἱοὺς
1355 1573 1600 1641 Ἰσραὴλ

83 1650 153 1736 εἰς
194 1650 254 1702 τὸ
285 1654 594 1718 πρόσωπον
630 1659 930 1726 Μωϋσέως
952 1678 966 1692 ο
995 1662 1023 1715 ὃ
1049 1664 1253 1734 πολλῆς
1291 1660 1359 1736 ἧν
1418 1665 1598 1719 αὐτῶν

83 1735 328 1829 ἆσθενείας
351 1743 438 1794 καὶ
475 1744 860 1817 χαμαιζηλίας.
895 1752 1005 1804 Καὶ
1040 1754 1219 1815 πάλιν,
1249 1735 1340 1821 οὐ,
1377 1757 1474 1810 Διὰ
1497 1758 1597 1829 τὴν

83 1828 210 1894 ςόξαν
228 1831 324 1884 τῶν
348 1833 584 1888 πλακῶν·
615 1839 770 1904 ἀλλὰ,
799 1842 902 1895 Διὰ
922 1844 1038 1912 τὴν
1066 1845 1254 1910 δόξαν
1284 1847 1386 1902 τοῦ
1410 1828 1596 1917 προσ-

83 1919 211 1974 ὒπου
247 1925 415 1979 αὐτοῦ
447 1927 561 1995 τὴν
592 1936 1106 2005 καταργουμένην,
1163 1941 1314 2008 φησί.
1348 1941 1594 1996 Δείκνυσι

83 2012 157 2107 ζάρ
199 2015 281 2068 τὸν
309 2019 531 2089 φέροντα
566 2023 953 2096 δοξαζόμενον,
987 2031 1086 2083 οὐκ
1122 2033 1354 2097 ἐκείνας.
1384 2037 1456 2088 Οὐ
1485 2037 1594 2107 γὰρ

84 2099 188 2166 ἷπε,
222 2107 312 2159 Διά
348 2109 404 2161 τὸ
436 2111 508 2181 μὴ
560 2112 817 2169 δύνασθαι
839 2118 1082 2172 ἀτενίσαι
1107 2123 1187 2184 εἰς
1220 2123 1319 2186 τὰς
1354 2125 1590 2190 πλάκας,

86 2193 178 2290 λλ’,
316 2198 378 2290 τὸν
399 2203 725 2268 πρόσωπον
751 2209 1045 2276 Μωῦσέως
1065 2227 1078 2240 ο
1114 2214 1208 2266 καὶ
1237 2215 1417 2279 πάλιν,
1439 2215 1588 2290 [481]

83 2285 122 2345 5,
147 2286 237 2338 Διὰ
255 2287 346 2357 τὴν
366 2289 518 2354 δόξαν
549 2295 656 2345 τῶν
677 2295 916 2362 πλακῶν,
951 2300 1106 2365 ἀλλά,
1133 2303 1235 2356 Διὰ
1256 2303 1371 2372 τὴν
1400 2285 1591 2369 δόξαν

83 2376 144 2428 οῦ
178 2382 489 2446 προσώπου
527 2387 734 2440 αὐτοῦ.
768 2385 900 2442 Εἶτα
944 2393 1129 2464 ἐπειδὴ
1166 2396 1368 2466 ἐπῆρεν
1391 2397 1584 2468 αὐτὴν,

83 2486 137 2522 να
173 2471 283 2534 πῶς
304 2474 460 2526 πάλιν
500 2478 749 2547 καθαιρεί
776 2481 947 2550 λέγων
972 2525 986 2551 ,
1031 2486 1150 2552 Τὴν
1182 2491 1585 2560 καταργουμέ-

83 2581 162 2630 νιν.
194 2567 264 2617 Οὐ
296 2567 396 2636 μὴν
425 2570 582 2623 τοῦτο
617 2576 949 2644 κατηγορίας
980 2578 1152 2643 ἐστὶν,
1181 2579 1318 2632 ἀλλά
1351 2581 1586 2635 ἐλαττώ-

84 2673 164 2717 .ως
193 2673 206 2687 ο
245 2658 361 2710 ούδέ
393 2659 500 2730 γὰρ
527 2657 669 2726 εἶπε,
713 2663 823 2732 Τὴν
849 2666 1272 2739 διεφθαρμένην,
1297 2672 1392 2743 τὴν
1419 2691 1585 2744 πονη-

83 2764 147 2808 ιν,
202 2748 358 2816 ἀλλὰ,
384 2751 494 2822 Τὴν
514 2756 850 2826 παυομένην,
880 2760 974 2812 καὶ
1001 2761 1154 2824 τέλος
1178 2761 1581 2831 λαμϐάνουσαν.

83 2840 154 2907 ὣς
197 2844 328 2911 οὐχὶ
371 2843 614 2912 μᾶλλον
671 2851 708 2916 ἡ
759 2851 1034 2906 διακονία
1089 2855 1197 2909 τοῦ
1245 2859 1585 2927 πνεύματος

83 2952 186 2987 ’ται
231 2937 302 2990 ἐν
344 2937 492 3006 δόξῃ
518 2956 536 3003 ;
565 2941 935 3014 Τεθαρρηκὼς
987 2947 1094 3018 γὰρ
1133 2949 1321 3003 λοιπὸν
1377 2955 1446 3005 τά
1481 2953 1585 3020 τῆς

83 3027 220 3096 ιινῆς
269 3029 434 3099 αἴρει,
472 3032 547 3096 ὡς
601 3035 1083 3111 ἀναμφισϐήτητα.
1131 3044 1242 3096 Καὶ
1291 3045 1480 3098 σκόπει
1529 3047 1583 3099 τί

87 3126 157 3173 ιεί
192 3139 203 3150 ·
233 3126 533 3195 ἀντέστησε
572 3128 719 3180 λίθον
773 3132 992 3203 καρδίᾳ,
1025 3134 1121 3186 καὶ
1149 3136 1386 3206 γράμμα
1417 3137 1585 3190 πνεύ-

87 3230 158 3264 τι.
216 3211 352 3268 Εἶτα
389 3216 570 3280 δείξας
601 3218 670 3272 τὰ
699 3222 756 3286 ἐξ
793 3223 1141 3295 ἀμφοτέρων,
1179 3227 1361 3280 οὐκέτι
1401 3228 1582 3300 τίθησι

95 3307 154 3371 ἐξ
187 3308 518 3381 ἀμφοτέρων
543 3329 556 3345 ο
589 3313 724 3366 ἀλλά
739 3315 799 3368 τὸ
828 3317 937 3370 ἀπὸ
957 3319 1048 3370 τοῦ
1077 3320 1406 3391 γράμματος
1431 3323 1545 3386 θεὶς
1563 3363 1578 3388 ,

83 3415 92 3442 ι
146 3399 386 3455 θάνατον
427 3405 521 3457 καὶ
552 3406 650 3476 τὴν
695 3407 1042 3479 κατάκρισιν,
1081 3412 1141 3463 τὸ
1168 3411 1275 3465 ἀπὸ
1303 3413 1396 3465 τοῦ
1421 3415 1582 3487 πνεύ-

83 3510 169 3556 τος
191 3495 597 3568 ούκέτιτίθησι,
629 3499 729 3572 τὴν
772 3502 916 3571 ζωὴν
947 3504 1039 3556 καὶ
1069 3506 1164 3575 τὴν
1195 3506 1541 3579 δικαιοσύνην
1561 3553 1576 3576 ,

83 3583 110 3633 .’
144 3583 282 3636 αὐτὸ
309 3586 374 3639 τὸ
403 3586 621 3658 πνεῦμα
651 3607 665 3620 ·
699 3592 834 3661 ὅπερ
859 3594 1080 3662 μείζονα
1098 3597 1376 3650 ἐποίειτδν
1399 3598 1575 3666 λόγον.

83 3677 192 3745 γάρ
223 3679 392 3748 καινὴ
415 3682 660 3752 Διαθήκη
677 3684 736 3734 ού
763 3685 904 3755 ζωὴν
937 3687 1106 3739 ἐδίδου
1128 3689 1306 3756 μόνον,
1332 3692 1466 3745 ἀλλά
1486 3694 1578 3746 καὶ

95 3770 211 3838 ὖμα
245 3772 511 3842 ἐχορήγει
567 3775 628 3827 τὸ
675 3776 774 3846 τὴν
816 3777 960 3848 ζωὴν
1007 3780 1278 3851 παρέχον’
1312 3784 1340 3835 ὃ
1386 3786 1568 3856 πολλῷ

83 3863 177 3924 ζον
203 3866 308 3934 τῆς
344 3867 494 3934 ζωῆς
521 3863 589 3938 ἦν
610 3884 624 3898 ⁸
659 3869 846 3941 διόπερ
885 3869 1057 3938 εἶπεν,
1097 3875 1157 3929 Ἠ
1177 3875 1449 3930 διακονία
1474 3881 1578 3934 τοῦ

83 3957 368 4024 ξύματος.
413 3957 543 4012 Εἶτα
596 3963 756 4015 πάλιν
798 3964 858 4016 τὸ
901 3967 1033 4018 αὐτὸ
1081 3970 1452 4040 περιστρέφει,
1485 3971 1578 4025 λέο

83 4066 109 4111 ο,
152 4050 226 4101 El
252 4050 374 4117 γὰρ
406 4051 446 4116 ἡ
483 4051 759 4106 διακονία
783 4054 892 4123 τῆς
919 4061 1347 4127 κατακρίσεως,
1382 4062 1553 4127 δόξα.

83 4146 112 4190 ’.
138 4142 254 4192 Καὶ
293 4143 597 4212 ἐρμηνεύει
628 4146 959 4214 σαφέστερον
981 4147 1034 4198 τί
1057 4151 1192 4211 ἐστι,
1233 4151 1304 4204 Τὸ
1341 4153 1576 4222 γρᾶμμα

84 4233 357 4294 κτείνει,
391 4234 552 4287 τοῦτο
572 4235 742 4303 λέγων
769 4237 902 4308 ὅπερ
928 4238 1233 4310 ἔμπροσθεν
1254 4246 1574 4317 εἰρήκαμεν,

89 4325 390 4387 δεικτικὺς
446 4327 720 4398 ἁμαρτίας
760 4323 827 4396 ἦν
873 4331 900 4381 ὁ
938 4330 1122 4401 νόμος,
1169 4333 1229 4385 ού
1274 4338 1572 4407 ποιητικός.

83 4416 192 4481 ’λῷ
259 4416 522 4484 μᾶλλον
578 4421 616 4487 η
683 4419 957 4474 διακονία
1013 4421 1122 4490 τῆς
1183 4425 1576 4500 δικαιοσύνης

83 4509 340 4562 τσσεύει
391 4509 465 4561 ἐν
502 4509 670 4578 δόξῃ.
713 4512 944 4567 Ἐκεῖναι
984 4514 1083 4585 μὲν
1129 4516 1238 4588 γὰρ
1281 4522 1339 4574 αἱ
1369 4523 1574 4589 πλάκες

135 4600 530 4670 ἁμαρτωλοὺς
571 4602 840 4657 ἐδείκνυον
897 4606 990 4658 καὶ
1019 4607 1294 4673 ἐκόλαζονο
1342 4611 1477 4685 αῦτη
1516 4615 1573 4668 δὲ

138 4693 537 4763 ἁμαρτωλοὺς
575 4694 635 4746 οὐ
679 4697 836 4764 μόνον
885 4698 984 4750 οὐκ
1016 4699 1292 4764 ἐκόλαζεν,
1318 4704 1454 4758 ἀλλά
1481 4709 1574 4759 καὶ

83 4785 209 4847 ίους
259 4786 476 4838 ἐποίει·
527 4786 683 4839 τοῦτο
709 4787 818 4859 γὰρ
855 4789 916 4842 τὸ
946 4789 1226 4863 βάπτισμα
1269 4796 1571 4867 ἐχαρίζετο.

123 4876 252 4944 γὰρ
305 4876 468 4931 οὐδὲ
526 4877 882 4943 δεδόξασται
924 4880 992 4934 τὸ
1035 4883 1482 4955 δεδοξασμένον
1506 4892 1575 4943 ἐν

89 4989 143 5035 ῳ
188 4969 283 5035 τῷ
315 4970 519 5040 μέρει,
557 4971 764 5025 ἕνεκεν
795 4972 904 5038 τῆς
927 4976 1432 5048 ὑπερϐαλλούσης
1478 4985 1572 5035 διῖ-

145 5062 251 5114 Ἐν
319 5063 431 5131 μὲν
473 5058 564 5116 οῦν
622 5066 732 5126 τοῖς
783 5066 1069 5136 προτέροις
1109 5068 1327 5134 ἔδειξεν,
1365 5073 1446 5126 ὅτι
1482 5077 1574 5127 καὶ

83 5171 97 5204 ›
162 5155 230 5205 ἐν
298 5152 467 5226 δόξῃ,
518 5155 609 5207 καὶ
663 5157 760 5225 οὐχ
797 5157 982 5222 ἁπλῶς
1021 5160 1080 5213 ἐν
1115 5160 1260 5234 δόξῃ,
1296 5163 1432 5218 ἀλλά
1481 5167 1574 5218 καὶ

83 5245 315 5298 τσεύει·
361 5246 427 5298 οὐ
466 5247 575 5318 γὰρ
604 5242 744 5310 εἷπε,
789 5249 912 5312 Πῶς
944 5251 1063 5321 οὐχὶ
1095 5254 1293 5320 μᾶλλον
1324 5257 1357 5326 ἡ
1387 5256 1572 5311 διακο-

84 5336 157 5387 οὖ
202 5337 552 5408 πνεύματος
581 5338 731 5392 ἔσται
767 5341 823 5392 ἐν
849 5341 1002 5413 δόξη;
1032 5345 1185 5410 ἀλλά,
1221 5350 1573 5416 Περισσεύει

84 5430 228 5497 ἄξῃ,
258 5430 381 5498 τὴν
415 5431 527 5483 ἀπὸ
547 5431 654 5484 τῶν
685 5432 957 5504 λογισμῶν
981 5437 1088 5490 τῶν
1107 5440 1415 5510 εἰρημένων
1439 5443 1572 5514 ἔχων
1597 5502 1602 5506 _

83 5521 260 5584 ειξιν.
314 5523 600 5577 Ἐνταῦθα
628 5526 720 5577 καὶ
739 5524 836 5595 τὴν
871 5527 1160 5599 ὑπεροχὴν,
1193 5533 1313 5602 ὅση,
1337 5535 1571 5591 δείκνυσι

83 5633 129 5677 ι,
171 5617 272 5668 ὅτι
326 5617 470 5670 Ἐὰν
509 5618 780 5690 συγκρίνω
825 5620 1029 5692 ταύτην
1061 5625 1262 5696 ἐκείνῃ,
1297 5627 1414 5679 οὐδὲ
1448 5629 1572 5693 δόξα

98 5708 140 5778 ἡ
176 5707 336 5772 δόξα
374 5708 481 5778 τῆς
516 5708 775 5773 Παλαιᾶςο
797 5711 896 5781 οὐχ
923 5713 1109 5776 ἁπλῶς
1133 5714 1193 5767 τὸ
1221 5717 1294 5788 μὴ
1322 5713 1456 5772 εἶναι
1488 5719 1570 5772 δόο

83 5798 580 5869 ιατασκευάςων,
612 5800 748 5856 ἀλλὰ
786 5802 864 5872 τῷ
903 5804 1001 5875 τῆς
1033 5807 1372 5878 συγκρίσεως
1401 5809 1562 5882 λόγῳ·

3176 365 3282 422 ιιι

1713 474 1793 526 διὸ
1833 476 1925 527 καὶ
1964 477 2228 546 ἐπήγαγε,
2269 478 2461 542 Τούτῳ
2503 477 2581 543 τῷ
2608 477 2804 546 μέρει·
2841 478 3107 541 τουτέστι,
3140 480 3286 532 κατὰ

1707 568 1800 619 τὸν
1839 569 1940 635 τῆς
1981 569 2318 640 συγκρίσεως
2343 568 2518 638 λόγον.
2557 570 2629 622 Ού
2679 568 2782 640 μὴν
2810 570 2968 622 τοῦτο
3003 569 3279 623 διαϐάλλει

1707 661 1806 729 τὴν
1836 659 2098 725 Παλαιὰν,
2132 660 2267 714 ἀλλά
2297 661 2390 714 καὶ
2426 661 2630 731 σφόδρα
2659 661 2828 732 αὐτὴν
2857 665 3189 731 συνίστησιν·
3220 661 3286 715 αί·

1706 750 1814 822 γὰρ
1844 752 2160 824 συγκρίσεις
2189 755 2280 806 ἐπὶ
2306 753 2414 807 τῶν
2450 754 2724 823 συγγενῶν
2753 753 2976 806 εἰώθασι
3009 753 3274 822 γίνεσθαι.

1706 839 1837 895 Εἶτα
1865 846 1958 897 καὶ
1985 844 2140 897 ἄλλον
2165 848 2302 897 κινεί
2329 846 2588 914 λογισμὸν
2629 845 2722 898 τὸν
2757 843 3149 899 ἀποδεικνύντα
3175 845 3277 916 τὴν

1705 935 1977 1005 ὑπεροχὴν
2027 937 2119 990 καὶ
2159 936 2442 1008 ἑτέρωθεν.
2489 938 2644 989 Ποῖον
2683 936 2746 1007 δὴ
2773 935 2995 1000 τοῦτονς
3027 935 3132 988 Τὸν
3169 934 3280 989 ἀπὸ

1704 1026 1796 1079 τοῦ
1833 1029 2044 1099 χρόνου,
2077 1027 2270 1095 λέγων·
2311 1032 2380 1082 Ei
2423 1028 2490 1082 δέ
2528 1029 2596 1083 τὸ
2643 1029 3144 1097 καταργούμενον,
3177 1025 3280 1082 διὰ

1703 1116 1908 1183 δόξης,
1945 1117 2157 1183 πολλῷ
2170 1116 2413 1188 μᾶλλον
2441 1119 2506 1174 τὸ
2534 1120 2743 1188 μένον,
2774 1120 2842 1172 ἐν
2868 1119 3039 1188 δόξῃ.
3067 1119 3141 1173 Τὸ
3176 1117 3283 1186 μὲν

1702 1208 1810 1277 γὰρ
1839 1209 2137 1273 ἐπαύσατο,
2172 1210 2232 1263 τὸ
2263 1211 2320 1265 δέ
2351 1212 2498 1282 μένει
2537 1213 2818 1281 διηνεκῶς.
2854 1215 3133 1282 Ἔχοντες
3161 1207 3277 1266 οὖν

1701 1301 1986 1368 τοιαύτην
2044 1302 2282 1364 ἐλπίδα,
2347 1304 2547 1371 πολλῇ
2617 1305 2923 1372 παρρησίᾳ
2983 1303 3272 1372 χρώμεθα.

1716 1393 1933 1463 Ἐπειδὴ
1986 1394 2095 1463 γάρ
2155 1389 2389 1448 τοσαῦτα
2448 1396 2541 1449 καὶ
2601 1396 2900 1468 τηλικαῦτα
2945 1396 3183 1459 ἀκούσας
3243 1397 3280 1449 ὁ·

1699 1485 1974 1555 ἀκροατὴς
2017 1486 2145 1557 περὶ
2171 1486 2319 1559 [482]
2354 1488 2452 1556 τῆς
2488 1489 2715 1558 Καινῆς,
2744 1488 2925 1560 ἐζήτει
2955 1488 3049 1542 καὶ
3074 1487 3276 1558 ὀφθαλ-

1703 1577 1960 1645 μοφανῶς
1996 1582 2096 1648 τὴν
2122 1578 2278 1643 δόξαν
2315 1579 2519 1652 ταύτην
2560 1581 2706 1645 ἰδεῖν,
2733 1581 2832 1650 ὅρα
2865 1581 2968 1635 ποῦ
3001 1580 3163 1636 αὐτὸν
3185 1579 3276 1645 ἐξ·

1699 1669 1970 1732 ἀκοντίζει
1996 1669 2132 1739 πρὸς
2161 1671 2254 1723 τὸν
2287 1671 2546 1741 μέλλοντα
2579 1671 2768 1728 αίῶνα.
2816 1673 2907 1726 Διὸ
2939 1673 3032 1727 καὶ
3059 1673 3157 1744 τὴν
3183 1673 3274 1726 ἐλ-

1699 1761 1826 1814 πίδα
1853 1764 1932 1825 είς
1969 1763 2128 1833 μέσον
2167 1763 2331 1834 ἔθηκε
2365 1763 2558 1834 λέγων,
2591 1767 2872 1834 Ἔχοντες
2909 1761 3023 1820 οὖν
3059 1765 3272 1819 τοιαύ-

1696 1870 1808 1919 την
1857 1853 2096 1908 ἑλπίδα.
2149 1855 2454 1925 Τοιαύτηνς
2510 1858 2795 1928 ποταπήν;
2835 1857 2956 1909 Ὀτι
3010 1856 3272 1926 μειζόνων

1696 1941 2008 2014 ἠξιώθημεν
2035 1945 2068 2016 ἢ
2098 1945 2358 2014 Μωῦσῆς,
2392 1945 2488 2015 ούχ
2521 1948 2570 1998 οἱ
2595 1947 2878 2000 ἀπόστολοι
2907 1947 3064 2017 μόνον
3088 1947 3269 2018 ἡμεῖς,

1696 2033 1832 2085 ἀλλά
1858 2034 1952 2086 καὶ
1986 2035 2185 2097 πάντες
2217 2037 2264 2087 οί
2297 2034 2498 2088 πιστοί.
2541 2035 2748 2104 Πολλῇ
2781 2037 3086 2105 παρρησίᾳ
3121 2035 3271 2106 χρώ-

1688 2131 1858 2195 μεθα.
1897 2127 2039 2196 Πρὸς
2069 2127 2212 2188 τίνα,
2246 2127 2368 2180 είπέ
2418 2144 2540 2196 μοις
2577 2127 2716 2198 πρὸς
2742 2128 2831 2181 τὸν
2861 2129 3015 2190 Θεὸν,
3058 2129 3092 2200 ἦ
3132 2129 3270 2200 πρὸς

1694 2217 1816 2279 τοὺς
1849 2218 2121 2288 paen-eaq;
2151 2218 2294 2289 Πρὸς
2325 2219 2470 2288 ὑμᾶς
2491 2218 2617 2281 τοὺς
2647 2218 3140 2289 μαθητευομένους.
3165 2218 3272 2289 φη-

1695 2309 1766 2361 σί’
1801 2311 2067 2368 τουτέστι.
2091 2311 2224 2364 Μετ’
2253 2311 2563 2381 ἐλευθερίας
2592 2311 2863 2381 πανταχοῦ
2891 2311 3270 2382 φθεγγόμεθα,

1691 2402 1842 2456 οὐδὲν
1873 2402 2349 2472 ὐποστελλόμενοι,
2389 2403 2540 2456 οὐδὲν
2569 2404 3081 2474 ἀποκρυπτόμενοι,
3114 2403 3270 2458 οὐδὲν

1691 2493 2054 2565 ὑφορώμενοι,
2078 2495 2214 2548 ἀλλὰ
2235 2496 2421 2564 σαφῶς
2447 2495 2716 2561 λέγοντες
2745 2495 2838 2548 καὶ
2866 2495 2927 2548 ού
2949 2496 3268 2567 δεδοίκαμεν

1692 2588 1764 2657 μὴ
1793 2587 2085 2658 πλήξωμεν
2111 2587 2264 2657 ὑμῶν
2292 2569 2390 2650 τάς
2422 2587 2595 2656 δψεις,
2633 2587 2885 2659 καθάπερ
2903 2589 3142 2660 Μωῦσῆς
3166 2589 3267 2653 τὰς

1699 2678 1989 2732 Ἰουδαίων.
2039 2680 2162 2732 Ὅτι
2225 2681 2334 2750 γὰρ
2388 2680 2546 2732 τοῦτο
2593 2679 2830 2751 ᾐνίξατο,
2883 2679 3115 2733 ἄκουσον
3155 2680 3269 2736 τῶν

1686 2770 1830 2841 ἐξῆςο
1867 2770 2066 2839 μᾶλλον
2097 2771 2154 2824 δὲ
2183 2771 2280 2842 τὴν
2312 2773 2554 2844 ἱστορίαν
2593 2773 2810 2844 πρῶτον
2843 2774 3140 2839 ἀναγκαῖον
3182 2774 3265 2825 εί-

1687 2865 1827 2916 πεῖν.
1864 2863 1975 2916 Καὶ
2009 2863 2118 2934 γὰρ
2165 2865 2328 2928 αὐτὸς
2367 2865 2536 2936 αὐτὴν
2591 2865 2832 2934 συνεχῶς
2880 2864 3262 2937 περιστρέφει.

1685 2951 1783 3015 Τίς
1832 2948 1927 3006 οῦν
1989 2955 2022 3022 ἠ
2084 2954 2326 3025 ἱστορίας
2354 2956 2481 3008 Ὅτε
2523 2957 2586 3008 ἐκ
2627 2955 2881 3026 δευτέρου
2925 2957 3024 3018 τὰς
3049 2953 3265 3016 πλάκας

1684 3045 1877 3115 κατῄει
1932 3043 2113 3097 λαϐὼν
2168 3047 2196 3097 ὁ
2249 3047 2508 3117 Μωῦσῆς,
2543 3047 2668 3110 δόξα
2713 3063 2798 3110 τις
2832 3046 3126 3118 ἐκπηδῶσα
3167 3046 3265 3101 τοῦ

1684 3136 1980 3206 προσώπου
2015 3135 2180 3190 αὐτοῦ
2212 3137 2468 3191 τοσοῦτον
2514 3138 2862 3207 ἀπέλαμπεν,
2891 3137 2966 3200 ὡς
2994 3138 3068 3208 μὴ
3106 3137 3266 3191 δύναν

1685 3229 1812 3281 σθαι
1832 3229 1959 3291 τοὺς
1994 3229 2280 3291 Ἰουδαίους
2309 3228 2588 3300 προσιέναι
2613 3227 2760 3299 αὐτῷ
2782 3231 2875 3282 καὶ
2895 3227 3261 3297 διαλέγεσθαι,

1683 3322 1788 3386 ἓως
1814 3325 1902 3377 ὅτε
1933 3323 2167 3393 ἐπέθηκε
2190 3323 2456 3393 κάλυμμα
2477 3322 2554 3392 τῷ
2584 3321 2882 3393 προσώπῳ.
2917 3321 3028 3375 Καὶ
3059 3321 3263 3392 γέγρα·
3353 3355 3374 3377 ο

1684 3431 1818 3468 πται
1851 3413 2024 3475 οὕτως
2053 3417 2112 3467 ἐν
2143 3417 2208 3486 τῇ
2247 3415 2463 3486 Ἐξόδιχν
2503 3415 2713 3468 Ἦνίκα
2745 3413 2963 3481 κατέϐη
2996 3412 3262 3480 Μωῦσῆς

1680 3506 1750 3559 ἐκ
1788 3506 1896 3560 τοῦ
1932 3506 2127 3575 ὅρους.
2163 3509 2222 3560 αἱ
2255 3507 2364 3560 δύο
2396 3507 2628 3572 πλάκες
2654 3506 2723 3558 ἐν
2756 3505 2886 3571 ταῖς
2911 3505 3124 3574 χερσίν
3153 3508 3262 3558 αὺ-

1680 3599 1807 3653 τοῦ.
1832 3599 1941 3653 Καί
1972 3600 2084 3652 οὐκ
2115 3599 2245 3667 ᾔδει
2270 3597 2529 3665 Μωΰσῆς
2554 3597 2644 3651 ὅτι
2672 3597 3030 3662 δεδόξασται
3055 3598 3092 3666 ἡ
3122 3597 3262 3666 ὄψις

1680 3689 1787 3743 τοῦ
1820 3689 2048 3758 χρωτὸς
2081 3689 2187 3742 τοῦ
2216 3687 2539 3755 προσώπου
2581 3686 2798 3742 αὐτοῦ’
2832 3687 2929 3740 καί
2963 3685 3261 3755 ἐφοϐήθη-

1679 3799 1800 3836 σαν
1842 3782 2076 3849 ἑγγίσαι
2117 3779 2296 3845 αὐτῷ.
2342 3779 2451 3833 Καὶ
2493 3779 2788 3838 ἐκάλεσεν
2822 3778 3042 3844 αὐτοὺς
3093 3782 3260 3834 Mam-

1679 3874 1820 3943 σῆς,
1855 3875 1952 3928 καὶ
1980 3873 2251 3939 ἐλάλησε
2282 3874 2432 3941 πρὸς
2465 3873 2709 3939 αὐτούς.
2743 3871 2852 3926 Καὶ
2882 3870 3087 3937 ἐπειδὴ
3121 3887 3260 3925 κατ-

1677 3965 1912 4020 έπαυσε
1953 3965 2216 4033 Μωϋσῆς
2255 3966 2464 4020 λαλῶν
2502 3966 2654 4034 πρὸς
2694 3964 2936 4030 αὐτοὺς,
2967 3963 3261 4031 ἐπέθηκεν

1677 4059 1774 4111 ἐπὶ
1810 4059 1876 4111 τὸ
1908 4060 2232 4125 πρόσωπον
2258 4057 2444 4112 αὑτοῦ
2474 4057 2774 4130 κάλυμμα.
2813 4057 3014 4112 Ἠνίκα
3037 4056 3105 4111 δέ
3136 4059 3261 4112 slo-

1677 4151 1993 4219 ἐπορεύετο
2026 4149 2305 4202 ἐναντίον
2333 4150 2440 4204 τοῦ
2463 4152 2690 4218 ’Κυρίου
2721 4151 2956 4213 λαλεῖν,
2995 4151 3258 4218 περιῄρει

1679 4243 1742 4296 τὸ
1769 4243 2052 4312 κάλυμμα
2075 4243 2188 4308 ἕως
2211 4242 2318 4297 τοῦ
2339 4243 2772 4311 ἐκπορεύεσθαι
2803 4246 3011 4298 αὐτόν.
3042 4243 3257 4313 Ταύτης

1677 4340 1771 4398 οὖν
1801 4345 2121 4414 ἀναμνήσας
2149 4345 2249 4414 τῆς
2276 4344 2536 4414 ἱστορίας,
2571 4341 2723 4412 φησί·
2748 4338 2861 4393 Καὶ
2892 4339 2964 4391 οὐ
2991 4333 3256 4401 καθάπερ

1678 4432 1940 4502 Μωῦσῆς
1960 4434 2135 4490 ἐτίθει
2160 4434 2440 4504 κάλυμμα
2460 4433 2555 4487 ἐπί
2577 4434 2642 4486 τὸ
2665 4432 2990 4500 πρόσωπον
3015 4425 3253 4490 ἑαυτοῦ,

1677 4525 1832 4580 ὥστε
1851 4525 1939 4594 μὴ
1969 4526 2241 4580 ἀτενίσαι
2263 4525 2406 4592 τοὺς
2424 4524 2595 4590 υἱοὺς
2625 4521 2862 4592 Ἰσραὴλ
2884 4523 2968 4585 είς
2995 4517 3058 4572 τὸ
3081 4517 3256 4582 τέλος

1678 4618 1783 4672 τοῦ
1812 4617 2320 4686 καταργουμένου.
2356 4619 2422 4670 Ὃ
2444 4616 2501 4668 δὲ
2526 4615 2696 4683 λέγει,
2715 4611 2964 4667 ’τοιοῦτόν
2987 4612 3153 4663 ἐστιν’
3177 4607 3252 4661 Οὐ

1677 4709 1834 4780 χρεία
1867 4709 2238 4763 καλύπτεσθαι
2265 4710 2436 4780 ἡμᾶς,
2466 4708 2717 4778 καθάπερ
2745 4703 3008 4771 Μωῦσῆς·
3037 4700 3254 4753 δυνατοὶ

1675 4803 1784 4872 γάρ
1831 4802 1988 4872 ὑμεῖς
2033 4801 2160 4855 ἰδεῖν
2189 4803 2288 4872 τὴν
2325 4801 2482 4868 δόξαν
2509 4799 2732 4870 ταύτην,
2768 4797 2834 4867 ἢν
2867 4792 3249 4866 περικείμεθα,

1675 4895 1852 4947 καίτοι
1875 4892 2053 4962 πολλῷ
2081 4893 2302 4964 μείζονα
2328 4894 2422 4946 καὶ
2447 4890 2802 4961 φαιδροτέραν
2825 4883 2989 4940 οὖσαν
3015 4884 3250 4954 ἐκείνης.

1679 4983 1829 5048 Ι-ζῖδες
1863 4987 1962 5049 τὴν
1995 4986 2322 5054 προκοπήν;
2368 4984 2426 5038 '0
2452 4981 2560 5052 γὰρ
2605 4982 2664 5034 ἐν
2691 4983 2758 5052 τῇ
2792 4979 3033 5050 προτέρα
3058 4975 3248 5041 εἰπὼν,

1674 5075 1844 5128 Γάλα
1874 5075 2030 5144 ὑμᾶς
2056 5076 2333 5138 ἐπότισα,
2362 5077 2435 5128 οὐ
2458 5073 2689 5142 βρῶμα,
2723 5070 2958 5124 ἐνταῦθα
2978 5069 3147 5138 λέγει,
3170 5070 3250 5122 δτι

1674 5165 1883 5234 Πολλῇ
1923 5167 2226 5234 παρρησίᾳ
2255 5165 2547 5235 χρώμεθα·
2577 5164 2674 5218 καὶ
2701 5163 2939 5222 Μωϋσέα
2971 5163 3052 5225 είς
3085 5161 3250 5231 μέσον

1673 5260 1933 5330 παράγει,
1967 5258 2108 5312 κατά
2161 5258 2447 5329 σύγκρισιν
2493 5257 2750 5328 προάγων
2797 5256 2888 5310 τὸν
2937 5255 3113 5324 λόγον,
3157 5252 3250 5307 καὶ

1672 5353 1844 5422 ταύτῃ
1875 5352 1964 5404 τὸν
1997 5351 2271 5422 ἀκροατὴν
2297 5349 2673 5418 ἀνάγων.Κώ
2697 5348 2835 5412 τέως
2863 5347 3129 5400 Ἰουδαίων
3157 5345 3250 5401 αὐ,-

1671 5447 1796 5508 τοὺς
1828 5445 2118 5516 προτίθησι
2151 5444 2345 5512 λέγων,
2374 5445 2454 5498 ὅτι
2493 5444 2568 5497 Ού
2597 5441 2832 5512 δεόμεθα
2865 5438 3244 5509 καλύμματος,

1671 5537 1919 5606 καθάπερ
1937 5538 2141 5599 ἐκεῖνος
2165 5535 2382 5588 ἐπὶτῶν
2403 5534 2740 5606 ἀρχομένων
2761 5533 2830 5586 τὰ
2845 5532 2900 5585 δὲ
2920 5530 3055 5602 μετά
3075 5527 3246 5582 ταῦτα

1671 5630 1764 5679 καὶ
1803 5630 1882 5690 εἰς
1913 5629 2044 5681 αὐτὸ
2068 5627 2160 5681 τοῦ
2187 5629 2478 5699 νομοθέτου
2507 5627 2569 5681 τὸ
2594 5625 2808 5696 ἀξίωμα
2837 5624 3048 5690 ἀνάγει,
3086 5619 3118 5690 ἢ
3152 5621 3247 5673 καὶ

1673 5720 1850 5790 πολλῷ
1888 5720 2090 5790 μεῖζον.
2131 5721 2281 5784 Τέως
2312 5721 2367 5774 δὲ
2397 5718 2506 5772 τῶν
2537 5719 2666 5790 ἑξῆς
2707 5716 3046 5786 ἀκούσωμεν·
3091 5709 3246 5772 Ἀλλ’

1675 5813 1954 5884 ἐπωρώθη
1984 5815 2056 5870 τὰ
2087 5814 2355 5885 νοήματα
2381 5811 2597 5866 αὐτῶν.
2642 5811 2814 5879 Ἀχρι
2853 5807 2959 5878 γὰρ
2993 5805 3103 5875 τῆς
3126 5805 3243 5875 σιξ-
