  <div class='ocr_page' id='page_1' title='image "/cluster/home/n/w/nwhite01/storage/ocr_20150623/61/hvd.32044019190461/451.png"; bbox 0 0 3780 6332; ppageno 0'>
   <div class='ocr_carea' id='block_1_1' title="bbox 352 345 470 406">
    <p class='ocr_par' dir='ltr' id='par_1_1' title="bbox 352 345 470 406">
     <span class='ocr_line' id='line_1_1' title="bbox 352 345 470 406; baseline -0.068 0"><span class='ocrx_word' id='word_1_1' title='bbox 352 345 470 406; x_wconf 68' lang='lat'><strong>“5.</strong></span> 
     </span>
    </p>
   </div>
   <div class='ocr_carea' id='block_1_2' title="bbox 347 456 1938 530">
    <p class='ocr_par' dir='ltr' id='par_1_2' title="bbox 347 456 1938 530">
     <span class='ocr_line' id='line_1_2' title="bbox 347 456 1938 530; baseline -0.003 -16"><span class='ocrx_word' id='word_1_2' title='bbox 347 474 538 530; x_wconf 81' lang='grc' dir='ltr'><strong>μερον</strong></span> <span class='ocrx_word' id='word_1_3' title='bbox 562 459 630 514; x_wconf 84' lang='grc' dir='ltr'><strong>τὸ</strong></span> <span class='ocrx_word' id='word_1_4' title='bbox 657 458 807 514; x_wconf 77' lang='grc' dir='ltr'><strong>αὐτὸ</strong></span> <span class='ocrx_word' id='word_1_5' title='bbox 831 457 1116 528; x_wconf 75' lang='grc' dir='ltr'><em>κάλυμμα</em></span> <span class='ocrx_word' id='word_1_6' title='bbox 1143 458 1215 514; x_wconf 82' lang='grc' dir='ltr'><em>ἐν</em></span> <span class='ocrx_word' id='word_1_7' title='bbox 1235 457 1313 526; x_wconf 79' lang='grc' dir='ltr'><strong>τῇ</strong></span> <span class='ocrx_word' id='word_1_8' title='bbox 1331 458 1672 528; x_wconf 77' lang='grc' dir='ltr'><strong>ἀναγνώσει</strong></span> <span class='ocrx_word' id='word_1_9' title='bbox 1695 456 1804 524; x_wconf 82' lang='grc' dir='ltr'><strong>τῆς</strong></span> <span class='ocrx_word' id='word_1_10' title='bbox 1821 459 1938 510; x_wconf 72' lang='grc' dir='ltr'><strong>Πασ-</strong></span> 
     </span>
    </p>
   </div>
   <div class='ocr_carea' id='block_1_3' title="bbox 351 550 1940 622">
    <p class='ocr_par' dir='ltr' id='par_1_3' title="bbox 351 550 1940 622">
     <span class='ocr_line' id='line_1_3' title="bbox 351 550 1940 622; baseline -0.003 -14"><span class='ocrx_word' id='word_1_11' title='bbox 351 553 530 620; x_wconf 84' lang='grc' dir='ltr'><strong>λαιιῑς</strong></span> <span class='ocrx_word' id='word_1_12' title='bbox 552 554 852 622; x_wconf 80' lang='grc' dir='ltr'><strong>Διαθήκης</strong></span> <span class='ocrx_word' id='word_1_13' title='bbox 881 551 1052 622; x_wconf 76' lang='grc' dir='ltr'><strong>μένει</strong></span> <span class='ocrx_word' id='word_1_14' title='bbox 1093 551 1179 620; x_wconf 81' lang='grc' dir='ltr'><strong>μὴ</strong></span> <span class='ocrx_word' id='word_1_15' title='bbox 1214 552 1813 620; x_wconf 70' lang='grc' dir='ltr'><strong>ἀνακαλυπτόμενον,</strong></span> <span class='ocrx_word' id='word_1_16' title='bbox 1850 550 1940 604; x_wconf 83' lang='grc' dir='ltr'><strong>ὅτι</strong></span> 
     </span>
    </p>
   </div>
   <div class='ocr_carea' id='block_1_4' title="bbox 351 642 1944 714">
    <p class='ocr_par' dir='ltr' id='par_1_4' title="bbox 351 642 1944 714">
     <span class='ocr_line' id='line_1_4' title="bbox 351 642 1944 714; baseline -0.004 -13"><span class='ocrx_word' id='word_1_17' title='bbox 351 646 422 702; x_wconf 73' lang='grc' dir='ltr'><em>ἀν</em></span> <span class='ocrx_word' id='word_1_18' title='bbox 449 643 684 714; x_wconf 80' lang='grc' dir='ltr'><strong>Χριστῷ</strong></span> <span class='ocrx_word' id='word_1_19' title='bbox 724 644 1120 714; x_wconf 86' lang='grc' dir='ltr'><strong>καταργεῖται.</strong></span> <span class='ocrx_word' id='word_1_20' title='bbox 1153 643 1294 714; x_wconf 85' lang='grc' dir='ltr'><strong>Ὅρα</strong></span> <span class='ocrx_word' id='word_1_21' title='bbox 1328 643 1382 696; x_wconf 91' lang='grc' dir='ltr'><strong>τί</strong></span> <span class='ocrx_word' id='word_1_22' title='bbox 1413 642 1814 708; x_wconf 77' lang='grc' dir='ltr'><strong>κατασκευάζει</strong></span> <span class='ocrx_word' id='word_1_23' title='bbox 1852 643 1944 696; x_wconf 75' lang='grc' dir='ltr'><strong>διὰ</strong></span> 
     </span>
    </p>
   </div>
   <div class='ocr_carea' id='block_1_5' title="bbox 349 735 1938 810">
    <p class='ocr_par' dir='ltr' id='par_1_5' title="bbox 349 735 1938 810">
     <span class='ocr_line' id='line_1_5' title="bbox 349 735 1938 810; baseline -0.004 -16"><span class='ocrx_word' id='word_1_24' title='bbox 349 737 578 794; x_wconf 87' lang='grc' dir='ltr'><strong>τούτων.</strong></span> <span class='ocrx_word' id='word_1_25' title='bbox 609 739 786 808; x_wconf 86' lang='grc' dir='ltr'><strong>Ὅπερ</strong></span> <span class='ocrx_word' id='word_1_26' title='bbox 809 739 918 810; x_wconf 83' lang='grc' dir='ltr'><strong>γάρ</strong></span> <span class='ocrx_word' id='word_1_27' title='bbox 937 737 1158 806; x_wconf 80' lang='grc' dir='ltr'><strong>γέγονεν</strong></span> <span class='ocrx_word' id='word_1_28' title='bbox 1185 737 1278 790; x_wconf 76' lang='grc' dir='ltr'><strong>ἐπὶ</strong></span> <span class='ocrx_word' id='word_1_29' title='bbox 1304 736 1584 799; x_wconf 82' lang='grc' dir='ltr'><strong>Μωῦσέως</strong></span> <span class='ocrx_word' id='word_1_30' title='bbox 1615 737 1738 790; x_wconf 84' lang='grc' dir='ltr'><strong>τότε</strong></span> <span class='ocrx_word' id='word_1_31' title='bbox 1769 735 1938 802; x_wconf 78' lang='grc' dir='ltr'><strong>ἅπαξ,</strong></span> 
     </span>
    </p>
   </div>
   <div class='ocr_carea' id='block_1_6' title="bbox 353 825 1938 898">
    <p class='ocr_par' dir='ltr' id='par_1_6' title="bbox 353 825 1938 898">
     <span class='ocr_line' id='line_1_6' title="bbox 353 825 1938 898; baseline -0.006 -10"><span class='ocrx_word' id='word_1_32' title='bbox 353 831 516 888; x_wconf 84' lang='grc' dir='ltr'><strong>τοῦτο</strong></span> <span class='ocrx_word' id='word_1_33' title='bbox 545 831 639 886; x_wconf 71' lang='grc' dir='ltr'><strong>ἐπὶ</strong></span> <span class='ocrx_word' id='word_1_34' title='bbox 669 831 764 884; x_wconf 88' lang='grc' dir='ltr'><strong>τοῦ</strong></span> <span class='ocrx_word' id='word_1_35' title='bbox 803 829 968 898; x_wconf 86' lang='grc' dir='ltr'><strong>νόμου</strong></span> <span class='ocrx_word' id='word_1_36' title='bbox 999 827 1210 897; x_wconf 89' lang='grc' dir='ltr'><strong>γίνεται</strong></span> <span class='ocrx_word' id='word_1_37' title='bbox 1239 827 1522 898; x_wconf 78' lang='grc' dir='ltr'><strong>διηνεκῶς.</strong></span> <span class='ocrx_word' id='word_1_38' title='bbox 1551 827 1664 882; x_wconf 83' lang='grc' dir='ltr'><strong>Οὐκ</strong></span> <span class='ocrx_word' id='word_1_39' title='bbox 1695 827 1804 898; x_wconf 81' lang='grc' dir='ltr'><strong>ἄρα</strong></span> <span class='ocrx_word' id='word_1_40' title='bbox 1843 825 1938 880; x_wconf 92' lang='grc' dir='ltr'><strong>τοῦ</strong></span> 
     </span>
    </p>
   </div>
   <div class='ocr_carea' id='block_1_7' title="bbox 351 921 1938 995">
    <p class='ocr_par' dir='ltr' id='par_1_7' title="bbox 351 921 1938 995">
     <span class='ocr_line' id='line_1_7' title="bbox 351 921 1938 995; baseline -0.004 -17"><span class='ocrx_word' id='word_1_41' title='bbox 351 924 520 995; x_wconf 84' lang='grc' dir='ltr'><strong>νόμου</strong></span> <span class='ocrx_word' id='word_1_42' title='bbox 560 922 780 994; x_wconf 81' lang='grc' dir='ltr'><strong>διαϐολὴ</strong></span> <span class='ocrx_word' id='word_1_43' title='bbox 821 921 884 975; x_wconf 83' lang='grc' dir='ltr'><strong>τὸ</strong></span> <span class='ocrx_word' id='word_1_44' title='bbox 921 921 1232 993; x_wconf 71' lang='grc' dir='ltr'><strong>εἰρημένον,</strong></span> <span class='ocrx_word' id='word_1_45' title='bbox 1265 921 1455 993; x_wconf 86' lang='grc' dir='ltr'><strong>ὥσπερ</strong></span> <span class='ocrx_word' id='word_1_46' title='bbox 1499 921 1620 974; x_wconf 76' lang='grc' dir='ltr'><strong>οὐδὲ</strong></span> <span class='ocrx_word' id='word_1_47' title='bbox 1654 921 1938 983; x_wconf 82' lang='grc' dir='ltr'><strong>Μωῦσέως</strong></span> 
     </span>
    </p>
   </div>
   <div class='ocr_carea' id='block_1_8' title="bbox 349 1014 1938 1086">
    <p class='ocr_par' dir='ltr' id='par_1_8' title="bbox 349 1014 1938 1086">
     <span class='ocr_line' id='line_1_8' title="bbox 349 1014 1938 1086; baseline -0.003 -15"><span class='ocrx_word' id='word_1_48' title='bbox 349 1016 474 1072; x_wconf 87' lang='grc' dir='ltr'><strong>τότε</strong></span> <span class='ocrx_word' id='word_1_49' title='bbox 506 1015 935 1086; x_wconf 80' lang='grc' dir='ltr'><strong>καλυπτομένου,</strong></span> <span class='ocrx_word' id='word_1_50' title='bbox 965 1014 1102 1069; x_wconf 86' lang='grc' dir='ltr'><strong>ἀλλά</strong></span> <span class='ocrx_word' id='word_1_51' title='bbox 1139 1014 1246 1068; x_wconf 86' lang='grc' dir='ltr'><strong>τῶν</strong></span> <span class='ocrx_word' id='word_1_52' title='bbox 1279 1016 1610 1085; x_wconf 86' lang='grc' dir='ltr'><strong>ἀγνωμόνων</strong></span> <span class='ocrx_word' id='word_1_53' title='bbox 1645 1015 1938 1069; x_wconf 76' lang='grc' dir='ltr'><strong>Ἰουδαίων·</strong></span> 
     </span>
    </p>
   </div>
   <div class='ocr_carea' id='block_1_9' title="bbox 351 1097 1934 1178">
    <p class='ocr_par' dir='ltr' id='par_1_9' title="bbox 351 1097 1934 1178">
     <span class='ocr_line' id='line_1_9' title="bbox 351 1097 1934 1178; baseline -0.002 -18"><span class='ocrx_word' id='word_1_54' title='bbox 351 1109 558 1170; x_wconf 75' lang='grc' dir='ltr'><strong>ἐκεῖνος</strong></span> <span class='ocrx_word' id='word_1_55' title='bbox 587 1107 684 1176; x_wconf 74' lang='grc' dir='ltr'><strong>μὲν</strong></span> <span class='ocrx_word' id='word_1_56' title='bbox 713 1107 821 1178; x_wconf 86' lang='grc' dir='ltr'><strong>γὰρ</strong></span> <span class='ocrx_word' id='word_1_57' title='bbox 843 1105 958 1178; x_wconf 76' lang='grc' dir='ltr'><strong>ἔχει</strong></span> <span class='ocrx_word' id='word_1_58' title='bbox 987 1105 1087 1176; x_wconf 88' lang='grc' dir='ltr'><strong>τὴν</strong></span> <span class='ocrx_word' id='word_1_59' title='bbox 1119 1105 1326 1158; x_wconf 84' lang='grc' dir='ltr'><strong>οίκείαν</strong></span> <span class='ocrx_word' id='word_1_60' title='bbox 1351 1105 1532 1170; x_wconf 81' lang='grc' dir='ltr'><strong>δόξαν,</strong></span> <span class='ocrx_word' id='word_1_61' title='bbox 1563 1097 1710 1158; x_wconf 78' lang='grc' dir='ltr'><strong>οὗτοι</strong></span> <span class='ocrx_word' id='word_1_62' title='bbox 1744 1105 1800 1160; x_wconf 84' lang='grc' dir='ltr'><strong>δὲ</strong></span> <span class='ocrx_word' id='word_1_63' title='bbox 1833 1105 1934 1158; x_wconf 84' lang='grc' dir='ltr'><strong>αύ-</strong></span> 
     </span>
    </p>
   </div>
   <div class='ocr_carea' id='block_1_10' title="bbox 348 1197 1930 1271">
    <p class='ocr_par' dir='ltr' id='par_1_10' title="bbox 348 1197 1930 1271">
     <span class='ocr_line' id='line_1_10' title="bbox 348 1197 1930 1271; baseline -0.001 -19"><span class='ocrx_word' id='word_1_64' title='bbox 348 1199 450 1270; x_wconf 82' lang='grc' dir='ltr'><strong>τὴν</strong></span> <span class='ocrx_word' id='word_1_65' title='bbox 503 1198 630 1252; x_wconf 84' lang='grc' dir='ltr'><strong>ίδεῖν</strong></span> <span class='ocrx_word' id='word_1_66' title='bbox 681 1199 781 1252; x_wconf 79' lang='grc' dir='ltr'><strong>οὐκ</strong></span> <span class='ocrx_word' id='word_1_67' title='bbox 835 1199 1199 1268; x_wconf 75' lang='grc' dir='ltr'><strong>ἠδυνήθησαν.</strong></span> <span class='ocrx_word' id='word_1_68' title='bbox 1253 1197 1404 1271; x_wconf 64' lang='grc'>[485]</span> <span class='ocrx_word' id='word_1_69' title='bbox 1459 1199 1523 1251; x_wconf 88' lang='grc' dir='ltr'><strong>Τί</strong></span> <span class='ocrx_word' id='word_1_70' title='bbox 1584 1197 1764 1252; x_wconf 78' lang='grc' dir='ltr'>τοίνυν</span> <span class='ocrx_word' id='word_1_71' title='bbox 1821 1197 1930 1250; x_wconf 83' lang='grc' dir='ltr'><strong>δια·</strong></span> 
     </span>
    </p>
   </div>
   <div class='ocr_carea' id='block_1_11' title="bbox 351 1289 1937 1363">
    <p class='ocr_par' dir='ltr' id='par_1_11' title="bbox 351 1289 1937 1363">
     <span class='ocr_line' id='line_1_11' title="bbox 351 1289 1937 1363; baseline -0.001 -19"><span class='ocrx_word' id='word_1_72' title='bbox 351 1293 596 1363; x_wconf 82' lang='grc' dir='ltr'><strong>πορεῖτε,</strong></span> <span class='ocrx_word' id='word_1_73' title='bbox 637 1289 827 1362; x_wconf 81' lang='grc' dir='ltr'><strong>φησὶν,</strong></span> <span class='ocrx_word' id='word_1_74' title='bbox 853 1293 902 1344; x_wconf 89' lang='grc' dir='ltr'><strong>εί</strong></span> <span class='ocrx_word' id='word_1_75' title='bbox 926 1293 1024 1362; x_wconf 82' lang='grc' dir='ltr'><strong>τὴν</strong></span> <span class='ocrx_word' id='word_1_76' title='bbox 1057 1289 1214 1356; x_wconf 79' lang='grc' dir='ltr'><strong>δόξαν</strong></span> <span class='ocrx_word' id='word_1_77' title='bbox 1246 1290 1454 1361; x_wconf 86' lang='grc' dir='ltr'><strong>ταύτην</strong></span> <span class='ocrx_word' id='word_1_78' title='bbox 1489 1291 1620 1344; x_wconf 87' lang='grc' dir='ltr'><strong>ἰδεῖν</strong></span> <span class='ocrx_word' id='word_1_79' title='bbox 1653 1290 1714 1343; x_wconf 89' lang='grc' dir='ltr'><strong>ού</strong></span> <span class='ocrx_word' id='word_1_80' title='bbox 1741 1289 1937 1343; x_wconf 87' lang='grc' dir='ltr'><strong>δύναν-</strong></span> 
     </span>
    </p>
   </div>
   <div class='ocr_carea' id='block_1_12' title="bbox 347 1383 1934 1456">
    <p class='ocr_par' dir='ltr' id='par_1_12' title="bbox 347 1383 1934 1456">
     <span class='ocr_line' id='line_1_12' title="bbox 347 1383 1934 1456; baseline -0.003 -14"><span class='ocrx_word' id='word_1_81' title='bbox 347 1397 440 1442; x_wconf 74' lang='grc' dir='ltr'><strong>ται</strong></span> <span class='ocrx_word' id='word_1_82' title='bbox 469 1383 567 1455; x_wconf 78' lang='grc' dir='ltr'><strong>τὴν</strong></span> <span class='ocrx_word' id='word_1_83' title='bbox 589 1385 686 1455; x_wconf 76' lang='grc' dir='ltr'><strong>τῆς</strong></span> <span class='ocrx_word' id='word_1_84' title='bbox 723 1384 970 1456; x_wconf 83' lang='grc' dir='ltr'><strong>χάριτος,</strong></span> <span class='ocrx_word' id='word_1_85' title='bbox 1002 1385 1136 1438; x_wconf 82' lang='grc' dir='ltr'><strong>ὅπου</strong></span> <span class='ocrx_word' id='word_1_86' title='bbox 1167 1400 1232 1452; x_wconf 87' lang='grc' dir='ltr'><strong>γε</strong></span> <span class='ocrx_word' id='word_1_87' title='bbox 1259 1384 1360 1454; x_wconf 83' lang='grc' dir='ltr'><strong>τὴν</strong></span> <span class='ocrx_word' id='word_1_88' title='bbox 1391 1383 1598 1438; x_wconf 75' lang='grc' dir='ltr'><strong>ἐλάττω</strong></span> <span class='ocrx_word' id='word_1_89' title='bbox 1631 1383 1732 1454; x_wconf 81' lang='grc' dir='ltr'><strong>τὴν</strong></span> <span class='ocrx_word' id='word_1_90' title='bbox 1763 1386 1934 1438; x_wconf 84' lang='grc' dir='ltr'><strong>Μωῦ-</strong></span> 
     </span>
    </p>
   </div>
   <div class='ocr_carea' id='block_1_13' title="bbox 349 1470 1936 1546">
    <p class='ocr_par' dir='ltr' id='par_1_13' title="bbox 349 1470 1936 1546">
     <span class='ocr_line' id='line_1_13' title="bbox 349 1470 1936 1546; baseline 0 -18"><span class='ocrx_word' id='word_1_91' title='bbox 349 1475 490 1540; x_wconf 80' lang='grc' dir='ltr'><strong>σέως</strong></span> <span class='ocrx_word' id='word_1_92' title='bbox 531 1476 632 1530; x_wconf 82' lang='grc' dir='ltr'><strong>οὐκ</strong></span> <span class='ocrx_word' id='word_1_93' title='bbox 680 1470 842 1540; x_wconf 86' lang='grc' dir='ltr'><strong>εἶδον,</strong></span> <span class='ocrx_word' id='word_1_94' title='bbox 891 1473 1012 1528; x_wconf 74' lang='grc' dir='ltr'><strong>οὐδὲ</strong></span> <span class='ocrx_word' id='word_1_95' title='bbox 1054 1474 1191 1546; x_wconf 79' lang='grc' dir='ltr'><strong>πρὸς</strong></span> <span class='ocrx_word' id='word_1_96' title='bbox 1241 1473 1302 1526; x_wconf 77' lang='grc' dir='ltr'><strong>τὸ</strong></span> <span class='ocrx_word' id='word_1_97' title='bbox 1363 1475 1655 1546; x_wconf 88' lang='grc' dir='ltr'><strong>πρόσωπον</strong></span> <span class='ocrx_word' id='word_1_98' title='bbox 1707 1475 1936 1544; x_wconf 73' lang='grc' dir='ltr'><strong>ἴσχυσαν</strong></span> 
     </span>
    </p>
   </div>
   <div class='ocr_carea' id='block_1_14' title="bbox 348 1566 1936 1638">
    <p class='ocr_par' dir='ltr' id='par_1_14' title="bbox 348 1566 1936 1638">
     <span class='ocr_line' id='line_1_14' title="bbox 348 1566 1936 1638; baseline 0 -16"><span class='ocrx_word' id='word_1_99' title='bbox 348 1568 596 1622; x_wconf 77' lang='grc' dir='ltr'><strong>ἀτενίσαι</strong></span> <span class='ocrx_word' id='word_1_100' title='bbox 643 1566 706 1621; x_wconf 86' lang='grc' dir='ltr'><strong>τὺ</strong></span> <span class='ocrx_word' id='word_1_101' title='bbox 755 1566 998 1634; x_wconf 79' lang='grc' dir='ltr'><strong>ἐκείνους</strong></span> <span class='ocrx_word' id='word_1_102' title='bbox 1045 1567 1098 1620; x_wconf 88' lang='grc' dir='ltr'><strong>τί</strong></span> <span class='ocrx_word' id='word_1_103' title='bbox 1141 1566 1199 1620; x_wconf 79' lang='grc' dir='ltr'><strong>δὲ</strong></span> <span class='ocrx_word' id='word_1_104' title='bbox 1241 1566 1594 1638; x_wconf 80' lang='grc' dir='ltr'><strong>ταράττεσθε,</strong></span> <span class='ocrx_word' id='word_1_105' title='bbox 1643 1568 1692 1620; x_wconf 88' lang='grc' dir='ltr'><strong>εί</strong></span> <span class='ocrx_word' id='word_1_106' title='bbox 1739 1569 1801 1621; x_wconf 85' lang='grc' dir='ltr'><strong>ού</strong></span> <span class='ocrx_word' id='word_1_107' title='bbox 1846 1585 1936 1622; x_wconf 89' lang='grc' dir='ltr'><strong>πι-</strong></span> 
     </span>
    </p>
   </div>
   <div class='ocr_carea' id='block_1_15' title="bbox 354 1657 1936 1732">
    <p class='ocr_par' dir='ltr' id='par_1_15' title="bbox 354 1657 1936 1732">
     <span class='ocr_line' id='line_1_15' title="bbox 354 1657 1936 1732; baseline 0.001 -18"><span class='ocrx_word' id='word_1_108' title='bbox 354 1659 640 1714; x_wconf 78' lang='grc' dir='ltr'><strong>στεύουσιν</strong></span> <span class='ocrx_word' id='word_1_109' title='bbox 674 1660 920 1714; x_wconf 81' lang='grc' dir='ltr'><strong>Ἰουδαῖοι</strong></span> <span class='ocrx_word' id='word_1_110' title='bbox 953 1657 1196 1730; x_wconf 84' lang='grc' dir='ltr'><strong>Χριστῷ,</strong></span> <span class='ocrx_word' id='word_1_111' title='bbox 1228 1659 1362 1714; x_wconf 82' lang='grc' dir='ltr'><strong>ὅπου</strong></span> <span class='ocrx_word' id='word_1_112' title='bbox 1403 1676 1468 1729; x_wconf 88' lang='grc' dir='ltr'><strong>γε</strong></span> <span class='ocrx_word' id='word_1_113' title='bbox 1499 1659 1618 1712; x_wconf 87' lang='grc' dir='ltr'><strong>ούδὲ</strong></span> <span class='ocrx_word' id='word_1_114' title='bbox 1661 1659 1740 1732; x_wconf 81' lang='grc' dir='ltr'><strong>τῷ</strong></span> <span class='ocrx_word' id='word_1_115' title='bbox 1784 1660 1936 1732; x_wconf 84' lang='grc' dir='ltr'><strong>νόμῳ</strong></span> 
     </span>
    </p>
   </div>
   <div class='ocr_carea' id='block_1_16' title="bbox 349 1750 1932 1824">
    <p class='ocr_par' dir='ltr' id='par_1_16' title="bbox 349 1750 1932 1824">
     <span class='ocr_line' id='line_1_16' title="bbox 349 1750 1932 1824; baseline 0.001 -20"><span class='ocrx_word' id='word_1_116' title='bbox 349 1751 697 1816; x_wconf 83' lang='grc' dir='ltr'><strong>πιστεύουσι;</strong></span> <span class='ocrx_word' id='word_1_117' title='bbox 721 1750 822 1805; x_wconf 85' lang='grc' dir='ltr'><strong>Διά</strong></span> <span class='ocrx_word' id='word_1_118' title='bbox 849 1751 958 1824; x_wconf 76' lang='grc' dir='ltr'><strong>γὰρ</strong></span> <span class='ocrx_word' id='word_1_119' title='bbox 983 1750 1140 1804; x_wconf 88' lang='grc' dir='ltr'><strong>τοῦτο</strong></span> <span class='ocrx_word' id='word_1_120' title='bbox 1177 1752 1271 1805; x_wconf 79' lang='grc' dir='ltr'><strong>καὶ</strong></span> <span class='ocrx_word' id='word_1_121' title='bbox 1299 1753 1398 1822; x_wconf 77' lang='grc' dir='ltr'><strong>τὴν</strong></span> <span class='ocrx_word' id='word_1_122' title='bbox 1439 1751 1600 1822; x_wconf 84' lang='grc' dir='ltr'><strong>χάριν</strong></span> <span class='ocrx_word' id='word_1_123' title='bbox 1637 1753 1932 1824; x_wconf 83' lang='grc' dir='ltr'><strong>ἠγνόησαν,</strong></span> 
     </span>
    </p>
   </div>
   <div class='ocr_carea' id='block_1_17' title="bbox 350 1842 1936 1916">
    <p class='ocr_par' dir='ltr' id='par_1_17' title="bbox 350 1842 1936 1916">
     <span class='ocr_line' id='line_1_17' title="bbox 350 1842 1936 1916; baseline 0.003 -20"><span class='ocrx_word' id='word_1_124' title='bbox 350 1843 540 1916; x_wconf 76' lang='grc' dir='ltr'><strong>ἐπειδὴ</strong></span> <span class='ocrx_word' id='word_1_125' title='bbox 579 1843 702 1898; x_wconf 83' lang='grc' dir='ltr'><strong>οὐδὲ</strong></span> <span class='ocrx_word' id='word_1_126' title='bbox 750 1843 849 1914; x_wconf 81' lang='grc' dir='ltr'><strong>τὴν</strong></span> <span class='ocrx_word' id='word_1_127' title='bbox 887 1843 1121 1899; x_wconf 83' lang='grc' dir='ltr'><strong>παλαιὰν</strong></span> <span class='ocrx_word' id='word_1_128' title='bbox 1163 1843 1440 1915; x_wconf 88' lang='grc' dir='ltr'><strong>Διαθήκην</strong></span> <span class='ocrx_word' id='word_1_129' title='bbox 1472 1842 1634 1909; x_wconf 80' lang='grc' dir='ltr'><strong>εἶδον,</strong></span> <span class='ocrx_word' id='word_1_130' title='bbox 1683 1845 1804 1900; x_wconf 86' lang='grc' dir='ltr'><strong>οὐδὲ</strong></span> <span class='ocrx_word' id='word_1_131' title='bbox 1836 1847 1936 1916; x_wconf 82' lang='grc' dir='ltr'><strong>τὴν</strong></span> 
     </span>
    </p>
   </div>
   <div class='ocr_carea' id='block_1_18' title="bbox 348 1935 1937 2010">
    <p class='ocr_par' dir='ltr' id='par_1_18' title="bbox 348 1935 1937 2010">
     <span class='ocr_line' id='line_1_18' title="bbox 348 1935 1937 2010; baseline 0 -20"><span class='ocrx_word' id='word_1_132' title='bbox 348 1936 408 1990; x_wconf 70' lang='grc' dir='ltr'><strong>ἐν</strong></span> <span class='ocrx_word' id='word_1_133' title='bbox 437 1936 576 2007; x_wconf 78' lang='grc' dir='ltr'><strong>αὐτῇ</strong></span> <span class='ocrx_word' id='word_1_134' title='bbox 607 1935 767 2002; x_wconf 77' lang='grc' dir='ltr'><strong>δόξαν</strong></span> <span class='ocrx_word' id='word_1_135' title='bbox 787 1953 801 1966; x_wconf 90' lang='grc'><strong>·</strong></span> <span class='ocrx_word' id='word_1_136' title='bbox 836 1936 968 2001; x_wconf 80' lang='grc' dir='ltr'><strong>δόξα</strong></span> <span class='ocrx_word' id='word_1_137' title='bbox 1004 1935 1114 2007; x_wconf 88' lang='grc' dir='ltr'><strong>γὰρ</strong></span> <span class='ocrx_word' id='word_1_138' title='bbox 1145 1936 1330 2007; x_wconf 89' lang='grc' dir='ltr'><strong>νόμου,</strong></span> <span class='ocrx_word' id='word_1_139' title='bbox 1361 1937 1497 2008; x_wconf 83' lang='grc' dir='ltr'><strong>πρὸς</strong></span> <span class='ocrx_word' id='word_1_140' title='bbox 1539 1937 1773 2010; x_wconf 81' lang='grc' dir='ltr'><strong>Χριστὸν</strong></span> <span class='ocrx_word' id='word_1_141' title='bbox 1815 1940 1937 1992; x_wconf 77' lang='grc' dir='ltr'><strong>ἐπι-</strong></span> 
     </span>
    </p>
   </div>
   <div class='ocr_carea' id='block_1_19' title="bbox 351 2029 606 2102">
    <p class='ocr_par' dir='ltr' id='par_1_19' title="bbox 351 2029 606 2102">
     <span class='ocr_line' id='line_1_19' title="bbox 351 2029 606 2102; baseline -0.004 -19"><span class='ocrx_word' id='word_1_142' title='bbox 351 2029 606 2102; x_wconf 78' lang='grc' dir='ltr'><strong>στρέψαι.</strong></span> 
     </span>
    </p>
   </div>
   <div class='ocr_carea' id='block_1_20' title="bbox 419 2120 1934 2195">
    <p class='ocr_par' dir='ltr' id='par_1_20' title="bbox 419 2120 1934 2195">
     <span class='ocr_line' id='line_1_20' title="bbox 419 2120 1934 2195; baseline 0.001 -19"><span class='ocrx_word' id='word_1_143' title='bbox 419 2127 492 2190; x_wconf 86' lang='grc' dir='ltr'><strong>γ’.</strong></span> <span class='ocrx_word' id='word_1_144' title='bbox 521 2123 684 2193; x_wconf 77' lang='grc' dir='ltr'><strong>Ὁρᾷς</strong></span> <span class='ocrx_word' id='word_1_145' title='bbox 712 2120 832 2184; x_wconf 84' lang='grc' dir='ltr'><strong>πῶς</strong></span> <span class='ocrx_word' id='word_1_146' title='bbox 853 2121 1149 2176; x_wconf 86' lang='grc' dir='ltr'><strong>κάντεῦθεν</strong></span> <span class='ocrx_word' id='word_1_147' title='bbox 1167 2121 1422 2195; x_wconf 88' lang='grc' dir='ltr'><strong>καθαιρεῖ</strong></span> <span class='ocrx_word' id='word_1_148' title='bbox 1441 2123 1500 2178; x_wconf 86' lang='grc' dir='ltr'><strong>τὺ</strong></span> <span class='ocrx_word' id='word_1_149' title='bbox 1521 2124 1632 2177; x_wconf 84' lang='grc' dir='ltr'><strong>τῶν</strong></span> <span class='ocrx_word' id='word_1_150' title='bbox 1663 2123 1934 2180; x_wconf 81' lang='grc' dir='ltr'><strong>Ἰουδαίων</strong></span> 
     </span>
    </p>
   </div>
   <div class='ocr_carea' id='block_1_21' title="bbox 349 2208 1934 2288">
    <p class='ocr_par' dir='ltr' id='par_1_21' title="bbox 349 2208 1934 2288">
     <span class='ocr_line' id='line_1_21' title="bbox 349 2208 1934 2288; baseline 0.003 -20"><span class='ocrx_word' id='word_1_151' title='bbox 349 2213 618 2287; x_wconf 77' lang='grc' dir='ltr'><strong>φύσημας</strong></span> <span class='ocrx_word' id='word_1_152' title='bbox 655 2216 772 2284; x_wconf 78' lang='grc' dir='ltr'><strong>Ἀφ’</strong></span> <span class='ocrx_word' id='word_1_153' title='bbox 802 2208 878 2270; x_wconf 83' lang='grc' dir='ltr'><strong>ὧν</strong></span> <span class='ocrx_word' id='word_1_154' title='bbox 909 2216 1018 2287; x_wconf 82' lang='grc' dir='ltr'><strong>γὰρ</strong></span> <span class='ocrx_word' id='word_1_155' title='bbox 1051 2215 1274 2270; x_wconf 69' lang='grc' dir='ltr'><strong>ἐδόκουν</strong></span> <span class='ocrx_word' id='word_1_156' title='bbox 1304 2215 1670 2282; x_wconf 82' lang='grc' dir='ltr'><strong>πλεονεκτεῖν,</strong></span> <span class='ocrx_word' id='word_1_157' title='bbox 1707 2217 1802 2270; x_wconf 90' lang='grc' dir='ltr'><strong>τοῦ</strong></span> <span class='ocrx_word' id='word_1_158' title='bbox 1835 2218 1934 2288; x_wconf 82' lang='grc' dir='ltr'><strong>τὴν</strong></span> 
     </span>
    </p>
   </div>
   <div class='ocr_carea' id='block_1_22' title="bbox 347 2307 1934 2380">
    <p class='ocr_par' dir='ltr' id='par_1_22' title="bbox 347 2307 1934 2380">
     <span class='ocr_line' id='line_1_22' title="bbox 347 2307 1934 2380; baseline 0 -16"><span class='ocrx_word' id='word_1_159' title='bbox 347 2309 472 2378; x_wconf 76' lang='grc' dir='ltr'><strong>ὃψιν</strong></span> <span class='ocrx_word' id='word_1_160' title='bbox 509 2309 788 2373; x_wconf 84' lang='grc' dir='ltr'><strong>Μωῦσέως</strong></span> <span class='ocrx_word' id='word_1_161' title='bbox 827 2307 1248 2380; x_wconf 65' lang='grc' dir='ltr'><strong>ἐξαστράπτων,</strong></span> <span class='ocrx_word' id='word_1_162' title='bbox 1283 2310 1392 2363; x_wconf 86' lang='grc' dir='ltr'><strong>ἀπὸ</strong></span> <span class='ocrx_word' id='word_1_163' title='bbox 1425 2309 1632 2364; x_wconf 88' lang='grc' dir='ltr'><strong>τούτων</strong></span> <span class='ocrx_word' id='word_1_164' title='bbox 1662 2310 1934 2364; x_wconf 88' lang='grc' dir='ltr'><strong>δείκνυσιν</strong></span> 
     </span>
    </p>
   </div>
   <div class='ocr_carea' id='block_1_23' title="bbox 349 2400 1938 2474">
    <p class='ocr_par' dir='ltr' id='par_1_23' title="bbox 349 2400 1938 2474">
     <span class='ocr_line' id='line_1_23' title="bbox 349 2400 1938 2474; baseline 0.001 -20"><span class='ocrx_word' id='word_1_165' title='bbox 349 2400 531 2456; x_wconf 81' lang='grc' dir='ltr'><strong>αὐτῶν</strong></span> <span class='ocrx_word' id='word_1_166' title='bbox 571 2400 634 2454; x_wconf 81' lang='grc' dir='ltr'><strong>τὸ</strong></span> <span class='ocrx_word' id='word_1_167' title='bbox 673 2401 822 2471; x_wconf 81' lang='grc' dir='ltr'><strong>παχὺ</strong></span> <span class='ocrx_word' id='word_1_168' title='bbox 869 2401 965 2456; x_wconf 75' lang='grc' dir='ltr'><strong>καὶ</strong></span> <span class='ocrx_word' id='word_1_169' title='bbox 1009 2401 1369 2474; x_wconf 79' lang='grc' dir='ltr'><strong>χαμαίζηλον.</strong></span> <span class='ocrx_word' id='word_1_170' title='bbox 1416 2403 1508 2474; x_wconf 82' lang='grc' dir='ltr'><strong>Μὴ</strong></span> <span class='ocrx_word' id='word_1_171' title='bbox 1541 2403 1721 2456; x_wconf 89' lang='grc' dir='ltr'><strong>τοίνυν</strong></span> <span class='ocrx_word' id='word_1_172' title='bbox 1759 2401 1938 2473; x_wconf 85' lang='grc' dir='ltr'><strong>τούτῳ</strong></span> 
     </span>
    </p>
   </div>
   <div class='ocr_carea' id='block_1_24' title="bbox 349 2491 1936 2566">
    <p class='ocr_par' dir='ltr' id='par_1_24' title="bbox 349 2491 1936 2566">
     <span class='ocr_line' id='line_1_24' title="bbox 349 2491 1936 2566; baseline 0.002 -20"><span class='ocrx_word' id='word_1_173' title='bbox 349 2491 898 2558; x_wconf 73' lang='grc' dir='ltr'><strong>καλλωπιζὲσθωσανσ</strong></span> <span class='ocrx_word' id='word_1_174' title='bbox 929 2493 982 2547; x_wconf 87' lang='grc' dir='ltr'><strong>τί</strong></span> <span class='ocrx_word' id='word_1_175' title='bbox 1007 2493 1118 2566; x_wconf 84' lang='grc' dir='ltr'><strong>γάρ</strong></span> <span class='ocrx_word' id='word_1_176' title='bbox 1142 2493 1304 2547; x_wconf 86' lang='grc' dir='ltr'><strong>τοῦτο</strong></span> <span class='ocrx_word' id='word_1_177' title='bbox 1327 2494 1465 2566; x_wconf 79' lang='grc' dir='ltr'><strong>πρὸς</strong></span> <span class='ocrx_word' id='word_1_178' title='bbox 1500 2493 1787 2558; x_wconf 74' lang='grc' dir='ltr'><strong>Ἰουδαίους</strong></span> <span class='ocrx_word' id='word_1_179' title='bbox 1811 2498 1936 2560; x_wconf 84' lang='grc' dir='ltr'><strong>τοὺς</strong></span> 
     </span>
    </p>
   </div>
   <div class='ocr_carea' id='block_1_25' title="bbox 351 2577 1936 2662">
    <p class='ocr_par' dir='ltr' id='par_1_25' title="bbox 351 2577 1936 2662">
     <span class='ocr_line' id='line_1_25' title="bbox 351 2577 1936 2662; baseline 0.001 -21"><span class='ocrx_word' id='word_1_180' title='bbox 351 2583 432 2658; x_wconf 76' lang='grc' dir='ltr'><strong>μὴ</strong></span> <span class='ocrx_word' id='word_1_181' title='bbox 455 2584 897 2650; x_wconf 86' lang='grc' dir='ltr'><strong>ἀπολαύσαντας;</strong></span> <span class='ocrx_word' id='word_1_182' title='bbox 937 2586 1030 2640; x_wconf 85' lang='grc' dir='ltr'><strong>Διδ</strong></span> <span class='ocrx_word' id='word_1_183' title='bbox 1061 2588 1156 2642; x_wconf 79' lang='grc' dir='ltr'><strong>καὶ</strong></span> <span class='ocrx_word' id='word_1_184' title='bbox 1199 2577 1436 2658; x_wconf 78' lang='grc' dir='ltr'><strong>συνεχῶς</strong></span> <span class='ocrx_word' id='word_1_185' title='bbox 1475 2587 1609 2641; x_wconf 83' lang='grc' dir='ltr'><strong>αὐτὸ</strong></span> <span class='ocrx_word' id='word_1_186' title='bbox 1642 2589 1936 2662; x_wconf 85' lang='grc' dir='ltr'><strong>περιστρέ-</strong></span> 
     </span>
    </p>
   </div>
   <div class='ocr_carea' id='block_1_26' title="bbox 349 2676 1940 2752">
    <p class='ocr_par' dir='ltr' id='par_1_26' title="bbox 349 2676 1940 2752">
     <span class='ocr_line' id='line_1_26' title="bbox 349 2676 1940 2752; baseline 0.004 -22"><span class='ocrx_word' id='word_1_187' title='bbox 349 2693 462 2748; x_wconf 71' lang='lat' dir='ltr'><strong>qm,</strong></span> <span class='ocrx_word' id='word_1_188' title='bbox 482 2676 580 2732; x_wconf 85' lang='grc' dir='ltr'><strong>νῦν</strong></span> <span class='ocrx_word' id='word_1_189' title='bbox 598 2677 699 2748; x_wconf 80' lang='grc' dir='ltr'><strong>μὲν</strong></span> <span class='ocrx_word' id='word_1_190' title='bbox 713 2678 908 2748; x_wconf 79' lang='grc' dir='ltr'><strong>λέγων,</strong></span> <span class='ocrx_word' id='word_1_191' title='bbox 931 2681 1012 2734; x_wconf 83' lang='grc' dir='ltr'><strong>ὅτι</strong></span> <span class='ocrx_word' id='word_1_192' title='bbox 1057 2680 1130 2735; x_wconf 85' lang='grc' dir='ltr'><strong><em>Τὸ</em></strong></span> <span class='ocrx_word' id='word_1_193' title='bbox 1150 2680 1296 2736; x_wconf 85' lang='grc' dir='ltr'><strong>αὐτὸ</strong></span> <span class='ocrx_word' id='word_1_194' title='bbox 1318 2680 1602 2752; x_wconf 77' lang='grc' dir='ltr'><strong>κάλυμμα</strong></span> <span class='ocrx_word' id='word_1_195' title='bbox 1615 2682 1686 2736; x_wconf 83' lang='grc' dir='ltr'><strong>ἐν</strong></span> <span class='ocrx_word' id='word_1_196' title='bbox 1697 2682 1772 2752; x_wconf 73' lang='grc' dir='ltr'><strong>τῇ</strong></span> <span class='ocrx_word' id='word_1_197' title='bbox 1793 2699 1940 2736; x_wconf 86' lang='grc' dir='ltr'><em>ανα-</em></span> 
     </span>
    </p>
   </div>
   <div class='ocr_carea' id='block_1_27' title="bbox 348 2769 1937 2844">
    <p class='ocr_par' dir='ltr' id='par_1_27' title="bbox 348 2769 1937 2844">
     <span class='ocr_line' id='line_1_27' title="bbox 348 2769 1937 2844; baseline 0.004 -20"><span class='ocrx_word' id='word_1_198' title='bbox 348 2769 570 2841; x_wconf 79' lang='grc' dir='ltr'><strong>γνὼσει</strong></span> <span class='ocrx_word' id='word_1_199' title='bbox 601 2769 710 2838; x_wconf 80' lang='grc' dir='ltr'><strong>τῆς</strong></span> <span class='ocrx_word' id='word_1_200' title='bbox 729 2771 1314 2842; x_wconf 77' lang='grc' dir='ltr'><strong>ΠαλαιᾶςΔιαδήκης</strong></span> <span class='ocrx_word' id='word_1_201' title='bbox 1327 2775 1494 2844; x_wconf 85' lang='grc' dir='ltr'><strong>μένει</strong></span> <span class='ocrx_word' id='word_1_202' title='bbox 1515 2775 1602 2844; x_wconf 81' lang='grc' dir='ltr'><strong>μὴ</strong></span> <span class='ocrx_word' id='word_1_203' title='bbox 1627 2775 1937 2830; x_wconf 82' lang='grc' dir='ltr'><strong>ἀνακαλυ-</strong></span> 
     </span>
    </p>
   </div>
   <div class='ocr_carea' id='block_1_28' title="bbox 350 2861 1937 2936">
    <p class='ocr_par' dir='ltr' id='par_1_28' title="bbox 350 2861 1937 2936">
     <span class='ocr_line' id='line_1_28' title="bbox 350 2861 1937 2936; baseline 0.005 -22"><span class='ocrx_word' id='word_1_204' title='bbox 350 2863 678 2932; x_wconf 79' lang='grc' dir='ltr'><strong>πτόμενον,</strong></span> <span class='ocrx_word' id='word_1_205' title='bbox 717 2861 806 2916; x_wconf 85' lang='grc' dir='ltr'><strong>ὅτι</strong></span> <span class='ocrx_word' id='word_1_206' title='bbox 831 2863 902 2917; x_wconf 83' lang='grc' dir='ltr'><strong>ἐν</strong></span> <span class='ocrx_word' id='word_1_207' title='bbox 931 2864 1168 2932; x_wconf 79' lang='grc' dir='ltr'><strong>Χριστῷ</strong></span> <span class='ocrx_word' id='word_1_208' title='bbox 1187 2867 1696 2936; x_wconf 85' lang='grc' dir='ltr'><strong>κατοργεῖται·νῦν</strong></span> <span class='ocrx_word' id='word_1_209' title='bbox 1733 2867 1812 2934; x_wconf 82' lang='grc' dir='ltr'><strong>δὲ,</strong></span> <span class='ocrx_word' id='word_1_210' title='bbox 1853 2869 1937 2922; x_wconf 83' lang='grc' dir='ltr'><strong>ὅτι</strong></span> 
     </span>
    </p>
   </div>
   <div class='ocr_carea' id='block_1_29' title="bbox 355 2956 1938 3030">
    <p class='ocr_par' dir='ltr' id='par_1_29' title="bbox 355 2956 1938 3030">
     <span class='ocr_line' id='line_1_29' title="bbox 355 2956 1938 3030; baseline 0.004 -20"><span class='ocrx_word' id='word_1_211' title='bbox 355 2957 508 3023; x_wconf 81' lang='grc' dir='ltr'><strong>Ἕως</strong></span> <span class='ocrx_word' id='word_1_212' title='bbox 537 2956 828 3026; x_wconf 83' lang='grc' dir='ltr'><strong>σήμερον,</strong></span> <span class='ocrx_word' id='word_1_213' title='bbox 863 2957 1046 3026; x_wconf 77' lang='grc' dir='ltr'><strong>ἡνίκα</strong></span> <span class='ocrx_word' id='word_1_214' title='bbox 1065 2959 1541 3029; x_wconf 79' lang='grc' dir='ltr'><strong>ἀναγινώσκεται</strong></span> <span class='ocrx_word' id='word_1_215' title='bbox 1565 2961 1848 3030; x_wconf 75' lang='grc' dir='ltr'><strong>Μωυσῆς,</strong></span> <span class='ocrx_word' id='word_1_216' title='bbox 1870 2963 1938 3016; x_wconf 81' lang='grc' dir='ltr'><strong>τὸ</strong></span> 
     </span>
    </p>
   </div>
   <div class='ocr_carea' id='block_1_30' title="bbox 349 3048 1936 3120">
    <p class='ocr_par' dir='ltr' id='par_1_30' title="bbox 349 3048 1936 3120">
     <span class='ocr_line' id='line_1_30' title="bbox 349 3048 1936 3120; baseline 0.003 -16"><span class='ocrx_word' id='word_1_217' title='bbox 349 3049 498 3104; x_wconf 78' lang='grc' dir='ltr'><strong>αὐτὸ</strong></span> <span class='ocrx_word' id='word_1_218' title='bbox 517 3048 803 3119; x_wconf 78' lang='grc' dir='ltr'><em>κάλυμμα</em></span> <span class='ocrx_word' id='word_1_219' title='bbox 816 3049 916 3104; x_wconf 78' lang='grc' dir='ltr'><strong>ἐπὶ</strong></span> <span class='ocrx_word' id='word_1_220' title='bbox 934 3048 1048 3119; x_wconf 78' lang='grc' dir='ltr'><strong>τὴν</strong></span> <span class='ocrx_word' id='word_1_221' title='bbox 1061 3051 1316 3120; x_wconf 79' lang='grc' dir='ltr'><em>καρδίαν</em></span> <span class='ocrx_word' id='word_1_222' title='bbox 1331 3053 1531 3107; x_wconf 80' lang='grc' dir='ltr'><em>αὐτῶν</em></span> <span class='ocrx_word' id='word_1_223' title='bbox 1545 3054 1750 3118; x_wconf 86' lang='grc' dir='ltr'><strong>κεῖται,</strong></span> <span class='ocrx_word' id='word_1_224' title='bbox 1769 3054 1866 3108; x_wconf 74' lang='grc' dir='ltr'><strong>καὶ</strong></span> <span class='ocrx_word' id='word_1_225' title='bbox 1879 3056 1936 3108; x_wconf 79' lang='grc' dir='ltr'><strong>ἐν</strong></span> 
     </span>
    </p>
   </div>
   <div class='ocr_carea' id='block_1_31' title="bbox 349 3143 1930 3216">
    <p class='ocr_par' dir='ltr' id='par_1_31' title="bbox 349 3143 1930 3216">
     <span class='ocr_line' id='line_1_31' title="bbox 349 3143 1930 3216; baseline 0.004 -22"><span class='ocrx_word' id='word_1_226' title='bbox 349 3143 416 3214; x_wconf 77' lang='grc' dir='ltr'><strong>τῇ</strong></span> <span class='ocrx_word' id='word_1_227' title='bbox 441 3143 749 3212; x_wconf 80' lang='grc' dir='ltr'><strong>ἀναγνώσει</strong></span> <span class='ocrx_word' id='word_1_228' title='bbox 767 3144 862 3198; x_wconf 76' lang='grc' dir='ltr'><strong>καὶ</strong></span> <span class='ocrx_word' id='word_1_229' title='bbox 883 3145 942 3198; x_wconf 83' lang='grc' dir='ltr'><strong>ὲν</strong></span> <span class='ocrx_word' id='word_1_230' title='bbox 960 3147 1026 3216; x_wconf 80' lang='grc' dir='ltr'><strong>τῇ</strong></span> <span class='ocrx_word' id='word_1_231' title='bbox 1055 3145 1257 3216; x_wconf 72' lang='grc' dir='ltr'><strong>καρδία</strong></span> <span class='ocrx_word' id='word_1_232' title='bbox 1279 3146 1461 3200; x_wconf 78' lang='grc' dir='ltr'><strong>αὐτῶν</strong></span> <span class='ocrx_word' id='word_1_233' title='bbox 1483 3147 1698 3211; x_wconf 85' lang='grc' dir='ltr'><strong>δεικνὺς</strong></span> <span class='ocrx_word' id='word_1_234' title='bbox 1719 3147 1930 3200; x_wconf 72' lang='grc' dir='ltr'><strong>ἐπικεί-</strong></span> 
     </span>
    </p>
   </div>
   <div class='ocr_carea' id='block_1_32' title="bbox 353 3235 1936 3308">
    <p class='ocr_par' dir='ltr' id='par_1_32' title="bbox 353 3235 1936 3308">
     <span class='ocr_line' id='line_1_32' title="bbox 353 3235 1936 3308; baseline 0.004 -20"><span class='ocrx_word' id='word_1_235' title='bbox 353 3251 536 3306; x_wconf 82' lang='grc' dir='ltr'><strong>μενον·</strong></span> <span class='ocrx_word' id='word_1_236' title='bbox 550 3235 812 3308; x_wconf 89' lang='grc' dir='ltr'><strong>ἀνωτέρω</strong></span> <span class='ocrx_word' id='word_1_237' title='bbox 825 3236 1092 3302; x_wconf 85' lang='grc' dir='ltr'><strong>δὲ,⁹Ὠστε</strong></span> <span class='ocrx_word' id='word_1_238' title='bbox 1105 3237 1190 3308; x_wconf 82' lang='grc' dir='ltr'><strong>μὴ</strong></span> <span class='ocrx_word' id='word_1_239' title='bbox 1205 3239 1478 3294; x_wconf 83' lang='grc' dir='ltr'><strong>ἀτενίσαι</strong></span> <span class='ocrx_word' id='word_1_240' title='bbox 1491 3239 1634 3306; x_wconf 87' lang='grc' dir='ltr'><strong>τοὺς</strong></span> <span class='ocrx_word' id='word_1_241' title='bbox 1644 3239 1812 3307; x_wconf 77' lang='grc' dir='ltr'><strong>υἱοὺς</strong></span> <span class='ocrx_word' id='word_1_242' title='bbox 1828 3242 1936 3295; x_wconf 80' lang='grc' dir='ltr'><strong>Ἰσ-</strong></span> 
     </span>
    </p>
   </div>
   <div class='ocr_carea' id='block_1_33' title="bbox 239 3326 1937 3400">
    <p class='ocr_par' dir='ltr' id='par_1_33' title="bbox 239 3326 1937 3400">
     <span class='ocr_line' id='line_1_33' title="bbox 239 3326 1937 3400; baseline 0.004 -21"><span class='ocrx_word' id='word_1_243' title='bbox 239 3357 258 3374; x_wconf 79' lang='grc' dir='ltr'><strong>ο</strong></span> <span class='ocrx_word' id='word_1_244' title='bbox 345 3326 512 3397; x_wconf 82' lang='grc' dir='ltr'><strong>ραὴλ</strong></span> <span class='ocrx_word' id='word_1_245' title='bbox 539 3329 630 3395; x_wconf 79' lang='grc' dir='ltr'><strong>εις</strong></span> <span class='ocrx_word' id='word_1_246' title='bbox 661 3328 728 3382; x_wconf 88' lang='grc' dir='ltr'><strong>τὸ</strong></span> <span class='ocrx_word' id='word_1_247' title='bbox 757 3329 1084 3398; x_wconf 78' lang='grc' dir='ltr'><strong>πρόσωπον</strong></span> <span class='ocrx_word' id='word_1_248' title='bbox 1114 3329 1432 3398; x_wconf 83' lang='grc' dir='ltr'><strong>Μωῡσέως,</strong></span> <span class='ocrx_word' id='word_1_249' title='bbox 1467 3331 1567 3386; x_wconf 83' lang='grc' dir='ltr'><strong>διὰ</strong></span> <span class='ocrx_word' id='word_1_250' title='bbox 1601 3331 1718 3400; x_wconf 83' lang='grc' dir='ltr'><strong>τὴν</strong></span> <span class='ocrx_word' id='word_1_251' title='bbox 1745 3332 1937 3398; x_wconf 79' lang='grc' dir='ltr'><strong>δόξαν</strong></span> 
     </span>
    </p>
   </div>
   <div class='ocr_carea' id='block_1_34' title="bbox 348 3421 1934 3496">
    <p class='ocr_par' dir='ltr' id='par_1_34' title="bbox 348 3421 1934 3496">
     <span class='ocr_line' id='line_1_34' title="bbox 348 3421 1934 3496; baseline 0.003 -20"><span class='ocrx_word' id='word_1_252' title='bbox 348 3421 458 3476; x_wconf 89' lang='grc' dir='ltr'><strong>τοῦ</strong></span> <span class='ocrx_word' id='word_1_253' title='bbox 480 3422 806 3490; x_wconf 79' lang='grc' dir='ltr'><strong>προσώπου</strong></span> <span class='ocrx_word' id='word_1_254' title='bbox 847 3423 1037 3478; x_wconf 85' lang='grc' dir='ltr'><em>αὐτοῦ</em></span> <span class='ocrx_word' id='word_1_255' title='bbox 1083 3423 1200 3490; x_wconf 84' lang='grc' dir='ltr'><strong>τὴν</strong></span> <span class='ocrx_word' id='word_1_256' title='bbox 1231 3425 1742 3496; x_wconf 80' lang='grc' dir='ltr'><strong>καταργουμένην·</strong></span> <span class='ocrx_word' id='word_1_257' title='bbox 1776 3421 1838 3482; x_wconf 76' lang='grc' dir='ltr'><strong>οὗ</strong></span> <span class='ocrx_word' id='word_1_258' title='bbox 1881 3427 1934 3481; x_wconf 89' lang='grc' dir='ltr'><strong>τί</strong></span> 
     </span>
    </p>
   </div>
   <div class='ocr_carea' id='block_1_35' title="bbox 349 3513 1936 3590">
    <p class='ocr_par' dir='ltr' id='par_1_35' title="bbox 349 3513 1936 3590">
     <span class='ocr_line' id='line_1_35' title="bbox 349 3513 1936 3590; baseline 0.003 -23"><span class='ocrx_word' id='word_1_259' title='bbox 349 3513 548 3583; x_wconf 82' lang='grc' dir='ltr'><strong>γένοιτ’</strong></span> <span class='ocrx_word' id='word_1_260' title='bbox 591 3514 658 3568; x_wconf 84' lang='grc' dir='ltr'><strong>ἂν</strong></span> <span class='ocrx_word' id='word_1_261' title='bbox 695 3515 1108 3586; x_wconf 79' lang='grc' dir='ltr'><strong>εύτελέστερονς</strong></span> <span class='ocrx_word' id='word_1_262' title='bbox 1151 3517 1281 3570; x_wconf 83' lang='grc' dir='ltr'><strong>ὅταν</strong></span> <span class='ocrx_word' id='word_1_263' title='bbox 1315 3517 1452 3590; x_wconf 86' lang='grc' dir='ltr'><strong>μηδὲ</strong></span> <span class='ocrx_word' id='word_1_264' title='bbox 1485 3519 1936 3590; x_wconf 83' lang='grc' dir='ltr'><strong>καταργουμένης</strong></span> 
     </span>
    </p>
   </div>
   <div class='ocr_carea' id='block_1_36' title="bbox 348 3605 1937 3682">
    <p class='ocr_par' dir='ltr' id='par_1_36' title="bbox 348 3605 1937 3682">
     <span class='ocr_line' id='line_1_36' title="bbox 348 3605 1937 3682; baseline 0.004 -22"><span class='ocrx_word' id='word_1_265' title='bbox 348 3605 531 3677; x_wconf 75' lang='grc' dir='ltr'><strong>δόξης,</strong></span> <span class='ocrx_word' id='word_1_266' title='bbox 573 3605 774 3678; x_wconf 85' lang='grc' dir='ltr'><strong>μᾶλλον</strong></span> <span class='ocrx_word' id='word_1_267' title='bbox 809 3607 867 3661; x_wconf 80' lang='grc' dir='ltr'><strong>δὲ</strong></span> <span class='ocrx_word' id='word_1_268' title='bbox 899 3609 1000 3679; x_wconf 83' lang='grc' dir='ltr'><strong>τῆς</strong></span> <span class='ocrx_word' id='word_1_269' title='bbox 1040 3607 1176 3680; x_wconf 86' lang='grc' dir='ltr'><strong>μηδὲ</strong></span> <span class='ocrx_word' id='word_1_270' title='bbox 1203 3608 1372 3682; x_wconf 76' lang='grc' dir='ltr'><strong>οὔσης</strong></span> <span class='ocrx_word' id='word_1_271' title='bbox 1405 3613 1472 3682; x_wconf 80' lang='grc' dir='ltr'><strong>τῇ</strong></span> <span class='ocrx_word' id='word_1_272' title='bbox 1509 3612 1816 3682; x_wconf 78' lang='grc' dir='ltr'><strong>συγκρίσει,</strong></span> <span class='ocrx_word' id='word_1_273' title='bbox 1847 3612 1937 3666; x_wconf 86' lang='grc' dir='ltr'><strong>δύ·-</strong></span> 
     </span>
    </p>
   </div>
   <div class='ocr_carea' id='block_1_37' title="bbox 347 3697 1932 3775">
    <p class='ocr_par' dir='ltr' id='par_1_37' title="bbox 347 3697 1932 3775">
     <span class='ocr_line' id='line_1_37' title="bbox 347 3697 1932 3775; baseline 0.005 -24"><span class='ocrx_word' id='word_1_274' title='bbox 347 3715 550 3752; x_wconf 87' lang='grc' dir='ltr'><strong>νωνται</strong></span> <span class='ocrx_word' id='word_1_275' title='bbox 573 3697 763 3753; x_wconf 78' lang='grc' dir='ltr'><strong>θεαταὶ</strong></span> <span class='ocrx_word' id='word_1_276' title='bbox 783 3699 1054 3769; x_wconf 86' lang='grc' dir='ltr'><strong>γενέσθαι,</strong></span> <span class='ocrx_word' id='word_1_277' title='bbox 1076 3701 1214 3756; x_wconf 86' lang='grc' dir='ltr'><strong>ἀλλά</strong></span> <span class='ocrx_word' id='word_1_278' title='bbox 1231 3703 1580 3775; x_wconf 88' lang='grc' dir='ltr'><strong>καλύπτηται</strong></span> <span class='ocrx_word' id='word_1_279' title='bbox 1608 3705 1705 3758; x_wconf 83' lang='grc' dir='ltr'><strong>ἀπ’</strong></span> <span class='ocrx_word' id='word_1_280' title='bbox 1731 3704 1932 3772; x_wconf 83' lang='grc' dir='ltr'><strong>αὐτῶν,</strong></span> 
     </span>
    </p>
   </div>
   <div class='ocr_carea' id='block_1_38' title="bbox 349 3791 1934 3870">
    <p class='ocr_par' dir='ltr' id='par_1_38' title="bbox 349 3791 1934 3870">
     <span class='ocr_line' id='line_1_38' title="bbox 349 3791 1934 3870; baseline 0.005 -26"><span class='ocrx_word' id='word_1_281' title='bbox 349 3791 434 3856; x_wconf 80' lang='grc' dir='ltr'><strong>είς</strong></span> <span class='ocrx_word' id='word_1_282' title='bbox 457 3791 522 3845; x_wconf 80' lang='grc' dir='ltr'><strong>τδ</strong></span> <span class='ocrx_word' id='word_1_283' title='bbox 553 3791 630 3865; x_wconf 80' lang='grc' dir='ltr'><strong>μὴ</strong></span> <span class='ocrx_word' id='word_1_284' title='bbox 663 3793 907 3847; x_wconf 83' lang='grc' dir='ltr'><strong>ἀτενίσαι</strong></span> <span class='ocrx_word' id='word_1_285' title='bbox 943 3795 1026 3858; x_wconf 87' lang='grc' dir='ltr'><strong>είς</strong></span> <span class='ocrx_word' id='word_1_286' title='bbox 1053 3793 1117 3848; x_wconf 80' lang='grc' dir='ltr'><strong>τὸ</strong></span> <span class='ocrx_word' id='word_1_287' title='bbox 1141 3797 1296 3860; x_wconf 82' lang='grc' dir='ltr'><strong>τέλος</strong></span> <span class='ocrx_word' id='word_1_288' title='bbox 1335 3796 1429 3852; x_wconf 88' lang='grc' dir='ltr'><strong>τοῦ</strong></span> <span class='ocrx_word' id='word_1_289' title='bbox 1465 3800 1934 3870; x_wconf 80' lang='grc' dir='ltr'><strong>καταργουμένου,</strong></span> 
     </span>
    </p>
   </div>
   <div class='ocr_carea' id='block_1_39' title="bbox 347 3884 1934 3961">
    <p class='ocr_par' dir='ltr' id='par_1_39' title="bbox 347 3884 1934 3961">
     <span class='ocr_line' id='line_1_39' title="bbox 347 3884 1934 3961; baseline 0.007 -25"><span class='ocrx_word' id='word_1_290' title='bbox 347 3885 618 3949; x_wconf 76' lang='grc' dir='ltr'><strong>τουτέστι,</strong></span> <span class='ocrx_word' id='word_1_291' title='bbox 648 3884 743 3938; x_wconf 87' lang='grc' dir='ltr'><strong>τοῦ</strong></span> <span class='ocrx_word' id='word_1_292' title='bbox 774 3885 962 3956; x_wconf 86' lang='grc' dir='ltr'><strong>νόμου,</strong></span> <span class='ocrx_word' id='word_1_293' title='bbox 996 3889 1024 3941; x_wconf 81' lang='grc' dir='ltr'>ὃ</span> <span class='ocrx_word' id='word_1_294' title='bbox 1049 3905 1104 3942; x_wconf 89' lang='grc' dir='ltr'><strong>τι</strong></span> <span class='ocrx_word' id='word_1_295' title='bbox 1127 3887 1280 3952; x_wconf 84' lang='grc' dir='ltr'><strong>τέλος</strong></span> <span class='ocrx_word' id='word_1_296' title='bbox 1309 3889 1442 3959; x_wconf 77' lang='grc' dir='ltr'><strong>ἔχει.</strong></span> <span class='ocrx_word' id='word_1_297' title='bbox 1479 3891 1634 3944; x_wconf 77' lang='grc' dir='ltr'><strong>Ἀλλ’</strong></span> <span class='ocrx_word' id='word_1_298' title='bbox 1653 3891 1934 3961; x_wconf 77' lang='grc' dir='ltr'><strong>ἐπωρώθη</strong></span> 
     </span>
    </p>
   </div>
   <div class='ocr_carea' id='block_1_40' title="bbox 349 3975 1932 4055">
    <p class='ocr_par' dir='ltr' id='par_1_40' title="bbox 349 3975 1932 4055">
     <span class='ocr_line' id='line_1_40' title="bbox 349 3975 1932 4055; baseline 0.005 -25"><span class='ocrx_word' id='word_1_299' title='bbox 349 3975 426 4031; x_wconf 80' lang='grc' dir='ltr'><em>τὰ</em></span> <span class='ocrx_word' id='word_1_300' title='bbox 449 3977 722 4047; x_wconf 82' lang='grc' dir='ltr'><strong>νοήματα</strong></span> <span class='ocrx_word' id='word_1_301' title='bbox 750 3979 968 4034; x_wconf 85' lang='grc' dir='ltr'><strong>αὐτῶν.</strong></span> <span class='ocrx_word' id='word_1_302' title='bbox 991 3980 1104 4035; x_wconf 76' lang='grc' dir='ltr'><strong>Καὶ</strong></span> <span class='ocrx_word' id='word_1_303' title='bbox 1124 3981 1180 4035; x_wconf 88' lang='grc' dir='ltr'><strong>τί</strong></span> <span class='ocrx_word' id='word_1_304' title='bbox 1206 3983 1367 4036; x_wconf 90' lang='grc' dir='ltr'><strong>τοῦτο</strong></span> <span class='ocrx_word' id='word_1_305' title='bbox 1397 3982 1534 4052; x_wconf 80' lang='grc' dir='ltr'><strong>πρὸς</strong></span> <span class='ocrx_word' id='word_1_306' title='bbox 1563 3983 1624 4036; x_wconf 83' lang='grc' dir='ltr'><strong>τὸ</strong></span> <span class='ocrx_word' id='word_1_307' title='bbox 1646 3984 1932 4055; x_wconf 81' lang='grc' dir='ltr'><strong>κάλυμμα,</strong></span> 
     </span>
    </p>
   </div>
   <div class='ocr_carea' id='block_1_41' title="bbox 349 4065 1934 4145">
    <p class='ocr_par' dir='ltr' id='par_1_41' title="bbox 349 4065 1934 4145">
     <span class='ocr_line' id='line_1_41' title="bbox 349 4065 1934 4145; baseline 0.008 -28"><span class='ocrx_word' id='word_1_308' title='bbox 349 4065 508 4136; x_wconf 70' lang='grc' dir='ltr'><strong>φησι,</strong></span> <span class='ocrx_word' id='word_1_309' title='bbox 534 4067 689 4134; x_wconf 87' lang='grc' dir='ltr'><strong>τότε;</strong></span> <span class='ocrx_word' id='word_1_310' title='bbox 724 4067 845 4122; x_wconf 88' lang='grc' dir='ltr'><strong>Ὅτι</strong></span> <span class='ocrx_word' id='word_1_311' title='bbox 873 4069 943 4123; x_wconf 82' lang='grc' dir='ltr'><strong>τὰ</strong></span> <span class='ocrx_word' id='word_1_312' title='bbox 975 4070 1235 4141; x_wconf 82' lang='grc' dir='ltr'><strong>μέλλοντα</strong></span> <span class='ocrx_word' id='word_1_313' title='bbox 1265 4073 1683 4144; x_wconf 74' lang='grc' dir='ltr'><strong>προδιέγραιρεν.</strong></span> <span class='ocrx_word' id='word_1_314' title='bbox 1719 4076 1793 4128; x_wconf 84' lang='grc' dir='ltr'><strong>υύ</strong></span> <span class='ocrx_word' id='word_1_315' title='bbox 1827 4076 1934 4145; x_wconf 85' lang='grc' dir='ltr'><strong>γὰρ</strong></span> 
     </span>
    </p>
   </div>
   <div class='ocr_carea' id='block_1_42' title="bbox 354 4157 1931 4238">
    <p class='ocr_par' dir='ltr' id='par_1_42' title="bbox 354 4157 1931 4238">
     <span class='ocr_line' id='line_1_42' title="bbox 354 4157 1931 4238; baseline 0.007 -26"><span class='ocrx_word' id='word_1_316' title='bbox 354 4158 518 4230; x_wconf 88' lang='grc' dir='ltr'><strong>μόνον</strong></span> <span class='ocrx_word' id='word_1_317' title='bbox 545 4161 666 4214; x_wconf 79' lang='grc' dir='ltr'><strong>τότε</strong></span> <span class='ocrx_word' id='word_1_318' title='bbox 695 4161 797 4216; x_wconf 88' lang='grc' dir='ltr'><strong>ούκ</strong></span> <span class='ocrx_word' id='word_1_319' title='bbox 829 4157 992 4230; x_wconf 76' lang='grc' dir='ltr'><strong>εἶδον,</strong></span> <span class='ocrx_word' id='word_1_320' title='bbox 1024 4163 1142 4219; x_wconf 82' lang='grc' dir='ltr'><strong>ἀλλ’</strong></span> <span class='ocrx_word' id='word_1_321' title='bbox 1169 4165 1292 4220; x_wconf 76' lang='grc' dir='ltr'><strong>οὐδὲ</strong></span> <span class='ocrx_word' id='word_1_322' title='bbox 1319 4163 1414 4220; x_wconf 87' lang='grc' dir='ltr'><strong>νῦν</strong></span> <span class='ocrx_word' id='word_1_323' title='bbox 1439 4167 1606 4238; x_wconf 82' lang='grc' dir='ltr'><strong>ὁρῶσι</strong></span> <span class='ocrx_word' id='word_1_324' title='bbox 1634 4167 1726 4220; x_wconf 85' lang='grc' dir='ltr'><strong>τὸν</strong></span> <span class='ocrx_word' id='word_1_325' title='bbox 1747 4168 1931 4237; x_wconf 87' lang='grc' dir='ltr'><strong>νόμον.</strong></span> 
     </span>
    </p>
   </div>
   <div class='ocr_carea' id='block_1_43' title="bbox 349 4253 1934 4332">
    <p class='ocr_par' dir='ltr' id='par_1_43' title="bbox 349 4253 1934 4332">
     <span class='ocr_line' id='line_1_43' title="bbox 349 4253 1934 4332; baseline 0.003 -25"><span class='ocrx_word' id='word_1_326' title='bbox 349 4253 464 4308; x_wconf 80' lang='grc' dir='ltr'><strong>Καὶ</strong></span> <span class='ocrx_word' id='word_1_327' title='bbox 491 4255 525 4326; x_wconf 83' lang='grc' dir='ltr'><strong>ή</strong></span> <span class='ocrx_word' id='word_1_328' title='bbox 557 4255 705 4309; x_wconf 88' lang='grc' dir='ltr'><strong>αίτία</strong></span> <span class='ocrx_word' id='word_1_329' title='bbox 729 4257 862 4328; x_wconf 82' lang='grc' dir='ltr'><strong>παρ’</strong></span> <span class='ocrx_word' id='word_1_330' title='bbox 896 4257 1078 4321; x_wconf 81' lang='grc' dir='ltr'><strong>αὐτοῖς</strong></span> <span class='ocrx_word' id='word_1_331' title='bbox 1107 4271 1134 4300; x_wconf 79' lang='grc' dir='ltr'>ι</span> <span class='ocrx_word' id='word_1_332' title='bbox 1161 4277 1176 4292; x_wconf 89' lang='grc'><strong>·</strong></span> <span class='ocrx_word' id='word_1_333' title='bbox 1205 4261 1238 4329; x_wconf 86' lang='grc' dir='ltr'>ἡ</span> <span class='ocrx_word' id='word_1_334' title='bbox 1278 4259 1388 4332; x_wconf 85' lang='grc' dir='ltr'><strong>γὰρ</strong></span> <span class='ocrx_word' id='word_1_335' title='bbox 1423 4259 1682 4331; x_wconf 81' lang='grc' dir='ltr'><strong>πώρωσις</strong></span> <span class='ocrx_word' id='word_1_336' title='bbox 1707 4261 1934 4331; x_wconf 82' lang='grc' dir='ltr'><strong>γνώμης</strong></span> 
     </span>
    </p>
   </div>
   <div class='ocr_carea' id='block_1_44' title="bbox 347 4346 1934 4426">
    <p class='ocr_par' dir='ltr' id='par_1_44' title="bbox 347 4346 1934 4426">
     <span class='ocr_line' id='line_1_44' title="bbox 347 4346 1934 4426; baseline 0.006 -26"><span class='ocrx_word' id='word_1_337' title='bbox 347 4346 500 4401; x_wconf 74' lang='grc' dir='ltr'><strong>ἰατὶν</strong></span> <span class='ocrx_word' id='word_1_338' title='bbox 527 4349 854 4421; x_wconf 81' lang='grc' dir='ltr'><strong>ἀναισθήτου</strong></span> <span class='ocrx_word' id='word_1_339' title='bbox 883 4353 979 4404; x_wconf 79' lang='grc' dir='ltr'><strong>καὶ</strong></span> <span class='ocrx_word' id='word_1_340' title='bbox 1014 4351 1348 4424; x_wconf 84' lang='grc' dir='ltr'><strong>ἀγνώμονος,</strong></span> <span class='ocrx_word' id='word_1_341' title='bbox 1388 4355 1550 4408; x_wconf 82' lang='grc' dir='ltr'><strong>’Ὥστε</strong></span> <span class='ocrx_word' id='word_1_342' title='bbox 1569 4356 1734 4426; x_wconf 79' lang='grc' dir='ltr'><strong>ἡμεῖς</strong></span> <span class='ocrx_word' id='word_1_343' title='bbox 1763 4355 1934 4424; x_wconf 81' lang='grc' dir='ltr'><strong>ὲσμεν</strong></span> 
     </span>
    </p>
   </div>
   <div class='ocr_carea' id='block_1_45' title="bbox 347 4441 1933 4520">
    <p class='ocr_par' dir='ltr' id='par_1_45' title="bbox 347 4441 1933 4520">
     <span class='ocr_line' id='line_1_45' title="bbox 347 4441 1933 4520; baseline 0.003 -25"><span class='ocrx_word' id='word_1_344' title='bbox 347 4441 398 4496; x_wconf 79' lang='grc' dir='ltr'><strong>οἱ</strong></span> <span class='ocrx_word' id='word_1_345' title='bbox 426 4443 521 4495; x_wconf 72' lang='grc' dir='ltr'><strong>καὶ</strong></span> <span class='ocrx_word' id='word_1_346' title='bbox 549 4441 642 4496; x_wconf 78' lang='grc' dir='ltr'><strong>τὸν</strong></span> <span class='ocrx_word' id='word_1_347' title='bbox 667 4443 830 4513; x_wconf 82' lang='grc' dir='ltr'><strong>νόμον</strong></span> <span class='ocrx_word' id='word_1_348' title='bbox 856 4444 1078 4510; x_wconf 79' lang='grc' dir='ltr'><strong>ειδότες·</strong></span> <span class='ocrx_word' id='word_1_349' title='bbox 1107 4445 1340 4510; x_wconf 80' lang='grc' dir='ltr'><strong>ἐκείνοις</strong></span> <span class='ocrx_word' id='word_1_350' title='bbox 1367 4447 1426 4501; x_wconf 85' lang='grc' dir='ltr'><strong>δὲ</strong></span> <span class='ocrx_word' id='word_1_351' title='bbox 1457 4448 1556 4518; x_wconf 80' lang='grc' dir='ltr'><strong>οὐχ</strong></span> <span class='ocrx_word' id='word_1_352' title='bbox 1585 4449 1619 4520; x_wconf 80' lang='grc' dir='ltr'><strong>ἠ</strong></span> <span class='ocrx_word' id='word_1_353' title='bbox 1649 4448 1806 4519; x_wconf 83' lang='grc' dir='ltr'><strong>χάρις</strong></span> <span class='ocrx_word' id='word_1_354' title='bbox 1836 4449 1933 4518; x_wconf 85' lang='grc' dir='ltr'><strong>μό-</strong></span> 
     </span>
    </p>
   </div>
   <div class='ocr_carea' id='block_1_46' title="bbox 349 4531 1933 4610">
    <p class='ocr_par' dir='ltr' id='par_1_46' title="bbox 349 4531 1933 4610">
     <span class='ocr_line' id='line_1_46' title="bbox 349 4531 1933 4610; baseline 0.006 -21"><span class='ocrx_word' id='word_1_355' title='bbox 349 4553 462 4601; x_wconf 85' lang='grc' dir='ltr'><strong>νον,</strong></span> <span class='ocrx_word' id='word_1_356' title='bbox 493 4537 631 4592; x_wconf 86' lang='grc' dir='ltr'><strong>ἀλλά</strong></span> <span class='ocrx_word' id='word_1_357' title='bbox 667 4539 762 4592; x_wconf 64' lang='grc' dir='ltr'><strong>καλ¹</strong></span> <span class='ocrx_word' id='word_1_358' title='bbox 811 4531 967 4603; x_wconf 77' lang='grc' dir='ltr'><strong>οὗτος</strong></span> <span class='ocrx_word' id='word_1_359' title='bbox 1005 4540 1412 4596; x_wconf 86' lang='grc' dir='ltr'><strong>συνεσκίασται.</strong></span> <span class='ocrx_word' id='word_1_360' title='bbox 1450 4542 1624 4610; x_wconf 76' lang='grc' dir='ltr'><strong>Ἄχρι</strong></span> <span class='ocrx_word' id='word_1_361' title='bbox 1668 4541 1780 4610; x_wconf 84' lang='grc' dir='ltr'><strong>γὰρ</strong></span> <span class='ocrx_word' id='word_1_362' title='bbox 1821 4541 1933 4609; x_wconf 83' lang='grc' dir='ltr'><strong>τῆς</strong></span> 
     </span>
    </p>
   </div>
   <div class='ocr_carea' id='block_1_47' title="bbox 349 4628 1934 4704">
    <p class='ocr_par' dir='ltr' id='par_1_47' title="bbox 349 4628 1934 4704">
     <span class='ocr_line' id='line_1_47' title="bbox 349 4628 1934 4704; baseline 0.004 -23"><span class='ocrx_word' id='word_1_363' title='bbox 349 4628 622 4697; x_wconf 83' lang='grc' dir='ltr'><strong>σήμερον</strong></span> <span class='ocrx_word' id='word_1_364' title='bbox 650 4629 719 4684; x_wconf 80' lang='grc' dir='ltr'><strong>τὸ</strong></span> <span class='ocrx_word' id='word_1_365' title='bbox 749 4631 895 4685; x_wconf 80' lang='grc' dir='ltr'><strong>αὐτὸ</strong></span> <span class='ocrx_word' id='word_1_366' title='bbox 939 4631 1224 4704; x_wconf 78' lang='grc' dir='ltr'><em>κάλυμμα</em></span> <span class='ocrx_word' id='word_1_367' title='bbox 1257 4633 1328 4686; x_wconf 87' lang='grc' dir='ltr'><strong>ἑν</strong></span> <span class='ocrx_word' id='word_1_368' title='bbox 1360 4633 1433 4702; x_wconf 73' lang='grc' dir='ltr'><strong>τῇ</strong></span> <span class='ocrx_word' id='word_1_369' title='bbox 1457 4633 1792 4701; x_wconf 76' lang='grc' dir='ltr'><strong>ἀναγνώσει</strong></span> <span class='ocrx_word' id='word_1_370' title='bbox 1821 4631 1934 4700; x_wconf 81' lang='grc' dir='ltr'><strong>τῆς</strong></span> 
     </span>
    </p>
   </div>
   <div class='ocr_carea' id='block_1_48' title="bbox 349 4719 1933 4796">
    <p class='ocr_par' dir='ltr' id='par_1_48' title="bbox 349 4719 1933 4796">
     <span class='ocr_line' id='line_1_48' title="bbox 349 4719 1933 4796; baseline 0.001 -22"><span class='ocrx_word' id='word_1_371' title='bbox 349 4719 622 4788; x_wconf 85' lang='grc' dir='ltr'><strong>Παλαιᾶς</strong></span> <span class='ocrx_word' id='word_1_372' title='bbox 656 4722 952 4792; x_wconf 80' lang='grc' dir='ltr'><strong>Διαθήκης</strong></span> <span class='ocrx_word' id='word_1_373' title='bbox 975 4721 1164 4794; x_wconf 77' lang='grc' dir='ltr'><strong>μένει,</strong></span> <span class='ocrx_word' id='word_1_374' title='bbox 1197 4723 1352 4796; x_wconf 67' lang='grc' dir='ltr'><strong>φησὶ,</strong></span> <span class='ocrx_word' id='word_1_375' title='bbox 1380 4724 1466 4793; x_wconf 77' lang='grc' dir='ltr'><strong>μὴ</strong></span> <span class='ocrx_word' id='word_1_376' title='bbox 1511 4723 1933 4779; x_wconf 82' lang='grc' dir='ltr'><strong>ἀνακαλυπτό-</strong></span> 
     </span>
    </p>
   </div>
   <div class='ocr_carea' id='block_1_49' title="bbox 346 4813 1926 4886">
    <p class='ocr_par' dir='ltr' id='par_1_49' title="bbox 346 4813 1926 4886">
     <span class='ocr_line' id='line_1_49' title="bbox 346 4813 1926 4886; baseline 0.003 -22"><span class='ocrx_word' id='word_1_377' title='bbox 346 4829 555 4880; x_wconf 81' lang='grc' dir='ltr'><em>μενον,</em></span> <span class='ocrx_word' id='word_1_378' title='bbox 585 4813 676 4868; x_wconf 88' lang='grc' dir='ltr'><strong>ὄτι</strong></span> <span class='ocrx_word' id='word_1_379' title='bbox 733 4815 804 4869; x_wconf 78' lang='grc' dir='ltr'><em>ὲν</em></span> <span class='ocrx_word' id='word_1_380' title='bbox 843 4813 1078 4884; x_wconf 80' lang='grc' dir='ltr'><strong>Χριστῷ</strong></span> <span class='ocrx_word' id='word_1_381' title='bbox 1127 4816 1520 4886; x_wconf 82' lang='grc' dir='ltr'><strong>καταργεῖται.</strong></span> <span class='ocrx_word' id='word_1_382' title='bbox 1555 4818 1622 4869; x_wconf 85' lang='grc' dir='ltr'>Ὀ</span> <span class='ocrx_word' id='word_1_383' title='bbox 1657 4817 1714 4870; x_wconf 83' lang='grc' dir='ltr'><strong>δὲ</strong></span> <span class='ocrx_word' id='word_1_384' title='bbox 1757 4815 1926 4884; x_wconf 84' lang='grc' dir='ltr'><strong>λέγει,</strong></span> 
     </span>
    </p>
   </div>
   <div class='ocr_carea' id='block_1_50' title="bbox 347 4901 1930 4963">
    <p class='ocr_par' dir='ltr' id='par_1_50' title="bbox 347 4901 1930 4963">
     <span class='ocr_line' id='line_1_50' title="bbox 347 4901 1930 4963; baseline 0.004 -7"><span class='ocrx_word' id='word_1_385' title='bbox 347 4901 510 4958; x_wconf 85' lang='grc' dir='ltr'><strong>τοῦτό</strong></span> <span class='ocrx_word' id='word_1_386' title='bbox 539 4906 680 4958; x_wconf 72' lang='grc' dir='ltr'><strong>ἔστι·</strong></span> <span class='ocrx_word' id='word_1_387' title='bbox 706 4905 876 4960; x_wconf 86' lang='grc' dir='ltr'><strong>τοῦτο</strong></span> <span class='ocrx_word' id='word_1_388' title='bbox 909 4907 1042 4962; x_wconf 76' lang='grc' dir='ltr'><strong>αὐτὸ</strong></span> <span class='ocrx_word' id='word_1_389' title='bbox 1072 4907 1134 4962; x_wconf 86' lang='grc' dir='ltr'><strong>οὐ</strong></span> <span class='ocrx_word' id='word_1_390' title='bbox 1163 4908 1420 4962; x_wconf 87' lang='grc' dir='ltr'><strong>δύνανται</strong></span> <span class='ocrx_word' id='word_1_391' title='bbox 1461 4909 1692 4963; x_wconf 81' lang='grc' dir='ltr'><strong>συνιδεῖν</strong></span> <span class='ocrx_word' id='word_1_392' title='bbox 1721 4910 1803 4963; x_wconf 83' lang='grc' dir='ltr'><strong>ὅτι</strong></span> <span class='ocrx_word' id='word_1_393' title='bbox 1832 4910 1930 4962; x_wconf 87' lang='grc' dir='ltr'><strong>πέ-</strong></span> 
     </span>
    </p>
   </div>
   <div class='ocr_carea' id='block_1_51' title="bbox 349 4997 1934 5073">
    <p class='ocr_par' dir='ltr' id='par_1_51' title="bbox 349 4997 1934 5073">
     <span class='ocr_line' id='line_1_51' title="bbox 349 4997 1934 5073; baseline 0.004 -23"><span class='ocrx_word' id='word_1_394' title='bbox 349 5011 580 5059; x_wconf 81' lang='grc' dir='ltr'><strong>παυται,</strong></span> <span class='ocrx_word' id='word_1_395' title='bbox 603 4997 790 5070; x_wconf 71' lang='grc' dir='ltr'><strong>ἐπειδὴ</strong></span> <span class='ocrx_word' id='word_1_396' title='bbox 813 4999 890 5072; x_wconf 82' lang='grc' dir='ltr'><strong>τῷ</strong></span> <span class='ocrx_word' id='word_1_397' title='bbox 911 4999 1132 5073; x_wconf 82' lang='grc' dir='ltr'><strong>Χριστῷ</strong></span> <span class='ocrx_word' id='word_1_398' title='bbox 1154 5001 1215 5054; x_wconf 83' lang='grc' dir='ltr'><strong>οὐ</strong></span> <span class='ocrx_word' id='word_1_399' title='bbox 1243 5001 1607 5056; x_wconf 80' lang='grc' dir='ltr'><strong>πιστεύουσιν.</strong></span> <span class='ocrx_word' id='word_1_400' title='bbox 1626 5001 1688 5055; x_wconf 69' lang='lat' dir='ltr'><strong>Ei</strong></span> <span class='ocrx_word' id='word_1_401' title='bbox 1717 5001 1826 5072; x_wconf 82' lang='grc' dir='ltr'><strong>γὰρ</strong></span> <span class='ocrx_word' id='word_1_402' title='bbox 1847 5001 1934 5056; x_wconf 82' lang='grc' dir='ltr'><strong>διὰ</strong></span> 
     </span>
    </p>
   </div>
   <div class='ocr_carea' id='block_1_52' title="bbox 351 5089 1934 5166">
    <p class='ocr_par' dir='ltr' id='par_1_52' title="bbox 351 5089 1934 5166">
     <span class='ocr_line' id='line_1_52' title="bbox 351 5089 1934 5166; baseline 0.004 -25"><span class='ocrx_word' id='word_1_403' title='bbox 351 5089 448 5142; x_wconf 88' lang='grc' dir='ltr'><strong>τοῦ</strong></span> <span class='ocrx_word' id='word_1_404' title='bbox 475 5090 711 5161; x_wconf 81' lang='grc' dir='ltr'><strong>Χριστοῦ</strong></span> <span class='ocrx_word' id='word_1_405' title='bbox 738 5091 1031 5157; x_wconf 81' lang='grc' dir='ltr'><strong>πέπαυται,</strong></span> <span class='ocrx_word' id='word_1_406' title='bbox 1057 5091 1247 5166; x_wconf 81' lang='grc' dir='ltr'><strong>ὥσπερ</strong></span> <span class='ocrx_word' id='word_1_407' title='bbox 1273 5089 1368 5148; x_wconf 81' lang='grc' dir='ltr'><strong>οὖν</strong></span> <span class='ocrx_word' id='word_1_408' title='bbox 1395 5094 1488 5147; x_wconf 78' lang='grc' dir='ltr'><strong>καὶ</strong></span> <span class='ocrx_word' id='word_1_409' title='bbox 1511 5093 1806 5160; x_wconf 82' lang='grc' dir='ltr'><strong>πέπαυται,</strong></span> <span class='ocrx_word' id='word_1_410' title='bbox 1839 5095 1934 5150; x_wconf 75' lang='grc' dir='ltr'><strong>καὶ</strong></span> 
     </span>
    </p>
   </div>
   <div class='ocr_carea' id='block_1_53' title="bbox 351 5179 1933 5258">
    <p class='ocr_par' dir='ltr' id='par_1_53' title="bbox 351 5179 1933 5258">
     <span class='ocr_line' id='line_1_53' title="bbox 351 5179 1933 5258; baseline 0.005 -25"><span class='ocrx_word' id='word_1_411' title='bbox 351 5181 383 5233; x_wconf 83' lang='grc' dir='ltr'><strong>ὁ</strong></span> <span class='ocrx_word' id='word_1_412' title='bbox 407 5179 572 5253; x_wconf 91' lang='grc' dir='ltr'><strong>νόμος</strong></span> <span class='ocrx_word' id='word_1_413' title='bbox 598 5182 757 5237; x_wconf 86' lang='grc' dir='ltr'><strong>τοῦτο</strong></span> <span class='ocrx_word' id='word_1_414' title='bbox 779 5185 808 5224; x_wconf 71' lang='grc' dir='ltr'><strong>δ</strong></span> <span class='ocrx_word' id='word_1_415' title='bbox 831 5185 1122 5256; x_wconf 88' lang='grc' dir='ltr'><strong>προλαϐὼν</strong></span> <span class='ocrx_word' id='word_1_416' title='bbox 1151 5181 1294 5250; x_wconf 75' lang='grc' dir='ltr'><strong>εἷπε,</strong></span> <span class='ocrx_word' id='word_1_417' title='bbox 1327 5185 1445 5250; x_wconf 87' lang='grc' dir='ltr'><strong>πῶς</strong></span> <span class='ocrx_word' id='word_1_418' title='bbox 1477 5187 1528 5240; x_wconf 85' lang='grc' dir='ltr'><strong>οἱ</strong></span> <span class='ocrx_word' id='word_1_419' title='bbox 1555 5186 1629 5258; x_wconf 82' lang='grc' dir='ltr'><strong>μὴ</strong></span> <span class='ocrx_word' id='word_1_420' title='bbox 1653 5187 1933 5258; x_wconf 80' lang='grc' dir='ltr'><strong>δεχόμενοι</strong></span> 
     </span>
    </p>
   </div>
   <div class='ocr_carea' id='block_1_54' title="bbox 353 5272 1934 5351">
    <p class='ocr_par' dir='ltr' id='par_1_54' title="bbox 353 5272 1934 5351">
     <span class='ocr_line' id='line_1_54' title="bbox 353 5272 1934 5351; baseline 0.005 -27"><span class='ocrx_word' id='word_1_421' title='bbox 353 5272 446 5325; x_wconf 74' lang='grc' dir='ltr'><strong>τὸν</strong></span> <span class='ocrx_word' id='word_1_422' title='bbox 475 5275 710 5345; x_wconf 74' lang='grc' dir='ltr'><strong>Χριστὸν</strong></span> <span class='ocrx_word' id='word_1_423' title='bbox 731 5275 820 5329; x_wconf 77' lang='grc' dir='ltr'><strong>τὸν</strong></span> <span class='ocrx_word' id='word_1_424' title='bbox 844 5281 1270 5350; x_wconf 82' lang='grc' dir='ltr'><strong>καταργήσαντα</strong></span> <span class='ocrx_word' id='word_1_425' title='bbox 1297 5277 1388 5334; x_wconf 79' lang='grc' dir='ltr'><strong>τὸν</strong></span> <span class='ocrx_word' id='word_1_426' title='bbox 1407 5279 1590 5350; x_wconf 89' lang='grc' dir='ltr'><strong>νόμον,</strong></span> <span class='ocrx_word' id='word_1_427' title='bbox 1613 5279 1934 5351; x_wconf 78' lang='grc' dir='ltr'><strong>δυνήσονται</strong></span> 
     </span>
    </p>
   </div>
   <div class='ocr_carea' id='block_1_55' title="bbox 359 5363 1932 5444">
    <p class='ocr_par' dir='ltr' id='par_1_55' title="bbox 359 5363 1932 5444">
     <span class='ocr_line' id='line_1_55' title="bbox 359 5363 1932 5444; baseline 0.004 -26"><span class='ocrx_word' id='word_1_428' title='bbox 359 5363 508 5429; x_wconf 82' lang='grc' dir='ltr'><strong>ίδεῖν,</strong></span> <span class='ocrx_word' id='word_1_429' title='bbox 561 5365 643 5419; x_wconf 79' lang='grc' dir='ltr'><strong>ὅτι</strong></span> <span class='ocrx_word' id='word_1_430' title='bbox 705 5370 1049 5440; x_wconf 84' lang='grc' dir='ltr'><strong>κατήργηται</strong></span> <span class='ocrx_word' id='word_1_431' title='bbox 1099 5371 1130 5424; x_wconf 83' lang='grc' dir='ltr'><strong>ὁ</strong></span> <span class='ocrx_word' id='word_1_432' title='bbox 1178 5371 1374 5442; x_wconf 85' lang='grc' dir='ltr'><strong>νόμος;</strong></span> <span class='ocrx_word' id='word_1_433' title='bbox 1409 5373 1483 5427; x_wconf 83' lang='grc' dir='ltr'><strong>Ού</strong></span> <span class='ocrx_word' id='word_1_434' title='bbox 1525 5373 1827 5444; x_wconf 80' lang='grc' dir='ltr'><strong>χωροῦντες</strong></span> <span class='ocrx_word' id='word_1_435' title='bbox 1875 5375 1932 5426; x_wconf 82' lang='grc' dir='ltr'><strong>δὲ</strong></span> 
     </span>
    </p>
   </div>
   <div class='ocr_carea' id='block_1_56' title="bbox 355 5457 1932 5534">
    <p class='ocr_par' dir='ltr' id='par_1_56' title="bbox 355 5457 1932 5534">
     <span class='ocr_line' id='line_1_56' title="bbox 355 5457 1932 5534; baseline 0.004 -25"><span class='ocrx_word' id='word_1_436' title='bbox 355 5458 516 5512; x_wconf 82' lang='grc' dir='ltr'><strong>τοῦτο</strong></span> <span class='ocrx_word' id='word_1_437' title='bbox 548 5457 698 5522; x_wconf 77' lang='grc' dir='ltr'><strong>ἰδεῖν,</strong></span> <span class='ocrx_word' id='word_1_438' title='bbox 734 5457 956 5530; x_wconf 69' lang='grc' dir='ltr'><strong>εὔδηλον</strong></span> <span class='ocrx_word' id='word_1_439' title='bbox 997 5463 1080 5515; x_wconf 83' lang='grc' dir='ltr'><strong>ὅτι</strong></span> <span class='ocrx_word' id='word_1_440' title='bbox 1130 5462 1226 5515; x_wconf 71' lang='grc' dir='ltr'><strong>καὶ</strong></span> <span class='ocrx_word' id='word_1_441' title='bbox 1272 5463 1436 5516; x_wconf 78' lang='grc' dir='ltr'><strong>αὑτοῦ</strong></span> <span class='ocrx_word' id='word_1_442' title='bbox 1489 5461 1583 5518; x_wconf 83' lang='grc' dir='ltr'><strong>τοῦ</strong></span> <span class='ocrx_word' id='word_1_443' title='bbox 1630 5463 1796 5534; x_wconf 89' lang='grc' dir='ltr'><strong>νόμου</strong></span> <span class='ocrx_word' id='word_1_444' title='bbox 1837 5463 1932 5516; x_wconf 89' lang='grc' dir='ltr'><strong>τοῦ</strong></span> 
     </span>
    </p>
   </div>
   <div class='ocr_carea' id='block_1_57' title="bbox 356 5549 1932 5627">
    <p class='ocr_par' dir='ltr' id='par_1_57' title="bbox 356 5549 1932 5627">
     <span class='ocr_line' id='line_1_57' title="bbox 356 5549 1932 5627; baseline 0.004 -25"><span class='ocrx_word' id='word_1_445' title='bbox 356 5549 530 5604; x_wconf 82' lang='grc' dir='ltr'><strong>ταῦτα</strong></span> <span class='ocrx_word' id='word_1_446' title='bbox 575 5549 822 5618; x_wconf 83' lang='grc' dir='ltr'><strong>λέγοντος</strong></span> <span class='ocrx_word' id='word_1_447' title='bbox 859 5551 960 5622; x_wconf 80' lang='grc' dir='ltr'><strong>τὴν</strong></span> <span class='ocrx_word' id='word_1_448' title='bbox 1011 5555 1165 5624; x_wconf 73' lang='grc' dir='ltr'><strong>ἰσχὺν</strong></span> <span class='ocrx_word' id='word_1_449' title='bbox 1199 5553 1475 5622; x_wconf 86' lang='grc' dir='ltr'><strong>ἀγνοοῦσι,</strong></span> <span class='ocrx_word' id='word_1_450' title='bbox 1507 5555 1601 5609; x_wconf 85' lang='grc' dir='ltr'><strong>καὶ</strong></span> <span class='ocrx_word' id='word_1_451' title='bbox 1647 5555 1748 5627; x_wconf 81' lang='grc' dir='ltr'><strong>τὴν</strong></span> <span class='ocrx_word' id='word_1_452' title='bbox 1776 5553 1932 5618; x_wconf 69' lang='grc' dir='ltr'><strong>δόξαν</strong></span> 
     </span>
    </p>
   </div>
   <div class='ocr_carea' id='block_1_58' title="bbox 421 5743 1395 5813">
    <p class='ocr_par' dir='ltr' id='par_1_58' title="bbox 421 5743 1395 5813">
     <span class='ocr_line' id='line_1_58' title="bbox 421 5743 1395 5813; baseline 0.004 -19"><span class='ocrx_word' id='word_1_453' title='bbox 421 5748 446 5813; x_wconf 64' lang='grc' dir='ltr'><strong><em>ξ</em></strong></span> <span class='ocrx_word' id='word_1_454' title='bbox 466 5743 615 5813; x_wconf 61' lang='lat' dir='ltr'><strong>Editi1</strong></span> <span class='ocrx_word' id='word_1_455' title='bbox 639 5747 748 5810; x_wconf 74' lang='grc' dir='ltr'><strong>παρ’</strong></span> <span class='ocrx_word' id='word_1_456' title='bbox 771 5747 956 5813; x_wconf 76' lang='grc' dir='ltr'><strong>αὐτούς,</strong></span> <span class='ocrx_word' id='word_1_457' title='bbox 978 5747 1066 5801; x_wconf 72' lang='lat' dir='ltr'><strong>Ms.</strong></span> <span class='ocrx_word' id='word_1_458' title='bbox 1093 5749 1202 5813; x_wconf 79' lang='grc' dir='ltr'><strong>παρ’</strong></span> <span class='ocrx_word' id='word_1_459' title='bbox 1225 5749 1395 5805; x_wconf 77' lang='grc' dir='ltr'><strong>αὐτοῖς.</strong></span> 
     </span>
    </p>
   </div>
   <div class='ocr_carea' id='block_1_59' title="bbox 419 5805 966 5882">
    <p class='ocr_par' dir='ltr' id='par_1_59' title="bbox 419 5805 966 5882">
     <span class='ocr_line' id='line_1_59' title="bbox 419 5805 966 5882; baseline 0.004 -24"><span class='ocrx_word' id='word_1_460' title='bbox 419 5805 452 5850; x_wconf 67' lang='grc' dir='ltr'><strong>δ</strong></span> <span class='ocrx_word' id='word_1_461' title='bbox 481 5805 736 5882; x_wconf 46' lang='lat' dir='ltr'><strong>agebam}:</strong></span> <span class='ocrx_word' id='word_1_462' title='bbox 761 5809 816 5860; x_wconf 82' lang='grc' dir='ltr'><strong>τὸ</strong></span> <span class='ocrx_word' id='word_1_463' title='bbox 835 5805 966 5872; x_wconf 67' lang='grc' dir='ltr'><strong>αὐτό.</strong></span> 
     </span>
    </p>
   </div>
   <div class='ocr_carea' id='block_1_60' title="bbox 1043 339 1934 406">
    <p class='ocr_par' dir='ltr' id='par_1_60' title="bbox 1043 339 1934 404">
     <span class='ocr_line' id='line_1_60' title="bbox 1043 339 1934 404; baseline -0.004 -4"><span class='ocrx_word' id='word_1_464' title='bbox 1043 344 1103 404; x_wconf 86' lang='lat' dir='ltr'><strong>S.</strong></span> <span class='ocrx_word' id='word_1_465' title='bbox 1145 343 1434 402; x_wconf 79' lang='lat' dir='ltr'><strong>JOANNIS</strong></span> <span class='ocrx_word' id='word_1_466' title='bbox 1473 339 1934 400; x_wconf 67' lang='lat' dir='ltr'><strong>CHRYSOSTOII</strong></span> 
     </span>
    </p>
   </div>
   <div class='ocr_carea' id='block_1_61' title="bbox 2044 339 2933 406">
    <p class='ocr_par' dir='ltr' id='par_1_61' title="bbox 2044 339 2933 406">
     <span class='ocr_line' id='line_1_61' title="bbox 2044 339 2933 406; baseline 0.011 -10"><span class='ocrx_word' id='word_1_467' title='bbox 2044 339 2338 402; x_wconf 56' lang='lat' dir='ltr'><strong>\RCHIEP.</strong></span> <span class='ocrx_word' id='word_1_468' title='bbox 2383 345 2933 406; x_wconf 71' lang='lat' dir='ltr'><strong>CONSTANTINOP.</strong></span> 
     </span>
    </p>
   </div>
   <div class='ocr_carea' id='block_1_62' title="bbox 3507 353 3604 410">
    <p class='ocr_par' dir='ltr' id='par_1_62' title="bbox 3507 353 3604 410">
     <span class='ocr_line' id='line_1_62' title="bbox 3507 353 3604 410; baseline 0 0"><span class='ocrx_word' id='word_1_469' title='bbox 3507 353 3604 410; x_wconf 74' lang='grc' dir='ltr'><strong>ιιι</strong></span> 
     </span>
    </p>
   </div>
   <div class='ocr_carea' id='block_1_63' title="bbox 2049 453 3606 536">
    <p class='ocr_par' dir='ltr' id='par_1_63' title="bbox 2049 453 3606 536">
     <span class='ocr_line' id='line_1_63' title="bbox 2049 453 3606 536; baseline 0.008 -27"><span class='ocrx_word' id='word_1_470' title='bbox 2049 453 2290 514; x_wconf 73' lang='grc' dir='ltr'><strong>ἃπασαν.</strong></span> <span class='ocrx_word' id='word_1_471' title='bbox 2333 460 2444 514; x_wconf 80' lang='grc' dir='ltr'><strong>Καὶ</strong></span> <span class='ocrx_word' id='word_1_472' title='bbox 2475 461 2578 516; x_wconf 80' lang='grc' dir='ltr'><strong>ποῦ</strong></span> <span class='ocrx_word' id='word_1_473' title='bbox 2613 461 2774 516; x_wconf 85' lang='grc' dir='ltr'><strong>τοῦτο</strong></span> <span class='ocrx_word' id='word_1_474' title='bbox 2803 458 2944 526; x_wconf 87' lang='grc' dir='ltr'><strong>εῐπε,</strong></span> <span class='ocrx_word' id='word_1_475' title='bbox 2985 459 3171 532; x_wconf 76' lang='grc' dir='ltr'><strong>φησὶν,</strong></span> <span class='ocrx_word' id='word_1_476' title='bbox 3193 461 3280 515; x_wconf 80' lang='grc' dir='ltr'><strong>ὅτι</strong></span> <span class='ocrx_word' id='word_1_477' title='bbox 3313 463 3371 516; x_wconf 76' lang='grc' dir='ltr'><strong>ἐν</strong></span> <span class='ocrx_word' id='word_1_478' title='bbox 3403 463 3606 536; x_wconf 79' lang='grc' dir='ltr'><strong>Χριστῷ</strong></span> 
     </span>
    </p>
   </div>
   <div class='ocr_carea' id='block_1_64' title="bbox 2045 551 3608 628">
    <p class='ocr_par' dir='ltr' id='par_1_64' title="bbox 2045 551 3608 628">
     <span class='ocr_line' id='line_1_64' title="bbox 2045 551 3608 628; baseline 0.003 -26"><span class='ocrx_word' id='word_1_479' title='bbox 2045 554 2436 622; x_wconf 88' lang='grc' dir='ltr'><strong>καταργεῖται;</strong></span> <span class='ocrx_word' id='word_1_480' title='bbox 2473 555 2588 607; x_wconf 86' lang='grc' dir='ltr'><strong>Ούκ</strong></span> <span class='ocrx_word' id='word_1_481' title='bbox 2619 551 2741 608; x_wconf 86' lang='grc' dir='ltr'><strong>εἶπε</strong></span> <span class='ocrx_word' id='word_1_482' title='bbox 2767 555 2948 626; x_wconf 87' lang='grc' dir='ltr'><strong>μόνον,</strong></span> <span class='ocrx_word' id='word_1_483' title='bbox 2973 554 3107 608; x_wconf 81' lang='grc' dir='ltr'><strong>ἀλλὰ</strong></span> <span class='ocrx_word' id='word_1_484' title='bbox 3137 556 3232 610; x_wconf 79' lang='grc' dir='ltr'><strong>καὶ</strong></span> <span class='ocrx_word' id='word_1_485' title='bbox 3258 555 3344 608; x_wconf 88' lang='grc' dir='ltr'><strong>διά</strong></span> <span class='ocrx_word' id='word_1_486' title='bbox 3365 559 3608 628; x_wconf 73' lang='grc' dir='ltr'><strong>πραγμά-</strong></span> 
     </span>
    </p>
   </div>
   <div class='ocr_carea' id='block_1_65' title="bbox 2044 641 3608 716">
    <p class='ocr_par' dir='ltr' id='par_1_65' title="bbox 2044 641 3608 716">
     <span class='ocr_line' id='line_1_65' title="bbox 2044 641 3608 716; baseline 0.004 -24"><span class='ocrx_word' id='word_1_487' title='bbox 2044 657 2152 694; x_wconf 89' lang='grc' dir='ltr'><strong>των</strong></span> <span class='ocrx_word' id='word_1_488' title='bbox 2186 641 2377 709; x_wconf 79' lang='grc' dir='ltr'><strong>ἐδειξε·</strong></span> <span class='ocrx_word' id='word_1_489' title='bbox 2411 643 2504 698; x_wconf 80' lang='grc' dir='ltr'><strong>καὶ</strong></span> <span class='ocrx_word' id='word_1_490' title='bbox 2526 643 2742 716; x_wconf 88' lang='grc' dir='ltr'><strong>πρῶτον</strong></span> <span class='ocrx_word' id='word_1_491' title='bbox 2775 645 2897 714; x_wconf 85' lang='grc' dir='ltr'><strong>μὲν.</strong></span> <span class='ocrx_word' id='word_1_492' title='bbox 2923 645 3000 716; x_wconf 85' lang='grc' dir='ltr'><strong>τῷ</strong></span> <span class='ocrx_word' id='word_1_493' title='bbox 3041 645 3139 708; x_wconf 68' lang='grc' dir='ltr'><strong>τὰς</strong></span> <span class='ocrx_word' id='word_1_494' title='bbox 3181 645 3370 708; x_wconf 81' lang='grc' dir='ltr'><strong>θυσίας</strong></span> <span class='ocrx_word' id='word_1_495' title='bbox 3403 647 3496 699; x_wconf 70' lang='grc' dir='ltr'><strong>καὶ</strong></span> <span class='ocrx_word' id='word_1_496' title='bbox 3520 647 3608 716; x_wconf 80' lang='grc' dir='ltr'><strong>τὴν</strong></span> 
     </span>
    </p>
   </div>
   <div class='ocr_carea' id='block_1_66' title="bbox 2044 734 3605 810">
    <p class='ocr_par' dir='ltr' id='par_1_66' title="bbox 2044 734 3605 810">
     <span class='ocr_line' id='line_1_66' title="bbox 2044 734 3605 810; baseline 0.003 -22"><span class='ocrx_word' id='word_1_497' title='bbox 2044 734 2324 803; x_wconf 87' lang='grc' dir='ltr'><strong>ἁγιστείαν</strong></span> <span class='ocrx_word' id='word_1_498' title='bbox 2361 735 2579 791; x_wconf 75' lang='grc' dir='ltr'><strong>ἃπασαν</strong></span> <span class='ocrx_word' id='word_1_499' title='bbox 2610 741 2666 792; x_wconf 84' lang='grc' dir='ltr'><strong>ὲν</strong></span> <span class='ocrx_word' id='word_1_500' title='bbox 2691 739 2771 791; x_wconf 80' lang='grc' dir='ltr'><strong>ὲνὶ</strong></span> <span class='ocrx_word' id='word_1_501' title='bbox 2801 739 3158 792; x_wconf 76' lang='grc' dir='ltr'><strong>κατακλεῖσαι</strong></span> <span class='ocrx_word' id='word_1_502' title='bbox 3191 739 3364 806; x_wconf 84' lang='grc' dir='ltr'><strong>τόπῳ,</strong></span> <span class='ocrx_word' id='word_1_503' title='bbox 3388 737 3464 808; x_wconf 84' lang='grc' dir='ltr'><strong>τῷ</strong></span> <span class='ocrx_word' id='word_1_504' title='bbox 3487 739 3605 810; x_wconf 77' lang='grc' dir='ltr'><strong>ναῷ,</strong></span> 
     </span>
    </p>
   </div>
   <div class='ocr_carea' id='block_1_67' title="bbox 2042 827 3608 902">
    <p class='ocr_par' dir='ltr' id='par_1_67' title="bbox 2042 827 3608 902">
     <span class='ocr_line' id='line_1_67' title="bbox 2042 827 3608 902; baseline 0.003 -23"><span class='ocrx_word' id='word_1_505' title='bbox 2042 829 2136 880; x_wconf 65' lang='lat' dir='ltr'><strong>x01</strong></span> <span class='ocrx_word' id='word_1_506' title='bbox 2169 829 2330 880; x_wconf 81' lang='grc' dir='ltr'><strong>αὐτὸν</strong></span> <span class='ocrx_word' id='word_1_507' title='bbox 2362 827 2588 901; x_wconf 74' lang='grc' dir='ltr'><strong>ὕστερον</strong></span> <span class='ocrx_word' id='word_1_508' title='bbox 2613 831 2880 885; x_wconf 87' lang='grc' dir='ltr'><strong>καθελεῖν.</strong></span> <span class='ocrx_word' id='word_1_509' title='bbox 2911 832 2973 884; x_wconf 78' lang='lat' dir='ltr'><strong>El</strong></span> <span class='ocrx_word' id='word_1_510' title='bbox 2996 833 3104 902; x_wconf 86' lang='grc' dir='ltr'><strong>γάρ</strong></span> <span class='ocrx_word' id='word_1_511' title='bbox 3131 832 3206 902; x_wconf 80' lang='grc' dir='ltr'><strong>μὴ</strong></span> <span class='ocrx_word' id='word_1_512' title='bbox 3242 831 3495 884; x_wconf 77' lang='grc' dir='ltr'><strong>ἐϐούλετο</strong></span> <span class='ocrx_word' id='word_1_513' title='bbox 3519 833 3608 886; x_wconf 78' lang='lat'><strong>06-</strong></span> 
     </span>
    </p>
   </div>
   <div class='ocr_carea' id='block_1_68' title="bbox 2043 920 3604 995">
    <p class='ocr_par' dir='ltr' id='par_1_68' title="bbox 2043 920 3604 995">
     <span class='ocr_line' id='line_1_68' title="bbox 2043 920 3604 995; baseline 0.004 -23"><span class='ocrx_word' id='word_1_514' title='bbox 2043 920 2142 985; x_wconf 83' lang='grc' dir='ltr'><strong>τάς</strong></span> <span class='ocrx_word' id='word_1_515' title='bbox 2177 921 2492 976; x_wconf 88' lang='grc' dir='ltr'><strong>παύσασθαι</strong></span> <span class='ocrx_word' id='word_1_516' title='bbox 2533 924 2626 978; x_wconf 75' lang='grc' dir='ltr'><strong>καὶ</strong></span> <span class='ocrx_word' id='word_1_517' title='bbox 2657 923 2747 976; x_wconf 74' lang='grc' dir='ltr'><strong>τὸν</strong></span> <span class='ocrx_word' id='word_1_518' title='bbox 2779 923 2911 995; x_wconf 72' lang='grc' dir='ltr'><strong>περὶ</strong></span> <span class='ocrx_word' id='word_1_519' title='bbox 2944 924 3150 978; x_wconf 83' lang='grc' dir='ltr'><strong>τούτων</strong></span> <span class='ocrx_word' id='word_1_520' title='bbox 3187 925 3350 994; x_wconf 85' lang='grc' dir='ltr'><strong>νόμον</strong></span> <span class='ocrx_word' id='word_1_521' title='bbox 3381 925 3604 988; x_wconf 73' lang='grc' dir='ltr'><strong>ἅπαντα,</strong></span> 
     </span>
    </p>
   </div>
   <div class='ocr_carea' id='block_1_69' title="bbox 2041 1013 3605 1088">
    <p class='ocr_par' dir='ltr' id='par_1_69' title="bbox 2041 1013 3605 1088">
     <span class='ocr_line' id='line_1_69' title="bbox 2041 1013 3605 1088; baseline 0.002 -22"><span class='ocrx_word' id='word_1_522' title='bbox 2041 1013 2184 1068; x_wconf 81' lang='grc' dir='ltr'><strong>δυοῖν</strong></span> <span class='ocrx_word' id='word_1_523' title='bbox 2213 1013 2440 1086; x_wconf 72' lang='grc' dir='ltr'><strong>θάτερον</strong></span> <span class='ocrx_word' id='word_1_524' title='bbox 2461 1014 2528 1070; x_wconf 81' lang='grc' dir='ltr'><strong>ἂν</strong></span> <span class='ocrx_word' id='word_1_525' title='bbox 2555 1017 2829 1086; x_wconf 82' lang='grc' dir='ltr'><strong>ἐποίησεν,</strong></span> <span class='ocrx_word' id='word_1_526' title='bbox 2857 1017 2892 1088; x_wconf 84' lang='grc' dir='ltr'><strong>ἢ</strong></span> <span class='ocrx_word' id='word_1_527' title='bbox 2919 1017 3016 1069; x_wconf 77' lang='grc' dir='ltr'><strong>οὐκ</strong></span> <span class='ocrx_word' id='word_1_528' title='bbox 3038 1015 3102 1070; x_wconf 81' lang='grc' dir='ltr'><strong>ἂν</strong></span> <span class='ocrx_word' id='word_1_529' title='bbox 3123 1017 3338 1070; x_wconf 76' lang='grc' dir='ltr'><strong>καθεῖλε</strong></span> <span class='ocrx_word' id='word_1_530' title='bbox 3361 1018 3451 1068; x_wconf 76' lang='grc' dir='ltr'><strong>τὸν</strong></span> <span class='ocrx_word' id='word_1_531' title='bbox 3471 1017 3605 1080; x_wconf 78' lang='lat'><strong>0060,</strong></span> 
     </span>
    </p>
   </div>
   <div class='ocr_carea' id='block_1_70' title="bbox 2043 1103 3604 1178">
    <p class='ocr_par' dir='ltr' id='par_1_70' title="bbox 2043 1103 3604 1178">
     <span class='ocr_line' id='line_1_70' title="bbox 2043 1103 3604 1178; baseline 0.001 -20"><span class='ocrx_word' id='word_1_532' title='bbox 2043 1103 2372 1176; x_wconf 79' lang='grc' dir='ltr'><strong>ἦκαθελὼν,</strong></span> <span class='ocrx_word' id='word_1_533' title='bbox 2413 1107 2513 1162; x_wconf 78' lang='grc' dir='ltr'><strong>οὐκ</strong></span> <span class='ocrx_word' id='word_1_534' title='bbox 2551 1107 2617 1162; x_wconf 79' lang='grc' dir='ltr'><strong>ἂν</strong></span> <span class='ocrx_word' id='word_1_535' title='bbox 2661 1109 3041 1178; x_wconf 80' lang='grc' dir='ltr'><strong>ἀπηγόρευσεν</strong></span> <span class='ocrx_word' id='word_1_536' title='bbox 3085 1109 3317 1178; x_wconf 76' lang='grc' dir='ltr'><strong>ἀλλαχοῦ</strong></span> <span class='ocrx_word' id='word_1_537' title='bbox 3371 1109 3604 1162; x_wconf 80' lang='grc' dir='ltr'><strong>Θύεσθαι.</strong></span> 
     </span>
    </p>
   </div>
   <div class='ocr_carea' id='block_1_71' title="bbox 2043 1195 3610 1273">
    <p class='ocr_par' dir='ltr' id='par_1_71' title="bbox 2043 1195 3610 1273">
     <span class='ocr_line' id='line_1_71' title="bbox 2043 1195 3610 1273; baseline 0.003 -22"><span class='ocrx_word' id='word_1_538' title='bbox 2043 1195 2192 1271; x_wconf 64' lang='grc'><strong>[484]</strong></span> <span class='ocrx_word' id='word_1_539' title='bbox 2221 1198 2336 1252; x_wconf 91' lang='grc' dir='ltr'><strong>Νῦν</strong></span> <span class='ocrx_word' id='word_1_540' title='bbox 2369 1199 2426 1252; x_wconf 84' lang='grc' dir='ltr'><strong>δὲ</strong></span> <span class='ocrx_word' id='word_1_541' title='bbox 2463 1201 2562 1272; x_wconf 80' lang='grc' dir='ltr'><strong>τὴν</strong></span> <span class='ocrx_word' id='word_1_542' title='bbox 2592 1201 2917 1272; x_wconf 73' lang='grc' dir='ltr'><strong>οἰκουμένην</strong></span> <span class='ocrx_word' id='word_1_543' title='bbox 2944 1203 3180 1267; x_wconf 77' lang='grc' dir='ltr'><strong>ἃπασαν,</strong></span> <span class='ocrx_word' id='word_1_544' title='bbox 3212 1202 3308 1254; x_wconf 78' lang='grc' dir='ltr'><strong>καὶ</strong></span> <span class='ocrx_word' id='word_1_545' title='bbox 3349 1203 3523 1273; x_wconf 73' lang='grc' dir='ltr'><strong>αὐτὴν</strong></span> <span class='ocrx_word' id='word_1_546' title='bbox 3561 1203 3610 1256; x_wconf 78' lang='grc' dir='ltr'><strong>δὲ</strong></span> 
     </span>
    </p>
   </div>
   <div class='ocr_carea' id='block_1_72' title="bbox 2038 1288 3610 1366">
    <p class='ocr_par' dir='ltr' id='par_1_72' title="bbox 2038 1288 3610 1366">
     <span class='ocr_line' id='line_1_72' title="bbox 2038 1288 3610 1366; baseline -0.001 -19"><span class='ocrx_word' id='word_1_547' title='bbox 2038 1288 2136 1361; x_wconf 77' lang='grc' dir='ltr'><strong>τὴν</strong></span> <span class='ocrx_word' id='word_1_548' title='bbox 2177 1289 2536 1363; x_wconf 84' lang='grc' dir='ltr'><strong>Ἰερουσαλὴμ</strong></span> <span class='ocrx_word' id='word_1_549' title='bbox 2561 1293 2760 1348; x_wconf 86' lang='grc' dir='ltr'><strong>ἄϐατον</strong></span> <span class='ocrx_word' id='word_1_550' title='bbox 2799 1297 2919 1357; x_wconf 87' lang='grc' dir='ltr'><strong>ταῖς</strong></span> <span class='ocrx_word' id='word_1_551' title='bbox 2965 1293 3243 1358; x_wconf 81' lang='grc' dir='ltr'><strong>τοιαύταις</strong></span> <span class='ocrx_word' id='word_1_552' title='bbox 3287 1295 3610 1366; x_wconf 76' lang='grc' dir='ltr'><strong>κατέστησεν</strong></span> 
     </span>
    </p>
   </div>
   <div class='ocr_carea' id='block_1_73' title="bbox 2041 1380 3614 1453">
    <p class='ocr_par' dir='ltr' id='par_1_73' title="bbox 2041 1380 3614 1453">
     <span class='ocr_line' id='line_1_73' title="bbox 2041 1380 3614 1453; baseline 0.004 -22"><span class='ocrx_word' id='word_1_553' title='bbox 2041 1380 2395 1451; x_wconf 74' lang='grc' dir='ltr'><strong>ἱερουργίαις·</strong></span> <span class='ocrx_word' id='word_1_554' title='bbox 2429 1383 2588 1453; x_wconf 89' lang='grc' dir='ltr'><strong>μόνον</strong></span> <span class='ocrx_word' id='word_1_555' title='bbox 2615 1384 2670 1436; x_wconf 83' lang='grc' dir='ltr'><strong>δὲ</strong></span> <span class='ocrx_word' id='word_1_556' title='bbox 2699 1385 2790 1438; x_wconf 83' lang='grc' dir='ltr'><strong>τὸν</strong></span> <span class='ocrx_word' id='word_1_557' title='bbox 2825 1388 2952 1440; x_wconf 84' lang='lat'><strong>0060</strong></span> <span class='ocrx_word' id='word_1_558' title='bbox 2979 1387 3166 1450; x_wconf 75' lang='grc' dir='ltr'><strong>αὐταῖς</strong></span> <span class='ocrx_word' id='word_1_559' title='bbox 3191 1385 3337 1448; x_wconf 79' lang='grc' dir='ltr'><strong>ἀνεὶς</strong></span> <span class='ocrx_word' id='word_1_560' title='bbox 3369 1387 3464 1438; x_wconf 73' lang='grc' dir='ltr'><strong>καὶ</strong></span> <span class='ocrx_word' id='word_1_561' title='bbox 3495 1389 3614 1438; x_wconf 77' lang='grc' dir='ltr'><strong>ἀπο-</strong></span> 
     </span>
    </p>
   </div>
   <div class='ocr_carea' id='block_1_74' title="bbox 2037 1469 3614 1548">
    <p class='ocr_par' dir='ltr' id='par_1_74' title="bbox 2037 1469 3614 1548">
     <span class='ocr_line' id='line_1_74' title="bbox 2037 1469 3614 1548; baseline 0.004 -24"><span class='ocrx_word' id='word_1_562' title='bbox 2037 1470 2224 1536; x_wconf 81' lang='grc' dir='ltr'><strong>τάξας,</strong></span> <span class='ocrx_word' id='word_1_563' title='bbox 2257 1469 2376 1526; x_wconf 84' lang='grc' dir='ltr'><strong>εἶτα</strong></span> <span class='ocrx_word' id='word_1_564' title='bbox 2418 1475 2580 1528; x_wconf 79' lang='grc' dir='ltr'><strong>αὐτὸν</strong></span> <span class='ocrx_word' id='word_1_565' title='bbox 2618 1474 2809 1530; x_wconf 85' lang='grc' dir='ltr'><strong>τοῦτον</strong></span> <span class='ocrx_word' id='word_1_566' title='bbox 2845 1475 3070 1548; x_wconf 76' lang='grc' dir='ltr'><strong>ὕστερον</strong></span> <span class='ocrx_word' id='word_1_567' title='bbox 3107 1475 3370 1540; x_wconf 80' lang='grc' dir='ltr'><strong>καθελὼν,</strong></span> <span class='ocrx_word' id='word_1_568' title='bbox 3407 1478 3507 1530; x_wconf 81' lang='grc' dir='ltr'><strong>καὶ</strong></span> <span class='ocrx_word' id='word_1_569' title='bbox 3543 1479 3614 1540; x_wconf 82' lang='grc' dir='ltr'><strong>είς</strong></span> 
     </span>
    </p>
   </div>
   <div class='ocr_carea' id='block_1_75' title="bbox 2035 1565 3610 1637">
    <p class='ocr_par' dir='ltr' id='par_1_75' title="bbox 2035 1565 3610 1637">
     <span class='ocr_line' id='line_1_75' title="bbox 2035 1565 3610 1637; baseline 0.002 -20"><span class='ocrx_word' id='word_1_570' title='bbox 2035 1565 2190 1628; x_wconf 82' lang='grc' dir='ltr'><strong>τέλος</strong></span> <span class='ocrx_word' id='word_1_571' title='bbox 2223 1567 2388 1630; x_wconf 79' lang='grc' dir='ltr'><strong>ἔδειξε</strong></span> <span class='ocrx_word' id='word_1_572' title='bbox 2414 1567 2500 1620; x_wconf 86' lang='grc' dir='ltr'><strong>διά</strong></span> <span class='ocrx_word' id='word_1_573' title='bbox 2523 1567 2631 1620; x_wconf 79' lang='grc' dir='ltr'><strong>τῶν</strong></span> <span class='ocrx_word' id='word_1_574' title='bbox 2653 1569 2990 1637; x_wconf 78' lang='grc' dir='ltr'><strong>πραγμάτων</strong></span> <span class='ocrx_word' id='word_1_575' title='bbox 3017 1569 3218 1634; x_wconf 76' lang='grc' dir='ltr'><strong>αὐτῶν,</strong></span> <span class='ocrx_word' id='word_1_576' title='bbox 3243 1571 3324 1622; x_wconf 78' lang='grc' dir='ltr'><strong>ὅτι</strong></span> <span class='ocrx_word' id='word_1_577' title='bbox 3347 1569 3610 1622; x_wconf 80' lang='grc' dir='ltr'><strong>πέπαυται</strong></span> 
     </span>
    </p>
   </div>
   <div class='ocr_carea' id='block_1_76' title="bbox 2036 1655 3612 1730">
    <p class='ocr_par' dir='ltr' id='par_1_76' title="bbox 2036 1655 3612 1730">
     <span class='ocr_line' id='line_1_76' title="bbox 2036 1655 3612 1730; baseline 0.002 -20"><span class='ocrx_word' id='word_1_578' title='bbox 2036 1655 2106 1710; x_wconf 74' lang='grc' dir='ltr'><strong>τὰ</strong></span> <span class='ocrx_word' id='word_1_579' title='bbox 2145 1657 2239 1710; x_wconf 89' lang='grc' dir='ltr'><strong>τοῦ</strong></span> <span class='ocrx_word' id='word_1_580' title='bbox 2267 1658 2432 1728; x_wconf 85' lang='grc' dir='ltr'><strong>νόμου</strong></span> <span class='ocrx_word' id='word_1_581' title='bbox 2471 1657 2560 1712; x_wconf 77' lang='grc' dir='ltr'><strong>διὰ</strong></span> <span class='ocrx_word' id='word_1_582' title='bbox 2591 1659 2844 1729; x_wconf 81' lang='grc' dir='ltr'><strong>Χριστοῦ·</strong></span> <span class='ocrx_word' id='word_1_583' title='bbox 2879 1662 2972 1712; x_wconf 81' lang='grc' dir='ltr'><strong>καὶ</strong></span> <span class='ocrx_word' id='word_1_584' title='bbox 3001 1660 3108 1730; x_wconf 76' lang='grc' dir='ltr'><strong>γὰρ</strong></span> <span class='ocrx_word' id='word_1_585' title='bbox 3139 1661 3230 1712; x_wconf 73' lang='grc' dir='ltr'><strong>τὸν</strong></span> <span class='ocrx_word' id='word_1_586' title='bbox 3263 1660 3386 1712; x_wconf 85' lang='grc' dir='ltr'><strong>ναὸν</strong></span> <span class='ocrx_word' id='word_1_587' title='bbox 3433 1663 3462 1713; x_wconf 76' lang='grc' dir='ltr'><strong>ὁ</strong></span> <span class='ocrx_word' id='word_1_588' title='bbox 3491 1662 3612 1728; x_wconf 77' lang='grc' dir='ltr'><strong>Χρι-</strong></span> 
     </span>
    </p>
   </div>
   <div class='ocr_carea' id='block_1_77' title="bbox 2040 1750 3612 1823">
    <p class='ocr_par' dir='ltr' id='par_1_77' title="bbox 2040 1750 3612 1823">
     <span class='ocr_line' id='line_1_77' title="bbox 2040 1750 3612 1823; baseline 0 -20"><span class='ocrx_word' id='word_1_589' title='bbox 2040 1750 2164 1806; x_wconf 79' lang='grc' dir='ltr'><strong>στὸς</strong></span> <span class='ocrx_word' id='word_1_590' title='bbox 2199 1751 2469 1804; x_wconf 84' lang='grc' dir='ltr'><strong>καθεῖλεν.</strong></span> <span class='ocrx_word' id='word_1_591' title='bbox 2510 1752 2568 1804; x_wconf 62' lang='lat' dir='ltr'><strong>Et</strong></span> <span class='ocrx_word' id='word_1_592' title='bbox 2601 1752 2656 1804; x_wconf 85' lang='grc' dir='ltr'><strong>δὲ</strong></span> <span class='ocrx_word' id='word_1_593' title='bbox 2703 1751 2881 1822; x_wconf 76' lang='grc' dir='ltr'><strong>βούλει</strong></span> <span class='ocrx_word' id='word_1_594' title='bbox 2920 1752 3016 1806; x_wconf 77' lang='grc' dir='ltr'><strong>καὶ</strong></span> <span class='ocrx_word' id='word_1_595' title='bbox 3049 1753 3137 1804; x_wconf 77' lang='grc' dir='ltr'><strong>διὰ</strong></span> <span class='ocrx_word' id='word_1_596' title='bbox 3177 1754 3440 1823; x_wconf 77' lang='grc' dir='ltr'><strong>ῥημάτων</strong></span> <span class='ocrx_word' id='word_1_597' title='bbox 3492 1754 3612 1804; x_wconf 80' lang='grc' dir='ltr'><strong>ἰδεῖν</strong></span> 
     </span>
    </p>
   </div>
   <div class='ocr_carea' id='block_1_78' title="bbox 2038 1842 3610 1916">
    <p class='ocr_par' dir='ltr' id='par_1_78' title="bbox 2038 1842 3610 1916">
     <span class='ocr_line' id='line_1_78' title="bbox 2038 1842 3610 1916; baseline 0 -20"><span class='ocrx_word' id='word_1_598' title='bbox 2038 1842 2156 1906; x_wconf 81' lang='grc' dir='ltr'><strong>πῶς</strong></span> <span class='ocrx_word' id='word_1_599' title='bbox 2179 1843 2266 1896; x_wconf 76' lang='grc' dir='ltr'><strong>διὰ</strong></span> <span class='ocrx_word' id='word_1_600' title='bbox 2287 1843 2379 1896; x_wconf 85' lang='grc' dir='ltr'><strong>τοῦ</strong></span> <span class='ocrx_word' id='word_1_601' title='bbox 2409 1843 2647 1914; x_wconf 85' lang='grc' dir='ltr'><strong>Χριστοῦ</strong></span> <span class='ocrx_word' id='word_1_602' title='bbox 2669 1848 3046 1916; x_wconf 81' lang='grc' dir='ltr'><strong>καταργεῖται.</strong></span> <span class='ocrx_word' id='word_1_603' title='bbox 3079 1845 3308 1898; x_wconf 82' lang='grc' dir='ltr'><strong>ἄκουσον</strong></span> <span class='ocrx_word' id='word_1_604' title='bbox 3335 1846 3402 1898; x_wconf 83' lang='grc' dir='ltr'><strong>αὐ</strong></span> <span class='ocrx_word' id='word_1_605' title='bbox 3413 1845 3506 1897; x_wconf 83' lang='grc' dir='ltr'><strong>τοῦ</strong></span> <span class='ocrx_word' id='word_1_606' title='bbox 3529 1844 3610 1897; x_wconf 86' lang='grc' dir='ltr'><strong>τοῦ</strong></span> 
     </span>
    </p>
   </div>
   <div class='ocr_carea' id='block_1_79' title="bbox 2036 1937 3611 2006">
    <p class='ocr_par' dir='ltr' id='par_1_79' title="bbox 2036 1937 3611 2006">
     <span class='ocr_line' id='line_1_79' title="bbox 2036 1937 3611 2006; baseline 0.001 -18"><span class='ocrx_word' id='word_1_607' title='bbox 2036 1937 2327 2006; x_wconf 81' lang='grc' dir='ltr'><strong>νομοθέτου</strong></span> <span class='ocrx_word' id='word_1_608' title='bbox 2359 1937 2608 2004; x_wconf 84' lang='grc' dir='ltr'><strong>λέγοντος</strong></span> <span class='ocrx_word' id='word_1_609' title='bbox 2640 1937 2802 1990; x_wconf 72' lang='grc' dir='ltr'><strong>οὕτω·</strong></span> <span class='ocrx_word' id='word_1_610' title='bbox 2830 1937 3154 2006; x_wconf 68' lang='grc' dir='ltr'><strong>Προφήτην</strong></span> <span class='ocrx_word' id='word_1_611' title='bbox 3180 1939 3323 2006; x_wconf 75' lang='grc' dir='ltr'><strong>ὑμῖν</strong></span> <span class='ocrx_word' id='word_1_612' title='bbox 3345 1937 3611 2004; x_wconf 77' lang='grc' dir='ltr'><strong>ἀναστή-</strong></span> 
     </span>
    </p>
   </div>
   <div class='ocr_carea' id='block_1_80' title="bbox 2044 2027 3614 2098">
    <p class='ocr_par' dir='ltr' id='par_1_80' title="bbox 2044 2027 3614 2098">
     <span class='ocr_line' id='line_1_80' title="bbox 2044 2027 3614 2098; baseline 0 -16"><span class='ocrx_word' id='word_1_613' title='bbox 2044 2045 2139 2082; x_wconf 85' lang='grc' dir='ltr'><strong>σει</strong></span> <span class='ocrx_word' id='word_1_614' title='bbox 2173 2030 2385 2098; x_wconf 61' lang='grc' dir='ltr'><strong>Κιτριος</strong></span> <span class='ocrx_word' id='word_1_615' title='bbox 2415 2030 2483 2083; x_wconf 81' lang='grc' dir='ltr'><strong>ἐκ</strong></span> <span class='ocrx_word' id='word_1_616' title='bbox 2507 2028 2627 2082; x_wconf 78' lang='grc' dir='ltr'><strong>τῶν</strong></span> <span class='ocrx_word' id='word_1_617' title='bbox 2653 2028 2932 2098; x_wconf 67' lang='grc' dir='ltr'><strong>ἀδελφῶν</strong></span> <span class='ocrx_word' id='word_1_618' title='bbox 2957 2029 3142 2098; x_wconf 72' lang='grc' dir='ltr'><strong>ὑμῶν,</strong></span> <span class='ocrx_word' id='word_1_619' title='bbox 3169 2031 3248 2094; x_wconf 87' lang='grc' dir='ltr'><strong>ὡς</strong></span> <span class='ocrx_word' id='word_1_620' title='bbox 3275 2029 3395 2098; x_wconf 74' lang='grc' dir='ltr'><strong>ἐμὲ·</strong></span> <span class='ocrx_word' id='word_1_621' title='bbox 3429 2027 3614 2084; x_wconf 80' lang='grc' dir='ltr'><strong>αὑτοῦ</strong></span> 
     </span>
    </p>
   </div>
   <div class='ocr_carea' id='block_1_81' title="bbox 2045 2119 3612 2189">
    <p class='ocr_par' dir='ltr' id='par_1_81' title="bbox 2045 2119 3612 2189">
     <span class='ocr_line' id='line_1_81' title="bbox 2045 2119 3612 2189; baseline -0.001 -15"><span class='ocrx_word' id='word_1_622' title='bbox 2045 2121 2383 2175; x_wconf 82' lang='grc' dir='ltr'><strong>ἀκούσεσθε</strong></span> <span class='ocrx_word' id='word_1_623' title='bbox 2421 2120 2572 2174; x_wconf 83' lang='grc' dir='ltr'><em>κατὰ</em></span> <span class='ocrx_word' id='word_1_624' title='bbox 2598 2120 2814 2180; x_wconf 81' lang='grc' dir='ltr'><strong>πάντα.</strong></span> <span class='ocrx_word' id='word_1_625' title='bbox 2853 2119 2970 2174; x_wconf 84' lang='grc' dir='ltr'><strong>ὅσα</strong></span> <span class='ocrx_word' id='word_1_626' title='bbox 3003 2120 3079 2174; x_wconf 83' lang='grc' dir='ltr'><strong>ἂν</strong></span> <span class='ocrx_word' id='word_1_627' title='bbox 3109 2119 3422 2187; x_wconf 77' lang='grc' dir='ltr'><strong>ἐντελῆται</strong></span> <span class='ocrx_word' id='word_1_628' title='bbox 3459 2119 3612 2189; x_wconf 82' lang='grc' dir='ltr'><strong>ὑμῖν.</strong></span> 
     </span>
    </p>
   </div>
   <div class='ocr_carea' id='block_1_82' title="bbox 2039 2211 3616 2283">
    <p class='ocr_par' dir='ltr' id='par_1_82' title="bbox 2039 2211 3616 2283">
     <span class='ocr_line' id='line_1_82' title="bbox 2039 2211 3616 2283; baseline -0.002 -15"><span class='ocrx_word' id='word_1_629' title='bbox 2039 2213 2148 2268; x_wconf 83' lang='grc' dir='ltr'><strong>Καί</strong></span> <span class='ocrx_word' id='word_1_630' title='bbox 2177 2212 2370 2276; x_wconf 82' lang='grc' dir='ltr'><strong>ἔσται,</strong></span> <span class='ocrx_word' id='word_1_631' title='bbox 2407 2213 2576 2268; x_wconf 79' lang='grc' dir='ltr'><strong>πᾶσα</strong></span> <span class='ocrx_word' id='word_1_632' title='bbox 2613 2213 2784 2283; x_wconf 64' lang='grc' dir='ltr'><strong>ψυχὴ</strong></span> <span class='ocrx_word' id='word_1_633' title='bbox 2815 2213 2948 2280; x_wconf 82' lang='grc' dir='ltr'><strong>ἣτις</strong></span> <span class='ocrx_word' id='word_1_634' title='bbox 2995 2213 3071 2266; x_wconf 82' lang='grc' dir='ltr'><strong>ἂν</strong></span> <span class='ocrx_word' id='word_1_635' title='bbox 3103 2213 3188 2282; x_wconf 83' lang='grc' dir='ltr'><strong>μὴ</strong></span> <span class='ocrx_word' id='word_1_636' title='bbox 3231 2213 3474 2278; x_wconf 76' lang='grc' dir='ltr'><strong>ἀκούσῃ</strong></span> <span class='ocrx_word' id='word_1_637' title='bbox 3517 2211 3616 2266; x_wconf 80' lang='grc' dir='ltr'><strong>τοῦ</strong></span> 
     </span>
    </p>
   </div>
   <div class='ocr_carea' id='block_1_83' title="bbox 2037 2303 3616 2375">
    <p class='ocr_par' dir='ltr' id='par_1_83' title="bbox 2037 2303 3616 2375">
     <span class='ocr_line' id='line_1_83' title="bbox 2037 2303 3616 2375; baseline 0 -17"><span class='ocrx_word' id='word_1_638' title='bbox 2037 2305 2349 2375; x_wconf 64' lang='grc' dir='ltr'><em>προφήτου</em></span> <span class='ocrx_word' id='word_1_639' title='bbox 2391 2307 2651 2370; x_wconf 78' lang='grc' dir='ltr'><strong>ἐκείνου,</strong></span> <span class='ocrx_word' id='word_1_640' title='bbox 2693 2305 3282 2374; x_wconf 72' lang='grc' dir='ltr'><strong>ἐξολοθρευθήσεται.</strong></span> <span class='ocrx_word' id='word_1_641' title='bbox 3313 2303 3472 2368; x_wconf 70' lang='grc' dir='ltr'><strong>Εἶδες</strong></span> <span class='ocrx_word' id='word_1_642' title='bbox 3508 2305 3616 2368; x_wconf 78' lang='grc' dir='ltr'><strong>πῶς</strong></span> 
     </span>
    </p>
   </div>
   <div class='ocr_carea' id='block_1_84' title="bbox 2037 2395 3617 2469">
    <p class='ocr_par' dir='ltr' id='par_1_84' title="bbox 2037 2395 3617 2469">
     <span class='ocr_line' id='line_1_84' title="bbox 2037 2395 3617 2469; baseline -0.001 -19"><span class='ocrx_word' id='word_1_643' title='bbox 2037 2398 2236 2465; x_wconf 78' lang='grc' dir='ltr'><strong>ἔδειξεν</strong></span> <span class='ocrx_word' id='word_1_644' title='bbox 2263 2403 2290 2452; x_wconf 85' lang='grc' dir='ltr'>ὁ</span> <span class='ocrx_word' id='word_1_645' title='bbox 2310 2399 2472 2469; x_wconf 84' lang='grc' dir='ltr'><strong>νόμος</strong></span> <span class='ocrx_word' id='word_1_646' title='bbox 2501 2401 2585 2454; x_wconf 77' lang='grc' dir='ltr'><strong>ὅτι</strong></span> <span class='ocrx_word' id='word_1_647' title='bbox 2619 2401 2676 2452; x_wconf 83' lang='grc' dir='ltr'><strong>ὲν</strong></span> <span class='ocrx_word' id='word_1_648' title='bbox 2704 2399 2925 2469; x_wconf 81' lang='grc' dir='ltr'><strong>Χριστῷ</strong></span> <span class='ocrx_word' id='word_1_649' title='bbox 2964 2397 3222 2463; x_wconf 88' lang='grc' dir='ltr'><strong>παύεται;</strong></span> <span class='ocrx_word' id='word_1_650' title='bbox 3267 2398 3326 2450; x_wconf 85' lang='grc'><strong>’0</strong></span> <span class='ocrx_word' id='word_1_651' title='bbox 3355 2395 3471 2468; x_wconf 75' lang='grc' dir='ltr'><strong>γὰρ</strong></span> <span class='ocrx_word' id='word_1_652' title='bbox 3495 2413 3617 2467; x_wconf 84' lang='grc' dir='ltr'><strong>προ-</strong></span> 
     </span>
    </p>
   </div>
   <div class='ocr_carea' id='block_1_85' title="bbox 2037 2480 3614 2560">
    <p class='ocr_par' dir='ltr' id='par_1_85' title="bbox 2037 2480 3614 2560">
     <span class='ocr_line' id='line_1_85' title="bbox 2037 2480 3614 2560; baseline 0 -20"><span class='ocrx_word' id='word_1_653' title='bbox 2037 2491 2214 2560; x_wconf 77' lang='grc' dir='ltr'><strong>φήτης</strong></span> <span class='ocrx_word' id='word_1_654' title='bbox 2247 2485 2422 2553; x_wconf 70' lang='grc' dir='ltr'><strong>οὗτος,</strong></span> <span class='ocrx_word' id='word_1_655' title='bbox 2449 2489 2728 2544; x_wconf 84' lang='grc' dir='ltr'><strong>τουτέστιν</strong></span> <span class='ocrx_word' id='word_1_656' title='bbox 2761 2491 2788 2542; x_wconf 82' lang='grc' dir='ltr'>ὁ</span> <span class='ocrx_word' id='word_1_657' title='bbox 2813 2491 3046 2559; x_wconf 75' lang='grc' dir='ltr'><strong>Χριστὸς</strong></span> <span class='ocrx_word' id='word_1_658' title='bbox 3075 2489 3134 2542; x_wconf 79' lang='grc' dir='ltr'><strong>τὸ</strong></span> <span class='ocrx_word' id='word_1_659' title='bbox 3161 2487 3301 2541; x_wconf 85' lang='grc' dir='ltr'><strong>κατά</strong></span> <span class='ocrx_word' id='word_1_660' title='bbox 3331 2487 3536 2559; x_wconf 79' lang='grc' dir='ltr'><strong>σάρκα.</strong></span> <span class='ocrx_word' id='word_1_661' title='bbox 3559 2480 3614 2540; x_wconf 70' lang='grc' dir='ltr'><strong>οὗ</strong></span> 
     </span>
    </p>
   </div>
   <div class='ocr_carea' id='block_1_86' title="bbox 2039 2580 3617 2652">
    <p class='ocr_par' dir='ltr' id='par_1_86' title="bbox 2039 2580 3617 2652">
     <span class='ocr_line' id='line_1_86' title="bbox 2039 2580 3617 2652; baseline -0.002 -16"><span class='ocrx_word' id='word_1_662' title='bbox 2039 2584 2258 2636; x_wconf 81' lang='grc' dir='ltr'><strong>ἀκούειν</strong></span> <span class='ocrx_word' id='word_1_663' title='bbox 2299 2584 2552 2637; x_wconf 83' lang='grc' dir='ltr'><strong>ἐκέλευσε</strong></span> <span class='ocrx_word' id='word_1_664' title='bbox 2583 2584 2844 2652; x_wconf 78' lang='grc' dir='ltr'><strong>Μωῦσῆς.</strong></span> <span class='ocrx_word' id='word_1_665' title='bbox 2883 2584 2976 2636; x_wconf 79' lang='grc' dir='ltr'><strong>καὶ</strong></span> <span class='ocrx_word' id='word_1_666' title='bbox 3007 2582 3274 2636; x_wconf 81' lang='grc' dir='ltr'><strong>σάϐϐατον</strong></span> <span class='ocrx_word' id='word_1_667' title='bbox 3317 2580 3412 2634; x_wconf 73' lang='grc' dir='ltr'><strong>καὶ</strong></span> <span class='ocrx_word' id='word_1_668' title='bbox 3467 2598 3617 2646; x_wconf 84' lang='grc' dir='ltr'><strong>περι-</strong></span> 
     </span>
    </p>
   </div>
   <div class='ocr_carea' id='block_1_87' title="bbox 2038 2671 3616 2744">
    <p class='ocr_par' dir='ltr' id='par_1_87' title="bbox 2038 2671 3616 2744">
     <span class='ocr_line' id='line_1_87' title="bbox 2038 2671 3616 2744; baseline -0.003 -16"><span class='ocrx_word' id='word_1_669' title='bbox 2038 2675 2211 2744; x_wconf 83' lang='grc' dir='ltr'><strong>τομὴν</strong></span> <span class='ocrx_word' id='word_1_670' title='bbox 2257 2677 2352 2728; x_wconf 72' lang='grc' dir='ltr'><strong>καὶ</strong></span> <span class='ocrx_word' id='word_1_671' title='bbox 2393 2675 2562 2728; x_wconf 81' lang='grc' dir='ltr'><strong>τᾶλλα</strong></span> <span class='ocrx_word' id='word_1_672' title='bbox 2593 2677 2771 2730; x_wconf 87' lang='grc' dir='ltr'><strong>πάντα</strong></span> <span class='ocrx_word' id='word_1_673' title='bbox 2804 2674 3029 2728; x_wconf 76' lang='grc' dir='ltr'><strong>ἔπαυσε.</strong></span> <span class='ocrx_word' id='word_1_674' title='bbox 3063 2673 3174 2727; x_wconf 75' lang='grc' dir='ltr'><strong>Καὶ</strong></span> <span class='ocrx_word' id='word_1_675' title='bbox 3207 2675 3236 2724; x_wconf 84' lang='grc' dir='ltr'><strong>ό</strong></span> <span class='ocrx_word' id='word_1_676' title='bbox 3266 2671 3434 2726; x_wconf 78' lang='grc' dir='ltr'><strong>Δαυῖδ</strong></span> <span class='ocrx_word' id='word_1_677' title='bbox 3473 2671 3530 2724; x_wconf 80' lang='grc' dir='ltr'><strong>δὲ</strong></span> <span class='ocrx_word' id='word_1_678' title='bbox 3560 2671 3616 2724; x_wconf 72' lang='grc' dir='ltr'><strong>τὸ</strong></span> 
     </span>
    </p>
   </div>
   <div class='ocr_carea' id='block_1_88' title="bbox 2038 2763 3614 2836">
    <p class='ocr_par' dir='ltr' id='par_1_88' title="bbox 2038 2763 3614 2836">
     <span class='ocr_line' id='line_1_88' title="bbox 2038 2763 3614 2836; baseline -0.001 -18"><span class='ocrx_word' id='word_1_679' title='bbox 2038 2766 2170 2819; x_wconf 86' lang='grc' dir='ltr'><strong>αὐτὸ</strong></span> <span class='ocrx_word' id='word_1_680' title='bbox 2193 2765 2349 2819; x_wconf 83' lang='grc' dir='ltr'><strong>τοῦτο</strong></span> <span class='ocrx_word' id='word_1_681' title='bbox 2372 2766 2568 2836; x_wconf 79' lang='grc' dir='ltr'><strong>δηλῶν,</strong></span> <span class='ocrx_word' id='word_1_682' title='bbox 2589 2767 2744 2834; x_wconf 76' lang='grc' dir='ltr'><strong>ἔλεγε</strong></span> <span class='ocrx_word' id='word_1_683' title='bbox 2769 2767 2896 2836; x_wconf 78' lang='grc' dir='ltr'><strong>περὶ</strong></span> <span class='ocrx_word' id='word_1_684' title='bbox 2917 2763 3010 2818; x_wconf 86' lang='grc' dir='ltr'><strong>τοῦ</strong></span> <span class='ocrx_word' id='word_1_685' title='bbox 3034 2763 3288 2835; x_wconf 84' lang='grc' dir='ltr'><strong>Χριστοῦ·</strong></span> <span class='ocrx_word' id='word_1_686' title='bbox 3315 2763 3400 2818; x_wconf 82' lang='grc' dir='ltr'><strong>Σὺ</strong></span> <span class='ocrx_word' id='word_1_687' title='bbox 3425 2763 3614 2832; x_wconf 75' lang='grc' dir='ltr'><strong>ἱερεὺς</strong></span> 
     </span>
    </p>
   </div>
   <div class='ocr_carea' id='block_1_89' title="bbox 2035 2857 3612 2928">
    <p class='ocr_par' dir='ltr' id='par_1_89' title="bbox 2035 2857 3612 2928">
     <span class='ocr_line' id='line_1_89' title="bbox 2035 2857 3612 2928; baseline -0.003 -15"><span class='ocrx_word' id='word_1_688' title='bbox 2035 2861 2124 2924; x_wconf 84' lang='grc' dir='ltr'><strong>εὶς</strong></span> <span class='ocrx_word' id='word_1_689' title='bbox 2172 2859 2279 2912; x_wconf 81' lang='grc' dir='ltr'><em>τόν</em></span> <span class='ocrx_word' id='word_1_690' title='bbox 2317 2859 2522 2922; x_wconf 86' lang='grc' dir='ltr'><strong>αὶῶνα,</strong></span> <span class='ocrx_word' id='word_1_691' title='bbox 2565 2861 2715 2913; x_wconf 81' lang='grc' dir='ltr'><em>κατὰ</em></span> <span class='ocrx_word' id='word_1_692' title='bbox 2752 2861 2865 2928; x_wconf 81' lang='grc' dir='ltr'><strong>τὴν</strong></span> <span class='ocrx_word' id='word_1_693' title='bbox 2899 2857 3074 2922; x_wconf 80' lang='grc' dir='ltr'><strong>τάξιν</strong></span> <span class='ocrx_word' id='word_1_694' title='bbox 3107 2857 3515 2926; x_wconf 79' lang='grc' dir='ltr'><strong>Μελχισεδὲκ,</strong></span> <span class='ocrx_word' id='word_1_695' title='bbox 3557 2857 3612 2909; x_wconf 77' lang='grc' dir='ltr'><strong>ού</strong></span> 
     </span>
    </p>
   </div>
   <div class='ocr_carea' id='block_1_90' title="bbox 2039 2950 3612 3023">
    <p class='ocr_par' dir='ltr' id='par_1_90' title="bbox 2039 2950 3612 3023">
     <span class='ocr_line' id='line_1_90' title="bbox 2039 2950 3612 3023; baseline -0.003 -16"><span class='ocrx_word' id='word_1_696' title='bbox 2039 2955 2180 3007; x_wconf 82' lang='grc' dir='ltr'><strong>κατά</strong></span> <span class='ocrx_word' id='word_1_697' title='bbox 2205 2953 2305 3022; x_wconf 82' lang='grc' dir='ltr'><strong>τὴν</strong></span> <span class='ocrx_word' id='word_1_698' title='bbox 2339 2953 2490 3019; x_wconf 81' lang='grc' dir='ltr'><strong>τάξιν</strong></span> <span class='ocrx_word' id='word_1_699' title='bbox 2515 2953 2743 3023; x_wconf 81' lang='grc' dir='ltr'><strong>’Λαρών.</strong></span> <span class='ocrx_word' id='word_1_700' title='bbox 2777 2953 2868 3006; x_wconf 81' lang='grc' dir='ltr'><strong>Διὸ</strong></span> <span class='ocrx_word' id='word_1_701' title='bbox 2902 2954 2992 3006; x_wconf 77' lang='grc' dir='ltr'><strong>καὶ</strong></span> <span class='ocrx_word' id='word_1_702' title='bbox 3015 2951 3201 3020; x_wconf 71' lang='grc' dir='ltr'><strong>σαφῶς</strong></span> <span class='ocrx_word' id='word_1_703' title='bbox 3230 2955 3258 3006; x_wconf 86' lang='grc' dir='ltr'>ὁ</span> <span class='ocrx_word' id='word_1_704' title='bbox 3279 2950 3500 3014; x_wconf 83' lang='grc' dir='ltr'><strong>Παῦλος</strong></span> <span class='ocrx_word' id='word_1_705' title='bbox 3527 2952 3612 3021; x_wconf 65' lang='lat'><strong>£9-</strong></span> 
     </span>
    </p>
   </div>
   <div class='ocr_carea' id='block_1_91' title="bbox 2041 3041 3616 3118">
    <p class='ocr_par' dir='ltr' id='par_1_91' title="bbox 2041 3041 3616 3118">
     <span class='ocr_line' id='line_1_91' title="bbox 2041 3041 3616 3118; baseline -0.001 -20"><span class='ocrx_word' id='word_1_706' title='bbox 2041 3045 2290 3118; x_wconf 87' lang='grc' dir='ltr'><strong>μηνεύων</strong></span> <span class='ocrx_word' id='word_1_707' title='bbox 2321 3045 2471 3106; x_wconf 84' lang='grc' dir='ltr'><strong>αὐτὸ,</strong></span> <span class='ocrx_word' id='word_1_708' title='bbox 2501 3046 2688 3116; x_wconf 77' lang='grc' dir='ltr'><strong>φησὶν,</strong></span> <span class='ocrx_word' id='word_1_709' title='bbox 2715 3047 2797 3099; x_wconf 85' lang='grc' dir='ltr'><strong>ὅτι</strong></span> <span class='ocrx_word' id='word_1_710' title='bbox 2819 3044 3296 3114; x_wconf 78' lang='grc' dir='ltr'><strong>Μετατιθεμένης</strong></span> <span class='ocrx_word' id='word_1_711' title='bbox 3329 3041 3442 3111; x_wconf 81' lang='grc' dir='ltr'><strong>τῆς</strong></span> <span class='ocrx_word' id='word_1_712' title='bbox 3461 3047 3616 3111; x_wconf 75' lang='grc' dir='ltr'><strong>ἱερω-</strong></span> 
     </span>
    </p>
   </div>
   <div class='ocr_carea' id='block_1_92' title="bbox 2037 3137 3613 3208">
    <p class='ocr_par' dir='ltr' id='par_1_92' title="bbox 2037 3137 3613 3208">
     <span class='ocr_line' id='line_1_92' title="bbox 2037 3137 3613 3208; baseline -0.001 -16"><span class='ocrx_word' id='word_1_713' title='bbox 2037 3140 2252 3205; x_wconf 82' lang='grc' dir='ltr'><strong>σύνης.</strong></span> <span class='ocrx_word' id='word_1_714' title='bbox 2277 3140 2348 3204; x_wconf 79' lang='grc' dir='ltr'><strong>ἐξ</strong></span> <span class='ocrx_word' id='word_1_715' title='bbox 2379 3138 2648 3208; x_wconf 75' lang='grc' dir='ltr'><strong>ἀνάγκης</strong></span> <span class='ocrx_word' id='word_1_716' title='bbox 2677 3139 2774 3192; x_wconf 83' lang='grc' dir='ltr'><strong>καί</strong></span> <span class='ocrx_word' id='word_1_717' title='bbox 2801 3139 2988 3208; x_wconf 84' lang='grc' dir='ltr'><em>νόμου</em></span> <span class='ocrx_word' id='word_1_718' title='bbox 3009 3137 3332 3208; x_wconf 79' lang='grc' dir='ltr'><strong>μετάθεσις</strong></span> <span class='ocrx_word' id='word_1_719' title='bbox 3365 3138 3613 3208; x_wconf 77' lang='grc' dir='ltr'><strong>γίνεται.</strong></span> 
     </span>
    </p>
   </div>
   <div class='ocr_carea' id='block_1_93' title="bbox 2039 3231 3614 3303">
    <p class='ocr_par' dir='ltr' id='par_1_93' title="bbox 2039 3231 3614 3303">
     <span class='ocr_line' id='line_1_93' title="bbox 2039 3231 3614 3303; baseline -0.003 -16"><span class='ocrx_word' id='word_1_720' title='bbox 2039 3233 2148 3287; x_wconf 75' lang='grc' dir='ltr'><strong>Καὶ</strong></span> <span class='ocrx_word' id='word_1_721' title='bbox 2185 3233 2418 3303; x_wconf 80' lang='grc' dir='ltr'><strong>ἀλλαχοῦ</strong></span> <span class='ocrx_word' id='word_1_722' title='bbox 2447 3233 2503 3286; x_wconf 79' lang='grc' dir='ltr'><strong>δὲ</strong></span> <span class='ocrx_word' id='word_1_723' title='bbox 2543 3233 2702 3286; x_wconf 83' lang='grc' dir='ltr'><strong>πάλιν</strong></span> <span class='ocrx_word' id='word_1_724' title='bbox 2736 3231 2868 3301; x_wconf 77' lang='grc' dir='ltr'><strong>φησί</strong></span> <span class='ocrx_word' id='word_1_725' title='bbox 2889 3249 2904 3262; x_wconf 89' lang='grc'><strong>·</strong></span> <span class='ocrx_word' id='word_1_726' title='bbox 2941 3233 3174 3286; x_wconf 83' lang='grc' dir='ltr'><strong>Θυσίαν</strong></span> <span class='ocrx_word' id='word_1_727' title='bbox 3203 3231 3302 3285; x_wconf 83' lang='grc' dir='ltr'><strong>καὶ</strong></span> <span class='ocrx_word' id='word_1_728' title='bbox 3345 3247 3614 3300; x_wconf 68' lang='grc' dir='ltr'><strong>προσεσο-</strong></span> 
     </span>
    </p>
   </div>
   <div class='ocr_carea' id='block_1_94' title="bbox 2029 3323 3616 3394">
    <p class='ocr_par' dir='ltr' id='par_1_94' title="bbox 2029 3323 3616 3394">
     <span class='ocr_line' id='line_1_94' title="bbox 2029 3323 3616 3394; baseline -0.003 -15"><span class='ocrx_word' id='word_1_729' title='bbox 2029 3325 2150 3394; x_wconf 85' lang='grc' dir='ltr'><em>ρὰν</em></span> <span class='ocrx_word' id='word_1_730' title='bbox 2171 3327 2282 3380; x_wconf 86' lang='grc' dir='ltr'><strong>οὐκ</strong></span> <span class='ocrx_word' id='word_1_731' title='bbox 2301 3323 2629 3393; x_wconf 82' lang='grc' dir='ltr'><strong>ἠθέλησας,</strong></span> <span class='ocrx_word' id='word_1_732' title='bbox 2663 3324 3121 3392; x_wconf 72' lang='grc' dir='ltr'><strong>ὁλοκαυτώματα</strong></span> <span class='ocrx_word' id='word_1_733' title='bbox 3145 3323 3246 3378; x_wconf 79' lang='grc' dir='ltr'><strong>καί</strong></span> <span class='ocrx_word' id='word_1_734' title='bbox 3273 3323 3408 3390; x_wconf 75' lang='grc' dir='ltr'><strong>περὶ</strong></span> <span class='ocrx_word' id='word_1_735' title='bbox 3435 3323 3616 3392; x_wconf 86' lang='grc' dir='ltr'><strong>ἀμαρ-</strong></span> 
     </span>
    </p>
   </div>
   <div class='ocr_carea' id='block_1_95' title="bbox 2036 3413 3612 3485">
    <p class='ocr_par' dir='ltr' id='par_1_95' title="bbox 2036 3413 3612 3485">
     <span class='ocr_line' id='line_1_95' title="bbox 2036 3413 3612 3485; baseline -0.003 -15"><span class='ocrx_word' id='word_1_736' title='bbox 2036 3419 2168 3483; x_wconf 81' lang='grc' dir='ltr'><strong>τίας</strong></span> <span class='ocrx_word' id='word_1_737' title='bbox 2197 3419 2308 3472; x_wconf 86' lang='grc' dir='ltr'><strong>οὐκ</strong></span> <span class='ocrx_word' id='word_1_738' title='bbox 2341 3417 2712 3485; x_wconf 82' lang='grc' dir='ltr'><strong>ηὐδόκησας·</strong></span> <span class='ocrx_word' id='word_1_739' title='bbox 2751 3419 2884 3472; x_wconf 88' lang='grc' dir='ltr'><strong>τότε</strong></span> <span class='ocrx_word' id='word_1_740' title='bbox 2907 3413 3099 3480; x_wconf 75' lang='grc' dir='ltr'><strong>εἶπον,</strong></span> <span class='ocrx_word' id='word_1_741' title='bbox 3137 3415 3292 3471; x_wconf 82' lang='grc' dir='ltr'><strong>Ἰδοὺ</strong></span> <span class='ocrx_word' id='word_1_742' title='bbox 3323 3415 3472 3484; x_wconf 80' lang='grc' dir='ltr'><strong>ἥκω.</strong></span> <span class='ocrx_word' id='word_1_743' title='bbox 3509 3414 3612 3470; x_wconf 70' lang='grc' dir='ltr'><strong>Καὶ</strong></span> 
     </span>
    </p>
   </div>
   <div class='ocr_carea' id='block_1_96' title="bbox 2037 3507 3611 3580">
    <p class='ocr_par' dir='ltr' id='par_1_96' title="bbox 2037 3507 3611 3580">
     <span class='ocr_line' id='line_1_96' title="bbox 2037 3507 3611 3580; baseline -0.002 -18"><span class='ocrx_word' id='word_1_744' title='bbox 2037 3509 2228 3580; x_wconf 78' lang='grc' dir='ltr'><strong>ἐτέρας</strong></span> <span class='ocrx_word' id='word_1_745' title='bbox 2255 3509 2312 3562; x_wconf 84' lang='grc' dir='ltr'><strong>δὲ</strong></span> <span class='ocrx_word' id='word_1_746' title='bbox 2345 3507 2525 3578; x_wconf 88' lang='grc' dir='ltr'><strong>πολλῷ</strong></span> <span class='ocrx_word' id='word_1_747' title='bbox 2557 3509 2760 3562; x_wconf 86' lang='grc' dir='ltr'><strong>τούτων</strong></span> <span class='ocrx_word' id='word_1_748' title='bbox 2787 3507 3003 3571; x_wconf 84' lang='grc' dir='ltr'><strong>πλείους</strong></span> <span class='ocrx_word' id='word_1_749' title='bbox 3028 3507 3250 3562; x_wconf 77' lang='grc' dir='ltr'><strong>δυνατὸν</strong></span> <span class='ocrx_word' id='word_1_750' title='bbox 3279 3509 3350 3560; x_wconf 85' lang='grc' dir='ltr'><strong>ὲκ</strong></span> <span class='ocrx_word' id='word_1_751' title='bbox 3379 3508 3480 3577; x_wconf 76' lang='grc' dir='ltr'><strong>τῆς</strong></span> <span class='ocrx_word' id='word_1_752' title='bbox 3503 3509 3611 3560; x_wconf 86' lang='grc' dir='ltr'><strong>Πα-</strong></span> 
     </span>
    </p>
   </div>
   <div class='ocr_carea' id='block_1_97' title="bbox 2035 3597 3610 3674">
    <p class='ocr_par' dir='ltr' id='par_1_97' title="bbox 2035 3597 3610 3674">
     <span class='ocr_line' id='line_1_97' title="bbox 2035 3597 3610 3674; baseline -0.004 -18"><span class='ocrx_word' id='word_1_753' title='bbox 2035 3602 2195 3666; x_wconf 82' lang='grc' dir='ltr'><strong>λαιᾶς</strong></span> <span class='ocrx_word' id='word_1_754' title='bbox 2225 3603 2572 3674; x_wconf 80' lang='grc' dir='ltr'><strong>παραγαγεῖν</strong></span> <span class='ocrx_word' id='word_1_755' title='bbox 2603 3601 2929 3672; x_wconf 85' lang='grc' dir='ltr'><strong>μαρτυρίας,</strong></span> <span class='ocrx_word' id='word_1_756' title='bbox 2965 3600 3229 3670; x_wconf 85' lang='grc' dir='ltr'><strong>δηλούσας</strong></span> <span class='ocrx_word' id='word_1_757' title='bbox 3259 3599 3378 3664; x_wconf 83' lang='grc' dir='ltr'><strong>πῶς</strong></span> <span class='ocrx_word' id='word_1_758' title='bbox 3404 3599 3494 3652; x_wconf 79' lang='grc' dir='ltr'><strong>διὰ</strong></span> <span class='ocrx_word' id='word_1_759' title='bbox 3523 3597 3610 3651; x_wconf 86' lang='grc' dir='ltr'><strong>τοῦ</strong></span> 
     </span>
    </p>
   </div>
   <div class='ocr_carea' id='block_1_98' title="bbox 2035 3693 3612 3768">
    <p class='ocr_par' dir='ltr' id='par_1_98' title="bbox 2035 3693 3612 3768">
     <span class='ocr_line' id='line_1_98' title="bbox 2035 3693 3612 3768; baseline -0.002 -18"><span class='ocrx_word' id='word_1_760' title='bbox 2035 3694 2274 3768; x_wconf 85' lang='grc' dir='ltr'><strong>Χριστοῦ</strong></span> <span class='ocrx_word' id='word_1_761' title='bbox 2309 3697 2668 3766; x_wconf 88' lang='grc' dir='ltr'><strong>καταργεῖται</strong></span> <span class='ocrx_word' id='word_1_762' title='bbox 2715 3695 2744 3748; x_wconf 88' lang='grc' dir='ltr'>ὁ</span> <span class='ocrx_word' id='word_1_763' title='bbox 2785 3695 2966 3761; x_wconf 88' lang='grc' dir='ltr'><strong>νόμος.</strong></span> <span class='ocrx_word' id='word_1_764' title='bbox 3007 3693 3168 3746; x_wconf 82' lang='grc' dir='ltr'><strong>’Ὥστε</strong></span> <span class='ocrx_word' id='word_1_765' title='bbox 3199 3693 3330 3747; x_wconf 83' lang='grc' dir='ltr'><strong>ὅταν</strong></span> <span class='ocrx_word' id='word_1_766' title='bbox 3371 3693 3612 3763; x_wconf 74' lang='grc' dir='ltr'><strong>ἀποστῇς</strong></span> 
     </span>
    </p>
   </div>
   <div class='ocr_carea' id='block_1_99' title="bbox 2035 3785 3612 3858">
    <p class='ocr_par' dir='ltr' id='par_1_99' title="bbox 2035 3785 3612 3858">
     <span class='ocr_line' id='line_1_99' title="bbox 2035 3785 3612 3858; baseline -0.004 -15"><span class='ocrx_word' id='word_1_767' title='bbox 2035 3787 2130 3844; x_wconf 87' lang='grc' dir='ltr'><strong>τοῦ</strong></span> <span class='ocrx_word' id='word_1_768' title='bbox 2161 3789 2352 3858; x_wconf 84' lang='grc' dir='ltr'><strong>νόμου,</strong></span> <span class='ocrx_word' id='word_1_769' title='bbox 2381 3787 2504 3841; x_wconf 81' lang='grc' dir='ltr'><strong>τότε</strong></span> <span class='ocrx_word' id='word_1_770' title='bbox 2533 3788 2652 3856; x_wconf 67' lang='grc' dir='ltr'><strong>ὄψει</strong></span> <span class='ocrx_word' id='word_1_771' title='bbox 2681 3787 2770 3840; x_wconf 86' lang='grc' dir='ltr'><strong>τὸν</strong></span> <span class='ocrx_word' id='word_1_772' title='bbox 2796 3788 2960 3856; x_wconf 87' lang='grc' dir='ltr'><strong>νόμον</strong></span> <span class='ocrx_word' id='word_1_773' title='bbox 2997 3785 3196 3849; x_wconf 83' lang='grc' dir='ltr'><strong>καλῶς·</strong></span> <span class='ocrx_word' id='word_1_774' title='bbox 3233 3787 3338 3848; x_wconf 76' lang='grc' dir='ltr'><strong>ἕως</strong></span> <span class='ocrx_word' id='word_1_775' title='bbox 3363 3785 3406 3838; x_wconf 81' lang='grc' dir='ltr'><strong>δ’</strong></span> <span class='ocrx_word' id='word_1_776' title='bbox 3429 3785 3498 3840; x_wconf 77' lang='grc' dir='ltr'><strong>ἂν</strong></span> <span class='ocrx_word' id='word_1_777' title='bbox 3521 3785 3612 3838; x_wconf 82' lang='grc' dir='ltr'><strong>αύ-</strong></span> 
     </span>
    </p>
   </div>
   <div class='ocr_carea' id='block_1_100' title="bbox 2035 3871 3612 3953">
    <p class='ocr_par' dir='ltr' id='par_1_100' title="bbox 2035 3871 3612 3953">
     <span class='ocr_line' id='line_1_100' title="bbox 2035 3871 3612 3953; baseline -0.005 -17"><span class='ocrx_word' id='word_1_778' title='bbox 2035 3881 2126 3936; x_wconf 84' lang='grc' dir='ltr'><strong>τὺν</strong></span> <span class='ocrx_word' id='word_1_779' title='bbox 2167 3881 2425 3953; x_wconf 83' lang='grc' dir='ltr'><strong>κατέχῃς,</strong></span> <span class='ocrx_word' id='word_1_780' title='bbox 2467 3880 2564 3933; x_wconf 79' lang='grc' dir='ltr'><strong>καὶ</strong></span> <span class='ocrx_word' id='word_1_781' title='bbox 2617 3877 2692 3950; x_wconf 81' lang='grc' dir='ltr'><strong>μὴ</strong></span> <span class='ocrx_word' id='word_1_782' title='bbox 2741 3878 2998 3950; x_wconf 71' lang='grc' dir='ltr'><strong>πιστεύῃς</strong></span> <span class='ocrx_word' id='word_1_783' title='bbox 3029 3876 3268 3947; x_wconf 84' lang='grc' dir='ltr'><strong>Χριστῷ,</strong></span> <span class='ocrx_word' id='word_1_784' title='bbox 3317 3878 3420 3930; x_wconf 77' lang='grc' dir='ltr'><strong>οὐκ</strong></span> <span class='ocrx_word' id='word_1_785' title='bbox 3467 3871 3612 3937; x_wconf 80' lang='grc' dir='ltr'><strong>οἶδας</strong></span> 
     </span>
    </p>
   </div>
   <div class='ocr_carea' id='block_1_101' title="bbox 2036 3966 3612 4041">
    <p class='ocr_par' dir='ltr' id='par_1_101' title="bbox 2036 3966 3612 4041">
     <span class='ocr_line' id='line_1_101' title="bbox 2036 3966 3612 4041; baseline -0.006 -15"><span class='ocrx_word' id='word_1_786' title='bbox 2036 3972 2156 4026; x_wconf 81' lang='grc' dir='ltr'><strong>οὐδὲ</strong></span> <span class='ocrx_word' id='word_1_787' title='bbox 2179 3972 2340 4025; x_wconf 77' lang='grc' dir='ltr'><strong>αὐτὸν</strong></span> <span class='ocrx_word' id='word_1_788' title='bbox 2373 3971 2464 4023; x_wconf 80' lang='grc' dir='ltr'><strong>τὸν</strong></span> <span class='ocrx_word' id='word_1_789' title='bbox 2497 3970 2680 4041; x_wconf 89' lang='grc' dir='ltr'><strong>νόμον.</strong></span> <span class='ocrx_word' id='word_1_790' title='bbox 2713 3969 2802 4022; x_wconf 74' lang='grc' dir='ltr'><strong>Διὸ</strong></span> <span class='ocrx_word' id='word_1_791' title='bbox 2827 3970 2920 4022; x_wconf 76' lang='grc' dir='ltr'><strong>καὶ</strong></span> <span class='ocrx_word' id='word_1_792' title='bbox 2953 3968 3252 4038; x_wconf 77' lang='grc' dir='ltr'><strong>ἐπήγαγεν,</strong></span> <span class='ocrx_word' id='word_1_793' title='bbox 3281 3966 3612 4034; x_wconf 70' lang='grc' dir='ltr'><strong>σαφέστερον</strong></span> 
     </span>
    </p>
   </div>
   <div class='ocr_carea' id='block_1_102' title="bbox 2034 4055 3612 4126">
    <p class='ocr_par' dir='ltr' id='par_1_102' title="bbox 2034 4055 3612 4126">
     <span class='ocr_line' id='line_1_102' title="bbox 2034 4055 3612 4126; baseline -0.005 -11"><span class='ocrx_word' id='word_1_794' title='bbox 2034 4061 2194 4116; x_wconf 89' lang='grc' dir='ltr'><strong>τοῦτο</strong></span> <span class='ocrx_word' id='word_1_795' title='bbox 2219 4062 2350 4116; x_wconf 82' lang='grc' dir='ltr'><strong>αὐτὸ</strong></span> <span class='ocrx_word' id='word_1_796' title='bbox 2378 4061 2829 4125; x_wconf 75' lang='grc' dir='ltr'><strong>κατασκευάζων,</strong></span> <span class='ocrx_word' id='word_1_797' title='bbox 2847 4061 2998 4114; x_wconf 77' lang='grc' dir='ltr'><strong>Ἀλλ’</strong></span> <span class='ocrx_word' id='word_1_798' title='bbox 3021 4059 3134 4124; x_wconf 85' lang='grc' dir='ltr'><strong>ἓως</strong></span> <span class='ocrx_word' id='word_1_799' title='bbox 3163 4057 3449 4126; x_wconf 77' lang='grc' dir='ltr'><strong>σήμερον,</strong></span> <span class='ocrx_word' id='word_1_800' title='bbox 3481 4055 3612 4124; x_wconf 77' lang='grc' dir='ltr'><strong>ἠνί-</strong></span> 
     </span>
    </p>
   </div>
   <div class='ocr_carea' id='block_1_103' title="bbox 2035 4149 3612 4222">
    <p class='ocr_par' dir='ltr' id='par_1_103' title="bbox 2035 4149 3612 4222">
     <span class='ocr_line' id='line_1_103' title="bbox 2035 4149 3612 4222; baseline -0.003 -14"><span class='ocrx_word' id='word_1_801' title='bbox 2035 4172 2113 4210; x_wconf 87' lang='grc' dir='ltr'><em>κα</em></span> <span class='ocrx_word' id='word_1_802' title='bbox 2165 4153 2639 4222; x_wconf 77' lang='grc' dir='ltr'><strong>ἀναγινώσκεται</strong></span> <span class='ocrx_word' id='word_1_803' title='bbox 2695 4152 2973 4220; x_wconf 71' lang='grc' dir='ltr'><strong>Μωῡσιῆς,</strong></span> <span class='ocrx_word' id='word_1_804' title='bbox 3027 4150 3308 4220; x_wconf 76' lang='grc' dir='ltr'><em>κάλυμμα</em></span> <span class='ocrx_word' id='word_1_805' title='bbox 3361 4149 3462 4204; x_wconf 75' lang='grc' dir='ltr'><strong>ἐπὶ</strong></span> <span class='ocrx_word' id='word_1_806' title='bbox 3501 4149 3612 4216; x_wconf 78' lang='grc' dir='ltr'><strong>τὴν</strong></span> 
     </span>
    </p>
   </div>
   <div class='ocr_carea' id='block_1_104' title="bbox 2035 4235 3608 4312">
    <p class='ocr_par' dir='ltr' id='par_1_104' title="bbox 2035 4235 3608 4312">
     <span class='ocr_line' id='line_1_104' title="bbox 2035 4235 3608 4312; baseline -0.005 -13"><span class='ocrx_word' id='word_1_807' title='bbox 2035 4244 2287 4312; x_wconf 83' lang='grc' dir='ltr'><strong>καρδίαν</strong></span> <span class='ocrx_word' id='word_1_808' title='bbox 2309 4243 2509 4298; x_wconf 78' lang='grc' dir='ltr'><strong>αὐτῶν</strong></span> <span class='ocrx_word' id='word_1_809' title='bbox 2537 4243 2744 4298; x_wconf 85' lang='grc' dir='ltr'><strong>κεῖται.</strong></span> <span class='ocrx_word' id='word_1_810' title='bbox 2779 4241 2997 4312; x_wconf 83' lang='grc' dir='ltr'><strong>Ἐπειδὴ</strong></span> <span class='ocrx_word' id='word_1_811' title='bbox 3018 4241 3124 4312; x_wconf 81' lang='grc' dir='ltr'><strong>γὰρ</strong></span> <span class='ocrx_word' id='word_1_812' title='bbox 3153 4235 3325 4303; x_wconf 74' lang='grc' dir='ltr'><strong>εἶπεν,</strong></span> <span class='ocrx_word' id='word_1_813' title='bbox 3351 4240 3434 4292; x_wconf 81' lang='grc' dir='ltr'><strong>ὅτι</strong></span> <span class='ocrx_word' id='word_1_814' title='bbox 3463 4241 3522 4292; x_wconf 83' lang='grc' dir='ltr'><strong>ἐν</strong></span> <span class='ocrx_word' id='word_1_815' title='bbox 3545 4239 3608 4310; x_wconf 75' lang='grc' dir='ltr'><strong>τῇ</strong></span> 
     </span>
    </p>
   </div>
   <div class='ocr_carea' id='block_1_105' title="bbox 2035 4330 3605 4404">
    <p class='ocr_par' dir='ltr' id='par_1_105' title="bbox 2035 4330 3605 4404">
     <span class='ocr_line' id='line_1_105' title="bbox 2035 4330 3605 4404; baseline -0.004 -16"><span class='ocrx_word' id='word_1_816' title='bbox 2035 4333 2340 4404; x_wconf 85' lang='grc' dir='ltr'><strong>ἀναγνώσει</strong></span> <span class='ocrx_word' id='word_1_817' title='bbox 2365 4333 2466 4404; x_wconf 85' lang='grc' dir='ltr'><strong>τῆς</strong></span> <span class='ocrx_word' id='word_1_818' title='bbox 2495 4334 2732 4398; x_wconf 81' lang='grc' dir='ltr'><strong>Παλαιᾶς</strong></span> <span class='ocrx_word' id='word_1_819' title='bbox 2759 4333 3033 4404; x_wconf 84' lang='grc' dir='ltr'><strong>Διαθήκης</strong></span> <span class='ocrx_word' id='word_1_820' title='bbox 3067 4331 3218 4400; x_wconf 87' lang='grc' dir='ltr'><strong>μένει</strong></span> <span class='ocrx_word' id='word_1_821' title='bbox 3241 4330 3302 4383; x_wconf 81' lang='grc' dir='ltr'><strong>τὸ</strong></span> <span class='ocrx_word' id='word_1_822' title='bbox 3325 4331 3605 4401; x_wconf 78' lang='grc' dir='ltr'><strong>κάλυμμα·</strong></span> 
     </span>
    </p>
   </div>
   <div class='ocr_carea' id='block_1_106' title="bbox 2037 4415 3608 4496">
    <p class='ocr_par' dir='ltr' id='par_1_106' title="bbox 2037 4415 3608 4496">
     <span class='ocr_line' id='line_1_106' title="bbox 2037 4415 3608 4496; baseline -0.004 -18"><span class='ocrx_word' id='word_1_823' title='bbox 2037 4425 2124 4480; x_wconf 78' lang='grc' dir='ltr'><strong>ἵνα</strong></span> <span class='ocrx_word' id='word_1_824' title='bbox 2159 4427 2232 4496; x_wconf 87' lang='grc' dir='ltr'><strong>μή</strong></span> <span class='ocrx_word' id='word_1_825' title='bbox 2260 4441 2344 4489; x_wconf 90' lang='grc' dir='ltr'><strong>τις</strong></span> <span class='ocrx_word' id='word_1_826' title='bbox 2373 4423 2568 4494; x_wconf 82' lang='grc' dir='ltr'><strong>νομίσῃ</strong></span> <span class='ocrx_word' id='word_1_827' title='bbox 2594 4425 2692 4494; x_wconf 87' lang='grc' dir='ltr'><strong>τῆς</strong></span> <span class='ocrx_word' id='word_1_828' title='bbox 2729 4423 2991 4492; x_wconf 86' lang='grc' dir='ltr'><strong>ἀσαφείας</strong></span> <span class='ocrx_word' id='word_1_829' title='bbox 3034 4419 3127 4474; x_wconf 87' lang='grc' dir='ltr'><strong>τοῦ</strong></span> <span class='ocrx_word' id='word_1_830' title='bbox 3167 4422 3331 4490; x_wconf 84' lang='grc' dir='ltr'><strong>νόμου</strong></span> <span class='ocrx_word' id='word_1_831' title='bbox 3370 4415 3510 4473; x_wconf 83' lang='grc' dir='ltr'><strong>εἶναι</strong></span> <span class='ocrx_word' id='word_1_832' title='bbox 3551 4419 3608 4472; x_wconf 80' lang='grc' dir='ltr'><strong>τὸ</strong></span> 
     </span>
    </p>
   </div>
   <div class='ocr_carea' id='block_1_107' title="bbox 2036 4511 3605 4590">
    <p class='ocr_par' dir='ltr' id='par_1_107' title="bbox 2036 4511 3605 4590">
     <span class='ocr_line' id='line_1_107' title="bbox 2036 4511 3605 4590; baseline -0.005 -18"><span class='ocrx_word' id='word_1_833' title='bbox 2036 4518 2348 4590; x_wconf 83' lang='grc' dir='ltr'><strong>εἰρημένον,</strong></span> <span class='ocrx_word' id='word_1_834' title='bbox 2395 4518 2487 4570; x_wconf 80' lang='grc' dir='ltr'><strong>καὶ</strong></span> <span class='ocrx_word' id='word_1_835' title='bbox 2515 4517 2580 4570; x_wconf 90' lang='grc' dir='ltr'><strong>δι’</strong></span> <span class='ocrx_word' id='word_1_836' title='bbox 2611 4516 2814 4588; x_wconf 83' lang='grc' dir='ltr'><strong>ἐτέρων</strong></span> <span class='ocrx_word' id='word_1_837' title='bbox 2865 4516 2962 4586; x_wconf 81' lang='grc' dir='ltr'><strong>μὲν</strong></span> <span class='ocrx_word' id='word_1_838' title='bbox 3002 4515 3133 4568; x_wconf 75' lang='grc' dir='ltr'><strong>αὐτὸ</strong></span> <span class='ocrx_word' id='word_1_839' title='bbox 3171 4513 3263 4567; x_wconf 75' lang='grc' dir='ltr'><strong>καὶ</strong></span> <span class='ocrx_word' id='word_1_840' title='bbox 3299 4511 3605 4584; x_wconf 73' lang='grc' dir='ltr'><strong>ἔμπροσθεν</strong></span> 
     </span>
    </p>
   </div>
   <div class='ocr_carea' id='block_1_108' title="bbox 2037 4603 3608 4682">
    <p class='ocr_par' dir='ltr' id='par_1_108' title="bbox 2037 4603 3608 4682">
     <span class='ocr_line' id='line_1_108' title="bbox 2037 4603 3608 4682; baseline -0.006 -18"><span class='ocrx_word' id='word_1_841' title='bbox 2037 4611 2207 4678; x_wconf 74' lang='grc' dir='ltr'><strong>ἔδειξε</strong></span> <span class='ocrx_word' id='word_1_842' title='bbox 2235 4609 2332 4681; x_wconf 85' lang='grc' dir='ltr'><strong>(τῷ</strong></span> <span class='ocrx_word' id='word_1_843' title='bbox 2361 4609 2468 4682; x_wconf 85' lang='grc' dir='ltr'><strong>γὰρ</strong></span> <span class='ocrx_word' id='word_1_844' title='bbox 2503 4611 2699 4674; x_wconf 86' lang='grc' dir='ltr'><strong>εἰπεῖν,</strong></span> <span class='ocrx_word' id='word_1_845' title='bbox 2741 4605 3050 4674; x_wconf 82' lang='grc' dir='ltr'><strong>Ἐπωρώθη</strong></span> <span class='ocrx_word' id='word_1_846' title='bbox 3087 4607 3156 4658; x_wconf 85' lang='grc' dir='ltr'><em>τὰ</em></span> <span class='ocrx_word' id='word_1_847' title='bbox 3191 4603 3462 4674; x_wconf 78' lang='grc' dir='ltr'><em>νοήματα</em></span> <span class='ocrx_word' id='word_1_848' title='bbox 3503 4603 3608 4656; x_wconf 78' lang='grc' dir='ltr'><strong>αὑ-</strong></span> 
     </span>
    </p>
   </div>
   <div class='ocr_carea' id='block_1_109' title="bbox 2035 4691 3604 4770">
    <p class='ocr_par' dir='ltr' id='par_1_109' title="bbox 2035 4691 3604 4770">
     <span class='ocr_line' id='line_1_109' title="bbox 2035 4691 3604 4770; baseline -0.008 -12"><span class='ocrx_word' id='word_1_849' title='bbox 2035 4705 2175 4768; x_wconf 85' lang='grc' dir='ltr'><strong>τῶν,</strong></span> <span class='ocrx_word' id='word_1_850' title='bbox 2204 4703 2474 4757; x_wconf 73' lang='grc' dir='ltr'><strong>δείκνυσιν</strong></span> <span class='ocrx_word' id='word_1_851' title='bbox 2523 4701 2702 4756; x_wconf 84' lang='grc' dir='ltr'><strong>αὐτῶν</strong></span> <span class='ocrx_word' id='word_1_852' title='bbox 2728 4699 2786 4753; x_wconf 81' lang='grc' dir='ltr'><strong>τὸ</strong></span> <span class='ocrx_word' id='word_1_853' title='bbox 2819 4699 3068 4770; x_wconf 78' lang='grc' dir='ltr'><strong>ἔγκλημα</strong></span> <span class='ocrx_word' id='word_1_854' title='bbox 3099 4697 3200 4766; x_wconf 78' lang='grc' dir='ltr'><strong>ὃν),</strong></span> <span class='ocrx_word' id='word_1_855' title='bbox 3237 4697 3332 4750; x_wconf 78' lang='grc' dir='ltr'><strong>καὶ</strong></span> <span class='ocrx_word' id='word_1_856' title='bbox 3378 4697 3436 4748; x_wconf 77' lang='grc' dir='ltr'><strong>ἐν</strong></span> <span class='ocrx_word' id='word_1_857' title='bbox 3461 4691 3604 4764; x_wconf 77' lang='grc' dir='ltr'><strong>αὐτῷ</strong></span> 
     </span>
    </p>
   </div>
   <div class='ocr_carea' id='block_1_110' title="bbox 2035 4789 3602 4865">
    <p class='ocr_par' dir='ltr' id='par_1_110' title="bbox 2035 4789 3602 4865">
     <span class='ocr_line' id='line_1_110' title="bbox 2035 4789 3602 4865; baseline -0.01 -12"><span class='ocrx_word' id='word_1_858' title='bbox 2035 4799 2092 4854; x_wconf 80' lang='grc' dir='ltr'><strong>δὲ</strong></span> <span class='ocrx_word' id='word_1_859' title='bbox 2124 4798 2299 4865; x_wconf 83' lang='grc' dir='ltr'><strong>τούτῳ</strong></span> <span class='ocrx_word' id='word_1_860' title='bbox 2349 4797 2530 4851; x_wconf 82' lang='grc' dir='ltr'><strong>πάλιν.</strong></span> <span class='ocrx_word' id='word_1_861' title='bbox 2568 4796 2642 4848; x_wconf 80' lang='grc' dir='ltr'><strong>Οὐ</strong></span> <span class='ocrx_word' id='word_1_862' title='bbox 2676 4795 2784 4865; x_wconf 82' lang='grc' dir='ltr'><strong>γὰρ</strong></span> <span class='ocrx_word' id='word_1_863' title='bbox 2807 4789 2980 4856; x_wconf 81' lang='grc' dir='ltr'><strong>εἶπεν,</strong></span> <span class='ocrx_word' id='word_1_864' title='bbox 3032 4791 3119 4844; x_wconf 86' lang='grc' dir='ltr'><strong>Ἐν</strong></span> <span class='ocrx_word' id='word_1_865' title='bbox 3155 4791 3267 4852; x_wconf 88' lang='grc' dir='ltr'><strong>τοῖς</strong></span> <span class='ocrx_word' id='word_1_866' title='bbox 3315 4790 3602 4860; x_wconf 79' lang='grc' dir='ltr'><strong>γράμμασι</strong></span> 
     </span>
    </p>
   </div>
   <div class='ocr_carea' id='block_1_111' title="bbox 2039 4879 3604 4962">
    <p class='ocr_par' dir='ltr' id='par_1_111' title="bbox 2039 4879 3604 4962">
     <span class='ocr_line' id='line_1_111' title="bbox 2039 4879 3604 4962; baseline -0.008 -18"><span class='ocrx_word' id='word_1_867' title='bbox 2039 4891 2189 4962; x_wconf 85' lang='grc' dir='ltr'><strong>μένει</strong></span> <span class='ocrx_word' id='word_1_868' title='bbox 2235 4891 2296 4943; x_wconf 85' lang='grc' dir='ltr'><strong>τὸ</strong></span> <span class='ocrx_word' id='word_1_869' title='bbox 2337 4890 2620 4959; x_wconf 66' lang='grc' dir='ltr'><strong>κάλυμμα,</strong></span> <span class='ocrx_word' id='word_1_870' title='bbox 2653 4887 2790 4952; x_wconf 84' lang='grc' dir='ltr'><strong>ἀλλ’,</strong></span> <span class='ocrx_word' id='word_1_871' title='bbox 2835 4887 2939 4938; x_wconf 83' lang='grc' dir='ltr'><em>Ἐν</em></span> <span class='ocrx_word' id='word_1_872' title='bbox 2975 4883 3050 4952; x_wconf 73' lang='grc' dir='ltr'><strong>τῇ</strong></span> <span class='ocrx_word' id='word_1_873' title='bbox 3092 4881 3452 4950; x_wconf 81' lang='grc' dir='ltr'><strong>ἀναγνώσει·</strong></span> <span class='ocrx_word' id='word_1_874' title='bbox 3487 4881 3521 4950; x_wconf 76' lang='grc' dir='ltr'><strong>ἡ</strong></span> <span class='ocrx_word' id='word_1_875' title='bbox 3549 4879 3604 4932; x_wconf 76' lang='grc' dir='ltr'><strong>δὲ</strong></span> 
     </span>
    </p>
   </div>
   <div class='ocr_carea' id='block_1_112' title="bbox 2036 4971 3602 5050">
    <p class='ocr_par' dir='ltr' id='par_1_112' title="bbox 2036 4971 3602 5050">
     <span class='ocr_line' id='line_1_112' title="bbox 2036 4971 3602 5050; baseline -0.01 -14"><span class='ocrx_word' id='word_1_876' title='bbox 2036 4983 2344 5050; x_wconf 85' lang='grc' dir='ltr'><strong>ἀνάγνωσις</strong></span> <span class='ocrx_word' id='word_1_877' title='bbox 2381 4981 2630 5050; x_wconf 80' lang='grc' dir='ltr'><strong>ἐνέργεια</strong></span> <span class='ocrx_word' id='word_1_878' title='bbox 2677 4979 2784 5032; x_wconf 86' lang='grc' dir='ltr'><strong>τῶν</strong></span> <span class='ocrx_word' id='word_1_879' title='bbox 2812 4974 3292 5044; x_wconf 83' lang='grc' dir='ltr'><strong>ἀναγινωσκόντων</strong></span> <span class='ocrx_word' id='word_1_880' title='bbox 3331 4973 3471 5026; x_wconf 82' lang='grc' dir='ltr'><strong>ἐστί·</strong></span> <span class='ocrx_word' id='word_1_881' title='bbox 3511 4971 3602 5024; x_wconf 76' lang='grc' dir='ltr'><strong>καὶ</strong></span> 
     </span>
    </p>
   </div>
   <div class='ocr_carea' id='block_1_113' title="bbox 2035 5061 3600 5138">
    <p class='ocr_par' dir='ltr' id='par_1_113' title="bbox 2035 5061 3600 5138">
     <span class='ocr_line' id='line_1_113' title="bbox 2035 5061 3600 5138; baseline -0.012 -13"><span class='ocrx_word' id='word_1_882' title='bbox 2035 5074 2218 5132; x_wconf 80' lang='grc' dir='ltr'><strong>πάλιν.</strong></span> <span class='ocrx_word' id='word_1_883' title='bbox 2254 5073 2460 5125; x_wconf 74' lang='grc' dir='ltr'><em>Ἠνίκα</em></span> <span class='ocrx_word' id='word_1_884' title='bbox 2475 5067 2944 5138; x_wconf 78' lang='grc' dir='ltr'><strong>ἀναγινώσκεται</strong></span> <span class='ocrx_word' id='word_1_885' title='bbox 2969 5061 3249 5130; x_wconf 78' lang='grc' dir='ltr'><strong>Μωῠσῆς.</strong></span> <span class='ocrx_word' id='word_1_886' title='bbox 3271 5061 3600 5131; x_wconf 77' lang='grc' dir='ltr'><strong>Σαφέστερον</strong></span> 
     </span>
    </p>
   </div>
   <div class='ocr_carea' id='block_1_114' title="bbox 2033 5147 3600 5233">
    <p class='ocr_par' dir='ltr' id='par_1_114' title="bbox 2033 5147 3600 5233">
     <span class='ocr_line' id='line_1_114' title="bbox 2033 5147 3600 5233; baseline -0.013 -15"><span class='ocrx_word' id='word_1_887' title='bbox 2033 5165 2090 5218; x_wconf 80' lang='grc' dir='ltr'><strong>δὲ</strong></span> <span class='ocrx_word' id='word_1_888' title='bbox 2111 5164 2240 5216; x_wconf 77' lang='grc' dir='ltr'><strong>αὐτὸ</strong></span> <span class='ocrx_word' id='word_1_889' title='bbox 2261 5165 2328 5233; x_wconf 82' lang='grc' dir='ltr'><strong>τῇ</strong></span> <span class='ocrx_word' id='word_1_890' title='bbox 2353 5161 2493 5226; x_wconf 80' lang='grc' dir='ltr'><strong>λέξει</strong></span> <span class='ocrx_word' id='word_1_891' title='bbox 2519 5163 2582 5228; x_wconf 79' lang='grc' dir='ltr'><strong>τῇ</strong></span> <span class='ocrx_word' id='word_1_892' title='bbox 2610 5159 2734 5226; x_wconf 76' lang='grc' dir='ltr'>ἑξῆς</span> <span class='ocrx_word' id='word_1_893' title='bbox 2763 5156 3048 5228; x_wconf 80' lang='grc' dir='ltr'><strong>ἐδήλωσεν,</strong></span> <span class='ocrx_word' id='word_1_894' title='bbox 3075 5147 3600 5218; x_wconf 83' lang='grc' dir='ltr'><strong>ἀνακεκαλυμμένως</strong></span> 
     </span>
    </p>
   </div>
   <div class='ocr_carea' id='block_1_115' title="bbox 2034 5241 3591 5324">
    <p class='ocr_par' dir='ltr' id='par_1_115' title="bbox 2034 5241 3591 5324">
     <span class='ocr_line' id='line_1_115' title="bbox 2034 5241 3591 5324; baseline -0.013 -12"><span class='ocrx_word' id='word_1_895' title='bbox 2034 5257 2226 5321; x_wconf 80' lang='grc' dir='ltr'><strong>εἰπὼν,</strong></span> <span class='ocrx_word' id='word_1_896' title='bbox 2255 5255 2554 5324; x_wconf 81' lang='grc' dir='ltr'><em>Κάλυμμα</em></span> <span class='ocrx_word' id='word_1_897' title='bbox 2599 5253 2696 5308; x_wconf 76' lang='grc' dir='ltr'><strong>ἐπὶ</strong></span> <span class='ocrx_word' id='word_1_898' title='bbox 2722 5251 2836 5318; x_wconf 78' lang='grc' dir='ltr'><em>τὴν</em></span> <span class='ocrx_word' id='word_1_899' title='bbox 2865 5249 3112 5319; x_wconf 84' lang='grc' dir='ltr'><strong>καρδίαν</strong></span> <span class='ocrx_word' id='word_1_900' title='bbox 3154 5245 3352 5302; x_wconf 76' lang='grc' dir='ltr'><strong>αὐτῶν</strong></span> <span class='ocrx_word' id='word_1_901' title='bbox 3400 5241 3591 5296; x_wconf 74' lang='grc' dir='ltr'><strong>κεῖται.</strong></span> 
     </span>
    </p>
   </div>
   <div class='ocr_carea' id='block_1_116' title="bbox 2046 5335 3600 5419">
    <p class='ocr_par' dir='ltr' id='par_1_116' title="bbox 2046 5335 3600 5419">
     <span class='ocr_line' id='line_1_116' title="bbox 2046 5335 3600 5419; baseline -0.014 -14"><span class='ocrx_word' id='word_1_902' title='bbox 2046 5351 2200 5404; x_wconf 75' lang='grc' dir='ltr'><strong>Ἐπεὶ</strong></span> <span class='ocrx_word' id='word_1_903' title='bbox 2229 5351 2320 5402; x_wconf 72' lang='grc' dir='ltr'><strong>καὶ</strong></span> <span class='ocrx_word' id='word_1_904' title='bbox 2347 5351 2404 5402; x_wconf 83' lang='grc' dir='ltr'><strong>ὲν</strong></span> <span class='ocrx_word' id='word_1_905' title='bbox 2431 5351 2496 5419; x_wconf 79' lang='grc' dir='ltr'><strong>τῇ</strong></span> <span class='ocrx_word' id='word_1_906' title='bbox 2520 5347 2640 5415; x_wconf 74' lang='grc' dir='ltr'><strong>ὕψει</strong></span> <span class='ocrx_word' id='word_1_907' title='bbox 2670 5345 2968 5406; x_wconf 83' lang='grc' dir='ltr'><strong>Μωῦσέως,</strong></span> <span class='ocrx_word' id='word_1_908' title='bbox 2999 5342 3059 5394; x_wconf 82' lang='grc' dir='ltr'><strong>ού</strong></span> <span class='ocrx_word' id='word_1_909' title='bbox 3085 5341 3174 5394; x_wconf 79' lang='grc' dir='ltr'><strong>διὰ</strong></span> <span class='ocrx_word' id='word_1_910' title='bbox 3205 5337 3442 5394; x_wconf 79' lang='grc' dir='ltr'><strong>Μωῡσέα</strong></span> <span class='ocrx_word' id='word_1_911' title='bbox 3469 5335 3600 5385; x_wconf 75' lang='grc' dir='ltr'><strong>ἔκει-</strong></span> 
     </span>
    </p>
   </div>
   <div class='ocr_carea' id='block_1_117' title="bbox 2033 5423 3594 5512">
    <p class='ocr_par' dir='ltr' id='par_1_117' title="bbox 2033 5423 3594 5508">
     <span class='ocr_line' id='line_1_117' title="bbox 2033 5423 3594 5508; baseline -0.012 -18"><span class='ocrx_word' id='word_1_912' title='bbox 2033 5457 2114 5502; x_wconf 87' lang='grc' dir='ltr'><strong>το,</strong></span> <span class='ocrx_word' id='word_1_913' title='bbox 2157 5437 2294 5492; x_wconf 87' lang='grc' dir='ltr'><strong>ἀλλά</strong></span> <span class='ocrx_word' id='word_1_914' title='bbox 2326 5437 2414 5491; x_wconf 78' lang='grc' dir='ltr'><strong>διὰ</strong></span> <span class='ocrx_word' id='word_1_915' title='bbox 2459 5437 2558 5508; x_wconf 83' lang='grc' dir='ltr'><strong>τὴν</strong></span> <span class='ocrx_word' id='word_1_916' title='bbox 2605 5435 2808 5488; x_wconf 85' lang='grc' dir='ltr'><strong>τούτων</strong></span> <span class='ocrx_word' id='word_1_917' title='bbox 2845 5431 3130 5503; x_wconf 83' lang='grc' dir='ltr'><strong>παχύτητα</strong></span> <span class='ocrx_word' id='word_1_918' title='bbox 3185 5429 3280 5483; x_wconf 75' lang='grc' dir='ltr'><strong>καὶ</strong></span> <span class='ocrx_word' id='word_1_919' title='bbox 3339 5423 3594 5496; x_wconf 72' lang='grc' dir='ltr'><strong>σαρκικὴν</strong></span> 
     </span>
    </p>
   </div>
   <div class='ocr_carea' id='block_1_118' title="bbox 2034 5531 2282 5600">
    <p class='ocr_par' dir='ltr' id='par_1_118' title="bbox 2034 5531 2282 5600">
     <span class='ocr_line' id='line_1_118' title="bbox 2034 5531 2282 5600; baseline 0.008 -2"><span class='ocrx_word' id='word_1_920' title='bbox 2034 5531 2282 5600; x_wconf 73' lang='grc' dir='ltr'><strong>γνιῖιμην-</strong></span> 
     </span>
    </p>
   </div>
   <div class='ocr_carea' id='block_1_119' title="bbox 2106 5605 3594 5694">
    <p class='ocr_par' dir='ltr' id='par_1_119' title="bbox 2106 5605 3594 5694">
     <span class='ocr_line' id='line_1_119' title="bbox 2106 5605 3594 5694; baseline -0.012 -16"><span class='ocrx_word' id='word_1_921' title='bbox 2106 5625 2170 5678; x_wconf 89' lang='grc' dir='ltr'><strong>δ’.</strong></span> <span class='ocrx_word' id='word_1_922' title='bbox 2192 5622 2596 5694; x_wconf 79' lang='grc' dir='ltr'><strong>Κατηγορήσας</strong></span> <span class='ocrx_word' id='word_1_923' title='bbox 2617 5619 2794 5672; x_wconf 87' lang='grc' dir='ltr'><strong>τοίνυν</strong></span> <span class='ocrx_word' id='word_1_924' title='bbox 2813 5616 2991 5670; x_wconf 80' lang='grc' dir='ltr'><strong>αὐτῶν</strong></span> <span class='ocrx_word' id='word_1_925' title='bbox 3014 5616 3233 5678; x_wconf 78' lang='grc' dir='ltr'><strong>ἱκανῶς,</strong></span> <span class='ocrx_word' id='word_1_926' title='bbox 3253 5613 3482 5666; x_wconf 84' lang='grc' dir='ltr'><strong>δείκνυσι</strong></span> <span class='ocrx_word' id='word_1_927' title='bbox 3503 5605 3594 5662; x_wconf 75' lang='grc' dir='ltr'><strong>καὶ</strong></span> 
     </span>
    </p>
   </div>
   <div class='ocr_carea' id='block_1_120' title="bbox 2106 5801 3010 5871">
    <p class='ocr_par' dir='ltr' id='par_1_120' title="bbox 2106 5801 3010 5871">
     <span class='ocr_line' id='line_1_120' title="bbox 2106 5801 3010 5871; baseline -0.015 -12"><span class='ocrx_word' id='word_1_928' title='bbox 2106 5812 2125 5840; x_wconf 66' lang='grc' dir='ltr'><strong>ί</strong></span> <span class='ocrx_word' id='word_1_929' title='bbox 2151 5809 2292 5871; x_wconf 72' lang='grc' dir='ltr'><strong>Ι.εε.,</strong></span> <span class='ocrx_word' id='word_1_930' title='bbox 2316 5809 2599 5864; x_wconf 69' lang='grc' dir='ltr'><strong>ἐντελληται,</strong></span> <span class='ocrx_word' id='word_1_931' title='bbox 2623 5805 2699 5854; x_wconf 71' lang='lat' dir='ltr'><strong>vel</strong></span> <span class='ocrx_word' id='word_1_932' title='bbox 2737 5801 3010 5856; x_wconf 77' lang='grc' dir='ltr'><strong>ἐντιίληται.</strong></span> 
     </span>
    </p>
   </div>
  </div>
