3712 6212
81 336 119 393 ιε
1001 319 1069 376 ΙΝ
1106 317 1319 375 EPIST.
1360 315 1404 371 ll
1466 314 1559 369 AD
1595 313 1750 371 (30R.
1794 315 2021 372 HOMIL.
2061 315 2176 372 VII.

87 450 217 507 auiam
235 444 276 499 in
295 442 474 497 Christo
497 449 789 495 evacuatur.
802 435 939 492 Vide
955 434 1081 506 quid
1100 450 1193 503 per
1216 433 1332 487 lucc
1358 430 1519 485 verba

84 550 237 599 struat.
260 537 365 592 Nam
392 535 529 592 auod
563 545 673 588 tum
705 531 872 587 semel
904 531 955 584 in
985 529 1129 583 Mose
1155 526 1396 594 contigit,
1413 524 1514 577 hoc

82 644 234 706 rpetUo
278 632 320 684 in
362 638 473 698 lege
514 627 792 695 contingit.
840 624 948 678 Nec
1001 632 1177 675 tamen
1210 619 1295 673 his
1340 614 1514 671 verbis

81 746 160 795 gem
195 724 489 786 criminatur,
524 717 970 789 quemadmodum
1028 730 1124 767 nec
1172 712 1371 764 Musem
1405 720 1513 761 tum

82 814 539 876 .eolwelautem,sed
562 812 865 866 Judtcoruui
887 806 1185 861 vecmdiam
1215 823 1227 857 :
1259 805 1343 857 illa
1366 802 1507 855 enim

81 928 135 965 un
155 907 343 979 gloriam
371 905 558 966 habet;
580 912 630 956 al
657 902 741 955 isti
768 898 1106 952 eamintueri
1134 895 1508 961 nequiverunt.

81 1005 119 1057 id
148 1002 282 1065 igitur
318 998 497 1052 mirum
539 997 687 1048 vobis
712 1003 815 1055 est,
851 992 1039 1060 inquit,
1071 991 1113 1042 si
1145 989 1281 1042 hanc
1327 988 1512 1056 gratim

85 1098 196 1148 riam
222 1105 416 1143 cernere
446 1096 732 1154 nequeant,
753 1099 873 1137 cum
900 1083 1158 1135 minorem
1182 1080 1324 1133 illam
1352 1077 1514 1131 Μοκίδ

81 1205 86 1238 ι
119 1180 470 1251 perspexerint,
503 1192 601 1231 nec
648 1175 790 1230 illius
820 1174 1021 1226 vultum
1068 1170 1276 1223 obtm-ri
1328 1178 1514 1237 pulue-

81 1278 121 1331 L?
148 1273 257 1344 quid
286 1270 583 1334 turbamini,
615 1269 657 1320 si
690 1266 855 1321 .ludau
881 1263 1096 1317 Christo
1120 1278 1223 1315 non
1267 1260 1509 1322 credant,

82 1382 177 1420 ine
208 1364 298 1431 legi
334 1360 543 1432 quidem
587 1358 847 1413 credant?
889 1356 1020 1410 Nam
1067 1354 1136 1407 ob
1189 1353 1237 1405 id
1287 1350 1509 1419 gratiam

82 1474 125 1510 m
166 1456 470 1523 ignorarunt,
496 1451 744 1519 quoniam
788 1463 854 1501 ne
886 1446 1044 1499 Vetus
1078 1443 1293 1505 quidem
1327 1441 1511 1495 Testa-

82 1553 194 1594 ιιηηι
228 1556 317 1593 nec
348 1539 513 1608 ipsius
546 1538 772 1606 gloriam
804 1542 1203 1605 cognoverunt;
1234 1532 1502 1602 siquidem

81 1653 95 1689 ς
121 1636 276 1703 gloria
309 1632 355 1684 iu
390 1632 491 1685 huc
521 1632 622 1684 sita
653 1637 760 1694 est,
801 1628 946 1697 quod
981 1627 1047 1681 ad
1077 1625 1352 1679 Christum
1381 1625 1503 1678 ani-

106 1732 388 1778 CttlHel'laL

105 1816 255 1869 Vides
276 1824 331 1867 ut
363 1815 486 1868 hinc
518 1808 1061 1882 quoqueludaaorum
1084 1807 1285 1863 fastum
1319 1817 1507 1863 retun-

99 1908 296 1962 Etenim
324 1906 459 1959 unde
483 1906 557 1958 illi
582 1902 955 1972 praestantiore
977 1901 1288 1955 conditione
1306 1915 1366 1955 se
1386 1915 1508 1955 esse

81 1999 343 2062 .unabant,
360 2012 545 2064 nempe
562 1994 707 2063 quod
721 1991 885 2045 Musis
899 1992 1064 2045 facies
1083 1986 1346 2058 fulgorem
1360 1988 1511 2042 emit-

82 2135 105 2157 ,,
133 2094 254 2145 hinc
268 2107 448 2145 eorum
473 2089 777 2143 crassitiem
797 2085 1226 2154 etabjectionem
1246 2081 1507 2137 ostendit.

81 2203 166 2257 rgo
187 2187 289 2239 hoc
308 2185 525 2238 nomine
544 2184 616 2237 illi
637 2181 943 2251 glorientur
966 2197 978 2232 :
1004 2178 1131 2248 quid
1154 2178 1299 2232 enim
1318 2177 1424 2230 hoc
1444 2175 1511 2229 ad

82 2295 155 2333 :os
185 2278 278 2347 qui
311 2278 413 2331 t‘rui
443 2292 549 2329 non
576 2272 914 2344 potuerunt?
953 2268 1296 2326 Unde-etiam
1336 2268 1389 2320 id
1425 2282 1514 2319 as-

132 2369 399 2430 inculeat,
446 2382 584 2420 Imuc
634 2366 881 2419 videlicet
936 2364 1104 2432 ipsum
1158 2361 1396 2415 velamen
1452 2363 1504 2413 iu

82 2465 135 2515 is
176 2461 509 2515 Testamenti
555 2460 781 2513 lectione
820 2473 924 2511 non
964 2456 1256 2510 revelatum
1290 2471 1506 2508 manere

81 2571 101 2609 s
124 2596 136 2615 ,
167 2555 295 2623 quia
346 2554 395 2605 in
431 2550 642 2605 Christo
679 2561 994 2615 evacuetur;
1040 2564 1180 2603 nunc
1203 2590 1219 2616 ,
1253 2563 1419 2617 usque
1451 2548 1503 2601 in

81 2663 235 2700 rnum
259 2644 428 2708 diem,
448 2660 552 2713 quo
576 2654 809 2711 tempore
835 2642 1022 2709 legitur
1045 2641 1237 2702 Moses,
1259 2640 1308 2694 id
1332 2641 1504 2708 ipsum

85 2757 152 2794 en
198 2740 255 2793 in
301 2739 539 2804 ipsorum
572 2736 731 2790 corde
775 2737 999 2803 positum
1030 2750 1184 2799 esse;
1217 2750 1278 2788 ac
1309 2745 1419 2787 tum
1451 2733 1503 2787 in

82 2849 138 2887 ie
159 2874 175 2897 ,
211 2842 327 2884 tum
371 2832 420 2884 in
451 2842 635 2882 corum
665 2828 826 2881 corde
857 2827 1055 2897 imponi
1092 2826 1295 2880 dicens.
1328 2824 1502 2894 Supeo

82 2942 169 2977 3ro
198 2923 420 2976 dixerat
450 2939 462 2976 :
497 2920 561 2974 Ut
586 2920 841 2973 intendere
865 2936 961 2970 non
995 2928 1190 2985 possent
1216 2918 1312 2985 ﬁlii
1338 2916 1505 2969 Israel

87 3034 167 3069 em
208 3014 266 3068 Μ
276 3016 384 3068 usis
404 3056 418 3077 ,
449 3024 653 3083 propter
680 3012 890 3082 gloriam
918 3012 1083 3063 vultus
1112 3014 1222 3080 ejus
1245 3026 1357 3078 qua:
1384 3026 1501 3063 eva-

96 3126 115 3163 :
146 3124 265 3179 quo
305 3107 437 3178 quid
468 3107 723 3175 abjectius
756 3104 876 3175 fingi
908 3106 1113 3173 possit?
1140 3120 1260 3157 eum
1291 3118 1357 3157 ne
1385 3103 1503 3171 ejus

82 3220 104 3256 u
157 3202 407 3274 gloriae,
448 3215 567 3269 qua:
608 3198 912 3262 evanescit,
950 3196 1056 3249 imo
1094 3196 1138 3249 si
1177 3210 1300 3249 cum
1337 3194 1502 3249 altera

87 3307 229 3359 itur,
270 3293 425 3346 nulla
464 3300 547 3345 est
576 3299 902 3358 spei-latores
928 3303 1047 3342 esse
1073 3298 1287 3355 queant,
1318 3288 1409 3342 sed
1434 3287 1502 3340 ab

83 3388 477 3455 Inbtcgaltlr,
514 3393 571 3434 ut
615 3398 718 3434 non
770 3379 1044 3434 intendant
1086 3379 1140 3432 in
1186 3378 1341 3433 linem
1387 3385 1504 3447 ejus

82 3488 375 3530 vacuatur
399 3517 412 3538 ,
448 3476 546 3528 hoc
571 3482 652 3528 est
675 3473 726 3526 in
760 3473 949 3541 legem,
981 3488 1099 3541 qua:
1130 3471 1288 3525 linem
1323 3471 1498 3525 habet.

81 3569 181 3620 'usi
211 3576 351 3620 sunt
382 3582 554 3618 sensus
584 3580 772 3616 eorum.
799 3563 865 3617 Et
888 3562 1011 3632 quid
1040 3563 1162 3628 hoc,
1186 3561 1380 3616 dixerit
1404 3562 1502 3615 ali-

82 3662 104 3714 l
143 3661 429 3715 velamen
458 3658 623 3711 illud?
644 3658 904 3725 Quoniam
927 3655 1102 3711 futura
1123 3658 1499 3727 prmsignabat.

81 3754 245 3806 enim
287 3762 426 3803 time
455 3760 654 3804 tantum
689 3768 791 3803 non
823 3750 1108 3814 viderunt,
1143 3752 1236 3805 scd
1266 3766 1333 3804 ne
1362 3766 1502 3806 nunc

114 3849 324 3915 legem
371 3843 574 3898 vident.
611 3844 719 3897 Iloc
743 3851 920 3897 autem
964 3843 1198 3912 ipsorum
1236 3844 1364 3896 vitio
1394 3844 1447 3897 lit
1485 3862 1498 3898 :

96 3941 271 3993 enim
303 3938 513 3991 trientis
537 3951 806 4005 smporem
832 3952 895 3991 ac
917 3937 1220 3991 vecordiam
1240 3937 1497 3991 declarat.

82 4046 205 4084 nos
261 4044 471 4082 sumus
495 4070 509 4091 ,
559 4029 647 4097 qui
690 4030 857 4097 legem
896 4029 1161 4097 cognitam
1195 4029 1450 4083 habemus
1484 4047 1496 4083 :

84 4138 115 4175 s
168 4137 307 4174 non
353 4120 517 4173 modo
546 4121 711 4188 gratia
734 4160 749 4185 ,
781 4119 874 4173 sed
909 4118 1019 4187 ipsa
1048 4135 1259 4189 quoque
1291 4121 1372 4175 lex
1402 4122 1499 4175 oh-

81 4231 93 4267 t
134 4223 266 4267 est.
316 4210 501 4281 Usque
540 4213 591 4264 iu
635 4212 929 4263 hodiernum
959 4211 1091 4263 enim
1120 4211 1251 4263 diem
1280 4212 1502 4279 irlipsum

99 4311 166 4359 in
209 4306 464 4359 lectione
503 4303 691 4358 Veteris
730 4301 1035 4355 Testamenti
1061 4312 1260 4368 manet,
1295 4304 1498 4371 inquit,

85 4400 323 4456 latum,
367 4394 487 4463 quia
514 4394 565 4445 in
595 4391 792 4447 Christo
827 4402 1113 4445 evacuatur.
1142 4392 1291 4458 Quod
1321 4404 1501 4448 autem

90 4507 128 4545 c
170 4487 548 4543 sententiam
584 4485 738 4538 habet
771 4503 784 4536 :
823 4484 932 4537 lloc
960 4484 1128 4553 ipsum
1159 4499 1380 4540 cernere
1409 4502 1501 4540 ne-

110 4597 271 4635 eam
320 4578 497 4631 finem
526 4577 795 4647 aCCeplS>e
815 4616 829 4638 ,
862 4576 983 4645 quia
1010 4574 1224 4631 Christo
1254 4592 1356 4630 non
1384 4591 1503 4632 cre-

89 4678 287 4729 enim
331 4672 388 4724 si
424 4686 517 4740 per
545 4669 811 4724 Christum
845 4671 1000 4724 linem
1026 4672 1249 4740 accepit,
1285 4682 1341 4726 ut
1374 4687 1502 4728 vere

106 4768 328 4833 idque
371 4762 537 4815 etiam
564 4762 645 4815 lex
676 4771 799 4814 ante
828 4761 962 4814 dixit
991 4780 1003 4814 :
1031 4763 1119 4831 qui
1152 4763 1265 4816 fleri
1301 4773 1460 4832 queat
1483 4802 1499 4827 ,

81 4860 394 4912 hristtmi
419 4895 432 4915 ,
463 4870 489 4904 a
522 4870 626 4922 quo
664 4853 746 4907 lex
784 4852 1052 4921 antiquata
1086 4863 1199 4919 est,
1230 4870 1333 4907 non
1362 4856 1499 4909 reci-

84 4967 300 5017 μεςρηι
380 4946 547 5013 ipsam
596 4947 919 5014 antiquatum
969 4961 1090 4999 esse
1139 4946 1501 5015 perspiciunt?

92 5043 108 5095 i
160 5042 308 5093 lmc
356 5039 670 5106 perspicere
704 5046 989 5104 nequeunt,
1027 5038 1197 5105 palam
1238 5054 1367 5093 sane
1397 5048 1499 5105 est,

90 5137 210 5187 ius
252 5133 461 5186 etiam
493 5128 620 5197 legis
655 5145 771 5197 qum
812 5127 925 5181 lucc
951 5128 1079 5181 dicit
1113 5130 1217 5182 vim
1249 5144 1309 5183 ac
1341 5129 1504 5184 robur

81 5244 173 5282 ne
219 5224 581 5277 ttniwrsam
616 5223 873 5291 ignorent.
908 5227 973 5274 At
1002 5221 1212 5276 ubinam
1240 5223 1392 5287 dixit,
1424 5225 1504 5278 in-

82 5337 122 5373 ιν
172 5334 261 5371 se
332 5332 407 5367 ιιι
437 5312 651 5367 Christo
691 5312 930 5365 aboleri?
967 5312 1081 5366 Non
1126 5314 1298 5368 Solum
1330 5315 1499 5380 dixit,

95 5431 111 5465 ι
189 5425 337 5478 μοι’
404 5421 490 5458 res
534 5407 676 5474 ipsas
716 5405 1101 5459 demonstravit
1133 5424 1144 5458 :
1174 5421 1237 5460 ac
1276 5407 1502 5475 primum

92 5503 247 5556 ιιοιι
293 5499 595 5552 ssu-rilicia
626 5508 678 5551 et
706 5496 1177 5552 sanctilicatiunem
1206 5513 1419 5553 omnem
1450 5499 1501 5552 in

82 5642 85 5655 ,
138 5597 300 5648 lim:
341 5601 449 5644 est
480 5590 530 5642 in
564 5590 788 5660 templo,
815 5590 1170 5653 concluserit,
1207 5602 1365 5661 atque
1404 5592 1506 5647 hoc

81 5689 365 5757 nplmn
418 5696 598 5751 postea
629 5684 955 5738 destructqu
985 5686 1073 5740 sit.
1104 5684 1213 5739 Nisi
1242 5686 1384 5739 enim
1413 5700 1501 5739 sa-

117 5784 396 5850 lcgcrn
435 5768 649 5835 omnem
676 5778 742 5832 de
773 5779 855 5832 his
895 5778 1184 5833 institutam
1219 5779 1377 5833 linem
1410 5777 1505 5833 ha-

3098 321 3206 381 ιω

1626 428 1753 485 bere
1778 431 2053 495 voluisset,
2077 430 2302 485 duorum
2325 430 2549 485 alterum
2578 428 2809 497 fecisset,
2834 439 2925 487 aut
2946 431 3203 505 templum

1624 539 1727 576 non
1767 523 2105 587 sustulisset,
2136 532 2263 581 aut.
2304 523 2347 577 si
2391 522 2728 589 sustulisset,
2761 525 3016 581 sacriﬁcia
3054 537 3203 585 certe

1620 614 1737 666 aliis
1769 614 1820 667 in
1857 614 1986 678 locis
2018 615 2129 669 fieri
2162 630 2265 668 non
2296 614 2674 684 prohibuisset.
2710 615 2859 670 Nunc
2884 633 3047 681 vero,
3076 633 3200 673 cum

1621 706 1868 759 universo
1892 716 2148 759 terrarum
2173 707 2285 761 Orbi
2316 716 2368 761 et
2400 708 2496 776 ipsi
2525 724 2738 778 quoque
2764 709 3060 763 Jerusalem
3084 711 3200 765 adi~

1620 806 1727 849 tum
1771 798 1834 849 ad
1875 797 2174 864 lmjusmudi
2223 798 2481 853 sacriﬁcia
2524 801 2888 869 pra-cluserit,
2920 802 3199 871 solumque

1621 890 1870 957 templum
1924 890 2050 958 ipsis
2099 892 2400 959 permiserit
2441 901 2495 945 et
2541 891 2855 961 assignarit,
2896 901 3053 961 atque
3096 892 3201 948 hoc

1620 981 1790 1048 ipsum
1823 993 1998 1048 postea
2030 982 2301 1035 sustulerit
2331 1000 2342 1035 :
2372 998 2466 1052 per
2495 998 2581 1037 res
2609 983 2750 1051 ipsas
2782 983 2991 1037 tandem
3019 983 3201 1037 decla-

1618 1073 1785 1136 ravit,
1819 1073 1947 1139 legis
1978 1074 2106 1125 ritus
2138 1088 2229 1141 per
2257 1070 2524 1126 Christum
2573 1074 2729 1127 linem
2773 1074 3043 1142 accepisse
3076 1092 3088 1125 :
3118 1075 3195 1129 si-

1615 1165 1828 1233 quidem
1861 1166 2112 1232 templum
2143 1179 2171 1217 a
2196 1162 2410 1217 Christo
2437 1164 2702 1218 sublatum
2727 1174 2828 1219 est.
2853 1167 3005 1231 Quod
3032 1166 3075 1220 si
3101 1180 3199 1235 per

1618 1257 1776 1309 verba
1809 1272 2020 1324 quoque
2056 1256 2235 1311 videre
2275 1256 2436 1322 libet,
2482 1258 2749 1326 quomodo
2798 1274 2890 1327 per
2926 1257 3197 1315 Christum

1617 1346 1699 1400 lex
1730 1348 1975 1417 abrogata
2007 1348 2096 1413 sit,
2128 1349 2413 1415 ipsummet
2452 1349 2807 1419 legislalorcm
2836 1352 2977 1414 audi,
3005 1353 3083 1407 sic
3111 1353 3196 1407 lo-

1614 1450 1863 1510 quentcm
1895 1459 1908 1496 :
1942 1441 2250 1511 Prop/letam
2287 1442 2422 1496 vobis
2462 1443 2719 1498 suscitabit
2760 1443 2899 1499 Deus
2934 1446 2996 1500 de
3029 1447 3195 1502 medio

1614 1539 1830 1605 fratrum
1874 1545 2149 1589 vestrorum
2174 1578 2189 1601 ,
2238 1546 2493 1607 tamquam
2540 1554 2661 1592 me:
2687 1538 2851 1606 ipsum
2891 1540 3104 1593 audietis
3141 1540 3196 1595 in

1615 1627 1862 1691 omnibus,
1891 1642 2216 1695 qurecumque
2253 1629 2562 1681 mandaverit
2602 1629 2757 1683 vobis.
2794 1628 2858 1683 Et
2889 1631 3000 1694 erit,
3033 1634 3196 1686 omnis

1613 1718 1782 1770 anima
1807 1734 1917 1786 quae
1942 1719 2239 1787 prophetam
2269 1719 2414 1773 illum
2445 1736 2545 1775 non
2574 1722 2811 1788 audierit,
2843 1723 3197 1777 exterminabi-

1613 1823 1695 1866 tur
1725 1813 1902 1881 (Deut.
1938 1814 2022 1867 18.
2055 1815 2139 1867 18.
2173 1814 2282 1883 19).
2323 1815 2481 1869 Vides
2510 1831 2613 1884 quo
2642 1827 2796 1885 pacto
2825 1816 2909 1870 lex
2938 1817 3189 1872 Ostende-

1614 1909 1715 1971 rit,
1743 1906 1881 1975 quod
1920 1906 1970 1959 in
2007 1905 2221 1961 Christo
2260 1906 2418 1960 linem
2462 1916 2744 1975 acceptura
2771 1909 2952 1963 esset?
2977 1908 3192 1965 Etenim

1612 1998 1865 2067 propheta
1909 1998 2029 2063 hic,
2076 1998 2126 2051 id
2170 2008 2283 2061 est,
2321 1997 2564 2053 Christus
2602 2000 2894 2054 secundum
2933 2016 3149 2056 carnem
3174 2041 3190 2066 ,

1612 2106 1766 2159 quem
1796 2091 1967 2145 Moses
1996 2092 2182 2146 audire
2219 2092 2372 2160 jussit
2391 2132 2406 2154 ,
2436 2102 2491 2147 et
2520 2092 2796 2146 sabbatum
2827 2104 2881 2147 et
2910 2094 3194 2148 circumci-

1611 2184 1817 2237 sionem
1850 2184 2057 2252 aliaque
2082 2184 2259 2237 omnia
2292 2183 2520 2237 sustulit.
2553 2186 2629 2237 Ac
2661 2184 2822 2237 David
2853 2184 2954 2239 hoc
2982 2201 3193 2255 quoque

1612 2273 1781 2341 ipsum
1811 2273 2070 2330 iudicans.
2104 2274 2171 2327 de
2199 2273 2410 2329 Christo
2435 2273 2645 2328 dicebat
2670 2292 2681 2325 :
2709 2273 2788 2327 Tu
2811 2292 2863 2328 es
2883 2275 3116 2329 sacerdos
3139 2278 3193 2331 in

1610 2378 1851 2419 wternum
1893 2367 2168 2420 secundum
2213 2366 2442 2419 ordinem
2484 2364 2817 2419 Melchisedec
2848 2368 2865 2437 (
2885 2366 3031 2420 Psal.
3066 2366 3188 2422 109.
3220 2428 3228 2443 ,

1608 2458 1688 2527 4),
1716 2473 1819 2510 non
1846 2466 2021 2510 autem
2048 2457 2339 2511 secundum
2366 2457 2604 2511 ordinem
2634 2460 2833 2512 Aaron.
2863 2458 2943 2513 0b
2966 2472 3192 2527 eamque

1608 2564 1821 2602 causam
1849 2549 2041 2601 Paulus
2068 2548 2346 2618 perspicue
2378 2547 2478 2602 hoc
2506 2564 2814 2617 exponens,
2846 2550 2920 2602 ait
2946 2566 2957 2602 :
2990 2548 3188 2603 Traus-

1610 2639 1711 2693 lato
1736 2640 2036 2703 sacerdotio,
2068 2656 2263 2693 necesse
2283 2650 2353 2693 est
2379 2649 2430 2692 ut
2456 2639 2579 2709 legis
2604 2641 2867 2693 translatio
2888 2641 2980 2708 [iat
3001 2640 3186 2711 (llebr.

1609 2736 1660 2789 7.
1688 2735 1797 2804 12).
1821 2738 1994 2803 Atque
2015 2733 2118 2787 alio
2150 2735 2264 2787 loco
2292 2734 2372 2787 his
2396 2749 2605 2787 rursum
2632 2733 2809 2787 verbis
2842 2734 3004 2788 utitur
3035 2753 3048 2789 :
3081 2734 3186 2787 Sa-

1607 2828 1853 2896 cri/icium
1882 2836 1926 2880 et
1951 2827 2249 2879 oblationem
2275 2825 2481 2879 noluisti
2506 2842 2525 2879 :
2552 2824 2845 2880 holocausta
2873 2835 2918 2878 et
2948 2842 3039 2895 pro
3070 2842 3189 2894 pec-

1606 2930 1718 2973 cato
1746 2936 1845 2972 non
1882 2918 2176 2986 placuerunt
2203 2917 2287 2968 tibi
2318 2931 2336 2968 :
2364 2927 2481 2969 tunc
2510 2917 2619 2970 dixi
2637 2958 2651 2981 ,
2679 2915 2812 2969 Ecce
2845 2917 2985 2970 venio
3014 2915 3185 2987 (Psal.

1606 3013 1695 3069 59.
1723 3012 1781 3068 7;
1827 3008 1986 3062 Hebr.
2032 3009 2116 3062 10.
2146 3008 2306 3076 5-7).
2351 3009 2523 3077 Atque
2560 3008 2660 3061 alia
2707 3008 2873 3062 multo
2914 3008 2994 3062 his
3036 3008 3188 3077 plura

1609 3104 1909 3159 testimonia
1939 3118 2007 3157 ex
2041 3102 2214 3156 Veteri
2249 3100 2589 3156 Testamento
2618 3103 2858 3171 proferre
2888 3103 3031 3167 licet,
3064 3103 3186 3173 qui-

1606 3197 1724 3263 bus,
1754 3196 2020 3266 quomodo
2048 3196 2134 3249 lex
2168 3211 2261 3264 per
2286 3194 2552 3249 Christum
2583 3194 2834 3264 abrogata
2864 3196 2953 3259 sit,
2984 3196 3190 3266 perspi-

1606 3305 1762 3344 cuum
1791 3288 1897 3342 fiat.
1920 3289 2098 3357 Itaque
2128 3298 2470 3357 posteaquam
2499 3302 2526 3338 a
2556 3287 2671 3356 lege
2697 3289 3042 3351 abscesseris.
3071 3300 3183 3344 tum

1605 3380 1819 3434 demum
1866 3380 2035 3449 legem
2087 3380 2304 3448 pulchre
2353 3378 2642 3447 perspicies
2670 3396 2686 3433 :
2713 3380 2962 3448 quamdiu
3006 3362 3185 3436 autem

1605 3488 1723 3527 eam
1751 3472 2055 3533 retinueris,
2087 3487 2186 3526 nec
2213 3470 2423 3526 Christo
2448 3471 2759 3534 credideris,
2785 3488 2852 3526 ne
2880 3473 3048 3542 legem
3072 3474 3189 3543 qui-

1606 3562 1725 3616 dem
1772 3563 1939 3631 ipsam
1988 3571 2322 3631 perspectam
2368 3560 2647 3615 habiturus
2685 3577 2761 3616 es.
2802 3562 2960 3625 ldeo,
2989 3572 3049 3618 ut
3086 3564 3188 3619 hoc

1608 3657 1778 3723 ipsum
1810 3654 2128 3709 luculentius
2156 3654 2415 3719 adstruat,
2445 3654 2717 3724 subjunxit
2741 3673 2753 3705 :
2782 3656 2866 3710 15.
2897 3656 3003 3710 Sed
3022 3658 3072 3709 in
3098 3657 3192 3709 ho-

1606 3748 1835 3801 diernum
1863 3763 2016 3817 usque
2044 3748 2196 3812 client,
2225 3763 2339 3799 cum
2370 3747 2552 3816 legitur
2584 3746 2634 3799 Μ
2642 3764 2806 3817 oyses,
2838 3749 3061 3801 velamen
3090 3766 3188 3819 po-

1604 3839 1753 3890 situm
1781 3847 1849 3890 est
1876 3853 2027 3905 super
2062 3853 2148 3889 cor
2186 3853 2376 3889 eorum.
2407 3838 2668 3904 Quoniam
2697 3841 2839 3892 enim
2870 3839 3105 3902 dixerat,
3133 3840 3187 3894 in

1607 3929 1814 3983 Veteris
1837 3929 2161 3983 Testamenli
2186 3929 2412 3983 lectione
2440 3930 2676 3983 velamen
2706 3946 2955 3997 manere;
2982 3947 3049 3986 ne
3069 3934 3195 4002 quis

1607 4021 1722 4075 haec
1748 4021 1905 4075 verba
1932 4020 1998 4075 de
2037 4022 2165 4089 legis
2194 4021 2517 4076 obscuritate
2556 4022 2894 4092 intelligenda
2924 4039 3044 4079 esse
3067 4026 3185 4080 exi-

1606 4115 1866 4175 stimaret.
1900 4124 2007 4169 tum
2038 4130 2131 4183 per
2155 4115 2254 4167 alia
2280 4114 2439 4169 verba
2468 4116 2567 4170 hoc
2593 4117 2765 4185 ipsum
2794 4119 2942 4187 prius
2965 4118 3198 4173 demon-

1605 4205 1967 4278 stravitlnam
1997 4222 2117 4260 cum
2148 4207 2391 4272 dixisset,
2424 4207 2598 4261 Οὐηιδὶ
2638 4220 2757 4263 sunt
2782 4227 2960 4265 sensus
2992 4228 3198 4279 eorum,

1606 4301 1839 4355 ostendit
1862 4314 1956 4355 eos
1979 4300 2030 4354 in
2057 4301 2210 4369 culpa
2232 4300 2406 4372 esse);
2440 4310 2549 4355 tum
2577 4318 2761 4358 rursus
2786 4304 2838 4357 in
2871 4305 2953 4357 his
2977 4319 3195 4373 quoque

1606 4392 1804 4446 verbis.
1851 4390 1967 4445 Non
2007 4391 2148 4445 enim
2190 4393 2356 4453 dixit,
2388 4392 2443 4446 In
2479 4393 2646 4448 literis
2685 4405 2864 4449 manet
2902 4395 3185 4461 velamen,

1606 4482 1723 4549 sed,
1752 4480 1817 4536 In
1849 4481 2099 4546 lectione;
2125 4482 2280 4536 lectio
2307 4497 2465 4552 porro
2494 4484 2781 4554 legentium
2807 4486 2948 4540 actio
2973 4496 3055 4541 est
3083 4503 3097 4540 :
3124 4502 3189 4542 ac

1608 4592 1848 4641 rursum,
1880 4577 2008 4632 Cum
2044 4578 2224 4647 legitur
2253 4576 2497 4647 Moyses..
2521 4578 2811 4633 Dilucidius
2838 4590 3013 4635 autem
3045 4579 3193 4635 istud

1606 4671 1860 4739 deinceps
1898 4669 2144 4723 iudicavit
2174 4710 2190 4735 ,
2221 4680 2405 4740 aperte
2433 4670 2616 4725 dicens
2636 4713 2649 4736 ,
2694 4670 2927 4725 Velamen
2970 4674 3187 4742 positum

1606 4771 1679 4816 est
1706 4777 1859 4830 super
1881 4777 1968 4814 cor
1989 4776 2183 4813 eorum.
2213 4760 2649 4830 Quandoquidem
2689 4771 2743 4816 et
2780 4762 2833 4816 in
2864 4762 3022 4817 Musis
3051 4764 3190 4820 facie

1608 4872 1712 4911 non
1739 4858 1809 4913 ob
1835 4857 2034 4911 Mosem
2061 4856 2285 4925 positum
2308 4867 2443 4922 erat,
2468 4856 2559 4911 sed
2590 4866 2811 4927 propter
2833 4871 3014 4912 eorum
3040 4872 3195 4913 erasa

1607 4949 1779 5004 sitiem
1806 4959 1859 5001 et
1892 4947 2158 5003 carnalem
2191 4960 2442 5001 mentem.

1678 5039 1733 5093 4.
1764 5038 1897 5093 Cum
1927 5040 2084 5109 igitur
2114 5053 2209 5092 eos
2240 5040 2369 5091 satis
2394 5038 2742 5107 coarguisset,
2762 5038 2873 5107 jam
2899 5042 3190 5096 correctio-

1610 5132 1692 5186 nis
1721 5132 1878 5187 etiam
1907 5131 2119 5185 modum
2147 5130 2401 5185 ostendit.
2429 5130 2653 5197 Quinam
2686 5142 2861 5187 autem
2890 5132 2974 5188 hic
2998 5134 3188 5190 modus

1607 5223 1721 5277 est?
1754 5222 1840 5276 16.
1871 5221 1999 5276 Cum
2028 5232 2195 5274 autem
2220 5237 2485 5275 conversus
2505 5222 2656 5292 fuerit
2676 5222 2743 5275 ad
2766 5222 3061 5289 Dominum,
3088 5226 3189 5280 hoc

1608 5325 1706 5377 est,
1737 5330 1765 5367 a
1800 5314 1915 5383 lege
1943 5312 2281 5378 abscesserit,
2314 5318 2571 5385 auferetur
2600 5314 2843 5368 velamen.
2876 5315 3063 5372 Viden’
3090 5332 3188 5374 ve-

1609 5407 1784 5460 lamen
1814 5405 1939 5459 illud
1970 5422 2074 5459 non
2103 5404 2287 5459 faciem
2325 5404 2515 5471 Musis,
2543 5407 2635 5460 sed
2666 5407 2852 5461 faciem
2882 5407 3188 5464 Judzeorum

1608 5498 1917 5553 obtexisse?
1942 5497 2054 5552 Non
2078 5499 2218 5553 enim
2240 5506 2296 5552 ut
2318 5497 2479 5555 Musis
2501 5498 2666 5569 gloria
2687 5500 3063 5566 occultaretur,
3089 5499 3190 5554 hoc

1610 5592 1791 5652 fiebat.
1816 5591 1911 5647 sed
1934 5607 1999 5647 ne
2021 5592 2093 5645 illi
2117 5590 2392 5646 viderent:
2414 5607 2589 5662 neque
2607 5592 2750 5647 enim
2770 5606 2995 5662 capaces
3014 5601 3190 5646 erant.

1609 5683 1790 5756 Itaque
1830 5684 2043 5738 illorum
2088 5683 2188 5738 hoc
2227 5683 2412 5738 vitium
2456 5693 2575 5739 erat
2605 5701 2620 5738 :
2655 5699 2825 5753 neque
2853 5685 2995 5738 enim
3030 5683 3193 5751 fecit,

1611 5790 1668 5833 ut
1695 5778 1785 5834 ille
1808 5776 2093 5849 quidquam
2120 5776 2409 5847 ignoraret,
2436 5775 2530 5833 sed
2560 5784 2617 5831 ut
2644 5775 2743 5831 illi.
2772 5775 2881 5832 Nec
2906 5773 3047 5832 dixit
3070 5776 3195 5848 qui-
