  <div class='ocr_page' id='page_1' title='image "/cluster/home/n/w/nwhite01/storage/ocr_20150623/61/hvd.32044019190461/453.png"; bbox 0 0 3712 6212; ppageno 0'>
   <div class='ocr_carea' id='block_1_1' title="bbox 497 327 598 386">
    <p class='ocr_par' dir='ltr' id='par_1_1' title="bbox 497 327 598 386">
     <span class='ocr_line' id='line_1_1' title="bbox 497 327 598 386; baseline -0.04 0"><span class='ocrx_word' id='word_1_1' title='bbox 497 327 598 386; x_wconf 71' lang='grc' dir='ltr'><strong>ιη</strong></span> 
     </span>
    </p>
   </div>
   <div class='ocr_carea' id='block_1_2' title="bbox 495 429 2077 510">
    <p class='ocr_par' dir='ltr' id='par_1_2' title="bbox 495 429 2077 510">
     <span class='ocr_line' id='line_1_2' title="bbox 495 429 2077 510; baseline -0.011 -10"><span class='ocrx_word' id='word_1_2' title='bbox 495 443 636 508; x_wconf 88' lang='lat' dir='ltr'><strong>dem,</strong></span> <span class='ocrx_word' id='word_1_3' title='bbox 661 439 796 496; x_wconf 88' lang='lat' dir='ltr'><strong>Cum</strong></span> <span class='ocrx_word' id='word_1_4' title='bbox 815 439 986 510; x_wconf 83' lang='lat' dir='ltr'><strong>legem</strong></span> <span class='ocrx_word' id='word_1_5' title='bbox 1009 436 1284 508; x_wconf 87' lang='lat' dir='ltr'><strong>reliquerit</strong></span> <span class='ocrx_word' id='word_1_6' title='bbox 1307 451 1322 498; x_wconf 88' lang='lat'><strong>;</strong></span> <span class='ocrx_word' id='word_1_7' title='bbox 1345 434 1438 489; x_wconf 89' lang='lat' dir='ltr'><strong>sed</strong></span> <span class='ocrx_word' id='word_1_8' title='bbox 1462 434 1563 486; x_wconf 86' lang='lat' dir='ltr'><strong>huc</strong></span> <span class='ocrx_word' id='word_1_9' title='bbox 1584 429 1934 486; x_wconf 85' lang='lat' dir='ltr'><strong>subindicavit</strong></span> <span class='ocrx_word' id='word_1_10' title='bbox 1955 443 2077 483; x_wconf 91' lang='lat' dir='ltr'><strong>cum</strong></span> 
     </span>
    </p>
   </div>
   <div class='ocr_carea' id='block_1_3' title="bbox 497 522 2081 600">
    <p class='ocr_par' dir='ltr' id='par_1_3' title="bbox 497 522 2081 600">
     <span class='ocr_line' id='line_1_3' title="bbox 497 522 2081 600; baseline -0.011 -8"><span class='ocrx_word' id='word_1_11' title='bbox 497 539 698 592; x_wconf 87' lang='lat' dir='ltr'><strong>diceret</strong></span> <span class='ocrx_word' id='word_1_12' title='bbox 729 555 744 592; x_wconf 91' lang='lat'><strong>:</strong></span> <span class='ocrx_word' id='word_1_13' title='bbox 771 533 898 590; x_wconf 83' lang='lat' dir='ltr'><strong>Cant</strong></span> <span class='ocrx_word' id='word_1_14' title='bbox 931 533 1061 588; x_wconf 84' lang='lat' dir='ltr'><strong>enim</strong></span> <span class='ocrx_word' id='word_1_15' title='bbox 1089 522 1356 585; x_wconf 77' lang='lat' dir='ltr'><strong>conuersus</strong></span> <span class='ocrx_word' id='word_1_16' title='bbox 1383 529 1534 600; x_wconf 74' lang='lat' dir='ltr'><strong>fuerit</strong></span> <span class='ocrx_word' id='word_1_17' title='bbox 1561 525 1628 578; x_wconf 89' lang='lat' dir='ltr'><strong>ad</strong></span> <span class='ocrx_word' id='word_1_18' title='bbox 1669 525 1958 584; x_wconf 88' lang='lat' dir='ltr'><strong>Dominum,</strong></span> <span class='ocrx_word' id='word_1_19' title='bbox 1986 539 2081 575; x_wconf 84' lang='lat' dir='ltr'><strong>au-</strong></span> 
     </span>
    </p>
   </div>
   <div class='ocr_carea' id='block_1_4' title="bbox 499 617 2078 700">
    <p class='ocr_par' dir='ltr' id='par_1_4' title="bbox 499 617 2078 700">
     <span class='ocr_line' id='line_1_4' title="bbox 499 617 2078 700; baseline -0.009 -18"><span class='ocrx_word' id='word_1_20' title='bbox 499 630 686 700; x_wconf 82' lang='lat' dir='ltr'><strong>feretur</strong></span> <span class='ocrx_word' id='word_1_21' title='bbox 715 627 959 681; x_wconf 76' lang='lat' dir='ltr'><strong>uelamen.</strong></span> <span class='ocrx_word' id='word_1_22' title='bbox 986 625 1065 679; x_wconf 89' lang='lat' dir='ltr'><strong>Ad</strong></span> <span class='ocrx_word' id='word_1_23' title='bbox 1091 633 1392 678; x_wconf 80' lang='lat' dir='ltr'><strong>extremum</strong></span> <span class='ocrx_word' id='word_1_24' title='bbox 1423 635 1590 688; x_wconf 90' lang='lat' dir='ltr'><strong>usque</strong></span> <span class='ocrx_word' id='word_1_25' title='bbox 1618 618 1669 671; x_wconf 90' lang='lat' dir='ltr'><strong>in</strong></span> <span class='ocrx_word' id='word_1_26' title='bbox 1699 617 1916 670; x_wconf 80' lang='lat' dir='ltr'><strong>historia</strong></span> <span class='ocrx_word' id='word_1_27' title='bbox 1955 631 2078 684; x_wconf 88' lang='lat' dir='ltr'><strong>per-</strong></span> 
     </span>
    </p>
   </div>
   <div class='ocr_carea' id='block_1_5' title="bbox 501 706 2078 779">
    <p class='ocr_par' dir='ltr' id='par_1_5' title="bbox 501 706 2078 779">
     <span class='ocr_line' id='line_1_5' title="bbox 501 706 2078 779; baseline -0.01 -5"><span class='ocrx_word' id='word_1_28' title='bbox 501 719 650 776; x_wconf 77' lang='lat' dir='ltr'><strong>stitit.</strong></span> <span class='ocrx_word' id='word_1_29' title='bbox 679 717 887 773; x_wconf 84' lang='lat' dir='ltr'><strong>Etenim</strong></span> <span class='ocrx_word' id='word_1_30' title='bbox 909 730 1030 770; x_wconf 91' lang='lat' dir='ltr'><strong>cum</strong></span> <span class='ocrx_word' id='word_1_31' title='bbox 1053 714 1225 768; x_wconf 82' lang='lat' dir='ltr'><strong>Moses</strong></span> <span class='ocrx_word' id='word_1_32' title='bbox 1244 711 1460 767; x_wconf 70' lang='lat' dir='ltr'><strong>Jndmos</strong></span> <span class='ocrx_word' id='word_1_33' title='bbox 1480 711 1862 779; x_wconf 88' lang='lat' dir='ltr'><strong>alluqucretur,</strong></span> <span class='ocrx_word' id='word_1_34' title='bbox 1891 706 2078 760; x_wconf 82' lang='lat' dir='ltr'><strong>faciem</strong></span> 
     </span>
    </p>
   </div>
   <div class='ocr_carea' id='block_1_6' title="bbox 501 801 2076 870">
    <p class='ocr_par' dir='ltr' id='par_1_6' title="bbox 501 801 2076 870">
     <span class='ocr_line' id='line_1_6' title="bbox 501 801 2076 870; baseline -0.011 -4"><span class='ocrx_word' id='word_1_35' title='bbox 501 827 650 867; x_wconf 86' lang='lat' dir='ltr'><strong>suam</strong></span> <span class='ocrx_word' id='word_1_36' title='bbox 677 808 988 870; x_wconf 87' lang='lat' dir='ltr'><strong>obvelabat;</strong></span> <span class='ocrx_word' id='word_1_37' title='bbox 1014 821 1134 859; x_wconf 92' lang='lat' dir='ltr'><strong>cum</strong></span> <span class='ocrx_word' id='word_1_38' title='bbox 1163 813 1341 859; x_wconf 90' lang='lat' dir='ltr'><strong>autem</strong></span> <span class='ocrx_word' id='word_1_39' title='bbox 1369 803 1434 856; x_wconf 90' lang='lat' dir='ltr'><strong>ad</strong></span> <span class='ocrx_word' id='word_1_40' title='bbox 1463 801 1742 855; x_wconf 90' lang='lat' dir='ltr'><strong>Dominum</strong></span> <span class='ocrx_word' id='word_1_41' title='bbox 1771 813 1829 852; x_wconf 90' lang='lat' dir='ltr'><strong>se</strong></span> <span class='ocrx_word' id='word_1_42' title='bbox 1856 813 2076 851; x_wconf 83' lang='lat' dir='ltr'><strong>conver-</strong></span> 
     </span>
    </p>
   </div>
   <div class='ocr_carea' id='block_1_7' title="bbox 503 889 2080 971">
    <p class='ocr_par' dir='ltr' id='par_1_7' title="bbox 503 889 2080 971">
     <span class='ocr_line' id='line_1_7' title="bbox 503 889 2080 971; baseline -0.013 -13"><span class='ocrx_word' id='word_1_43' title='bbox 503 905 676 971; x_wconf 87' lang='lat' dir='ltr'><strong>tebat,</strong></span> <span class='ocrx_word' id='word_1_44' title='bbox 705 918 822 958; x_wconf 88' lang='lat' dir='ltr'><strong>eam</strong></span> <span class='ocrx_word' id='word_1_45' title='bbox 854 899 1153 970; x_wconf 76' lang='lat' dir='ltr'><strong>detegebat.</strong></span> <span class='ocrx_word' id='word_1_46' title='bbox 1200 897 1310 952; x_wconf 88' lang='lat' dir='ltr'><strong>lluc</strong></span> <span class='ocrx_word' id='word_1_47' title='bbox 1353 907 1530 949; x_wconf 90' lang='lat' dir='ltr'><strong>autem</strong></span> <span class='ocrx_word' id='word_1_48' title='bbox 1573 893 1650 947; x_wconf 85' lang='lat' dir='ltr'><strong>rei</strong></span> <span class='ocrx_word' id='word_1_49' title='bbox 1693 892 1881 944; x_wconf 71' lang='lat' dir='ltr'><strong>futura:</strong></span> <span class='ocrx_word' id='word_1_50' title='bbox 1915 889 2080 957; x_wconf 89' lang='lat' dir='ltr'><strong>figura</strong></span> 
     </span>
    </p>
   </div>
   <div class='ocr_carea' id='block_1_8' title="bbox 503 983 2076 1061">
    <p class='ocr_par' dir='ltr' id='par_1_8' title="bbox 503 983 2076 1061">
     <span class='ocr_line' id='line_1_8' title="bbox 503 983 2076 1061; baseline -0.013 -10"><span class='ocrx_word' id='word_1_51' title='bbox 503 1005 652 1059; x_wconf 78' lang='lat' dir='ltr'><strong>erat;</strong></span> <span class='ocrx_word' id='word_1_52' title='bbox 691 1007 880 1061; x_wconf 87' lang='lat' dir='ltr'><strong>nempe</strong></span> <span class='ocrx_word' id='word_1_53' title='bbox 919 990 1059 1060; x_wconf 89' lang='lat' dir='ltr'><strong>quod</strong></span> <span class='ocrx_word' id='word_1_54' title='bbox 1081 1031 1095 1055; x_wconf 95' lang='lat'><strong>,</strong></span> <span class='ocrx_word' id='word_1_55' title='bbox 1128 1004 1248 1043; x_wconf 90' lang='lat' dir='ltr'><strong>cum</strong></span> <span class='ocrx_word' id='word_1_56' title='bbox 1275 987 1338 1040; x_wconf 88' lang='lat' dir='ltr'><strong>ad</strong></span> <span class='ocrx_word' id='word_1_57' title='bbox 1371 985 1650 1040; x_wconf 88' lang='lat' dir='ltr'><strong>Dominum</strong></span> <span class='ocrx_word' id='word_1_58' title='bbox 1679 983 1922 1050; x_wconf 73' lang='grc' dir='ltr'><strong>ιιοεὶῃευε</strong></span> <span class='ocrx_word' id='word_1_59' title='bbox 1949 995 2076 1033; x_wconf 87' lang='lat' dir='ltr'><strong>con-</strong></span> 
     </span>
    </p>
   </div>
   <div class='ocr_carea' id='block_1_9' title="bbox 503 1073 2083 1152">
    <p class='ocr_par' dir='ltr' id='par_1_9' title="bbox 503 1073 2083 1152">
     <span class='ocr_line' id='line_1_9' title="bbox 503 1073 2083 1152; baseline -0.009 -12"><span class='ocrx_word' id='word_1_60' title='bbox 503 1087 820 1141; x_wconf 85' lang='lat' dir='ltr'><strong>verterimus</strong></span> <span class='ocrx_word' id='word_1_61' title='bbox 842 1127 856 1148; x_wconf 91' lang='lat'><strong>,</strong></span> <span class='ocrx_word' id='word_1_62' title='bbox 887 1092 1012 1138; x_wconf 89' lang='lat' dir='ltr'><strong>tunc</strong></span> <span class='ocrx_word' id='word_1_63' title='bbox 1041 1082 1174 1152; x_wconf 88' lang='lat' dir='ltr'><strong>legis</strong></span> <span class='ocrx_word' id='word_1_64' title='bbox 1203 1081 1426 1150; x_wconf 81' lang='lat' dir='ltr'><strong>gloriam</strong></span> <span class='ocrx_word' id='word_1_65' title='bbox 1457 1094 1519 1132; x_wconf 90' lang='lat' dir='ltr'><strong>ac</strong></span> <span class='ocrx_word' id='word_1_66' title='bbox 1549 1077 1741 1130; x_wconf 91' lang='lat' dir='ltr'><strong>nudam</strong></span> <span class='ocrx_word' id='word_1_67' title='bbox 1770 1073 2083 1144; x_wconf 74' lang='lat' dir='ltr'><strong>legislaturis</strong></span> 
     </span>
    </p>
   </div>
   <div class='ocr_carea' id='block_1_10' title="bbox 501 1165 2083 1247">
    <p class='ocr_par' dir='ltr' id='par_1_10' title="bbox 501 1165 2083 1247">
     <span class='ocr_line' id='line_1_10' title="bbox 501 1165 2083 1247; baseline -0.011 -13"><span class='ocrx_word' id='word_1_68' title='bbox 501 1179 692 1234; x_wconf 81' lang='lat' dir='ltr'><strong>faciem</strong></span> <span class='ocrx_word' id='word_1_69' title='bbox 736 1177 1121 1247; x_wconf 82' lang='lat' dir='ltr'><strong>perspiciemus</strong></span> <span class='ocrx_word' id='word_1_70' title='bbox 1153 1189 1168 1230; x_wconf 89' lang='lat'><strong>:</strong></span> <span class='ocrx_word' id='word_1_71' title='bbox 1198 1173 1304 1227; x_wconf 91' lang='lat' dir='ltr'><strong>imo</strong></span> <span class='ocrx_word' id='word_1_72' title='bbox 1345 1187 1448 1224; x_wconf 91' lang='lat' dir='ltr'><strong>non</strong></span> <span class='ocrx_word' id='word_1_73' title='bbox 1491 1169 1592 1222; x_wconf 90' lang='lat' dir='ltr'><strong>hoc</strong></span> <span class='ocrx_word' id='word_1_74' title='bbox 1632 1176 1836 1220; x_wconf 86' lang='lat' dir='ltr'><strong>tantum</strong></span> <span class='ocrx_word' id='word_1_75' title='bbox 1861 1207 1876 1230; x_wconf 96' lang='lat'><strong>,</strong></span> <span class='ocrx_word' id='word_1_76' title='bbox 1905 1165 1996 1218; x_wconf 83' lang='lat' dir='ltr'><strong>sed</strong></span> <span class='ocrx_word' id='word_1_77' title='bbox 2033 1165 2083 1217; x_wconf 92' lang='lat' dir='ltr'><strong>in</strong></span> 
     </span>
    </p>
   </div>
   <div class='ocr_carea' id='block_1_11' title="bbox 503 1257 2086 1334">
    <p class='ocr_par' dir='ltr' id='par_1_11' title="bbox 503 1257 2086 1334">
     <span class='ocr_line' id='line_1_11' title="bbox 503 1257 2086 1334; baseline -0.013 -9"><span class='ocrx_word' id='word_1_78' title='bbox 503 1268 666 1325; x_wconf 82' lang='lat' dir='ltr'><strong>Musis</strong></span> <span class='ocrx_word' id='word_1_79' title='bbox 694 1268 866 1324; x_wconf 82' lang='lat' dir='ltr'><strong>classe</strong></span> <span class='ocrx_word' id='word_1_80' title='bbox 905 1274 1064 1334; x_wconf 90' lang='lat' dir='ltr'><strong>atque</strong></span> <span class='ocrx_word' id='word_1_81' title='bbox 1104 1263 1292 1318; x_wconf 79' lang='lat' dir='ltr'><strong>ordine</strong></span> <span class='ocrx_word' id='word_1_82' title='bbox 1329 1261 1547 1315; x_wconf 87' lang='lat' dir='ltr'><strong>erimus.</strong></span> <span class='ocrx_word' id='word_1_83' title='bbox 1593 1257 1750 1310; x_wconf 76' lang='lat' dir='ltr'><strong>Vides</strong></span> <span class='ocrx_word' id='word_1_84' title='bbox 1785 1271 1892 1326; x_wconf 92' lang='lat' dir='ltr'><strong>quo</strong></span> <span class='ocrx_word' id='word_1_85' title='bbox 1930 1263 2086 1324; x_wconf 88' lang='lat' dir='ltr'><strong>pacto</strong></span> 
     </span>
    </p>
   </div>
   <div class='ocr_carea' id='block_1_12' title="bbox 503 1349 2084 1419">
    <p class='ocr_par' dir='ltr' id='par_1_12' title="bbox 503 1349 2084 1419">
     <span class='ocr_line' id='line_1_12' title="bbox 503 1349 2084 1419; baseline -0.01 0"><span class='ocrx_word' id='word_1_86' title='bbox 503 1363 746 1419; x_wconf 76' lang='lat' dir='ltr'><strong>Judzeunt</strong></span> <span class='ocrx_word' id='word_1_87' title='bbox 778 1361 842 1414; x_wconf 87' lang='lat' dir='ltr'><strong>ad</strong></span> <span class='ocrx_word' id='word_1_88' title='bbox 877 1359 1032 1414; x_wconf 87' lang='lat' dir='ltr'><strong>fidem</strong></span> <span class='ocrx_word' id='word_1_89' title='bbox 1061 1355 1297 1412; x_wconf 81' lang='lat' dir='ltr'><strong>excitet?</strong></span> <span class='ocrx_word' id='word_1_90' title='bbox 1331 1355 1456 1407; x_wconf 88' lang='lat' dir='ltr'><strong>dum</strong></span> <span class='ocrx_word' id='word_1_91' title='bbox 1487 1352 1718 1407; x_wconf 88' lang='lat' dir='ltr'><strong>ostendit</strong></span> <span class='ocrx_word' id='word_1_92' title='bbox 1755 1367 1912 1412; x_wconf 87' lang='lat' dir='ltr'><strong>eum,</strong></span> <span class='ocrx_word' id='word_1_93' title='bbox 1943 1351 1987 1403; x_wconf 89' lang='lat' dir='ltr'><strong>si</strong></span> <span class='ocrx_word' id='word_1_94' title='bbox 2018 1349 2084 1404; x_wconf 90' lang='lat' dir='ltr'><strong>ad</strong></span> 
     </span>
    </p>
   </div>
   <div class='ocr_carea' id='block_1_13' title="bbox 505 1442 2085 1514">
    <p class='ocr_par' dir='ltr' id='par_1_13' title="bbox 505 1442 2085 1514">
     <span class='ocr_line' id='line_1_13' title="bbox 505 1442 2085 1514; baseline -0.008 -5"><span class='ocrx_word' id='word_1_95' title='bbox 505 1455 662 1509; x_wconf 79' lang='lat' dir='ltr'><strong>tidem</strong></span> <span class='ocrx_word' id='word_1_96' title='bbox 695 1452 1000 1514; x_wconf 90' lang='lat' dir='ltr'><strong>accesserit,</strong></span> <span class='ocrx_word' id='word_1_97' title='bbox 1025 1465 1130 1503; x_wconf 89' lang='lat' dir='ltr'><strong>non</strong></span> <span class='ocrx_word' id='word_1_98' title='bbox 1153 1447 1310 1500; x_wconf 88' lang='lat' dir='ltr'><strong>modo</strong></span> <span class='ocrx_word' id='word_1_99' title='bbox 1335 1446 1534 1500; x_wconf 83' lang='lat' dir='ltr'><strong>Musem</strong></span> <span class='ocrx_word' id='word_1_100' title='bbox 1563 1444 1753 1498; x_wconf 88' lang='lat' dir='ltr'><strong>intueri</strong></span> <span class='ocrx_word' id='word_1_101' title='bbox 1785 1458 1962 1513; x_wconf 86' lang='lat' dir='ltr'><strong>posse,</strong></span> <span class='ocrx_word' id='word_1_102' title='bbox 1991 1442 2085 1496; x_wconf 89' lang='lat' dir='ltr'><strong>sed</strong></span> 
     </span>
    </p>
   </div>
   <div class='ocr_carea' id='block_1_14' title="bbox 503 1534 2086 1611">
    <p class='ocr_par' dir='ltr' id='par_1_14' title="bbox 503 1534 2086 1611">
     <span class='ocr_line' id='line_1_14' title="bbox 503 1534 2086 1611; baseline -0.008 -9"><span class='ocrx_word' id='word_1_103' title='bbox 503 1549 664 1602; x_wconf 87' lang='lat' dir='ltr'><strong>etiam</strong></span> <span class='ocrx_word' id='word_1_104' title='bbox 695 1547 746 1598; x_wconf 92' lang='lat' dir='ltr'><strong>in</strong></span> <span class='ocrx_word' id='word_1_105' title='bbox 773 1544 961 1598; x_wconf 89' lang='lat' dir='ltr'><strong>eodem</strong></span> <span class='ocrx_word' id='word_1_106' title='bbox 987 1557 1092 1611; x_wconf 88' lang='lat' dir='ltr'><strong>quo</strong></span> <span class='ocrx_word' id='word_1_107' title='bbox 1119 1539 1389 1608; x_wconf 86' lang='lat' dir='ltr'><strong>legislator</strong></span> <span class='ocrx_word' id='word_1_108' title='bbox 1412 1538 1496 1590; x_wconf 87' lang='lat' dir='ltr'><strong>ille</strong></span> <span class='ocrx_word' id='word_1_109' title='bbox 1517 1536 1683 1606; x_wconf 88' lang='lat' dir='ltr'><strong>gradu</strong></span> <span class='ocrx_word' id='word_1_110' title='bbox 1713 1545 1870 1604; x_wconf 87' lang='lat' dir='ltr'><strong>atque</strong></span> <span class='ocrx_word' id='word_1_111' title='bbox 1895 1534 2086 1590; x_wconf 80' lang='lat' dir='ltr'><strong>ordine</strong></span> 
     </span>
    </p>
   </div>
   <div class='ocr_carea' id='block_1_15' title="bbox 505 1627 2083 1700">
    <p class='ocr_par' dir='ltr' id='par_1_15' title="bbox 505 1627 2083 1700">
     <span class='ocr_line' id='line_1_15' title="bbox 505 1627 2083 1700; baseline -0.01 -6"><span class='ocrx_word' id='word_1_112' title='bbox 505 1653 644 1694; x_wconf 90' lang='lat' dir='ltr'><strong>esse.</strong></span> <span class='ocrx_word' id='word_1_113' title='bbox 677 1635 792 1690; x_wconf 86' lang='lat' dir='ltr'><strong>Non</strong></span> <span class='ocrx_word' id='word_1_114' title='bbox 825 1634 982 1688; x_wconf 92' lang='lat' dir='ltr'><strong>modo</strong></span> <span class='ocrx_word' id='word_1_115' title='bbox 1020 1632 1162 1686; x_wconf 92' lang='lat' dir='ltr'><strong>enim</strong></span> <span class='ocrx_word' id='word_1_116' title='bbox 1199 1645 1318 1684; x_wconf 89' lang='lat' dir='ltr'><strong>eam</strong></span> <span class='ocrx_word' id='word_1_117' title='bbox 1357 1629 1580 1700; x_wconf 82' lang='lat' dir='ltr'><strong>gloriam</strong></span> <span class='ocrx_word' id='word_1_118' title='bbox 1623 1641 1846 1692; x_wconf 88' lang='lat' dir='ltr'><strong>cernes,</strong></span> <span class='ocrx_word' id='word_1_119' title='bbox 1879 1627 2083 1696; x_wconf 84' lang='lat' dir='ltr'><strong>inquit,</strong></span> 
     </span>
    </p>
   </div>
   <div class='ocr_carea' id='block_1_16' title="bbox 507 1721 2088 1800">
    <p class='ocr_par' dir='ltr' id='par_1_16' title="bbox 507 1721 2088 1800">
     <span class='ocr_line' id='line_1_16' title="bbox 507 1721 2088 1800; baseline -0.007 -15"><span class='ocrx_word' id='word_1_120' title='bbox 507 1746 664 1800; x_wconf 91' lang='lat' dir='ltr'><strong>quam</strong></span> <span class='ocrx_word' id='word_1_121' title='bbox 694 1739 803 1783; x_wconf 92' lang='lat' dir='ltr'><strong>tum</strong></span> <span class='ocrx_word' id='word_1_122' title='bbox 834 1727 1053 1782; x_wconf 90' lang='lat' dir='ltr'><strong>minime</strong></span> <span class='ocrx_word' id='word_1_123' title='bbox 1079 1725 1256 1780; x_wconf 82' lang='lat' dir='ltr'><strong>vidisti</strong></span> <span class='ocrx_word' id='word_1_124' title='bbox 1283 1765 1299 1791; x_wconf 92' lang='lat'><strong>,</strong></span> <span class='ocrx_word' id='word_1_125' title='bbox 1331 1724 1424 1778; x_wconf 85' lang='lat' dir='ltr'><strong>sed</strong></span> <span class='ocrx_word' id='word_1_126' title='bbox 1455 1733 1508 1778; x_wconf 91' lang='lat' dir='ltr'><strong>et</strong></span> <span class='ocrx_word' id='word_1_127' title='bbox 1545 1723 1658 1792; x_wconf 90' lang='lat' dir='ltr'><strong>ipse</strong></span> <span class='ocrx_word' id='word_1_128' title='bbox 1693 1723 1744 1776; x_wconf 90' lang='lat' dir='ltr'><strong>in</strong></span> <span class='ocrx_word' id='word_1_129' title='bbox 1775 1721 1959 1775; x_wconf 90' lang='lat' dir='ltr'><strong>eadem</strong></span> <span class='ocrx_word' id='word_1_130' title='bbox 1987 1735 2088 1789; x_wconf 85' lang='lat' dir='ltr'><strong>qua</strong></span> 
     </span>
    </p>
   </div>
   <div class='ocr_carea' id='block_1_17' title="bbox 503 1815 2090 1892">
    <p class='ocr_par' dir='ltr' id='par_1_17' title="bbox 503 1815 2090 1892">
     <span class='ocr_line' id='line_1_17' title="bbox 503 1815 2090 1892; baseline -0.007 -15"><span class='ocrx_word' id='word_1_131' title='bbox 503 1823 593 1878; x_wconf 89' lang='lat' dir='ltr'><strong>ille</strong></span> <span class='ocrx_word' id='word_1_132' title='bbox 621 1821 784 1892; x_wconf 84' lang='lat' dir='ltr'><strong>gloria</strong></span> <span class='ocrx_word' id='word_1_133' title='bbox 819 1819 1026 1873; x_wconf 81' lang='lat' dir='ltr'><strong>futurus</strong></span> <span class='ocrx_word' id='word_1_134' title='bbox 1051 1832 1130 1879; x_wconf 85' lang='lat' dir='ltr'><strong>es.</strong></span> <span class='ocrx_word' id='word_1_135' title='bbox 1157 1817 1266 1870; x_wconf 88' lang='lat' dir='ltr'><strong>into</strong></span> <span class='ocrx_word' id='word_1_136' title='bbox 1293 1816 1461 1869; x_wconf 88' lang='lat' dir='ltr'><strong>multo</strong></span> <span class='ocrx_word' id='word_1_137' title='bbox 1485 1815 1643 1868; x_wconf 89' lang='lat' dir='ltr'><strong>etiam</strong></span> <span class='ocrx_word' id='word_1_138' title='bbox 1679 1815 1899 1881; x_wconf 86' lang='lat' dir='ltr'><strong>majore,</strong></span> <span class='ocrx_word' id='word_1_139' title='bbox 1932 1821 2090 1881; x_wconf 89' lang='lat' dir='ltr'><strong>atque</strong></span> 
     </span>
    </p>
   </div>
   <div class='ocr_carea' id='block_1_18' title="bbox 505 1901 2090 1976">
    <p class='ocr_par' dir='ltr' id='par_1_18' title="bbox 505 1901 2090 1976">
     <span class='ocr_line' id='line_1_18' title="bbox 505 1901 2090 1976; baseline -0.008 -10"><span class='ocrx_word' id='word_1_140' title='bbox 505 1921 652 1966; x_wconf 87' lang='lat' dir='ltr'><strong>tanta</strong></span> <span class='ocrx_word' id='word_1_141' title='bbox 673 1953 688 1975; x_wconf 92' lang='lat'><strong>,</strong></span> <span class='ocrx_word' id='word_1_142' title='bbox 721 1921 776 1964; x_wconf 92' lang='lat' dir='ltr'><strong>ut</strong></span> <span class='ocrx_word' id='word_1_143' title='bbox 805 1925 870 1964; x_wconf 89' lang='lat' dir='ltr'><strong>ne</strong></span> <span class='ocrx_word' id='word_1_144' title='bbox 910 1909 996 1962; x_wconf 88' lang='lat' dir='ltr'><strong>illa</strong></span> <span class='ocrx_word' id='word_1_145' title='bbox 1027 1907 1242 1976; x_wconf 89' lang='lat' dir='ltr'><strong>quidem</strong></span> <span class='ocrx_word' id='word_1_146' title='bbox 1273 1907 1455 1976; x_wconf 73' lang='lat' dir='ltr'><strong>gloria:</strong></span> <span class='ocrx_word' id='word_1_147' title='bbox 1485 1905 1717 1972; x_wconf 90' lang='lat' dir='ltr'><strong>speciem</strong></span> <span class='ocrx_word' id='word_1_148' title='bbox 1756 1903 2017 1972; x_wconf 68' lang='lat' dir='ltr'><strong>pra-abeat,</strong></span> <span class='ocrx_word' id='word_1_149' title='bbox 2046 1901 2090 1955; x_wconf 90' lang='lat' dir='ltr'><strong>si</strong></span> 
     </span>
    </p>
   </div>
   <div class='ocr_carea' id='block_1_19' title="bbox 504 1994 2092 2070">
    <p class='ocr_par' dir='ltr' id='par_1_19' title="bbox 504 1994 2092 2070">
     <span class='ocr_line' id='line_1_19' title="bbox 504 1994 2092 2070; baseline -0.007 -11"><span class='ocrx_word' id='word_1_150' title='bbox 504 2019 626 2060; x_wconf 89' lang='lat' dir='ltr'><strong>cum</strong></span> <span class='ocrx_word' id='word_1_151' title='bbox 665 2005 762 2057; x_wconf 84' lang='lat' dir='ltr'><strong>bac</strong></span> <span class='ocrx_word' id='word_1_152' title='bbox 803 2013 1164 2070; x_wconf 86' lang='lat' dir='ltr'><strong>comparetur.</strong></span> <span class='ocrx_word' id='word_1_153' title='bbox 1203 1999 1444 2066; x_wconf 89' lang='lat' dir='ltr'><strong>Quonam</strong></span> <span class='ocrx_word' id='word_1_154' title='bbox 1479 1997 1692 2052; x_wconf 87' lang='lat' dir='ltr'><strong>tandem</strong></span> <span class='ocrx_word' id='word_1_155' title='bbox 1725 1995 1918 2050; x_wconf 85' lang='lat' dir='ltr'><strong>modo?</strong></span> <span class='ocrx_word' id='word_1_156' title='bbox 1943 1994 2092 2062; x_wconf 85' lang='lat' dir='ltr'><strong>Quo-</strong></span> 
     </span>
    </p>
   </div>
   <div class='ocr_carea' id='block_1_20' title="bbox 509 2089 2091 2161">
    <p class='ocr_par' dir='ltr' id='par_1_20' title="bbox 509 2089 2091 2161">
     <span class='ocr_line' id='line_1_20' title="bbox 509 2089 2091 2161; baseline -0.006 -9"><span class='ocrx_word' id='word_1_157' title='bbox 509 2100 651 2152; x_wconf 84' lang='lat' dir='ltr'><strong>niam</strong></span> <span class='ocrx_word' id='word_1_158' title='bbox 679 2137 692 2161; x_wconf 95' lang='lat'><strong>,</strong></span> <span class='ocrx_word' id='word_1_159' title='bbox 723 2111 844 2150; x_wconf 90' lang='lat' dir='ltr'><strong>cum</strong></span> <span class='ocrx_word' id='word_1_160' title='bbox 873 2094 938 2147; x_wconf 88' lang='lat' dir='ltr'><strong>ad</strong></span> <span class='ocrx_word' id='word_1_161' title='bbox 972 2093 1254 2147; x_wconf 89' lang='lat' dir='ltr'><strong>Dominum</strong></span> <span class='ocrx_word' id='word_1_162' title='bbox 1297 2107 1588 2146; x_wconf 89' lang='lat' dir='ltr'><strong>conversus</strong></span> <span class='ocrx_word' id='word_1_163' title='bbox 1614 2091 1778 2144; x_wconf 87' lang='lat' dir='ltr'><strong>fueris</strong></span> <span class='ocrx_word' id='word_1_164' title='bbox 1802 2131 1817 2155; x_wconf 95' lang='lat'><strong>,</strong></span> <span class='ocrx_word' id='word_1_165' title='bbox 1849 2101 2006 2159; x_wconf 88' lang='lat' dir='ltr'><strong>atque</strong></span> <span class='ocrx_word' id='word_1_166' title='bbox 2037 2089 2091 2143; x_wconf 92' lang='lat' dir='ltr'><strong>in</strong></span> 
     </span>
    </p>
   </div>
   <div class='ocr_carea' id='block_1_21' title="bbox 507 2181 2091 2258">
    <p class='ocr_par' dir='ltr' id='par_1_21' title="bbox 507 2181 2091 2258">
     <span class='ocr_line' id='line_1_21' title="bbox 507 2181 2091 2258; baseline -0.005 -16"><span class='ocrx_word' id='word_1_167' title='bbox 507 2188 676 2258; x_wconf 89' lang='lat' dir='ltr'><strong>gratia</strong></span> <span class='ocrx_word' id='word_1_168' title='bbox 705 2201 828 2241; x_wconf 91' lang='lat' dir='ltr'><strong>esse</strong></span> <span class='ocrx_word' id='word_1_169' title='bbox 856 2186 1106 2254; x_wconf 65' lang='lat' dir='ltr'><strong>carperis,</strong></span> <span class='ocrx_word' id='word_1_170' title='bbox 1136 2185 1224 2238; x_wconf 89' lang='lat' dir='ltr'><strong>illa</strong></span> <span class='ocrx_word' id='word_1_171' title='bbox 1261 2184 1425 2253; x_wconf 79' lang='lat' dir='ltr'><strong>gloria</strong></span> <span class='ocrx_word' id='word_1_172' title='bbox 1457 2182 1676 2250; x_wconf 84' lang='lat' dir='ltr'><strong>frueris,</strong></span> <span class='ocrx_word' id='word_1_173' title='bbox 1704 2199 1822 2238; x_wconf 87' lang='lat' dir='ltr'><strong>cum</strong></span> <span class='ocrx_word' id='word_1_174' title='bbox 1849 2197 1950 2252; x_wconf 91' lang='lat' dir='ltr'><strong>qua</strong></span> <span class='ocrx_word' id='word_1_175' title='bbox 1977 2181 2091 2234; x_wconf 81' lang='lat' dir='ltr'><strong>Mo-</strong></span> 
     </span>
    </p>
   </div>
   <div class='ocr_carea' id='block_1_22' title="bbox 508 2272 2090 2348">
    <p class='ocr_par' dir='ltr' id='par_1_22' title="bbox 508 2272 2090 2348">
     <span class='ocr_line' id='line_1_22' title="bbox 508 2272 2090 2348; baseline -0.006 -14"><span class='ocrx_word' id='word_1_176' title='bbox 508 2281 584 2334; x_wconf 87' lang='lat' dir='ltr'><strong>sis</strong></span> <span class='ocrx_word' id='word_1_177' title='bbox 613 2278 778 2348; x_wconf 80' lang='lat' dir='ltr'><strong>gloria</strong></span> <span class='ocrx_word' id='word_1_178' title='bbox 805 2277 1018 2338; x_wconf 86' lang='lat' dir='ltr'><strong>collata,</strong></span> <span class='ocrx_word' id='word_1_179' title='bbox 1048 2289 1216 2344; x_wconf 90' lang='lat' dir='ltr'><strong>usque</strong></span> <span class='ocrx_word' id='word_1_180' title='bbox 1243 2273 1378 2328; x_wconf 88' lang='lat' dir='ltr'><strong>adeo</strong></span> <span class='ocrx_word' id='word_1_181' title='bbox 1411 2272 1632 2326; x_wconf 81' lang='lat' dir='ltr'><strong>inferior</strong></span> <span class='ocrx_word' id='word_1_182' title='bbox 1656 2281 1758 2338; x_wconf 87' lang='lat' dir='ltr'><strong>est,</strong></span> <span class='ocrx_word' id='word_1_183' title='bbox 1789 2281 1847 2328; x_wconf 90' lang='lat' dir='ltr'><strong>ut</strong></span> <span class='ocrx_word' id='word_1_184' title='bbox 1883 2287 1948 2326; x_wconf 91' lang='lat' dir='ltr'><strong>ne</strong></span> <span class='ocrx_word' id='word_1_185' title='bbox 1977 2273 2090 2342; x_wconf 87' lang='lat' dir='ltr'><strong>glo-</strong></span> 
     </span>
    </p>
   </div>
   <div class='ocr_carea' id='block_1_23' title="bbox 512 2365 2093 2438">
    <p class='ocr_par' dir='ltr' id='par_1_23' title="bbox 512 2365 2093 2438">
     <span class='ocr_line' id='line_1_23' title="bbox 512 2365 2093 2438; baseline -0.005 -14"><span class='ocrx_word' id='word_1_186' title='bbox 512 2370 588 2424; x_wconf 89' lang='lat' dir='ltr'><strong>ria</strong></span> <span class='ocrx_word' id='word_1_187' title='bbox 615 2368 828 2438; x_wconf 87' lang='lat' dir='ltr'><strong>quidem</strong></span> <span class='ocrx_word' id='word_1_188' title='bbox 859 2367 949 2422; x_wconf 88' lang='lat' dir='ltr'><strong>sit.</strong></span> <span class='ocrx_word' id='word_1_189' title='bbox 983 2367 1047 2420; x_wconf 88' lang='lat' dir='ltr'><strong>Et</strong></span> <span class='ocrx_word' id='word_1_190' title='bbox 1074 2374 1248 2420; x_wconf 88' lang='lat' dir='ltr'><strong>tamen</strong></span> <span class='ocrx_word' id='word_1_191' title='bbox 1281 2365 1524 2434; x_wconf 85' lang='lat' dir='ltr'><strong>quamvis</strong></span> <span class='ocrx_word' id='word_1_192' title='bbox 1550 2365 1742 2433; x_wconf 81' lang='lat' dir='ltr'><strong>exigua</strong></span> <span class='ocrx_word' id='word_1_193' title='bbox 1769 2379 1831 2418; x_wconf 89' lang='lat' dir='ltr'><strong>ca</strong></span> <span class='ocrx_word' id='word_1_194' title='bbox 1859 2365 1946 2427; x_wconf 91' lang='lat' dir='ltr'><strong>sit,</strong></span> <span class='ocrx_word' id='word_1_195' title='bbox 1979 2365 2093 2417; x_wconf 92' lang='lat' dir='ltr'><strong>lun-</strong></span> 
     </span>
    </p>
   </div>
   <div class='ocr_carea' id='block_1_24' title="bbox 509 2454 2094 2530">
    <p class='ocr_par' dir='ltr' id='par_1_24' title="bbox 509 2454 2094 2530">
     <span class='ocr_line' id='line_1_24' title="bbox 509 2454 2094 2530; baseline -0.003 -16"><span class='ocrx_word' id='word_1_196' title='bbox 509 2473 684 2530; x_wconf 81' lang='lat' dir='ltr'><strong>geque</strong></span> <span class='ocrx_word' id='word_1_197' title='bbox 728 2459 902 2511; x_wconf 89' lang='lat' dir='ltr'><strong>minor</strong></span> <span class='ocrx_word' id='word_1_198' title='bbox 939 2456 1076 2520; x_wconf 85' lang='lat' dir='ltr'><strong>ista,</strong></span> <span class='ocrx_word' id='word_1_199' title='bbox 1109 2465 1284 2509; x_wconf 85' lang='lat' dir='ltr'><strong>tamen</strong></span> <span class='ocrx_word' id='word_1_200' title='bbox 1325 2455 1578 2526; x_wconf 86' lang='lat' dir='ltr'><strong>quamdiu</strong></span> <span class='ocrx_word' id='word_1_201' title='bbox 1612 2454 1828 2510; x_wconf 74' lang='lat' dir='ltr'><strong>Judtnus</strong></span> <span class='ocrx_word' id='word_1_202' title='bbox 1853 2456 1959 2510; x_wconf 85' lang='lat' dir='ltr'><strong>eris</strong></span> <span class='ocrx_word' id='word_1_203' title='bbox 1983 2497 1995 2516; x_wconf 85' lang='lat'><strong><em>.</em></strong></span> <span class='ocrx_word' id='word_1_204' title='bbox 2027 2469 2094 2509; x_wconf 90' lang='lat' dir='ltr'><strong>ne</strong></span> 
     </span>
    </p>
   </div>
   <div class='ocr_carea' id='block_1_25' title="bbox 516 2544 2095 2617">
    <p class='ocr_par' dir='ltr' id='par_1_25' title="bbox 516 2544 2095 2617">
     <span class='ocr_line' id='line_1_25' title="bbox 516 2544 2095 2617; baseline -0.004 -12"><span class='ocrx_word' id='word_1_205' title='bbox 516 2552 656 2605; x_wconf 89' lang='lat' dir='ltr'><strong>banc</strong></span> <span class='ocrx_word' id='word_1_206' title='bbox 685 2549 898 2617; x_wconf 81' lang='lat' dir='ltr'><strong>quidem</strong></span> <span class='ocrx_word' id='word_1_207' title='bbox 931 2549 1316 2616; x_wconf 89' lang='lat' dir='ltr'><strong>consequeris;</strong></span> <span class='ocrx_word' id='word_1_208' title='bbox 1359 2561 1488 2614; x_wconf 84' lang='lat' dir='ltr'><strong>ergo</strong></span> <span class='ocrx_word' id='word_1_209' title='bbox 1531 2561 1704 2616; x_wconf 89' lang='lat' dir='ltr'><strong>neque</strong></span> <span class='ocrx_word' id='word_1_210' title='bbox 1753 2557 1876 2600; x_wconf 89' lang='lat' dir='ltr'><strong>tunc</strong></span> <span class='ocrx_word' id='word_1_211' title='bbox 1923 2544 2095 2600; x_wconf 71' lang='lat' dir='ltr'><strong>Judari</strong></span> 
     </span>
    </p>
   </div>
   <div class='ocr_carea' id='block_1_26' title="bbox 513 2637 2114 2708">
    <p class='ocr_par' dir='ltr' id='par_1_26' title="bbox 513 2637 2114 2708">
     <span class='ocr_line' id='line_1_26' title="bbox 513 2637 2114 2708; baseline -0.006 -11"><span class='ocrx_word' id='word_1_212' title='bbox 513 2643 660 2698; x_wconf 86' lang='lat' dir='ltr'><strong>illam</strong></span> <span class='ocrx_word' id='word_1_213' title='bbox 692 2641 961 2705; x_wconf 87' lang='lat' dir='ltr'><strong>videbant,</strong></span> <span class='ocrx_word' id='word_1_214' title='bbox 993 2653 1166 2708; x_wconf 86' lang='lat' dir='ltr'><strong>neque</strong></span> <span class='ocrx_word' id='word_1_215' title='bbox 1205 2653 1344 2692; x_wconf 92' lang='lat' dir='ltr'><strong>nunc</strong></span> <span class='ocrx_word' id='word_1_216' title='bbox 1372 2637 1554 2691; x_wconf 86' lang='lat' dir='ltr'><strong>vident</strong></span> <span class='ocrx_word' id='word_1_217' title='bbox 1584 2655 1596 2692; x_wconf 94' lang='lat'>:</span> <span class='ocrx_word' id='word_1_218' title='bbox 1635 2638 1678 2690; x_wconf 90' lang='lat' dir='ltr'><strong>si</strong></span> <span class='ocrx_word' id='word_1_219' title='bbox 1721 2647 1895 2690; x_wconf 89' lang='lat' dir='ltr'><strong>autem</strong></span> <span class='ocrx_word' id='word_1_220' title='bbox 1939 2637 2114 2704; x_wconf 7' lang='lat' dir='ltr'><strong>fidem}</strong></span> 
     </span>
    </p>
   </div>
   <div class='ocr_carea' id='block_1_27' title="bbox 515 2728 2097 2801">
    <p class='ocr_par' dir='ltr' id='par_1_27' title="bbox 515 2728 2097 2801">
     <span class='ocr_line' id='line_1_27' title="bbox 515 2728 2097 2801; baseline -0.002 -15"><span class='ocrx_word' id='word_1_221' title='bbox 515 2734 792 2801; x_wconf 85' lang='lat' dir='ltr'><strong>amplexus</strong></span> <span class='ocrx_word' id='word_1_222' title='bbox 819 2731 996 2794; x_wconf 73' lang='lat' dir='ltr'><strong>lueris,</strong></span> <span class='ocrx_word' id='word_1_223' title='bbox 1029 2732 1127 2783; x_wconf 91' lang='lat' dir='ltr'><strong>hac</strong></span> <span class='ocrx_word' id='word_1_224' title='bbox 1155 2729 1322 2783; x_wconf 84' lang='lat' dir='ltr'><strong>inulto</strong></span> <span class='ocrx_word' id='word_1_225' title='bbox 1349 2728 1606 2797; x_wconf 82' lang='lat' dir='ltr'><strong>majorem</strong></span> <span class='ocrx_word' id='word_1_226' title='bbox 1633 2729 1812 2782; x_wconf 90' lang='lat' dir='ltr'><strong>divino</strong></span> <span class='ocrx_word' id='word_1_227' title='bbox 1839 2729 2097 2783; x_wconf 87' lang='lat' dir='ltr'><strong>beneficio</strong></span> 
     </span>
    </p>
   </div>
   <div class='ocr_carea' id='block_1_28' title="bbox 515 2821 2092 2896">
    <p class='ocr_par' dir='ltr' id='par_1_28' title="bbox 515 2821 2092 2896">
     <span class='ocr_line' id='line_1_28' title="bbox 515 2821 2092 2896; baseline -0.003 -18"><span class='ocrx_word' id='word_1_228' title='bbox 515 2823 831 2896; x_wconf 84' lang='lat' dir='ltr'><strong>perspicies.</strong></span> <span class='ocrx_word' id='word_1_229' title='bbox 863 2823 928 2876; x_wconf 89' lang='lat' dir='ltr'><strong>Et</strong></span> <span class='ocrx_word' id='word_1_230' title='bbox 955 2821 1166 2891; x_wconf 88' lang='lat' dir='ltr'><strong>quidem</strong></span> <span class='ocrx_word' id='word_1_231' title='bbox 1193 2862 1207 2885; x_wconf 93' lang='lat'><strong>,</strong></span> <span class='ocrx_word' id='word_1_232' title='bbox 1233 2837 1354 2875; x_wconf 93' lang='lat' dir='ltr'><strong>cum</strong></span> <span class='ocrx_word' id='word_1_233' title='bbox 1396 2821 1641 2876; x_wconf 87' lang='lat' dir='ltr'><strong>fidelibus</strong></span> <span class='ocrx_word' id='word_1_234' title='bbox 1671 2823 1830 2876; x_wconf 89' lang='lat' dir='ltr'><strong>verba</strong></span> <span class='ocrx_word' id='word_1_235' title='bbox 1863 2821 2057 2876; x_wconf 82' lang='lat' dir='ltr'><strong>faceret</strong></span> <span class='ocrx_word' id='word_1_236' title='bbox 2077 2862 2092 2887; x_wconf 89' lang='lat'><strong>,</strong></span> 
     </span>
    </p>
   </div>
   <div class='ocr_carea' id='block_1_29' title="bbox 512 2913 2096 2988">
    <p class='ocr_par' dir='ltr' id='par_1_29' title="bbox 512 2913 2096 2988">
     <span class='ocr_line' id='line_1_29' title="bbox 512 2913 2096 2988; baseline -0.003 -16"><span class='ocrx_word' id='word_1_237' title='bbox 512 2917 866 2988; x_wconf 80' lang='lat' dir='ltr'><strong>gloriﬁcatum</strong></span> <span class='ocrx_word' id='word_1_238' title='bbox 907 2914 1071 2970; x_wconf 82' lang='lat' dir='ltr'><strong>fuisse</strong></span> <span class='ocrx_word' id='word_1_239' title='bbox 1097 2916 1326 2985; x_wconf 79' lang='lat' dir='ltr'><strong>negabat</strong></span> <span class='ocrx_word' id='word_1_240' title='bbox 1353 2914 1402 2968; x_wconf 90' lang='lat' dir='ltr'><strong>id</strong></span> <span class='ocrx_word' id='word_1_241' title='bbox 1429 2914 1568 2984; x_wconf 90' lang='lat' dir='ltr'><strong>quod</strong></span> <span class='ocrx_word' id='word_1_242' title='bbox 1600 2913 1948 2985; x_wconf 89' lang='lat' dir='ltr'><strong>glorificatum</strong></span> <span class='ocrx_word' id='word_1_243' title='bbox 1980 2915 2096 2968; x_wconf 80' lang='lat' dir='ltr'><strong>fue-</strong></span> 
     </span>
    </p>
   </div>
   <div class='ocr_carea' id='block_1_30' title="bbox 513 3003 2098 3074">
    <p class='ocr_par' dir='ltr' id='par_1_30' title="bbox 513 3003 2098 3074">
     <span class='ocr_line' id='line_1_30' title="bbox 513 3003 2098 3074; baseline -0.003 -11"><span class='ocrx_word' id='word_1_244' title='bbox 513 3017 634 3063; x_wconf 85' lang='lat' dir='ltr'><strong>rat:</strong></span> <span class='ocrx_word' id='word_1_245' title='bbox 657 3007 744 3061; x_wconf 82' lang='lat' dir='ltr'><strong>hic</strong></span> <span class='ocrx_word' id='word_1_246' title='bbox 767 3017 942 3059; x_wconf 86' lang='lat' dir='ltr'><strong>autem</strong></span> <span class='ocrx_word' id='word_1_247' title='bbox 965 3021 1070 3058; x_wconf 91' lang='lat' dir='ltr'><strong>non</strong></span> <span class='ocrx_word' id='word_1_248' title='bbox 1095 3005 1186 3070; x_wconf 90' lang='lat' dir='ltr'><strong>ita,</strong></span> <span class='ocrx_word' id='word_1_249' title='bbox 1213 3003 1308 3059; x_wconf 89' lang='lat' dir='ltr'><strong>sed</strong></span> <span class='ocrx_word' id='word_1_250' title='bbox 1335 3020 1439 3074; x_wconf 89' lang='lat' dir='ltr'><strong>quo</strong></span> <span class='ocrx_word' id='word_1_251' title='bbox 1469 3006 1664 3074; x_wconf 87' lang='lat' dir='ltr'><strong>pacto?</strong></span> <span class='ocrx_word' id='word_1_252' title='bbox 1688 3005 1810 3058; x_wconf 83' lang='lat' dir='ltr'><strong>Cum</strong></span> <span class='ocrx_word' id='word_1_253' title='bbox 1831 3021 2098 3058; x_wconf 80' lang='lat' dir='ltr'><strong>conversus</strong></span> 
     </span>
    </p>
   </div>
   <div class='ocr_carea' id='block_1_31' title="bbox 515 3097 2100 3172">
    <p class='ocr_par' dir='ltr' id='par_1_31' title="bbox 515 3097 2100 3172">
     <span class='ocr_line' id='line_1_31' title="bbox 515 3097 2100 3172; baseline -0.001 -20"><span class='ocrx_word' id='word_1_254' title='bbox 515 3100 668 3172; x_wconf 82' lang='lat' dir='ltr'><strong>fuerit</strong></span> <span class='ocrx_word' id='word_1_255' title='bbox 693 3097 758 3152; x_wconf 84' lang='lat' dir='ltr'><strong>ad</strong></span> <span class='ocrx_word' id='word_1_256' title='bbox 789 3097 1079 3162; x_wconf 82' lang='lat' dir='ltr'><strong>Dominum,</strong></span> <span class='ocrx_word' id='word_1_257' title='bbox 1111 3098 1314 3150; x_wconf 73' lang='lat' dir='ltr'><strong>tolletur</strong></span> <span class='ocrx_word' id='word_1_258' title='bbox 1339 3098 1601 3161; x_wconf 85' lang='lat' dir='ltr'><strong>velamen;</strong></span> <span class='ocrx_word' id='word_1_259' title='bbox 1627 3099 1829 3152; x_wconf 89' lang='lat' dir='ltr'><strong>sensim</strong></span> <span class='ocrx_word' id='word_1_260' title='bbox 1853 3097 2100 3152; x_wconf 81' lang='lat' dir='ltr'><strong>videlicet</strong></span> 
     </span>
    </p>
   </div>
   <div class='ocr_carea' id='block_1_32' title="bbox 515 3187 2096 3259">
    <p class='ocr_par' dir='ltr' id='par_1_32' title="bbox 515 3187 2096 3259">
     <span class='ocr_line' id='line_1_32' title="bbox 515 3187 2096 3259; baseline -0.001 -13"><span class='ocrx_word' id='word_1_261' title='bbox 515 3193 664 3246; x_wconf 90' lang='lat' dir='ltr'><strong>illum</strong></span> <span class='ocrx_word' id='word_1_262' title='bbox 703 3189 1039 3252; x_wconf 87' lang='lat' dir='ltr'><strong>subvehens,</strong></span> <span class='ocrx_word' id='word_1_263' title='bbox 1071 3203 1136 3242; x_wconf 91' lang='lat' dir='ltr'><strong>ac</strong></span> <span class='ocrx_word' id='word_1_264' title='bbox 1171 3187 1401 3256; x_wconf 87' lang='lat' dir='ltr'><strong>primum</strong></span> <span class='ocrx_word' id='word_1_265' title='bbox 1430 3189 1642 3259; x_wconf 86' lang='lat' dir='ltr'><strong>quidem</strong></span> <span class='ocrx_word' id='word_1_266' title='bbox 1676 3190 1728 3243; x_wconf 90' lang='lat' dir='ltr'><strong>in</strong></span> <span class='ocrx_word' id='word_1_267' title='bbox 1757 3189 1946 3245; x_wconf 87' lang='lat' dir='ltr'><strong>eodem</strong></span> <span class='ocrx_word' id='word_1_268' title='bbox 1974 3205 2096 3246; x_wconf 91' lang='lat' dir='ltr'><strong>cum</strong></span> 
     </span>
    </p>
   </div>
   <div class='ocr_carea' id='block_1_33' title="bbox 517 3281 2098 3352">
    <p class='ocr_par' dir='ltr' id='par_1_33' title="bbox 517 3281 2098 3352">
     <span class='ocr_line' id='line_1_33' title="bbox 517 3281 2098 3352; baseline -0.002 -12"><span class='ocrx_word' id='word_1_269' title='bbox 517 3284 666 3340; x_wconf 80' lang='lat' dir='ltr'><strong>Mose</strong></span> <span class='ocrx_word' id='word_1_270' title='bbox 693 3283 859 3352; x_wconf 87' lang='lat' dir='ltr'><strong>gradu</strong></span> <span class='ocrx_word' id='word_1_271' title='bbox 883 3282 1174 3344; x_wconf 87' lang='lat' dir='ltr'><strong>collocans,</strong></span> <span class='ocrx_word' id='word_1_272' title='bbox 1199 3281 1394 3335; x_wconf 90' lang='lat' dir='ltr'><strong>deinde</strong></span> <span class='ocrx_word' id='word_1_273' title='bbox 1419 3289 1596 3335; x_wconf 91' lang='lat' dir='ltr'><strong>autem</strong></span> <span class='ocrx_word' id='word_1_274' title='bbox 1627 3282 1886 3351; x_wconf 86' lang='lat' dir='ltr'><strong>majorum</strong></span> <span class='ocrx_word' id='word_1_275' title='bbox 1918 3297 2098 3338; x_wconf 90' lang='lat' dir='ltr'><strong>rerum</strong></span> 
     </span>
    </p>
   </div>
   <div class='ocr_carea' id='block_1_34' title="bbox 518 3371 2097 3443">
    <p class='ocr_par' dir='ltr' id='par_1_34' title="bbox 518 3371 2097 3443">
     <span class='ocr_line' id='line_1_34' title="bbox 518 3371 2097 3443; baseline -0.001 -14"><span class='ocrx_word' id='word_1_276' title='bbox 518 3383 822 3429; x_wconf 88' lang='lat' dir='ltr'><strong>consortem</strong></span> <span class='ocrx_word' id='word_1_277' title='bbox 856 3387 976 3427; x_wconf 91' lang='lat' dir='ltr'><strong>eum</strong></span> <span class='ocrx_word' id='word_1_278' title='bbox 1010 3371 1227 3426; x_wconf 80' lang='lat' dir='ltr'><strong>faciens.</strong></span> <span class='ocrx_word' id='word_1_279' title='bbox 1257 3377 1390 3426; x_wconf 88' lang='lat' dir='ltr'><strong>Nam</strong></span> <span class='ocrx_word' id='word_1_280' title='bbox 1419 3387 1538 3426; x_wconf 91' lang='lat' dir='ltr'><strong>cum</strong></span> <span class='ocrx_word' id='word_1_281' title='bbox 1571 3373 1788 3436; x_wconf 83' lang='lat' dir='ltr'><strong>Mosem,</strong></span> <span class='ocrx_word' id='word_1_282' title='bbox 1823 3373 2010 3443; x_wconf 86' lang='lat' dir='ltr'><strong>inquit,</strong></span> <span class='ocrx_word' id='word_1_283' title='bbox 2047 3375 2097 3427; x_wconf 94' lang='lat' dir='ltr'><strong>in</strong></span> 
     </span>
    </p>
   </div>
   <div class='ocr_carea' id='block_1_35' title="bbox 517 3461 2096 3536">
    <p class='ocr_par' dir='ltr' id='par_1_35' title="bbox 517 3461 2096 3536">
     <span class='ocr_line' id='line_1_35' title="bbox 517 3461 2096 3536; baseline 0.001 -17"><span class='ocrx_word' id='word_1_284' title='bbox 517 3465 686 3536; x_wconf 82' lang='lat' dir='ltr'><strong>gloria</strong></span> <span class='ocrx_word' id='word_1_285' title='bbox 726 3463 922 3518; x_wconf 88' lang='lat' dir='ltr'><strong>videris</strong></span> <span class='ocrx_word' id='word_1_286' title='bbox 944 3504 960 3528; x_wconf 96' lang='lat'><strong>,</strong></span> <span class='ocrx_word' id='word_1_287' title='bbox 1003 3471 1112 3516; x_wconf 90' lang='lat' dir='ltr'><strong>tum</strong></span> <span class='ocrx_word' id='word_1_288' title='bbox 1151 3461 1362 3516; x_wconf 90' lang='lat' dir='ltr'><strong>demum</strong></span> <span class='ocrx_word' id='word_1_289' title='bbox 1397 3463 1462 3516; x_wconf 93' lang='lat' dir='ltr'><strong>ad</strong></span> <span class='ocrx_word' id='word_1_290' title='bbox 1507 3463 1670 3518; x_wconf 89' lang='lat' dir='ltr'><strong>Deum</strong></span> <span class='ocrx_word' id='word_1_291' title='bbox 1701 3473 1751 3518; x_wconf 91' lang='lat' dir='ltr'><strong>te</strong></span> <span class='ocrx_word' id='word_1_292' title='bbox 1779 3475 2096 3530; x_wconf 86' lang='lat' dir='ltr'><strong>convertes,</strong></span> 
     </span>
    </p>
   </div>
   <div class='ocr_carea' id='block_1_36' title="bbox 519 3553 2098 3627">
    <p class='ocr_par' dir='ltr' id='par_1_36' title="bbox 519 3553 2098 3627">
     <span class='ocr_line' id='line_1_36' title="bbox 519 3553 2098 3627; baseline 0.003 -19"><span class='ocrx_word' id='word_1_293' title='bbox 519 3555 884 3624; x_wconf 88' lang='lat' dir='ltr'><strong>amplioreque</strong></span> <span class='ocrx_word' id='word_1_294' title='bbox 921 3568 1081 3622; x_wconf 90' lang='lat' dir='ltr'><strong>quam</strong></span> <span class='ocrx_word' id='word_1_295' title='bbox 1125 3553 1238 3608; x_wconf 83' lang='lat' dir='ltr'><strong>h:cc</strong></span> <span class='ocrx_word' id='word_1_296' title='bbox 1283 3553 1352 3608; x_wconf 91' lang='lat' dir='ltr'><strong>sit</strong></span> <span class='ocrx_word' id='word_1_297' title='bbox 1389 3555 1555 3624; x_wconf 82' lang='lat' dir='ltr'><strong>gloria</strong></span> <span class='ocrx_word' id='word_1_298' title='bbox 1601 3557 1812 3610; x_wconf 80' lang='lat' dir='ltr'><strong>frueris.</strong></span> <span class='ocrx_word' id='word_1_299' title='bbox 1852 3556 2032 3627; x_wconf 83' lang='lat' dir='ltr'><strong>itaque</strong></span> <span class='ocrx_word' id='word_1_300' title='bbox 2069 3573 2098 3612; x_wconf 88' lang='lat' dir='ltr'><strong>a</strong></span> 
     </span>
    </p>
   </div>
   <div class='ocr_carea' id='block_1_37' title="bbox 521 3645 2098 3716">
    <p class='ocr_par' dir='ltr' id='par_1_37' title="bbox 521 3645 2098 3716">
     <span class='ocr_line' id='line_1_37' title="bbox 521 3645 2098 3716; baseline 0.003 -17"><span class='ocrx_word' id='word_1_301' title='bbox 521 3645 780 3714; x_wconf 86' lang='lat' dir='ltr'><strong>principio</strong></span> <span class='ocrx_word' id='word_1_302' title='bbox 809 3645 927 3698; x_wconf 82' lang='lat' dir='ltr'><strong>vide</strong></span> <span class='ocrx_word' id='word_1_303' title='bbox 952 3653 1206 3712; x_wconf 89' lang='lat' dir='ltr'><strong>quotnam</strong></span> <span class='ocrx_word' id='word_1_304' title='bbox 1243 3659 1330 3700; x_wconf 91' lang='lat' dir='ltr'><strong>res</strong></span> <span class='ocrx_word' id='word_1_305' title='bbox 1366 3646 1636 3713; x_wconf 90' lang='lat' dir='ltr'><strong>posuerit,</strong></span> <span class='ocrx_word' id='word_1_306' title='bbox 1665 3663 1782 3716; x_wconf 67' lang='lat' dir='ltr'><strong>quae</strong></span> <span class='ocrx_word' id='word_1_307' title='bbox 1809 3649 2098 3704; x_wconf 85' lang='lat' dir='ltr'><strong>discrimen</strong></span> 
     </span>
    </p>
   </div>
   <div class='ocr_carea' id='block_1_38' title="bbox 518 3735 2100 3805">
    <p class='ocr_par' dir='ltr' id='par_1_38' title="bbox 518 3735 2100 3805">
     <span class='ocr_line' id='line_1_38' title="bbox 518 3735 2100 3805; baseline 0.001 -13"><span class='ocrx_word' id='word_1_308' title='bbox 518 3737 812 3801; x_wconf 76' lang='lat' dir='ltr'><strong>efficerent,</strong></span> <span class='ocrx_word' id='word_1_309' title='bbox 839 3745 999 3805; x_wconf 90' lang='lat' dir='ltr'><strong>atque</strong></span> <span class='ocrx_word' id='word_1_310' title='bbox 1023 3735 1150 3789; x_wconf 88' lang='lat' dir='ltr'><strong>illud</strong></span> <span class='ocrx_word' id='word_1_311' title='bbox 1175 3735 1538 3800; x_wconf 88' lang='lat' dir='ltr'><strong>ostenderent.</strong></span> <span class='ocrx_word' id='word_1_312' title='bbox 1564 3737 1766 3792; x_wconf 83' lang='lat' dir='ltr'><strong>Novum</strong></span> <span class='ocrx_word' id='word_1_313' title='bbox 1789 3739 2100 3794; x_wconf 87' lang='lat' dir='ltr'><strong>Testamen-</strong></span> 
     </span>
    </p>
   </div>
   <div class='ocr_carea' id='block_1_39' title="bbox 521 3827 2100 3900">
    <p class='ocr_par' dir='ltr' id='par_1_39' title="bbox 521 3827 2100 3900">
     <span class='ocr_line' id='line_1_39' title="bbox 521 3827 2100 3900; baseline 0.003 -19"><span class='ocrx_word' id='word_1_314' title='bbox 521 3839 632 3882; x_wconf 85' lang='lat' dir='ltr'><strong>tum</strong></span> <span class='ocrx_word' id='word_1_315' title='bbox 681 3827 855 3880; x_wconf 82' lang='lat' dir='ltr'><strong>Veteri</strong></span> <span class='ocrx_word' id='word_1_316' title='bbox 903 3835 1188 3895; x_wconf 74' lang='lat' dir='ltr'><strong>prmstare,</strong></span> <span class='ocrx_word' id='word_1_317' title='bbox 1233 3843 1336 3880; x_wconf 87' lang='lat' dir='ltr'><strong>non</strong></span> <span class='ocrx_word' id='word_1_318' title='bbox 1379 3837 1555 3882; x_wconf 85' lang='lat' dir='ltr'><strong>autem</strong></span> <span class='ocrx_word' id='word_1_319' title='bbox 1596 3844 1714 3883; x_wconf 89' lang='lat' dir='ltr'><strong>cum</strong></span> <span class='ocrx_word' id='word_1_320' title='bbox 1756 3846 1822 3884; x_wconf 91' lang='lat' dir='ltr'><strong>eu</strong></span> <span class='ocrx_word' id='word_1_321' title='bbox 1865 3845 2100 3900; x_wconf 82' lang='lat' dir='ltr'><strong>pugnare</strong></span> 
     </span>
    </p>
   </div>
   <div class='ocr_carea' id='block_1_40' title="bbox 519 3917 2095 3993">
    <p class='ocr_par' dir='ltr' id='par_1_40' title="bbox 519 3917 2095 3993">
     <span class='ocr_line' id='line_1_40' title="bbox 519 3917 2095 3993; baseline 0.003 -22"><span class='ocrx_word' id='word_1_322' title='bbox 519 3931 680 3988; x_wconf 85' lang='lat' dir='ltr'><strong>atque</strong></span> <span class='ocrx_word' id='word_1_323' title='bbox 706 3917 804 3986; x_wconf 84' lang='lat' dir='ltr'><strong>ipsi</strong></span> <span class='ocrx_word' id='word_1_324' title='bbox 829 3919 1122 3972; x_wconf 85' lang='lat' dir='ltr'><strong>adversari.</strong></span> <span class='ocrx_word' id='word_1_325' title='bbox 1159 3919 1313 3984; x_wconf 92' lang='lat' dir='ltr'><strong>Illud,</strong></span> <span class='ocrx_word' id='word_1_326' title='bbox 1345 3920 1537 3990; x_wconf 86' lang='lat' dir='ltr'><strong>inquit,</strong></span> <span class='ocrx_word' id='word_1_327' title='bbox 1567 3933 1620 3976; x_wconf 90' lang='lat' dir='ltr'><strong>et</strong></span> <span class='ocrx_word' id='word_1_328' title='bbox 1650 3922 1824 3989; x_wconf 89' lang='lat' dir='ltr'><strong>litera,</strong></span> <span class='ocrx_word' id='word_1_329' title='bbox 1855 3935 1908 3978; x_wconf 92' lang='lat' dir='ltr'><strong>ct</strong></span> <span class='ocrx_word' id='word_1_330' title='bbox 1943 3927 2095 3993; x_wconf 87' lang='lat' dir='ltr'><strong>lapis,</strong></span> 
     </span>
    </p>
   </div>
   <div class='ocr_carea' id='block_1_41' title="bbox 519 4009 2102 4079">
    <p class='ocr_par' dir='ltr' id='par_1_41' title="bbox 519 4009 2102 4079">
     <span class='ocr_line' id='line_1_41' title="bbox 519 4009 2102 4079; baseline 0.004 -14"><span class='ocrx_word' id='word_1_331' title='bbox 519 4019 576 4065; x_wconf 93' lang='lat' dir='ltr'><strong>ct</strong></span> <span class='ocrx_word' id='word_1_332' title='bbox 603 4010 790 4064; x_wconf 88' lang='lat' dir='ltr'><strong>mortis</strong></span> <span class='ocrx_word' id='word_1_333' title='bbox 823 4009 1142 4063; x_wconf 86' lang='lat' dir='ltr'><strong>ministratio</strong></span> <span class='ocrx_word' id='word_1_334' title='bbox 1179 4019 1320 4076; x_wconf 88' lang='lat' dir='ltr'><strong>erat,</strong></span> <span class='ocrx_word' id='word_1_335' title='bbox 1349 4023 1403 4065; x_wconf 89' lang='lat' dir='ltr'><strong>et</strong></span> <span class='ocrx_word' id='word_1_336' title='bbox 1437 4013 1717 4079; x_wconf 85' lang='lat' dir='ltr'><strong>aboletur;</strong></span> <span class='ocrx_word' id='word_1_337' title='bbox 1747 4025 1800 4068; x_wconf 91' lang='lat' dir='ltr'><strong>et</strong></span> <span class='ocrx_word' id='word_1_338' title='bbox 1831 4028 2004 4070; x_wconf 80' lang='lat' dir='ltr'><strong>tamen</strong></span> <span class='ocrx_word' id='word_1_339' title='bbox 2035 4032 2102 4072; x_wconf 90' lang='lat' dir='ltr'><strong>ne</strong></span> 
     </span>
    </p>
   </div>
   <div class='ocr_carea' id='block_1_42' title="bbox 522 4101 2096 4173">
    <p class='ocr_par' dir='ltr' id='par_1_42' title="bbox 522 4101 2096 4173">
     <span class='ocr_line' id='line_1_42' title="bbox 522 4101 2096 4173; baseline 0.005 -18"><span class='ocrx_word' id='word_1_340' title='bbox 522 4101 623 4156; x_wconf 88' lang='lat' dir='ltr'><strong>hac</strong></span> <span class='ocrx_word' id='word_1_341' title='bbox 641 4101 854 4170; x_wconf 78' lang='lat' dir='ltr'><strong>quidem</strong></span> <span class='ocrx_word' id='word_1_342' title='bbox 877 4101 1042 4170; x_wconf 84' lang='lat' dir='ltr'><strong>gloria</strong></span> <span class='ocrx_word' id='word_1_343' title='bbox 1064 4101 1230 4156; x_wconf 64' lang='lat' dir='ltr'><strong>iudici</strong></span> <span class='ocrx_word' id='word_1_344' title='bbox 1255 4103 1397 4173; x_wconf 83' lang='lat' dir='ltr'><strong>digni</strong></span> <span class='ocrx_word' id='word_1_345' title='bbox 1425 4103 1587 4158; x_wconf 89' lang='lat' dir='ltr'><strong>habiti</strong></span> <span class='ocrx_word' id='word_1_346' title='bbox 1615 4117 1734 4160; x_wconf 90' lang='lat' dir='ltr'><strong>sunt</strong></span> <span class='ocrx_word' id='word_1_347' title='bbox 1761 4127 1772 4160; x_wconf 95' lang='lat'><strong>:</strong></span> <span class='ocrx_word' id='word_1_348' title='bbox 1801 4107 1898 4162; x_wconf 90' lang='lat' dir='ltr'><strong>boc</strong></span> <span class='ocrx_word' id='word_1_349' title='bbox 1920 4120 2096 4163; x_wconf 89' lang='lat' dir='ltr'><strong>autem</strong></span> 
     </span>
    </p>
   </div>
   <div class='ocr_carea' id='block_1_43' title="bbox 520 4192 2100 4266">
    <p class='ocr_par' dir='ltr' id='par_1_43' title="bbox 520 4192 2100 4266">
     <span class='ocr_line' id='line_1_43' title="bbox 520 4192 2100 4266; baseline 0.004 -20"><span class='ocrx_word' id='word_1_350' title='bbox 520 4193 750 4246; x_wconf 86' lang='lat' dir='ltr'><strong>carnalis</strong></span> <span class='ocrx_word' id='word_1_351' title='bbox 771 4192 948 4246; x_wconf 86' lang='lat' dir='ltr'><strong>tabula</strong></span> <span class='ocrx_word' id='word_1_352' title='bbox 973 4203 1076 4257; x_wconf 90' lang='lat' dir='ltr'><strong>est,</strong></span> <span class='ocrx_word' id='word_1_353' title='bbox 1105 4203 1158 4246; x_wconf 90' lang='lat' dir='ltr'><strong>et</strong></span> <span class='ocrx_word' id='word_1_354' title='bbox 1181 4195 1420 4263; x_wconf 88' lang='lat' dir='ltr'><strong>spiritus,</strong></span> <span class='ocrx_word' id='word_1_355' title='bbox 1448 4205 1502 4251; x_wconf 91' lang='lat' dir='ltr'><strong>et</strong></span> <span class='ocrx_word' id='word_1_356' title='bbox 1524 4197 1748 4266; x_wconf 85' lang='lat' dir='ltr'><strong>justitia,</strong></span> <span class='ocrx_word' id='word_1_357' title='bbox 1775 4210 1828 4254; x_wconf 91' lang='lat' dir='ltr'><strong>et</strong></span> <span class='ocrx_word' id='word_1_358' title='bbox 1851 4211 2100 4254; x_wconf 86' lang='lat' dir='ltr'><strong>constan-</strong></span> 
     </span>
    </p>
   </div>
   <div class='ocr_carea' id='block_1_44' title="bbox 521 4287 2100 4357">
    <p class='ocr_par' dir='ltr' id='par_1_44' title="bbox 521 4287 2100 4357">
     <span class='ocr_line' id='line_1_44' title="bbox 521 4287 2100 4357; baseline 0.006 -20"><span class='ocrx_word' id='word_1_359' title='bbox 521 4294 602 4338; x_wconf 88' lang='lat' dir='ltr'><strong>ter</strong></span> <span class='ocrx_word' id='word_1_360' title='bbox 627 4293 844 4348; x_wconf 89' lang='lat' dir='ltr'><strong>manet;</strong></span> <span class='ocrx_word' id='word_1_361' title='bbox 876 4294 1036 4352; x_wconf 88' lang='lat' dir='ltr'><strong>atque</strong></span> <span class='ocrx_word' id='word_1_362' title='bbox 1063 4300 1250 4339; x_wconf 88' lang='lat' dir='ltr'><strong>omnes</strong></span> <span class='ocrx_word' id='word_1_363' title='bbox 1275 4301 1340 4340; x_wconf 92' lang='lat' dir='ltr'><strong>eo</strong></span> <span class='ocrx_word' id='word_1_364' title='bbox 1359 4287 1500 4357; x_wconf 86' lang='lat' dir='ltr'><strong>digni</strong></span> <span class='ocrx_word' id='word_1_365' title='bbox 1527 4289 1801 4356; x_wconf 85' lang='lat' dir='ltr'><strong>habemur,</strong></span> <span class='ocrx_word' id='word_1_366' title='bbox 1833 4309 1936 4346; x_wconf 86' lang='lat' dir='ltr'><strong>non</strong></span> <span class='ocrx_word' id='word_1_367' title='bbox 1965 4308 2100 4348; x_wconf 91' lang='lat' dir='ltr'><strong>unus</strong></span> 
     </span>
    </p>
   </div>
   <div class='ocr_carea' id='block_1_45' title="bbox 521 4373 2094 4449">
    <p class='ocr_par' dir='ltr' id='par_1_45' title="bbox 521 4373 2094 4449">
     <span class='ocr_line' id='line_1_45' title="bbox 521 4373 2094 4449; baseline 0.006 -21"><span class='ocrx_word' id='word_1_368' title='bbox 521 4382 746 4436; x_wconf 90' lang='lat' dir='ltr'><strong>tantum,</strong></span> <span class='ocrx_word' id='word_1_369' title='bbox 779 4383 836 4427; x_wconf 88' lang='lat' dir='ltr'><strong>ut</strong></span> <span class='ocrx_word' id='word_1_370' title='bbox 861 4383 972 4428; x_wconf 82' lang='lat' dir='ltr'><strong>ttim</strong></span> <span class='ocrx_word' id='word_1_371' title='bbox 1000 4373 1173 4429; x_wconf 79' lang='lat' dir='ltr'><strong>Moses</strong></span> <span class='ocrx_word' id='word_1_372' title='bbox 1201 4376 1292 4428; x_wconf 91' lang='lat' dir='ltr'><strong>illo</strong></span> <span class='ocrx_word' id='word_1_373' title='bbox 1319 4378 1524 4434; x_wconf 88' lang='lat' dir='ltr'><strong>minore</strong></span> <span class='ocrx_word' id='word_1_374' title='bbox 1555 4397 1568 4432; x_wconf 91' lang='lat'><strong>:</strong></span> <span class='ocrx_word' id='word_1_375' title='bbox 1601 4379 1712 4434; x_wconf 88' lang='lat' dir='ltr'><strong>Nos</strong></span> <span class='ocrx_word' id='word_1_376' title='bbox 1739 4386 1879 4436; x_wconf 87' lang='lat' dir='ltr'><strong>enim</strong></span> <span class='ocrx_word' id='word_1_377' title='bbox 1905 4401 2094 4449; x_wconf 83' lang='lat' dir='ltr'><strong>anmes,</strong></span> 
     </span>
    </p>
   </div>
   <div class='ocr_carea' id='block_1_46' title="bbox 517 4465 2102 4544">
    <p class='ocr_par' dir='ltr' id='par_1_46' title="bbox 517 4465 2102 4544">
     <span class='ocr_line' id='line_1_46' title="bbox 517 4465 2102 4544; baseline 0.008 -24"><span class='ocrx_word' id='word_1_378' title='bbox 517 4465 710 4535; x_wconf 85' lang='lat' dir='ltr'><strong>inquit,</strong></span> <span class='ocrx_word' id='word_1_379' title='bbox 738 4466 958 4519; x_wconf 82' lang='lat' dir='ltr'><strong>revelata</strong></span> <span class='ocrx_word' id='word_1_380' title='bbox 983 4466 1114 4535; x_wconf 77' lang='lat' dir='ltr'><strong>facie</strong></span> <span class='ocrx_word' id='word_1_381' title='bbox 1133 4468 1368 4538; x_wconf 80' lang='lat' dir='ltr'><strong>gloriam,</strong></span> <span class='ocrx_word' id='word_1_382' title='bbox 1397 4487 1500 4524; x_wconf 90' lang='lat' dir='ltr'><strong>non</strong></span> <span class='ocrx_word' id='word_1_383' title='bbox 1529 4471 1744 4544; x_wconf 80' lang='lat' dir='ltr'><strong>Moysis,</strong></span> <span class='ocrx_word' id='word_1_384' title='bbox 1773 4477 1866 4530; x_wconf 85' lang='lat' dir='ltr'><strong>sed</strong></span> <span class='ocrx_word' id='word_1_385' title='bbox 1893 4477 2102 4533; x_wconf 79' lang='lat' dir='ltr'><strong>Domini</strong></span> 
     </span>
    </p>
   </div>
   <div class='ocr_carea' id='block_1_47' title="bbox 517 4557 2098 4640">
    <p class='ocr_par' dir='ltr' id='par_1_47' title="bbox 517 4557 2098 4640">
     <span class='ocr_line' id='line_1_47' title="bbox 517 4557 2098 4640; baseline 0.009 -29"><span class='ocrx_word' id='word_1_386' title='bbox 517 4557 792 4612; x_wconf 79' lang='lat' dir='ltr'><strong>intuemur.</strong></span> <span class='ocrx_word' id='word_1_387' title='bbox 839 4557 1035 4613; x_wconf 73' lang='lat' dir='ltr'><strong>Verum</strong></span> <span class='ocrx_word' id='word_1_388' title='bbox 1083 4561 1330 4629; x_wconf 84' lang='lat' dir='ltr'><strong>quoniam</strong></span> <span class='ocrx_word' id='word_1_389' title='bbox 1379 4565 1648 4630; x_wconf 87' lang='lat' dir='ltr'><strong>nonnulli,</strong></span> <span class='ocrx_word' id='word_1_390' title='bbox 1693 4569 1850 4622; x_wconf 89' lang='lat' dir='ltr'><strong>rebus</strong></span> <span class='ocrx_word' id='word_1_391' title='bbox 1889 4587 2005 4640; x_wconf 71' lang='lat' dir='ltr'><strong>qua:</strong></span> <span class='ocrx_word' id='word_1_392' title='bbox 2049 4575 2098 4626; x_wconf 92' lang='lat' dir='ltr'><strong>in</strong></span> 
     </span>
    </p>
   </div>
   <div class='ocr_carea' id='block_1_48' title="bbox 518 4649 2100 4722">
    <p class='ocr_par' dir='ltr' id='par_1_48' title="bbox 518 4649 2100 4722">
     <span class='ocr_line' id='line_1_48' title="bbox 518 4649 2100 4722; baseline 0.008 -18"><span class='ocrx_word' id='word_1_393' title='bbox 518 4649 766 4704; x_wconf 79' lang='lat' dir='ltr'><strong>confesso</strong></span> <span class='ocrx_word' id='word_1_394' title='bbox 801 4659 954 4704; x_wconf 89' lang='lat' dir='ltr'><strong>erant</strong></span> <span class='ocrx_word' id='word_1_395' title='bbox 993 4651 1353 4719; x_wconf 88' lang='lat' dir='ltr'><strong>reluctantes,</strong></span> <span class='ocrx_word' id='word_1_396' title='bbox 1382 4653 1498 4710; x_wconf 64' lang='lat' dir='ltr'><strong>haec</strong></span> <span class='ocrx_word' id='word_1_397' title='bbox 1543 4659 1735 4722; x_wconf 87' lang='lat' dir='ltr'><strong>verba,</strong></span> <span class='ocrx_word' id='word_1_398' title='bbox 1772 4659 1900 4714; x_wconf 86' lang='lat' dir='ltr'><strong>Cum</strong></span> <span class='ocrx_word' id='word_1_399' title='bbox 1933 4671 2100 4717; x_wconf 76' lang='lat' dir='ltr'><strong>nutent</strong></span> 
     </span>
    </p>
   </div>
   <div class='ocr_carea' id='block_1_49' title="bbox 519 4739 2099 4811">
    <p class='ocr_par' dir='ltr' id='par_1_49' title="bbox 519 4739 2099 4811">
     <span class='ocr_line' id='line_1_49' title="bbox 519 4739 2099 4811; baseline 0.01 -19"><span class='ocrx_word' id='word_1_400' title='bbox 519 4755 787 4793; x_wconf 83' lang='lat' dir='ltr'><strong>conversus</strong></span> <span class='ocrx_word' id='word_1_401' title='bbox 809 4741 962 4810; x_wconf 77' lang='lat' dir='ltr'><strong>fuerit</strong></span> <span class='ocrx_word' id='word_1_402' title='bbox 986 4741 1052 4792; x_wconf 90' lang='lat' dir='ltr'><strong>ad</strong></span> <span class='ocrx_word' id='word_1_403' title='bbox 1073 4739 1350 4797; x_wconf 87' lang='lat' dir='ltr'><strong>Dominum</strong></span> <span class='ocrx_word' id='word_1_404' title='bbox 1366 4785 1382 4811; x_wconf 87' lang='lat'><strong>,</strong></span> <span class='ocrx_word' id='word_1_405' title='bbox 1403 4745 1472 4800; x_wconf 88' lang='lat' dir='ltr'><strong>de</strong></span> <span class='ocrx_word' id='word_1_406' title='bbox 1499 4747 1632 4801; x_wconf 84' lang='lat' dir='ltr'><strong>Filio</strong></span> <span class='ocrx_word' id='word_1_407' title='bbox 1658 4749 1796 4804; x_wconf 89' lang='lat' dir='ltr'><strong>dicta</strong></span> <span class='ocrx_word' id='word_1_408' title='bbox 1820 4766 1938 4806; x_wconf 81' lang='lat' dir='ltr'><strong>esse</strong></span> <span class='ocrx_word' id='word_1_409' title='bbox 1966 4768 2099 4807; x_wconf 87' lang='lat' dir='ltr'><strong>con-</strong></span> 
     </span>
    </p>
   </div>
   <div class='ocr_carea' id='block_1_50' title="bbox 521 4831 2102 4917">
    <p class='ocr_par' dir='ltr' id='par_1_50' title="bbox 521 4831 2102 4917">
     <span class='ocr_line' id='line_1_50' title="bbox 521 4831 2102 4917; baseline 0.011 -33"><span class='ocrx_word' id='word_1_410' title='bbox 521 4831 764 4897; x_wconf 87' lang='lat' dir='ltr'><strong>tendunt,</strong></span> <span class='ocrx_word' id='word_1_411' title='bbox 785 4834 1088 4888; x_wconf 77' lang='lat' dir='ltr'><strong>accuratius</strong></span> <span class='ocrx_word' id='word_1_412' title='bbox 1113 4835 1248 4890; x_wconf 86' lang='lat' dir='ltr'><strong>istud</strong></span> <span class='ocrx_word' id='word_1_413' title='bbox 1271 4838 1651 4907; x_wconf 81' lang='lat' dir='ltr'><strong>expendamus,</strong></span> <span class='ocrx_word' id='word_1_414' title='bbox 1677 4843 1806 4897; x_wconf 89' lang='lat' dir='ltr'><strong>illud</strong></span> <span class='ocrx_word' id='word_1_415' title='bbox 1835 4846 1978 4913; x_wconf 89' lang='lat' dir='ltr'><strong>prius</strong></span> <span class='ocrx_word' id='word_1_416' title='bbox 2005 4863 2102 4917; x_wconf 86' lang='lat' dir='ltr'><strong>po-</strong></span> 
     </span>
    </p>
   </div>
   <div class='ocr_carea' id='block_1_51' title="bbox 524 4925 2096 5008">
    <p class='ocr_par' dir='ltr' id='par_1_51' title="bbox 524 4925 2096 5008">
     <span class='ocr_line' id='line_1_51' title="bbox 524 4925 2096 5008; baseline 0.015 -33"><span class='ocrx_word' id='word_1_417' title='bbox 524 4932 712 4976; x_wconf 86' lang='lat' dir='ltr'><strong>nentes</strong></span> <span class='ocrx_word' id='word_1_418' title='bbox 737 4964 750 4982; x_wconf 82' lang='lat'><strong>.</strong></span> <span class='ocrx_word' id='word_1_419' title='bbox 779 4925 919 4978; x_wconf 90' lang='lat' dir='ltr'><strong>unde</strong></span> <span class='ocrx_word' id='word_1_420' title='bbox 946 4925 996 4978; x_wconf 90' lang='lat' dir='ltr'><strong>id</strong></span> <span class='ocrx_word' id='word_1_421' title='bbox 1021 4941 1080 4980; x_wconf 92' lang='lat' dir='ltr'><strong>se</strong></span> <span class='ocrx_word' id='word_1_422' title='bbox 1109 4927 1390 4984; x_wconf 84' lang='lat' dir='ltr'><strong>adstruere</strong></span> <span class='ocrx_word' id='word_1_423' title='bbox 1429 4946 1492 4984; x_wconf 92' lang='lat' dir='ltr'><strong>ac</strong></span> <span class='ocrx_word' id='word_1_424' title='bbox 1526 4935 1847 4992; x_wconf 88' lang='lat' dir='ltr'><strong>confirmare</strong></span> <span class='ocrx_word' id='word_1_425' title='bbox 1893 4950 2096 5008; x_wconf 90' lang='lat' dir='ltr'><strong>putant.</strong></span> 
     </span>
    </p>
   </div>
   <div class='ocr_carea' id='block_1_52' title="bbox 524 5013 2096 5100">
    <p class='ocr_par' dir='ltr' id='par_1_52' title="bbox 524 5013 2096 5100">
     <span class='ocr_line' id='line_1_52' title="bbox 524 5013 2096 5100; baseline 0.014 -35"><span class='ocrx_word' id='word_1_426' title='bbox 524 5013 786 5079; x_wconf 87' lang='lat' dir='ltr'><strong>Quidnam</strong></span> <span class='ocrx_word' id='word_1_427' title='bbox 813 5024 988 5070; x_wconf 90' lang='lat' dir='ltr'><strong>autem</strong></span> <span class='ocrx_word' id='word_1_428' title='bbox 1021 5017 1122 5072; x_wconf 86' lang='lat' dir='ltr'><strong>hoc</strong></span> <span class='ocrx_word' id='word_1_429' title='bbox 1151 5020 1270 5074; x_wconf 87' lang='lat' dir='ltr'><strong>est?</strong></span> <span class='ocrx_word' id='word_1_430' title='bbox 1298 5021 1786 5090; x_wconf 85' lang='lat' dir='ltr'><strong>Quemadmodum,</strong></span> <span class='ocrx_word' id='word_1_431' title='bbox 1817 5029 2096 5100; x_wconf 88' lang='lat' dir='ltr'><strong>inquiunt,</strong></span> 
     </span>
    </p>
   </div>
   <div class='ocr_carea' id='block_1_53' title="bbox 524 5105 2100 5178">
    <p class='ocr_par' dir='ltr' id='par_1_53' title="bbox 524 5105 2100 5178">
     <span class='ocr_line' id='line_1_53' title="bbox 524 5105 2100 5178; baseline 0.013 -20"><span class='ocrx_word' id='word_1_432' title='bbox 524 5105 796 5172; x_wconf 79' lang='lat' dir='ltr'><strong>Scriptura</strong></span> <span class='ocrx_word' id='word_1_433' title='bbox 821 5105 968 5168; x_wconf 90' lang='lat' dir='ltr'><strong>dicit.</strong></span> <span class='ocrx_word' id='word_1_434' title='bbox 991 5107 1218 5177; x_wconf 86' lang='lat' dir='ltr'><strong>Spiritus</strong></span> <span class='ocrx_word' id='word_1_435' title='bbox 1237 5123 1314 5167; x_wconf 86' lang='lat' dir='ltr'><strong>est</strong></span> <span class='ocrx_word' id='word_1_436' title='bbox 1342 5113 1482 5167; x_wconf 88' lang='lat' dir='ltr'><strong>Deus</strong></span> <span class='ocrx_word' id='word_1_437' title='bbox 1507 5131 1520 5167; x_wconf 88' lang='grc'>;</span> <span class='ocrx_word' id='word_1_438' title='bbox 1545 5115 1733 5171; x_wconf 91' lang='lat' dir='ltr'><strong>eodem</strong></span> <span class='ocrx_word' id='word_1_439' title='bbox 1756 5120 1914 5174; x_wconf 90' lang='lat' dir='ltr'><strong>modo</strong></span> <span class='ocrx_word' id='word_1_440' title='bbox 1940 5123 2100 5178; x_wconf 89' lang='lat' dir='ltr'><strong>etiam</strong></span> 
     </span>
    </p>
   </div>
   <div class='ocr_carea' id='block_1_54' title="bbox 527 5194 2102 5284">
    <p class='ocr_par' dir='ltr' id='par_1_54' title="bbox 527 5194 2102 5284">
     <span class='ocr_line' id='line_1_54' title="bbox 527 5194 2102 5284; baseline 0.014 -35"><span class='ocrx_word' id='word_1_441' title='bbox 527 5194 630 5250; x_wconf 92' lang='lat' dir='ltr'><strong>boc</strong></span> <span class='ocrx_word' id='word_1_442' title='bbox 656 5195 793 5260; x_wconf 90' lang='lat' dir='ltr'><strong>loco,</strong></span> <span class='ocrx_word' id='word_1_443' title='bbox 819 5195 1046 5266; x_wconf 86' lang='lat' dir='ltr'><strong>Spiritus</strong></span> <span class='ocrx_word' id='word_1_444' title='bbox 1071 5201 1324 5258; x_wconf 86' lang='lat' dir='ltr'><strong>Dominus</strong></span> <span class='ocrx_word' id='word_1_445' title='bbox 1351 5215 1452 5261; x_wconf 88' lang='lat' dir='ltr'><strong>est.</strong></span> <span class='ocrx_word' id='word_1_446' title='bbox 1473 5205 1586 5261; x_wconf 79' lang='lat' dir='ltr'><strong>Non</strong></span> <span class='ocrx_word' id='word_1_447' title='bbox 1604 5211 1744 5264; x_wconf 85' lang='lat' dir='ltr'><strong>enim</strong></span> <span class='ocrx_word' id='word_1_448' title='bbox 1765 5211 1916 5274; x_wconf 80' lang='lat' dir='ltr'><strong>dixit,</strong></span> <span class='ocrx_word' id='word_1_449' title='bbox 1933 5215 2102 5284; x_wconf 87' lang='lat' dir='ltr'><strong>Spiri-</strong></span> 
     </span>
    </p>
   </div>
   <div class='ocr_carea' id='block_1_55' title="bbox 527 5286 2096 5371">
    <p class='ocr_par' dir='ltr' id='par_1_55' title="bbox 527 5286 2096 5371">
     <span class='ocr_line' id='line_1_55' title="bbox 527 5286 2096 5371; baseline 0.016 -33"><span class='ocrx_word' id='word_1_450' title='bbox 527 5296 612 5338; x_wconf 92' lang='lat' dir='ltr'><strong>tus</strong></span> <span class='ocrx_word' id='word_1_451' title='bbox 641 5295 724 5339; x_wconf 89' lang='lat' dir='ltr'><strong>est</strong></span> <span class='ocrx_word' id='word_1_452' title='bbox 761 5286 1032 5352; x_wconf 87' lang='lat' dir='ltr'><strong>Dominus,</strong></span> <span class='ocrx_word' id='word_1_453' title='bbox 1061 5292 1177 5354; x_wconf 84' lang='lat' dir='ltr'><strong>sed.</strong></span> <span class='ocrx_word' id='word_1_454' title='bbox 1211 5293 1466 5353; x_wconf 86' lang='lat' dir='ltr'><strong>Dominus</strong></span> <span class='ocrx_word' id='word_1_455' title='bbox 1495 5308 1578 5354; x_wconf 89' lang='lat' dir='ltr'><strong>est</strong></span> <span class='ocrx_word' id='word_1_456' title='bbox 1603 5302 1850 5371; x_wconf 89' lang='lat' dir='ltr'><strong>Spiritus.</strong></span> <span class='ocrx_word' id='word_1_457' title='bbox 1880 5306 2096 5363; x_wconf 83' lang='lat' dir='ltr'><strong>Multum</strong></span> 
     </span>
    </p>
   </div>
   <div class='ocr_carea' id='block_1_56' title="bbox 523 5378 2093 5460">
    <p class='ocr_par' dir='ltr' id='par_1_56' title="bbox 523 5378 2093 5460">
     <span class='ocr_line' id='line_1_56' title="bbox 523 5378 2093 5460; baseline 0.015 -30"><span class='ocrx_word' id='word_1_458' title='bbox 523 5393 687 5450; x_wconf 81' lang='lat' dir='ltr'><strong>porro</strong></span> <span class='ocrx_word' id='word_1_459' title='bbox 731 5378 868 5434; x_wconf 88' lang='lat' dir='ltr'><strong>inter</strong></span> <span class='ocrx_word' id='word_1_460' title='bbox 913 5380 1048 5436; x_wconf 85' lang='lat' dir='ltr'><strong>hanc</strong></span> <span class='ocrx_word' id='word_1_461' title='bbox 1090 5395 1143 5437; x_wconf 90' lang='lat' dir='ltr'><strong>et</strong></span> <span class='ocrx_word' id='word_1_462' title='bbox 1183 5385 1329 5441; x_wconf 86' lang='lat' dir='ltr'><strong>illam</strong></span> <span class='ocrx_word' id='word_1_463' title='bbox 1369 5393 1811 5460; x_wconf 82' lang='lat' dir='ltr'><strong>compositionem</strong></span> <span class='ocrx_word' id='word_1_464' title='bbox 1853 5397 2093 5454; x_wconf 67' lang='lat' dir='ltr'><strong>interest.</strong></span> 
     </span>
    </p>
   </div>
   <div class='ocr_carea' id='block_1_57' title="bbox 524 5469 2096 5553">
    <p class='ocr_par' dir='ltr' id='par_1_57' title="bbox 524 5469 2096 5553">
     <span class='ocr_line' id='line_1_57' title="bbox 524 5469 2096 5553; baseline 0.013 -30"><span class='ocrx_word' id='word_1_465' title='bbox 524 5469 656 5523; x_wconf 77' lang='lat' dir='ltr'><strong>Nam</strong></span> <span class='ocrx_word' id='word_1_466' title='bbox 677 5483 798 5522; x_wconf 89' lang='lat' dir='ltr'><strong>cum</strong></span> <span class='ocrx_word' id='word_1_467' title='bbox 829 5469 896 5523; x_wconf 88' lang='lat' dir='ltr'><strong>ita</strong></span> <span class='ocrx_word' id='word_1_468' title='bbox 926 5471 1068 5542; x_wconf 92' lang='lat' dir='ltr'><strong>loqui</strong></span> <span class='ocrx_word' id='word_1_469' title='bbox 1095 5474 1227 5540; x_wconf 90' lang='lat' dir='ltr'><strong>vult,</strong></span> <span class='ocrx_word' id='word_1_470' title='bbox 1259 5488 1312 5529; x_wconf 89' lang='lat' dir='ltr'><strong>ut</strong></span> <span class='ocrx_word' id='word_1_471' title='bbox 1335 5484 1392 5532; x_wconf 88' lang='lat' dir='ltr'><strong>tu</strong></span> <span class='ocrx_word' id='word_1_472' title='bbox 1416 5481 1514 5542; x_wconf 83' lang='lat' dir='ltr'><strong>ais.</strong></span> <span class='ocrx_word' id='word_1_473' title='bbox 1539 5484 1797 5553; x_wconf 82' lang='lat' dir='ltr'><strong>adjectivo</strong></span> <span class='ocrx_word' id='word_1_474' title='bbox 1818 5489 2096 5544; x_wconf 87' lang='lat' dir='ltr'><strong>articulum</strong></span> 
     </span>
    </p>
   </div>
   <div class='ocr_carea' id='block_1_58' title="bbox 523 5561 2097 5651">
    <p class='ocr_par' dir='ltr' id='par_1_58' title="bbox 523 5561 2097 5651">
     <span class='ocr_line' id='line_1_58' title="bbox 523 5561 2097 5651; baseline 0.014 -36"><span class='ocrx_word' id='word_1_475' title='bbox 523 5577 630 5616; x_wconf 89' lang='lat' dir='ltr'><strong>non</strong></span> <span class='ocrx_word' id='word_1_476' title='bbox 675 5561 842 5616; x_wconf 90' lang='lat' dir='ltr'><strong>addit.</strong></span> <span class='ocrx_word' id='word_1_477' title='bbox 879 5563 1016 5629; x_wconf 86' lang='lat' dir='ltr'><strong>Quin</strong></span> <span class='ocrx_word' id='word_1_478' title='bbox 1058 5565 1214 5620; x_wconf 89' lang='lat' dir='ltr'><strong>aliter</strong></span> <span class='ocrx_word' id='word_1_479' title='bbox 1257 5569 1417 5624; x_wconf 89' lang='lat' dir='ltr'><strong>etiam</strong></span> <span class='ocrx_word' id='word_1_480' title='bbox 1453 5577 1628 5629; x_wconf 89' lang='lat' dir='ltr'><strong>omnia</strong></span> <span class='ocrx_word' id='word_1_481' title='bbox 1667 5593 1764 5642; x_wconf 85' lang='lat' dir='ltr'><strong>ea,</strong></span> <span class='ocrx_word' id='word_1_482' title='bbox 1793 5595 1912 5649; x_wconf 69' lang='lat' dir='ltr'><strong>qua:</strong></span> <span class='ocrx_word' id='word_1_483' title='bbox 1941 5597 2097 5651; x_wconf 89' lang='lat' dir='ltr'><strong>supra</strong></span> 
     </span>
    </p>
   </div>
   <div class='ocr_carea' id='block_1_59' title="bbox 522 5657 2094 5733">
    <p class='ocr_par' dir='ltr' id='par_1_59' title="bbox 522 5657 2094 5733">
     <span class='ocr_line' id='line_1_59' title="bbox 522 5657 2094 5733; baseline 0.017 -30"><span class='ocrx_word' id='word_1_484' title='bbox 522 5665 938 5708; x_wconf 87' lang='lat' dir='ltr'><strong>commemorata</strong></span> <span class='ocrx_word' id='word_1_485' title='bbox 979 5667 1141 5722; x_wconf 89' lang='lat' dir='ltr'><strong>sunt,</strong></span> <span class='ocrx_word' id='word_1_486' title='bbox 1169 5657 1236 5712; x_wconf 90' lang='lat' dir='ltr'><strong>de</strong></span> <span class='ocrx_word' id='word_1_487' title='bbox 1261 5675 1488 5729; x_wconf 88' lang='lat' dir='ltr'><strong>quonam</strong></span> <span class='ocrx_word' id='word_1_488' title='bbox 1517 5665 1710 5722; x_wconf 72' lang='lat' dir='ltr'><strong>dixerit</strong></span> <span class='ocrx_word' id='word_1_489' title='bbox 1733 5711 1746 5733; x_wconf 92' lang='lat'><strong>,</strong></span> <span class='ocrx_word' id='word_1_490' title='bbox 1777 5672 2050 5728; x_wconf 84' lang='lat' dir='ltr'><strong>videamus</strong></span> <span class='ocrx_word' id='word_1_491' title='bbox 2080 5691 2094 5730; x_wconf 91' lang='lat'><strong>:</strong></span> 
     </span>
    </p>
   </div>
   <div class='ocr_carea' id='block_1_60' title="bbox 523 5741 2097 5828">
    <p class='ocr_par' dir='ltr' id='par_1_60' title="bbox 523 5741 2097 5828">
     <span class='ocr_line' id='line_1_60' title="bbox 523 5741 2097 5828; baseline 0.016 -31"><span class='ocrx_word' id='word_1_492' title='bbox 523 5741 668 5798; x_wconf 72' lang='lat' dir='ltr'><strong>velut</strong></span> <span class='ocrx_word' id='word_1_493' title='bbox 692 5759 812 5800; x_wconf 91' lang='lat' dir='ltr'><strong>cum</strong></span> <span class='ocrx_word' id='word_1_494' title='bbox 841 5746 1068 5816; x_wconf 86' lang='lat' dir='ltr'><strong>dicebat,</strong></span> <span class='ocrx_word' id='word_1_495' title='bbox 1099 5747 1270 5804; x_wconf 76' lang='lat' dir='ltr'><strong>Litora</strong></span> <span class='ocrx_word' id='word_1_496' title='bbox 1301 5754 1500 5824; x_wconf 79' lang='lat' dir='ltr'><strong>occidit,</strong></span> <span class='ocrx_word' id='word_1_497' title='bbox 1525 5755 1749 5828; x_wconf 80' lang='lat' dir='ltr'><strong>Spiritus</strong></span> <span class='ocrx_word' id='word_1_498' title='bbox 1777 5775 1939 5820; x_wconf 85' lang='lat' dir='ltr'><strong>autem</strong></span> <span class='ocrx_word' id='word_1_499' title='bbox 1971 5767 2097 5821; x_wconf 78' lang='lat' dir='ltr'><strong>uiui-</strong></span> 
     </span>
    </p>
   </div>
   <div class='ocr_carea' id='block_1_61' title="bbox 1287 307 3096 377">
    <p class='ocr_par' dir='ltr' id='par_1_61' title="bbox 1287 307 3096 377">
     <span class='ocr_line' id='line_1_61' title="bbox 1287 307 3096 377; baseline 0.001 -1"><span class='ocrx_word' id='word_1_500' title='bbox 1287 318 1329 376; x_wconf 79' lang='grc'>8</span> <span class='ocrx_word' id='word_1_501' title='bbox 1386 316 1664 373; x_wconf 82' lang='lat' dir='ltr'><strong>JOANNIS</strong></span> <span class='ocrx_word' id='word_1_502' title='bbox 1699 307 2168 369; x_wconf 73' lang='lat' dir='ltr'><strong>CllRYSOSTOMl</strong></span> <span class='ocrx_word' id='word_1_503' title='bbox 2203 309 2520 368; x_wconf 77' lang='lat' dir='ltr'><strong>ABCIIIEP.</strong></span> <span class='ocrx_word' id='word_1_504' title='bbox 2559 311 3096 377; x_wconf 72' lang='lat' dir='ltr'><strong>CONSTANTINOP.</strong></span> 
     </span>
    </p>
   </div>
   <div class='ocr_carea' id='block_1_62' title="bbox 3569 343 3614 400">
    <p class='ocr_par' dir='ltr' id='par_1_62' title="bbox 3569 343 3614 400">
     <span class='ocr_line' id='line_1_62' title="bbox 3569 343 3614 400; baseline 0.089 -4"><span class='ocrx_word' id='word_1_505' title='bbox 3569 343 3614 400; x_wconf 67' lang='lat' dir='ltr'><strong>li!</strong></span> 
     </span>
    </p>
   </div>
   <div class='ocr_carea' id='block_1_63' title="bbox 2185 427 3651 522">
    <p class='ocr_par' dir='ltr' id='par_1_63' title="bbox 2185 427 3651 522">
     <span class='ocr_line' id='line_1_63' title="bbox 2185 427 3651 522; baseline 0.018 -43"><span class='ocrx_word' id='word_1_506' title='bbox 2185 427 2346 522; x_wconf 63' lang='lat' dir='ltr'><strong>)icat;</strong></span> <span class='ocrx_word' id='word_1_507' title='bbox 2372 444 2434 484; x_wconf 83' lang='lat' dir='ltr'><strong>ac</strong></span> <span class='ocrx_word' id='word_1_508' title='bbox 2459 447 2646 488; x_wconf 85' lang='lat' dir='ltr'><strong>rursus</strong></span> <span class='ocrx_word' id='word_1_509' title='bbox 2665 476 2678 498; x_wconf 89' lang='lat'><strong>,</strong></span> <span class='ocrx_word' id='word_1_510' title='bbox 2709 435 2916 507; x_wconf 81' lang='lat' dir='ltr'><strong>Scripta</strong></span> <span class='ocrx_word' id='word_1_511' title='bbox 2951 456 3053 494; x_wconf 86' lang='lat' dir='ltr'><strong>non</strong></span> <span class='ocrx_word' id='word_1_512' title='bbox 3096 449 3398 511; x_wconf 82' lang='lat' dir='ltr'><strong>atramento,</strong></span> <span class='ocrx_word' id='word_1_513' title='bbox 3425 453 3490 503; x_wconf 79' lang='lat' dir='ltr'><strong>sed</strong></span> <span class='ocrx_word' id='word_1_514' title='bbox 3515 453 3616 522; x_wconf 46' lang='lat' dir='ltr'><strong>Spir.</strong></span> 
     </span>
    </p>
   </div>
   <div class='ocr_carea' id='block_1_64' title="bbox 2185 516 3618 616">
    <p class='ocr_par' dir='ltr' id='par_1_64' title="bbox 2185 516 3618 616">
     <span class='ocr_line' id='line_1_64' title="bbox 2185 516 3618 616; baseline 0.015 -46"><span class='ocrx_word' id='word_1_515' title='bbox 2185 516 2282 572; x_wconf 85' lang='lat' dir='ltr'><strong>Dei</strong></span> <span class='ocrx_word' id='word_1_516' title='bbox 2323 521 2532 576; x_wconf 82' lang='lat' dir='ltr'><strong>viventis</strong></span> <span class='ocrx_word' id='word_1_517' title='bbox 2560 539 2580 576; x_wconf 92' lang='lat'><strong><em>:</em></strong></span> <span class='ocrx_word' id='word_1_518' title='bbox 2611 535 2786 580; x_wconf 89' lang='lat' dir='ltr'><strong>utrum</strong></span> <span class='ocrx_word' id='word_1_519' title='bbox 2819 529 2886 584; x_wconf 88' lang='lat' dir='ltr'><strong>de</strong></span> <span class='ocrx_word' id='word_1_520' title='bbox 2925 530 3065 585; x_wconf 88' lang='lat' dir='ltr'><strong>Filio</strong></span> <span class='ocrx_word' id='word_1_521' title='bbox 3103 547 3172 586; x_wconf 87' lang='lat' dir='ltr'><strong>an</strong></span> <span class='ocrx_word' id='word_1_522' title='bbox 3217 534 3282 587; x_wconf 91' lang='lat' dir='ltr'><strong>de</strong></span> <span class='ocrx_word' id='word_1_523' title='bbox 3315 516 3618 616; x_wconf 48' lang='lat' dir='ltr'><strong>Spirittt&#39;lﬂ.1-:s;</strong></span> 
     </span>
    </p>
   </div>
   <div class='ocr_carea' id='block_1_65' title="bbox 2187 610 3651 694">
    <p class='ocr_par' dir='ltr' id='par_1_65' title="bbox 2187 610 3651 694">
     <span class='ocr_line' id='line_1_65' title="bbox 2187 610 3651 694; baseline 0.02 -32"><span class='ocrx_word' id='word_1_524' title='bbox 2187 610 2423 678; x_wconf 79' lang='lat' dir='ltr'><strong>profecto</strong></span> <span class='ocrx_word' id='word_1_525' title='bbox 2451 615 2592 683; x_wconf 92' lang='lat' dir='ltr'><strong>quod</strong></span> <span class='ocrx_word' id='word_1_526' title='bbox 2621 616 2688 672; x_wconf 92' lang='lat' dir='ltr'><strong>de</strong></span> <span class='ocrx_word' id='word_1_527' title='bbox 2715 617 2916 687; x_wconf 87' lang='lat' dir='ltr'><strong>Spiritu</strong></span> <span class='ocrx_word' id='word_1_528' title='bbox 2949 639 2962 675; x_wconf 90' lang='lat'>:</span> <span class='ocrx_word' id='word_1_529' title='bbox 2993 622 3062 676; x_wconf 91' lang='lat' dir='ltr'><strong>ad</strong></span> <span class='ocrx_word' id='word_1_530' title='bbox 3099 639 3228 678; x_wconf 88' lang='lat' dir='ltr'><strong>eum</strong></span> <span class='ocrx_word' id='word_1_531' title='bbox 3266 629 3392 680; x_wconf 88' lang='lat' dir='ltr'><strong>enim</strong></span> <span class='ocrx_word' id='word_1_532' title='bbox 3421 647 3445 684; x_wconf 69' lang='grc' dir='ltr'>ι</span> <span class='ocrx_word' id='word_1_533' title='bbox 3469 610 3620 694; x_wconf 48' lang='lat' dir='ltr'><strong>litori};</strong></span> <span class='ocrx_word' id='word_1_534' title='bbox 3650 651 3651 694; x_wconf 78' lang='lat'>1</span> 
     </span>
    </p>
   </div>
   <div class='ocr_carea' id='block_1_66' title="bbox 2187 702 3616 784">
    <p class='ocr_par' dir='ltr' id='par_1_66' title="bbox 2187 702 3616 784">
     <span class='ocr_line' id='line_1_66' title="bbox 2187 702 3616 784; baseline 0.019 -32"><span class='ocrx_word' id='word_1_535' title='bbox 2187 702 2428 759; x_wconf 76' lang='lat' dir='ltr'><strong>vocabat.</strong></span> <span class='ocrx_word' id='word_1_536' title='bbox 2467 705 2678 760; x_wconf 82' lang='lat' dir='ltr'><strong>Etenim</strong></span> <span class='ocrx_word' id='word_1_537' title='bbox 2727 725 2794 764; x_wconf 91' lang='lat' dir='ltr'><strong>ne</strong></span> <span class='ocrx_word' id='word_1_538' title='bbox 2835 713 2992 780; x_wconf 88' lang='lat' dir='ltr'><strong>quis.</strong></span> <span class='ocrx_word' id='word_1_539' title='bbox 3025 729 3144 768; x_wconf 86' lang='lat' dir='ltr'><strong>cum</strong></span> <span class='ocrx_word' id='word_1_540' title='bbox 3193 715 3406 784; x_wconf 84' lang='lat' dir='ltr'><strong>Spiritus</strong></span> <span class='ocrx_word' id='word_1_541' title='bbox 3437 729 3616 784; x_wconf 53' lang='lat' dir='ltr'><strong>vocales:</strong></span> 
     </span>
    </p>
   </div>
   <div class='ocr_carea' id='block_1_67' title="bbox 2184 791 3622 878">
    <p class='ocr_par' dir='ltr' id='par_1_67' title="bbox 2184 791 3622 878">
     <span class='ocr_line' id='line_1_67' title="bbox 2184 791 3622 878; baseline 0.021 -35"><span class='ocrx_word' id='word_1_542' title='bbox 2184 791 2503 862; x_wconf 88' lang='lat' dir='ltr'><strong>audivisset,</strong></span> <span class='ocrx_word' id='word_1_543' title='bbox 2535 811 2598 852; x_wconf 85' lang='lat' dir='ltr'><strong>ac</strong></span> <span class='ocrx_word' id='word_1_544' title='bbox 2627 799 2822 854; x_wconf 90' lang='lat' dir='ltr'><strong>deinde</strong></span> <span class='ocrx_word' id='word_1_545' title='bbox 2849 803 2950 856; x_wconf 81' lang='lat' dir='ltr'><strong>hoc</strong></span> <span class='ocrx_word' id='word_1_546' title='bbox 2977 819 3160 860; x_wconf 86' lang='lat' dir='ltr'><strong>secum</strong></span> <span class='ocrx_word' id='word_1_547' title='bbox 3205 821 3454 878; x_wconf 82' lang='lat' dir='ltr'><strong>reputans,</strong></span> <span class='ocrx_word' id='word_1_548' title='bbox 3475 817 3514 869; x_wconf 79' lang='lat' dir='ltr'><strong>Si</strong></span> <span class='ocrx_word' id='word_1_549' title='bbox 3537 819 3622 878; x_wconf 63' lang='lat' dir='ltr'><strong>Iss3</strong></span> 
     </span>
    </p>
   </div>
   <div class='ocr_carea' id='block_1_68' title="bbox 2185 883 3622 976">
    <p class='ocr_par' dir='ltr' id='par_1_68' title="bbox 2185 883 3622 976">
     <span class='ocr_line' id='line_1_68' title="bbox 2185 883 3622 976; baseline 0.021 -42"><span class='ocrx_word' id='word_1_550' title='bbox 2185 883 2251 935; x_wconf 89' lang='lat' dir='ltr'><strong>ad</strong></span> <span class='ocrx_word' id='word_1_551' title='bbox 2287 885 2564 942; x_wconf 86' lang='lat' dir='ltr'><strong>Dominum</strong></span> <span class='ocrx_word' id='word_1_552' title='bbox 2595 905 2886 948; x_wconf 74' lang='lat' dir='ltr'><strong>conversus</strong></span> <span class='ocrx_word' id='word_1_553' title='bbox 2918 897 3100 961; x_wconf 84' lang='lat' dir='ltr'><strong>fuerit,</strong></span> <span class='ocrx_word' id='word_1_554' title='bbox 3133 899 3253 967; x_wconf 87' lang='lat' dir='ltr'><strong>ipse</strong></span> <span class='ocrx_word' id='word_1_555' title='bbox 3281 913 3438 957; x_wconf 86' lang='lat' dir='ltr'><strong>autem</strong></span> <span class='ocrx_word' id='word_1_556' title='bbox 3463 907 3512 958; x_wconf 76' lang='lat' dir='ltr'><strong>ad</strong></span> <span class='ocrx_word' id='word_1_557' title='bbox 3537 911 3622 976; x_wconf 54' lang='lat' dir='ltr'><strong>Spir.-</strong></span> 
     </span>
    </p>
   </div>
   <div class='ocr_carea' id='block_1_69' title="bbox 2189 979 3622 1056">
    <p class='ocr_par' dir='ltr' id='par_1_69' title="bbox 2189 979 3622 1056">
     <span class='ocr_line' id='line_1_69' title="bbox 2189 979 3622 1056; baseline 0.019 -27"><span class='ocrx_word' id='word_1_558' title='bbox 2189 985 2301 1031; x_wconf 91' lang='lat' dir='ltr'><strong>tum</strong></span> <span class='ocrx_word' id='word_1_559' title='bbox 2325 1019 2338 1042; x_wconf 94' lang='lat'><strong>,</strong></span> <span class='ocrx_word' id='word_1_560' title='bbox 2373 979 2624 1036; x_wconf 86' lang='lat' dir='ltr'><strong>inferiore</strong></span> <span class='ocrx_word' id='word_1_561' title='bbox 2663 987 2966 1040; x_wconf 88' lang='lat' dir='ltr'><strong>conditione</strong></span> <span class='ocrx_word' id='word_1_562' title='bbox 3005 1003 3125 1044; x_wconf 89' lang='lat' dir='ltr'><strong>esse</strong></span> <span class='ocrx_word' id='word_1_563' title='bbox 3154 992 3476 1048; x_wconf 86' lang='lat' dir='ltr'><strong>arbitraretur</strong></span> <span class='ocrx_word' id='word_1_564' title='bbox 3499 1019 3508 1049; x_wconf 89' lang='lat'>:</span> <span class='ocrx_word' id='word_1_565' title='bbox 3529 1007 3622 1056; x_wconf 73' lang='lat' dir='ltr'><strong>uti:-</strong></span> 
     </span>
    </p>
   </div>
   <div class='ocr_carea' id='block_1_70' title="bbox 2185 1070 3651 1148">
    <p class='ocr_par' dir='ltr' id='par_1_70' title="bbox 2185 1070 3651 1148">
     <span class='ocr_line' id='line_1_70' title="bbox 2185 1070 3651 1148; baseline 0.019 -29"><span class='ocrx_word' id='word_1_566' title='bbox 2185 1070 2417 1138; x_wconf 82' lang='lat' dir='ltr'><strong>jusmodi</strong></span> <span class='ocrx_word' id='word_1_567' title='bbox 2461 1075 2750 1142; x_wconf 90' lang='lat' dir='ltr'><strong>suspicioni</strong></span> <span class='ocrx_word' id='word_1_568' title='bbox 2783 1079 3091 1148; x_wconf 88' lang='lat' dir='ltr'><strong>medeatur,</strong></span> <span class='ocrx_word' id='word_1_569' title='bbox 3125 1084 3210 1138; x_wconf 90' lang='lat' dir='ltr'><strong>bis</strong></span> <span class='ocrx_word' id='word_1_570' title='bbox 3243 1087 3406 1140; x_wconf 66' lang='lat' dir='ltr'><strong>verbis</strong></span> <span class='ocrx_word' id='word_1_571' title='bbox 3429 1091 3620 1148; x_wconf 65' lang='lat' dir='ltr'><strong>nutanti.</strong></span> <span class='ocrx_word' id='word_1_572' title='bbox 3650 1087 3651 1140; x_wconf 65' lang='grc' dir='ltr'>ἓ</span> 
     </span>
    </p>
   </div>
   <div class='ocr_carea' id='block_1_71' title="bbox 2191 1161 3651 1254">
    <p class='ocr_par' dir='ltr' id='par_1_71' title="bbox 2191 1161 3651 1254">
     <span class='ocr_line' id='line_1_71' title="bbox 2191 1161 3651 1254; baseline 0.016 -45"><span class='ocrx_word' id='word_1_573' title='bbox 2191 1161 2437 1254; x_wconf 66' lang='lat' dir='ltr'><strong>Dominus</strong></span> <span class='ocrx_word' id='word_1_574' title='bbox 2480 1174 2649 1218; x_wconf 85' lang='lat' dir='ltr'><strong>autem</strong></span> <span class='ocrx_word' id='word_1_575' title='bbox 2694 1167 2920 1237; x_wconf 82' lang='lat' dir='ltr'><strong>Spiritus</strong></span> <span class='ocrx_word' id='word_1_576' title='bbox 2960 1181 3050 1224; x_wconf 87' lang='lat' dir='ltr'><strong>est.</strong></span> <span class='ocrx_word' id='word_1_577' title='bbox 3103 1174 3221 1228; x_wconf 87' lang='lat' dir='ltr'><strong>Hoc</strong></span> <span class='ocrx_word' id='word_1_578' title='bbox 3259 1187 3368 1242; x_wconf 81' lang='lat' dir='ltr'><strong>est,</strong></span> <span class='ocrx_word' id='word_1_579' title='bbox 3397 1179 3492 1244; x_wconf 85' lang='lat' dir='ltr'><strong>Ipse</strong></span> <span class='ocrx_word' id='word_1_580' title='bbox 3517 1165 3651 1254; x_wconf 52' lang='grc' dir='ltr'><strong>ιιιεηῃξ</strong></span> 
     </span>
    </p>
   </div>
   <div class='ocr_carea' id='block_1_72' title="bbox 2193 1250 3626 1336">
    <p class='ocr_par' dir='ltr' id='par_1_72' title="bbox 2193 1250 3626 1336">
     <span class='ocr_line' id='line_1_72' title="bbox 2193 1250 3626 1336; baseline 0.019 -34"><span class='ocrx_word' id='word_1_581' title='bbox 2193 1250 2446 1308; x_wconf 86' lang='lat' dir='ltr'><strong>Dominus</strong></span> <span class='ocrx_word' id='word_1_582' title='bbox 2490 1267 2591 1310; x_wconf 90' lang='lat' dir='ltr'><strong>est.</strong></span> <span class='ocrx_word' id='word_1_583' title='bbox 2634 1259 2807 1328; x_wconf 88' lang='lat' dir='ltr'><strong>Atque</strong></span> <span class='ocrx_word' id='word_1_584' title='bbox 2847 1269 2904 1314; x_wconf 92' lang='lat' dir='ltr'><strong>ut</strong></span> <span class='ocrx_word' id='word_1_585' title='bbox 2949 1263 3216 1334; x_wconf 78' lang='lat' dir='ltr'><strong>intelligas</strong></span> <span class='ocrx_word' id='word_1_586' title='bbox 3257 1269 3352 1336; x_wconf 87' lang='lat' dir='ltr'><strong>ipsi</strong></span> <span class='ocrx_word' id='word_1_587' title='bbox 3387 1269 3443 1324; x_wconf 88' lang='lat' dir='ltr'><strong>de</strong></span> 
     </span>
    </p>
   </div>
   <div class='ocr_carea' id='block_1_73' title="bbox 2189 1353 3628 1432">
    <p class='ocr_par' dir='ltr' id='par_1_73' title="bbox 2189 1353 3628 1432">
     <span class='ocr_line' id='line_1_73' title="bbox 2189 1353 3628 1432; baseline 0.019 -37"><span class='ocrx_word' id='word_1_588' title='bbox 2189 1357 2492 1401; x_wconf 88' lang='lat' dir='ltr'><strong>sermonem</strong></span> <span class='ocrx_word' id='word_1_589' title='bbox 2523 1365 2670 1414; x_wconf 81' lang='lat' dir='ltr'><strong>esse,</strong></span> <span class='ocrx_word' id='word_1_590' title='bbox 2711 1353 3012 1421; x_wconf 85' lang='lat' dir='ltr'><strong>subjunxit,</strong></span> <span class='ocrx_word' id='word_1_591' title='bbox 3051 1356 3148 1411; x_wconf 85' lang='lat' dir='ltr'><strong>Ubi</strong></span> <span class='ocrx_word' id='word_1_592' title='bbox 3191 1370 3354 1414; x_wconf 85' lang='lat' dir='ltr'><strong>autem</strong></span> <span class='ocrx_word' id='word_1_593' title='bbox 3393 1363 3560 1432; x_wconf 71' lang='lat' dir='ltr'><strong>Spiritus</strong></span> <span class='ocrx_word' id='word_1_594' title='bbox 3583 1371 3628 1422; x_wconf 69' lang='lat' dir='ltr'><strong>lli.</strong></span> 
     </span>
    </p>
   </div>
   <div class='ocr_carea' id='block_1_74' title="bbox 2191 1438 3628 1529">
    <p class='ocr_par' dir='ltr' id='par_1_74' title="bbox 2191 1438 3628 1529">
     <span class='ocr_line' id='line_1_74' title="bbox 2191 1438 3628 1529; baseline 0.018 -41"><span class='ocrx_word' id='word_1_595' title='bbox 2191 1438 2334 1502; x_wconf 84' lang='lat' dir='ltr'><strong>mini,</strong></span> <span class='ocrx_word' id='word_1_596' title='bbox 2359 1439 2430 1491; x_wconf 84' lang='lat' dir='ltr'><strong>ibi</strong></span> <span class='ocrx_word' id='word_1_597' title='bbox 2464 1441 2687 1496; x_wconf 77' lang='lat' dir='ltr'><strong>libertas.</strong></span> <span class='ocrx_word' id='word_1_598' title='bbox 2719 1443 2904 1515; x_wconf 88' lang='lat' dir='ltr'><strong>Neque</strong></span> <span class='ocrx_word' id='word_1_599' title='bbox 2929 1449 3070 1502; x_wconf 89' lang='lat' dir='ltr'><strong>enim</strong></span> <span class='ocrx_word' id='word_1_600' title='bbox 3094 1451 3318 1516; x_wconf 75' lang='lat' dir='ltr'><strong>dixeris,</strong></span> <span class='ocrx_word' id='word_1_601' title='bbox 3345 1470 3448 1508; x_wconf 89' lang='lat' dir='ltr'><strong>eum</strong></span> <span class='ocrx_word' id='word_1_602' title='bbox 3471 1459 3628 1529; x_wconf 53' lang='lat' dir='ltr'><strong>itala}..-</strong></span> 
     </span>
    </p>
   </div>
   <div class='ocr_carea' id='block_1_75' title="bbox 2195 1531 3626 1608">
    <p class='ocr_par' dir='ltr' id='par_1_75' title="bbox 2195 1531 3626 1608">
     <span class='ocr_line' id='line_1_75' title="bbox 2195 1531 3626 1608; baseline 0.017 -25"><span class='ocrx_word' id='word_1_603' title='bbox 2195 1541 2304 1584; x_wconf 91' lang='lat' dir='ltr'><strong>tum</strong></span> <span class='ocrx_word' id='word_1_604' title='bbox 2331 1531 2496 1588; x_wconf 80' lang='lat' dir='ltr'><strong>fuisse</strong></span> <span class='ocrx_word' id='word_1_605' title='bbox 2525 1551 2538 1587; x_wconf 91' lang='lat'><strong>:</strong></span> <span class='ocrx_word' id='word_1_606' title='bbox 2571 1534 2667 1590; x_wconf 88' lang='lat' dir='ltr'><strong>Ubi</strong></span> <span class='ocrx_word' id='word_1_607' title='bbox 2696 1549 2873 1592; x_wconf 90' lang='lat' dir='ltr'><strong>autem</strong></span> <span class='ocrx_word' id='word_1_608' title='bbox 2905 1541 3162 1596; x_wconf 84' lang='lat' dir='ltr'><strong>Dominus</strong></span> <span class='ocrx_word' id='word_1_609' title='bbox 3197 1545 3626 1608; x_wconf 73' lang='lat' dir='ltr'><strong>Dnntini.Liber12l&lt;s</strong></span> 
     </span>
    </p>
   </div>
   <div class='ocr_carea' id='block_1_76' title="bbox 2193 1623 3628 1702">
    <p class='ocr_par' dir='ltr' id='par_1_76' title="bbox 2193 1623 3628 1702">
     <span class='ocr_line' id='line_1_76' title="bbox 2193 1623 3628 1702; baseline 0.014 -26"><span class='ocrx_word' id='word_1_610' title='bbox 2193 1633 2367 1677; x_wconf 91' lang='lat' dir='ltr'><strong>autem</strong></span> <span class='ocrx_word' id='word_1_611' title='bbox 2399 1623 2570 1692; x_wconf 76' lang='lat' dir='ltr'><strong>dixit,</strong></span> <span class='ocrx_word' id='word_1_612' title='bbox 2604 1627 2780 1683; x_wconf 85' lang='lat' dir='ltr'><strong>habita</strong></span> <span class='ocrx_word' id='word_1_613' title='bbox 2817 1631 3022 1686; x_wconf 88' lang='lat' dir='ltr'><strong>ratione</strong></span> <span class='ocrx_word' id='word_1_614' title='bbox 3065 1635 3306 1702; x_wconf 69' lang='lat' dir='ltr'><strong>pristinae</strong></span> <span class='ocrx_word' id='word_1_615' title='bbox 3345 1641 3562 1694; x_wconf 69' lang='lat' dir='ltr'><strong>servitutis.</strong></span> <span class='ocrx_word' id='word_1_616' title='bbox 3583 1645 3628 1696; x_wconf 63' lang='lat' dir='ltr'><strong>Its</strong></span> 
     </span>
    </p>
   </div>
   <div class='ocr_carea' id='block_1_77' title="bbox 2195 1715 3628 1796">
    <p class='ocr_par' dir='ltr' id='par_1_77' title="bbox 2195 1715 3628 1796">
     <span class='ocr_line' id='line_1_77' title="bbox 2195 1715 3628 1796; baseline 0.014 -29"><span class='ocrx_word' id='word_1_617' title='bbox 2195 1715 2336 1778; x_wconf 87' lang='lat' dir='ltr'><strong>inde,</strong></span> <span class='ocrx_word' id='word_1_618' title='bbox 2367 1733 2432 1771; x_wconf 89' lang='lat' dir='ltr'><strong>ne</strong></span> <span class='ocrx_word' id='word_1_619' title='bbox 2461 1733 2581 1772; x_wconf 92' lang='lat' dir='ltr'><strong>eum</strong></span> <span class='ocrx_word' id='word_1_620' title='bbox 2611 1719 2677 1773; x_wconf 89' lang='lat' dir='ltr'><strong>de</strong></span> <span class='ocrx_word' id='word_1_621' title='bbox 2704 1719 2876 1774; x_wconf 83' lang='lat' dir='ltr'><strong>futuro</strong></span> <span class='ocrx_word' id='word_1_622' title='bbox 2905 1732 3144 1792; x_wconf 87' lang='lat' dir='ltr'><strong>tempore</strong></span> <span class='ocrx_word' id='word_1_623' title='bbox 3169 1727 3314 1794; x_wconf 87' lang='lat' dir='ltr'><strong>loqui</strong></span> <span class='ocrx_word' id='word_1_624' title='bbox 3343 1737 3489 1796; x_wconf 84' lang='lat' dir='ltr'><strong>putes,</strong></span> <span class='ocrx_word' id='word_1_625' title='bbox 3511 1733 3628 1786; x_wconf 71' lang='lat' dir='ltr'><strong>aitzli</strong></span> 
     </span>
    </p>
   </div>
   <div class='ocr_carea' id='block_1_78' title="bbox 2197 1805 3651 1887">
    <p class='ocr_par' dir='ltr' id='par_1_78' title="bbox 2197 1805 3651 1887">
     <span class='ocr_line' id='line_1_78' title="bbox 2197 1805 3651 1887; baseline 0.011 -28"><span class='ocrx_word' id='word_1_626' title='bbox 2197 1805 2307 1860; x_wconf 86' lang='lat' dir='ltr'><strong>Nos</strong></span> <span class='ocrx_word' id='word_1_627' title='bbox 2333 1819 2495 1861; x_wconf 86' lang='lat' dir='ltr'><strong>autent</strong></span> <span class='ocrx_word' id='word_1_628' title='bbox 2521 1827 2690 1864; x_wconf 78' lang='lat' dir='ltr'><strong>onntes</strong></span> <span class='ocrx_word' id='word_1_629' title='bbox 2717 1813 2934 1867; x_wconf 81' lang='lat' dir='ltr'><strong>revelata</strong></span> <span class='ocrx_word' id='word_1_630' title='bbox 2962 1817 3092 1886; x_wconf 76' lang='lat' dir='ltr'><strong>facie</strong></span> <span class='ocrx_word' id='word_1_631' title='bbox 3123 1815 3342 1887; x_wconf 82' lang='lat' dir='ltr'><strong>gloriam</strong></span> <span class='ocrx_word' id='word_1_632' title='bbox 3365 1819 3530 1874; x_wconf 79' lang='lat' dir='ltr'><strong>Domini</strong></span> <span class='ocrx_word' id='word_1_633' title='bbox 3545 1843 3651 1886; x_wconf 36' lang='lat' dir='ltr'><strong>trag</strong></span> 
     </span>
    </p>
   </div>
   <div class='ocr_carea' id='block_1_79' title="bbox 2196 1895 3630 1984">
    <p class='ocr_par' dir='ltr' id='par_1_79' title="bbox 2196 1895 3630 1984">
     <span class='ocr_line' id='line_1_79' title="bbox 2196 1895 3630 1984; baseline 0.015 -36"><span class='ocrx_word' id='word_1_634' title='bbox 2196 1895 2395 1962; x_wconf 80' lang='lat' dir='ltr'><strong>iantes;</strong></span> <span class='ocrx_word' id='word_1_635' title='bbox 2428 1915 2534 1953; x_wconf 89' lang='lat' dir='ltr'><strong>non</strong></span> <span class='ocrx_word' id='word_1_636' title='bbox 2577 1901 2719 1955; x_wconf 88' lang='lat' dir='ltr'><strong>illam</strong></span> <span class='ocrx_word' id='word_1_637' title='bbox 2745 1944 2760 1968; x_wconf 95' lang='lat'><strong>,</strong></span> <span class='ocrx_word' id='word_1_638' title='bbox 2795 1905 3005 1975; x_wconf 89' lang='lat' dir='ltr'><strong>inquam</strong></span> <span class='ocrx_word' id='word_1_639' title='bbox 3031 1949 3046 1971; x_wconf 92' lang='lat'><strong>,</strong></span> <span class='ocrx_word' id='word_1_640' title='bbox 3075 1925 3194 1976; x_wconf 72' lang='lat' dir='ltr'><strong>qua:</strong></span> <span class='ocrx_word' id='word_1_641' title='bbox 3227 1911 3382 1965; x_wconf 85' lang='lat' dir='ltr'><strong>finem</strong></span> <span class='ocrx_word' id='word_1_642' title='bbox 3417 1916 3630 1984; x_wconf 33' lang='lat' dir='ltr'><strong>accipit”:</strong></span> 
     </span>
    </p>
   </div>
   <div class='ocr_carea' id='block_1_80' title="bbox 2196 1994 3630 2069">
    <p class='ocr_par' dir='ltr' id='par_1_80' title="bbox 2196 1994 3630 2069">
     <span class='ocr_line' id='line_1_80' title="bbox 2196 1994 3630 2069; baseline 0.012 -28"><span class='ocrx_word' id='word_1_643' title='bbox 2196 2005 2314 2056; x_wconf 80' lang='lat' dir='ltr'><strong>qua:</strong></span> <span class='ocrx_word' id='word_1_644' title='bbox 2353 2003 2568 2056; x_wconf 88' lang='lat' dir='ltr'><strong>manet;</strong></span> <span class='ocrx_word' id='word_1_645' title='bbox 2601 1994 2652 2046; x_wconf 84' lang='lat' dir='ltr'><strong>in</strong></span> <span class='ocrx_word' id='word_1_646' title='bbox 2695 1997 2921 2049; x_wconf 84' lang='lat' dir='ltr'><strong>eamdem</strong></span> <span class='ocrx_word' id='word_1_647' title='bbox 2965 1997 3238 2069; x_wconf 84' lang='lat' dir='ltr'><strong>imaginem</strong></span> <span class='ocrx_word' id='word_1_648' title='bbox 3287 2005 3630 2068; x_wconf 68' lang='lat' dir='ltr'><strong>transformari</strong></span> 
     </span>
    </p>
   </div>
   <div class='ocr_carea' id='block_1_81' title="bbox 2195 2081 3566 2163">
    <p class='ocr_par' dir='ltr' id='par_1_81' title="bbox 2195 2081 3566 2163">
     <span class='ocr_line' id='line_1_81' title="bbox 2195 2081 3566 2163; baseline 0.012 -31"><span class='ocrx_word' id='word_1_649' title='bbox 2195 2081 2426 2135; x_wconf 82' lang='lat' dir='ltr'><strong>claritate</strong></span> <span class='ocrx_word' id='word_1_650' title='bbox 2445 2083 2499 2136; x_wconf 87' lang='lat' dir='ltr'><strong>in</strong></span> <span class='ocrx_word' id='word_1_651' title='bbox 2525 2085 2806 2140; x_wconf 71' lang='lat' dir='ltr'><strong>claritatem</strong></span> <span class='ocrx_word' id='word_1_652' title='bbox 2829 2098 3084 2160; x_wconf 84' lang='lat' dir='ltr'><strong>tamquam</strong></span> <span class='ocrx_word' id='word_1_653' title='bbox 3104 2107 3137 2144; x_wconf 89' lang='lat' dir='ltr'><strong>a</strong></span> <span class='ocrx_word' id='word_1_654' title='bbox 3162 2091 3379 2146; x_wconf 83' lang='lat' dir='ltr'><strong>Domino</strong></span> <span class='ocrx_word' id='word_1_655' title='bbox 3407 2096 3566 2163; x_wconf 77' lang='lat' dir='ltr'><strong>Spiritu.</strong></span> 
     </span>
    </p>
   </div>
   <div class='ocr_carea' id='block_1_82' title="bbox 2269 2175 3628 2258">
    <p class='ocr_par' dir='ltr' id='par_1_82' title="bbox 2269 2175 3628 2258">
     <span class='ocr_line' id='line_1_82' title="bbox 2269 2175 3628 2258; baseline 0.014 -32"><span class='ocrx_word' id='word_1_656' title='bbox 2269 2175 2493 2244; x_wconf 84' lang='lat' dir='ltr'><strong>Spiritus</strong></span> <span class='ocrx_word' id='word_1_657' title='bbox 2522 2189 2728 2233; x_wconf 87' lang='lat' dir='ltr'><strong>sanctus</strong></span> <span class='ocrx_word' id='word_1_658' title='bbox 2751 2182 2802 2234; x_wconf 87' lang='lat' dir='ltr'><strong>in</strong></span> <span class='ocrx_word' id='word_1_659' title='bbox 2823 2179 2918 2236; x_wconf 89' lang='lat' dir='ltr'><strong>Dei</strong></span> <span class='ocrx_word' id='word_1_660' title='bbox 2942 2185 3120 2238; x_wconf 84' lang='lat' dir='ltr'><strong>ordine</strong></span> <span class='ocrx_word' id='word_1_661' title='bbox 3141 2187 3456 2243; x_wconf 56' lang='lat' dir='ltr'><strong>est—Vides</strong></span> <span class='ocrx_word' id='word_1_662' title='bbox 3475 2207 3628 2258; x_wconf 57' lang='lat' dir='ltr'><strong>quapr-</strong></span> 
     </span>
    </p>
   </div>
   <div class='ocr_carea' id='block_1_83' title="bbox 2196 2269 3630 2348">
    <p class='ocr_par' dir='ltr' id='par_1_83' title="bbox 2196 2269 3630 2348">
     <span class='ocr_line' id='line_1_83' title="bbox 2196 2269 3630 2348; baseline 0.011 -28"><span class='ocrx_word' id='word_1_663' title='bbox 2196 2281 2380 2322; x_wconf 87' lang='lat' dir='ltr'><strong>rursus</strong></span> <span class='ocrx_word' id='word_1_664' title='bbox 2427 2269 2682 2338; x_wconf 91' lang='lat' dir='ltr'><strong>Spiritum</strong></span> <span class='ocrx_word' id='word_1_665' title='bbox 2733 2275 2782 2328; x_wconf 90' lang='lat' dir='ltr'><strong>in</strong></span> <span class='ocrx_word' id='word_1_666' title='bbox 2827 2275 2920 2330; x_wconf 90' lang='lat' dir='ltr'><strong>Dei</strong></span> <span class='ocrx_word' id='word_1_667' title='bbox 2969 2277 3160 2332; x_wconf 89' lang='lat' dir='ltr'><strong>ordine</strong></span> <span class='ocrx_word' id='word_1_668' title='bbox 3201 2281 3438 2348; x_wconf 83' lang='lat' dir='ltr'><strong>collucet,</strong></span> <span class='ocrx_word' id='word_1_669' title='bbox 3473 2299 3630 2348; x_wconf 60' lang='lat' dir='ltr'><strong>casiae:</strong></span> 
     </span>
    </p>
   </div>
   <div class='ocr_carea' id='block_1_84' title="bbox 2197 2362 3630 2444">
    <p class='ocr_par' dir='ltr' id='par_1_84' title="bbox 2197 2362 3630 2444">
     <span class='ocr_line' id='line_1_84' title="bbox 2197 2362 3630 2444; baseline 0.01 -31"><span class='ocrx_word' id='word_1_670' title='bbox 2197 2362 2560 2429; x_wconf 86' lang='lat' dir='ltr'><strong>apostolorum</strong></span> <span class='ocrx_word' id='word_1_671' title='bbox 2607 2365 2835 2420; x_wconf 89' lang='lat' dir='ltr'><strong>classem</strong></span> <span class='ocrx_word' id='word_1_672' title='bbox 2881 2369 3188 2423; x_wconf 77' lang='lat' dir='ltr'><strong>Subvcliat?</strong></span> <span class='ocrx_word' id='word_1_673' title='bbox 3221 2372 3424 2426; x_wconf 89' lang='lat' dir='ltr'><strong>Etenim</strong></span> <span class='ocrx_word' id='word_1_674' title='bbox 3450 2379 3630 2444; x_wconf 63' lang='lat' dir='ltr'><strong>pausia--</strong></span> 
     </span>
    </p>
   </div>
   <div class='ocr_carea' id='block_1_85' title="bbox 2200 2453 3630 2532">
    <p class='ocr_par' dir='ltr' id='par_1_85' title="bbox 2200 2453 3630 2532">
     <span class='ocr_line' id='line_1_85' title="bbox 2200 2453 3630 2532; baseline 0.01 -29"><span class='ocrx_word' id='word_1_675' title='bbox 2200 2462 2301 2515; x_wconf 87' lang='lat' dir='ltr'><strong>rat,</strong></span> <span class='ocrx_word' id='word_1_676' title='bbox 2333 2453 2564 2523; x_wconf 78' lang='lat' dir='ltr'><strong>Epistola</strong></span> <span class='ocrx_word' id='word_1_677' title='bbox 2614 2458 2731 2511; x_wconf 84' lang='lat' dir='ltr'><strong>estis</strong></span> <span class='ocrx_word' id='word_1_678' title='bbox 2761 2458 2988 2522; x_wconf 84' lang='lat' dir='ltr'><strong>Christi;</strong></span> <span class='ocrx_word' id='word_1_679' title='bbox 3027 2473 3082 2516; x_wconf 84' lang='lat' dir='ltr'><strong>et</strong></span> <span class='ocrx_word' id='word_1_680' title='bbox 3133 2463 3236 2518; x_wconf 86' lang='lat' dir='ltr'><strong>hoc</strong></span> <span class='ocrx_word' id='word_1_681' title='bbox 3277 2467 3405 2532; x_wconf 78' lang='lat' dir='ltr'><strong>loco,</strong></span> <span class='ocrx_word' id='word_1_682' title='bbox 3449 2465 3530 2520; x_wconf 69' lang='lat' dir='ltr'><strong>Nos</strong></span> 
     </span>
    </p>
   </div>
   <div class='ocr_carea' id='block_1_86' title="bbox 2199 2549 3628 2626">
    <p class='ocr_par' dir='ltr' id='par_1_86' title="bbox 2199 2549 3628 2626">
     <span class='ocr_line' id='line_1_86' title="bbox 2199 2549 3628 2626; baseline 0.011 -29"><span class='ocrx_word' id='word_1_683' title='bbox 2199 2561 2370 2599; x_wconf 85' lang='lat' dir='ltr'><strong>omnes</strong></span> <span class='ocrx_word' id='word_1_684' title='bbox 2397 2549 2616 2601; x_wconf 86' lang='lat' dir='ltr'><strong>revelata</strong></span> <span class='ocrx_word' id='word_1_685' title='bbox 2660 2551 2808 2620; x_wconf 79' lang='lat' dir='ltr'><strong>facie.</strong></span> <span class='ocrx_word' id='word_1_686' title='bbox 2844 2555 3002 2623; x_wconf 86' lang='lat' dir='ltr'><strong>Atqui</strong></span> <span class='ocrx_word' id='word_1_687' title='bbox 3047 2556 3142 2623; x_wconf 85' lang='lat' dir='ltr'><strong>ipsi</strong></span> <span class='ocrx_word' id='word_1_688' title='bbox 3177 2557 3366 2626; x_wconf 81' lang='lat' dir='ltr'><strong>legem,</strong></span> <span class='ocrx_word' id='word_1_689' title='bbox 3397 2559 3522 2613; x_wconf 72' lang='lat' dir='ltr'><strong>ilosis</strong></span> <span class='ocrx_word' id='word_1_690' title='bbox 3543 2565 3628 2612; x_wconf 62' lang='lat' dir='ltr'><strong>iw.</strong></span> 
     </span>
    </p>
   </div>
   <div class='ocr_carea' id='block_1_87' title="bbox 2200 2645 3630 2724">
    <p class='ocr_par' dir='ltr' id='par_1_87' title="bbox 2200 2645 3630 2724">
     <span class='ocr_line' id='line_1_87' title="bbox 2200 2645 3630 2724; baseline 0.008 -32"><span class='ocrx_word' id='word_1_691' title='bbox 2200 2649 2468 2708; x_wconf 77' lang='lat' dir='ltr'><strong>gestantes</strong></span> <span class='ocrx_word' id='word_1_692' title='bbox 2494 2655 2768 2698; x_wconf 81' lang='lat' dir='ltr'><strong>venerant.</strong></span> <span class='ocrx_word' id='word_1_693' title='bbox 2811 2645 2916 2700; x_wconf 91' lang='lat' dir='ltr'><strong>Sed</strong></span> <span class='ocrx_word' id='word_1_694' title='bbox 2944 2651 3410 2717; x_wconf 85' lang='lat' dir='ltr'><strong>quemadmodum,</strong></span> <span class='ocrx_word' id='word_1_695' title='bbox 3443 2655 3570 2724; x_wconf 76' lang='lat' dir='ltr'><strong>inquit.</strong></span> <span class='ocrx_word' id='word_1_696' title='bbox 3595 2675 3630 2704; x_wconf 74' lang='lat' dir='ltr'><strong>li-</strong></span> 
     </span>
    </p>
   </div>
   <div class='ocr_carea' id='block_1_88' title="bbox 2200 2734 3630 2816">
    <p class='ocr_par' dir='ltr' id='par_1_88' title="bbox 2200 2734 3630 2816">
     <span class='ocr_line' id='line_1_88' title="bbox 2200 2734 3630 2816; baseline 0.01 -31"><span class='ocrx_word' id='word_1_697' title='bbox 2200 2734 2462 2790; x_wconf 88' lang='lat' dir='ltr'><strong>vclamine</strong></span> <span class='ocrx_word' id='word_1_698' title='bbox 2495 2753 2597 2790; x_wconf 93' lang='lat' dir='ltr'><strong>non</strong></span> <span class='ocrx_word' id='word_1_699' title='bbox 2629 2753 2762 2807; x_wconf 93' lang='lat' dir='ltr'><strong>opus</strong></span> <span class='ocrx_word' id='word_1_700' title='bbox 2795 2739 3076 2796; x_wconf 89' lang='lat' dir='ltr'><strong>habuimus</strong></span> <span class='ocrx_word' id='word_1_701' title='bbox 3107 2761 3119 2796; x_wconf 93' lang='lat'><strong>:</strong></span> <span class='ocrx_word' id='word_1_702' title='bbox 3153 2745 3232 2800; x_wconf 86' lang='lat' dir='ltr'><strong>sic</strong></span> <span class='ocrx_word' id='word_1_703' title='bbox 3277 2761 3370 2800; x_wconf 79' lang='lat' dir='ltr'><strong>nec</strong></span> <span class='ocrx_word' id='word_1_704' title='bbox 3399 2763 3478 2800; x_wconf 83' lang='lat' dir='ltr'><strong>ros</strong></span> <span class='ocrx_word' id='word_1_705' title='bbox 3508 2749 3630 2816; x_wconf 61' lang='lat' dir='ltr'><strong>quae.</strong></span> 
     </span>
    </p>
   </div>
   <div class='ocr_carea' id='block_1_89' title="bbox 2202 2827 3632 2908">
    <p class='ocr_par' dir='ltr' id='par_1_89' title="bbox 2202 2827 3632 2908">
     <span class='ocr_line' id='line_1_89' title="bbox 2202 2827 3632 2908; baseline 0.009 -31"><span class='ocrx_word' id='word_1_706' title='bbox 2202 2827 2290 2894; x_wconf 93' lang='lat' dir='ltr'><strong>qui</strong></span> <span class='ocrx_word' id='word_1_707' title='bbox 2330 2829 2662 2898; x_wconf 86' lang='lat' dir='ltr'><strong>evangelium</strong></span> <span class='ocrx_word' id='word_1_708' title='bbox 2704 2834 3034 2902; x_wconf 89' lang='lat' dir='ltr'><strong>suscepistis.</strong></span> <span class='ocrx_word' id='word_1_709' title='bbox 3084 2837 3242 2904; x_wconf 82' lang='lat' dir='ltr'><strong>Atqui</strong></span> <span class='ocrx_word' id='word_1_710' title='bbox 3291 2839 3434 2908; x_wconf 82' lang='lat' dir='ltr'><strong>longe</strong></span> <span class='ocrx_word' id='word_1_711' title='bbox 3469 2843 3632 2908; x_wconf 40' lang='lat' dir='ltr'><strong>majus</strong></span> 
     </span>
    </p>
   </div>
   <div class='ocr_carea' id='block_1_90' title="bbox 2202 2915 3632 2996">
    <p class='ocr_par' dir='ltr' id='par_1_90' title="bbox 2202 2915 3632 2996">
     <span class='ocr_line' id='line_1_90' title="bbox 2202 2915 3632 2996; baseline 0.013 -27"><span class='ocrx_word' id='word_1_712' title='bbox 2202 2915 2318 2971; x_wconf 78' lang='lat' dir='ltr'><strong>lucc</strong></span> <span class='ocrx_word' id='word_1_713' title='bbox 2355 2919 2556 2987; x_wconf 88' lang='lat' dir='ltr'><strong>gloria;</strong></span> <span class='ocrx_word' id='word_1_714' title='bbox 2587 2937 2758 2991; x_wconf 90' lang='lat' dir='ltr'><strong>neque</strong></span> <span class='ocrx_word' id='word_1_715' title='bbox 2788 2925 2927 2976; x_wconf 90' lang='lat' dir='ltr'><strong>enim</strong></span> <span class='ocrx_word' id='word_1_716' title='bbox 2956 2927 3132 2980; x_wconf 86' lang='lat' dir='ltr'><strong>vultus</strong></span> <span class='ocrx_word' id='word_1_717' title='bbox 3165 2931 3332 2982; x_wconf 88' lang='lat' dir='ltr'><strong>nostri</strong></span> <span class='ocrx_word' id='word_1_718' title='bbox 3359 2942 3449 2996; x_wconf 81' lang='lat' dir='ltr'><strong>est,</strong></span> <span class='ocrx_word' id='word_1_719' title='bbox 3475 2934 3632 2996; x_wconf 59' lang='lat' dir='ltr'><strong>salii:-</strong></span> 
     </span>
    </p>
   </div>
   <div class='ocr_carea' id='block_1_91' title="bbox 2203 3018 3630 3088">
    <p class='ocr_par' dir='ltr' id='par_1_91' title="bbox 2203 3018 3630 3088">
     <span class='ocr_line' id='line_1_91' title="bbox 2203 3018 3630 3088; baseline 0.009 -25"><span class='ocrx_word' id='word_1_720' title='bbox 2203 3018 2288 3064; x_wconf 91' lang='lat' dir='ltr'><strong>tus</strong></span> <span class='ocrx_word' id='word_1_721' title='bbox 2317 3028 2329 3064; x_wconf 92' lang='lat'><strong>:</strong></span> <span class='ocrx_word' id='word_1_722' title='bbox 2364 3021 2419 3066; x_wconf 90' lang='lat' dir='ltr'><strong>et</strong></span> <span class='ocrx_word' id='word_1_723' title='bbox 2463 3022 2638 3068; x_wconf 89' lang='lat' dir='ltr'><strong>tamen</strong></span> <span class='ocrx_word' id='word_1_724' title='bbox 2668 3032 2783 3082; x_wconf 87' lang='lat' dir='ltr'><strong>vos,</strong></span> <span class='ocrx_word' id='word_1_725' title='bbox 2816 3035 2966 3088; x_wconf 64' lang='lat' dir='ltr'><strong>atque</strong></span> <span class='ocrx_word' id='word_1_726' title='bbox 2996 3035 3057 3074; x_wconf 85' lang='lat' dir='ltr'><strong>ac</strong></span> <span class='ocrx_word' id='word_1_727' title='bbox 3103 3037 3220 3088; x_wconf 86' lang='lat' dir='ltr'><strong>nos,</strong></span> <span class='ocrx_word' id='word_1_728' title='bbox 3272 3024 3322 3076; x_wconf 88' lang='lat' dir='ltr'><strong>in</strong></span> <span class='ocrx_word' id='word_1_729' title='bbox 3353 3041 3457 3080; x_wconf 87' lang='lat' dir='ltr'><strong>eam</strong></span> <span class='ocrx_word' id='word_1_730' title='bbox 3485 3027 3630 3077; x_wconf 64' lang='lat' dir='ltr'><strong>(rfert:</strong></span> 
     </span>
    </p>
   </div>
   <div class='ocr_carea' id='block_1_92' title="bbox 2203 3101 3632 3187">
    <p class='ocr_par' dir='ltr' id='par_1_92' title="bbox 2203 3101 3632 3187">
     <span class='ocr_line' id='line_1_92' title="bbox 2203 3101 3632 3187; baseline 0.009 -32"><span class='ocrx_word' id='word_1_731' title='bbox 2203 3101 2372 3157; x_wconf 88' lang='lat' dir='ltr'><strong>aciem</strong></span> <span class='ocrx_word' id='word_1_732' title='bbox 2399 3105 2676 3162; x_wconf 89' lang='lat' dir='ltr'><strong>intendere</strong></span> <span class='ocrx_word' id='word_1_733' title='bbox 2702 3111 2944 3178; x_wconf 88' lang='lat' dir='ltr'><strong>potestis.</strong></span> <span class='ocrx_word' id='word_1_734' title='bbox 2977 3111 3052 3166; x_wconf 88' lang='lat' dir='ltr'><strong>Illi</strong></span> <span class='ocrx_word' id='word_1_735' title='bbox 3083 3131 3314 3184; x_wconf 87' lang='lat' dir='ltr'><strong>namque</strong></span> <span class='ocrx_word' id='word_1_736' title='bbox 3340 3133 3427 3172; x_wconf 85' lang='lat' dir='ltr'><strong>nec</strong></span> <span class='ocrx_word' id='word_1_737' title='bbox 3449 3134 3520 3187; x_wconf 81' lang='lat' dir='ltr'><strong>per</strong></span> <span class='ocrx_word' id='word_1_738' title='bbox 3539 3123 3632 3170; x_wconf 60' lang='lat' dir='ltr'><strong>uari:-</strong></span> 
     </span>
    </p>
   </div>
   <div class='ocr_carea' id='block_1_93' title="bbox 2205 3201 3624 3278">
    <p class='ocr_par' dir='ltr' id='par_1_93' title="bbox 2205 3201 3624 3278">
     <span class='ocr_line' id='line_1_93' title="bbox 2205 3201 3624 3278; baseline 0.006 -28"><span class='ocrx_word' id='word_1_739' title='bbox 2205 3201 2374 3250; x_wconf 85' lang='lat' dir='ltr'><strong>torem</strong></span> <span class='ocrx_word' id='word_1_740' title='bbox 2399 3213 2414 3262; x_wconf 90' lang='lat'><strong>;</strong></span> <span class='ocrx_word' id='word_1_741' title='bbox 2441 3213 2535 3252; x_wconf 89' lang='lat' dir='ltr'><strong>vos</strong></span> <span class='ocrx_word' id='word_1_742' title='bbox 2561 3212 2738 3255; x_wconf 89' lang='lat' dir='ltr'><strong>autem</strong></span> <span class='ocrx_word' id='word_1_743' title='bbox 2768 3203 2882 3256; x_wconf 91' lang='lat' dir='ltr'><strong>sine</strong></span> <span class='ocrx_word' id='word_1_744' title='bbox 2921 3204 3213 3260; x_wconf 89' lang='lat' dir='ltr'><strong>mediatore</strong></span> <span class='ocrx_word' id='word_1_745' title='bbox 3259 3210 3463 3278; x_wconf 72' lang='lat' dir='ltr'><strong>potestis</strong></span> <span class='ocrx_word' id='word_1_746' title='bbox 3497 3211 3624 3274; x_wconf 53' lang='grc' dir='ltr'><strong>[εἶδέ-ςτ-</strong></span> 
     </span>
    </p>
   </div>
   <div class='ocr_carea' id='block_1_94' title="bbox 2207 3287 3628 3368">
    <p class='ocr_par' dir='ltr' id='par_1_94' title="bbox 2207 3287 3628 3368">
     <span class='ocr_line' id='line_1_94' title="bbox 2207 3287 3628 3368; baseline 0.013 -30"><span class='ocrx_word' id='word_1_747' title='bbox 2207 3287 2432 3344; x_wconf 89' lang='lat' dir='ltr'><strong>videre:</strong></span> <span class='ocrx_word' id='word_1_748' title='bbox 2463 3289 2538 3344; x_wconf 93' lang='lat' dir='ltr'><strong>illi</strong></span> <span class='ocrx_word' id='word_1_749' title='bbox 2589 3291 2746 3346; x_wconf 87' lang='lat' dir='ltr'><strong>Musis</strong></span> <span class='ocrx_word' id='word_1_750' title='bbox 2794 3293 2980 3349; x_wconf 81' lang='lat' dir='ltr'><strong>faciem</strong></span> <span class='ocrx_word' id='word_1_751' title='bbox 3035 3313 3260 3354; x_wconf 87' lang='lat' dir='ltr'><strong>cernere</strong></span> <span class='ocrx_word' id='word_1_752' title='bbox 3311 3319 3406 3355; x_wconf 86' lang='lat' dir='ltr'><strong>non</strong></span> <span class='ocrx_word' id='word_1_753' title='bbox 3447 3315 3628 3368; x_wconf 63' lang='lat' dir='ltr'><strong>patrari...</strong></span> 
     </span>
    </p>
   </div>
   <div class='ocr_carea' id='block_1_95' title="bbox 2203 3381 3630 3462">
    <p class='ocr_par' dir='ltr' id='par_1_95' title="bbox 2203 3381 3630 3462">
     <span class='ocr_line' id='line_1_95' title="bbox 2203 3381 3630 3462; baseline 0.004 -26"><span class='ocrx_word' id='word_1_754' title='bbox 2203 3393 2299 3432; x_wconf 76' lang='lat' dir='ltr'><strong>vos</strong></span> <span class='ocrx_word' id='word_1_755' title='bbox 2315 3381 2544 3447; x_wconf 90' lang='lat' dir='ltr'><strong>Spiritus</strong></span> <span class='ocrx_word' id='word_1_756' title='bbox 2562 3398 2772 3453; x_wconf 89' lang='lat' dir='ltr'><strong>quoque</strong></span> <span class='ocrx_word' id='word_1_757' title='bbox 2787 3387 3010 3456; x_wconf 82' lang='lat' dir='ltr'><strong>gloriam</strong></span> <span class='ocrx_word' id='word_1_758' title='bbox 3041 3393 3284 3458; x_wconf 89' lang='lat' dir='ltr'><strong>potestis.</strong></span> <span class='ocrx_word' id='word_1_759' title='bbox 3309 3395 3444 3460; x_wconf 84' lang='lat' dir='ltr'><strong>Quod</strong></span> <span class='ocrx_word' id='word_1_760' title='bbox 3468 3397 3500 3446; x_wconf 79' lang='lat' dir='ltr'><strong>si</strong></span> <span class='ocrx_word' id='word_1_761' title='bbox 3519 3395 3574 3462; x_wconf 67' lang='lat' dir='ltr'><strong>Sp</strong></span> <span class='ocrx_word' id='word_1_762' title='bbox 3591 3397 3630 3444; x_wconf 68' lang='lat' dir='ltr'><strong>is;-</strong></span> 
     </span>
    </p>
   </div>
   <div class='ocr_carea' id='block_1_96' title="bbox 2205 3471 3632 3552">
    <p class='ocr_par' dir='ltr' id='par_1_96' title="bbox 2205 3471 3632 3552">
     <span class='ocr_line' id='line_1_96' title="bbox 2205 3471 3632 3552; baseline 0.011 -30"><span class='ocrx_word' id='word_1_763' title='bbox 2205 3471 2511 3526; x_wconf 78' lang='lat' dir='ltr'><strong>ini‘eriorem</strong></span> <span class='ocrx_word' id='word_1_764' title='bbox 2561 3473 2734 3528; x_wconf 92' lang='lat' dir='ltr'><strong>locum</strong></span> <span class='ocrx_word' id='word_1_765' title='bbox 2785 3479 3072 3545; x_wconf 85' lang='lat' dir='ltr'><strong>obtineret,</strong></span> <span class='ocrx_word' id='word_1_766' title='bbox 3107 3481 3220 3538; x_wconf 73' lang='lat' dir='ltr'><strong>lucc</strong></span> <span class='ocrx_word' id='word_1_767' title='bbox 3251 3496 3414 3552; x_wconf 84' lang='lat' dir='ltr'><strong>certe,</strong></span> <span class='ocrx_word' id='word_1_768' title='bbox 3441 3497 3486 3540; x_wconf 91' lang='lat' dir='ltr'><strong>ut</strong></span> <span class='ocrx_word' id='word_1_769' title='bbox 3507 3489 3632 3539; x_wconf 62' lang='lat' dir='ltr'><strong>illisa</strong></span> 
     </span>
    </p>
   </div>
   <div class='ocr_carea' id='block_1_97' title="bbox 2199 3565 2908 3635">
    <p class='ocr_par' dir='ltr' id='par_1_97' title="bbox 2199 3565 2908 3635">
     <span class='ocr_line' id='line_1_97' title="bbox 2199 3565 2908 3635; baseline 0.014 -23"><span class='ocrx_word' id='word_1_770' title='bbox 2199 3565 2340 3632; x_wconf 87' lang='lat' dir='ltr'><strong>jura,</strong></span> <span class='ocrx_word' id='word_1_771' title='bbox 2373 3565 2592 3620; x_wconf 90' lang='lat' dir='ltr'><strong>tninime</strong></span> <span class='ocrx_word' id='word_1_772' title='bbox 2625 3569 2908 3635; x_wconf 90' lang='lat' dir='ltr'><strong>posuisset.</strong></span> 
     </span>
    </p>
   </div>
   <div class='ocr_carea' id='block_1_98' title="bbox 2274 3655 3632 3738">
    <p class='ocr_par' dir='ltr' id='par_1_98' title="bbox 2274 3655 3632 3738">
     <span class='ocr_line' id='line_1_98' title="bbox 2274 3655 3632 3738; baseline 0.01 -30"><span class='ocrx_word' id='word_1_773' title='bbox 2274 3655 2328 3709; x_wconf 83' lang='lat'><strong>5.</strong></span> <span class='ocrx_word' id='word_1_774' title='bbox 2370 3655 2632 3722; x_wconf 88' lang='lat' dir='ltr'><strong>Quidnam</strong></span> <span class='ocrx_word' id='word_1_775' title='bbox 2667 3669 2846 3714; x_wconf 86' lang='lat' dir='ltr'><strong>autem</strong></span> <span class='ocrx_word' id='word_1_776' title='bbox 2887 3673 2988 3726; x_wconf 89' lang='lat' dir='ltr'><strong>est,</strong></span> <span class='ocrx_word' id='word_1_777' title='bbox 3020 3663 3244 3719; x_wconf 83' lang='lat' dir='ltr'><strong>Gloriam</strong></span> <span class='ocrx_word' id='word_1_778' title='bbox 3285 3667 3470 3722; x_wconf 84' lang='lat' dir='ltr'><strong>Domini</strong></span> <span class='ocrx_word' id='word_1_779' title='bbox 3489 3675 3632 3738; x_wconf 52' lang='lat' dir='ltr'><strong>qui-nr-</strong></span> 
     </span>
    </p>
   </div>
   <div class='ocr_carea' id='block_1_99' title="bbox 2205 3747 3628 3831">
    <p class='ocr_par' dir='ltr' id='par_1_99' title="bbox 2205 3747 3628 3831">
     <span class='ocr_line' id='line_1_99' title="bbox 2205 3747 3628 3831; baseline 0.006 -32"><span class='ocrx_word' id='word_1_780' title='bbox 2205 3756 2296 3808; x_wconf 88' lang='lat' dir='ltr'><strong>tes,</strong></span> <span class='ocrx_word' id='word_1_781' title='bbox 2325 3747 2380 3800; x_wconf 85' lang='lat' dir='ltr'><strong>in</strong></span> <span class='ocrx_word' id='word_1_782' title='bbox 2408 3751 2632 3803; x_wconf 84' lang='lat' dir='ltr'><strong>eamdem</strong></span> <span class='ocrx_word' id='word_1_783' title='bbox 2661 3751 2930 3821; x_wconf 83' lang='lat' dir='ltr'><strong>imaginem</strong></span> <span class='ocrx_word' id='word_1_784' title='bbox 2959 3761 3416 3827; x_wconf 76' lang='lat' dir='ltr'><strong>transformamur?</strong></span> <span class='ocrx_word' id='word_1_785' title='bbox 3439 3763 3598 3831; x_wconf 57' lang='lat' dir='ltr'><strong>Aprum</strong></span> <span class='ocrx_word' id='word_1_786' title='bbox 3625 3805 3628 3808; x_wconf 84' lang='grc'>,</span> 
     </span>
    </p>
   </div>
   <div class='ocr_carea' id='block_1_100' title="bbox 2203 3837 3630 3910">
    <p class='ocr_par' dir='ltr' id='par_1_100' title="bbox 2203 3837 3630 3910">
     <span class='ocr_line' id='line_1_100' title="bbox 2203 3837 3630 3910; baseline 0.009 -20"><span class='ocrx_word' id='word_1_787' title='bbox 2203 3837 2420 3906; x_wconf 89' lang='lat' dir='ltr'><strong>quidem</strong></span> <span class='ocrx_word' id='word_1_788' title='bbox 2447 3839 2932 3910; x_wconf 87' lang='lat' dir='ltr'><strong>demonstrabatur,</strong></span> <span class='ocrx_word' id='word_1_789' title='bbox 2965 3861 3086 3900; x_wconf 87' lang='lat' dir='ltr'><strong>cum</strong></span> <span class='ocrx_word' id='word_1_790' title='bbox 3119 3851 3596 3905; x_wconf 65' lang='lat' dir='ltr'><strong>lliil&#39;ilClliOﬂlllltiti&#39;J&#39;</strong></span> <span class='ocrx_word' id='word_1_791' title='bbox 3623 3871 3630 3878; x_wconf 85' lang='grc'>·</span> 
     </span>
    </p>
   </div>
   <div class='ocr_carea' id='block_1_101' title="bbox 2203 3943 3630 4014">
    <p class='ocr_par' dir='ltr' id='par_1_101' title="bbox 2203 3943 3630 4014">
     <span class='ocr_line' id='line_1_101' title="bbox 2203 3943 3630 4014; baseline 0.01 -32"><span class='ocrx_word' id='word_1_792' title='bbox 2203 3945 2352 3983; x_wconf 82' lang='lat' dir='ltr'><strong>suam</strong></span> <span class='ocrx_word' id='word_1_793' title='bbox 2383 3944 2694 3988; x_wconf 83' lang='lat' dir='ltr'><strong>exserereut</strong></span> <span class='ocrx_word' id='word_1_794' title='bbox 2725 3953 2737 3988; x_wconf 88' lang='lat'><strong>:</strong></span> <span class='ocrx_word' id='word_1_795' title='bbox 2773 3947 2948 3992; x_wconf 90' lang='lat' dir='ltr'><strong>tamen</strong></span> <span class='ocrx_word' id='word_1_796' title='bbox 2981 3955 3046 3992; x_wconf 86' lang='lat' dir='ltr'><strong>ne</strong></span> <span class='ocrx_word' id='word_1_797' title='bbox 3079 3957 3215 3996; x_wconf 88' lang='lat' dir='ltr'><strong>nunc</strong></span> <span class='ocrx_word' id='word_1_798' title='bbox 3239 3943 3442 4014; x_wconf 86' lang='lat' dir='ltr'><strong>quidem</strong></span> <span class='ocrx_word' id='word_1_799' title='bbox 3475 3945 3513 3997; x_wconf 80' lang='lat' dir='ltr'><strong>id</strong></span> <span class='ocrx_word' id='word_1_800' title='bbox 3533 3959 3630 4010; x_wconf 51' lang='lat' dir='ltr'><strong>re?»</strong></span> 
     </span>
    </p>
   </div>
   <div class='ocr_carea' id='block_1_102' title="bbox 2203 4023 3634 4108">
    <p class='ocr_par' dir='ltr' id='par_1_102' title="bbox 2203 4023 3634 4108">
     <span class='ocr_line' id='line_1_102' title="bbox 2203 4023 3634 4108; baseline 0.009 -32"><span class='ocrx_word' id='word_1_801' title='bbox 2203 4035 2329 4078; x_wconf 88' lang='lat' dir='ltr'><strong>cere</strong></span> <span class='ocrx_word' id='word_1_802' title='bbox 2357 4023 2574 4081; x_wconf 81' lang='lat' dir='ltr'><strong>difficile</strong></span> <span class='ocrx_word' id='word_1_803' title='bbox 2621 4025 2779 4083; x_wconf 80' lang='lat' dir='ltr'><strong>fuerit</strong></span> <span class='ocrx_word' id='word_1_804' title='bbox 2807 4032 2878 4096; x_wconf 89' lang='lat' dir='ltr'><strong>ei,</strong></span> <span class='ocrx_word' id='word_1_805' title='bbox 2907 4032 2995 4101; x_wconf 91' lang='lat' dir='ltr'><strong>qui</strong></span> <span class='ocrx_word' id='word_1_806' title='bbox 3030 4033 3149 4088; x_wconf 83' lang='lat' dir='ltr'><strong>iidci</strong></span> <span class='ocrx_word' id='word_1_807' title='bbox 3179 4039 3347 4091; x_wconf 90' lang='lat' dir='ltr'><strong>oculis</strong></span> <span class='ocrx_word' id='word_1_808' title='bbox 3383 4037 3568 4108; x_wconf 65' lang='lat' dir='ltr'><strong>pra-dita-</strong></span> <span class='ocrx_word' id='word_1_809' title='bbox 3587 4035 3598 4084; x_wconf 69' lang='lat'><strong><em>!</em></strong></span> <span class='ocrx_word' id='word_1_810' title='bbox 3613 4063 3634 4072; x_wconf 91' lang='lat'><strong><em>--</em></strong></span> 
     </span>
    </p>
   </div>
   <div class='ocr_carea' id='block_1_103' title="bbox 2205 4114 3628 4196">
    <p class='ocr_par' dir='ltr' id='par_1_103' title="bbox 2205 4114 3628 4196">
     <span class='ocr_line' id='line_1_103' title="bbox 2205 4114 3628 4196; baseline 0.006 -29"><span class='ocrx_word' id='word_1_811' title='bbox 2205 4114 2294 4169; x_wconf 82' lang='lat' dir='ltr'><strong>rit.</strong></span> <span class='ocrx_word' id='word_1_812' title='bbox 2326 4115 2456 4168; x_wconf 88' lang='lat' dir='ltr'><strong>Nam</strong></span> <span class='ocrx_word' id='word_1_813' title='bbox 2489 4118 2646 4171; x_wconf 91' lang='lat' dir='ltr'><strong>simul</strong></span> <span class='ocrx_word' id='word_1_814' title='bbox 2667 4129 2826 4189; x_wconf 90' lang='lat' dir='ltr'><strong>atque</strong></span> <span class='ocrx_word' id='word_1_815' title='bbox 2857 4123 3199 4191; x_wconf 83' lang='lat' dir='ltr'><strong>baptizamur,</strong></span> <span class='ocrx_word' id='word_1_816' title='bbox 3225 4143 3384 4196; x_wconf 86' lang='lat' dir='ltr'><strong>supra</strong></span> <span class='ocrx_word' id='word_1_817' title='bbox 3409 4129 3628 4182; x_wconf 65' lang='lat' dir='ltr'><strong>solemn--</strong></span> 
     </span>
    </p>
   </div>
   <div class='ocr_carea' id='block_1_104' title="bbox 2203 4207 3630 4288">
    <p class='ocr_par' dir='ltr' id='par_1_104' title="bbox 2203 4207 3630 4288">
     <span class='ocr_line' id='line_1_104' title="bbox 2203 4207 3630 4288; baseline 0.011 -30"><span class='ocrx_word' id='word_1_818' title='bbox 2203 4207 2616 4275; x_wconf 66' lang='lat' dir='ltr'><strong>eXsplt-ndescit,</strong></span> <span class='ocrx_word' id='word_1_819' title='bbox 2664 4225 2693 4264; x_wconf 89' lang='lat' dir='ltr'><strong>a</strong></span> <span class='ocrx_word' id='word_1_820' title='bbox 2739 4212 2936 4280; x_wconf 89' lang='lat' dir='ltr'><strong>Spiritu</strong></span> <span class='ocrx_word' id='word_1_821' title='bbox 2989 4229 3302 4288; x_wconf 86' lang='lat' dir='ltr'><strong>perpurgata</strong></span> <span class='ocrx_word' id='word_1_822' title='bbox 3335 4237 3350 4272; x_wconf 90' lang='lat'>:</span> <span class='ocrx_word' id='word_1_823' title='bbox 3379 4235 3433 4274; x_wconf 89' lang='lat' dir='ltr'><strong>ac</strong></span> <span class='ocrx_word' id='word_1_824' title='bbox 3464 4237 3540 4274; x_wconf 64' lang='lat' dir='ltr'><strong>non</strong></span> <span class='ocrx_word' id='word_1_825' title='bbox 3561 4237 3594 4270; x_wconf 75' lang='grc' dir='ltr'><strong>ει-</strong></span> <span class='ocrx_word' id='word_1_826' title='bbox 3627 4239 3630 4242; x_wconf 94' lang='grc'>·</span> 
     </span>
    </p>
   </div>
   <div class='ocr_carea' id='block_1_105' title="bbox 2203 4299 3632 4382">
    <p class='ocr_par' dir='ltr' id='par_1_105' title="bbox 2203 4299 3632 4382">
     <span class='ocr_line' id='line_1_105' title="bbox 2203 4299 3632 4382; baseline 0.008 -30"><span class='ocrx_word' id='word_1_827' title='bbox 2203 4299 2429 4368; x_wconf 87' lang='lat' dir='ltr'><strong>gloriam</strong></span> <span class='ocrx_word' id='word_1_828' title='bbox 2463 4301 2553 4354; x_wconf 85' lang='lat' dir='ltr'><strong>Dei</strong></span> <span class='ocrx_word' id='word_1_829' title='bbox 2583 4304 2957 4372; x_wconf 80' lang='lat' dir='ltr'><strong>pr05picimus,</strong></span> <span class='ocrx_word' id='word_1_830' title='bbox 2991 4307 3084 4362; x_wconf 78' lang='lat' dir='ltr'><strong>sed</strong></span> <span class='ocrx_word' id='word_1_831' title='bbox 3127 4311 3270 4365; x_wconf 88' lang='lat' dir='ltr'><strong>illinc</strong></span> <span class='ocrx_word' id='word_1_832' title='bbox 3295 4329 3478 4382; x_wconf 86' lang='lat' dir='ltr'><strong>quoque</strong></span> <span class='ocrx_word' id='word_1_833' title='bbox 3501 4311 3632 4378; x_wconf 57' lang='grc' dir='ltr'><strong>5ιὰὴὲ-</strong></span> 
     </span>
    </p>
   </div>
   <div class='ocr_carea' id='block_1_106' title="bbox 2205 4393 3596 4471">
    <p class='ocr_par' dir='ltr' id='par_1_106' title="bbox 2205 4393 3596 4471">
     <span class='ocr_line' id='line_1_106' title="bbox 2205 4393 3596 4471; baseline 0.007 -27"><span class='ocrx_word' id='word_1_834' title='bbox 2205 4407 2315 4444; x_wconf 86' lang='lat' dir='ltr'><strong>retn</strong></span> <span class='ocrx_word' id='word_1_835' title='bbox 2344 4393 2572 4461; x_wconf 79' lang='lat' dir='ltr'><strong>aliquem</strong></span> <span class='ocrx_word' id='word_1_836' title='bbox 2603 4393 2895 4450; x_wconf 83' lang='lat' dir='ltr'><strong>haurimus.</strong></span> <span class='ocrx_word' id='word_1_837' title='bbox 2928 4399 3076 4454; x_wconf 82' lang='lat' dir='ltr'><strong>SiCut</strong></span> <span class='ocrx_word' id='word_1_838' title='bbox 3099 4403 3236 4454; x_wconf 89' lang='lat' dir='ltr'><strong>enitn</strong></span> <span class='ocrx_word' id='word_1_839' title='bbox 3269 4419 3440 4471; x_wconf 87' lang='lat' dir='ltr'><strong>purum</strong></span> <span class='ocrx_word' id='word_1_840' title='bbox 3461 4413 3596 4470; x_wconf 65' lang='lat' dir='ltr'><strong>urget»:</strong></span> 
     </span>
    </p>
   </div>
   <div class='ocr_carea' id='block_1_107' title="bbox 2206 4483 3620 4562">
    <p class='ocr_par' dir='ltr' id='par_1_107' title="bbox 2206 4483 3620 4562">
     <span class='ocr_line' id='line_1_107' title="bbox 2206 4483 3620 4562; baseline 0.001 -27"><span class='ocrx_word' id='word_1_841' title='bbox 2206 4483 2271 4536; x_wconf 88' lang='lat' dir='ltr'><strong>ad</strong></span> <span class='ocrx_word' id='word_1_842' title='bbox 2299 4483 2427 4537; x_wconf 85' lang='lat' dir='ltr'><strong>Solis</strong></span> <span class='ocrx_word' id='word_1_843' title='bbox 2455 4485 2632 4540; x_wconf 88' lang='lat' dir='ltr'><strong>radios</strong></span> <span class='ocrx_word' id='word_1_844' title='bbox 2663 4487 2846 4552; x_wconf 87' lang='lat' dir='ltr'><strong>situm,</strong></span> <span class='ocrx_word' id='word_1_845' title='bbox 2892 4490 3066 4557; x_wconf 89' lang='lat' dir='ltr'><strong>ipsum</strong></span> <span class='ocrx_word' id='word_1_846' title='bbox 3094 4507 3303 4562; x_wconf 89' lang='lat' dir='ltr'><strong>quoque</strong></span> <span class='ocrx_word' id='word_1_847' title='bbox 3341 4495 3492 4548; x_wconf 83' lang='lat' dir='ltr'><strong>radios</strong></span> <span class='ocrx_word' id='word_1_848' title='bbox 3522 4505 3620 4542; x_wconf 61' lang='lat' dir='ltr'><strong>eum.</strong></span> 
     </span>
    </p>
   </div>
   <div class='ocr_carea' id='block_1_108' title="bbox 2205 4577 3630 4649">
    <p class='ocr_par' dir='ltr' id='par_1_108' title="bbox 2205 4577 3630 4649">
     <span class='ocr_line' id='line_1_108' title="bbox 2205 4577 3630 4649; baseline 0.004 -21"><span class='ocrx_word' id='word_1_849' title='bbox 2205 4589 2311 4629; x_wconf 91' lang='lat' dir='ltr'><strong>non</strong></span> <span class='ocrx_word' id='word_1_850' title='bbox 2342 4577 2410 4629; x_wconf 88' lang='lat' dir='ltr'><strong>ob</strong></span> <span class='ocrx_word' id='word_1_851' title='bbox 2437 4591 2585 4631; x_wconf 91' lang='lat' dir='ltr'><strong>suam</strong></span> <span class='ocrx_word' id='word_1_852' title='bbox 2614 4577 2893 4634; x_wconf 83' lang='lat' dir='ltr'><strong>dumtaxat</strong></span> <span class='ocrx_word' id='word_1_853' title='bbox 2938 4591 3198 4649; x_wconf 87' lang='lat' dir='ltr'><strong>naturam,</strong></span> <span class='ocrx_word' id='word_1_854' title='bbox 3229 4587 3323 4639; x_wconf 87' lang='lat' dir='ltr'><strong>sed</strong></span> <span class='ocrx_word' id='word_1_855' title='bbox 3351 4587 3486 4640; x_wconf 82' lang='lat' dir='ltr'><strong>etiam</strong></span> <span class='ocrx_word' id='word_1_856' title='bbox 3507 4585 3552 4637; x_wconf 67' lang='grc' dir='ltr'><strong>(ὼ</strong></span> 
     </span>
    </p>
   </div>
   <div class='ocr_carea' id='block_1_109' title="bbox 2207 4667 3614 4738">
    <p class='ocr_par' dir='ltr' id='par_1_109' title="bbox 2207 4667 3614 4738">
     <span class='ocr_line' id='line_1_109' title="bbox 2207 4667 3614 4738; baseline 0.003 -20"><span class='ocrx_word' id='word_1_857' title='bbox 2207 4681 2317 4720; x_wconf 91' lang='lat' dir='ltr'><strong>rem</strong></span> <span class='ocrx_word' id='word_1_858' title='bbox 2353 4667 2612 4736; x_wconf 68' lang='lat' dir='ltr'><strong>fol-gorem</strong></span> <span class='ocrx_word' id='word_1_859' title='bbox 2639 4689 2652 4723; x_wconf 88' lang='lat'><strong>:</strong></span> <span class='ocrx_word' id='word_1_860' title='bbox 2677 4670 2866 4726; x_wconf 89' lang='lat' dir='ltr'><strong>eodem</strong></span> <span class='ocrx_word' id='word_1_861' title='bbox 2899 4673 3058 4727; x_wconf 87' lang='lat' dir='ltr'><strong>modo</strong></span> <span class='ocrx_word' id='word_1_862' title='bbox 3088 4677 3258 4728; x_wconf 90' lang='lat' dir='ltr'><strong>anima</strong></span> <span class='ocrx_word' id='word_1_863' title='bbox 3301 4677 3530 4738; x_wconf 65' lang='lat' dir='ltr'><strong>delimata,</strong></span> <span class='ocrx_word' id='word_1_864' title='bbox 3555 4685 3614 4724; x_wconf 37' lang='lat' dir='ltr'><strong>at</strong></span> 
     </span>
    </p>
   </div>
   <div class='ocr_carea' id='block_1_110' title="bbox 2203 4763 3626 4842">
    <p class='ocr_par' dir='ltr' id='par_1_110' title="bbox 2203 4763 3626 4842">
     <span class='ocr_line' id='line_1_110' title="bbox 2203 4763 3626 4842; baseline -0.008 -28"><span class='ocrx_word' id='word_1_865' title='bbox 2203 4772 2424 4830; x_wconf 87' lang='lat' dir='ltr'><strong>argento</strong></span> <span class='ocrx_word' id='word_1_866' title='bbox 2453 4763 2782 4832; x_wconf 88' lang='lat' dir='ltr'><strong>splendidior</strong></span> <span class='ocrx_word' id='word_1_867' title='bbox 2807 4767 3015 4834; x_wconf 71' lang='lat' dir='ltr'><strong>effecta,</strong></span> <span class='ocrx_word' id='word_1_868' title='bbox 3047 4785 3075 4822; x_wconf 88' lang='lat' dir='ltr'><strong>a</strong></span> <span class='ocrx_word' id='word_1_869' title='bbox 3123 4770 3342 4840; x_wconf 57' lang='lat' dir='ltr'><strong>spiritus</strong></span> <span class='ocrx_word' id='word_1_870' title='bbox 3367 4771 3504 4842; x_wconf 53' lang='grc' dir='ltr'><strong>ὅπως,</strong></span> <span class='ocrx_word' id='word_1_871' title='bbox 3525 4767 3626 4822; x_wconf 54' lang='lat' dir='ltr'><strong>mis.</strong></span> 
     </span>
    </p>
   </div>
   <div class='ocr_carea' id='block_1_111' title="bbox 2205 4854 3626 4920">
    <p class='ocr_par' dir='ltr' id='par_1_111' title="bbox 2205 4854 3626 4920">
     <span class='ocr_line' id='line_1_111' title="bbox 2205 4854 3626 4920; baseline 0.004 -14"><span class='ocrx_word' id='word_1_872' title='bbox 2205 4854 2442 4920; x_wconf 80' lang='lat' dir='ltr'><strong>suscipit,</strong></span> <span class='ocrx_word' id='word_1_873' title='bbox 2496 4870 2558 4909; x_wconf 91' lang='lat' dir='ltr'><strong>ac</strong></span> <span class='ocrx_word' id='word_1_874' title='bbox 2597 4855 2830 4912; x_wconf 66' lang='lat' dir='ltr'><strong>vicissim</strong></span> <span class='ocrx_word' id='word_1_875' title='bbox 2865 4861 3108 4914; x_wconf 90' lang='lat' dir='ltr'><strong>remittit.</strong></span> <span class='ocrx_word' id='word_1_876' title='bbox 3143 4860 3288 4916; x_wconf 89' lang='lat' dir='ltr'><strong>Unde</strong></span> <span class='ocrx_word' id='word_1_877' title='bbox 3315 4865 3456 4916; x_wconf 85' lang='lat' dir='ltr'><strong>etiam</strong></span> <span class='ocrx_word' id='word_1_878' title='bbox 3477 4861 3541 4918; x_wconf 76' lang='lat' dir='ltr'><strong>ait.</strong></span> <span class='ocrx_word' id='word_1_879' title='bbox 3567 4865 3626 4906; x_wconf 60' lang='grc' dir='ltr'><strong>Μν-</strong></span> 
     </span>
    </p>
   </div>
   <div class='ocr_carea' id='block_1_112' title="bbox 2205 4947 3624 5024">
    <p class='ocr_par' dir='ltr' id='par_1_112' title="bbox 2205 4947 3624 5024">
     <span class='ocr_line' id='line_1_112' title="bbox 2205 4947 3624 5024; baseline 0.006 -27"><span class='ocrx_word' id='word_1_880' title='bbox 2205 4947 2449 5010; x_wconf 83' lang='lat' dir='ltr'><strong>culantes,</strong></span> <span class='ocrx_word' id='word_1_881' title='bbox 2483 4948 2536 5000; x_wconf 83' lang='lat' dir='ltr'><strong>in</strong></span> <span class='ocrx_word' id='word_1_882' title='bbox 2582 4949 2807 5002; x_wconf 86' lang='lat' dir='ltr'><strong>eamdem</strong></span> <span class='ocrx_word' id='word_1_883' title='bbox 2850 4953 3119 5022; x_wconf 84' lang='lat' dir='ltr'><strong>imaginem</strong></span> <span class='ocrx_word' id='word_1_884' title='bbox 3149 4955 3556 5024; x_wconf 69' lang='lat' dir='ltr'><strong>transformamur”</strong></span> <span class='ocrx_word' id='word_1_885' title='bbox 3577 4967 3624 5016; x_wconf 62' lang='grc' dir='ltr'><strong>ἐς·</strong></span> 
     </span>
    </p>
   </div>
   <div class='ocr_carea' id='block_1_113' title="bbox 2205 5037 3622 5116">
    <p class='ocr_par' dir='ltr' id='par_1_113' title="bbox 2205 5037 3622 5116">
     <span class='ocr_line' id='line_1_113' title="bbox 2205 5037 3622 5116; baseline 0.008 -28"><span class='ocrx_word' id='word_1_886' title='bbox 2205 5037 2303 5101; x_wconf 84' lang='lat' dir='ltr'><strong>ria,</strong></span> <span class='ocrx_word' id='word_1_887' title='bbox 2334 5037 2584 5106; x_wconf 89' lang='lat' dir='ltr'><strong>Spiritus,</strong></span> <span class='ocrx_word' id='word_1_888' title='bbox 2635 5041 2688 5094; x_wconf 83' lang='lat' dir='ltr'><strong>in</strong></span> <span class='ocrx_word' id='word_1_889' title='bbox 2738 5043 2974 5112; x_wconf 85' lang='lat' dir='ltr'><strong>gloriam,</strong></span> <span class='ocrx_word' id='word_1_890' title='bbox 3023 5057 3275 5110; x_wconf 87' lang='lat' dir='ltr'><strong>nostram,</strong></span> <span class='ocrx_word' id='word_1_891' title='bbox 3305 5065 3446 5116; x_wconf 85' lang='lat' dir='ltr'><strong>quam</strong></span> <span class='ocrx_word' id='word_1_892' title='bbox 3471 5057 3622 5099; x_wconf 52' lang='lat' dir='ltr'><strong>coal?&quot;</strong></span> 
     </span>
    </p>
   </div>
   <div class='ocr_carea' id='block_1_114' title="bbox 2207 5135 3622 5208">
    <p class='ocr_par' dir='ltr' id='par_1_114' title="bbox 2207 5135 3622 5208">
     <span class='ocr_line' id='line_1_114' title="bbox 2207 5135 3622 5208; baseline 0.008 -26"><span class='ocrx_word' id='word_1_893' title='bbox 2207 5145 2346 5192; x_wconf 90' lang='lat' dir='ltr'><strong>tuus,</strong></span> <span class='ocrx_word' id='word_1_894' title='bbox 2376 5147 2598 5200; x_wconf 69' lang='lat' dir='ltr'><strong>qumque</strong></span> <span class='ocrx_word' id='word_1_895' title='bbox 2629 5135 2746 5188; x_wconf 89' lang='lat' dir='ltr'><strong>talis</strong></span> <span class='ocrx_word' id='word_1_896' title='bbox 2763 5146 2844 5188; x_wconf 86' lang='lat' dir='ltr'><strong>est</strong></span> <span class='ocrx_word' id='word_1_897' title='bbox 2873 5136 3084 5206; x_wconf 87' lang='lat' dir='ltr'><strong>qualem</strong></span> <span class='ocrx_word' id='word_1_898' title='bbox 3115 5154 3232 5194; x_wconf 87' lang='lat' dir='ltr'><strong>esse</strong></span> <span class='ocrx_word' id='word_1_899' title='bbox 3259 5155 3350 5208; x_wconf 82' lang='lat' dir='ltr'><strong>par</strong></span> <span class='ocrx_word' id='word_1_900' title='bbox 3373 5135 3622 5204; x_wconf 48' lang='lat' dir='ltr'><strong>eamUt-ei</strong></span> 
     </span>
    </p>
   </div>
   <div class='ocr_carea' id='block_1_115' title="bbox 2207 5221 2429 5289">
    <p class='ocr_par' dir='ltr' id='par_1_115' title="bbox 2207 5221 2429 5289">
     <span class='ocr_line' id='line_1_115' title="bbox 2207 5221 2429 5289; baseline 0 -16"><span class='ocrx_word' id='word_1_901' title='bbox 2207 5221 2429 5289; x_wconf 81' lang='lat' dir='ltr'><strong>Spiritu.</strong></span> 
     </span>
    </p>
   </div>
   <div class='ocr_carea' id='block_1_116' title="bbox 2278 5315 3622 5395">
    <p class='ocr_par' dir='ltr' id='par_1_116' title="bbox 2278 5315 3622 5395">
     <span class='ocr_line' id='line_1_116' title="bbox 2278 5315 3622 5395; baseline 0.001 -27"><span class='ocrx_word' id='word_1_902' title='bbox 2278 5315 2502 5385; x_wconf 80' lang='lat' dir='ltr'><strong>Spiritus</strong></span> <span class='ocrx_word' id='word_1_903' title='bbox 2521 5327 2728 5372; x_wconf 84' lang='lat' dir='ltr'><strong>sanctus</strong></span> <span class='ocrx_word' id='word_1_904' title='bbox 2749 5319 2972 5389; x_wconf 84' lang='lat' dir='ltr'><strong>ejusdem</strong></span> <span class='ocrx_word' id='word_1_905' title='bbox 2994 5323 3248 5390; x_wconf 84' lang='lat' dir='ltr'><strong>dignitatis</strong></span> <span class='ocrx_word' id='word_1_906' title='bbox 3271 5325 3404 5395; x_wconf 80' lang='lat' dir='ltr'><strong>cujus</strong></span> <span class='ocrx_word' id='word_1_907' title='bbox 3423 5321 3582 5374; x_wconf 64' lang='lat' dir='ltr'><strong>Patria:</strong></span> <span class='ocrx_word' id='word_1_908' title='bbox 3593 5335 3622 5348; x_wconf 64' lang='grc' dir='ltr'><em>ο</em></span> 
     </span>
    </p>
   </div>
   <div class='ocr_carea' id='block_1_117' title="bbox 2208 5404 3618 5483">
    <p class='ocr_par' dir='ltr' id='par_1_117' title="bbox 2208 5404 3618 5483">
     <span class='ocr_line' id='line_1_117' title="bbox 2208 5404 3618 5483; baseline 0.001 -25"><span class='ocrx_word' id='word_1_909' title='bbox 2208 5404 2342 5460; x_wconf 82' lang='lat' dir='ltr'><strong>Vide</strong></span> <span class='ocrx_word' id='word_1_910' title='bbox 2377 5408 2644 5475; x_wconf 89' lang='lat' dir='ltr'><strong>quomodo</strong></span> <span class='ocrx_word' id='word_1_911' title='bbox 2673 5411 2774 5464; x_wconf 91' lang='lat' dir='ltr'><strong>hoc</strong></span> <span class='ocrx_word' id='word_1_912' title='bbox 2803 5412 2928 5466; x_wconf 90' lang='lat' dir='ltr'><strong>item</strong></span> <span class='ocrx_word' id='word_1_913' title='bbox 2959 5411 3077 5466; x_wconf 90' lang='lat' dir='ltr'><strong>loco</strong></span> <span class='ocrx_word' id='word_1_914' title='bbox 3102 5413 3342 5483; x_wconf 86' lang='lat' dir='ltr'><strong>Spiritum</strong></span> <span class='ocrx_word' id='word_1_915' title='bbox 3373 5413 3618 5468; x_wconf 48' lang='lat' dir='ltr'><strong>Dominus”:</strong></span> 
     </span>
    </p>
   </div>
   <div class='ocr_carea' id='block_1_118' title="bbox 2209 5499 3612 5578">
    <p class='ocr_par' dir='ltr' id='par_1_118' title="bbox 2209 5499 3612 5578">
     <span class='ocr_line' id='line_1_118' title="bbox 2209 5499 3612 5578; baseline -0.004 -24"><span class='ocrx_word' id='word_1_916' title='bbox 2209 5499 2388 5567; x_wconf 60' lang='lat' dir='ltr'><strong>pollet.</strong></span> <span class='ocrx_word' id='word_1_917' title='bbox 2461 5504 2632 5570; x_wconf 85' lang='lat' dir='ltr'><strong>Atque</strong></span> <span class='ocrx_word' id='word_1_918' title='bbox 2691 5503 2818 5557; x_wconf 88' lang='lat' dir='ltr'><strong>alibi</strong></span> <span class='ocrx_word' id='word_1_919' title='bbox 2876 5522 3086 5576; x_wconf 88' lang='lat' dir='ltr'><strong>quoque</strong></span> <span class='ocrx_word' id='word_1_920' title='bbox 3143 5511 3299 5578; x_wconf 90' lang='lat' dir='ltr'><strong>ipsius</strong></span> <span class='ocrx_word' id='word_1_921' title='bbox 3347 5503 3612 5562; x_wconf 55' lang='lat' dir='ltr'><strong>deminutae?</strong></span> 
     </span>
    </p>
   </div>
   <div class='ocr_carea' id='block_1_119' title="bbox 2209 5593 3586 5666">
    <p class='ocr_par' dir='ltr' id='par_1_119' title="bbox 2209 5593 3586 5666">
     <span class='ocr_line' id='line_1_119' title="bbox 2209 5593 3586 5666; baseline -0.002 -19"><span class='ocrx_word' id='word_1_922' title='bbox 2209 5593 2511 5660; x_wconf 51' lang='lat' dir='ltr'><strong>perspicere</strong></span> <span class='ocrx_word' id='word_1_923' title='bbox 2558 5594 2722 5648; x_wconf 89' lang='lat' dir='ltr'><strong>licet:</strong></span> <span class='ocrx_word' id='word_1_924' title='bbox 2759 5595 3166 5654; x_wconf 74' lang='lat' dir='ltr'><strong>Ministrantibus</strong></span> <span class='ocrx_word' id='word_1_925' title='bbox 3204 5603 3332 5655; x_wconf 90' lang='lat' dir='ltr'><strong>enim</strong></span> <span class='ocrx_word' id='word_1_926' title='bbox 3357 5601 3458 5666; x_wconf 71' lang='lat' dir='ltr'><strong>ipsi:</strong></span> <span class='ocrx_word' id='word_1_927' title='bbox 3489 5595 3586 5646; x_wconf 51' lang='lat' dir='ltr'><strong>[tua</strong></span> 
     </span>
    </p>
   </div>
   <div class='ocr_carea' id='block_1_120' title="bbox 2207 5681 3604 5761">
    <p class='ocr_par' dir='ltr' id='par_1_120' title="bbox 2207 5681 3604 5761">
     <span class='ocr_line' id='line_1_120' title="bbox 2207 5681 3604 5761; baseline 0.008 -28"><span class='ocrx_word' id='word_1_928' title='bbox 2207 5681 2395 5751; x_wconf 87' lang='lat' dir='ltr'><strong>inquit,</strong></span> <span class='ocrx_word' id='word_1_929' title='bbox 2427 5701 2487 5737; x_wconf 86' lang='lat' dir='ltr'><strong>ac</strong></span> <span class='ocrx_word' id='word_1_930' title='bbox 2503 5687 2874 5755; x_wconf 74' lang='lat' dir='ltr'><strong>jejunantibus,</strong></span> <span class='ocrx_word' id='word_1_931' title='bbox 2899 5689 3024 5743; x_wconf 74' lang='lat' dir='ltr'><strong>dixit</strong></span> <span class='ocrx_word' id='word_1_932' title='bbox 3057 5691 3272 5761; x_wconf 81' lang='lat' dir='ltr'><strong>Spiritus</strong></span> <span class='ocrx_word' id='word_1_933' title='bbox 3305 5685 3604 5746; x_wconf 63' lang='lat' dir='ltr'><strong>suntm:$:&#39;i&#39;-&#39;</strong></span> 
     </span>
    </p>
   </div>
   <div class='ocr_carea' id='block_1_121' title="bbox 2207 5763 3614 5856">
    <p class='ocr_par' dir='ltr' id='par_1_121' title="bbox 2207 5763 3614 5856">
     <span class='ocr_line' id='line_1_121' title="bbox 2207 5763 3614 5856; baseline -0.003 -29"><span class='ocrx_word' id='word_1_934' title='bbox 2207 5785 2321 5845; x_wconf 86' lang='lat' dir='ltr'><strong>gate</strong></span> <span class='ocrx_word' id='word_1_935' title='bbox 2361 5776 2486 5830; x_wconf 81' lang='lat' dir='ltr'><strong>mihi</strong></span> <span class='ocrx_word' id='word_1_936' title='bbox 2525 5775 2746 5833; x_wconf 83' lang='lat' dir='ltr'><strong>Paulum</strong></span> <span class='ocrx_word' id='word_1_937' title='bbox 2789 5789 2837 5835; x_wconf 81' lang='lat' dir='ltr'><strong>et</strong></span> <span class='ocrx_word' id='word_1_938' title='bbox 2885 5779 3172 5837; x_wconf 71' lang='lat' dir='ltr'><strong>Barnabam</strong></span> <span class='ocrx_word' id='word_1_939' title='bbox 3205 5783 3324 5856; x_wconf 72' lang='lat' dir='ltr'><strong>(Act.</strong></span> <span class='ocrx_word' id='word_1_940' title='bbox 3355 5781 3426 5837; x_wconf 77' lang='grc'><strong>15.</strong></span> <span class='ocrx_word' id='word_1_941' title='bbox 3453 5777 3511 5850; x_wconf 69' lang='grc'><strong>2).</strong></span> <span class='ocrx_word' id='word_1_942' title='bbox 3535 5763 3614 5828; x_wconf 63' lang='grc' dir='ltr'><strong>(ἓξ-ἐ</strong></span> 
     </span>
    </p>
   </div>
  </div>
