3780 6310
429 363 548 420 149

443 477 556 532 Καὶ
595 471 828 544 ἀλλαχοῦ
875 473 933 526 δέ
985 467 1148 524 αὐτοῦ
1183 467 1280 539 τὴν
1319 465 1617 536 κυριότητα
1658 461 1803 514 ἐστιν
1843 457 1970 510 ἰδεῖν
1999 469 2016 486 ο

449 568 958 652 Λειτουργούντων
987 565 1097 634 γὰρ
1125 559 1343 624 αὐτῶν,
1383 557 1482 611 καὶ
1504 551 1924 622 νηστευόντων
1941 545 2021 611 τῷ

445 641 662 727 Κυρίῳ,
708 657 896 726 φησὶν,
943 651 1072 707 εἶπε
1117 651 1184 704 τὸ
1212 649 1481 716 Πνεῦμα·
1536 641 1878 714 Ἀφορίσατέ
1921 653 2024 707 μοι

448 753 694 805 Παῦλον
740 747 836 801 καί
863 747 1194 814 Βαρνάϐαν.
1233 743 1331 795 Διὰ
1357 741 1464 810 γὰρ
1501 738 1662 792 τοῦτο
1709 732 1851 798 εἷπε,
1891 737 2022 786 Asc»

449 843 858 912 τουργούντων
895 837 1092 894 αὐτῶν
1133 834 1214 900 τῷ
1244 835 1459 900 Κυρίῳ,
1512 824 1863 899 Ἀφορίσατέ
1899 839 2021 893 μοι,

450 933 632 994 ῐνα,τὸ
655 933 912 1002 ὁμότιμον
959 928 1126 999 δείξῃ.
1163 926 1270 980 Καὶ
1313 925 1473 978 πάλιν
1511 924 1539 976 ό
1566 919 1798 990 Χριστός
1841 931 2023 986 φησιν,

459 1025 524 1077 '0
549 1023 770 1088 δοῦλος
795 1024 904 1075 οὐκ
933 1016 1056 1074 οἶδε
1086 1021 1141 1072 τί
1167 1016 1326 1070 ποιεῖ
1351 1019 1383 1069 ό
1411 1015 1612 1082 κύριος
1639 1008 1824 1064 αὑτοῦ
1849 1025 1861 1037 ·
1889 1005 1950 1059 τὸ
1971 1005 2027 1056 δὲ

449 1115 695 1186 Πνεῦμα,
727 1115 800 1176 ὼς
829 1113 1110 1184 ἄνθρωπος
1138 1107 1242 1163 οἶδε
1277 1109 1346 1162 τά
1375 1105 1588 1169 ἑαυτοῦ,
1629 1103 1798 1163 οὕτως
1827 1093 1934 1152 οἵδε
1959 1096 2028 1149 τά

449 1207 544 1261 τοῦ
573 1205 729 1268 Θεοῦ,
753 1207 872 1274 οὐχὶ
901 1201 1285 1271 διδασκόμενον
1309 1216 1323 1230 ·
1357 1199 1479 1252 ἐπεὶ
1511 1199 1544 1268 ἡ
1573 1193 1738 1248 εἰκὼν
1767 1193 1825 1246 οὐ
1855 1191 2024 1260 μένει.

451 1299 564 1354 Καὶ
592 1299 653 1352 τὸ
676 1299 920 1366 ἐνεργεῖν
955 1297 1012 1349 δέ
1035 1294 1218 1357 καθὼς
1249 1292 1518 1363 βούλεται,
1557 1289 1828 1341 δείκνυσιν
1863 1281 2026 1338 αὐτοῦ

451 1393 552 1464 τὴν
575 1391 824 1458 ἐξουσίαν
859 1393 952 1442 καὶ
999 1389 1099 1460 τὴν
1130 1387 1444 1458 κυριότητα.
1473 1381 1643 1436 Τοῦτο
1671 1377 2028 1451 μεταμορφοῖ,

451 1485 612 1538 τοῦτο
641 1485 742 1536 ούκ
773 1483 838 1554 ἐᾷ
883 1478 1384 1551 συσχηματίζεσθαι
1425 1477 1574 1546 ἡμᾶς
1603 1471 1682 1543 τῷ
1719 1470 1874 1524 αἰῶνι
1910 1465 2032 1521 τού-

453 1594 552 1646 τῳ,
591 1575 748 1628 τοῦτο
778 1572 1106 1644 δημιουργὸν
1137 1570 1238 1639 τῆς
1262 1567 1517 1636 τοιαύτης
1542 1565 1789 1626 κτίσεως.
1818 1560 2032 1630 Ὥσπερ

454 1667 563 1738 γάρ
601 1683 753 1738 φησι,
790 1664 1144 1726 κτισθέντες
1183 1661 1254 1714 ἐν
1293 1657 1526 1727 Χριστῷ
1585 1654 1790 1722 Ἰησοῦ
1833 1670 1847 1683 ·
1889 1650 2032 1704 οὕτω

455 1757 608 1826 φησι,
645 1753 910 1823 Καρδίαν
957 1751 1224 1820 καθαρὰν
1261 1749 1474 1802 κτίσον
1527 1747 1596 1800 ἐν
1636 1743 1786 1812 ἐμοὶ,
1810 1745 1842 1795 ό
1869 1741 2032 1806 Θεὸς,

456 1847 554 1900 καὶ
593 1844 829 1916 πνεῦμα
875 1845 1047 1908 εὺθὲς
1089 1843 1439 1914 ἑγκαίνισον
1486 1837 1554 1891 ἐν
1603 1835 1728 1900 τοῖς
1763 1832 2035 1903 ἐγκάτοις

451 1953 592 2008 μου.
625 1935 812 1989 Βούλει
839 1951 920 1988 σοι
943 1933 1100 1996 δείξω
1126 1931 1283 1984 τοῦτο
1316 1931 1411 1982 καὶ
1445 1929 1552 1984 ἀπὸ
1585 1927 1696 1981 τῶν
1717 1927 2034 1980 ἀποστόλων

457 2025 954 2098 αἰσθητικώτερον;
1022 2023 1302 2092 Ἐννόησον
1356 2021 1588 2084 Παῦλον,
1636 2013 1697 2074 οῦ
1730 2019 1800 2072 τὰ
1845 2018 2036 2088 ἱμάτια

457 2124 701 2193 ἐνήργει,
739 2118 965 2190 Πέτρον,
995 2109 1056 2169 οὗ
1085 2115 1178 2170 καὶ
1207 2116 1260 2167 αἱ
1293 2113 1441 2166 σκιαὶ
1467 2112 1671 2182 ίσχυον.
1713 2111 1787 2164 Οὐ
1817 2109 1925 2182 γὰρ
1945 2109 2033 2173 ἂν,

459 2217 508 2268 εί
547 2214 622 2284 μὴ
656 2211 916 2283 βασιλέως
959 2209 1151 2279 ἔφερον
1193 2207 1400 2268 εἰκόνα,
1439 2205 1534 2260 καὶ
1571 2204 1858 2274 ἀπρόσιτοι
1895 2198 2036 2273 ἦσαν

460 2305 640 2360 αὐτῶν
663 2306 718 2356 αί
743 2299 1125 2374 μαρμαρυγαὶ,
1155 2297 1410 2351 τοσοῦτον
1433 2297 1500 2350 τά
1527 2297 1718 2366 ἱμάτια
1745 2293 1925 2348 αὐτῶν
1945 2293 2038 2346 καὶ

461 2395 519 2448 αί
561 2395 712 2447 σκιαὶ
751 2395 1080 2464 ἐνήργησαν.
1125 2387 1398 2451 Βασιλέως
1437 2387 1546 2456 γὰρ
1579 2387 1770 2457 ἱμάτια
1797 2384 1890 2438 καὶ
1925 2386 2040 2447 τοῖς

461 2485 686 2558 λῃσταῖς
711 2485 828 2536 ἐστι
859 2481 1083 2554 φοϐερά.
1115 2481 1302 2542 Θέλεις
1337 2479 1464 2532 ἰδεῖν
1487 2477 1583 2530 καὶ
1605 2476 1697 2530 διὰ
1721 2473 1816 2528 τοῦ
1850 2474 2039 2543 σώμα-

463 2593 556 2641 τος
593 2575 915 2646 λάμπουσαν
952 2575 1189 2646 ταύτηνς
1247 2572 1680 2636 Ἀτενίσαντες,
1725 2567 1910 2639 φησὶν,
1953 2568 2042 2633 είς

461 2667 530 2722 τὸ
557 2670 884 2734 πρόσωπον
912 2664 1244 2732 Στεφάνου,
1281 2659 1444 2716 εἶδον
1465 2662 1547 2726 ὡς
1577 2662 1904 2728 πρόσωπον
1937 2659 2042 2726 dr-

463 2757 668 2829 γέλου.
717 2755 858 2808 Ἀλλ’
881 2755 1033 2808 οὐδὲν
1061 2753 1219 2806 τοῦτο
1243 2753 1380 2822 πρὸς
1417 2749 1518 2822 τὴν
1575 2749 1787 2803 ἔνδοθεν
1831 2747 2040 2818 ἀστρά-

465 2867 704 2905 πτουσαν
733 2847 1097 2916 δόξαν.“υπερ
1117 2845 1226 2916 γὰρ
1251 2841 1488 2908 Μωῡσῆς
1515 2841 1608 2894 ἐπὶ
1633 2842 1728 2894 τοῦ
1745 2837 2041 2913 προσώπου

465 2935 603 3010 εἶχε,
629 2937 786 2992 τοῦτο
806 2931 952 2990 οὗτοι
987 2935 1080 2988 ἐπὶ
1115 2934 1214 3000 τῆς
1237 2933 1418 3002 ψυχῆς
1465 2930 1808 3002 περιέφερον,
1844 2929 2042 3000 μᾶλλον

461 3035 524 3091 δὲ
552 3041 646 3088 καὶ
673 3031 851 3103 πολλῷ
903 3031 1085 3084 πλέον.
1122 3028 1194 3079 Τδ
1226 3029 1321 3096 μὲν
1347 3027 1456 3097 γὰρ
1489 3025 1769 3086 Μωῦσέιυς
1801 3021 2045 3093 αἰσθητι-

466 3127 708 3198 κώτερον
732 3121 820 3198 ἦν,
858 3123 1016 3176 τοῦτο
1056 3123 1112 3173 δὲ
1141 3118 1450 3189 ἀσώματον.
1489 3117 1598 3170 Καὶ
1626 3115 1876 3186 καθάπερ
1903 3131 2044 3185 πυρ-

466 3217 613 3288 αυγῆ
645 3216 870 3285 σώματα
917 3213 1028 3266 ἀπὸ
1068 3210 1178 3264 τῶν
1223 3207 1490 3280 λαμπρῶν
1533 3207 1800 3277 σωμάτων
1852 3207 1943 3259 ἐπὶ
1984 3205 2046 3260 τὸ

467 3307 699 3378 πλησίον
723 3306 1081 3376 ἀπορρέοντα,
1111 3302 1202 3354 καὶ
1245 3301 1474 3363 ἐκείνοις
1504 3299 1824 3370 μεταδίδωσι
1845 3298 1942 3369 τῆς
1969 3299 2046 3350 0E-

467 3399 622 3460 κείας
649 3397 822 3466 αὐγῆς
849 3416 862 3428 ο
888 3395 1029 3447 οὕτω
1051 3393 1114 3464 δὴ
1142 3393 1235 3446 καὶ
1254 3393 1346 3444 ἐπὶ
1366 3391 1476 3444 τῶν
1499 3391 1706 3443 πιστῶν
1737 3389 2043 3462 συμϐαίνει.

469 3491 570 3544 Διὰ
619 3489 684 3559 δὴ
725 3487 882 3540 τοῦτο
926 3486 1025 3556 τῆς
1053 3485 1154 3555 γῆς
1202 3484 1634 3538 ἀπαλλάττονται
1673 3483 1721 3535 οί
1757 3481 1913 3535 τοῦτο
1941 3483 2048 3536 πά-

473 3599 714 3654 σχοντες,
751 3580 844 3633 καὶ
871 3578 941 3631 τὰ
969 3581 1024 3630 ἐν
1051 3579 1162 3640 τοῖς
1187 3577 1438 3648 οὐρανοῖς
1467 3573 1920 3646 ὀνειροπολοῦσιν.
1959 3575 2052 3628 Οἵ-

475 3693 566 3746 μοι
605 3691 618 3703 ·
651 3671 813 3726 καλὸν
862 3671 969 3742 γὰρ
1011 3668 1244 3722 ἐνταῦθα
1289 3668 1384 3721 καὶ⁵
1425 3667 1676 3731 στενάξαι
1709 3666 1926 3737 πικρὸν,
1967 3667 2050 3720 ὃτι

471 3765 740 3834 τοσαύτης
764 3763 1126 3826 ἀπολαύοντες
1159 3762 1437 3831 εὐγενείας
1458 3769 1499 3824 ⁸,
1535 3761 1654 3814 οὐδὲ
1685 3761 1752 3814 τὰ
1781 3761 2050 3832 λεγόμενα

475 3855 761 3928 ῐσμεν,διά
790 3855 850 3908 τὸ
901 3855 1110 3925 ταχέως
1149 3852 1542 3906 ἀπολλύναιτά
1591 3852 1910 3923 πράγματα,
1955 3849 2052 3903 καὶ

475 3949 613 4022 πρὸς
662 3948 730 4001 τὰ
777 3945 1010 4016 αἰσθητά
1051 3945 1368 4015 ἐπτοῆσθαι.
1419 3944 1565 4014 Αὕτη
1615 3944 1724 4015 γὰρ
1763 3945 1795 4013 ἡ
1838 3942 1966 4008 δόξα
2014 3943 2049 4012 ἡ

475 4039 786 4109 ἀπόρρητος
807 4036 902 4088 καί
923 4033 1195 4106 φρικώδης
1223 4034 1384 4106 μέχρι
1409 4033 1507 4104 μὲν
1533 4033 1660 4100 μιᾶς
1680 4033 1774 4084 καὶ
1797 4031 2053 4102 δευτέρας

477 4129 690 4202 ἡμέρας
716 4129 773 4180 ἐν
801 4129 933 4198 ἡμῖν
975 4125 1146 4196 μένει,
1178 4125 1361 4178 λοιπὸν
1387 4125 1446 4177 δὲ
1485 4123 1652 4194 αὐτὴν
1691 4123 2056 4176 κατασϐέννυ-

479 4239 602 4295 μεν,
635 4220 726 4274 τὸν
755 4218 1000 4289 χειμῶνα
1030 4217 1340 4284 ἐπάγοντες,
1360 4217 1470 4270 τῶν
1503 4215 1774 4286 βιωτικῶν
1799 4215 2052 4285 πραγμά-

475 4331 606 4378 των,
649 4312 744 4366 καί⁵
787 4313 854 4382 τῇ
897 4309 1191 4379 πυκνότητι
1235 4308 1343 4362 τῶν
1391 4309 1570 4379 νεφῶν
1617 4307 2047 4377 ἀποκρουόμενοι

476 4407 576 4469 τὰς
602 4405 848 4466 ἀκτῖνας.

547 4493 770 4565 Χειμὼν
803 4493 910 4563 γὰρ
935 4489 1004 4546 τὰ
1035 4489 1286 4561 βιωτικὰ,
1321 4489 1417 4542 καὶ
1441 4489 1710 4560 χειμῶνος
1736 4489 2058 4560 σκυθρωπό-

481 4604 636 4658 τερα.
661 4585 734 4639 Οὐ
769 4583 874 4655 γὰρ
923 4573 1144 4652 κρυμδς
1164 4580 1408 4633 τίκτεται
1435 4579 1703 4646 ἐντεῦθεν,
1735 4581 1852 4634 οὐδὲ
1879 4580 2052 4644 ὑετὸς,

477 4681 602 4736 οὐδὲ
629 4678 799 4750 πηλὸν
844 4678 988 4729 ποιεῖ
1022 4675 1116 4727 καὶ
1155 4673 1329 4742 τέλμα
1371 4671 1527 4742 βαθὺ,
1562 4672 1696 4725 ἀλλά
1727 4673 1796 4726 τὰ
1840 4673 2056 4726 πάντων

481 4771 834 4846 χαλεπώτερα
857 4767 1084 4827 τούτων,
1117 4765 1341 4834 γέενναν
1377 4763 1678 4834 συνίστησι,
1723 4767 1816 4818 καὶ
1859 4765 1926 4818 τά
1959 4765 2058 4834 τῆς

480 4865 704 4936 γεέννης
737 4860 902 4914 κακά.
953 4859 1064 4912 Καὶ
1101 4857 1347 4927 καθάπερ
1388 4858 1446 4908 ἐν
1493 4856 1688 4926 κρυμῷ
1720 4856 1932 4926 σφοδρῷ
1965 4857 2059 4909 πέ-

481 4973 630 5028 πηγε
657 4955 832 5008 πάντα
862 4953 936 5006 τά
973 4952 1130 5022 μέλη,
1161 4952 1257 5004 καὶ
1289 4950 1406 5002 ἐστι
1445 4950 1618 5020 νεκρά
1637 4965 1650 4978 ·
1697 4947 1838 5001 οὕτω
1867 4949 1930 5019 δὴ
1965 4951 2059 5002 καὶ

485 5049 546 5100 ἐν
577 5045 652 5115 τῷ
673 5044 901 5115 χειμῶνι
927 5044 1034 5096 τῶν
1061 5041 1472 5112 ἁμαρτημάτων
1510 5041 1802 5109 φρίττουσα
1829 5043 1861 5109 ἡ
1889 5039 2055 5110 ψυχὴ,

485 5138 636 5192 οὐδὲν
663 5137 768 5190 τῶν
799 5135 969 5205 αὐτῆς
1005 5135 1296 5204 ἐργάζεται
1320 5174 1334 5194 ,
1379 5133 1658 5202 πεπηγυῖα
1687 5129 1934 5200 καθάπερ
1956 5131 2060 5183 ὑπὸ

489 5228 641 5303 [488]
681 5227 894 5300 κρυμοῦ
922 5227 1014 5280 τοῦ
1045 5225 1368 5289 συνειδότος.
1401 5223 1582 5292 Ὅπερ
1609 5221 1818 5291 γὰρτῷ
1852 5221 2060 5292 σώματι

489 5319 678 5390 ψῦχος,
715 5316 870 5369 τοῦτο
921 5317 1154 5386 πονηρὸν
1189 5315 1425 5377 συνειδὸς
1460 5317 1524 5384 τῇ
1569 5313 1750 5384 ψυχῇι
1803 5312 1922 5365 ὅθεν
1969 5311 2063 5364 καὶ

487 5409 658 5464 ’δειλία
680 5408 910 5476 γίνεται.
947 5405 1109 5458 Οὐδὲν
1135 5405 1244 5473 γὰρ
1267 5404 1566 5472 δειλότερον
1599 5403 1694 5456 τοῦ
1723 5403 1834 5464 τοῖς
1878 5401 2062 5470 βιωτι-

493 5504 608 5564 κοῖς
643 5497 1063 5572 προσηλωμένον
1088 5513 1101 5526 ·
1132 5496 1223 5549 τόν
1253 5498 1362 5566 γάρ
1395 5495 1486 5547 τοῦ
1525 5495 1664 5548 Κάῖν
1695 5493 1806 5564 βίον
1839 5496 1866 5546 ὁ
1899 5493 2061 5546 τοιοῦι

493 5607 584 5655 τος
619 5589 706 5660 ζῇ,
745 5587 863 5640 καθ’
897 5587 1136 5656 ἑκάστην
1164 5585 1378 5654 ἡμέραν
1400 5584 1637 5654 τρέμων.
1675 5583 1785 5636 Καὶ
1826 5584 1878 5634 τί
1923 5583 2064 5650 λέγω

557 5757 586 5788 ⁸
613 5752 1102 5820 Εύγενείας,ξὶιτ,φε.,
1122 5753 1174 5798 et
1199 5763 1350 5820 mqrg.
1395 5744 1568 5808 Savil.,
1590 5753 1646 5797 el.
1665 5745 1730 5796 ita
1760 5743 1883 5808 legit
1905 5745 2063 5794 [nter-

495 5829 613 5886 ptes
643 5813 858 5886 Lilinus.
886 5813 1036 5873 Editi,
1061 5813 1342 5876 εὐεργεσίας.

1147 358 1208 414 S.
1249 353 1536 412 JOANNIS
1565 343 2056 408 CIIRYSOSTOMI
2095 338 2414 399 ARCH'IEP.
2453 331 3006 394 CONSTANTINOP.
3551 327 3640 383 εει

2127 451 2388 513 θανάτους
2411 451 2504 504 καὶ
2519 447 2722 520 ζημίας
2741 445 2834 500 καὶ
2851 443 3278 516 προσκρούματα
3296 440 3384 496 καὶ
3403 441 3658 504 κολακείας

2127 544 2218 596 καὶ
2247 543 2540 613 θεραπείας
2562 559 2576 606 ;
2606 542 2700 592 καὶ
2722 539 2830 607 γὰρ
2854 538 2947 590 καὶ
2971 537 3174 589 τούτων
3199 534 3364 605 χωρὶς
3391 534 3578 604 μυρίας
3595 534 3660 585 δέ·

2126 635 2272 688 δοικε
2299 634 2620 704 μεταϐολάς.
2653 635 2762 686 και
2787 631 2848 684 τὸ
2871 632 2968 701 μὲν
2991 631 3234 700 ταμιεῖον
3259 628 3416 698 γέμει
3445 627 3660 697 χρυσίου,

2127 726 2327 796 ἡψυχὴ
2361 727 2416 778 δὲ
2452 727 2552 778 οὐκ
2601 724 2942 796 ἀπήλλακται
2987 721 3080 774 τοῦ
3125 721 3223 790 τῆς
3275 718 3459 781 πενίας
3487 718 3660 786 φόϐου“

2129 820 2223 872 καὶ
2271 821 2414 889 μάλα
2455 820 2698 882 εἰκότως.
2739 819 2826 881 Ὠς
2862 817 2954 870 ἐπὶ
2993 817 3332 886 πραγμάτων
3357 813 3464 884 γάρ
3487 813 3662 882 όρμείδ

2131 912 2365 982 σαθρῶν,
2391 913 2486 966 καὶ
2513 910 2950 981 εύμεταπτώτων
2968 927 2982 940 ·
3005 909 3109 961 κᾶν
3140 907 3214 978 μὴ
3249 907 3406 970 αὐτὸς
3431 906 3666 974 ὑπομείνῃ

2129 1003 2228 1072 τὴν
2257 1003 2577 1074 μεταϐολὴν,
2607 1004 2664 1054 ἐν
2689 1000 2898 1071 ἑτέροις
2923 999 3210 1069 γινομένην
3233 997 3392 1069 ὁρῶν,
3417 995 3664 1048 ἀπόλωλε

2133 1097 2226 1150 καὶ
2264 1095 2431 1165 πολλὴ
2474 1095 2572 1164 μὲν
2605 1095 2638 1164 ὴ
2665 1093 2858 1156 δειλία,
2894 1091 3063 1161 πολλὴ
3103 1091 3162 1144 δέ
3194 1093 3226 1160 ἡ
3257 1090 3526 1160 ἀνανδρία.

2131 1193 2242 1259 γὰρ
2275 1189 2432 1257 μόνον
2469 1187 2606 1258 πρὸς
2634 1185 2910 1248 κινδύνους
2947 1183 3178 1253 ἄτολμος
3211 1184 3242 1235 ό
3269 1183 3526 1244 τοιοῦτος,
3559 1178 3672 1232 ἀλλά

2133 1283 2226 1334 καὶ
2259 1280 2396 1350 πρὸς
2427 1276 2497 1330 τά
2540 1277 2676 1330 ἄλλα
2705 1277 2881 1330 πάντα
2902 1292 2916 1305 ·
2963 1273 3067 1328 κᾶν
3107 1272 3372 1342 ἐπιθυμία
3407 1272 3671 1341 χρημάτων

2135 1372 2372 1442 ἐμπέσῃ,
2415 1371 2512 1439 οὐχ
2563 1368 2639 1430 ὡς
2691 1368 2832 1438 ἀνὴρ
2879 1365 3166 1436 ἐλεύθερος
3211 1363 3564 1434 ἀποκρούεται
3595 1361 3674 1430 τὴν

2139 1462 2462 1534 προσϐολὴν,
2519 1461 2632 1514 ἀλλ’
2663 1461 2740 1523 ὡς
2787 1458 3172 1530 ἀργυρώνητος
3223 1457 3402 1510 πάντα
3453 1454 3672 1525 πράττει,

2137 1556 2388 1625 καθάπερ
2417 1555 2674 1626 δεσποίνῃ
2701 1552 2910 1624 χαλεπῇ
2941 1554 3006 1621 τῇ
3035 1548 3367 1621 φιλαργυρία
3395 1545 3636 1602 δουλεύων
3661 1563 3672 1574 ·

2137 1651 2242 1704 κᾶν
2273 1648 2545 1718 εὔμορφόν
2585 1663 2710 1700 τινα
2753 1644 2924 1714 κόρην
2964 1644 3070 1713 ἴδῃ,
3119 1641 3462 1710 κατέπτηχεν
3505 1639 3676 1698 εὐθέως

2137 1739 2321 1804 ἁλοὺς,
2356 1739 2448 1791 καὶ
2471 1736 2660 1807 ὥσπερ
2688 1734 2834 1790 κύων
2857 1735 3063 1788 λυττῶν
3095 1733 3306 1798 ⁸ι-Ξπεται,
3349 1731 3467 1784 δέον
3492 1730 3678 1782 τούναν·

2137 1832 2252 1886 τίον
2291 1833 2484 1885 ποιεῖν.

2195 1951 2278 2002 ς’.
2297 1947 2463 2000 ὀταν
2487 1947 2596 2017 γὰρ
2617 1943 2732 2014 ἴδῃς
2749 1945 2980 2010 γυναῖκα
3001 1939 3230 2010 ὡραίαν,
3253 1937 3324 2008 μὴ
3347 1935 3504 1988 τοῦτο
3521 1935 3680 1988 σκόπει

2139 2042 2286 2105 ὅπως
2307 2037 2618 2110 ἀπολαύσῃς
2639 2037 2738 2106 τῆς
2763 2034 3075 2106 ἐπιθυμίας,
3101 2032 3233 2086 ἀλλὰ
3256 2031 3372 2094 πῶς
3395 2028 3680 2094 ἀπαλλαγῇς

2141 2133 2239 2204 τῆς
2274 2129 2587 2201 ἐπιθυμίας.
2628 2129 2738 2181 Καὶ
2771 2125 2889 2189 πῶς
2925 2125 3081 2179 τοῦτο
3124 2124 3222 2184 ἐνι,
3266 2121 3464 2194 φησίνς
3509 2121 3566 2171 ού
3597 2119 3682 2187 γάρ

2141 2227 2257 2278 ἐστι
2287 2224 2350 2276 τὸ
2382 2225 2510 2296 ἐρᾷν
2535 2222 2685 2292 ἐμόν.
2729 2219 2890 2274 Ἀλλὰ
2925 2218 3091 2281 τίνος,
3140 2215 3262 2269 είπέ
3293 2231 3421 2285 μοις
3466 2213 3570 2282 Τῆς
3609 2209 3681 2262 τοῦ

2142 2318 2394 2388 δαίμονος
2419 2315 2706 2387 ἐπηρείας.
2739 2313 2914 2375 ”Ολως
2959 2311 3189 2380 δαίμονα
3229 2303 3368 2360 εἶναι
3393 2305 3618 2376 νομίζεις
3637 2301 3684 2352 τὺ

2143 2407 2535 2474 ἐπιδουλεῦονς
2581 2406 2790 2460 Οὐκοῦν
2831 2405 3067 2457 πύκτευε
3101 2401 3193 2455 καὶ
3227 2401 3405 2472 μάχου
3433 2399 3682 2466 νοσήματι.

2157 2503 2294 2556 Ἀλλ’
2317 2503 2378 2554 ού
2405 2500 2660 2571 δύναμαι,
2693 2499 2846 2568 φησί.
2881 2499 3017 2568 Φέρε
3047 2491 3160 2560 οὖν,
3202 2494 3425 2565 πρῶτον
3455 2489 3600 2545 τοῦτό
3639 2503 3684 2538 σε

2143 2593 2449 2663 διδάξομεν,
2489 2591 2572 2646 ὃτι
2608 2591 2710 2662 τῆς
2745 2590 2844 2660 σῆς
2875 2587 3146 2660 ῥᾳθυμίας
3197 2585 3256 2638 τὸ
3293 2585 3590 2654 γινόμενον,
3613 2580 3686 2632 καὶ

2145 2687 2228 2740 ὅτι
2254 2685 2318 2738 σὺ
2347 2683 2497 2756 παρά
2527 2683 2624 2752 τὴν
2651 2681 2822 2754 ἀρχὴν
2845 2681 2923 2752 τῷ
2951 2679 3163 2750 δαίμονι
3187 2677 3437 2738 δέδωκας
3470 2671 3685 2756 πάροδον.

2146 2775 2243 2829 καὶ
2269 2773 2383 2839 νῦν,
2419 2773 2484 2826 ἂν
2518 2773 2708 2844 ἐθέλῃς
2731 2811 2748 2837 ,
2796 2770 2934 2842 μετά
2967 2767 3170 2837 πολλῆς
3209 2765 3374 2818 αὐτὸν
3403 2753 3688 2833 ἁπὼσῃτῆς

2146 2867 2416 2930 εὐκολίας.
2481 2865 2616 2918 Είπέ
2656 2865 2764 2936 γάρ
2815 2881 2928 2934 μοι,
2977 2863 3028 2915 οί
3073 2859 3442 2930 μοιχεύοντες,
3495 2854 3686 2924 ἐρῶντες

2153 2957 2512 3028 μοιχεύουσιν,
2544 2955 2577 3026 ἢ
2625 2955 2810 3016 ἁπλῶς
2847 2953 3104 3006 κινδύνων
3135 2947 3568 3018 ἐπιθυμοῦντες;
3605 2939 3686 2994 Εὖ-

2149 3049 2306 3119 δηλον
2329 3049 2410 3101 ὅτι
2435 3046 2684 3119 ἐρῶντες.
2705 3041 2831 3117 Ἆρ’
2857 3041 2949 3097 οὖν
2985 3040 3314 3111 συγγνώμης
3336 3039 3684 3108 τυγχάνουσινς

2151 3139 2438 3211 Οὐδαμῶς.
2477 3139 2542 3191 Τί
2579 3138 2812 3209 δήποτε;
2862 3138 2982 3190 Ὀτι
3025 3133 3204 3188 αὐτῶν
3232 3133 3349 3184 ἐστι
3383 3131 3446 3182 τὸ
3475 3127 3686 3196 ἁμάρτη-

2155 3251 2250 3305 μα.
2293 3233 2454 3286 Ἀλλά
2488 3232 2541 3284 τί
2567 3249 2653 3300 μοι
2693 3229 3083 3298 συλλογισμοὺς
3112 3225 3356 3287 πλέκεις,
3391 3221 3582 3292 φησίνς
3603 3217 3688 3283 ἐγὼ

2155 3325 2372 3378 σύνοιδα
2416 3323 2637 3396 ἐμαυτῷ
2684 3321 3004 3392 βουλόμενος
3057 3315 3506 3389 ἀποκρούσασθαι
3531 3312 3586 3366 τὸ
3610 3309 3688 3362 πά-

2155 3417 2266 3480 θος,
2297 3418 2388 3471 καὶ
2438 3417 2536 3468 οὐκ
2570 3413 2756 3484 ἰσχύω,
2803 3412 2916 3466 ἀλλ’
2961 3409 3230 3480 ἐφέστηκε
3284 3409 3382 3461 καὶ
3416 3405 3582 3468 πιέζει
3617 3399 3688 3452 καὶ

2153 3509 2312 3580 όδυνᾷ
2337 3506 2605 3578 χαλεπῶς.
2629 3505 2813 3558 Βούλει
2843 3503 2941 3574 μὲν
2961 3498 3433 3572 ἀποκρούσασθαι,
3455 3495 3687 3565 ἄνθρωπε,

2155 3604 2213 3656 οῦ
2246 3605 2416 3664 ποιεῖς
2442 3600 2498 3652 δὲ
2523 3599 2558 3653 ἀ
2582 3598 2690 3651 τῶν
2718 3593 3173 3666 ἀποκρουομένων
3201 3591 3350 3644 ἐστίν
3379 3605 3396 3622 ·
3436 3587 3564 3642 ἀλλά
3587 3583 3688 3636 ταύ-

2155 3697 2247 3748 τὸν
2277 3695 2524 3762 πάσχεις,
2565 3685 2675 3745 οἷον
2713 3690 2780 3744 ἂν
2819 3691 2872 3742 εί
2913 3705 2995 3750 τις
3035 3688 3336 3756 πυρέττων,
3379 3682 3474 3736 καὶ
3503 3673 3689 3750 ψυχρῶν

2157 3785 2560 3858 ἐμφορούμενος
2589 3781 2868 3852 ναμάτων,
2901 3779 3050 3848 λέγοι
3084 3793 3098 3808 ·
3134 3777 3284 3829 Πόσα
3310 3773 3510 3826 ἐπινοῶ
3541 3767 3690 3839 βουλό-

2162 3895 2317 3950 μενος
2353 3877 2540 3929 σϐέσαι
2565 3873 2654 3928 τὸν
2679 3871 2911 3943 πυρετὸν
2937 3871 3032 3924 καὶ
3058 3869 3160 3923 οὐκ
3193 3867 3386 3939 ἰσχύω,
3419 3864 3552 3919 ἀλλά
3584 3859 3690 3932 μᾶλ-

2157 3971 2248 4024 λόν
2279 3987 2380 4041 μου
2407 3967 2505 4040 τὴν
2535 3967 2708 4036 φλόγα
2731 3965 2956 4018 ἀνάπτω
2981 3985 2998 4036 ;

2233 4083 2459 4152 ’Ίδωμεν
2475 4073 2564 4133 οῦν
2593 4080 2799 4150 μήποτε
2819 4075 2910 4130 καὶ
2931 4077 2994 4128 σὺ
3013 4074 3080 4128 τά
3107 4073 3208 4146 μὲν
3223 4073 3512 4127 ἐκκαίοντα
3531 4071 3688 4134 ποιεῖς,

2159 4174 2397 4246 νομίζεις
2423 4174 2478 4226 δὲ
2513 4173 2746 4224 ἐπινοεῖν
2769 4171 2836 4222 τὰ
2879 4167 3188 4222 σϐεννύντα.
3231 4165 3328 4230 Οὒ,
3365 4167 3544 4237 φησίν.
3585 4163 3690 4216 Είτὲ

2158 4261 2274 4330 οῦν,
2302 4265 2354 4318 τί
2385 4281 2512 4316 ποτε
2545 4261 2906 4332 ἐπεχείρησας
2933 4259 3154 4330 ποιῆσαι
3182 4257 3317 4327 πρὸς
3343 4258 3410 4310 τὸ
3449 4257 3622 4310 σϐέσαι
3645 4251 3690 4304 τὺ

2161 4359 2368 4427 ﬁdem;
2399 4357 2451 4410 τί
2495 4356 2552 4410 δέ
2597 4357 2742 4407 ἐστιν
2780 4353 2914 4415 ὅλως
2947 4350 3040 4404 τοῦ
3071 4349 3276 4414 πάθους
3307 4347 3617 4420 αὑξητικόνς
3643 4343 3690 4395 El

2161 4453 2270 4522 γὰρ
2309 4450 2404 4502 καὶ
2443 4447 2518 4518 μὴ
2545 4447 2744 4508 πάντες
2773 4443 3064 4496 ὑπεύθυνοι
3097 4443 3208 4506 τοῖς
3251 4441 3556 4512 ἐγκλήμασι
3591 4435 3688 4488 10:3-

2159 4562 2269 4607 τοις
2312 4541 2478 4612 ἐσμὲν
2509 4540 2746 4609 (πλείους
2769 4537 2878 4608 γὰρ
2905 4535 2970 4590 ἂν
3005 4535 3258 4607 εὕροιμεν
3287 4534 3364 4605 τῷ
3391 4535 3496 4588 τῶν
3519 4529 3690 4603 χρημά·

2163 4655 2290 4700 των,
2320 4635 2353 4706 ἢ
2381 4633 2458 4704 τῷ
2489 4632 2595 4685 τῶν
2627 4631 2896 4700 σωμάτων
2927 4628 3314 4697 ἁλισκομένους
3346 4627 3550 4698 ἔρωτι),
3583 4619 3688 4675 ἀλλὰ

2163 4729 2340 4783 κοινὸν
2377 4728 2511 4779 πᾶσι
2549 4723 2898 4794 προκείσεται
2931 4721 2990 4774 τὸ
3023 4721 3330 4792 φάρμακον,
3379 4719 3472 4774 καὶ
3517 4715 3689 4772 τούτοις

2165 4822 2457 4883 κάκείνοις.
2485 4819 2596 4872 Καὶ
2633 4815 2738 4886 γὰρ
2771 4817 2990 4868 κάκεῖνο
3015 4815 3154 4886 ἔρως
3183 4815 3404 4876 ἄτοπος,
3431 4813 3522 4864 καὶ
3546 4805 3686 4860 τοῦτο.

2166 4915 2279 4970 ἀλλ’
2309 4907 2462 4973 οὗτος
2515 4909 2722 4963 ἐκείνου
2763 4907 2914 4979 [489]
2955 4905 3280 4976 δριμύτερος
3320 4905 3417 4956 καὶ
3459 4901 3684 4966 05-31590;-

2167 5010 2334 5062 Ὅταν
2374 5003 2466 5059 οῦν
2513 5003 2605 5058 τοῦ
2648 5001 2889 5074 μείζονος
2935 4995 3368 5070 περιγενώμεθα,
3403 4993 3602 5062 εὔδηλον
3627 4989 3686 5038 ὅτι

2168 5103 2261 5155 καὶ
2283 5101 2371 5153 τὸν
2401 5100 2605 5151 ἐλάττω
2637 5095 2835 5167 ῥᾳδίως
2868 5095 3186 5164 αἱρήσομεν.
3229 5092 3338 5142 Καὶ
3365 5090 3501 5151 πῶς,
3533 5089 3574 5139 εξ
3601 5083 3688 5151 δρι-

2171 5194 2396 5264 μύτερος
2421 5186 2591 5252 οὗτος,
2626 5187 2810 5256 φησὶν.
2850 5187 2909 5238 οὐ
2953 5185 3148 5246 πάντες
3175 5183 3484 5235 ἁλίσκονται
3512 5178 3578 5246 τῷ
3611 5189 3686 5225 καθ

2167 5283 2266 5352 κῷ,
2296 5281 2408 5334 ἀλλ’
2448 5281 2496 5333 οἱ
2531 5279 2746 5341 πλείους
2786 5279 2913 5344 περὶ
2958 5277 3210 5346 χρήματα
3247 5267 3686 5344 μεμήνασινςὊτι

2173 5374 2382 5443 πρῶτον
2411 5374 2506 5442 μὲν
2537 5369 2822 5430 ἀκίνδυνος
2863 5367 3002 5436 αὕτη
3033 5363 3166 5418 εἶναι
3193 5365 3338 5418 δοκεῖ
3365 5367 3396 5434 ἡ
3432 5359 3685 5426 ἐπιθυμία¹

2168 5469 2375 5528 ἔπειτα,
2412 5467 2458 5516 εἰ
2487 5463 2579 5516 καὶ
2615 5460 2844 5532 ὀξυτέρα
2883 5461 3028 5514 ἐστὶν
3075 5460 3106 5529 ἡ
3145 5459 3252 5510 τῶν
3283 5455 3559 5527 σωμάτων,
3583 5443 3685 5502 ἀλὶά

2231 5620 2258 5656 h
2289 5615 2431 5680 Edim,
2461 5620 2598 5680 ὁρμᾷ,
2624 5629 2717 5680 ms._
2738 5617 2878 5677 ὁρμῇ,
2903 5613 3053 5663 Savil.
3077 5611 3334 5680 Iegendq‘m
3355 5599 3686 5680 putatﬁppfijg

2170 5683 2294 5730 hanc
2319 5663 2877 5728 ιρριῖοιῖέιῖἶνετίοέἑιῦ
2903 5689 3016 5724 esse
3059 5663 3226 5736 perat
3267 5663 3546 5736 Duriaeuguin'
3581 5663 3684 5736 hgtjf

2171 5723 2826 5852 ἓῖιῖἔιὶἰῗίῖξξὲἶεωρίίεήοι
2849 5723 2857 5724 ί
2881 5723 3212 5788 υειυοεὶίιευε
3247 5741 3298 5784 et.
3339 5747 3400 5782 ex
3445 5723 3686 5784 Ἡιυιτῑώάθ

2173 5819 2254 5853 mu
2283 5817 2338 5853 ua
2365 5817 2426 5852 ns.
