3712 6212
79 227 118 283 -,9
988 211 1054 267 IN
1091 209 1309 266 EPIST.
1351 209 1398 266 ιι
1459 210 1536 266 ΑΕ

1691 213 1750 268 il.
1783 212 2016 270 HOMIL.
2058 214 2169 270 Vll.

79 347 144 398 .im
182 337 248 394 his
270 333 412 389 verbis
437 330 706 399 Scriptura
737 328 922 394 utitur,
956 327 1363 382 Ministrantibns
1387 326 1512 397 ipsis

83 435 219 496 miiuo,
243 427 477 496 Segregate
509 423 655 488 mihi,
694 432 754 477 ut
792 437 914 477 eum
954 419 1194 490 ejusdem
1241 419 1513 489 dignitatis

80 543 122 580 se
142 519 359 578 ostendat.
383 521 453 571 Ac
494 532 704 570 rursum
731 517 804 569 ait
842 515 1108 574 Christus.
1143 513 1332 568 Servus
1361 513 1515 567 nescit

81 619 120 670 id
151 615 276 686 faciat
300 611 510 664 dominus
556 610 663 677 ejus
712 606 890 678 (Joan.
935 606 1022 660 15.
1073 605 1164 674 15)
1196 621 1210 659 :
1241 617 1299 658 ut
1335 615 1515 658 autem

81 724 150 761 mo
170 706 295 760 novit
319 719 369 754 ea
397 717 511 770 qttzc
539 716 632 753 sua
663 709 805 766 sunt,
849 702 916 754 ita
959 699 1186 768 Spiritus
1217 699 1364 752 novit
1397 712 1514 766 qua:

83 803 220 854 isuut
241 798 304 866 (l.
333 793 439 850 Cor.
468 794 522 847 2.
555 795 669 858 M),
714 809 819 848 non
856 794 998 862 quod
1029 792 1317 846 edoceatur
1347 807 1362 846 :
1392 806 1515 845 nam

95 886 342 943 similitudo
365 885 462 938 sibi
487 899 594 938 non
629 893 919 938 constaret.
959 883 1096 951 Quin
1142 883 1267 937 hinc
1307 897 1518 952 quoque

81 983 317 1035 :toritatem
346 993 402 1033 ac
435 977 852 1032 dominationem
885 992 1034 1030 suam
1064 977 1320 1043 ostendit,
1351 977 1516 1047 quod,

84 1084 136 1128 ut
173 1072 285 1133 vult,
312 1080 568 1140 Operatur.
616 1069 710 1124 llic
743 1084 840 1122 nos
885 1068 1248 1131 transformat,
1297 1069 1384 1123 hic
1422 1083 1520 1122 nos

80 1180 102 1218 ο
139 1163 311 1216 εωοιιιο
349 1160 666 1214 conformari
716 1174 821 1213 non
869 1161 1027 1222 sinit,
1085 1159 1172 1216 hic
1213 1158 1520 1228 hnjusmodi

84 1255 242 1310 itionis
288 1251 466 1306 artifex
536 1261 638 1306 est.
701 1249 1161 1317 Quemadmodum
1213 1251 1354 1303 enim
1409 1250 1517 1314 ait,

79 1351 135 1401 an”
158 1350 204 1400 in
250 1344 436 1401 Christo
475 1343 601 1399 Jesu
633 1344 846 1418 (Ep/ars.
878 1345 930 1397 2.
969 1345 1060 1413 10)
1092 1363 1105 1397 :
1136 1343 1324 1398 eodem
1362 1347 1522 1398 modo

95 1441 179 1493 (ζον
201 1437 422 1490 mundum
449 1453 563 1490 crea
587 1440 639 1490 in
671 1437 944 1501 me,Deus,
980 1448 1024 1491 et
1063 1439 1300 1507 spiritum
1330 1447 1520 1489 rectum

81 1549 143 1582 mn
170 1530 216 1581 in
241 1527 499 1581 visceribus
533 1530 654 1581 meis
681 1526 850 1597 (Psal.
884 1529 972 1584 50.
1007 1529 1118 1597 12).
1155 1528 1246 1583 Vis
1283 1527 1385 1582 hoc
1428 1527 1522 1581 tibi

83 1621 314 1692 apostolis
365 1635 575 1688 quoque
626 1619 945 1674 sensibiliori
991 1621 1148 1675 modo
1196 1618 1543 1676 ostendam?‘

81 1717 172 1766 lum
201 1713 386 1782 cogita,
427 1713 582 1782 cujus
621 1723 797 1767 vestes
841 1715 1233 1781 Operabantur;
1284 1714 1522 1779 Petrum,

88 1821 110 1858 s
135 1807 251 1873 ipsa:
283 1819 490 1873 quoque
541 1805 742 1859 umbrae
790 1807 990 1861 viribus
1023 1807 1313 1876 pollebant.
1342 1807 1528 1877 Neque

84 1914 115 1960 ι,
159 1897 257 1950 nisi
289 1895 446 1964 Regis
498 1896 778 1966 imaginem
808 1908 1132 1968 gestassent,
1161 1909 1214 1954 et
1251 1899 1527 1970 incompa-

95 1991 133 2043 is
161 1987 366 2058 quidam
398 1987 576 2058 fulgor
599 2005 665 2043 ex
703 1989 832 2058 ipsis
867 1989 1176 2056 effnlsisset,
1203 2007 1390 2047 eorum
1431 2007 1528 2047 ve-

104 2092 260 2151 atque
315 2081 519 2135 umbra:
567 2089 643 2135 tot
688 2083 945 2137 miracula
999 2083 1308 2139 edidissent.
1369 2083 1530 2153 Regis

84 2189 142 2243 pe
164 2185 337 2229 vestes
365 2173 666 2228 latronibus
710 2176 870 2228 etiam
912 2177 1103 2230 terrori
1133 2185 1274 2230 sunt.
1306 2175 1533 2234 Libetue

87 2284 126 2322 'c
146 2268 282 2322 hanc
309 2282 405 2336 per
427 2282 628 2336 corpus
662 2283 874 2338 quoque
898 2268 1286 2323 collucentem?
1314 2267 1531 2322 Intuen-

87 2358 252 2427 nquit,
285 2361 475 2428 faciem
507 2357 779 2426 Stephani,
809 2359 1039 2412 viderunt
1063 2369 1320 2430 tamquam
1348 2361 1532 2431 faciem

85 2452 108 2502 ’ἰ
135 2450 330 2520 (Actor.
354 2450 409 2504 5.
438 2449 551 2518 15).
579 2451 908 2517 Quamquam
949 2449 1080 2506 nihil
1111 2451 1248 2506 istud
1274 2460 1389 2506 erat
1421 2467 1532 2521 prie

84 2555 204 2604 tea,
239 2557 360 2609 qua:
403 2541 619 2596 interno
648 2542 919 2596 rutilabat.
950 2541 1080 2596 Nam
1111 2543 1252 2613 quod
1280 2544 1451 2598 Moses
1479 2543 1531 2598 in

125 2631 389 2695 habebat,
449 2631 553 2685 hoc
607 2633 692 2687 isti
739 2633 789 2686 in
834 2635 1008 2687 anima
1065 2635 1530 2701 circumferebant,

81 2747 85 2771 τ
112 2723 249 2778 adeo
277 2725 454 2777 multo
485 2725 736 2794 amplius.
772 2725 981 2780 Etenim
1004 2726 1054 2781 id
1081 2727 1221 2796 quod
1253 2728 1384 2781 Mosi
1407 2743 1535 2782 con-

85 2818 186 2878 bat,
219 2816 411 2869 sensui
440 2816 744 2883 subjectum
776 2826 894 2872 erat
919 2833 934 2883 ;
961 2818 1062 2873 hoc
1092 2831 1270 2873 autem
1293 2819 1535 2888 corporis

82 2923 112 2960 s
139 2916 245 2961 est.
281 2905 355 2960 Et
392 2907 540 2960 sicut
576 2907 728 2976 ignea
755 2924 1004 2976 corpora,
1045 2924 1074 2964 a
1102 2909 1396 2978 splendidis
1416 2927 1534 2966 cor-

85 3015 144 3051 us
173 2999 228 3052 in
272 2998 325 3051 id
371 2997 527 3067 quod
557 3000 910 3070 pmpinquutn
939 3010 1020 3054 est
1058 3000 1365 3067 defluentia,
1407 3003 1538 3072 ipsis

80 3107 127 3146 ie
159 3090 530 3159 splendorem
569 3105 722 3144 suum
757 3092 1066 3160 impertiant
1095 3109 1107 3144 :
1143 3093 1330 3148 eodem
1377 3095 1538 3149 modo

88 3182 274 3236 elabus
319 3196 552 3250 quoque
594 3198 690 3235 usu
717 3183 883 3236 venit.
915 3184 995 3236 0b
1018 3199 1243 3251 eamque
1269 3199 1482 3238 causam
1507 3201 1538 3241 a

79 3270 427 3334 abscedunt,
461 3273 557 3341 qui
583 3272 655 3326 ita
681 3272 862 3327 affecti
891 3283 1032 3335 sunt,
1062 3274 1402 3344 cwleSIiaque
1425 3277 1538 3329 sola

92 3383 125 3418 n
157 3374 355 3419 mente
387 3376 704 3419 versantur.
736 3367 830 3420 Hei
864 3367 1026 3422 mihi!
1061 3369 1147 3423 hic
1175 3370 1316 3423 enim
1349 3371 1542 3425 acerbe

80 3474 114 3512 e
169 3457 568 3527 ingemiscere
626 3457 904 3526 pulchrum
962 3459 1142 3522 fuerit,
1200 3461 1363 3530 quod,
1419 3477 1541 3515 eum

81 3549 390 3603 nobilitate
426 3547 647 3617 prmditi
677 3549 866 3615 simus,
912 3560 1085 3605 tamen
1121 3568 1186 3606 ne
1229 3567 1291 3606 ea
1329 3553 1542 3623 quidem

78 3643 324 3695 icuntur
353 3640 648 3704 novimus,
692 3641 813 3710 quia
842 3641 1118 3697 confestim
1151 3644 1246 3697 lias
1278 3659 1363 3699 res
1392 3647 1544 3698 nobis

95 3737 377 3797 sinimus,
415 3741 592 3803 atque
621 3734 685 3786 iis
707 3750 822 3802 quas
847 3735 898 3788 in
925 3751 1138 3790 sensum
1161 3737 1354 3792 cadunt
1378 3737 1546 3791 inhia-

77 3830 292 3882 lreana
329 3825 502 3881 enim
535 3825 650 3880 hiBC
687 3837 737 3880 et
769 3829 1040 3883 tremenda
1083 3831 1247 3900 gloria
1289 3835 1352 3885 ad
1385 3848 1545 3887 unum

77 3938 105 3975 rt
138 3932 244 3975 aut
279 3922 549 3974 alterum
591 3919 729 3973 diem
775 3919 826 3974 in
869 3921 1018 3975 nobis
1050 3932 1264 3987 manet;
1292 3924 1547 3992 deinceps

104 4029 246 4069 eam
299 4011 748 4080 exstinguimus,
779 4012 906 4065 dum
947 4013 1279 4082 negotiorum
1329 4015 1548 4084 hujusce

75 4114 474 4173 unpestatem
515 4101 860 4167 accersimus,
898 4118 961 4157 ac
990 4120 1083 4173 per
1121 4105 1337 4159 nubium
1368 4107 1548 4162 densi-

73 4198 281 4253 radios
303 4197 742 4268 propulsamus.

99 4295 222 4345 vita
266 4300 592 4361 tempestas
619 4299 796 4343 est.—-
816 4290 1126 4358 Tempestas
1153 4291 1293 4345 enim
1333 4307 1420 4345 res
1449 4291 1549 4345 lut-

74 4388 180 4440 itte
215 4393 398 4448 sunt,
441 4397 521 4436 ac
549 4391 861 4450 tempestate
896 4381 1172 4436 tristiores.
1201 4381 1381 4451 Neque
1405 4383 1547 4436 enim

71 4482 211 4549 igus
248 4478 494 4538 oritur,
534 4489 631 4529 nec
659 4475 831 4543 pluvia
864 4489 962 4528 nec
979 4475 1144 4528 lutum
1167 4489 1228 4528 ac
1260 4476 1550 4543 profundus

71 4573 218 4636 sed,
275 4586 430 4642 quae
487 4569 578 4621 his
609 4567 854 4622 omnibus
899 4567 1141 4636 graviora
1186 4578 1328 4634 sunt,
1361 4586 1552 4638 nempe

69 4682 100 4720 ξι
159 4675 228 4720 et
282 4664 608 4734 gehennae
650 4659 805 4712 mala.
841 4659 906 4713 Et
933 4661 1376 4728 quemadmodum
1399 4678 1550 4731 gras-

74 4757 350 4814 'errimo
380 4752 618 4821 frigore
643 4750 876 4804 membra
897 4752 1074 4804 omnia
1092 4764 1463 4819 concrescunt,
1492 4769 1553 4810 ac

83 4860 247 4906 sunt
285 4866 303 4900 :
343 4849 448 4903 sic
487 4846 659 4900 etiam
687 4843 895 4898 animus
924 4845 974 4897 in
993 4856 1328 4913 peccatorum
1358 4845 1554 4915 frigore

72 4945 364 5004 iiscens,
391 4937 633 4992 nullum
657 4952 848 4990 munus
863 4952 1017 4991 suum
1049 4939 1373 5006 exsequitur,
1392 4952 1442 4991 ιιι
1465 4939 1552 5008 qui

70 5046 90 5090 t
113 5030 557 5090 conscientia
574 5043 634 5082 ac
649 5029 690 5082 si
710 5029 827 5097 gelu
845 5041 1126 5084 concretus
1140 5029 1222 5082 sit.
1243 5029 1391 5096 Quod
1410 5032 1551 5084 etaim

81 5125 312 5195 frigus
339 5131 484 5184 est,
517 5118 628 5173 hoc
656 5119 836 5172 animo
856 5119 992 5172 mala
1019 5119 1341 5173 conscientia
1373 5138 1385 5173 :
1416 5122 1556 5176 unde

65 5217 356 5271 miditas
397 5210 673 5267 exsistit.
695 5208 832 5263 Nihil
864 5211 1006 5264 enim
1034 5210 1247 5264 homine
1277 5211 1556 5265 mundanis

65 5309 217 5363 ’fixo
256 5303 580 5361 timidius
619 5299 740 5367 fingi
769 5310 940 5368 potest
973 5318 986 5355 ;
1021 5317 1140 5354 nam
1181 5302 1267 5371 qui
1296 5301 1557 5369 ejusmodi

62 5401 247 5456 Cain
310 5394 532 5457 vivit,
576 5390 810 5461 quotidie
855 5401 1086 5444 tremens
1116 5389 1267 5463 (Gen.
1308 5392 1390 5462 4).
1422 5393 1557 5459 Quid

61 5501 304 5547 nortes
359 5494 443 5542 et
483 5483 827 5538 detrimenta
853 5489 909 5536 et
935 5480 1258 5536 offensiones
1288 5491 1342 5536 et
1373 5499 1559 5537 assen-

98 5595 174 5641 et
239 5575 602 5646 obsequia
652 5573 1111 5629 commemorem?
1161 5589 1303 5639 nam,
1346 5583 1403 5628 ut
1446 5574 1560 5631 haec

60 5719 81 5743 ,
117 5679 527 5732 sexcentas
559 5666 881 5724 mutationes
903 5665 1220 5750 extimescit.
1247 5668 1416 5738 Atque
1435 5683 1557 5725 arca

3097 227 3206 286 450

1619 328 1830 398 quidem
1859 344 1992 384 auro
2024 330 2218 386 referta
2261 340 2366 399 est,
2413 334 2620 390 animus
2663 347 2839 393 autem
2879 353 3205 412 paupertatis

1617 432 1759 477 metu
1787 422 2005 478 minime
2025 433 2213 489 vacat;
2236 440 2297 480 ac
2325 428 2516 482 merito
2537 430 2771 500 quidem.
2797 432 2852 487 lu
2875 435 3036 490 rebus
3059 437 3202 492 enim

1619 515 1899 570 imbecillis
1949 525 2003 570 et
2048 533 2166 587 qua:
2221 519 2372 574 facile
2421 531 2692 576 mutentur
2740 539 2990 580 ancoram
3039 527 3200 597 figit:

1617 611 1824 663 etiamsi
1859 612 1970 679 ipse
2010 611 2340 682 naufragium
2383 631 2489 668 non
2520 619 2765 684 patiatur,
2798 621 2848 671 in
2876 620 2994 673 aliis
3024 630 3204 679 tamen

1619 700 1671 754 id
1700 703 2048 771 perspiciens,
2079 704 2449 770 examinatur;
2483 716 2640 776 atque
2667 719 2725 762 ut
2755 710 2952 777 ingenti
3002 711 3203 766 timidi-

1619 803 1748 858 tate,
1790 794 1859 848 ita
1887 795 2086 865 ingenti
2117 796 2321 866 ignavia
2362 798 2587 853 laborat.
2619 799 2803 870 Neque
2831 802 2976 857 enim
3018 802 3206 872 hujus-

1619 885 1763 940 modi
1802 886 1963 941 homo
2004 888 2056 942 in
2105 889 2355 958 periculis
2399 891 2692 954 dumtaxat,
2728 893 2822 946 sed
2861 894 2913 947 in
2956 895 3204 948 omnibus

1620 977 1739 1032 aliis
1764 980 1985 1049 ignavus
2011 991 2110 1034 est.
2141 981 2271 1036 Nam
2301 982 2344 1036 si
2375 985 2719 1050 pecuniarum
2748 985 3013 1054 cupiditas
3033 986 3204 1040 irrue-

1621 1071 1710 1135 rit,
1743 1089 1847 1126 non
1891 1083 1946 1128 ut
1975 1075 2232 1144 ingenuus
2259 1077 2342 1129 vir
2370 1077 2626 1144 impetum
2674 1079 2980 1147 propulsat;
3024 1079 3118 1133 sed
3149 1087 3206 1133 ut

1623 1163 1796 1231 pretio
1820 1173 2054 1234 emptum
2079 1167 2398 1235 mancipium
2418 1168 2627 1236 quidvis
2647 1169 2788 1235 facit,
2808 1171 3043 1223 avaritia:
3067 1177 3205 1222 tam-

1621 1270 1780 1322 quam
1807 1257 2014 1311 acerba:
2037 1258 2264 1313 domina:
2293 1262 2553 1315 serviens.
2582 1261 2636 1316 Si
2661 1262 2946 1317 formosam
2972 1263 3203 1330 aliquant

1623 1344 1852 1411 puellam
1867 1349 2202 1418 conspicatus
2217 1350 2392 1415 fuerit,
2415 1353 2651 1421 protinus
2671 1361 2855 1420 captus
2875 1353 3207 1421 trepiilat,ra-

1623 1435 1840 1506 bidique
1871 1440 2022 1492 canis
2049 1439 2102 1492 in
2132 1455 2336 1495 morem
2360 1457 2475 1496 eam
2500 1443 2754 1512 sequitur,
2778 1453 2900 1492 cum
2920 1448 3110 1496 contra
3131 1444 3204 1492 fa-

1627 1521 1878 1577 ciendum
1904 1522 1995 1575 sit.

1705 1609 1760 1666 6.
1799 1608 2012 1664 Etenim
2043 1626 2166 1664 cum
2209 1610 2512 1676 formosam
2548 1613 2830 1669 mulierem
2879 1617 3095 1682 cernis,
3139 1633 3206 1674 ne

1635 1703 1739 1757 hoc
1771 1713 1984 1772 spectes
2009 1707 2284 1771 quomodo
2313 1705 2630 1774 cupiditatis
2664 1717 2769 1760 tuae
2811 1723 3034 1778 compos
3078 1711 3202 1776 fias,

1634 1797 1726 1850 sed
1745 1795 2020 1864 quomodo
2041 1796 2334 1864 cupiditate
2355 1799 2620 1855 libereris.
2654 1800 2716 1853 Et
2734 1816 2969 1870 quanam
2995 1803 3205 1858 ratione

1635 1891 1736 1945 hoc
1767 1892 1880 1945 fieri
1911 1891 2104 1960 possit,
2129 1893 2378 1962 inquies?
2405 1909 2581 1962 neque
2609 1894 2752 1948 enim
2783 1910 2967 1950 amare
2991 1900 3096 1950 mei
3119 1907 3208 1952 est

1635 1984 1863 2039 arbitrii.
1893 1985 2063 2054 Cujus
2093 1999 2222 2054 ergo
2250 2026 2265 2050 ,
2304 1985 2391 2039 dic
2424 1985 2596 2039 mihi?
2631 1987 2869 2041 lnsultns
2916 1987 3196 2041 daemonis.

1637 2075 1870 2132 Omnino
1889 2076 2052 2147 igitur
2065 2077 2366 2131 daemonem
2386 2091 2508 2132 esse
2527 2078 2837 2140 arbitraris.
2865 2080 2957 2147 qui
2977 2078 3203 2132 insidias

1634 2171 1852 2227 struat?
1873 2170 2104 2226 Luctare
2128 2171 2307 2241 igitur,
2333 2186 2396 2226 ac
2413 2186 2593 2240 pugna
2612 2188 2734 2226 cum
2762 2177 2972 2225 morbo.
2999 2171 3066 2224 At
3091 2185 3199 2223 non

1634 2269 1872 2324 possum,
1914 2255 2142 2323 inquies.
2175 2259 2285 2326 Age
2316 2257 2473 2327 igitur
2509 2258 2609 2312 hoc
2650 2259 2881 2327 primum
2910 2271 2960 2314 te
2993 2261 3214 2317 docebi-

1633 2365 1772 2415 mus,
1805 2350 2027 2418 ignavite
2051 2359 2152 2404 ture
2181 2365 2298 2404 esse
2329 2351 2380 2405 id
2409 2351 2550 2421 quod
2585 2353 2677 2407 tibi
2717 2355 2931 2419 accidit,
2969 2364 3125 2424 teque
3149 2355 3218 2410 ab

1635 2444 1785 2498 initio
1808 2443 2035 2497 dmmoni
2063 2443 2263 2498 aditum
2294 2445 2603 2514 prmbuisse,
2632 2462 2694 2500 ac
2714 2462 2874 2508 nunc,
2903 2448 2945 2501 si
2972 2448 3219 2503 voluntas

1635 2535 1706 2589 ita
1735 2535 1934 2600 tulerit,
1963 2550 2086 2588 eum
2125 2534 2376 2591 facillime
2402 2537 2704 2606 propellere
2731 2553 2907 2607 posse.
2941 2540 3032 2592 Dic
3064 2539 3214 2605 mibi,

1635 2625 1722 2694 qui
1751 2625 2068 2681 adulterium
2098 2637 2426 2698 perpetrant,
2453 2638 2625 2682 utrum
2652 2645 2835 2684 amore
2859 2630 3000 2684 ducti
3025 2631 3074 2685 id
3100 2647 3220 2700 per-

1637 2726 1882 2789 petrant,
1940 2734 2008 2772 an
2060 2720 2201 2789 quod
2259 2721 2572 2790 simpliciter
2634 2725 2864 2790 pericula
2931 2725 3221 2793 expetant?

1639 2812 1836 2864 Amore
1881 2809 2024 2865 ducti
2068 2810 2205 2864 haud
2249 2810 2426 2866 dubie.
2461 2812 2595 2866 Num
2643 2814 2805 2882 igitur
2850 2815 3060 2868 veniam
3092 2831 3214 2885 pro-

1637 2910 1821 2969 pterea
1852 2901 2138 2956 obtinent?
2182 2903 2416 2958 Minime.
2459 2905 2592 2972 Quid
2631 2907 2744 2959 ita?
2773 2908 3035 2972 Quoniam
3081 2908 3221 2977 ipso-

1638 3009 1756 3048 rum
1798 3003 1880 3047 est
1927 3006 2222 3062 peccatum.
2259 2999 2324 3050 At
2358 2997 2483 3065 quid
2529 2998 2866 3067 syllogismos
2913 2999 3110 3057 nectis?
3144 3004 3226 3053 in-

1641 3091 1792 3157 quies
1818 3104 1833 3153 ;
1859 3089 2108 3143 conscius
2147 3090 2274 3142 mihi
2328 3091 2441 3159 ipse
2485 3106 2626 3152 sum,
2660 3108 2745 3145 me
2792 3093 3040 3146 affectum
3084 3093 3224 3147 hunc

1642 3180 1961 3234 submovere
1981 3181 2138 3241 velle,
2171 3195 2271 3235 nec
2297 3189 2474 3236 tamen
2503 3182 2553 3236 id
2585 3199 2822 3250 possum,
2847 3186 2940 3240 sed
2975 3186 3024 3239 id
3052 3187 3226 3240 innui-

1645 3281 1755 3332 net.
1785 3273 2124 3342 graviterque
2145 3288 2230 3326 me
2257 3275 2452 3342 premit
2481 3285 2528 3329 et
2558 3279 2851 3332 excruciat.
2879 3277 2972 3333 Vis
3010 3279 3225 3348 quidem

1645 3364 1796 3431 illud,
1829 3379 1862 3418 ο
1894 3365 2073 3430 homo,
2109 3366 2463 3431 submovere;
2495 3377 2549 3421 at
2581 3384 2684 3422 non
2714 3387 2775 3423 ea
2802 3370 2957 3436 facis,
2987 3388 3106 3441 qua:
3137 3391 3227 3428 rc-

1647 3456 1848 3526 pellere
1876 3456 2114 3525 possint;
2139 3473 2324 3511 verum
2359 3459 2577 3527 perinde
2609 3460 2758 3526 facis,
2794 3469 2850 3515 ut
2874 3464 2919 3517 si
2941 3467 3059 3531 quis
3090 3466 3228 3520 febri

1647 3557 1946 3616 correptus,
1978 3564 2039 3603 ac
2079 3563 2197 3603 sese
2238 3548 2428 3618 frigida
2463 3567 2598 3619 aqua
2644 3553 2992 3622 ingurgitans,
3035 3556 3218 3613 dicat:

1648 3642 1850 3708 Quanta
1880 3643 2278 3708 comminiscor,
2311 3641 2437 3696 dum
2469 3643 2655 3697 febrim
2679 3647 3016 3716 exstinguere
3042 3633 3235 3705 studeo

1649 3748 1749 3788 nec
1774 3749 2014 3802 possum,
2043 3733 2136 3787 sed
2165 3733 2428 3786 ﬂammam
2459 3735 2634 3802 potius
2660 3752 2832 3788 meam
2863 3739 3140 3793 arcendo?

1719 3826 2023 3895 Cupiditatis
2044 3827 2420 3896 exstinguenda?
2448 3828 2646 3880 modus.
2670 3857 2742 3867 —-
2764 3829 3047 3885 Videamus
3075 3832 3235 3901 igitur

1653 3934 1774 3972 num
1811 3929 1864 3970 tu
1895 3933 2105 3987 quoque
2133 3932 2192 3971 ea
2239 3917 2423 3982 facias,
2452 3934 2570 3987 qua?
2602 3921 2844 3974 morbum
2878 3921 3232 3992 inflamment,

1651 4027 1771 4066 cum
1806 4019 1857 4064 te
1897 4026 1958 4064 ea
1989 4012 2294 4080 excogitare
2338 4020 2510 4079 putes,
2551 4027 2669 4080 qua:
2697 4014 3060 4083 exstinguant.
3091 4016 3236 4084 Non,

1653 4103 1848 4172 inquis.
1875 4103 1965 4156 Dic
1987 4103 2166 4168 igitur,
2195 4102 2468 4169 quidnam,
2496 4113 2551 4155 ut
2577 4105 2814 4157 morbum
2840 4110 3232 4178 exstingueres,

1655 4195 1830 4248 facere
1862 4209 2108 4264 umquam
2138 4210 2197 4247 es
2228 4201 2453 4246 conatus
2475 4193 2498 4246 ?
2519 4195 2642 4261 quid
2671 4207 2847 4250 autem
2879 4200 3098 4252 on'u'iino
3127 4212 3232 4267 est,

1653 4287 1792 4356 quod
1836 4287 2079 4338 morbum
2119 4286 2353 4354 augeat?
2378 4284 2610 4350 Etenim,
2653 4287 2774 4342 licet
2805 4305 2907 4343 non
2938 4305 3126 4346 omnes
3155 4295 3237 4348 bis

1653 4377 1967 4432 criminibus
2003 4376 2217 4429 obnoxii
2245 4376 2414 4429 simus
2453 4376 2659 4444 (plures
2682 4380 2826 4433 enim
2865 4384 3100 4450 reperire
3128 4395 3235 4451 est,

1655 4471 1743 4538 qui
1778 4469 2122 4538 pecuniarum
2154 4482 2311 4534 quam
2357 4467 2444 4536 qui
2484 4482 2768 4534 Corporum
2804 4487 2987 4528 amore
3019 4485 3239 4530 tenean-

1657 4563 1804 4631 tur);
1845 4574 2128 4621 commune
2161 4568 2336 4612 tamen
2368 4561 2635 4624 omnibus,
2685 4572 2788 4615 tam
2833 4563 2912 4618 bis
2941 4580 3096 4634 quam
3132 4569 3239 4624 illis

1658 4653 1952 4708 remedium
1988 4661 2331 4720 proponctur.
2382 4649 2514 4704 Nam
2555 4661 2610 4705 et
2656 4652 2745 4705 ille
2782 4669 2935 4709 amor
2975 4657 3242 4717 absurdus

1658 4755 1760 4807 est,
1790 4755 1843 4798 et
1868 4743 1954 4797 hic
1993 4758 2236 4812 quoque;
2271 4758 2453 4795 verum
2488 4743 2572 4796 hic
2613 4738 2706 4797 illo
2740 4747 2914 4800 acrior
2940 4757 3024 4802 est
3059 4765 3123 4803 ac
3149 4766 3239 4806 ve-

1661 4837 1975 4891 hementior.
2001 4836 2359 4900 Quamobrem
2393 4835 2432 4887 si
2473 4835 2727 4904 majorem
2762 4843 3194 4905 superaverimus
3217 4885 3237 4913 ,

1661 4941 1870 4983 nonest
1903 4928 2120 4982 dubium
2147 4928 2273 4997 quin
2320 4927 2580 4981 minorem
2615 4944 2826 4999 quoque
2866 4931 3018 4988 facile
3057 4935 3239 4991 vinca~

1664 5038 1799 5076 "HIS.
1845 5023 1932 5084 At,
1967 5021 2191 5090 inquies,
2230 5021 2272 5073 si
2300 5020 2475 5072 acrior
2516 5020 2599 5073 lue
2631 5037 2782 5075 amor
2808 5035 2909 5085 est,
2942 5027 3030 5094 qui
3073 5025 3148 5094 fit,
3182 5038 3244 5086 ut

1665 5130 1768 5167 non
1797 5128 1984 5167 omnes
2014 5113 2113 5166 hoc
2139 5112 2280 5165 malo
2305 5110 2685 5180 corripiantur.
2721 5114 2813 5169 sed
2859 5116 3038 5184 pinres
3064 5120 3129 5174 ad
3159 5123 3244 5174 in-

1663 5207 1865 5258 saniam
1898 5218 2062 5272 usque
2090 5203 2342 5272 pecunias
2359 5203 2582 5256 ament?
2603 5203 2834 5258 Primum
2864 5209 2983 5276 quia
3005 5211 3246 5280 periculo

1665 5311 1848 5349 carere
1875 5294 2084 5347 videtur
2115 5294 2228 5348 lucc
2267 5293 2564 5362 cupiditas;
2607 5294 2800 5353 deinde
2834 5302 3108 5369 quoniam,
3142 5306 3244 5360 etsi

1666 5401 1952 5457 Corporum
1978 5384 2240 5456 cupiditas
2278 5386 2457 5443 acrior
2481 5397 2587 5452 est,
2630 5395 2809 5444 tamen
2844 5392 3002 5447 citius
3037 5397 3244 5449 exstin-

1666 5480 1865 5550 guitur.
1911 5478 2042 5533 Nam
2078 5479 2122 5532 si
2164 5490 2446 5548 perstaret.
2488 5489 2546 5534 ut
2573 5483 2918 5551 pecuniarum
2959 5487 3245 5557 cupiditas,

1669 5590 1789 5631 eum
1816 5574 1906 5644 qui
1937 5583 2123 5644 captus
2149 5584 2291 5628 esset
2327 5572 2568 5629 funditus
2608 5575 2875 5644 perderet.
2915 5579 3025 5648 Age
3063 5579 3242 5648 igitur,

1675 5667 1742 5724 de
1769 5666 1870 5723 hoc
1897 5681 2180 5737 corporum
2204 5679 2388 5724 amore
2406 5665 2474 5721 ad
2496 5681 2590 5723 vos
2615 5666 2962 5736 disseramus,
2981 5685 3042 5725 ac
3066 5669 3250 5726 videa-
