3780 6316
385 262 486 324 651

386 393 508 434 mus
537 373 800 430 undenam
844 369 1230 424 incrementum
1258 371 1435 419 sumat
1477 360 1580 414 hoc
1622 357 1819 412 malum
1845 371 1859 407 :
1888 352 1967 407 sic

386 472 528 526 enim
584 473 921 536 perspectum
972 459 1308 520 habebimus,
1361 464 1541 508 utrum
1583 450 1742 518 culpa
1787 458 1970 502 nostra

385 559 754 620 contrahatur,
791 567 960 609 necne
993 574 1008 608 :
1037 565 1118 610 ac.
1149 549 1193 602 si
1224 548 1378 615 culpa
1407 551 1586 598 nostra
1611 536 1970 602 contrahitur,

387 651 520 706 nihil
550 666 654 704 non
700 647 978 708 faciamus,
1011 657 1118 712 quo
1139 640 1446 707 superiores
1474 649 1540 688 eo
1579 633 1783 695 simus;
1810 628 1853 681 si
1881 642 1975 680 au-

389 752 498 797 tem
525 750 673 796 extra
699 738 911 806 culpam
947 748 1152 796 smnus,
1181 727 1309 798 quid
1341 726 1536 780 frustra
1571 721 1820 790 nosipsos
1861 731 1976 771 ma-

388 832 670 890 ceramus?
699 829 827 899 quid
853 829 978 882 item
1009 826 1094 889 iis,
1132 821 1223 891 qui
1252 834 1318 873 eo
1345 817 1653 886 capiuntur,
1689 826 1794 865 non
1825 808 1976 878 igno-

389 927 590 982 scimus
637 923 847 994 potius,
905 932 1063 988 quam
1130 907 1555 969 succensemus?
1609 903 1763 961 Unde
1817 902 1977 971 igitur

391 1019 628 1074 nascitur
677 1014 762 1068 hic
805 1009 999 1065 amor?
1043 1008 1126 1062 Ab
1171 1003 1432 1073 elegantia
1487 999 1694 1060 formae,
1742 994 1973 1064 inquies,

390 1125 510 1164 cum
539 1105 746 1162 scilicet
772 1103 990 1174 pulchra
1018 1107 1074 1152 et
1104 1105 1326 1150 venusta
1349 1108 1409 1146 ea
1433 1091 1610 1154 fuerit,
1641 1103 1760 1157 qua:
1781 1084 1976 1139 vulnus

390 1201 574 1256 infert.
594 1197 815 1252 Frustra
830 1204 884 1250 et
907 1203 1109 1248 temere
1132 1192 1246 1243 lucc
1261 1187 1415 1241 dicis.
1431 1183 1560 1237 Nam
1587 1182 1631 1236 si
1663 1180 1844 1234 formai
1869 1175 1979 1246 pul-

392 1290 642 1348 chritudo
668 1298 934 1342 amatores
955 1284 1213 1344 alliceret,
1242 1291 1432 1334 omnes
1457 1275 1681 1329 haberet
1708 1277 1976 1324 amatores

393 1385 511 1440 haec
540 1383 710 1455 puella
741 1398 755 1433 :
787 1378 927 1450 quod
954 1379 998 1431 si
1036 1391 1140 1430 non
1179 1386 1369 1426 omnes
1399 1368 1580 1433 habet,
1612 1361 1839 1436 proinde
1874 1374 1976 1455 nec

394 1452 600 1532 naturze
625 1489 724 1528 nec
752 1470 978 1540 eleganti
999 1468 1205 1528 formzc,
1228 1463 1322 1520 sed
1347 1459 1626 1532 impudicis
1647 1457 1816 1511 oculis
1837 1452 1976 1510 istud

395 1564 805 1622 adscribendum
834 1569 934 1616 est.
965 1559 1096 1613 Nam
1121 1572 1244 1613 cum
1267 1569 1386 1610 eam
1412 1555 1626 1607 curiose
1649 1549 1864 1603 intuens
1889 1560 1981 1600 su-

395 1658 659 1730 spexeris,
699 1665 857 1725 atque
891 1651 1178 1716 adamaris,
1208 1647 1370 1703 telum
1397 1642 1678 1714 excepisti.
1719 1639 1975 1707 Quisnam

394 1764 596 1816 autem,
627 1748 855 1818 inquies,
881 1744 1056 1798 facere
1085 1742 1273 1811 possit,
1305 1746 1362 1792 ut
1387 1737 1665 1808 pulchram
1695 1731 1976 1787 mulierem

394 1859 644 1900 cernens,
692 1854 796 1892 non
825 1851 944 1890 eam
987 1832 1196 1887 laudet?
1225 1831 1342 1898 Quo
1383 1828 1460 1893 (it,
1495 1835 1556 1881 ut
1591 1841 1713 1880 cum
1751 1836 1838 1878 res
1880 1820 1981 1874 hu-

392 1933 625 2007 jusmodi
679 1928 885 1992 mirari,
926 1923 1219 1980 voluntatis
1267 1929 1466 1975 nostra:
1513 1917 1733 1972 minime
1779 1914 1870 1976 sit,
1912 1924 1978 1964 ne

395 2005 547 2083 amor
573 2024 788 2096 quidem
832 2021 883 2074 in
915 2027 1104 2073 nostro
1142 2014 1364 2069 arbitrio
1394 2011 1530 2066 situs
1559 2010 1649 2064 sit.
1681 2005 1914 2068 Absiste,
1946 2017 1981 2056 ο

395 2121 592 2174 homo!
638 2115 777 2182 Quid
806 2113 986 2168 omnia
1012 2109 1169 2162 simul
1207 2104 1508 2166 confundis,
1541 2099 1773 2168 undique
1801 2097 1853 2150 in
1887 2111 1983 2149 or-

396 2215 518 2269 bem
541 2223 853 2270 excurrens,
882 2220 981 2260 nec
1009 2202 1132 2258 mali
1158 2199 1392 2254 radicem
1425 2194 1730 2264 perspicere
1755 2188 1980 2242 volens?

398 2303 659 2374 siquidem
709 2300 996 2370 plerosque
1034 2293 1210 2353 video,
1258 2289 1348 2358 qui
1393 2290 1616 2340 formam
1648 2280 1983 2335 admirentur

397 2373 736 2452 acrlaitdihus
783 2391 1029 2452 efferant,
1063 2402 1162 2440 uec
1190 2396 1367 2437 tamen
1407 2385 1609 2433 ament.
1655 2376 1719 2430 Et
1745 2375 1834 2444 qui
1867 2373 1982 2428 fieri

399 2502 596 2562 poteSt,
631 2487 827 2557 inquis,
859 2494 913 2536 ut
934 2483 1021 2552 qui
1055 2481 1337 2535 mirantur,
1371 2489 1474 2527 non
1507 2472 1631 2526 item
1668 2466 1882 2522 ament?
1906 2464 1983 2520 Ne

401 2557 750 2639 tumultuare,
780 2589 993 2645 quzeso;
1041 2572 1142 2624 hoc
1168 2569 1310 2623 enim
1349 2565 1526 2620 dicere
1565 2575 1734 2632 paro;
1764 2557 1858 2613 sed
1889 2573 1985 2612 ex-

399 2681 606 2744 specta,
636 2679 689 2724 et
718 2667 901 2722 audies
943 2663 1164 2722 Moscm,
1212 2654 1583 2726 lilinmdacob
1605 2652 1979 2714 admirantem,

399 2782 463 2820 ac
489 2765 754 2818 dicentem
782 2777 795 2810 :
826 2755 890 2810 Et
915 2764 1020 2810 erat
1049 2752 1241 2821 Ioseph
1269 2747 1482 2819 pulchra
1506 2745 1656 2815 facie,
1695 2754 1742 2796 et
1776 2749 1984 2810 aspectu

401 2858 615 2911 decorus
642 2852 788 2905 valde
816 2847 968 2917 (Gen.
1009 2843 1097 2899 59.
1138 2843 1217 2911 6).
1255 2840 1394 2895 Num
1425 2839 1583 2908 igitur
1624 2847 1903 2906 prepterea
1938 2832 1982 2887 is

399 2949 632 3012 amabat,
655 2945 742 3013 qui
767 2942 879 2996 luce
899 2937 1141 2992 diccbat?
1165 2934 1400 2988 Minime.
1423 2930 1538 2985 Non
1561 2929 1726 2993 enim,
1752 2926 1980 2995 inquies,

401 3057 522 3096 eum
575 3050 731 3106 quem
787 3030 1033 3087 laudabat
1087 3027 1360 3082 cernebat.
1405 3022 1564 3091 Atqui
1610 3035 1737 3089 erga
1777 3019 1984 3070 auditas

399 3145 611 3204 quoque
639 3130 836 3180 formas
864 3124 933 3177 ita
965 3115 1358 3191 quodammodo
1383 3112 1668 3176 afticimur,
1699 3124 1803 3162 non
1826 3107 1985 3162 modo

304 3251 320 3270 ο
400 3202 525 3291 erga
556 3227 891 3288 conspectas.
933 3213 1128 3267 Verum
1159 3222 1226 3264 ne
1263 3207 1394 3262 mihi
1436 3207 1486 3258 in
1535 3203 1617 3257 his
1662 3202 1823 3255 rebus
1851 3215 1984 3254 con-

401 3316 693 3370 tentionem
717 3322 932 3363 moveas
961 3323 976 3369 ;
1006 3317 1184 3357 annon
1211 3299 1373 3354 David
1401 3295 1688 3351 admodum
1719 3294 1986 3347 formosus

401 3416 539 3471 erat,
569 3421 633 3460 ac
663 3399 913 3458 subrufus
939 3412 1060 3452 cum
1093 3395 1368 3449 oculorum
1400 3386 1838 3460 pulchritudine?
1867 3402 1986 3454 qua:

401 3500 679 3556 oculorum
718 3491 979 3562 elegantia
1017 3487 1248 3542 maxime
1291 3483 1525 3537 violenta
1568 3478 1986 3550 pulchritudinis

401 3607 530 3665 pars
573 3598 673 3644 est.
718 3585 852 3640 Num
895 3581 1053 3651 igitur
1091 3577 1356 3648 quispiam
1387 3572 1553 3644 ipsius
1583 3585 1771 3626 amore
1799 3578 1988 3638 captus

403 3684 526 3742 est?
554 3681 771 3737 Minime
798 3695 813 3732 :
841 3692 946 3730 non
971 3674 1128 3743 igitur
1157 3685 1261 3725 una
1289 3683 1410 3723 cum
1449 3665 1799 3721 admiratione
1837 3679 1989 3719 amor

403 3777 565 3832 etiam
593 3771 847 3827 nascitur.
882 3765 1014 3820 Nam
1054 3772 1109 3818 et
1137 3773 1334 3816 matres
1362 3759 1514 3815 multi
1541 3758 1845 3812 habuerunt
1869 3772 1990 3812 eor-

404 3868 552 3941 poris
591 3859 982 3935 pulchritudine
1015 3854 1418 3911 florentissimas
1460 3869 1474 3905 :
1516 3867 1642 3906 nmn
1691 3851 1851 3921 igitur
1895 3851 1986 3904 lilii

405 3971 592 4016 earum
621 3969 803 4008 amore
831 3949 1030 4005 incensi
1061 3946 1216 4003 sunt?
1255 3946 1408 4000 Absit
1452 3943 1614 3998 istud.
1656 3943 1986 4012 Quamquam

405 4053 551 4109 enim
589 4047 641 4104 id
667 4044 808 4118 quod
847 4051 1076 4098 cernunt
1112 4039 1463 4101 admirentur,
1498 4046 1674 4090 tamen
1708 4036 1758 4088 in
1787 4033 1988 4089 fuadum

406 4157 648 4200 amorem
686 4153 791 4194 non
820 4135 1076 4191 incidunt.
1105 4135 1194 4197 At,
1221 4146 1431 4186 rursum
1467 4129 1696 4200 inquies,
1732 4129 1832 4182 hoc
1860 4127 1990 4197 ipsis

407 4247 595 4292 natura
639 4238 876 4303 przestat.
916 4227 1321 4293 Quzenam,oro,
1338 4221 1570 4276 natura?
1606 4220 1740 4288 Quia
1792 4229 1989 4274 matres

407 4338 554 4396 sunt,
591 4324 818 4396 inquies.
862 4321 1052 4377 Annon
1083 4316 1237 4372 audis
1280 4314 1472 4369 Persas
1503 4312 1718 4367 nemine
1741 4321 1987 4378 cogente,

407 4435 530 4478 cum
571 4416 827 4473 matribus
851 4413 963 4467 suis
1001 4407 1237 4472 misceri,
1276 4421 1375 4460 nec
1397 4420 1557 4459 unum
1589 4413 1680 4456 aut
1705 4402 1862 4468 duos,
1895 4401 1990 4456 sed

405 4516 711 4570 universam
739 4505 992 4578 gentem?
1015 4503 1152 4570 Quin
1173 4501 1306 4555 citra
1334 4499 1450 4552 lucc
1477 4496 1680 4567 liquido
1708 4497 1832 4550 hinc
1860 4509 1979 4550 cen-

407 4616 514 4664 stat
548 4603 794 4659 morbum
821 4600 962 4652 hunc
987 4611 1094 4650 non
1123 4594 1364 4663 corporis
1387 4589 1689 4661 elegantiae,
1731 4603 1830 4642 nec
1859 4589 1991 4642 sim-

409 4701 618 4773 pliciter
645 4689 1027 4768 pulebritudini
1056 4684 1463 4742 adscribendum
1511 4699 1652 4748 esse,
1691 4682 1786 4738 sed
1823 4683 1990 4738 animi

410 4791 671 4850 socordia:
716 4797 874 4856 atque
920 4781 1267 4836 oberrationi.
1319 4777 1569 4832 Permulti
1609 4777 1832 4840 etenim,
1871 4791 1990 4830 eum

410 4886 716 4942 innumeras
756 4874 1026 4949 praestanti
1070 4872 1240 4926 forma
1286 4870 1538 4924 mulieres
1573 4868 1989 4939 prmteriissent,

410 4973 737 5033 deformibus
775 4984 894 5024 sese
923 4964 1226 5021 dederunt:
1254 4977 1320 5016 ex
1363 4975 1468 5029 quo
1501 4960 1842 5028 perspicuum
1883 4968 1987 5024 est,

410 5080 647 5125 amorem
677 5078 707 5117 a
743 5061 925 5116 forma:
965 5063 1242 5111 venustate
1283 5053 1506 5107 minime
1533 5051 1822 5122 proficisci.
1857 5051 1991 5106 Nam

413 5165 458 5220 si
488 5163 557 5216 ita
587 5165 748 5220 esset,
771 5157 826 5221 ii,
857 5155 945 5223 qui
972 5152 1023 5206 in
1049 5163 1286 5204 amorem
1315 5146 1637 5210 inciderunt,
1661 5145 1727 5200 ab
1760 5145 1866 5199 illis
1894 5160 1994 5214 po-

416 5255 520 5309 tius
553 5265 708 5320 quam
739 5248 805 5301 ab
848 5246 962 5299 istis
991 5243 1132 5311 capti
1170 5240 1414 5295 fuissent.
1445 5237 1708 5304 Quidnam
1742 5237 1902 5307 igitur
1941 5237 1993 5291 in

414 5358 574 5400 causa
595 5336 966 5407 estiinqnies;
1005 5349 1127 5388 nam
1159 5333 1203 5386 si
1235 5331 1420 5386 forma:
1449 5330 1703 5385 honestas
1732 5345 1836 5382 non
1869 5329 1996 5382 facit

416 5445 474 5491 ut
501 5434 761 5505 quispiam
785 5436 948 5492 amet,
981 5425 1121 5479 unde
1147 5425 1305 5494 igitur
1333 5437 1486 5477 amor
1514 5436 1728 5476 causam
1756 5435 1818 5474 ac
1843 5419 1989 5474 radi-

414 5545 533 5587 cem
564 5524 757 5581 habet?
778 5538 846 5576 an
876 5536 905 5574 a
935 5518 1078 5574 malo
1096 5515 1375 5572 daemone?
1402 5513 1574 5569 [labet
1611 5528 1823 5584 quoque
1849 5512 1996 5567 illinc

419 5632 615 5687 ortmn,
641 5616 738 5673 sed
759 5631 864 5670 non
887 5612 989 5668 hoc
1009 5619 1093 5668 est
1117 5607 1260 5680 quod
1281 5607 1540 5677 quaaritur
1563 5620 1579 5670 ;
1602 5621 1787 5660 verum
1817 5619 1993 5659 annon

416 5719 514 5792 ipsi
542 5727 750 5790 quoque
774 5710 829 5768 in
844 5721 1003 5768 causa
1033 5705 1220 5765 simus.
1243 5701 1425 5774 Neque
1445 5700 1586 5759 enim
1606 5699 1817 5758 illorum
1839 5698 1997 5756 dum-

1113 249 1171 306 s.
1201 245 1478 305 JOANNIS
1505 232 1986 299 cunvsosrom
2023 231 2345 288 ARCIIIEP.
2387 233 2927 291 cossnmmor.

3575 237 3687 293 ιςτι

2081 360 2226 407 taxat
2261 365 2386 408 sunt
2429 354 2654 417 insidizc,
2701 358 2794 409 sed
2837 371 2958 410 cum
2992 354 3098 410 illis
3142 369 3172 409 a
3213 355 3369 411 nobis
3411 358 3687 427 primum.

2078 443 2193 498 Non
2225 443 2439 500 aliunde
2467 447 2796 514 perniciosus
2818 447 2906 500 hic
2933 447 3153 502 morbus
3177 463 3328 518 teque
3347 459 3545 503 ortum
3577 461 3693 505 tra-

2079 535 2178 600 hit,
2210 546 2370 606 atque
2403 553 2432 591 a
2474 539 2861 592 consuetudine
2885 548 2940 592 et
2970 540 3250 593 verborum
3288 540 3610 601 blanditiis,
3639 551 3694 596 et

2079 629 2191 682 otio
2229 644 2292 684 ac
2319 632 2636 693 cessatione,
2668 630 2917 700 quodque
2961 629 3092 684 nihil
3121 631 3260 700 quod
3290 647 3552 701 agamus,
3588 632 3694 687 ha-

2079 717 2323 775 beamus.

2153 813 2205 866 7.
2249 812 2437 867 Modus
2459 813 2834 883 exstinguenda:
2859 813 3189 868 libidinia.-
3210 813 3404 885 Magna
3451 817 3694 888 quippe,

2082 921 2293 976 magna,
2343 908 2582 978 inquam,
2631 907 3033 963 consuetudinis
3071 908 3150 962 vis
3194 919 3296 972 est,
3342 917 3520 979 atque
3552 910 3699 965 adeo

2083 1005 2248 1062 tanta,
2281 1007 2336 1052 ut
2358 999 2410 1052 in
2439 1009 2640 1052 naturte
2662 1000 3035 1053 necessitatem
3064 1001 3274 1068 migret.
3297 1000 3458 1068 Quod
3484 1005 3536 1055 si
3571 1016 3701 1054 con-

2081 1089 2380 1144 suetudinis
2395 1090 2632 1144 est-hanc
2656 1105 2957 1158 procreare,
2987 1106 3090 1144 non
3116 1091 3335 1144 dubium
3352 1093 3492 1161 quin
3520 1094 3697 1146 etiam

2081 1183 2439 1252 exstinguere.
2467 1181 2608 1237 Sane
2637 1183 2789 1236 multi
2815 1193 3055 1237 amantes
3074 1183 3150 1237 sic
3167 1199 3345 1238 amare
3365 1183 3700 1250 desierunt,

2081 1290 2202 1328 cum
2249 1291 2379 1346 quas
2417 1277 2686 1337 amabant,
2729 1292 2833 1330 non
2877 1287 3179 1330 cernerent.
3229 1276 3340 1330 Hoc
3382 1287 3585 1331 autem
3629 1277 3700 1332 ad

2083 1365 2244 1420 breve
2271 1367 2484 1437 quidem
2517 1376 2727 1438 tempus
2756 1367 3008 1421 acerbum
3039 1382 3100 1421 ac
3132 1382 3388 1436 perquam
3424 1367 3699 1438 injucun-

2081 1459 2208 1514 dum
2235 1476 2355 1515 esse
2386 1460 2629 1525 videtur;
2665 1470 2722 1516 at
2747 1475 3032 1532 progressu
3063 1461 3318 1528 temporis
3341 1477 3526 1517 suave
3569 1462 3698 1517 effi-

2082 1553 2244 1618 citur,
2289 1567 2351 1606 ac
2399 1568 2467 1607 ne
2512 1553 2556 1607 si
2603 1553 2771 1607 velint
2821 1552 3060 1623 quidem,
3111 1553 3358 1606 morbum
3415 1570 3698 1610 revocare

2083 1634 2302 1714 queant.
2335 1644 2471 1712 Quid
2513 1645 2693 1714 igitur,
2725 1645 2952 1715 inquies,
2984 1660 3107 1696 cum
3150 1645 3283 1698 citra
3322 1647 3702 1700 consuetudi-

2085 1751 2206 1790 nem
2235 1737 2394 1790 ullam
2426 1737 2493 1791 ab
2525 1738 2639 1805 ipso
2668 1735 2839 1805 primo
2883 1746 3101 1804 aspectu
3131 1747 3318 1803 captus
3347 1735 3557 1790 fuero?
3598 1737 3700 1792 llic

2083 1844 2294 1898 quoque
2325 1829 2376 1882 in
2403 1843 2560 1883 causa
2587 1839 2670 1882 est
2700 1827 2944 1895 corporis
2964 1826 3188 1889 desidia,
3213 1838 3301 1879 aut
3323 1827 3577 1892 delicias,
3603 1838 3700 1882 ant

2084 1920 2224 1990 quod
2255 1935 2319 1974 ea
2345 1935 2463 1988 quze
2492 1935 2628 1989 Opus
2656 1927 2780 1973 sunt
2809 1935 2915 1972 non
2945 1932 3120 1978 cures,
3147 1933 3245 1972 nec
3266 1919 3317 1971 in
3344 1922 3698 1973 necessariis

2087 2011 2312 2082 negetiis
2335 2012 2582 2066 verseris.
2609 2011 2738 2064 Nam
2766 2009 2857 2079 qui
2888 2009 3010 2063 talis
3038 2017 3141 2071 est,
3166 2008 3580 2062 instarerronis
3604 2025 3700 2062 cu-

2080 2101 2314 2172 juspiam
2348 2104 2535 2172 quovis
2567 2103 2708 2155 malo
2751 2100 3114 2170 transfigitur:
3155 2109 3317 2169 atque
3361 2100 3698 2168 hujusnmdi

2085 2194 2342 2258 animam,
2375 2208 2481 2248 non
2512 2208 2669 2248 secus
2707 2208 2768 2246 ac
2814 2208 3036 2263 puerum
3081 2201 3380 2260 vagantem,
3431 2193 3697 2262 quisquis

2085 2287 2202 2340 vult
2230 2287 2282 2339 in
2313 2286 2626 2340 servitutem
2661 2285 2846 2338 trahit.
2877 2285 3139 2352 Quoniam
3168 2285 3309 2337 enim
3341 2285 3460 2351 ipsa
3495 2284 3693 2339 hocin

2087 2393 2237 2432 more
2263 2378 2494 2447 positum
2519 2377 2698 2439 habet,
2730 2385 2788 2429 nt
2808 2375 3010 2444 aliquid
3039 2383 3308 2443 operetur,
3335 2377 3379 2428 si
3415 2376 3602 2444 ipsius
3639 2379 3694 2431 in

2086 2468 2247 2524 rebus
2274 2467 2534 2530 honestis,
2553 2468 2816 2521 actionem
2835 2466 3179 2535 comprimas,
3207 2467 3330 2536 quia
3352 2466 3487 2522 nihil
3519 2483 3693 2537 agere

2087 2575 2194 2615 non
2219 2569 2419 2631 potest,
2445 2559 2547 2613 alia
2575 2559 2747 2628 pariat
2769 2572 2991 2614 necesse
3016 2565 3117 2612 est.
3150 2557 3300 2612 Sicut
3320 2560 3468 2612 enim
3510 2570 3689 2624 terra,

2088 2666 2211 2708 eum
2239 2667 2337 2706 nec
2353 2651 2548 2706 seritur
2569 2665 2668 2704 nec
2691 2650 2980 2719 plautatur,
3003 2649 3222 2703 herbam
3243 2646 3532 2704 dumtaxat
3565 2669 3692 2720 pro-

2087 2743 2225 2799 fert:
2259 2744 2331 2798 ita
2372 2751 2426 2797 et
2453 2744 2652 2808 anima,
2695 2756 2818 2796 cum
2866 2741 3287 2795 necessariarum
3323 2757 3511 2796 rerum
3551 2744 3689 2798 nihil

2089 2835 2250 2890 habet
2285 2833 2428 2904 quod
2477 2842 2620 2904 agat,
2650 2843 2811 2903 atqtte
2847 2831 3046 2902 aliquid
3074 2847 3231 2901 agere
3259 2833 3466 2901 cupiat,
3493 2839 3691 2904 pravis

2087 2927 2248 2982 rebus
2273 2941 2333 2982 se
2365 2926 2543 2981 tradit.
2573 2925 2640 2980 Et
2666 2925 2808 2980 sicut
2835 2924 3042 2989 oculus,
3065 2923 3157 2994 qni
3177 2939 3401 2979 cernere
3427 2942 3541 2980 non
3567 2943 3688 2982 ces-

2088 3029 2193 3086 sat,
2229 3034 2388 3090 prava
2413 3026 2598 3074 cernat
2619 3032 2841 3072 necesse
2866 3024 2971 3080 est,
3000 3030 3120 3069 cum
3144 3014 3298 3069 bonis
3326 3015 3566 3084 objectis
3595 3033 3688 3072 ea-

2087 3122 2202 3168 ret:
2229 3112 2306 3166 sic
2325 3112 2484 3166 etiam
2504 3111 2732 3173 animus,
2757 3124 2876 3162 cum
2899 3124 2957 3162 se
2979 3123 3007 3160 a
3033 3107 3348 3162 necessariis
3365 3109 3685 3173 abduxerit,

2084 3207 2194 3278 jam
2224 3206 2365 3260 circa
2387 3203 2592 3258 inutilia
2620 3211 2886 3258 versatur.
2911 3202 3120 3271 Alioqui
3150 3200 3291 3271 quod
3319 3203 3686 3271 occupatioet

2089 3314 2215 3354 cura
2247 3297 2474 3367 primum
2500 3311 2710 3366 quoque
2735 3295 2990 3363 impetum
3011 3292 3311 3362 propellere
3334 3304 3524 3361 queat,
3549 3297 3687 3349 mul-

2092 3391 2158 3446 tis
2172 3390 2498 3461 argumentis
2521 3389 2701 3456 liquet.
2728 3386 3086 3455 Quamobrem
3110 3401 3230 3440 cum
3257 3385 3541 3455 pulchram
3567 3403 3684 3440 mu-

2092 3484 2278 3538 lierem
2306 3481 2676 3550 conspexeris,
2704 3479 2772 3534 ab
2820 3493 2988 3546 eaque
3033 3487 3084 3533 te
3125 3477 3372 3532 affectum
3415 3480 3680 3544 senseris,

2091 3591 2209 3630 eam
2238 3590 2305 3630 ne
2328 3575 2463 3628 ultra
2491 3587 2705 3638 cernas,
2734 3582 2786 3626 et
2816 3571 3074 3626 liberatus
3098 3585 3177 3624 es.
3210 3570 3276 3624 Et
3297 3570 3385 3640 qui
3425 3569 3545 3625 ﬁeri
3583 3587 3681 3641 po-

2093 3671 2240 3733 terit,
2272 3669 2501 3737 inquies,
2528 3677 2583 3720 ut
2609 3681 2728 3720 eam
2758 3665 2889 3718 ultra
2919 3680 3023 3718 non
3049 3678 3284 3728 cernam,
3315 3679 3436 3717 cum
3468 3664 3682 3732 cupidi-

2093 3770 2202 3816 tate
2230 3758 2445 3814 trahar?
2477 3759 2610 3812 Aliis
2641 3757 2820 3819 rebus,
2847 3772 2965 3826 qum
2989 3757 3223 3809 animum
3247 3754 3576 3820 distrahant,
3599 3756 3681 3810 fac

2093 3864 2146 3908 te
2166 3853 2401 3914 addicas,
2433 3851 2581 3904 libris
2603 3849 2875 3913 nimirum,
2905 3847 3220 3903 necessariis
3245 3849 3405 3913 curis,
3436 3852 3679 3918 patroci-

2094 3946 2217 4008 niis,
2240 3941 2680 4013 opitulationibus
2705 3957 2912 4005 eormn,
2943 3941 3135 4010 quibus
3180 3941 3370 4009 injuria
3420 3941 3673 4004 infertur,

2093 4035 2362 4106 precibus,
2388 4049 2564 4088 rerum
2593 4031 2888 4085 futurarum
2909 4030 3237 4084 meditationi
3269 4049 3281 4084 :
3326 4032 3407 4084 his
3435 4032 3674 4086 animum

2093 4126 2386 4195 adstringe.
2413 4124 2502 4180 Sic
2524 4139 2628 4177 non
2659 4138 2844 4177 recens
2873 4132 3075 4176 tantum
3099 4124 3287 4175 vulnus
3317 4123 3555 4188 cumbis,
3582 4124 3674 4178 sed

2096 4229 2406 4276 concretum
2438 4217 2598 4272 etiam
2629 4227 2791 4286 atque
2823 4217 3180 4269 inveteratum
3210 4215 3366 4270 facile
3391 4217 3672 4271 discuties.

2094 4310 2224 4365 Nam
2253 4311 2297 4363 si
2323 4308 2670 4375 contumelia,
2704 4319 2761 4361 ut
2787 4315 2872 4361 est
2899 4308 2949 4360 in
2984 4307 3287 4376 proverbio,
3324 4309 3522 4361 amanti
3551 4325 3674 4377 pcr-

2094 4402 2306 4468 suadet,
2337 4411 2394 4456 ut
2431 4416 2669 4455 amorem
2710 4400 3011 4468 abrumpat,
3051 4399 3319 4470 quomodo
3365 4415 3469 4454 non
3505 4402 3672 4454 multo

2096 4496 2265 4567 magis
2286 4493 2589 4564 spirituales
2621 4493 2705 4546 lite
2749 4494 3134 4547 incantationes
3165 4493 3362 4546 malum
3403 4493 3540 4547 istud
3580 4508 3672 4546 su-

2097 4597 2304 4661 perent,
2329 4586 2619 4642 dummodo
2647 4587 2714 4640 ab
2739 4601 2804 4638 eo
2830 4601 2926 4640 nos
2955 4600 3232 4640 removere
3254 4586 3307 4639 in
3337 4586 3565 4638 animum
3587 4585 3668 4637 in-

2097 4681 2385 4739 ducamus?
2414 4679 2566 4746 Quod
2590 4679 2634 4732 si
2663 4694 2782 4732 cum
2817 4679 2920 4731 illis
2950 4693 3225 4731 versemur
3251 4693 3314 4730 ac
3361 4677 3665 4730 confabule-

2099 4791 2235 4838 tnttr,
2270 4788 2389 4842 quae
2427 4768 2730 4840 hujusmodi
2775 4769 2877 4822 tela
2907 4770 2957 4821 iu
2984 4781 3081 4821 nos
3109 4777 3485 4836 contorquent,
3516 4782 3572 4822 ac
3595 4767 3663 4820 de

2099 4865 2204 4918 illis
2235 4873 2343 4917 tum
2367 4861 2670 4931 loquamur,
2703 4869 2814 4913 tum
2841 4858 3141 4924 audiamus,
3175 4858 3419 4912 morbum
3446 4858 3543 4912 hoc
3569 4873 3664 4926 pa-

2099 4965 2187 5011 cto
2216 4954 2427 5007 alimus.
2451 4955 2694 5017 Quonam
2719 4965 2848 5020 ergo
2886 4949 3045 5003 modo
3074 4950 3248 5018 ignem
3279 4949 3546 5018 exstingui
3569 4963 3664 5000 cu-

2103 5049 2202 5119 pis,
2233 5063 2354 5101 cum
2385 5045 2622 5116 quotidie
2648 5043 2913 5097 ﬂammam
2940 5040 3235 5096 accendas?
3260 5041 3338 5095 Ac
3362 5041 3427 5095 de
3449 5053 3658 5094 t'OttSlle-

2103 5141 2286 5195 tudine
2313 5139 2426 5192 Inec
2454 5138 2582 5190 mihi
2605 5135 2670 5190 ad
2695 5135 2920 5204 juvenes
2941 5134 3080 5188 dieta
3103 5134 3207 5186 sint
3235 5150 3248 5186 :
3279 5148 3400 5186 nam
3431 5133 3557 5203 quod
3585 5130 3656 5182 ad

2103 5233 2246 5285 viros
2276 5231 2488 5294 attinet,
2531 5241 2732 5296 eosque
2771 5226 2857 5294 qui
2891 5225 3255 5294 philosophari
3297 5234 3508 5286 norunt,
3534 5221 3654 5276 nihil

2104 5324 2325 5395 perinde
2345 5324 2515 5393 juvat,
2538 5331 2595 5374 ut
2615 5321 2704 5375 Dei
2729 5321 2908 5383 timor,
2935 5319 3194 5389 gehennae
3223 5320 3497 5381 memoria,
3516 5314 3652 5383 regni

2102 5417 2353 5472 caelorum
2401 5413 2693 5484 cupiditas;
2752 5411 2866 5465 haec
2917 5411 3057 5466 enim
3117 5410 3182 5464 ad
3230 5410 3650 5481 exstinguendum

2101 5510 2278 5580 ignem
2308 5507 2595 5562 sufficiunt.
2627 5507 2704 5559 Ac
2735 5514 2988 5573 praeterea
3021 5502 3147 5557 illud
3178 5512 3352 5558 tecum
3379 5511 3560 5571 reputa,
3595 5499 3647 5551 id

2103 5602 2248 5674 quod
2288 5601 2466 5657 cernis
2505 5598 2637 5654 nihil
2677 5597 2818 5653 aliud
2843 5611 2984 5663 esse,
3015 5611 3171 5666 quam
3204 5595 3435 5666 pituitam
3460 5601 3505 5649 et
3526 5607 3651 5644 san-

2107 5701 2321 5774 guinem
2367 5710 2430 5751 ac
2464 5691 2698 5763 corrupti
2739 5691 2974 5748 alimenti
3023 5704 3261 5746 succum.
3314 5692 3379 5746 At
3415 5689 3543 5744 tutus
3578 5698 3648 5740 ac
