3712 6212
91 157 136 216 δι
955 136 1024 192 ΙΝ
1065 133 1286 193 EPIST.
1326 133 1371 190 ll
1408 130 1500 188 AD
1531 130 1690 202 C08.
1726 132 1968 194 HOMIL.
2010 136 2127 194 VH.

91 279 200 328 ίττον
219 261 360 330 ἐκείνη
384 260 654 316 σϐέννυται
679 275 693 288 ·
722 257 798 321 ὡς
835 255 972 325 εἴγε
1004 254 1334 326 παρέμενεν,
1363 252 1437 315 ὡς
1468 252 1502 320 ἡ

91 368 130 420 δν
163 355 409 433 χρημάτων,
455 351 552 406 κᾶν
613 349 862 405 ἀπώλεσε
917 349 1006 402 τὸν
1058 347 1254 400 ἁλόντα
1312 346 1502 416 ἄρδην.

91 461 147 529 ξρε
168 448 256 515 οὖν,
297 447 397 518 περὶ
435 445 620 498 τούτου
678 444 807 512 ὑμῖν
854 441 1245 512 διαλεχθῶμεν,
1270 437 1365 491 τοῦ
1395 437 1506 492 τῶν

91 549 268 618 ›μάτων,
295 540 369 593 καὶ
392 538 576 607 ἴδωμεν
605 535 766 589 πόθεν
792 533 1015 600 αὒξεται
1044 531 1104 584 τὸ
1135 531 1301 584 κακόν
1323 549 1336 561 ·
1364 529 1507 584 οὕτω

91 660 122 712 ςρ
156 633 392 706 είσόμεθα,
424 631 528 684 είτε
568 628 835 701 ἡμέτερον
877 625 1034 678 τοῦτο
1079 624 1352 696 ἔγκλημα,
1396 624 1507 678 εἴτε

91 729 372 804 χήμέτερον·
407 725 495 778 καὶ
523 725 570 776 εἰ
615 721 712 793 μὲν
756 721 1042 790 ἡμέτερον,
1081 718 1256 772 πάντα
1287 716 1508 788 πράξω-

92 837 162 886 va,
185 821 300 873 ὥστε
338 813 699 887 περιγενέσθαι
737 829 751 844 ·
807 811 942 865 εἰδὲ
987 811 1086 881 οὐχ
1131 809 1422 881 ἡμέτερον,
1459 809 1509 862 τί

91 931 172 984 την
196 911 423 976 κόπτομεν
453 905 714 970 ἐαυτούς;
746 903 800 956 τί
846 902 903 956 δὲ
936 901 997 954 οὐ
1038 898 1508 970 συγγινώσκομεν,

91 1009 114 1059 ι’
137 999 418 1072 ἐγκαλοῦμεν
461 1001 572 1060 τοῖς
620 995 1042 1066 ἀλισκομένοις;
1083 992 1252 1046 Πόθεν
1293 988 1387 1045 οὖν
1431 990 1510 1042 τί-

91 1085 326 1155 εταιοῦτος
369 1093 393 1144 ὁ
437 1089 607 1160 ἐρως;
659 1087 790 1140 Ἀπὸ
832 1085 1136 1158 εὐμορφίας
1191 1082 1512 1155 προσώπου,

91 1189 168 1250 τὶν,
195 1185 304 1237 ὅταν
324 1180 445 1251 καλὴ
473 1181 566 1234 καὶ
591 1178 800 1249 εὐειδὴς
827 1179 860 1247 ἡ
893 1178 1266 1248 τιτρώσκουσα
1376 1177 1512 1246 Εἰκῆ

91 1281 155 1332 ita
182 1277 337 1344 λέγεις
364 1275 446 1328 καὶ
485 1273 681 1344 μάτην.
717 1272 781 1324 Εἰ
819 1271 929 1342 γάρ
973 1271 1072 1340 τῆς
1113 1269 1416 1339 εὐμορφίας
1454 1267 1512 1320 τὸ

96 1370 209 1431 στάς
244 1364 640 1429 ἐπισπάσασθαι,
674 1363 879 1426 πάντας
913 1361 977 1415 ἂν
1015 1361 1171 1432 ἔσχεν
1215 1361 1450 1432 ἐραστὰς
1479 1362 1512 1431 ὴ

91 1460 193 1531 ιύτη
225 1459 342 1530 κόρη
365 1476 376 1488 ·
402 1459 445 1511 εί
481 1458 538 1510 δὲ
564 1458 625 1510 οὐ
655 1457 864 1520 πάντας
896 1455 1030 1526 ἔχει,
1054 1456 1117 1507 οὐ
1152 1453 1250 1524 τῆς
1299 1453 1514 1520 φύσεως

91 1572 153 1615 το,
183 1552 294 1605 οὐδὲ
320 1551 373 1614 ἐξ
393 1550 709 1620 εὐμορφίας,
737 1549 852 1602 ἀλλ’
882 1547 941 1612 ἐξ
969 1547 1284 1600 ἀκολάστων
1315 1545 1516 1614 ὀφθαλ-

91 1662 130 1690 ι·
165 1645 282 1697 ὅταν
308 1643 404 1712 γάρ
439 1641 556 1694 ἰδὼν
587 1641 896 1712 περιέργως
927 1638 1214 1711 θαυμάσῃς
1254 1638 1348 1690 καὶ
1388 1638 1517 1708 ἐρα-

91 1756 127 1800 ς,
155 1734 306 1798 ἐδέξω
337 1733 390 1786 τὺ
417 1733 583 1802 βέλος.
621 1732 730 1784 Καὶ
761 1731 843 1794 τίς
882 1730 947 1784 ἂν
973 1729 1186 1782 δύναιτο
1216 1727 1385 1799 καλὴν
1420 1745 1519 1796 γυ-

91 1846 130 1880 ;α
157 1826 309 1897 ὁρῶν,
345 1825 411 1897 μὴ
440 1823 722 1878 ἐπαινέσαι
752 1821 851 1892 τὴν
879 1821 1199 1891 ὁρωμένην;
1236 1818 1414 1888 φησίν.
1457 1817 1518 1870 El

91 1937 140 1971 ,ιν
161 1920 217 1971 οὐ
250 1917 343 1986 τῆς
373 1915 739 1986 προαιρέσεως
769 1911 924 1983 ἡμῶν
954 1912 1014 1964 τὸ
1043 1910 1112 1964 τὰ
1141 1910 1363 1964 τοιαῦτα
1391 1909 1520 1962 θαυ-

91 2032 176 2075 ειν,
206 2013 301 2064 οὐκ
327 2012 378 2063 ἐν
402 2011 526 2080 ἡμῖν
547 2008 655 2078 ἄρα
679 2010 708 2061 ὁ
735 2006 895 2078 ἔρως.
940 2006 1212 2076 Ἐπίσχες,
1240 2005 1515 2076 ἄνθρωπε.

92 2107 227 2160 άντα
269 2102 451 2174 φύρεις
497 2100 658 2171 όμοῦ,
703 2099 976 2169 πανταχοῦ
1025 2098 1383 2169 περιτρέχων,
1428 2099 1521 2151 καὶ

91 2197 244 2250 ιακοῦ
267 2196 363 2266 τὴν
389 2193 540 2265 ῥίζαν
571 2193 672 2245 οὐκ
705 2191 903 2244 ἐθέλων
933 2191 1058 2243 ἰδεῖν
1082 2207 1096 2255 ;
1124 2190 1220 2242 καὶ
1249 2191 1356 2260 γάρ
1392 2188 1521 2241 πολ-

111 2287 221 2358 όρῶ
254 2284 627 2354 θαυμάζοντας
674 2281 767 2334 καὶ
806 2277 1181 2342 ἐπαινοῦντας,
1219 2279 1318 2332 οὐκ
1351 2279 1519 2348 ἐρῶν-

91 2380 150 2433 ἰέ.
180 2379 289 2432 Καὶ
324 2376 434 2440 πῶς
461 2376 538 2428 ένι
571 2371 946 2444 θαυμάζοντας
981 2371 1054 2444 μὴ
1091 2373 1265 2443 ἐρᾷνς
1299 2372 1391 2441 Μὴ
1436 2371 1523 2424 θο-

91 2490 142 2526 ι·
183 2471 344 2524 τοῦτο
388 2468 492 2538 γὰρ
527 2466 757 2538 ἔρχομαι
797 2465 970 2516 εἰπεῖν
997 2481 1010 2493 ·
1049 2463 1165 2517 ἀλλ’
1209 2464 1520 2532 ἀνάμεινον,

91 2565 278 2635 ικούσῃ
312 2561 405 2615 τοῦ
432 2559 707 2620 Μωῦσέως
733 2556 1099 2628 θαυμάζοντος
1131 2556 1222 2609 τὸν
1244 2557 1406 2609 παῖδα
1428 2555 1522 2608 τοῦ

92 2655 170 2718 »6,
223 2654 320 2708 καὶ
355 2652 639 2720 λέγοντος·
699 2649 804 2703 Καὶ
836 2645 914 2719 ἦν
955 2646 1174 2715 Ἰωσὴφ
1217 2647 1404 2710 καλὸς
1443 2645 1524 2711 τῷ

91 2793 101 2812 ,
135 2747 240 2801 καὶ
275 2745 487 2814 ὡραῖος
509 2741 582 2811 τῇ
612 2741 746 2810 ὄψει
779 2740 1035 2810 σφόδρα.
1059 2737 1207 2811 τΑροι
1235 2735 1327 2792 οὖν
1365 2739 1473 2808 ὴρα
1495 2740 1525 2791 ό

91 2861 104 2894 ι
136 2842 322 2908 λέγων
351 2857 366 2905 ;
408 2835 690 2906 Οὐδαμῶς.
727 2835 861 2889 Οὐδὲ
896 2833 1003 2904 γὰρ
1037 2833 1202 2903 ἐώρα,
1237 2833 1392 2902 φησὶ,
1434 2832 1525 2886 τὸν

92 2936 363 3005 ούμενον.
409 2930 565 2983 Ἀλλά
600 2931 692 2984 καὶ
723 2928 859 2999 πρὸς
890 2928 959 2981 τά
1001 2927 1310 2996 ἀκουόμενα
1350 2926 1523 2996 κάλλη

91 3026 218 3096 »μέν
246 3041 305 3076 τι
354 3021 615 3085 τοιοῦτον,
658 3021 718 3072 οὐ
757 3020 893 3088 πρὸς
941 3020 1010 3071 τά
1052 3017 1306 3090 ὁρώμενα
1344 3017 1523 3088 μόνον.

92 3121 124 3172 ξὲ
161 3117 246 3188 μὴ
296 3115 610 3185 φιλονεικῇς
648 3115 782 3183 ἡμῖν
825 3115 882 3164 ἐν
912 3113 1142 3174 τούτοις,
1172 3113 1202 3162 ό
1227 3110 1388 3164 Δαυῖδ
1427 3111 1528 3164 οὐκ

91 3214 252 3273 Dario;
307 3207 540 3278 σφόδρα,
601 3207 697 3258 καὶ
748 3203 1053 3274 ὑπέρυθρος
1110 3203 1248 3274 μετά
1300 3202 1528 3264 κάλλους

94 3303 227 3375 μῶν
253 3314 269 3367 ;
316 3301 345 3353 ὃ
373 3301 436 3370 δὴ
463 3299 698 3370 μάλιστά
727 3299 840 3350 ἐστι
872 3295 1332 3368 τυραννικώτερον
1363 3295 1528 3366 μέρος

91 3393 402 3465 φωρφίας,
439 3390 550 3444 τῶν
589 3389 882 3460 ὀφθαλμῶν
914 3389 975 3441 τὸ
1019 3387 1233 3452 κάλλος.
1275 3384 1400 3459 Ἆρ’
1436 3383 1528 3442 οὖν

91 3505 127 3558 η
162 3503 264 3549 -τις
299 3483 508 3550 αὐτοῦ;
535 3481 820 3552 Οὐδαμῶς.
850 3482 961 3535 Οὐκ
984 3481 1090 3550 ἄρα
1114 3479 1251 3551 μετά
1274 3479 1364 3533 τοῦ
1395 3479 1528 3533 θαυ-

91 3577 252 3631 ρκαὶ
301 3577 371 3628 τὸ
413 3575 545 3645 ἐρᾷν
583 3573 811 3642 γίνεται.
857 3573 965 3624 Καὶ
1000 3572 1108 3642 γὰρ
1153 3570 1246 3623 καὶ
1285 3571 1529 3640 μητέρας

91 3668 318 3723 πολλοὶ
354 3667 566 3738 σφόδρα
593 3664 858 3727 ἀνθούσας
883 3667 948 3734 τῇ
981 3663 1074 3716 τοῦ
1105 3661 1356 3733 σώματος
1386 3662 1526 3734 ὥρᾳ.

122 3779 141 3827 ;
174 3758 533 3832 ἠράσθησαν
566 3755 746 3808 αὐτῶν
775 3757 824 3808 οἱ
849 3756 1039 3818 παῖδες
1065 3772 1079 3821 ;
1120 3756 1335 3824 ’Ἄπαγε
1355 3772 1367 3784 ·
1395 3754 1531 3808 ἀλλά

91 3853 276 3916 ζουσι
325 3847 434 3918 μὲν
463 3847 522 3899 τὸ
545 3846 841 3917 ὁρώμενον,
872 3846 970 3899 οὐκ
1006 3846 1336 3917 ἐμπίπτουσι
1366 3845 1423 3898 δὲ
1451 3847 1530 3910 είς

109 3941 416 4013 αἰσχρόν.
450 3939 617 3992 Πάλιν
649 3939 755 4009 γὰρ
781 3937 881 4008 τῆς
912 3937 1126 4006 φύσεως
1163 3937 1224 3990 τὺ
1253 3938 1532 4008 κατόρθω-

97 4056 142 4089 ι.
183 4033 397 4096 Ποίας
425 4030 662 4100 φύσεως,
687 4030 808 4082 είπέ
835 4046 924 4100 μοι
947 4047 962 4097 ;
1000 4030 1120 4082 Ὅτι
1148 4031 1383 4101 μητέρες
1401 4030 1528 4095 εἰσὶ,

118 4127 299 4184 Εἶτα.
329 4127 442 4180 οὐκ
483 4124 722 4188 ἀκούεις,
766 4125 849 4176 ὅτι
880 4123 1107 4194 Πέρσαι,
1141 4123 1367 4194 μηδενὸς
1411 4141 1535 4177 κατ-

92 4224 374 4287 ζοντως,
431 4221 552 4283 ταῖς
587 4216 764 4271 αὐτῶν
817 4217 1100 4286 μίγνυνται
1150 4215 1409 4287 μητράσι,
1440 4217 1535 4269 καὶ

118 4315 288 4369 οὐδὲ
325 4313 613 4381 δεύτερος,
654 4309 769 4362 ἀλλ’
799 4307 1092 4379 ὁλόκληρον
1130 4306 1280 4370 ἔθνος
1307 4323 1321 4372 ;
1352 4308 1536 4378 Χωρὶς

91 4425 220 4473 ων,
258 4402 550 4460 κάκεῖθεν
577 4400 726 4474 [490]
749 4399 928 4471 δῆλον,
958 4400 1038 4452 ὅτι
1062 4397 1124 4450 τὸ
1145 4398 1358 4470 νόσημα
1379 4397 1536 4451 τοῦτο

91 4501 298 4571 ὥροις
337 4496 446 4550 τοῦ
488 4493 758 4565 σώματος,
789 4491 909 4546 οὐδέ
930 4491 1032 4561 τῆς
1061 4490 1365 4563 εὐμορφίας
1387 4491 1536 4543 ἐστὶν

110 4590 308 4647 ἀλλὰ
349 4591 462 4660 τῆς
504 4586 747 4658 ῥᾳθύμου
797 4585 892 4638 καὶ
935 4583 1295 4654 πλανωμένης
1336 4582 1533 4654 ψυχῆςο

91 4683 280 4755 γοῦν
350 4680 626 4742 πολλάκις
677 4678 872 4751 μυρίας
921 4678 1217 4748 εὐπρεπεῖς
1257 4677 1536 4748 παραδραο

91 4777 470 4845 γυναῖκας,
501 4775 619 4836 ταῖς
645 4770 1024 4841 αἰσχροτέραις
1052 4769 1257 4824 ἔδωκαν
1288 4769 1535 4832 ἐαυτούς·

92 4887 194 4921 ,ον
232 4869 356 4920 ὅτι
391 4866 461 4917 ob
493 4865 589 4934 τῆς
613 4862 913 4934 εὐμορφίας
951 4863 1010 4914 τὸ
1043 4863 1173 4933 ἐρᾷν
1217 4879 1230 4893 ·
1273 4863 1304 4932 ἢ
1340 4863 1448 4932 γὰρ
1472 4862 1539 4916 ἂν

92 4966 306 5015 εἶναι
346 4958 469 5028 πρὸ
493 4957 697 5010 τούτων
727 4958 854 5020 τοὺς
886 4957 1246 5026 ἐμπεσόντας.
1271 4955 1336 5007 Τί
1361 4952 1452 5008 οὖν
1477 4956 1538 5009 τὸ

123 5058 197 5108 εἰ
274 5051 426 5121 γὰρ
478 5050 552 5121 μὴ
589 5049 688 5118 τῆς
723 5048 1019 5120 εὐμορφίας
1058 5047 1118 5101 τὸ
1170 5049 1322 5118 ἐρᾷν,
1375 5047 1538 5100 πόθεν

124 5147 396 5220 ἀρχὴν
432 5145 527 5196 καὶ
552 5143 648 5213 τὴν
681 5143 854 5212 ῥίζαν,
886 5142 1083 5212 φησίν;
1130 5143 1262 5194 Ἀπὸ
1288 5142 1540 5212 δαίμονος

130 5257 152 5304 ;
214 5237 318 5289 'E
328 5252 438 5305 χει
469 5235 566 5304 μὲν
597 5234 692 5286 καὶ
729 5233 936 5286 ἐκεῖθεν
959 5248 972 5261 ·
1006 5233 1119 5286 ἀλλ’
1147 5233 1205 5286 ού
1241 5233 1396 5286 τοῦτό
1423 5237 1538 5286 ἐστι

91 5334 414 5403 ἱμενον,
453 5327 567 5380 ἀλλ’
595 5327 642 5378 εί
670 5326 744 5397 μὴ
783 5327 877 5379 καὶ
916 5328 1076 5398 ἡμεῖς
1103 5326 1284 5380 αἴτιοι.
1321 5329 1394 5380 Οὐ
1431 5328 1539 5398 γὰρ

107 5425 376 5497 μόνον
422 5421 461 5492 ἡ
515 5419 796 5490 ἐπιϐουλὴ,
843 5419 979 5474 ἀλλά
1033 5421 1150 5491 μετ’
1187 5421 1410 5476 ἐκείνων
1445 5423 1540 5477 καὶ

92 5613 285 5658 alur
339 5603 616 5666 πράξομεν.

3076 142 3186 200 652

1620 250 1778 323 ἡμῶν
1805 253 2034 323 πρῶτων
2056 254 2108 308 ι’.
2151 253 2461 324 Οὐδαμόθεν
2485 254 2595 327 γὰρ
2634 255 2904 328 ἑτέρωθεν
2937 255 3080 326 οὕτω
3104 261 3189 314 τί-

1616 360 1802 397 κτεται
1824 345 1883 398 τὸ
1912 346 2146 416 πονηρὸν
2168 349 2326 402 τοῦτο
2362 349 2594 418 νόσημα,
2623 348 2698 412 ὡς
2738 350 2846 403 ἀπὸ
2877 353 3188 424 συνηθείας,

1615 436 1709 489 καὶ
1738 436 2023 502 κολακείας
2055 439 2334 510 ῥημάτων,
2375 440 2469 494 καὶ
2495 438 2690 510 σχολῆς
2721 440 2815 494 καὶ
2851 442 3052 512 ἀργίας
3099 447 3194 501 καὶ

1615 527 1710 581 τοῦ
1739 529 1903 598 μηδὲν
1926 529 2073 600 ἔχειν
2105 533 2298 585 ποιεῖν.

1687 619 1751 684 ζ’.
1770 620 1998 692 Μεγάλη
2024 621 2155 694 γὰρ,
2178 623 2389 695 μεγάλη
2417 623 2519 694 τῆς
2543 626 2832 698 συνηθείας
2853 629 2887 699 ὴ
2912 630 3191 700 τυραννὶς,

1617 713 1709 766 καὶ
1736 713 1992 785 τοσαύτη,
2026 713 2100 778 ὡς
2122 717 2201 778 είς
2227 715 2445 786 φύσεως
2468 719 2714 790 ἀνάγκην
2744 720 3109 776 καθίστασθαι
3135 733 3186 776 α.

1619 807 1680 858 El
1701 804 1758 857 δὲ
1796 806 2051 878 συνήθεια
2083 807 2144 860 τὸ
2165 808 2370 862 τίκτειν
2404 809 2571 881 αὐτὴν
2590 853 2605 875 ,
2636 811 2858 883 εὔδηλον
2882 814 2964 867 ὅτι
2991 816 3086 868 καὶ
3133 814 3198 868 τὸ

1619 891 1930 952 σϐεννύναι.
1963 895 2155 950 Πολλοὶ
2206 897 2338 967 γοῦν
2386 899 2620 970 ἐρῶντες
2661 901 2836 967 οὔτως
2863 903 3194 970 ἐπαύσαντο,

1622 985 1696 1056 μὴ
1726 987 2018 1058 ὁρωμένων
2045 989 2155 1042 τῶν
2183 991 2491 1062 ἐρωμένων.
2527 993 2698 1048 Τοῦτο
2740 996 2797 1048 δὲ
2828 996 2964 1070 πρὸς
3021 998 3197 1069 βραχύ

1623 1077 1722 1149 μὲν
1745 1079 1893 1133 δοκεῖ
1914 1081 2110 1152 πικρὸν
2142 1079 2301 1147 εἶναι,
2334 1084 2430 1138 καὶ
2458 1087 2662 1160 σφόδρα
2685 1088 2850 1158 ἀηδές
2875 1103 2890 1117 '
2919 1090 2997 1160 τῷ
3019 1092 3199 1163 χρόνῳ

1621 1168 1678 1222 δὲ
1707 1171 1802 1241 ἡδὺ
1828 1171 2056 1240 γίνεται,
2093 1176 2188 1228 καὶ
2209 1175 2328 1229 οὐδέ
2359 1177 2709 1248 βουλομένοις
2736 1180 2924 1235 λοιπὸν
2956 1181 3036 1235 ἔνι
3068 1183 3201 1238 ἀνα-

1621 1266 1926 1335 κτήσασθαι
1945 1267 2005 1320 τὸ
2035 1267 2224 1332 πάθος.
2247 1269 2311 1322 Τί
2336 1265 2429 1323 οὖν
2449 1271 2576 1324 ὅταν
2593 1271 2884 1342 συνηθείας
2906 1274 3074 1344 χωρὶς
3091 1276 3201 1329 ἀπὸ

1623 1355 1846 1427 πρώτης
1876 1358 1974 1429 τῆς
1998 1359 2172 1429 ὂψεως
2201 1361 2313 1413 ἀλῶ
2334 1379 2346 1423 ς
2369 1363 2663 1417 Κάνταῦθα
2691 1366 2858 1436 ἀργία
2885 1367 2980 1420 τοῦ
3010 1367 3200 1435 σώμα-

1623 1449 1778 1518 τος,ἢ
1804 1450 2035 1522 τρυφὴά,
2056 1452 2225 1505 καὶτὸ
2245 1454 2318 1525 μὴ
2342 1455 2642 1525 φροντίζειν
2665 1457 2771 1510 τῶν
2791 1461 3198 1530 προσηκόντων,

1628 1540 1762 1611 μηδὲ
1793 1542 1850 1592 ἐν
1894 1542 2215 1610 ἀναγκαίοις
2262 1542 2403 1598 εἶναι
2440 1549 2748 1618 πράγμασι,
2785 1550 3052 1622 Καθάπερ
3092 1553 3203 1625 γὰρ

1626 1632 1826 1697 πλάνος
1842 1637 1971 1697 τιςό
2003 1635 2246 1699 τοιοῦτος
2272 1640 2717 1709 περιερχόμενος,
2757 1643 2917 1694 παντὶ
2948 1644 3203 1712 περιπεί-

1631 1743 1779 1798 ρεται
1811 1726 2031 1798 πονηρῷ
2051 1742 2064 1755 ’
2089 1728 2183 1780 καὶ
2212 1728 2464 1801 καθάπερ
2490 1732 2696 1784 παιδίον
2721 1732 2934 1802 ἄφετον,
2963 1735 2992 1786 ὁ
3023 1733 3204 1804 βουλό-

1631 1834 1790 1886 μενος
1817 1819 2195 1888 ἀνδραποδίζει
2217 1821 2316 1892 τὴν
2337 1821 2591 1893 τοιαύτην
2613 1823 2810 1894 ψυχήν.
2853 1825 3069 1897 Ἐπειδὴ
3096 1827 3205 1898 γὰρ

1628 1910 1747 1974 ἔθος
1770 1911 1904 1982 αὐτῇ
1940 1914 2202 1982 ἐνεργεῖν,
2221 1913 2348 1966 ὅταν
2373 1913 2544 1984 αὐτῆς
2566 1915 2780 1988 παύσῃς
2800 1917 2898 1986 τὴν
2927 1918 3205 1989 ἐνέργειαν

1629 2000 1726 2072 τὴν
1756 2003 1815 2054 ἐν
1865 2005 1976 2064 τοῖς
2027 2003 2271 2070 ἀγαθοῖς,
2335 2005 2524 2077 ἐπειδὴ
2591 2007 2780 2077 ἀργεῖν
2833 2010 2894 2063 οὐ
2943 2009 3204 2078 δύναται,

1629 2094 2002 2162 ἀναγκάζεται
2036 2096 2199 2169 ἕτερα
2234 2097 2458 2150 τίκτειν.
2489 2098 2756 2169 Καθάπερ
2790 2101 2822 2169 ἠ
2854 2100 2944 2170 γῆ,
2973 2102 3100 2155 ὅταν
3133 2103 3207 2173 μὴ

1632 2187 1921 2258 σπείρηται
1986 2188 2122 2258 μηδὲ
2185 2187 2484 2260 φυτεύηται
2519 2229 2533 2252 ,
2599 2189 2827 2262 βοτάνην
2887 2193 3208 2246 ἀναδίδωσιν

1632 2277 1814 2340 ἁπλῶς
1839 2293 1850 2305 °
1883 2276 2025 2330 οὕτω
2079 2278 2172 2331 καὶ
2223 2280 2253 2348 ὴ
2305 2278 2470 2349 ψυχὴ,
2503 2279 2632 2333 ὅταν
2669 2280 2743 2351 μὴ
2773 2281 2874 2353 ἔχῃ
2901 2299 2952 2333 τι
3007 2283 3211 2352 πρᾶξαι

1629 2370 1740 2422 τῶν
1789 2371 2122 2439 ἀναγκαίων,
2155 2373 2370 2434 πάντως
2410 2372 2502 2426 τοῦ
2558 2373 2817 2443 πράττειν
2845 2373 3210 2445 ἐπιθυμοῦσα,

1631 2467 1884 2536 πονηροῖς
1906 2464 2103 2534 ἑαυτὴν
2124 2447 2306 2518 δίδωσι
2339 2465 2646 2536 πράγμασι.
2678 2467 2785 2520 Καὶ
2807 2467 2997 2538 ὥσπερ
3016 2467 3216 2534 ὀφθαλ-

1635 2557 1735 2628 μὸς
1764 2557 1859 2610 τοῦ
1901 2557 1998 2627 μὲν
2031 2558 2163 2628 όρᾷν
2191 2557 2252 2610 οὐ
2296 2557 2553 2621 παύεται,
2586 2559 2680 2610 καὶ
2705 2559 2792 2612 διὰ
2841 2558 2998 2612 τοῦτο
3025 2559 3213 2628 ὄψεται

1633 2651 1865 2720 πονηρά,
1913 2651 2038 2703 ὅταν
2073 2648 2254 2718 ἀγαθὰ
2289 2649 2362 2720 μὴ
2462 2651 2796 2720 ὑποκείμενα
2833 2668 2846 2680 ·
2872 2653 3016 2706 οὕτω
3063 2655 3156 2707 καὶ
3184 2656 3213 2707 ό

1632 2741 1928 2810 λογισμὸς,
1985 2742 2113 2796 ὅταν
2163 2742 2272 2794 τῶν
2320 2743 2632 2812 ἀναγκαίων
2681 2745 2870 2798 ἐαυτὸν
2925 2746 3211 2817 ἀπαγάγῃ,

1635 2833 1763 2904 περὶ
1791 2834 1857 2887 τὰ
1885 2833 2130 2907 ἄχρηστα
2155 2833 2447 2906 στρέφεται
2479 2833 2664 2887 λοιπόν
2691 2852 2705 2866 ο
2735 2835 2857 2887 ἐπεὶ
2885 2837 2965 2889 ὅτι
2989 2837 3086 2890 καὶ
3113 2837 3214 2908 τὴν

1635 2920 1858 2993 πρώτην
1911 2922 2218 2993 προσϐολὴν
2250 2922 2472 2976 δύναται
2505 2923 2950 2993 ἀποκρούσασθαι
2987 2927 3213 2998 ἀσχολία

1635 3015 1727 3068 καὶ
1765 3015 2006 3084 φροντὶς,
2042 3015 2367 3084 πολλαχόθεν
2417 3015 2593 3086 δῆλον.
2628 3016 2796 3070 Ὅταν
2824 3015 2916 3072 οὖν
2956 3019 3070 3090 ίδῃς
3114 3037 3214 3088 γυ-

1635 3111 1796 3162 ναῖκα
1821 3108 2012 3178 καλὴν,
2037 3106 2130 3160 καὶ
2147 3108 2325 3179 πάθῃς
2355 3125 2406 3161 τι
2443 3108 2579 3178 πρὸς
2604 3107 2793 3179 αὐτὴν,
2819 3110 3018 3180 μηκέτι
3070 3112 3209 3183 ίδῃς,

1638 3199 1731 3251 καὶ
1759 3197 2104 3268 ἀπηλλάγης.
2130 3199 2238 3251 Καὶ
2265 3199 2382 3262 πῶς
2409 3198 2709 3270 δυνήσομαι
2733 3203 2931 3272 μηκέτι
2960 3203 3087 3256 ἰδεῖν
3110 3205 3215 3258 ὑπὸ

1637 3290 1736 3361 τῆς
1775 3290 2073 3362 ἐπιθυμίας
2127 3292 2417 3360 ἑλκόμενος
2441 3335 2454 3357 ,
2487 3293 2678 3364 φησίν;
2723 3295 2961 3366 Ἐτέροις
2993 3299 3215 3352 σεαυτὸν

1636 3386 1724 3448 δὸς
1756 3424 1772 3448 ,
1836 3385 2184 3457 περιέλκουσι
2228 3386 2325 3457 τὴν
2355 3385 2532 3456 ψυχὴν
2565 3426 2580 3450 ,
2620 3386 2846 3456 βιϐλίοις
2875 3428 2889 3452 ,
2939 3393 3218 3461 φροντίσιν

1637 3477 2000 3544 ἀναγκαίαις,
2055 3477 2446 3550 προστασίαις,
2491 3477 2762 3550 βοηθείαις
2822 3480 3214 3550 ἀδικουμένων,

1639 3571 1845 3639 εὐχαῖς,
1880 3569 2168 3642 φιλοσοφίᾳ
2196 3571 2260 3639 τῇ
2289 3570 2416 3640 περὶ
2437 3569 2545 3624 τῶν
2577 3570 2875 3641 μελλόντων
2906 3591 2920 3605 ο
2956 3572 3218 3638 τοιούτοις

1637 3662 1941 3733 κατάδησον
1992 3661 2091 3732 τὴν
2143 3661 2344 3732 ψυχήν.
2411 3661 2595 3723 Οὐτως
2646 3663 2790 3735 οὐχὶ,
2821 3665 3012 3735 νεαρὸν
3063 3665 3218 3730 ἕλκος

1639 3753 1906 3826 διορθὼσῃ
1939 3753 2118 3822 μόνον,
2150 3753 2286 3806 ἀλλά
2338 3754 2512 3822 παγὲν
2553 3756 2645 3808 καὶ
2692 3756 2902 3827 χρόνιον
2933 3758 3220 3828 γενόμενον

1641 3848 1918 3920 ἀποτρίψῃ
1941 3847 2314 3920 ῥᾳδίωςμθι]
2333 3849 2392 3902 Et
2415 3848 2521 3921 γὰρ
2541 3848 2798 3922 ὐϐριςτὸν
2820 3852 3028 3923 ἐρῶντα
3044 3853 3221 3907 πείθει

1641 3941 1930 3996 καταλύειν
1959 3941 2050 3994 τὸν
2103 3942 2298 4012 ἔρωτα,
2336 3942 2476 3995 κατὰ
2503 3943 2601 4012 τὴν
2640 3945 2938 4016 παροιμίαν
2962 3989 2975 4009 ,
3009 3945 3125 4010 πῶς
3157 3947 3220 4000 οὐ

1643 4036 1822 4107 πολλῷ
1856 4035 2055 4106 μᾶλλον
2093 4037 2149 4088 αἱ
2203 4039 2573 4106 πνευματικαὶ
2606 4031 2764 4090 αὗται
2801 4038 3006 4109 ἐπῳδαὶ
3061 4059 3221 4112 περι-ο

1641 4129 1856 4183 έσονται
1886 4127 1980 4180 τοῦ
2029 4125 2232 4190 κακοῦ,
2264 4127 2422 4197 μόνον
2462 4127 2528 4180 ἂν
2569 4128 2840 4198 ἐθέλωμεν
2888 4131 3219 4202 ἀποστῆναι;

1649 4221 1745 4273 Ἂν
1791 4219 1849 4271 δέ
1899 4219 1987 4272 ἀεὶ
2046 4217 2468 4288 προσομιλῶμεν
2508 4219 2603 4271 καὶ
2653 4221 3224 4292 συναναστρεφώμεθα

1643 4313 1764 4374 ταῖς
1809 4308 2152 4374 τοξευούσαις
2184 4311 2332 4379 ἡμᾶς
2374 4309 2443 4362 τὰ
2493 4311 2718 4364 τοιαῦτα
2751 4311 3077 4383 τοξεύματα,
3131 4317 3224 4367 καὶ

1643 4403 1890 4474 λέγοντες
1915 4405 2010 4457 καὶ
2042 4401 2330 4464 ἀκούοντες
2358 4402 2429 4456 τά
2482 4405 2612 4475 παρ’
2649 4404 2894 4467 ἐκείνων,
2953 4406 3226 4476 τρέφομεν

1643 4497 1707 4550 τὸ
1745 4496 1980 4565 νόσημα.
2023 4495 2147 4558 Πῶς
2180 4490 2275 4548 οὖν
2304 4495 2476 4559 ἀξιοῖς
2511 4495 2804 4564 σϐεσθῆναι
2837 4495 2897 4548 τὸ
2939 4495 3070 4568 πῦρ,
3103 4497 3225 4550 καθ’

1647 4591 1884 4660 ἐκάστην
1935 4589 2150 4660 ἡμέραν
2200 4589 2300 4657 τὴν
2351 4587 2522 4656 φλόγα
2566 4589 2863 4647 ἀνάπτωνξ
2910 4591 3022 4643 Καὶ
3049 4591 3226 4645 ταῦτα

1650 4683 1748 4754 μὲν
1775 4683 1906 4754 ἡμῖν
1931 4682 2001 4736 τὰ
2024 4682 2124 4751 τῆς
2150 4680 2437 4752 συνηθείας
2457 4680 2595 4750 πρὸς
2611 4682 2738 4744 τοὺς
2759 4682 2913 4745 νέους
2939 4682 3180 4754 εἰρήσθω
3209 4699 3223 4713 ο

1646 4775 1721 4840 ὡς
1778 4779 1889 4839 τοῖς
1945 4792 2008 4844 γε
2052 4773 2298 4847 ἀνδράσι,
2331 4775 2423 4826 καὶ
2478 4773 2788 4841 φιλοσοφεῖν
2820 4774 3222 4844 ἐπισταμένοις,

1647 4869 1864 4922 πάντων
1927 4866 2126 4938 μείζων
2173 4869 2201 4920 ό
2234 4865 2326 4918 τοῦ
2375 4864 2507 4917 Θεοῦ
2557 4863 2740 4932 φόϐος,
2779 4868 2810 4934 ὴ
2861 4865 2960 4936 τῆς
3004 4865 3227 4936 γεέννης

1652 4965 1870 5030 μνήμη,
1996 4959 2094 5028 τῆς
2159 4957 2433 5028 βασιλείας
2482 4957 2589 5008 τῶν
2645 4956 2886 5026 οὐρανῶν
2929 4956 3224 5028 ἐπιθυμία’

1653 5053 1812 5105 ἱκανά
1841 5052 1951 5121 γὰρ
1987 5050 2160 5104 ταῦτα
2206 5050 2396 5103 σϐέσαι
2431 5049 2492 5102 τὸ
2546 5049 2676 5120 πῦρ.
2725 5051 2878 5104 Μετά
2923 5050 2979 5103 δὲ
3026 5050 3233 5108 τούτων

1651 5147 1871 5196 κάκεῖνο
1906 5143 2099 5206 ἐννόει,
2135 5144 2217 5196 ὅτι
2259 5140 2411 5195 οὐδὲν
2447 5141 2634 5212 ἕτερόν
2677 5141 2794 5193 ἐστι
2831 5141 2890 5193 τὸ
2931 5141 3228 5212 ὁρώμενον,

1650 5231 1683 5298 ἢ
1718 5230 1936 5300 φλέγμα
1959 5229 2054 5282 καὶ
2085 5223 2224 5297 αἷμα
2259 5231 2350 5281 καὶ
2369 5229 2576 5299 τροφῆς
2611 5229 3000 5301 διασεσηπυίας
3030 5233 3222 5302 χυμός.

1665 5323 1825 5374 Ἀλλὰ
1869 5321 2092 5392 φαιδρὸν
2137 5321 2198 5373 τὸ
2243 5321 2403 5386 ἄνθος
2465 5321 2564 5392 τῆς
2610 5322 2804 5393 ὅψεως,
2852 5323 3034 5394 φησίν.
3088 5323 3228 5377 Ἀλλ’

1715 5485 1744 5525 ιθ
1772 5486 1879 5542 λίς..
1899 5487 1978 5550 καὶ
1999 5489 2136 5550 ἡμῶν
2167 5489 2368 5550 πρῶτον.

1721 5561 1743 5611 ς
1775 5549 2030 5608 Legebat!"
2054 5549 2368 5611 μεθίστασθαι.

1717 5609 1742 5652 d
1769 5611 2027 5676 Lagei-amr
2051 5609 2221 5677 τροφή.
