3780 6346
441 267 552 326 155

1151 263 1210 320 S.
1245 262 1530 322 JOANNIS
1565 259 2052 321 CHRYSOSTOMI
2091 261 2413 320 ARCHIEP.
2455 255 3012 320 CONSTANTINOP.

3569 267 3675 322 431

439 380 592 436 οὕδὲν
606 377 715 434 τῶν
741 377 916 432 ἀνθῶν
934 377 1043 432 τῶν
1073 377 1180 432 ἀπὸ
1200 379 1298 448 τῆς
1325 378 1430 447 γῆς
1460 375 1810 450 φαιδρότερον
1835 394 1850 409 ·
1886 379 2022 434 ἀλλὰ
2123 377 2400 450 θαυμάσαι
2423 394 2438 409 ·
2456 377 2596 432 οὕτω
2623 377 2844 432 δυνατὸν
2870 377 3047 448 ψυχῆς
3075 377 3272 444 κάλλος
3294 381 3464 452 χωρὶς
3489 381 3678 449 ὀφθαλ-

442 473 536 528 καὶ
567 469 741 524 ταῦτα
769 473 999 540 σήπεται
1045 470 1139 524 καὶ
1176 471 1520 542 μαραίνεται.
1553 469 1644 540 Μὴ
1673 471 1852 522 τοίνυν
1887 471 2020 541 μηδὲ

449 563 680 618 ἐνταῦθα
713 563 791 632 τῷ
820 563 970 617 ἄνθει
1017 563 1250 634 πρόσεχε
1287 581 1300 594 ·
1331 563 1444 616 ἀλλ’
1501 563 1773 634 ἐνδότερον
1803 563 2019 633 διάϐηθι

444 652 520 722 τῷ
551 652 816 721 λογισμῷ,
865 652 957 704 καὶ
989 652 1050 703 τὸ
1079 651 1253 721 δέρμα
1281 652 1342 703 τὺ
1370 650 1534 704 καλὸν
1555 653 1729 702 ἐκεῖνο
1761 649 2020 720 περιελὼν

437 745 516 812 τῷ
564 743 832 814 λογισμῷ.
878 743 1244 813 περιεργάζου
1295 743 1363 796 τά
1412 741 1517 795 ὑπὸ
1565 742 1724 795 τοῦτο
1765 743 2016 812 κείμενα.

455 830 602 889 Ἐπεὶ
631 837 808 889 καὶτὸ
831 835 939 888 τῶν
977 834 1312 904 ύδεριώντων
1343 834 1505 905 σῶμα
1530 835 1844 888 ἀποστίλϐει
1873 835 2017 904 λαμ-

443 929 599 998 πρὸν,
637 929 732 981 καὶ
760 928 907 980 οὐδὲν
951 929 983 996 ή
1017 927 1308 995 ἐπιφάνεια
1363 926 1565 995 φαῦλον
1604 927 1735 997 ἔχει,
1774 925 1910 979 ἀλλά
1950 929 2016 996 τῇ

441 1021 616 1091 ἐννοίᾳ
665 1019 758 1072 τοῦ
801 1018 948 1072 ἔνδον
989 1019 1349 1086 ἀποκειμένου
1400 1017 1574 1089 χυμοῦ
1621 1019 2016 1088 πληττόμενοι,

440 1111 612 1180 φιλεῖν
658 1109 782 1170 τοὺς
827 1109 1100 1171 τοιούτους
1149 1110 1208 1161 οὐ
1267 1109 1563 1180 δυνάμεθα.
1606 1110 1744 1161 Ἀλλ’
1791 1109 1953 1180 ὑγρὸς
1989 1111 2018 1162 ό

438 1201 735 1271 ὀφθαλμὸς,
786 1203 878 1254 καὶ
925 1201 1142 1270 γοργὸς,
1199 1202 1292 1254 καὶ
1344 1201 1524 1263 καλῶς
1573 1201 2014 1270 ἀποτεταμένηή

439 1293 634 1362 ὀφρῦς,
657 1293 751 1344 καὶ
775 1296 972 1344 κυαναῖ
990 1295 1046 1344 αἰ
1084 1291 1421 1362 βλεφαρίδες,
1445 1293 1539 1346 καὶ
1558 1293 1764 1360 ἥμερος
1797 1293 1830 1360 ἡ
1855 1291 2014 1362 κόρη,

438 1385 534 1440 καὶ
563 1385 795 1454 γαληνὸν
832 1384 892 1436 τὸ
920 1383 1094 1453 ὄμμα.
1147 1384 1286 1435 Ἀλλ’
1316 1384 1418 1454 ὅρα
1443 1385 1523 1435 ὅτι
1567 1385 1700 1436 αὐτὸ
1731 1381 1888 1434 τοῦτο
1920 1382 2018 1434 πά·

437 1474 522 1527 λιν
575 1475 726 1528 οὐδὲν
779 1475 962 1543 ἕτερόν
1016 1476 1182 1534 ἐστιν,
1235 1473 1266 1544 ἢ
1322 1473 1488 1544 νεῦρα
1537 1473 1630 1526 καὶ
1664 1473 1858 1541 φλέϐες
1915 1473 2014 1525 καὶ

439 1567 638 1636 ὑμένες
693 1566 788 1618 καὶ
821 1566 1099 1637 ἀρτηρίαι.
1135 1565 1206 1617 Σὺ
1251 1565 1307 1617 δέ
1351 1582 1440 1632 μοι
1477 1566 1566 1618 τὸν
1628 1565 1791 1618 καλὸν
1821 1564 2012 1617 τοῦτον

440 1657 720 1726 ὀφθαλμὸν
749 1657 998 1722 ἐννόησον
1027 1654 1308 1720 νοσοῦντα,
1343 1655 1617 1724 γηρῶντα,
1653 1655 1757 1707 ὑπὸ
1775 1654 2012 1724 ἀθυμίας

441 1749 854 1819 μαραινόμενον,
907 1747 1014 1800 ὑπὸ
1067 1747 1239 1818 ὀργῆς
1288 1745 1552 1808 οἰδοῦντα,
1585 1747 1702 1809 πῶς
1746 1747 2007 1818 εἰδεχθὴς,

439 1841 556 1904 πῶς
580 1841 790 1910 ταχέως
823 1840 1139 1900 ἀπόλλυται,
1162 1839 1256 1891 καὶ
1282 1840 1389 1890 τῶν
1409 1837 1806 1907 γεγραμμένων
1827 1839 2010 1908 τάχιον

435 1933 780 2002 ἀφανίζεται.
830 1933 964 1984 Ἀπὸ
987 1930 1191 1984 τούτων
1221 1930 1496 1999 μετάγαγε
1527 1929 1622 1999 τὴν
1647 1930 1886 1983 διάνοιαν
1919 1929 2011 1982 ἐπὶ

435 2025 497 2078 τὸ
539 2025 733 2087 κάλλος
760 2024 821 2076 τὸ
857 2021 1126 2093 ἀληθινόν.
1167 2021 1306 2074 Ἀλλ’
1337 2021 1436 2090 οὐχ
1464 2020 1594 2092 ὁρῶ,
1631 2021 1783 2090 φησὶ,
1821 2020 2015 2083 κάλλος

435 2116 636 2186 ψυχῆς.
701 2114 842 2167 Ἀλλ’
899 2113 966 2167 ἂν
1025 2111 1234 2184 ἐθέλῃς,
1284 2111 1404 2182 ὄψει
1436 2129 1449 2142 ·
1498 2111 1592 2166 καὶ
1646 2111 1834 2182 ὥσπερ
1891 2111 2014 2174 τοὺς

435 2209 674 2272 ἀπόντας
724 2207 922 2270 καλοὺς
977 2205 1124 2258 ἔστιν
1152 2205 1448 2276 ὀφθαλμοῖς
1485 2204 1560 2274 μὴ
1595 2203 1768 2256 ἰδόντα
1813 2203 1888 2274 τῷ
1938 2201 2014 2273 νῷ

2124 469 2240 540 μῶν
2275 469 2423 524 ἰδεῖν.
2453 471 2562 540 Οὐχ
2591 470 2914 540 ύπέγραψας
2943 470 3200 535 πολλάκις
3239 473 3452 544 μορφὴν
3485 475 3674 545 εὐειδῆ,

2119 562 2212 612 καί
2234 559 2432 624 ἐπαθ¹ές
2455 579 2508 614 τι
2531 561 2666 631 πρὸς
2694 561 2792 633 τὴν
2831 562 3149 626 διάπλασινς
3191 563 3568 619 ’Δνατύπωσον
3590 567 3676 619 καὶ

2117 651 2214 704 νῦν
2251 652 2428 722 ψυχῆς
2457 653 2669 716 κάλλος,
2712 655 2804 706 καὶ
2833 653 3074 723 ὲντρύφα
3103 657 3168 724 τῇ
3215 655 3507 726 εὐμορφία.
3545 657 3676 710 Ἀλλ’

2116 743 2214 810 ούχ
2255 742 2384 812 ὁρῶ,
2423 743 2616 812 φησιν,
2665 745 2950 813 ἀσώματα.
2983 744 3094 797 Καὶ
3145 747 3250 816 μὴν
3285 747 3392 798 τῶν
3417 749 3676 816 σωμάτων

2117 835 2257 887 αὐτά
2298 833 2496 904 μᾶλλον
2521 834 2734 904 ὁρῶμεν
2761 834 2840 904 τῷ
2866 834 2956 905 νῷ.
2994 835 3092 887 Διά
3125 837 3280 888 τοῦτο
3311 835 3438 904 γοῦν
3469 835 3678 907 θαυμά-

2116 925 2282 994 ζομεν
2321 925 2415 976 καὶ
2446 923 2712 993 ἀγγέλους
2748 925 2841 977 καὶ
2867 925 3258 995 ὰρχαγγέλους,
3306 926 3477 979 καίτοι
3505 944 3574 996 γε
3609 929 3676 998 μὴ

2113 1015 2368 1085 ὁρῶντες,
2397 1017 2488 1068 καὶ
2541 1016 2758 1086 τρόπων
2795 1017 2897 1087 ἢθη
2956 1017 3050 1068 καὶ
3090 1016 3264 1086 ψυχῆς
3297 1018 3514 1088 ἀρετήν.
3563 1017 3676 1071 Κᾶν

2115 1107 2231 1178 ἴδῃς
2255 1107 2538 1178 ἄνθρωπον
2563 1110 2778 1178 ἐπιεικῆ
2809 1109 2904 1161 καὶ
2931 1109 3170 1179 μέτριον,
3202 1109 3400 1179 μᾶλλον
3423 1110 3675 1180 θαυμάσῃ

2116 1197 2303 1251 τοῦτον
2349 1199 2383 1269 ἢ
2435 1199 2649 1267 ἐκείνην
2699 1200 2800 1270 τὴν
2857 1197 3128 1269 εὔμορφον
3179 1198 3298 1268 ὄψιν
3339 1216 3351 1229 ·
3413 1201 3516 1253 κᾶν
3567 1200 3680 1270 τδῃς

2116 1289 2503 1360 ὑϐριζόμενον,
2543 1289 2636 1344 καὶ
2669 1290 2900 1360 φέροντα
2953 1291 3302 1361 ἀδικούμενον
3329 1333 3344 1356 ,
3396 1291 3538 1360 μετὰ
3587 1291 3676 1344 τοῦ

2116 1378 2418 1447 θαυμάζειν
2450 1377 2550 1449 ἐρα
2574 1377 2683 1430 τῶν
2711 1379 2981 1442 τοιούτων,
3010 1379 3112 1433 κᾶν
3167 1381 3534 1452 γεγηρακότες
3559 1373 3674 1433 ὦσι.

2114 1471 2223 1524 Καὶ
2251 1469 2358 1541 γὰρ
2385 1471 2624 1524 τοιοῦτον
2659 1471 2760 1541 τῆς
2789 1471 2966 1542 ψυχῆς
2995 1472 3055 1524 τὸ
3079 1471 3304 1536 κάλλος,
3330 1473 3424 1526 καὶ
3451 1474 3510 1524 ὲν
3533 1474 3678 1544 γήρᾳ⁵

2115 1561 2341 1624 πολλοὺς
2362 1562 2472 1632 ἔχει
2503 1563 2629 1626 τοὺς
2653 1562 2908 1634 ἐραστὰς,
2935 1564 3029 1616 καὶ
3055 1563 3308 1618 οὐδέποτε
3335 1564 3676 1634 μαραίνεται,

2118 1655 2233 1708 ἀλλ’
2262 1653 2412 1708 ἀνθεῖ
2457 1653 2738 1723 διηνεκῶς.
2777 1653 2876 1706 Ἴν⁸
2913 1649 3004 1706 οὖν
3050 1655 3143 1706 καὶ
3177 1654 3328 1706 αὐτοὶ
3365 1653 3524 1706 τοῦτο
3551 1671 3680 1722 κτη-

2117 1746 2360 1817 σώμεθα,
2373 1745 2494 1808 τοὺς
2515 1745 2736 1815 ἔχοντας
2755 1745 2884 1798 αὐτὸ
2901 1744 3173 1816 θηρῶμεν,
3191 1744 3277 1798 ιιιαἰ
3297 1743 3677 1816 ἐρασταὶμθῖ]

2115 1839 2318 1893 τούτων
2335 1838 2628 1908 γινώμεθα.
2653 1837 2808 1890 Οὕτω
2848 1839 2958 1906 γὰρ
2981 1839 3076 1890 καὶ
3117 1838 3267 1892 αὐτοὶ
3313 1835 3677 1906 δυνησόμεθα.

2117 1931 2322 2000 ταύτην
2347 1929 2602 1992 λαϐόντες
2624 1929 2722 1999 τὴν
2747 1929 3066 2002 εὐμορφίαν,
3097 1928 3205 1980 τῶν
3229 1927 3458 1982 αἰωνίων
3481 1929 3678 1980 ἐπιτυ-

2121 2025 2240 2092 χεῖν
2293 2018 2512 2088 ἀγαθῶν
2544 2035 2556 2048 ·
2581 2013 2656 2072 ὧν
2697 2019 2904 2087 γένοιτο
2943 2019 3148 2081 πάντας
3189 2017 3333 2088 ἡμᾶς
3359 2020 3676 2086 μετασχεῖν,

2121 2113 2300 2184 χάριτι
2329 2111 2423 2164 καὶ
2447 2109 2844 2182 φιλανθρωπίᾳ,
2875 2109 3062 2166 καὶτὰ
3091 2110 3236 2182 ἑξῆς.

1945 2479 2186 2532 ΟΜΙΛῙΑ
2227 2479 2311 2534 H’.

439 2578 719 2646 Ἔχοντες
793 2569 905 2630 οὖν
954 2572 1072 2642 τὴν
1132 2572 1443 2626 διακονίαν
1478 2573 1707 2639 ταύτην
1731 2613 1746 2634 ,
1811 2572 2005 2638 καθὼς

505 2667 868 2736 ἠλεήθημεν,
913 2668 1024 2720 οὐκ
1043 2663 1438 2734 ἐκκακοῦμεν,
1474 2665 1610 2718 ἀλλ’
1631 2663 2007 2733 ἀπειπάμεθα

503 2759 580 2812 τὰ
610 2757 841 2826 κρυπτὰ
869 2755 980 2824 τῆς
1003 2757 1327 2825 αἰσχύνης.

505 2855 575 2905 α’.
601 2849 816 2920 Ἐπειδὴ
841 2849 1052 2920 μεγάλα
1067 2847 1386 2916 ἐφθέγξατο,
1405 2848 1498 2902 καὶ
1518 2849 1794 2913 Μωῡσέως
1817 2849 2006 2904 ἑαυτὸν

433 2941 741 3013 προῦθηκε,
797 2942 892 2994 καὶ
955 2941 1081 3003 τοὺς
1125 2943 1350 3004 πιστοὺς
1405 2941 1634 3006 πάντας,
1685 2941 2007 3012 αἰσθόμενος

435 3033 534 3103 ’τῆς
563 3031 868 3104 ὑπερϐολῆς
897 3033 989 3086 καὶ
1013 3031 1105 3084 τοῦ
1140 3031 1402 3102 μεγέθους
1429 3031 1534 3086 τῶν
1552 3033 1876 3102 εἰρημένων,
1906 3033 2005 3103 ὅρα

441 3124 559 3187 πῶς
587 3125 864 3194 μετριάζει
894 3123 1075 3177 πάλιν.
1102 3123 1212 3177 Καὶ
1235 3124 1342 3194 γὰρ
1365 3125 1613 3195 ἐπαίρειν
1641 3125 1748 3176 ἔδει
1773 3124 1862 3178 διὰ
1881 3125 2007 3188 τοὺς

432 3211 896 3282 ψευδαποστόλους
923 3212 1164 3274 καὶτοὺς
1197 3213 1491 3283 ἀκροατὰς,
1525 3214 1618 3265 καὶ
1639 3213 1798 3266 πάλιν
1832 3230 2006 3284 παρα-

437 3303 720 3376 μυθεῖσθαι
781 3303 872 3358 τὸν
919 3302 1112 3372 ὄγκον,
1165 3305 1286 3372 ούχί
1337 3303 1640 3375 καθαιρεῖν,
1687 3305 1808 3357 ἐπεὶ
1849 3304 2006 3358 τοῦτο

435 3394 718 3458 παίζοντος
755 3390 844 3466 ἦν.
890 3395 1088 3464 Διόπερ
1133 3397 1336 3465 ἑτέρως
1379 3397 1510 3449 αὐτὸ
1569 3397 1874 3467 μεθοδεύει,
1925 3397 2005 3467 τῷ

431 3485 729 3549 δεικνύναι,
761 3487 844 3539 ὅτι
865 3487 1049 3540 οὐκέκ
1069 3487 1174 3540 τῶν
1197 3488 1412 3540 οἰκείων
1442 3489 1878 3559 κατορθωμάτων
1908 3490 2002 3557 γέ-

432 3594 608 3645 γονεν,
641 3577 754 3630 ἀλλ’
800 3579 864 3630 ἐκ
894 3579 990 3646 τῆς
1033 3578 1128 3631 τοῦ
1175 3579 1308 3632 Θεοῦ
1337 3579 1748 3651 φιλανθρωπίας
1769 3581 1828 3633 τὸ
1853 3583 1961 3634 πᾶν
1987 3600 2001 3614 ·

431 3668 512 3720 διὸ
533 3667 625 3720 καί
643 3685 824 3736 φησιν,
850 3669 1137 3736 Ἔχοντες
1158 3663 1272 3722 οὖν
1293 3668 1404 3736 τὴν
1425 3669 1738 3722 διακονίαν
1757 3671 2001 3737 ταύτην.

434 3759 602 3812 Οὐδὲν
635 3760 744 3830 γάρ
777 3759 935 3812 πλέον
986 3761 1146 3829 ἡμεῖς
1177 3760 1594 3831 εἰσηνέγκαμεν,
1624 3760 1737 3812 ἀλλ’
1765 3761 1796 3830 ἢ
1825 3760 2005 3814 διάκο-

433 3869 516 3906 νοι
550 3851 714 3922 μόνον
743 3833 1060 3921 ἐγενόμεθα,
1083 3853 1174 3905 καὶ
1199 3855 1310 3916 τοῖς
1338 3853 1488 3921 παρὰ
1503 3851 1596 3904 τοῦ
1621 3853 1756 3905 Θεοῦ
1777 3852 2006 3906 δοθεῖσιν

433 3943 880 4012 ὑπηρετήσαμεν.
906 3943 1106 4014 Διόπερ
1128 3945 1227 3998 ούκ
1251 3939 1372 3997 εἷπε
1397 3943 1660 4014 παροχὴν,
1687 3944 1806 3997 ούδέ
1841 3961 2006 4016 χορη-

433 4031 565 4100 γίαν
589 4070 604 4094 ,
640 4032 777 4084 ἀλλὰ
813 4034 1165 4094 Διακονίαν,
1215 4035 1308 4086 καὶ
1349 4033 1470 4086 οὐδὲ
1523 4033 1694 4104 τούτῳ
1733 4035 2002 4106 ἠρκέσθη,

433 4123 548 4178 ἀλλ’
591 4125 857 4194 ἐπήγαγε,
901 4124 1106 4190 Καθὼς
1145 4125 1508 4194 ἠλεήθημεν.
1561 4129 1668 4182 Καὶ
1712 4127 1819 4198 γὰρ
1847 4128 2004 4180 τοῦτο

433 4214 584 4276 αὐτὸ,
618 4217 768 4286 φησὶ,
799 4216 859 4270 τὸ
891 4216 1307 4286 διακονήσασθαι
1333 4218 1560 4281 τούτοις,
1597 4219 1703 4272 ἀπὸ
1727 4219 1876 4272 ἐλέου
1909 4220 2004 4272 καὶ

431 4306 858 4377 φιλανθρωπίας.
923 4309 1114 4362 Καίτοι
1171 4325 1232 4376 γε
1297 4308 1480 4372 ἐλέους
1534 4311 1650 4363 ἐστὶ
1694 4311 1753 4362 τὸ
1816 4310 2002 4364 κακῶν

429 4397 753 4462 ἀπαλλάξαι,
783 4400 900 4470 οὐχὶ
935 4399 996 4452 τὸ
1028 4402 1118 4451 καὶ
1147 4399 1384 4452 τοσαῦτα
1419 4399 1604 4453 δοῦναι
1635 4400 1813 4469 ἁγαθὰ
1832 4417 1846 4431 ⁸
1884 4399 1999 4454 ἀλλ’

427 4490 458 4542 ὁ
490 4489 583 4542 τοῦ
615 4489 749 4542 Θεοῦ
781 4490 925 4553 ἕλεος
970 4491 1062 4542 καὶ
1089 4489 1246 4542 τοῦτο
1280 4491 1412 4560 ἔχει.
1453 4494 1574 4544 Οὐκ
1603 4492 1998 4562 ἐκκακοῦμεν.

429 4581 540 4634 Καὶ
567 4581 722 4634 τοῦτο
763 4581 818 4635 δέ
869 4583 1033 4636 αὑτοῦ
1071 4586 1137 4653 τῇ
1191 4583 1568 4654 φιλανθρωπίᾳ
1603 4587 1896 4652 λογιστέον.
1928 4585 2001 4640 Τὸ

427 4673 558 4744 γὰρ,
599 4673 801 4739 Καθὼς
831 4675 1207 4742 ἠλεήθημεν,
1255 4677 1350 4728 καὶ
1391 4677 1530 4746 ὑπὲρ
1556 4677 1655 4744 τῆς
1701 4676 1997 4742 διακονίας,

427 4767 524 4820 καὶ
553 4767 692 4839 ὑπὲρ
737 4767 850 4826 τοῦ,
887 4769 1008 4820 Οὐκ
1059 4766 1454 4828 ἐκκακοήιεν.
1492 4767 1740 4835 εἰρῆσθαι
1787 4766 1996 4837 νόμιζε.

427 4859 537 4910 Καὶ
568 4857 759 4911 σκόπει
785 4858 898 4921 πῶς
931 4859 1220 4920 σπουδάζει
1239 4857 1306 4910 τὰ
1327 4858 1449 4910 καθ’
1475 4861 1663 4912 ἐαυτὸν
1693 4860 1994 4931 καθαιρεῖν.

424 4947 530 4999 Τὸν
551 4946 659 5018 γὰρ
693 4950 955 5002 τοιούτων
977 4949 1296 5015 ἀξιωθέντα,
1339 4949 1494 5018 φησὶ,
1521 4953 1616 5004 καὶ
1641 4951 1994 5022 τηλικούτων,

427 5039 522 5092 καὶ
552 5039 724 5092 ταῦτα
745 5042 851 5094 ἀπὸ
885 5042 1035 5095 ἐλέου
1069 5043 1230 5112 μόνον
1258 5044 1351 5096 καὶ
1381 5041 1814 5114 φιλανθρωπίας,
1843 5047 1996 5102 οὐδὲν

429 5129 572 5198 μέγα
624 5129 896 5194 τοιούτους
961 5132 1366 5185 ἐπιδείκνυσθαι
1418 5131 1636 5196 πόνους,
1669 5133 1763 5185 καὶ
1813 5135 1996 5188 κινδυ-

426 5218 603 5271 νεύειν
627 5222 722 5273 καὶ
751 5226 1086 5293 πειρασμοὺς
1113 5225 1423 5295 ὑπομένειν.
1445 5224 1543 5277 Διά
1569 5223 1725 5278 τοῦτο
1749 5225 1808 5276 ού
1841 5226 1998 5292 μόνον

425 5311 487 5364 ού
517 5313 950 5382 καταπίπτομεν,
979 5315 1113 5369 ἀλλὰ
1141 5318 1232 5369 καὶ
1256 5317 1536 5387 χαίρομεν,
1563 5317 1657 5367 καὶ
1685 5319 1998 5388 παρρησια-

427 5402 650 5473 ζόμεθα.
677 5403 860 5458 Εἰπὼν
891 5405 1044 5473 γοῦν,
1079 5410 1199 5461 Οὐκ
1241 5409 1631 5477 ἑκκακοῦμεν,
1679 5410 1957 5480 ἐπήγαγεν
1980 5427 1994 5442 ·

439 5497 591 5549 Ἀλλ’
634 5495 1002 5566 ἀπειπάμεθα
1034 5499 1104 5551 τὰ
1123 5499 1354 5566 κρυπτὰ
1393 5499 1503 5567 τῆς
1555 5503 1875 5568 αἰσχύνης,
1899 5499 1985 5568 μὴ

426 5587 891 5656 περιπατοῦντες
931 5589 1000 5640 ἐν
1048 5592 1398 5657 πανουργίᾳ,
1443 5589 1596 5658 μηδὲ
1660 5590 1986 5657 δολοῦντες

425 5678 533 5735 τὸν
562 5680 746 5751 λόγον
777 5679 882 5735 τοῦ
925 5680 1087 5736 Θεοῦ.
1132 5680 1240 5734 Καὶ
1264 5679 1316 5732 τί
1352 5681 1487 5746 ἐστι,
1525 5679 1599 5736 Τὰ
1619 5681 1852 5750 κρυπτὰ
1877 5679 1990 5748 τῆς·

2111 2573 2444 2639 αἰσχύνης;
2469 2571 2580 2625 Οὐκ
2605 2570 3067 2642 ἐπαγγελλόμεθα,
3091 2573 3245 2643 φησι,
3276 2573 3370 2626 καὶ
3393 2574 3678 2646 ὑπισχνού·

2115 2662 2257 2732 μεθα
2290 2663 2518 2732 μεγάλα,
2541 2664 2634 2716 καὶ
2660 2663 2746 2718 ’έτε
2757 2681 2822 2733 ρα
2839 2663 2896 2716 δέ
2929 2665 3017 2716 ἐπὶ
3044 2665 3150 2718 τῶν
3175 2665 3348 2734 ἔργων
3365 2666 3674 2737 δείκνυμεν,

2113 2755 2366 2826 καθάπερ
2401 2757 2598 2809 ἐκεῖνοι
2627 2773 2642 2787 ’
2673 2755 2754 2808 διὸ
2790 2757 2884 2808 καί⁵
2917 2755 3089 2823 ἔλεγε,
3125 2757 3200 2810 Τὰ
3246 2759 3394 2811 κατὰ
3444 2761 3676 2826 πρόσω-

2111 2861 2248 2906 πον,
2267 2845 2530 2908 ,Βλέπετε
2557 2861 2573 2876 ο
2611 2845 2746 2900 ἀλλά
2773 2844 3004 2898 τοιοῦτοί
3031 2847 3214 2916 ἐσμεν,
3249 2843 3350 2900 οἷοι
3397 2847 3673 2919 δρώμεθα,

2111 2941 2229 3010 οὐχὶ
2258 2940 2482 3011 διπλόην
2529 2941 2652 2994 τινὰ
2690 2941 2932 3010 ἔχοντες,
2993 2939 3115 2994 οὔτε
3157 2942 3378 2995 τοιαῦτα
3429 2943 3676 3006 λέγοντες

2111 3032 2205 3084 καὶ
2233 3030 2510 3094 ποιοῦντες
2535 3031 2569 3085 ἀ
2597 3031 2858 3102 κρύπτειν
2888 3033 2968 3085 δεῖ
3006 3033 3100 3086 καὶ
3131 3032 3442 3096 συσκιάζειν
3485 3037 3676 3104 αἱηυο

2111 3124 2370 3193 νομένους
2408 3125 2501 3176 καὶ
2536 3124 2921 3195 ἐρυθριῶντας.
2975 3125 3084 3177 Καὶ
3105 3123 3262 3178 τοῦτο
3322 3127 3670 3196 ἑρμηνεύων,

2110 3214 2378 3284 ἐπήγαγε,
2407 3212 2503 3280 Μὴ
2531 3214 2993 3280 περιπατοῦντες
3011 3215 3082 3267 ἐν
3101 3215 3450 3283 πανουργίᾳ.
3482 3217 3552 3268 Ὃ
3571 3215 3674 3286 γὰρ

2111 3302 2356 3374 ἐνόμιζον
2375 3302 2644 3374 ἐγκώμιον
2659 3300 2797 3356 εἶναι
2814 3305 3198 3368 ἐκεῖνοι,τοῦτο
3219 3306 3441 3376 αἰσχρὸν
3463 3308 3560 3359 καὶ¹
3587 3323 3674 3360 κα-

2109 3395 2436 3465 ταγέλαστον
2459 3397 2766 3464 ἀποφαίνει.
2785 3395 2933 3468 [495]
2949 3397 3012 3448 Τί
3033 3397 3090 3450 δέ
3115 3399 3282 3460 ἐστιν,
3302 3399 3357 3448 Ἐ
3361 3415 3398 3450 ν
3415 3413 3672 3467 πανοικε-

2109 3488 2206 3554 γίᾳ
2220 3503 2240 3550 ;
2258 3485 2426 3550 Δόξαν
2449 3481 2594 3556 εἶχον
2619 3487 2691 3557 μὴ
2719 3487 3102 3558 λαμϐανόντων
3133 3491 3347 3553 ἐκεῖνοι,
3371 3491 3671 3560 ἐλάμϐανον

2109 3578 2167 3630 δὲ
2201 3579 2294 3630 καὶ
2325 3578 2598 3649 ἔκρυπτον
2628 3595 2640 3609 ·
2679 3579 2834 3644 δόξαν
2855 3578 2997 3650 εἶκον
3033 3581 3202 3649 ἀγίων
3233 3587 3328 3636 καὶ
3363 3583 3668 3636 ἀποστόλων

2108 3671 2382 3744 δοκίμιον,
2415 3667 2552 3741 ἦσαν
2607 3671 2662 3724 δὲ
2713 3673 2919 3742 μυρίων
2971 3673 3233 3743 γέμοντες
3289 3674 3488 3728 κακῶν.
3529 3673 3666 3727 Ἀλλ’

2109 3761 2288 3830 ἡμεῖς,
2341 3761 2504 3830 φησὶ,
2537 3760 2747 3826 τούτοις
2791 3764 3139 3832 ἀπειπάμεθα
3169 3764 3382 3836 ,(ταῦτα
3426 3767 3530 3836 γὰρ
3577 3767 3668 3819 καὶ

2107 3853 2326 3922 κρυπτά
2349 3853 2607 3924 αἰσχύνης
2645 3855 2841 3924 καλεῖ),
2890 3855 3116 3908 τοιοῦτοι
3171 3856 3320 3920 ὄντες
3351 3853 3451 3910 οἷοι
3481 3859 3666 3926 φαινό-

2109 3944 2270 4014 μεθα,
2296 3946 2389 3998 καὶ
2421 3945 2570 3999 οὐδὲν
2606 3946 2816 4015 ἔχοντες
2855 3948 3334 4018 συνεσκιασμένον,
3365 3951 3458 4001 καὶ
3483 3951 3581 4001 οὐκ
3609 3953 3664 4002 ἐν

2104 4035 2180 4105 τῷ
2211 4035 2308 4106 βίῳ
2347 4037 2504 4106 μόνον
2549 4035 2739 4105 τούτῳ,
2768 4036 2902 4090 ἀλλὰ
2939 4037 3032 4091 καὶ
3079 4040 3137 4090 ἐν
3169 4039 3316 4109 αὐτῷ
3349 4039 3424 4110 τῷ
3459 4041 3664 4110 κηρύγο

2108 4143 2237 4196 ματι
2265 4143 2280 4158 '
2303 4126 2460 4178 τοῦτο
2511 4126 2618 4196 γάρ
2643 4129 2810 4190 ἐστιν,
2841 4126 2991 4180 Οὐδὲ
3013 4127 3336 4195 δολοῦντες
3355 4131 3459 4182 τὸν
3481 4133 3664 4200 λόγον

2103 4213 2210 4268 τοῦ
2239 4213 2405 4276 Θεοῦ,
2445 4215 2605 4270 ἀλλὰ
2643 4213 2716 4282 τῇ
2735 4215 3064 4284 φανερώσει
3099 4217 3210 4286 τῆς
3240 4219 3522 4286 ἀληθείας
3543 4237 3556 4250 ·
3597 4223 3660 4273 οὐ

2103 4303 2179 4375 τῷ
2229 4305 2507 4376 προσώπῳ
2545 4307 2637 4360 καὶ
2685 4309 2754 4378 τῇ
2799 4307 3081 4372 ἐπιδείξει,
3123 4309 3241 4362 ἀλλ’
3269 4311 3404 4380 αὐτῇ
3451 4314 3516 4382 τῇ
3549 4311 3660 4363 τῶν

2103 4397 2439 4466 πραγμάτων
2467 4397 2755 4464 ἀποδείξει.
2788 4400 3192 4466 Συνιστῶντες
3225 4401 3478 4468 ἑαυτοὺς
3509 4403 3658 4470 πρὸς

2101 4486 2308 4542 πᾶσαν
2332 4489 2691 4556 συνείδησιν
2717 4490 3055 4559 ἀνθρώπων.
3083 4493 3155 4544 Ού
3185 4493 3292 4563 γὰρ
3328 4497 3532 4558 πιστοῖς
3557 4495 3656 4564 μό-

2101 4597 2212 4646 νον,
2264 4580 2398 4634 ἀλλά
2427 4582 2520 4634 καὶ
2558 4583 2808 4645 ἀπίστοις
2861 4584 3028 4652 ἐσμὲν
3081 4586 3393 4656 κατάδηλοι,
3444 4585 3658 4658 προκεί-

2103 4689 2253 4742 μενοι
2319 4675 2482 4726 πᾶσιν
2535 4676 2616 4737 εἰς
2665 4674 2725 4727 τὸ
2771 4675 3155 4744 βασανίσαιτά
3193 4679 3454 4748 ἡμέτερα,
3489 4678 3557 4740 ὡς
3585 4678 3656 4730 ἂν

2101 4764 2332 4818 ἐθέλοιεν
2365 4781 2378 4798 ο
2414 4765 2506 4818 καὶ
2547 4766 2655 4819 ἀπὺ
2691 4767 2878 4820 τούτου
2912 4768 3236 4838 συνίσταμεν
3285 4769 3517 4832 ἑαυτοὺς,
3551 4769 3656 4820 οὐκ

2099 4854 2206 4907 ἀπὸ
2251 4853 2346 4906 τοῦ
2397 4855 2802 4926 ὑποκρίνεσθαι,
2831 4856 2925 4910 καί⁸
2969 4861 3302 4926 προσωπεῖον
3351 4859 3652 4930 περιφέρειν

2100 4945 2342 5015 φαιδρόν.
2373 4946 2617 5016 Λέγομεν
2645 4943 2736 5001 οὖν
2775 4947 2940 5017 μηδὲν
2967 4949 3296 5018 λαμϐάνειν,
3329 4953 3421 5004 καὶ
3451 4954 3652 5020 μάρτυ-

2103 5053 2199 5106 ρας
2228 5038 2371 5107 ὑμᾶς
2413 5039 2682 5109 καλοῦμεν
2715 5055 2728 5068 '
2753 5039 2981 5110 λέγομεν
3023 5041 3186 5111 μηδὲν
3217 5046 3496 5098 συνειδέναι
3523 5045 3654 5094 tau-

2096 5130 2208 5192 τοῖς
2229 5135 2482 5201 πονηρὸν,
2516 5131 2610 5184 καὶ
2639 5130 2827 5185 τούτου
2857 5131 3020 5186 πάλιν
3061 5134 3158 5204 τὴν
3195 5137 3488 5206 μαρτυρίαν
3515 5135 3650 5204 παρ’

2095 5221 2250 5290 ὑμῶν
2273 5221 2520 5292 ἕλκομεν,
2552 5225 2610 5276 ού
2648 5224 2898 5296 καθάπερ
2941 5229 3157 5290 ἐκεῖνοι,
3185 5227 3550 5290 συσκιάζοντες
3581 5229 3650 5278 τα

2096 5311 2216 5364 καθ’
2250 5313 2496 5377 ἑαυτοὺς,
2531 5313 2756 5377 πολλοὺς
2789 5315 3088 5369 ἀπατῶσιν.
3136 5317 3324 5386 Ἡμεῖς
3361 5315 3516 5369 δὲκαὶ
3553 5315 3648 5366 τὸν

2097 5403 2211 5474 βίον
2245 5403 2401 5474 ήμῶν
2437 5405 2602 5456 πᾶσιν
2645 5407 2726 5464 εἰς
2777 5407 2937 5476 μέσον
2965 5409 3313 5479 προτίθεμεν,
3346 5407 3504 5462 καὶτὸ
3541 5409 3646 5476 κή-

2099 5510 2282 5564 ρυγμα
2310 5495 2748 5566 ἀπογυμνοῦμεν,
2783 5497 2922 5551 ὥστε
2965 5501 3169 5562 πάντας
3207 5501 3334 5553 αὐτὸ
3379 5514 3648 5564 καταμαν-

2097 5585 2298 5640 θάνειν.
2357 5581 2491 5640 Εἶτα
2529 5587 2712 5659 ἐπειδὴ
2757 5591 2805 5641 οἰ
2865 5591 3077 5644 ἄπιστοι
3121 5593 3342 5661 ἠγνόουν
3365 5589 3504 5644 αὐτοῦ
3543 5589 3646 5656 τὴν

2099 5681 2271 5752 ἰσχὺν,
2302 5679 2606 5754 ἐπήγαγεν,
2637 5685 2718 5739 ὅτι
2755 5685 2853 5758 οὐχ
2881 5687 3034 5759 ἡμῶν
3055 5687 3212 5744 τοῦτο
3231 5684 3646 5760 ἐγκλημα,ἁλλά
