3780 6374
145 371 228 426 453

141 479 417 556 splendidus
436 477 546 533 oris
573 468 674 531 ﬂos
697 480 799 536 est,
834 469 1062 540 inquies.
1090 468 1198 523 Sed
1225 475 1382 523 terra:
1407 467 1570 523 etiam
1587 464 1687 519 ﬂo-

142 578 264 634 ribus
288 573 415 628 nihil
445 571 621 626 latius
647 582 713 622 ac
737 563 1026 635 jucundius
1050 570 1162 626 est;
1188 561 1278 630 qui
1305 569 1482 615 tamen
1520 559 1683 614 etiam

140 673 471 728 marcescunt,
498 671 658 731 alque
701 659 754 713 in
799 653 1140 727 putredinem
1183 653 1401 706 abeunt.
1429 650 1689 718 Quocirca

140 777 196 818 ne
215 755 290 815 hic
313 770 524 827 quoque
543 753 610 807 ad
633 751 820 805 ﬂorem
848 745 1088 812 attende,
1119 744 1216 800 sed
1255 743 1478 798 interius
1505 743 1690 797 animo

141 848 297 914 transi,
325 857 380 902 et
403 861 432 900 a
462 843 684 914 pulchra
715 841 800 894 illa
846 839 956 895 cuti
997 836 1372 906 cogitationem
1414 844 1686 896 avertens,

141 939 326 1008 explora
361 950 482 1005 qua:
519 933 618 988 sub
661 946 726 986 ea
769 931 870 984 sita
899 928 1025 982 sint.
1054 925 1494 995 Quandoquidem
1523 924 1685 978 etiam

142 1028 527 1102 hydropicorum
555 1037 752 1093 corpus
783 1020 915 1075 nitet
950 1032 1015 1072 ac
1060 1018 1218 1083 lucet,
1261 1031 1362 1070 nec
1399 1014 1687 1086 quidquam

141 1123 249 1180 ltedi
283 1122 334 1177 in
363 1117 649 1189 superﬁcie
693 1115 886 1178 habet;
915 1110 1012 1166 sed
1039 1121 1219 1165 tamen
1250 1107 1490 1163 humoris
1525 1105 1686 1172 illius,

139 1219 214 1290 qui
238 1219 372 1271 intus
393 1213 644 1270 conditus
685 1218 792 1272 est,
845 1205 1167 1277 cogitatione
1220 1201 1472 1272 perculsi,
1505 1199 1687 1268 hujus-

139 1309 260 1365 modi
285 1306 526 1362 homines
559 1299 789 1357 osculari
831 1313 938 1354 non
969 1296 1316 1353 sustinemus.
1349 1293 1418 1348 At
1457 1301 1610 1346 tener
1637 1297 1693 1346 et

139 1396 374 1453 versatilis
394 1404 477 1449 est
500 1393 708 1455 oculus,
735 1405 799 1444 ac
823 1397 970 1444 recte
991 1393 1300 1457 porrectum
1322 1382 1690 1451 supercilium,

139 1499 185 1546 et
207 1487 441 1544 curulem
471 1483 762 1555 palpebrae,
799 1487 856 1535 et
882 1477 1064 1534 suavis
1108 1473 1330 1546 pupilla,
1371 1483 1426 1528 et
1459 1485 1694 1527 serenus

139 1573 397 1648 aspectus?
422 1577 490 1630 At
519 1588 731 1629 rursum
759 1574 859 1625 hoc
882 1569 1025 1633 vide,
1055 1567 1196 1638 quod
1223 1564 1364 1620 istud
1391 1578 1604 1634 quoque
1616 1561 1697 1617 nil

139 1668 259 1724 aliud
283 1667 382 1734 est,
415 1674 578 1737 quam
619 1664 770 1719 nervi
800 1671 858 1719 et
901 1676 1052 1716 vena:
1093 1667 1254 1728 atque
1283 1656 1516 1712 arteriae.
1555 1653 1694 1722 Quin

140 1768 187 1814 ιιι
204 1753 332 1814 hunc
359 1758 535 1827 ipsum
567 1755 848 1826 pulchrum
879 1753 1115 1818 oculum,
1143 1763 1365 1819 aegrum,
1390 1748 1541 1802 senio
1568 1746 1699 1800 aﬂ'e-

139 1860 282 1912 ctum,
307 1863 544 1905 maerore
574 1845 854 1910 afﬂictum,
889 1845 965 1899 ira
995 1851 1289 1897 tumentem
1319 1839 1517 1910 cogita,
1536 1853 1696 1907 quam

139 1942 318 1996 scilicet
360 1938 620 1994 deformis
671 1939 762 2002 sit,
799 1950 957 2004 quam
995 1932 1249 1988 celeriter
1289 1939 1493 2000 pereat,
1536 1939 1696 1996 quam

137 2033 274 2087 citius
295 2033 456 2088 etiam
481 2031 687 2100 pictura
709 2037 1010 2083 evanescat.
1033 2025 1118 2079 Ah
1145 2024 1227 2078 his
1247 2023 1357 2093 jam
1379 2037 1526 2083 cura,
1552 2028 1609 2073 ιιι
1629 2014 1698 2072 ad

140 2141 296 2180 veram
320 2113 772 2196 pulchritudinem
799 2120 1034 2174 animum
1063 2115 1333 2171 traducas.
1378 2116 1469 2178 At,
1496 2112 1696 2181 inquis,

139 2216 310 2269 animae
353 2211 806 2284 pulchritudinem
850 2224 958 2263 non
1001 2221 1186 2262 cerno.
1234 2207 1325 2270 At,
1371 2204 1413 2258 si
1458 2200 1697 2266 libuerit,

138 2321 338 2361 cernes:
370 2316 428 2362 et
453 2305 593 2360 sicut
615 2304 867 2358 absentes
887 2301 1180 2364 formosos,
1227 2297 1354 2352 licet
1397 2295 1566 2350 oculis
1594 2309 1698 2346 non

136 2411 327 2464 cernas,
359 2405 546 2451 mente
573 2392 826 2450 admirari
854 2400 1037 2462 potes;
1083 2389 1275 2444 eodem
1319 2387 1480 2441 modo
1508 2385 1701 2440 animae

1029 345 1095 411 ΙΝ
1135 342 1347 408 EPIST.
1398 354 1441 408 ll
1501 352 1592 408 AD
1630 348 1783 407 00B.
1825 347 2057 405 HOMIL.
2097 345 2231 402 νιιι.

3108 415 3116 420 _
3271 347 3377 403 is:

1795 458 2240 531 pulchritudinem
2295 459 2454 515 etiam
2497 458 2616 514 sine
2659 459 2830 515 oculis
2871 460 3176 530 perspicere
3223 461 3370 516 licet.

1795 556 1987 610 Annon
2014 554 2286 624 egregiam
2316 553 2537 607 formum
2567 567 2712 622 sche
2755 553 3077 621 cogitatione
3107 552 3374 620 formasti,

1795 658 1968 714 eoque
2018 644 2271 713 ﬁgmento
2317 642 2561 696 nonnihil
2610 651 2661 697 te
2707 642 2846 696 afﬁci
2889 643 3139 698 sensisti?
3168 643 3378 713 Efﬁnge

1796 747 1936 788 nunc
1965 749 2179 804 quoque
2227 733 2421 788 animae
2469 731 2920 803 pulchritudinem
2946 752 2960 789 :
2986 744 3146 804 atque
3187 735 3376 806 hujus-

1795 827 1938 882 modi
1983 826 2173 882 formae
2218 826 2482 896 elegantia
2529 836 2582 884 te
2623 827 2853 885 oblecta.
2892 830 2983 896 At,
3029 829 3224 900 inquis,
3271 847 3379 885 non

1794 932 1960 973 cerno
1985 931 2070 983 ea,
2104 932 2223 987 qua:
2245 932 2472 986 corpore
2499 927 2713 974 vacant.
2739 920 2900 990 Atqui
2926 919 3026 975 ista
3054 921 3235 975 animo
3261 936 3380 976 ma-

1798 1012 1878 1081 gis
1899 1010 2188 1076 intuemur,
2212 1024 2370 1080 quam
2401 1024 2663 1080 corpora:
2697 1011 2962 1081 siquidem
2991 1012 3062 1068 ob
3086 1010 3228 1068 hanc
3248 1026 3374 1084 quo»

1795 1108 1900 1171 que
1924 1113 2142 1156 causam
2187 1108 2242 1154 et
2282 1100 2502 1170 angelos
2541 1107 2598 1156 et
2635 1100 2988 1170 archangelos
3029 1101 3379 1168 admiramur,

1797 1189 2038 1260 quamvis
2076 1202 2171 1244 eos
2210 1189 2432 1244 minime
2457 1204 2773 1245 cernamus:
2798 1191 2995 1260 probos
3037 1191 3162 1246 item
3202 1206 3382 1246 mores

1797 1280 2099 1349 animaeque
2121 1279 2391 1334 virtutem.
2425 1280 2504 1334 Ac
2527 1280 2572 1333 si
2601 1279 2826 1348 probum
2865 1279 3134 1338 hominem
3173 1290 3230 1336 et
3266 1296 3384 1336 mo-

1799 1367 2044 1424 deratum
2070 1368 2287 1432 videris,
2318 1368 2488 1438 magis
2517 1361 2658 1423 hunc
2685 1369 3058 1438 admiraberis,
3088 1386 3246 1440 quam
3274 1371 3385 1425 ele-

1799 1469 2013 1530 gantem
2035 1460 2182 1514 illam
2209 1458 2422 1513 faciem.
2445 1460 2598 1527 Quod
2624 1461 2669 1516 si
2698 1460 2888 1532 injuria
2910 1461 3160 1517 aﬂ’ectum
3187 1462 3384 1517 videris

1800 1565 2026 1621 eamque
2043 1551 2304 1621 patienter
2318 1550 2602 1617 ferentem,
2629 1552 2933 1621 hujusmodi
2953 1554 3222 1610 hominem
3241 1568 3382 1618 ama,

1800 1641 2012 1696 etiamsi
2053 1641 2205 1695 senio
2234 1641 2509 1697 confectus
2559 1642 2648 1698 sit.
2691 1642 2826 1697 Nam
2858 1643 3163 1713 hujusmodi
3192 1645 3386 1700 anima:

1802 1729 2148 1800 pulchritudo
2191 1732 2244 1785 in
2285 1739 2564 1786 senectute
2609 1747 2822 1802 quoque
2870 1741 3140 1788 amatores
3189 1735 3387 1789 multos

1804 1821 1987 1887 habet,
2027 1835 2129 1876 nec
2155 1837 2406 1891 umquam
2448 1824 2752 1890 marcescit,
2781 1823 2878 1879 sed
2907 1834 3166 1895 perpetuo
3205 1826 3381 1882 ﬂoret.

1805 1912 1967 1985 igitur
1993 1923 2051 1970 ut
2079 1913 2220 1969 hanc
2258 1929 2472 1984 quoque
2499 1916 2599 1986 ipsi
2629 1916 3076 1986 pulchritudinem
3115 1919 3386 1988 adipisca-

1806 2019 1944 2070 mur,
1976 2018 2070 2060 eos
2113 2005 2204 2075 qui
2249 2004 2351 2059 hac
2395 2005 2598 2074 pollent
2626 2016 2926 2076 captemus,
2957 2017 3119 2080 atque
3148 2010 3384 2080 ipsorum

1806 2107 2074 2153 amatores
2101 2096 2294 2153 simus.
2326 2097 2418 2154 Sic
2440 2099 2584 2154 enim
2613 2115 2713 2156 nos
2747 2116 2961 2171 quoque
2986 2103 3123 2158 hanc
3153 2104 3390 2174 pulchri-

1808 2189 2044 2245 tudinem
2072 2191 2412 2261 consequuti,
2444 2189 2511 2245 ad
2539 2200 2739 2246 aeterna
2768 2191 2908 2247 bona
2939 2195 3220 2262 pervenire
3243 2206 3392 2265 pote-

1807 2283 2011 2338 rimus:
2039 2297 2159 2352 qua:
2190 2283 2391 2337 utinam
2424 2281 2581 2337 nobis
2622 2283 2881 2354 consequi
2921 2284 3102 2354 detur,
3149 2302 3244 2356 per
3271 2303 3392 2356 gra-

1812 2377 1940 2432 tiam
1959 2383 2012 2430 et
2038 2375 2443 2445 benignitatem,
2471 2384 2576 2431 etc.

1475 2592 1823 2657 HOMILIA
1865 2590 2035 2654 VIII.

136 2753 245 2809 Ctr.
283 2755 335 2809 ι.
377 2769 433 2806 v.
478 2753 529 2806 ι.
587 2749 716 2805 Ideo
772 2747 1009 2804 habentes
1058 2749 1194 2802 hanc
1234 2744 1654 2801 ministrationem
1681 2784 1698 2811 ,

196 2848 333 2907 iuxta
357 2843 500 2914 quod
525 2841 923 2896 misericordiam
943 2840 1237 2910 consequuti
1259 2856 1452 2900 sumus,
1478 2854 1581 2892 non
1607 2837 1702 2891 de-

197 2939 412 3003 ﬁcimus,
444 2935 500 2989 2.
526 2934 615 2990 sed
643 2934 986 2988 abdicavimus
1011 2934 1208 2988 occulta
1231 2931 1512 2987 dedecoris.

198 3033 247 3087 l.
283 3030 550 3100 Quoniam
592 3040 783 3098 magna
825 3028 1068 3097 quzedam
1111 3029 1362 3096 loquutus
1407 3025 1598 3088 fuerat,
1644 3039 1708 3079 ac

137 3123 354 3192 seipsum
403 3132 462 3176 et
509 3121 694 3177 ﬁdeles
733 3135 922 3176 omnes
953 3119 1084 3175 Mosi
1115 3124 1516 3187 anteposuerat,
1545 3125 1709 3185 atque

135 3224 320 3269 tantam
347 3230 536 3271 eorum
585 3228 704 3286 quae
746 3216 955 3270 dixerat
985 3209 1403 3282 magnitudinem
1431 3221 1553 3263 esse
1583 3221 1708 3262 sen-

137 3307 308 3370 tiebat,
339 3307 466 3363 vide
495 3323 601 3379 quo
634 3317 791 3378 pacto
820 3321 1008 3362 rursus
1037 3302 1354 3358 modestiam
1393 3313 1506 3370 pra:
1535 3314 1595 3355 se
1626 3298 1707 3353 fe-

137 3407 230 3451 rat.
271 3399 401 3453 Nam
435 3408 490 3454 ct
531 3409 752 3468 propter
779 3395 1224 3468 pseudapostolos
1257 3402 1416 3463 atque
1442 3389 1713 3446 auditores

139 3503 247 3544 sese
275 3491 472 3546 efferre
497 3490 748 3556 debebat,
775 3501 831 3545 et
859 3503 1068 3544 rursum
1103 3496 1366 3541 tumorem
1394 3483 1543 3539 illum
1570 3482 1712 3554 miti-

137 3595 274 3648 gare,
322 3599 434 3637 non
479 3590 656 3637 autem
687 3583 907 3636 omnino
938 3581 1165 3645 tollere;
1198 3594 1318 3634 nam
1350 3577 1453 3633 hoc
1481 3575 1716 3631 ludentis

140 3670 334 3727 fuisset.
364 3673 630 3740 Quocirca
657 3672 761 3727 hoc
786 3673 891 3727 alia
939 3672 1023 3726 via
1066 3670 1392 3741 aggreditur,
1423 3667 1716 3724 ostendens

141 3761 186 3816 id
214 3777 371 3818 omne
403 3779 510 3818 non
542 3765 738 3820 nostris
763 3765 970 3820 meritis
997 3777 1059 3817 ac
1085 3760 1390 3824 virtutibus,
1415 3759 1510 3815 sed
1537 3758 1716 3814 divina

144 3854 463 3924 benignitate
503 3855 828 3925 contigisse:
859 3855 1082 3925 proinde
1122 3855 1217 3920 ait,
1264 3851 1516 3908 Habentes
1565 3852 1720 3923 igitur

142 3945 559 4000 ministrationem
598 3946 750 4000 hanc.
789 3944 975 4017 Neque
1002 3946 1144 4001 enim
1175 3945 1463 4015 quidquam
1490 3945 1720 4014 amplius

141 4037 498 4104 erogavimus,
530 4051 689 4106 quam
724 4036 868 4106 quod
899 4036 1127 4091 ministri
1153 4035 1478 4103 exstitimus,
1519 4035 1724 4090 beneﬁ-

142 4127 338 4198 ciisque
364 4143 396 4184 a
422 4130 535 4184 Deo
562 4129 705 4185 datis
730 4128 1100 4184 administram
1125 4142 1343 4198 operam
1372 4129 1720 4198 praebuimus.

142 4219 250 4288 Quo
283 4223 364 4291 ﬁt,
415 4231 479 4277 ut
521 4237 622 4278 nec
653 4223 950 4294 largitionis
993 4237 1091 4277 nec
1132 4223 1598 4292 suppeditationis,
1629 4221 1726 4278 sed

146 4313 420 4369 ministerii
458 4315 720 4370 vocabulo
747 4329 878 4370 usus
903 4316 989 4369 sit.
1015 4315 1093 4369 Ac
1116 4331 1181 4370 ne
1222 4315 1325 4369 hoc
1349 4314 1565 4385 quidem
1591 4327 1726 4370 con-

144 4413 315 4460 tentus
343 4403 552 4461 addidit
575 4423 588 4460 :
616 4404 781 4461 Juxta
828 4407 965 4476 quod
1005 4405 1407 4461 misericordiam
1434 4406 1731 4476 consequuti

145 4511 329 4551 sumus.
357 4497 496 4553 Nam
526 4498 630 4554 hoc
657 4511 871 4570 quoque
900 4500 1094 4568 ipsum,
1123 4497 1265 4569 quod
1297 4499 1380 4554 his
1408 4499 1731 4554 ministravi-

147 4604 276 4651 mus.
300 4604 330 4643 a
356 4590 457 4646 Dei
483 4589 850 4646 misericordia
875 4598 931 4645 et
955 4591 1280 4660 benignitate
1309 4591 1603 4661 profectum
1625 4599 1729 4647 est.

147 4679 479 4753 Quamquam
509 4682 898 4738 misericordia:
921 4691 1025 4749 est,
1055 4699 1085 4738 e
1112 4683 1266 4738 malis
1295 4684 1591 4753 exemisse,
1626 4699 1732 4740 non

147 4781 320 4827 autem
343 4783 426 4828 tot
452 4774 675 4842 insuper
696 4773 971 4829 beneﬁciis
1000 4773 1272 4840 affecisse;
1313 4775 1407 4829 sed
1445 4776 1547 4830 hoc
1570 4777 1735 4832 etiam

149 4860 302 4918 habet
331 4865 432 4920 Dei
463 4865 853 4920 misericordia.
886 4863 1007 4919 Non
1037 4866 1319 4935 deﬁcimus.
1370 4863 1483 4921 Hoc
1523 4883 1737 4939 quoque

150 4953 307 5021 ipsius
338 4956 660 5011 humanitati
691 4965 968 5026 acceptum
1001 4957 1336 5014 referendum
1365 4969 1468 5015 est.
1498 4960 1627 5016 Nam
1648 4963 1736 5017 illa

151 5045 329 5110 verba,
358 5047 529 5103 Juxta
573 5049 709 5119 quod
753 5050 1150 5104 misericordiam
1197 5055 1492 5122 consequuti
1539 5071 1734 5121 smnus,

148 5137 462 5195 existimare
503 5141 671 5196 debes
715 5149 819 5196 tam
851 5142 917 5196 ad
951 5144 1306 5199 ministerium
1338 5147 1547 5213 referri,
1578 5164 1736 5217 quam

150 5226 208 5279 ad
237 5228 292 5282 id
318 5231 467 5299 quod
493 5234 757 5303 sequitur,
789 5232 909 5287 Non
939 5234 1222 5303 deﬁcimus.
1257 5238 1334 5290 Ac
1360 5237 1519 5292 velim
1551 5242 1740 5294 anim-

149 5316 422 5386 advertas,
457 5339 616 5391 quam
648 5325 883 5393 seipsum
909 5325 1215 5395 deprimere
1243 5327 1471 5383 studeat.
1501 5328 1630 5384 Nam
1649 5333 1741 5401 qui

151 5418 225 5462 tot
243 5426 308 5466 ac
333 5415 521 5482 tantis,
563 5417 756 5486 inquit,
799 5419 1073 5476 beneﬁciis
1110 5433 1330 5478 ornatus
1356 5424 1447 5492 sit,
1480 5425 1638 5495 idque
1664 5426 1745 5482 di-

155 5501 268 5594 vina
298 5512 514 5560 tantum
547 5509 916 5566 misericordia
948 5521 1003 5568 et
1028 5513 1377 5586 benignitate,
1421 5534 1528 5575 non
1564 5525 1742 5594 magni

152 5592 427 5663 quidpiam
459 5596 605 5665 fecit,
639 5601 684 5654 si
727 5602 862 5657 tales
889 5603 1100 5660 labores
1125 5611 1380 5679 suscepit,
1421 5611 1464 5666 si
1506 5592 1744 5682 pericula

154 5683 260 5738 adit
283 5700 349 5742 ac
381 5693 708 5748 tentationes
737 5695 986 5752 sustinet.
1020 5697 1146 5755 Ideo
1172 5719 1277 5756 non
1298 5705 1472 5760 solum
1494 5722 1600 5763 non
1623 5725 1745 5767 con-

155 5775 383 5833 tidimus
413 5781 618 5850 animo,
662 5785 756 5839 sed
797 5787 958 5841 etiam
999 5791 1313 5859 gaudemus,
1357 5810 1418 5851 ac
1459 5799 1745 5861 verborum

495 5883 762 5945 ΡΑτιιοι..
797 5888 912 5949 (in.
955 5891 1111 5954 LXl.

1810 2740 2058 2801 libertate
2079 2743 2294 2799 utimur.
2320 2744 2606 2816 Postquam
2629 2744 2771 2799 enim
2792 2743 2946 2812 dixit,
2967 2742 3089 2799 Non
3110 2745 3395 2814 deﬁcimus,

1807 2835 2098 2902 subnectit,
2129 2835 2236 2890 Sed
2260 2837 2603 2891 abdicavimus
2627 2837 2825 2890 occulta
2854 2837 3133 2904 dedecoris,
3158 2853 3260 2891 non
3283 2853 3398 2889 am.

1810 2931 2037 2984 bulantes
2066 2931 2119 2983 in
2167 2931 2374 2997 astutia,
2427 2941 2588 3000 neque
2634 2930 2976 2984 adulterantes
3021 2931 3225 2984 uerbum
3275 2928 3396 2982 Dei.

1808 3021 1946 3086 Quid
1976 3020 2074 3076 sibi
2099 3021 2284 3075 volunt
2307 3020 2442 3087 haec,
2478 3020 2691 3075 Occulta
2711 3021 3012 3075 dedecoris?
3037 3020 3172 3083 Non,
3206 3021 3397 3091 inquit,

1811 3129 2000 3185 magna
2033 3115 2351 3186 proﬁtemur
2393 3131 2458 3172 ac
2498 3116 2815 3186 pollicemur
2843 3125 2896 3171 et
2934 3117 3037 3171 alia
3081 3117 3241 3173 rebus
3271 3120 3401 3188 ipsis

1811 3208 2167 3272 ostendimus,
2191 3208 2642 3278 quemadmodum
2675 3209 2748 3263 illi
2774 3225 2789 3263 :
2818 3208 2960 3264 unde
2983 3209 3144 3264 etiam
3167 3209 3398 3276 diccbat,

1816 3299 1946 3367 ρηω
1971 3300 2024 3354 in
2045 3303 2225 3371 faciem
2247 3309 2384 3364 sunt,
2417 3300 2701 3371 perspicitis
2724 3300 2798 3370 (2.
2823 3301 2942 3356 Cor.
2975 3301 3063 3358 10.
3088 3301 3142 3372 7)
3169 3320 3181 3355 :
3217 3315 3402 3356 verum

1818 3393 1951 3446 tales
1972 3392 2197 3446 omnino
2226 3399 2432 3458 sumus,
2465 3391 2654 3462 quales
2679 3392 2971 3459 cernimur,
3001 3408 3107 3447 non
3133 3394 3313 3448 ﬁctum
3339 3407 3405 3448 ac

1817 3483 1964 3539 velut
1984 3484 2252 3554 duplicem
2279 3484 2513 3540 animum
2543 3493 2817 3556 gerentes,
2847 3500 2947 3541 nec
2971 3500 3032 3540 ea
3064 3485 3306 3540 dicentes
3326 3494 3407 3540 at-

1819 3594 1925 3648 que
1953 3587 2195 3648 agentes,
2229 3593 2349 3648 qua:
2375 3593 2487 3647 pra:
2533 3578 2738 3647 pudore
2775 3592 2838 3633 ac
2865 3577 3063 3633 rubore
3088 3578 3407 3633 occultanda

1817 3679 1872 3725 et
1901 3670 2048 3725 velut
2087 3669 2292 3724 umbris
2339 3669 2658 3740 quibusdam
2705 3670 3042 3726 obvolvenda
3087 3672 3212 3727 sint.
3246 3672 3410 3742 idque

1821 3777 2124 3834 exponens,
2156 3763 2449 3832 subjunxit,
2484 3761 2606 3816 Non
2627 3761 2942 3817 ambulantes
2967 3763 3018 3817 in
3043 3764 3251 3818 astutia.
3275 3764 3408 3819 Nam

1823 3854 1966 3925 quod
2010 3855 2083 3910 illi
2115 3854 2262 3908 laudi
2290 3853 2579 3916 ducebant,
2612 3853 2713 3907 hoc
2740 3854 2855 3924 ipse
2882 3854 3082 3909 foedum
3123 3869 3186 3909 ac
3213 3855 3412 3910 ridicu-

1825 3949 1935 4005 lum
1957 3963 2076 4004 esse
2107 3948 2310 4002 statuit.
2353 3946 2620 4015 Quidnam
2647 3955 2824 4002 autem
2853 3954 2957 4012 est,
3004 3942 3073 4001 In
3101 3948 3329 4002 astutia?
3355 3948 3414 4003 in

1827 4055 1890 4094 ea
1920 4039 2317 4094 existimatione
2344 4037 2422 4092 illi
2462 4045 2638 4103 erant,
2667 4036 2820 4108 quasi
2844 4036 2912 4090 ab
2938 4037 3266 4107 accipiendis
3296 4055 3414 4094 mu-

1829 4131 2047 4187 neribus
2076 4131 2429 4194 abstinerent,
2463 4143 2584 4183 cum
2613 4140 2792 4183 tamen
2821 4128 3033 4184 occulte
3059 4129 3372 4198 acciperent
3399 4150 3413 4185 :

1829 4233 2137 4280 sanctorum
2177 4237 2242 4276 ac
2272 4221 2563 4291 proborum
2605 4221 2970 4291 apostolorum
3014 4221 3418 4278 existimatione

1830 4316 2114 4384 ﬂorebant,
2147 4331 2267 4371 eum
2300 4315 2511 4370 interim
2540 4314 2835 4369 innumeris
2866 4314 3008 4368 vitiis
3037 4323 3331 4369 scaterent.
3353 4317 3423 4369 At

1834 4425 1950 4475 nos,
1984 4409 2180 4478 inquit,
2213 4408 2328 4462 haec
2354 4406 2649 4475 abjecimus
2681 4407 2827 4474 (nam
2859 4404 2978 4461 haec
3003 4413 3149 4470 sunt,
3177 4420 3297 4476 qua:
3322 4420 3420 4461 oc-

1832 4505 1974 4560 culta
2015 4501 2296 4557 dedecoris
2325 4499 2527 4570 vocat),
2561 4500 2761 4570 quippe
2789 4499 2881 4569 qui
2915 4498 3047 4554 tales
3073 4499 3262 4566 simus,
3292 4513 3424 4568 qua-

1832 4597 1912 4653 les
1943 4595 2216 4662 videmur;
2240 4609 2340 4650 nec
2367 4594 2672 4664 quicquam,
2704 4606 2809 4646 non
2841 4590 3003 4648 modo
3031 4592 3083 4646 in
3107 4591 3212 4646 vita
3240 4602 3421 4646 nostra

1835 4696 1889 4744 et
1907 4687 2167 4752 moribus,
2198 4685 2294 4742 sed
2315 4699 2414 4740 nec
2431 4684 2812 4754 praedicatione
2836 4692 3035 4738 tectum
3056 4690 3221 4753 atque
3237 4683 3425 4738 adum-

1836 4779 2046 4835 bratutn
2075 4778 2369 4833 habemus:
2397 4775 2502 4831 hoc
2527 4776 2672 4831 enim
2695 4775 2980 4845 signiﬁcat,
3012 4775 3155 4846 quod
3184 4775 3280 4842 ait,
3316 4774 3424 4828 Ne-

1835 4888 1932 4942 que
1957 4871 2301 4925 adulterantes
2325 4869 2527 4923 oerbum
2555 4867 2672 4936 Dei,
2701 4868 2790 4924 sed
2817 4869 2870 4922 in
2900 4869 3306 4938 manifestatione
3341 4884 3426 4922 ve-

1837 4963 2024 5017 ritatis.
2052 4963 2164 5018 Hoc
2189 4970 2293 5028 est,
2339 4978 2445 5015 non
2494 4961 2641 5014 vultu
2667 4970 2725 5015 et
2760 4960 3142 5027 ostentatione,
3183 4961 3276 5016 sed
3309 4961 3427 5030 ipso

1840 5071 2019 5112 rerum
2043 5057 2390 5111 documento.
2418 5053 2838 5108 Commendantes
2861 5070 2951 5106 nos
2973 5055 3109 5123 ipsos
3134 5054 3203 5107 ad
3227 5071 3428 5108 onmem

1841 5150 2199 5204 conscientiam
2245 5148 2530 5202 hominum.
2571 5147 2688 5216 Non
2719 5149 2861 5202 enim
2909 5149 3152 5202 ﬁdelibus
3197 5158 3424 5213 tantum,

1842 5241 1938 5296 sed
1964 5250 2019 5296 et
2048 5239 2354 5295 inﬁdelibus
2383 5240 2650 5309 perspicui
2692 5254 2897 5304 sumus,
2937 5255 3003 5295 ac
3029 5243 3307 5311 quibusvis
3336 5257 3430 5296 ex-

1842 5335 2023 5404 positi,
2049 5343 2105 5387 ut
2145 5347 2233 5388 res
2258 5342 2470 5386 nostras
2505 5332 2822 5402 explorent:
2849 5341 3009 5403 atque
3031 5334 3157 5388 hinc
3183 5334 3432 5403 nosipsos

1844 5427 2307 5493 commendamus,
2335 5441 2444 5480 non
2472 5441 2502 5479 a
2529 5425 2650 5480 fuco
2679 5441 2744 5481 ac
2771 5426 3139 5492 simulatione,
3171 5436 3265 5482 aut
3284 5425 3426 5496 quod

1845 5520 2181 5592 splendidam
2227 5519 2430 5573 larvam
2477 5517 2941 5574 circumferamus.
2989 5519 3227 5574 Dicimus
3253 5519 3432 5586 itaque

1846 5631 1947 5671 nos
1975 5615 2181 5670 nullum
2214 5628 2410 5668 munus
2437 5614 2716 5682 accipere;
2749 5623 2910 5683 atque
2939 5612 3097 5683 hujus
3124 5614 3200 5669 rei
3227 5627 3324 5668 vos
3353 5623 3434 5668 te-

1846 5719 1958 5766 stes
1977 5723 2268 5765 vocamus:
2299 5708 2526 5764 dicimus
2547 5721 2646 5763 nos
2677 5709 2875 5764 nullius
2904 5708 3092 5779 ﬂagitii
3118 5708 3272 5763 nobis
3297 5721 3432 5762 eon-

1851 5805 1990 5863 scios
2019 5817 2171 5872 esse;
2201 5810 2359 5874 atque
2401 5801 2560 5872 hujus
2605 5800 2684 5858 rei
2714 5815 2899 5860 rursus
2926 5818 2954 5858 a
2994 5804 3147 5859 vobis
3186 5805 3430 5859 testimo-

3011 5906 3090 5965 29
