3780 6370
427 334 530 397 £55

427 456 572 509 nium
606 453 867 522 petimus;
894 459 999 505 non
1032 459 1087 504 ut
1112 448 1187 504 illi
1213 449 1411 515 solent,
1439 449 1530 519 qui
1569 447 1697 504 vitia
1727 462 1823 502 sua
1850 449 2001 504 obte-

424 552 614 613 gentes
649 542 848 597 multos
877 541 1170 611 decipiunt.
1200 539 1334 594 Nam
1366 554 1465 594 nos
1489 547 1545 594 et
1570 540 1733 593 vitam
1766 548 2003 593 nostram

426 634 632 688 cunctis
654 633 706 686 in
737 631 972 686 medium
1003 630 1372 701 proponimus,
1402 638 1457 683 et
1488 627 1784 683 doctrinam
1811 627 1884 682 ita
1906 643 2003 697 pa-

428 725 727 788 tefacimus,
756 733 815 784 ut
840 722 1016 792 quivis
1046 736 1163 775 eam
1188 720 1488 790 intelligere
1516 719 1741 788 possint.
1766 717 1885 773 Mox
1910 733 2004 771 au-

425 826 553 879 tem,
581 814 705 883 quia
731 810 974 866 inﬁdeles
996 810 1105 864 vim
1131 809 1350 879 hujusce
1370 808 1629 863 doctrina:
1649 808 1867 862 minime
1884 822 2003 876 per-

422 912 660 972 spectam
687 902 973 965 habebant,
993 900 1290 969 subjunxit,
1314 897 1415 952 hoc
1435 914 1538 952 non
1561 896 1681 960 sibi,
1706 896 1798 951 sed
1815 911 1999 952 eorum

423 992 629 1062 stupori
676 991 1058 1060 assignandum
1085 1002 1227 1054 esse,
1258 988 1445 1041 dicens
1472 1006 1483 1040 :
1513 987 1567 1041 5.
1603 986 1752 1051 Quod
1780 990 1828 1039 st’
1852 986 2001 1039 etiam

426 1093 654 1153 opertum
684 1091 757 1138 est
802 1082 1116 1152 erangelium
1160 1088 1405 1143 nostrum,
1450 1078 1505 1131 in
1547 1077 1610 1130 iis
1653 1077 1740 1147 qui
1792 1084 2001 1146 pereunt

428 1184 655 1245 apertum
683 1184 776 1240 est,
799 1174 853 1227 4.
883 1173 935 1226 in
962 1172 1141 1242 quibus
1184 1168 1321 1222 Deus
1351 1169 1504 1238 hujus
1532 1167 1708 1221 steculi
1732 1168 1999 1219 exctecavtt

420 1276 607 1318 mentes
627 1264 933 1332 inﬁdelium.
965 1261 1117 1327 Quod
1137 1260 1222 1315 hic
1240 1258 1387 1323 dicit,
1417 1257 1658 1313 eamdem
1687 1257 1796 1311 vim
1816 1256 1993 1320 habet,

419 1370 575 1421 quam
597 1369 679 1419 ea,
705 1368 825 1423 quas
853 1353 996 1421 prius
1018 1350 1185 1405 dixit:
1210 1346 1338 1402 Aliis
1379 1347 1506 1401 odor
1534 1347 1713 1401 mortis
1748 1362 1920 1401 sumus
1945 1347 1997 1398 in

418 1456 651 1510 mortem,
679 1444 795 1498 aliis
824 1442 951 1497 odor
979 1443 1092 1496 vita
1118 1443 1171 1494 in
1197 1441 1351 1493 vitam
1380 1437 1454 1510 (2.
1490 1437 1608 1492 Cor.
1635 1436 1692 1491 2.
1722 1435 1833 1507 16).

490 1537 545 1590 2.
576 1536 1024 1590 Marcionistarum
1046 1542 1093 1586 et
1122 1530 1521 1585 Manichaeorum
1541 1545 1752 1584 errores.
1775 1557 1845 1568 —
1860 1528 1995 1595 Quid

417 1628 517 1684 sibi
561 1627 675 1681 vult
716 1625 844 1680 illud
870 1667 887 1691 ,
934 1623 1072 1678 Deus
1114 1624 1269 1694 hujus
1320 1622 1534 1676 swculi?
1574 1620 1673 1687 Qui
1716 1620 1995 1675 Marcionis

416 1717 609 1774 morbo
636 1716 897 1782 laborant,
926 1714 994 1770 de
1022 1727 1201 1770 rerum
1227 1712 1449 1782 Opiﬁce,
1475 1712 1620 1781 justo
1643 1710 1855 1781 quidem
1882 1709 1992 1775 illo,

417 1811 511 1865 sed
542 1824 645 1863 non
674 1808 802 1864 item
824 1806 987 1874 bono,
1006 1804 1121 1860 lucc
1147 1804 1283 1859 dicta
1311 1817 1432 1858 esse
1453 1800 1821 1857 contendunt:
1849 1801 1997 1854 aiunt

420 1904 562 1956 enim
599 1901 762 1956 Deum
791 1896 1076 1969 quemdam
1100 1897 1303 1966 justum
1329 1910 1449 1950 esse
1470 1936 1484 1959 ,
1516 1894 1607 1964 qui
1643 1908 1749 1948 non
1788 1893 1859 1948 sit
1895 1892 1992 1947 bo-

416 2006 534 2046 nus.
570 1988 846 2045 Manichmi
878 1997 1058 2043 autem
1090 1986 1173 2040 bis
1200 1984 1381 2040 verbis
1406 1984 1677 2039 diabolum
1707 1982 1991 2053 signiﬁcari

414 2091 705 2145 asserunt;
759 2082 880 2135 hinc
928 2079 1179 2134 nimirum
1222 2078 1385 2131 alium
1434 2090 1612 2131 rerum
1658 2075 1991 2130 conditarum

412 2176 745 2238 cll‘ectorem,
770 2182 963 2243 praeter
989 2185 1110 2225 eum
1140 2169 1376 2239 quivere
1404 2177 1774 2237 est,perquam
1801 2166 1991 2221 stolide

415 2266 669 2321 inducere
707 2263 1011 2332 cupientes.
1042 2261 1214 2315 liabet
1252 2259 1394 2314 enim
1424 2258 1524 2312 hoc
1550 2257 1809 2312 familiare
1848 2258 1992 2312 Scri-

414 2366 586 2427 ptura,
614 2362 670 2408 ut
697 2353 857 2409 deum
882 2366 987 2408 non
1012 2366 1078 2406 ex
1106 2350 1269 2420 ipsius
1289 2348 1561 2419 dignitate,
1589 2348 1682 2403 sed
1710 2363 1776 2403 ex
1804 2362 1988 2403 eorum

412 2450 502 2519 qui
551 2446 716 2517 ipsius
755 2444 980 2515 imperio
1022 2442 1251 2498 subsunt
1290 2440 1650 2496 imbecillitate
1678 2448 1987 2508 nuncupet:

413 2550 472 2595 ut
541 2553 662 2595 cum
734 2550 1035 2591 mamonam
1100 2534 1372 2589 dominum
1428 2532 1593 2597 dicit,
1643 2540 1698 2587 et
1747 2542 1988 2587 ventrem

413 2632 594 2687 deum.
627 2628 808 2699 Neque
837 2627 977 2683 enim
1009 2635 1291 2697 propterea
1331 2631 1425 2678 aut
1466 2630 1655 2679 venter
1695 2621 1825 2678 deus
1868 2633 1949 2675 est
1972 2663 1987 2686 ,

411 2736 505 2781 aut
532 2738 776 2780 mamona
816 2720 1087 2783 dominus,
1115 2718 1209 2774 sed
1256 2732 1439 2772 eorum
1488 2717 1723 2783 demum,
1755 2716 1843 2786 qui
1873 2728 1991 2770 sese

414 2819 542 2887 ipsis
572 2814 916 2884 subjecerint.
950 2814 1150 2866 Atvero
1180 2825 1277 2864 nos
1329 2808 1456 2864 illud
1495 2809 1755 2872 dicimus,
1790 2822 1892 2860 non
1922 2806 1990 2861 de

404 2908 624 2965 diabolo
652 2905 869 2976 quidem
904 2903 1017 2957 hare
1060 2902 1221 2956 verba
1250 2900 1426 2956 habita
1456 2915 1607 2965 esse,
1638 2898 1733 2953 sed
1772 2898 1840 2954 de
1870 2898 1988 2951 uni-

408 3014 690 3055 versorum
739 2997 886 3063 Deo;
937 2998 1120 3066 sicque
1163 2994 1443 3065 legendum
1491 3008 1644 3056 esse,
1695 2992 1991 3061 lnﬁdelium

416 3090 570 3162 hujus
596 3088 778 3143 swculi
823 3098 1016 3141 mentes
1057 3086 1196 3140 Deus
1236 3086 1522 3140 excwcavit.
1570 3084 1700 3138 Nam
1754 3084 1988 3139 futurum

415 3198 590 3237 mvum
619 3180 865 3236 inﬁdeles
906 3195 1009 3234 non
1052 3178 1356 3233 habiturum
1399 3186 1515 3242 est,
1557 3176 1651 3231 sed
1692 3176 1795 3230 hoc
1831 3175 1988 3231 dum-

415 3287 580 3330 taxat.
631 3276 689 3333 Si
723 3286 850 3328 vero
882 3270 1013 3341 quis
1041 3269 1197 3323 aliter
1226 3269 1398 3338 legat,
1443 3283 1637 3337 nempe
1674 3266 1811 3322 Deus
1839 3268 1991 3337 hujus

412 3366 619 3434 stet-ull,
641 3378 710 3419 ne
741 3363 868 3419 hinc
897 3362 1114 3433 quidem
1155 3362 1261 3416 ulla
1286 3360 1568 3417 calumnia:
1598 3374 1732 3414 ansa
1760 3360 1991 3430 porrigi-

422 3468 514 3514 tur
541 3475 557 3512 :
586 3470 758 3527 neque
783 3455 926 3511 enim
954 3454 1079 3509 hinc
1102 3453 1431 3519 ostenditur,
1458 3466 1580 3508 eum
1604 3451 1765 3521 hujus
1789 3460 1989 3507 tantum

413 3548 600 3605 saeculi
644 3548 812 3604 Deum
851 3561 973 3603 esse
1042 3545 1173 3600 Nam
1212 3555 1271 3601 et
1313 3545 1451 3601 Deus
1480 3544 1603 3600 κοίηιὶ
1633 3545 1857 3609 dicitur;
1892 3560 1991 3600 nec

417 3652 596 3696 tamen
646 3639 763 3694 οωὶί
790 3647 1001 3693 tantum
1042 3637 1188 3691 Deus
1224 3646 1349 3691 est:
1394 3647 1483 3700 et,
1530 3637 1671 3691 Deus
1715 3635 1991 3706 praesentis

406 3731 555 3797 diei,
590 3731 858 3795 dicimus;
903 3744 1003 3785 nec
1042 3737 1219 3783 tamen
1264 3727 1377 3781 hate
1420 3730 1490 3782 ita
1529 3728 1796 3794 dicimus,
1841 3727 1992 3797 quasi

416 3824 585 3892 ipsius
624 3821 912 3890 imperium
960 3821 1117 3875 unius
1152 3819 1254 3875 diei
1297 3819 1553 3890 angustiis
1588 3820 1988 3875 circumscriba-

415 3931 553 3969 mus.
606 3914 744 3981 Quin
787 3914 928 3968 Deus
964 3927 1176 3983 quoque
1213 3912 1444 3966 Abrahae
1480 3911 1708 3977 dicitur,
1749 3922 1807 3967 et
1854 3911 1992 3967 Deus

417 4010 586 4073 Isaac,
613 4016 667 4063 et
695 4008 837 4062 Deus
861 4006 1061 4071 Jacob;
1090 4020 1210 4060 cum
1240 4014 1413 4059 tamen
1442 4019 1544 4059 non
1575 4020 1760 4060 eorum
1788 4014 1992 4059 tantum

418 4103 488 4156 sit
516 4102 673 4156 Deus.
707 4106 782 4155 Ac
806 4099 1062 4170 pleraque
1091 4099 1251 4153 etiam
1280 4098 1381 4152 alia
1415 4097 1714 4166 bujusmodi
1754 4098 1996 4153 testimo-

415 4195 502 4248 nia
551 4194 603 4247 in
648 4191 939 4261 Scripturis
981 4189 1209 4245 inveniri
1255 4198 1499 4259 possunt.
1546 4189 1787 4256 Quonam
1831 4204 1993 4259 porro

414 4287 575 4341 modo
603 4285 926 4342 excaecavit?
967 4283 1084 4339 Non
1108 4296 1239 4338 sane
1264 4282 1404 4353 quod
1441 4282 1494 4338 in
1542 4282 1645 4338 hoc
1681 4282 1788 4338 ulla
1827 4283 1993 4352 ipsius

412 4380 555 4433 actio
583 4376 765 4442 fuerit,
792 4375 950 4442 absit,
970 4373 1064 4431 sed
1089 4375 1211 4445 quia
1235 4373 1287 4428 id
1315 4388 1502 4444 passus
1520 4382 1604 4430 est
1627 4388 1690 4429 ac
1714 4374 1987 4443 permisit:

418 4488 540 4528 nam
565 4471 858 4538 Scriptum
885 4482 1003 4523 mos
1030 4477 1113 4522 est
1140 4468 1213 4521 ita
1240 4466 1422 4536 loqui,
1451 4474 1509 4521 ut
1532 4481 1653 4521 cum
1680 4466 1775 4532 ait,
1806 4464 1993 4519 Tradi-

410 4564 487 4619 dit
510 4580 596 4618 eos
624 4561 763 4616 Deus
797 4560 851 4615 in
880 4560 1148 4630 reprobum
1174 4574 1374 4613 sensum
1403 4556 1592 4628 (Rom.
1624 4558 1669 4611 ι.
1700 4556 1822 4628 28).
1852 4556 1995 4624 Quo-

413 4658 555 4712 niam
582 4654 726 4709 enim
754 4650 830 4707 illi
854 4649 1002 4721 prius
1022 4648 1180 4704 ﬁdem
1202 4648 1545 4717 abrogarun-t,
1564 4662 1728 4716 seque
1750 4646 1929 4717 indiga
1967 4663 1994 4702 s

415 4746 763 4804 reddiderunt
805 4743 897 4813 qui
935 4740 1187 4813 mysteria
1230 4739 1508 4802 viderent,
1550 4738 1669 4793 illos
1700 4739 1812 4806 ipse
1838 4737 1995 4792 dere-

417 4843 590 4911 liquit.
613 4838 750 4907 Quid
776 4838 920 4894 enim
948 4836 1035 4890 hic
1062 4832 1366 4889 iaciendum
1393 4832 1542 4886 erat?
1563 4848 1628 4887 an
1659 4832 1852 4886 invitos
1882 4845 1991 4886 tra-

422 4934 572 4997 here,
601 4945 803 4999 snaque
830 4942 1024 4983 arcana
1052 4927 1118 4981 iis
1136 4966 1151 4992 ,
1181 4924 1272 4994 qui
1298 4938 1361 4977 ea
1385 4937 1608 4977 cernere
1642 4921 1990 4986 recusabant,

418 5025 664 5096 aperire?
692 5024 759 5077 At
788 5022 955 5090 magis
971 5017 1423 5087 contempsissent
1448 5012 1548 5079 illi,
1569 5029 1667 5068 nec
1692 5012 1873 5067 videre
1903 5028 1995 5064 vo-

419 5120 642 5173 luissent
668 5134 682 5172 :
724 5114 863 5170 unde
888 5113 1046 5167 etiam
1088 5126 1212 5166 mox
1241 5106 1541 5177 subjunxit,
1576 5105 1643 5161 Ut
1675 5122 1777 5160 non
1803 5106 1995 5175 fulgeat

415 5216 489 5267 eis
519 5210 825 5264 illuminatio
853 5206 1095 5276 evangelii
1119 5204 1296 5273 gloria:
1321 5200 1540 5264 Christi;
1568 5214 1672 5255 non
1699 5198 1765 5256 ad
1793 5198 1912 5263 hoc,
1940 5209 1995 5250 ut

427 5305 536 5357 Deo
563 5316 667 5355 non
712 5298 967 5361 credant,
995 5295 1091 5351 sed
1123 5305 1179 5350 ut
1216 5309 1336 5364 qua:
1362 5293 1468 5347 sint
1496 5292 1703 5347 interna
1742 5289 1992 5360 mysteria

418 5392 654 5449 inﬁdelis
696 5405 846 5444 meus
892 5387 1111 5442 minime
1154 5386 1478 5455 perspiciat:
1511 5380 1654 5451 quod
1698 5381 1857 5437 etiam
1903 5380 1996 5435 ille

421 5484 580 5541 nobis
603 5480 859 5553 praecepit
877 5521 894 5547 ,
924 5488 982 5533 ut
1011 5494 1079 5533 ne
1112 5476 1426 5546 margaritas
1451 5484 1574 5529 ante
1607 5488 1800 5544 porcos
1826 5470 1993 5541 conji-

420 5582 625 5639 ciamus
671 5572 902 5649 (Matth.
946 5576 1001 5631 7.
1043 5573 1146 5643 6).
1179 5570 1388 5627 Etenim
1416 5570 1461 5625 si
1488 5585 1549 5625 ea
1580 5568 1879 5623 inﬁdelibus
1905 5565 1997 5619 de-

420 5672 657 5739 texisset,
693 5684 881 5728 corum
905 5664 1126 5721 morbus
1156 5662 1323 5733 magis
1350 5660 1737 5735 incruduissct.
1774 5658 1906 5713 Nam
1951 5658 1997 5713 si

418 5766 539 5838 quis
557 5764 730 5823 oculis
753 5763 1083 5821 laborantem
1102 5762 1259 5828 cogat
1276 5752 1477 5809 solares
1499 5752 1679 5808 radios
1704 5749 1992 5819 respicere,

1155 334 1213 393 Β.
1250 333 1529 392 JOANNIS
1562 330 2035 391 CHRYSOSTOMI
2075 332 2391 389 ARCHIEP.
2432 331 2964 392 CONSTANTINOP.
3540 344 3617 402 A55

2112 449 2255 504 illius
2293 449 2655 506 inﬁrmitatem
2698 453 2868 524 magis
2896 462 3074 524 auget.
3117 452 3239 509 ldeo
3274 454 3446 511 medici
3470 470 3546 512 eos
3580 458 3619 512 in

2111 539 2348 595 tenebris
2371 540 2582 595 abditos
2607 550 2823 609 tenent,
2850 559 2919 598 ne
2944 543 3165 599 morbus
3196 544 3514 614 ingravescat.
3553 548 3620 601 Sic

2107 646 2235 701 ergo
2262 632 2350 687 hic
2384 632 2544 687 etiam
2587 633 2991 703 intelligendum
3018 642 3137 701 est,
3174 649 3363 704 nempe
3398 637 3517 706 quod
3555 637 3619 691 isti

2110 724 2241 779 vitio
2282 738 2381 778 suo
2409 723 2670 778 increduli
2710 726 3053 780 exstiterunt.
3086 724 3340 780 ln‘creduli
3377 738 3527 781 autem
3564 727 3621 781 el-

2106 812 2250 878 lecti,
2271 814 2535 882 evangelii
2556 828 2752 868 arcam
2775 814 2996 869 minime
3016 814 3124 883 jam
3147 826 3519 885 perspexerunt,
3535 816 3618 871 Deo

2107 903 2356 957 nimirum
2395 902 2575 958 radios
2613 917 2742 958 suos
2776 903 2881 957 illis
2926 903 3181 973 deinceps
3227 904 3541 960 subducente.
3577 906 3619 961 Id

2104 993 2245 1063 quod
2274 994 2435 1048 etiam
2466 993 2741 1064 discipulis
2767 995 3010 1062 dicebat,
3043 995 3319 1067 Propterea
3342 998 3391 1051 in
3415 999 3619 1066 parabolis

2104 1084 2283 1153 loquor
2319 1084 2442 1153 ipsis
2460 1125 2475 1151 ,
2503 1085 2623 1156 quia
2652 1085 2912 1140 audientes
2942 1102 3043 1140 non
3077 1088 3290 1140 audiunt
3319 1087 3519 1158 (Matth.
3551 1090 3616 1142 l3.

2103 1173 2225 1243 15).
2269 1172 2467 1228 Verum
2494 1182 2553 1227 ut
2590 1173 2732 1243 quod
2771 1174 2892 1229 dico
2930 1175 3177 1244 exemplo
3215 1175 3483 1231 dilucidius
3518 1177 3616 1241 ﬁat,

2103 1262 2243 1333 ﬁnge
2270 1263 2524 1332 gentilem
2555 1278 2676 1319 esse
2703 1265 2985 1334 quemdam
3011 1305 3027 1333 ,
3070 1267 3158 1334 qui
3200 1281 3288 1322 res
3324 1277 3513 1322 nostras
3548 1285 3621 1337 pro

2102 1355 2293 1409 fabulis
2331 1355 2523 1410 habeat
2548 1373 2563 1409 :
2592 1356 2678 1410 hic
2705 1356 2863 1426 igitur
2886 1357 3075 1427 plusne
3103 1374 3167 1413 es
3191 1374 3258 1414 eo
3283 1359 3525 1415 commodi
3554 1374 3623 1414 ea-

2103 1447 2231 1517 piet,
2245 1448 2290 1501 si
2312 1447 2584 1516 ingressus
2598 1446 2759 1503 fuerit
2783 1462 2847 1503 ac
2870 1450 3119 1519 mysteria
3138 1452 3479 1519 conspexerit,
3497 1466 3623 1521 quam

2099 1538 2143 1592 si
2173 1538 2305 1593 foris
2331 1538 2575 1592 maneat?
2615 1536 2740 1593 Ideo
2763 1539 2837 1592 ait
2863 1557 2876 1593 :
2917 1538 2985 1593 Ut
3009 1556 3108 1593 non
3136 1540 3325 1611 fulgeat
3348 1541 3445 1595 illis
3468 1542 3623 1595 illumi-

2100 1629 2273 1690 natio;
2305 1629 2358 1682 in
2386 1628 2546 1684 Mosis
2570 1628 2820 1685 videlicet
2844 1629 3063 1685 historia
3087 1632 3261 1687 adhuc
3282 1632 3499 1688 haerens.
3519 1633 3621 1687 Nam

2097 1719 2239 1789 quod
2257 1719 2397 1775 illius
2413 1728 2569 1774 tntate
2583 1719 2784 1776 Iudaeis
2795 1721 3008 1787 accidit,
3028 1722 3127 1777 hoc
3147 1723 3398 1793 evangelii
3425 1734 3624 1793 tempore

2100 1812 2350 1867 omnibus
2386 1811 2695 1869 inﬁdelibus
2723 1828 2819 1868 usu
2847 1815 3015 1869 venit.
3062 1815 3324 1882 Quidnam
3358 1826 3519 1872 autem
3541 1819 3623 1878 sit,

2096 1903 2237 1971 quod
2272 1902 2347 1957 ait
2384 1912 2629 1973 opertum
2663 1903 2771 1958 illis
2796 1904 2960 1960 fuisse
2983 1920 3045 1960 ac
3077 1907 3295 1962 minime
3314 1907 3621 1973 declaratum,

2095 1994 2216 2049 audi
2261 1994 2387 2065 quid
2428 1995 2549 2065 ipse
2589 1995 2771 2051 dicat:
2815 1994 2885 2052 Ut
2923 2013 3023 2051 non
3049 1999 3237 2069 fulgeat
3266 2000 3336 2053 eis
3361 2001 3625 2054 illumiutttio

2094 2087 2338 2157 evangelii
2382 2087 2559 2158 gloria:
2602 2086 2819 2154 Christi,
2862 2088 2947 2158 qui
2983 2099 3056 2144 est
3093 2090 3259 2161 imago
3301 2091 3416 2146 Dei.
3459 2092 3626 2157 Netum

2094 2177 2235 2246 quod
2265 2178 2409 2232 orbis
2436 2178 2579 2233 salus
2608 2193 2739 2237 crux
2776 2187 2863 2233 est
2899 2180 3168 2250 ipsiusque
3194 2182 3365 2251 gloria
3389 2224 3405 2247 ,
3434 2183 3557 2253 quod
3592 2185 3626 2237 is

2094 2269 2183 2339 qui
2212 2268 2498 2323 cruciﬁxus
2523 2277 2610 2324 est
2634 2284 2756 2325 cum
2787 2270 2955 2326 multo
2978 2271 3260 2341 splendore
3284 2283 3524 2328 venturus
3548 2276 3624 2330 sit;

2093 2369 2253 2430 atque
2277 2359 2379 2413 alia
2408 2360 2617 2424 omnia,
2650 2368 2756 2414 tam
2783 2363 3097 2432 pra-scotia,
3125 2378 3280 2431 quam
3306 2363 3504 2429 futura,
3543 2374 3625 2417 tam

2096 2451 2147 2505 in
2173 2462 2447 2521 aspectum
2474 2451 2718 2507 cadentia
2735 2492 2750 2515 ,
2780 2466 2936 2521 quam
2962 2453 3171 2508 occulta
3195 2463 3249 2508 et
3272 2454 3540 2509 inell’abilis
3562 2471 3630 2508 re-

2094 2558 2211 2597 rum
2237 2557 2356 2612 quae
2384 2550 2763 2611 exspectantur
2792 2542 3070 2598 adventus.
3101 2542 3251 2598 Unde
3274 2545 3431 2598 etiam
3455 2549 3626 2611 αὐγάσαι

2093 2634 2261 2701 dixit,
2305 2634 2407 2690 hoc
2444 2645 2529 2691 est
2570 2633 2862 2701 irradiare,
2907 2650 2976 2691 ne
3014 2644 3070 2691 tu
3112 2644 3276 2691 totum
3322 2637 3373 2690 in
3420 2637 3511 2692 hac
3545 2639 3629 2689 vita

2093 2740 2321 2797 quartas.
2350 2727 2444 2781 Est
2470 2726 2609 2782 enim
2639 2727 2784 2782 velut
2821 2726 3001 2782 radius
3033 2727 3293 2797 quispiam
3318 2727 3566 2799 Spiritus.
3589 2726 3631 2779 id

2093 2820 2234 2890 quod
2265 2834 2405 2875 nunc
2429 2819 2607 2875 datur.
2655 2818 2712 2875 ld
2736 2819 2881 2889 quod
2923 2819 3084 2875 etiam
3120 2820 3366 2889 superius
3390 2820 3629 2882 indicans,

2094 2910 2273 2966 odoris
2298 2924 2360 2965 ac
2383 2925 2596 2965 rursum
2624 2911 2860 2981 pignoris
2886 2911 3146 2966 vocabulo
3170 2925 3297 2966 usus
3334 2920 3450 2978 est,
3484 2910 3631 2965 decla-

2092 3015 2219 3058 rans
2259 3002 2428 3056 multo
2475 3001 2730 3070 majorem
2757 3011 2960 3071 partem
2988 3002 3042 3056 in
3093 3003 3269 3058 futuro
3321 3018 3436 3057 aevo
3477 3017 3634 3069 exste-

2093 3091 2343 3148 ctandam
2386 3107 2527 3147 esse.
2554 3091 2658 3149 Sed
2704 3102 2880 3148 tamen
2928 3092 3043 3147 haec
3089 3093 3263 3147 omnia
3318 3093 3448 3165 ipsis
3484 3095 3633 3147 occul-

2094 3190 2202 3238 tata
2251 3190 2409 3249 sunt,
2436 3191 2491 3239 et
2530 3183 2600 3238 ob
2645 3182 2697 3237 id
2744 3184 3030 3248 occultata,
3057 3184 3179 3253 quia
3207 3184 3353 3254 prius
3380 3185 3474 3254 ipsi
3504 3183 3633 3239 ﬁdem

2096 3275 2207 3331 Deo
2232 3274 2576 3344 abrogarnnt.
2602 3275 2813 3335 Postea.
2841 3284 2899 3328 ut
2921 3274 3186 3339 ostendat,
3206 3290 3311 3329 non
3334 3276 3521 3330 Christi
3544 3289 3634 3327 mo-

2094 3365 2185 3432 do,
2215 3367 2309 3421 sed
2337 3366 2500 3421 etiam
2528 3366 2699 3420 Patris
2725 3366 2947 3435 gloriam
2978 3365 3043 3420 iis
3070 3365 3389 3435 incognitam
3414 3380 3542 3429 esse,
3566 3364 3636 3433 qui

2094 3472 2213 3512 eam
2245 3473 2350 3511 non
2377 3457 2648 3521 viderunt,
2688 3457 2910 3526 adjecit,
2954 3457 3054 3522 Qui
3078 3467 3149 3511 est
3173 3458 3338 3528 imago
3368 3457 3481 3511 Dei.
3524 3456 3636 3510 Cave

2094 3549 2233 3603 enim
2275 3550 2327 3603 in
2371 3548 2586 3603 Christo
2630 3549 2745 3601 solo
2790 3548 3071 3602 consistas.
3125 3547 3194 3603 Ut
3231 3549 3376 3603 enim
3413 3565 3501 3618 per
3537 3560 3636 3602 eum

2095 3640 2305 3694 Patrem
2331 3640 2528 3701 cernis,
2557 3639 2650 3704 ita,
2678 3640 2721 3691 si
2752 3638 2917 3707 ipsius
2942 3638 3165 3708 gloriam
3193 3639 3440 3708 ignores,
3469 3655 3530 3692 ne
3560 3639 3639 3691 Pa-

2097 3731 2192 3785 tris
2219 3730 2429 3799 quidem
2455 3730 2676 3799 gloriam
2704 3730 2969 3797 cognitam
2996 3729 3240 3785 habebis.
3275 3732 3331 3785 5.
3376 3731 3494 3784 Non
3531 3730 3638 3783 enim

2095 3836 2186 3873 nos
2211 3821 2348 3891 ipsos
2376 3819 2711 3889 prwdicamus
2729 3859 2745 3884 ,
2774 3818 2861 3872 sed
2900 3816 3153 3873 Christum
3181 3817 3360 3872 Iesum
3392 3819 3640 3873 Dominum

2095 3922 2344 3977 nostrum,
2371 3928 2463 3966 nos
2490 3920 2655 3964 autem
2681 3925 2850 3965 δϐΐυοδ
2876 3920 3066 3965 vestros
3093 3928 3180 3981 per
3201 3910 3402 3965 Iesum.

2167 4005 2221 4059 5.
2261 4004 2487 4071 Quinam
2521 4002 2606 4057 hic
2631 4003 2897 4057 sermonis
2927 4011 3081 4058 tenor
3109 4004 3228 4058 est?
3263 4004 3390 4073 quid
3423 4006 3517 4057 hoc
3542 4017 3641 4058 cum

2096 4096 2163 4150 iis
2184 4137 2200 4162 ,
2231 4110 2351 4164 quae
2378 4102 2502 4148 ante
2534 4093 2672 4148 dicta
2704 4101 2860 4159 sunt,
2902 4108 3186 4149 commune
3215 4095 3413 4149 habet?
3455 4095 3540 4148 γει
3566 4107 3641 4147 eos

2096 4195 2249 4240 notat
2302 4194 2360 4241 ut
2411 4183 2726 4239 insolentius
2770 4198 2891 4240 sese
2939 4183 3243 4249 efferentes,
3292 4193 3348 4238 et
3399 4184 3643 4252 discipulis

2096 4277 2323 4333 suadere
2372 4275 2667 4344 cupientes,
2699 4284 2756 4329 ut
2800 4275 2867 4330 ab
2896 4288 3081 4330 eorum
3108 4275 3412 4329 nominibus
3440 4276 3536 4329 sibi
3563 4287 3645 4326 no.

2098 4385 2221 4425 men
2259 4369 2568 4438 imponant,
2596 4366 2734 4421 sicut
2774 4366 2827 4420 in
2858 4366 3137 4435 superiore
3161 4367 3386 4435 epistola
3419 4367 3644 4422 dicebat.

2097 4462 2209 4533 Ego
2238 4477 2351 4515 sum
2382 4458 2558 4523 Pauli,
2588 4475 2681 4529 ego
2706 4468 2873 4511 autem
2902 4457 3088 4528 Apollo
3109 4458 3191 4528 (l.
3218 4457 3337 4512 Cor.
3362 4460 3417 4512 5.
3442 4459 3497 4526 4)
3523 4475 3534 4511 :
3570 4466 3642 4508 aut

2094 4552 2236 4607 aliud
2262 4551 2515 4623 quiddam
2544 4549 2915 4621 gravissimum
2948 4548 3226 4618 signiﬁcat.
3246 4549 3507 4615 Quidnam
3533 4547 3644 4601 hoc!

2096 4644 2357 4712 Quoniam
2397 4642 2716 4698 acerrimum
2751 4641 2803 4695 in
2844 4641 2987 4710 ipsos
3023 4641 3217 4696 bellum
3269 4642 3346 4695 illi
3375 4642 3643 4713 gerebant,

2097 4748 2259 4807 atque
2290 4735 2510 4791 insidias
2538 4733 2769 4804 undique
2800 4733 2928 4802 ipsis
2954 4732 3248 4787 struebant.
3293 4732 3453 4799 Num,
3483 4730 3645 4800 inquit,

2098 4832 2380 4887 adversum
2412 4844 2511 4883 nos
2540 4828 2786 4899 pugnatis
2804 4867 2820 4894 ,
2852 4842 2915 4881 ac
2944 4842 3048 4881 non
3078 4826 3333 4881 adversus
3362 4842 3487 4881 eum
3510 4824 3589 4893 qui
3624 4838 3646 4874 ι

2101 4923 2252 4978 nobis
2276 4919 2626 4991 praedicatur?
2646 4934 2818 4988 neque
2845 4918 2989 4972 enim
3012 4918 3254 4986 nosipsos
3284 4918 3647 4984 pmdicamus:

2100 5033 2198 5087 ego
2229 5031 2419 5071 servus
2447 5029 2563 5068 sum
2591 5054 2606 5078 ,
2654 5026 2754 5081 ego
2782 5026 2967 5075 eorum
2996 5010 3085 5079 qui
3112 5009 3541 5079 praedicationem
3567 5021 3647 5059 ex-

2098 5109 2301 5177 cipiunt
2328 5105 2591 5168 minister,
2609 5117 2825 5173 operam
2851 5116 3064 5156 omnem
3089 5101 3236 5154 alteri
3269 5115 3492 5164 navans,
3512 5106 3649 5165 atque

2102 5198 2267 5267 ipsius
2295 5196 2479 5264 glorim
2506 5207 2665 5247 causa
2690 5191 2899 5261 quidvis
2921 5190 3137 5244 faciens.
3165 5190 3362 5259 Itaque,
3388 5189 3511 5243 dum
3540 5182 3648 5240 mibi

2103 5289 2299 5343 bellum
2350 5284 2546 5348 infers,
2594 5299 2654 5336 ea
2699 5297 2817 5351 quae
2847 5281 2990 5335 illius
3019 5290 3141 5334 sunt
3184 5280 3394 5348 dejieis.
3446 5279 3648 5334 Tantum

2102 5380 2243 5434 enim
2273 5378 2442 5440 abest,
2470 5384 2521 5429 ut
2556 5390 2621 5428 ex
2652 5373 2957 5442 evangelica
2982 5385 3205 5427 munere
3229 5371 3514 5439 quidquam
3542 5362 3649 5419 mihi

2101 5484 2346 5539 arrogem
2371 5509 2386 5533 ,
2418 5476 2477 5520 ut
2506 5480 2572 5519 ne
2600 5479 2790 5519 servus
2834 5462 3046 5532 quidem
3085 5471 3265 5515 vester
3292 5474 3415 5515 esse
3458 5464 3649 5529 propter

2102 5563 2375 5619 Christum
2400 5566 2749 5613 recusaturus
2772 5556 2893 5618 sim,
2922 5551 3345 5624 quandoquidem
3375 5551 3475 5618 ipsi
3504 5548 3649 5600 viSum

2105 5663 2187 5709 est
2230 5660 2377 5706 tanto
2410 5650 2463 5703 in
2494 5646 2664 5717 pretio
2697 5660 2789 5698 vos
2819 5643 3050 5708 habere,
3080 5650 3329 5711 tantoque
3365 5652 3549 5693 amore
3572 5644 3649 5685 vos

2105 5742 2428 5813 complecti,
2476 5754 2542 5797 ac
2585 5738 2771 5796 salutis
2801 5744 2992 5793 vestra:
3037 5749 3197 5790 causa
3238 5732 3448 5803 quidvis
3492 5738 3651 5800 agere.
