3696 6212
126 314 209 368 ίεό
744 344 745 347 η
1073 315 1143 371 IN
1181 316 1399 372 EPIST.
1437 317 1483 372 ιι
1519 318 1610 372 AD
1645 318 1801 375 COB.
1843 318 2080 376 HOMIL.
2127 321 2264 380 VIII.

118 424 199 494 τῆς
216 424 393 480 ἐκείνων
416 424 787 498 ἀναισθησίας.
818 425 908 481 Διὸ
938 426 1033 480 καί
1059 444 1224 498 φησιν
1258 445 1271 459 ·
1301 430 1370 482 El
1406 428 1474 483 δὲ
1508 428 1606 483 καί

114 516 221 569 ἔστι
246 518 656 588 κεκαλυμμένον
690 520 759 574 τὸ
774 522 1125 590 εὐαγγέλιον
1164 522 1345 591 ἡμῶν,
1377 523 1447 577 ἐν
1483 522 1608 589 τοῖς
1710 522 1934 587 αὐτοῖς,
1959 525 2048 577 ὅτι
2074 527 2397 594 ἀκούοντες
2428 533 2540 585 οὐκ
2566 533 2917 591 ἀκούουσιν.
2955 541 3072 594 Ἵνα
3100 542 3157 595 δὲ
3190 552 3285 601 καὶ
3315 586 3326 622 ι

111 604 482 674 ἀπολλυμένοις
516 607 648 662 ἐστι
686 610 1161 680 κεκαλυμμένον,
1188 613 1258 665 ἐν
1289 608 1380 680 οἷς
1404 616 1438 668 ό
1463 613 1607 681 Θεὸς

108 692 195 747 τοῦ
235 693 409 760 αἰῶνος
450 696 667 751 τούτου
715 697 1029 767 ἐτύφλωσε
1071 701 1144 755 τὰ
1194 702 1464 772 νοήματα
1488 702 1610 756 τῶν

103 783 516 856 ἀπίστων.”οπερ
544 787 638 840 καί⁹
654 786 966 859 ἔμπροσθεν
989 786 1162 858 εἶπεν,
1193 788 1294 858 Οἷς
1310 794 1428 862 μὲν
1445 793 1603 864 ὀσμὴ

102 874 317 929 θανάτου
344 879 420 942 είς
438 878 717 943 θάνατον,
748 874 841 947 οἷς
864 880 934 936 δὲ
947 882 1107 952 ὀσμὴ
1143 882 1293 953 ζωῆς
1322 888 1409 951 είς
1430 884 1601 954 ζωὴν,

98 965 228 1018 τοῦτο
250 967 329 1021 καὶ
355 969 579 1023 ἐνταῦθὰ
599 988 755 1041 φησι.

156 1057 213 1127 β’.
230 1057 342 1113 Τίδέ
364 1059 522 1125 ἐστιν,
549 1062 612 1114 Ὀ
626 1062 770 1128 Θεὸς
785 1065 892 1119 τοῦ
914 1064 1132 1135 αἰῶνος
1155 1069 1401 1135 τούτου;
1416 1071 1478 1123 Οί
1506 1071 1603 1140 μὲν

91 1150 149 1203 τά
170 1150 453 1223 Μαρκίωνος
479 1153 784 1218 νοσοῦντες,
820 1156 1039 1223 λέγουσι
1069 1160 1197 1229 περὶ
1220 1161 1313 1213 τοῦ
1338 1163 1411 1231 Δη
1422 1179 1602 1232 μιουρο

88 1243 171 1310 γοῦ
194 1244 272 1297 τοῦ
293 1245 480 1299 δικαίου
519 1248 699 1318 μόνον,
737 1249 831 1302 καὶ
864 1251 964 1304 οὐκ
992 1253 1220 1320 ἀγαθοῦ,
1246 1254 1422 1310 ταῦτα
1451 1244 1603 1327 εἰρῆ-

86 1334 217 1389 σθαι·
267 1335 458 1404 λέγουσι
488 1338 597 1408 γὰρ
629 1335 769 1392 εἷναί
808 1358 931 1394 τινα
969 1342 1100 1395 Θεὸν
1126 1343 1351 1409 δίκαιον,
1380 1347 1474 1399 καὶ
1500 1347 1600 1399 οὐκ

79 1428 271 1496 ἀγαθόν.
320 1430 597 1500 Μανιχαῖοι
646 1432 704 1485 δέ
754 1450 889 1501 φασι
943 1434 1034 1487 τὸν
1083 1436 1328 1490 διάϐολον
1363 1437 1599 1492 ἐνταῦθα

77 1517 318 1585 λέγεσθαι,
342 1521 399 1573 ἐκ
428 1521 617 1574 τούτου
649 1523 987 1593 δημιουργὸν
1019 1526 1116 1597 τῆς
1146 1526 1381 1591 κτίσεως
1409 1529 1597 1601 ἕτερον

72 1607 412 1677 ἐπεισαγαγεῖν
427 1610 577 1682 παρά
593 1612 685 1665 τὸν
703 1612 831 1666 ὄντα
857 1614 1189 1686 βουλόμενοι,
1218 1619 1422 1689 σφόδρα
1440 1622 1598 1693 ἀνοή-

70 1714 182 1761 τως.
216 1695 321 1753 Οἵδε
359 1701 451 1769 μὲν
496 1702 605 1774 γὰρ
654 1704 914 1769 πολλάκις
959 1710 990 1778 ἡ
1025 1710 1213 1780 Γραφὴ
1244 1710 1376 1764 Θεὸν
1409 1713 1595 1768 καλεῖν

69 1790 151 1842 ούκ
179 1791 274 1844 ἀπὸ
326 1794 419 1863 τῆς
446 1795 603 1860 ἀξίας
644 1797 737 1851 τοῦ
776 1800 1134 1870 καλουμένου,
1171 1803 1286 1857 ἀλλ’
1329 1805 1439 1859 ἀπὸ
1493 1806 1594 1876 τῆς

69 1881 316 1945 ἀσθενείας
340 1885 440 1939 τῶν
466 1886 939 1961 ύποταττομένωψ
967 1893 1042 1955 ὡς
1069 1896 1195 1950 ὅταν
1217 1897 1306 1950 τὸν
1327 1902 1594 1969 μαμωνᾶν

69 1972 230 2043 ιύριον
261 1973 401 2047 λέγῃ,
436 1977 529 2030 καὶ
560 1977 659 2049 τὴν
688 1981 896 2035 κοιλίαν
943 1984 1084 2038 θεόν.
1140 1988 1280 2040 Ἀλλ’
1327 1990 1388 2042 οὐ
1443 1993 1593 2062 παρά

69 2064 199 2118 τοῦτο
229 2066 341 2120 οὔτε
382 2070 413 2139 ή
448 2070 623 2124 κοιλία
648 2072 788 2137 θεὸς,
836 2075 960 2130 οὕτε
991 2080 1020 2131 6
1070 2084 1336 2150 μαμωνᾶς
1382 2084 1603 2155 κύριος,

69 2156 158 2207 ὶλλ’
182 2158 392 2213 ἐκείνων
420 2160 529 2215 τῶν
560 2163 1105 2225 ύποκατακλινόντων
1132 2173 1383 2238 ἐαυτούς.
1398 2176 1591 2247 Ἡμεῖς

70 2247 96 2299 ὲ
125 2249 290 2302 ἐκεῖνό
342 2269 539 2322 φαμεν,
572 2254 654 2307 ὅτι
706 2255 830 2311 οὔτε
866 2261 995 2331 περὶ
1020 2262 1115 2316 τοῦ
1157 2264 1403 2320 διαϐόλου
1432 2269 1590 2324 τοῦτο

70 2339 263 2410 ῖρηται,
308 2342 441 2396 ἀλλά
478 2344 572 2398 τοῦ
617 2347 727 2400 τῶν
769 2350 906 2404 ὅλων
935 2352 1091 2407 Θεοῦ·
1128 2354 1224 2408 καὶ
1256 2355 1429 2423 οὕτως
1454 2361 1589 2415 ἀνα-

70 2432 312 2499 νωστέον,
348 2436 427 2489 ὅτι
484 2439 606 2492 Τῶν
663 2441 935 2496 ἀπίστων
965 2445 1071 2500 τοῦ
1121 2447 1335 2516 αἰῶνος
1371 2455 1587 2509 τούτου

69 2524 370 2591 τύφλωσεν
400 2530 433 2581 ὁ
489 2529 634 2596 Θεὸς
672 2532 744 2585 τὰ
770 2533 1060 2602 νοήματα.
1103 2538 1159 2592 Ὀ
1220 2541 1328 2611 γὰρ
1378 2543 1588 2612 μέλλων

69 2614 125 2665 ὒκ
172 2614 281 2685 ἔχει
323 2618 601 2686 ἀπίστους,
638 2622 756 2675 ἀλλ’
788 2625 816 2676 6
852 2627 1045 2696 παρὼν
1079 2629 1258 2699 μόνος.
1311 2634 1374 2686 El
1407 2635 1465 2689 δὲ
1492 2639 1587 2690 καὶ

69 2704 224 2774 τέρως
274 2725 355 2771 τις
409 2710 793 2779 ἀναγινώσκοι,
859 2711 994 2783 οἷον,
1041 2719 1123 2772 ὃτι
1167 2721 1229 2774 '0
1293 2725 1437 2792 Θεὸς
1479 2728 1585 2782 τοῦ

69 2796 233 2864 ίῶνος
259 2801 492 2867 τούτου,
523 2805 643 2857 οὐδὲ
670 2805 830 2861 τοῦτο
856 2808 968 2879 ἔχει
995 2810 1116 2865 τινά
1143 2811 1337 2885 λαϐήψ
1377 2818 1436 2870 ού
1476 2819 1586 2891 γὰρ

69 2890 173 2942 δῦτο
197 2891 467 2946 δείκνυσιν
497 2897 661 2949 αὐτὸν
686 2898 878 2953 τούτου
909 2900 1070 2969 μόνον
1100 2901 1230 2956 ὄντα
1261 2904 1356 2957 τοῦ
1389 2906 1586 2971 αἰῶνος

69 2982 166 3036 εόν.
229 2985 339 3038 Καὶ
381 2986 491 3057 γὰρ
534 2990 563 3042 6
602 2988 735 3054 Θεὸς
767 2991 996 3063 ούρανοῦ
1048 2996 1284 3066 λέγεται,
1338 2998 1452 3053 ἀλλ’
1484 3000 1584 3054 οὐκ

70 3089 157 3124 τιν
183 3074 413 3145 ούρανοῦ
444 3077 602 3146 μόνον
629 3080 783 3143 Θεόςο
822 3083 917 3136 καί⁸
945 3084 974 3137 ὁ
1006 3086 1137 3152 Θεὸς
1172 3087 1273 3158 τῆς
1304 3090 1583 3163 παρούσης

69 3163 220 3233 ιέρας
258 3165 511 3236 λέγομεν,
567 3171 660 3223 καί⁸
706 3172 809 3226 οὐκ
854 3176 937 3239 είς
984 3178 1200 3249 ἐκείνην
1240 3179 1409 3252 μόνην
1448 3200 1581 3252 συγ-

70 3254 274 3319 είοντες
297 3258 463 3313 αὐτοῦ
490 3260 589 3333 τὴν
614 3265 811 3336 ἀρχὴν,
851 3266 999 3341 [494]
1036 3270 1195 3325 τοῦτό
1239 3291 1442 3345 φαμεν⁸
1488 3278 1582 3330 καὶ

69 3346 189 3411 θεὸς
219 3349 279 3402 δὲ
315 3352 569 3425 Ἀϐραὰμ
601 3355 841 3425 λέγεται,
893 3362 987 3415 καὶ
1014 3364 1042 3416 6
1070 3363 1205 3428 Θεὸς
1239 3367 1445 3432 Ἰσαὰκ,
1487 3371 1580 3423 καὶ

70 3438 192 3503 θεὸς
229 3442 463 3495 Ἰακώϐ*
514 3447 607 3500 καὶ
653 3450 754 3503 οὐκ
804 3452 1028 3506 ἐκείνων
1072 3457 1234 3524 μόνον
1273 3458 1390 3512 ἐστὶ
1423 3459 1574 3524 Θεός.

69 3531 101 3583 ιὶ
134 3533 345 3599 πολλὰς
374 3537 441 3591 ἄν
464 3555 547 3602 τις
581 3542 675 3595 καὶ
706 3542 898 3615 ἐτέρας
929 3545 1183 3610 τοιαύτας
1211 3550 1269 3602 ἐν
1294 3552 1415 3615 ταῖς
1446 3551 1579 3621 Γρα-

69 3628 115 3686 ῐς
162 3626 322 3697 εὖροι
376 3633 707 3703 μαρτυρίας.
760 3636 884 3699 Πῶς
928 3634 1021 3691 οὖν
1069 3639 1412 3709 ἐτύφλωσεν;
1465 3644 1577 3697 Ούκ

73 3719 299 3788 ργήσας
330 3723 415 3784 είς
448 3722 630 3790 τοῦτο,
670 3726 874 3796 ἄπαγε,
900 3728 1014 3781 ἀλλ’
1046 3731 1204 3799 ἀφεὶς
1233 3733 1328 3786 καὶ
1360 3752 1577 3805 συγχω-

69 3825 183 3872 τας·
218 3812 322 3864 καὶ
349 3812 463 3884 γὰρ
487 3814 606 3879 ἔθος
631 3819 697 3886 τῇ
730 3818 919 3891 Γραφῇ
950 3820 1093 3876 οὕτω
1114 3822 1316 3891 λέγειν·
1344 3826 1419 3890 ὼς
1447 3828 1576 3881 ὅταν

72 3918 131 3969 ῃ,
190 3903 557 3969 Παρέδωκεν
599 3908 821 3974 αὐτοὺς
875 3914 908 3964 ό
955 3914 1101 3980 Θεὸς
1153 3917 1240 3981 είς
1287 3916 1577 3988 ἀδόκιμον

70 3989 145 4039 ἓν.
196 3988 431 4060 Ἐπειδὴ
484 3993 593 4064 γὰρ
636 3995 790 4050 αὐτοὶ
832 3999 1143 4071 ἠπίστησαν
1198 4004 1428 4076 πρῶτοι,
1480 4010 1574 4061 καὶ

74 4079 234 4145 ξίους
292 4084 530 4148 ἑαυτοὺς
579 4091 994 4146 κατεσκεύασαν
1030 4092 1124 4146 τοῦ
1165 4096 1293 4149 ίδεῖν
1342 4099 1410 4153 τὰ
1466 4118 1573 4171 μυ-

71 4189 194 4241 ρία,
237 4176 342 4227 καὶ
373 4176 541 4240 αὐτὸς
573 4178 757 4233 λοιπὸν
785 4183 988 4240 εῐασεν.
1009 4183 1171 4238 Ἀλλά
1195 4187 1247 4239 τί
1279 4188 1385 4242 ἔδει
1414 4192 1570 4261 ποιῆ-

74 4278 87 4324 ;
161 4262 314 4333 πρὸς
362 4263 490 4334 βίαν
515 4266 713 4334 ἕλκειν,
746 4271 841 4323 καὶ
871 4273 1237 4328 ἐκκαλύπτειν
1269 4276 1344 4347 μὴ
1390 4278 1572 4348 βουλο-

69 4368 153 4415 anc;
209 4353 392 4421 ίδείν;
439 4357 600 4413 Ἀλλά
659 4360 861 4430 μᾶλλον
902 4364 967 4417 ἂν
1011 4368 1446 4438 κατεφρόνησαν,
1478 4372 1573 4424 καὶ

91 4441 166 4494 ἂν
196 4438 377 4498 εἴδον-
407 4446 490 4500 διὸ
514 4449 608 4502 καὶ
629 4450 936 4521 ἐπήγαγεν,
962 4455 1067 4521 Εἰς
1096 4455 1164 4509 τὸ
1192 4456 1278 4526 μὴ
1308 4458 1572 4526 αὐγάσαι

69 4533 169 4599 οἷς
209 4535 336 4589 τὸν
366 4541 684 4610 φωτισμὸν
712 4544 819 4597 τοῦ
866 4547 1221 4615 εὐαγγελίου
1250 4547 1359 4617 τῆς
1385 4549 1572 4617 δόξης

84 4626 386 4692 Χριστοῦ
407 4644 421 4656 ·
465 4629 527 4681 ού
566 4631 704 4702 πρὸς
732 4633 794 4685 τὸ
839 4636 1139 4707 ἀπιστῆσαι
1165 4637 1243 4709 τῷ
1266 4638 1405 4710 Θεῷ,
1433 4640 1571 4694 ἀλλά

69 4733 82 4777 ς
114 4717 185 4769 τὸ
219 4719 334 4788 τὴν
362 4721 632 4777 ἀπιστίαν
664 4724 739 4795 μὴ
766 4726 894 4779 ίδεῖν
924 4727 1043 4780 τίνα
1074 4729 1194 4783 ἐστὶ
1223 4729 1291 4784 τά
1323 4730 1470 4785 ἔνδον
1491 4748 1502 4760 ·
1541 4733 1571 4785 ὃ

69 4807 223 4875 ἡμῖν
250 4808 531 4876 ἐπέταξε,
567 4812 641 4883 μὴ
687 4815 904 4885 ῥίπτειν
937 4819 1062 4881 τοὺς
1093 4820 1440 4890 μαργαρίτας
1467 4822 1567 4893 ἔμ-

69 4897 195 4950 τίὶεν
230 4900 359 4953 τῶν
389 4902 595 4974 χοίρων
629 4906 916 4971 κελεύσας.
959 4909 1020 4961 EE
1050 4910 1158 4982 7&9
1188 4912 1284 4965 καὶ
1310 4913 1569 4968 ἀπιστοῦ-

70 4988 430 5061 ;ξεκὰλυψε,
482 4996 686 5064 μᾶλλον
714 4998 838 5069 ἂνή
874 5001 1026 5065 νόσος
1061 5003 1244 5055 αὐτῶν
1278 5005 1559 5076 ἐπετρίϐη,

69 5081 197 5149 γὰρ
238 5084 297 5135 εί
355 5084 754 5157 ὀφθαλμιῶντά
783 5107 866 5153 τις
911 5093 1246 5161 ἀναγκάσειε
1292 5095 1431 5168 πρὸς
1468 5097 1568 5162 τὰς

69 5187 167 5231 ρας
207 5170 387 5238 ἰδεῖν,
423 5175 689 5231 ἐπιτείνει
720 5179 919 5248 μᾶλλον
936 5181 1103 5235 αὑτοῦ
1134 5184 1233 5254 τὴν
1257 5185 1562 5240 ἀσθένειαν.

69 5259 222 5313 οῦτο
251 5263 367 5317 καὶ
399 5266 465 5317 ἐν
494 5266 674 5320 σκότει
706 5271 1124 5327 κατακλείουσιν
1139 5276 1336 5339 αὐτοὺς
1366 5276 1565 5348 ἰατρῶν

69 5366 147 5413 ες,
185 5350 362 5405 ὥστε
407 5355 487 5426 μὴ
521 5358 806 5428 ἐπιτρῖψαι
835 5360 894 5412 τὸ
923 5362 1156 5433 νόσημα.
1191 5364 1346 5418 Ούτω
1384 5366 1565 5419 τοίνυν

69 5442 321 5495 νταῦθα
366 5446 618 5514 νοητέον,
657 5449 740 5501 ὅτι
773 5442 920 5504 οὗτοι
956 5453 1056 5522 μὲν
1100 5456 1392 5523 γεγόνασιν
1433 5457 1565 5511 ἀπι-

69 5533 126 5583 ῖι’
163 5534 475 5599 ἑαυτούς·
507 5538 790 5610 γενόμενοι
815 5541 871 5595 δὲ
891 5543 1131 5613 ἄπιστοι,
1161 5547 1344 5602 οὐκέτι
1376 5548 1561 5620 ἐώρων

69 5624 355 5695 τόρῤητα
390 5628 493 5681 τοῦ
534 5622 876 5701 εὐαγγελίου,
906 5635 999 5689 τοῦ
1033 5638 1168 5691 Θεοῦ
1199 5639 1387 5693 λοιπὸν
1421 5642 1558 5695 ἀπο-

69 5734 208 5779 ιτος
260 5719 381 5784 τὰς
416 5723 645 5787 ἀκτῖνας
675 5726 878 5792 αὐτοῖς.
900 5729 1077 5801 Ὅπερ
1107 5732 1200 5786 καὶ
1229 5735 1342 5796 τοῖς
1378 5734 1553 5804 μαθη-

3178 335 3284 392 456

1712 430 1833 493 ταῖς
1859 430 2066 499 ἔλεγεν,
2114 434 2197 487 ὄτι
2243 437 2354 489 Διὰ
2384 437 2560 493 τοῦτο
2606 440 2678 493 ἐν
2722 446 3061 515 παροιμίαις
3112 452 3284 506 λαλῶ

1708 613 1801 666 ἐπὶ
1826 615 2265 687 παραδείγματος
2290 623 2621 696 σαφέστερον
2645 626 2674 679 ὂ
2702 627 2848 696 λέγω
2878 632 3124 704 γένηται,
3152 638 3286 693 ὑπό-

1710 700 1805 757 θου
1837 705 1956 758 τινὰ
1977 706 2215 779 Ἕλληνα
2247 706 2388 765 εἶναι
2425 713 2630 783 μύθους
2660 717 2730 771 τά
2757 700 3008 792 ἡμέτερα
3035 700 3281 799 ἡγούμε-

1707 810 1798 847 νον
1819 811 1832 824 ο
1867 789 2022 860 οὗτος
2049 794 2142 852 οὖν
2173 800 2291 864 πῶς
2316 802 2734 875 ὠφεληθήσεται
2770 789 2993 880 μᾶλλον,
3022 789 3282 875 είσελθὼν

1707 886 1804 939 καὶ
1835 886 1961 941 ἰδὼν
1988 891 2055 942 τὰ
2092 893 2392 964 μυστήρια,
2421 896 2453 967 ἢ
2487 897 2592 964 ἔξω
2622 900 2834 969 μένων;
2870 904 2971 958 Διὰ
2992 907 3148 963 τοῦτό
3178 928 3282 983 φη-

1709 992 1813 1029 σιν’
1850 980 1954 1044 Είς
1995 980 2061 1034 τὸ
2112 981 2199 1051 μὴ
2242 987 2505 1054 αὐγάσαι
2550 992 2757 1059 αὐτοῖς
2804 995 2912 1050 τὸν
2950 980 3277 1072 φωτισμὸκ,

1704 1066 1983 1138 ἐπιμένων
2014 1071 2096 1125 ἔτι
2132 1076 2196 1143 τῇ
2237 1076 2449 1150 ἱστορίᾳ
2473 1081 2772 1149 Μωῦσέως.
2808 1066 2986 1161 Ὅπερ
3011 1091 3121 1162 γὰρ
3136 1066 3281 1166 πρὸς

1717 1158 2002 1225 Ἰουδαίους
2030 1163 2251 1231 γέγονεν
2276 1167 2363 1220 ἐπ’
2414 1170 2644 1237 ἐκείνου,
2690 1176 2850 1232 τοῦτο
2894 1158 2989 1235 ἐπὶ
3023 1158 3273 1243 πάντων

1703 1247 1812 1301 τῶν
1865 1251 2111 1307 ἀπίστων
2153 1256 2364 1323 γίνεται
2394 1261 2488 1314 ἐπὶ
2543 1264 2635 1318 τοῦ
2676 1267 3022 1337 εὐαγγελίου.
3066 1278 3177 1331 Καὶ
3224 1281 3277 1334 τί

1701 1340 1820 1393 ἐστι
1848 1342 1909 1395 τὸ
1943 1351 2425 1421 συνεσκιασμένον,
2460 1359 2554 1411 καὶ
2596 1360 2735 1431 ὅπερ
2777 1364 2963 1430 αὐτοῖς
3009 1371 3109 1425 οὐκ
3158 1374 3275 1429 ἐστι

1704 1438 2150 1507 πεφωτισμένον;
2178 1444 2448 1501 ’Ἄκουσον
2474 1450 2638 1504 αὐτοῦ
2663 1452 2933 1523 λέγοντος
2965 1463 3071 1529 Εὶς
3102 1464 3168 1517 τὸ
3186 1467 3274 1535 μὴ

1698 1523 1959 1591 αὐγάσαι
2000 1530 2202 1596 αὐτοῖς
2252 1535 2359 1588 τὸν
2398 1543 2708 1609 φωτισμὸν
2759 1547 2868 1600 τοῦ
2919 1523 3276 1621 εὐαγγελίού

1700 1612 1813 1681 τῆς
1874 1615 2061 1685 δόξης
2101 1622 2209 1676 τοῦ
2259 1627 2537 1695 Χριστοῦ,
2591 1632 2660 1699 ὅς
2711 1635 2882 1691 ἐστιν
2935 1612 3114 1697 εικῶὶρ
3165 1646 3274 1701 τοῦ

1700 1706 1867 1761 Θεοῦ.
1902 1703 2046 1774 Οἷον,
2079 1712 2161 1765 ὅτι
2203 1715 2232 1766 6
2273 1721 2506 1792 σταυρὸς
2536 1723 2637 1792 τῆς
2664 1727 2992 1803 οἰκουμένης
3026 1740 3276 1809 σωτηρία

1697 1796 1793 1850 καὶ
1831 1800 1997 1854 αὑτοῦ
2026 1803 2175 1869 δόξα,
2211 1808 2293 1860 ὅτι
2330 1811 2494 1874 αὐτὸς
2527 1808 2683 1880 οὗτος
2707 1820 2734 1873 6
2763 1796 3098 1892 σταυρωθεὶς
3134 1796 3273 1899 μίέτά

1696 1888 1895 1962 πολλῆς
1936 1899 2293 1965 περιφανείας
2340 1903 2523 1971 μέλλει
2570 1888 2991 1981 παραγίνεσθαι,
3039 1888 3108 1973 τά
3134 1888 3271 1976 ἀλλα

1644 2048 1648 2053 ἡ
1695 1982 1893 2045 πάντα,
1925 1985 1992 2037 τὰ
2048 1990 2315 2060 παρόντα,
2348 1996 2416 2047 τὰ
2472 1997 2756 2066 μέλλοντα,
2791 2004 2861 2059 τὰ
2896 2006 3173 2079 δρώμενα.
3202 2017 3272 2069 τὰ

1693 2070 1790 2141 ούχ
1838 2073 2112 2146 ὁρώμενα,
2164 2084 2196 2151 ὴ
2256 2083 2569 2155 ἀπόρρητος
2626 2090 2735 2143 τῶν
2800 2070 3270 2168 προσδοκωμένων

1692 2164 2040 2234 περιφάνεια.
2073 2169 2166 2223 Διὸ
2200 2173 2317 2226 καὶ⁴
2331 2176 2572 2245 αὐγάσαι
2610 2177 2787 2252 εἶπεν,
2826 2164 2913 2240 ἴνα
2944 2191 3020 2260 μὴ
3055 2164 3114 2246 τὸ
3148 2195 3270 2250 ὅλον

1691 2252 1924 2310 ἐνταῦθα
1955 2258 2143 2332 ζητῇς·
2185 2263 2377 2338 ὥσπερ
2406 2270 2514 2343 7&9
2540 2273 2682 2345 αὐγή
2715 2294 2798 2335 τις
2828 2252 2955 2334 ἐστὶ.
2982 2252 3145 2353 μόνον
3171 2290 3268 2342 τοῦ

1689 2345 2010 2418 Πνεύματος
2056 2355 2089 2423 ἡ
2144 2354 2427 2429 δεδομένη.
2461 2361 2632 2417 Τοῦτο
2681 2368 2814 2435 γοῦν
2864 2345 3269 2449 καὶ-ἀνωτέρω

1687 2434 1884 2506 δηλῶν,
1927 2440 2106 2513 ὀσμὴν
2138 2443 2282 2509 εἶπε,
2334 2451 2428 2503 καὶ
2473 2453 2637 2508 πάλιν
2675 2434 2993 2529 ἀρραϐὦνα,
3050 2434 3267 2535 δεικνὺς

1686 2524 1767 2579 ὅτι
1797 2528 1859 2581 τὸ
1887 2529 2047 2586 πλέον
2078 2535 2197 2591 ἐκεῖ
2225 2538 2401 2608 μένει.
2444 2543 2587 2598 Ἀλλ’
2643 2524 2794 2618 ὅμως
2827 2524 3001 2609 ταῦτα
3045 2524 3265 2616 ἅπαντα

1687 2616 1992 2689 κέκρυπται
2030 2625 2126 2678 ἀπ’
2160 2629 2361 2683 αὐτῶν⁹
2428 2616 2733 2706 κέκρυπται
2772 2641 2847 2708 δὲ,
2896 2647 3083 2719 ἐπειδὴ
3132 2652 3264 2722 ἠπί-

1690 2724 1892 2777 στησαν
1936 2714 2217 2787 πρότεροι.
2277 2714 2408 2774 Εἶτα
2455 2723 2691 2791 δεικνὺς,
2723 2730 2804 2783 ὅτι
2848 2734 2968 2805 οὐχὶ
3018 2738 3116 2810 τὴν
3163 2742 3259 2795 τοῦ

1684 2800 1928 2871 Χριστοῦ
1962 2804 2120 2873 δόξαν
2154 2810 2410 2878 ἀγνοοῦσι
2460 2817 2643 2887 μόνον,
2677 2821 2815 2879 ἀλλά
3015 2800 3115 2902 την
3160 2834 3256 2888 τοῦ

1685 2890 1899 2957 [ἰατρὸς
1927 2898 1973 2949 οί
2000 2898 2207 2972 ταύτην
2237 2903 2335 2957 οὐκ
2374 2905 2602 2973 ἰδόντες,
2632 2913 2934 2984 ἐπήγαγεν,
2959 2890 3263 2987 Ὄςέστιν

1683 2986 1861 3040 εἰκὼν
1884 2990 1992 3044 τοῦ
2033 2993 2204 3048 Θεοῦ.
2254 2996 2347 3068 Μὴ
2387 3000 2495 3071 γάρ
2526 3004 2690 3075 μέχρι
2731 3008 2823 3061 τοῦ
2849 3012 3089 3082 Χριστοῦ
3125 3020 3260 3089 στῇς

1686 3078 1866 3147 μόνον.
1906 3080 2117 3155 ’Ὠσπερ
2169 3085 2280 3156 γὰρ
2325 3088 2412 3144 διὰ
2458 3092 2648 3147 τούτου
2700 3098 2793 3151 τὸν
2834 3078 3056 3175 Πατέρα
3099 3078 3254 3180 ὁρᾷςῖ

1683 3170 1855 3235 οὕτως
1883 3174 2163 3245 ἀγνοήσας
2197 3177 2296 3249 τὴν
2340 3182 2534 3236 τούτου
2563 3185 2744 3252 δόξαν,
2787 3190 2909 3245 οὐδὲ
2959 3170 3107 3268 [695]

1684 3259 1895 3315 ἐκείνου
1933 3264 2075 3337 εἴσῃ.
2116 3268 2197 3320 Οὐ
2233 3267 2342 3338 γὰρ
2378 3271 2632 3340 ἑαυτοὺς
2660 3259 3258 3351 κηρύσσομεν,

1681 3354 1941 3422 Χριστὸν
1988 3356 2222 3425 Ἰησοῦν
2260 3362 2497 3431 Κύριον,
2550 3367 2804 3437 ἑαυτοὺς
2861 3372 2932 3427 δὲ
2992 3374 3256 3447 δούλους

1679 3446 1848 3516 ὑμῶν
1878 3447 1977 3503 διὰ
2018 3451 2271 3517 Ἰησοῦν.

1748 3538 1818 3607 γ’.
1838 3541 1949 3594 Καὶ
1968 3543 2095 3595 ποία
2112 3543 2253 3615 αὕτη
2270 3546 2559 3604 ἀκολουθία
2577 3568 2592 3618 ;
2610 3553 2663 3605 τί
2690 3553 2846 3609 τοῦτο
2858 3559 2993 3629 πρὸς
3013 3560 3081 3614 τὰ
3103 3563 3255 3633 εἰρη-

1680 3632 1817 3700 μένα
1861 3632 1974 3704 ἔχει
2025 3635 2239 3703 κοινόν;
2282 3639 2353 3691 ’Ἡ
2398 3641 2640 3708 ἐκείνους
2668 3646 2964 3703 αἰνίττεται
2993 3650 3069 3715 ὡς
3090 3632 3250 3708 ἐπαί-

1680 3738 1873 3790 ροντας
1924 3725 2171 3793 ἑαυτοὺς,
2214 3729 2309 3782 καὶ
2359 3731 2645 3800 πείθοντας
2691 3742 2819 3803 τοὺς
2868 3743 3121 3814 μαθητὰς
3154 3748 3251 3800 ἀπ’

1676 3814 1857 3869 αὐτῶν
1887 3817 2115 3883 ἑαυτοὺς
2140 3820 2449 3891 ὀνομάζειν,
2490 3826 2626 3897 ὅπερ
2657 3830 2715 3882 ἐν
2753 3834 2818 3902 τῇ
2859 3834 3105 3908 προτέρᾳ
3130 3837 3249 3892 ἔλε-

1674 3920 1791 3971 γεν,
1828 3904 1976 3972 Ἐγώ
2010 3910 2127 3977 είμι
2166 3910 2432 3977 Παύλου,
2477 3915 2593 3984 ἐγὼ
2618 3917 2686 3971 δέ
2719 3918 2982 3976 Ἀπολλώ
3002 3940 3017 3953 ·
3127 3926 3251 3981 ἐτε-

1677 3997 1769 4065 ρόν
1801 4014 1853 4049 τι
1888 3997 2207 4071 βαρύτατον.
2250 4004 2410 4058 Ποῖον
2452 4006 2515 4078 δὴ
2541 4009 2730 4075 τοῦτο;
2781 4013 2998 4086 Ἐπειδὴ
3041 4018 3248 4090 σφόδρα

1674 4088 1871 4152 αὐτοὺς
1918 4091 2247 4162 ἐπολέμουν,
2303 4097 2396 4149 καὶ
2443 4099 2799 4156 ἐπεϐούλευον
2828 4104 3010 4170 αὐτοῖς
3053 4088 3250 4165 πάντο-

1674 4179 1787 4242 θεν,
1822 4180 1914 4251 Μὴ
1956 4181 2064 4252 γὰρ
2102 4185 2234 4254 ἡμῖν
2284 4187 2549 4257 μάχεσθε,
2599 4193 2754 4260 φησὶ,
2792 4196 2887 4249 καὶ
2916 4198 3244 4270 πολεμεῖτε;

1672 4271 1705 4341 ἢ
1742 4271 1821 4341 τῷ
1853 4285 1878 4311 ει
1909 4272 1976 4324 δι’
1998 4273 2157 4342 ήμῶν
2184 4280 2612 4351 κηρυττομένῳ;
2646 4284 2706 4337 ού
2743 4285 2852 4357 γὰρ
2891 4289 3118 4356 ἐαυτοὺς
3148 4311 3248 4365 κη-

1673 4363 1941 4434 ρύττομεν
1962 4382 1973 4393 ’
2032 4364 2143 4433 ἐγὼ
2169 4366 2354 4432 δοῦλός
2392 4372 2529 4442 είμι,
2577 4376 2690 4442 ἐγὼ
2720 4376 2968 4444 διάκονός
3008 4384 3123 4454 είμι
3155 4363 3247 4440 καὶ

1669 4455 1778 4509 τῶν
1805 4455 2110 4526 δεχομένων
2139 4457 2200 4511 τὸ
2238 4461 2523 4534 κήρυγμα,
2556 4465 2732 4537 ἑτέρῳ
2767 4470 2948 4525 πάντα
2990 4490 3246 4546 πραγμα-

1668 4544 1981 4615 τευόμενος,
2030 4548 2123 4601 καὶ
2167 4548 2311 4621 ὑπὲρ
2343 4550 2443 4620 τῆς
2481 4552 2693 4609 ἐκείνου
2735 4556 2895 4629 δόξης
2927 4544 3041 4614 πᾶν
3067 4544 3248 4619 ὁτιοῦν

1670 4636 1861 4690 ποιῶν.
1882 4638 2044 4692 ’Ὥστε
2075 4641 2201 4710 ἐμοὶ
2227 4643 2505 4714 πολεμῶν,
2533 4645 2601 4700 τὰ
2629 4648 2841 4702 ἐκείνου
2860 4653 3243 4721 καταϐάλλεις.

1670 4728 1937 4782 Τοσοῦτον
1967 4729 2076 4797 γὰρ
2098 4731 2288 4802 ἀπέχω
2314 4734 2394 4797 είς
2425 4736 2663 4806 ἐμαυτόν
2697 4756 2748 4792 τι
2780 4742 3109 4812 περιστῆσαι
3136 4743 3248 4799 τῶν

1667 4819 1765 4872 τοῦ
1798 4820 2146 4889 εὐαγγελίου,
2173 4824 2258 4879 ὃτι
2288 4825 2380 4879 καὶ
2401 4826 2556 4896 ὑμῶν
2585 4829 2647 4882 ού
2666 4833 3081 4904 παραιτήσομαι
3108 4832 3247 4891 εῖναι

1667 4912 1856 4976 δοῦλος
1888 4912 1979 4967 διὰ
2012 4915 2104 4968 τὸν
2149 4916 2410 4988 Χριστὸν,
2441 4919 2631 4991 ἐπειδὴ
2662 4922 2859 4995 ἐκείνῳ
2890 4926 3070 4994 ἔδοξεν
3102 4929 3247 4984 οὕτω

1667 5005 1899 5074 τιμῆσαι
1922 5007 2086 5075 ὑμᾶς,
2116 5008 2304 5080 ἐπειδὴ
2324 5010 2498 5075 οὕτως
2515 5013 2661 5085 ὑμᾶς
2684 5015 2929 5086 ἐφίλησε,
2958 5020 3051 5072 καὶ
3067 5022 3249 5078 πάντα

1666 5091 1810 5161 ὑπὲρ
1863 5092 2017 5162 ὑμῶν
2064 5094 2289 5165 ἔπραξε.
2343 5099 2436 5151 Διὸ
2479 5102 2574 5155 καὶ
2630 5103 2796 5174 λέγει,
2842 5106 3125 5177 Ἑαυτοὺς
3177 5112 3249 5165 δὲ

1664 5180 1927 5249 δούλους
1979 5184 2146 5253 ὑμῶν
2188 5187 2286 5241 διὰ
2334 5193 2613 5258 Χριστόν.
2658 5192 2811 5261 Είδες
2860 5199 3039 5272 ψυχὴν
3086 5202 3246 5274 δόξης

1663 5272 1947 5344 καθαράν;
2006 5276 2081 5328 Ού
2134 5279 2245 5350 γὰρ
2273 5279 2336 5351 δὴ
2370 5283 2552 5352 μόνον,
2589 5290 2744 5358 φησὶ,
2776 5291 2885 5344 τῶν
2907 5272 3245 5350 δεσποτικιῦν

1662 5363 1817 5420 οὐδὲν
1846 5368 2232 5437 νοσφιζόμεθα,
2268 5372 2404 5427 ἀλλὰ
2433 5377 2527 5429 καὶ
2574 5380 2703 5451 ὑμῖν
2733 5384 2964 5450 ἑαυτοὺς
3007 5388 3245 5442 ὑποτάσ-

1664 5471 1835 5525 σομεν
1863 5455 1930 5509 δι’
1955 5459 2181 5515 ἐκεῖνον.
2209 5463 2339 5517 Ὀτι
2373 5468 2407 5520 ό
2442 5468 2586 5535 Θεὸς
2615 5474 2649 5524 o'
2674 5475 2859 5530 ειπὼν
2883 5477 2951 5530 ἐκ
2981 5481 3243 5547 σκότους

1722 5616 1747 5645 ⁸
1782 5614 1846 5661 Ἦ
1882 5615 1969 5678 τῷ.
2011 5615 2163 5666 Savil.
2196 5621 2381 5670 mavult
2411 5622 2465 5670 οὖ
2491 5625 2578 5687 τῷ,
2602 5628 2732 5687 quod
2770 5637 3097 5692 praposuerat
3136 5631 3241 5682 Du-

1657 5691 1819 5730 πασς.

3339 4914 3347 4943 ί
