3696 6212
211 243 288 300 ιόἻ

207 355 322 413 Unde
356 357 494 412 etiam
540 356 652 424 ait,
699 356 814 414 Nos
845 368 1014 415 autem
1057 377 1224 416 seruos
1269 372 1456 417 uestros
1501 374 1707 433 prapter

202 444 415 503 Christum.
436 448 625 504 Viden’
652 451 890 505 animum
919 450 988 506 ab
1015 453 1159 507 omni
1186 453 1370 523 gloria;
1398 454 1575 509 studio
1603 470 1706 525 pu-

200 539 319 592 rum?
347 538 553 595 Tantum
585 541 759 607 abest,
789 541 982 613 inquit,
1011 551 1069 596 ut
1097 558 1281 596 eorum
1303 583 1318 609 ,
1351 560 1469 614 qua:
1497 545 1703 600 Domini

197 639 319 695 sunt,
339 631 600 700 quidquam
633 647 982 702 usurpemus,
1010 643 1068 688 ut
1096 634 1255 688 etiam
1287 636 1531 704 nosipsos
1557 635 1706 691 vobis

196 727 363 789 propter
387 736 497 775 eum
527 721 896 791 subjiciamus.
921 722 974 778 6.
1002 723 1256 788 Quoniam
1283 723 1444 789 Deus,
1467 726 1553 795 qui
1577 725 1707 779 dixit

189 811 241 864 de
260 810 430 865 tenebris
453 813 623 866 lumen
652 813 1021 881 splendescere,
1053 819 1163 886 ipse
1189 816 1362 871 illuxit
1391 817 1444 870 in
1470 817 1705 872 cordibus

187 907 341 959 vestris.
381 908 449 961 En
491 908 760 978 quomodo
785 924 971 966 rursus
997 911 1101 978 iis,
1149 913 1240 982 qui
1280 913 1530 968 eximiam
1558 915 1704 969 illam

180 997 389 1064 gloriam,
416 998 574 1054 Mosis
599 999 881 1065 videlicet,
911 1002 1095 1058 videre
1121 1005 1439 1074 cupiebant,
1473 1006 1705 1062 ostendit

180 1089 310 1142 etiam
332 1103 433 1144 cum
461 1090 824 1147 additamento
855 1093 1140 1165 fulgentem
1166 1097 1180 1149 l
1225 1095 1376 1152 Sicut
1411 1097 1461 1151 in
1499 1098 1701 1153 vultum

177 1179 325 1244 Musis,
351 1181 525 1250 inquit,
559 1182 631 1238 ita
657 1184 710 1238 in
736 1185 898 1239 corda
928 1195 1105 1242 vestra
1136 1187 1358 1243 ellulsit.
1391 1189 1460 1243 Et
1488 1189 1702 1258 quidem

175 1273 296 1339 prius
323 1287 373 1328 ea
395 1314 407 1338 ,
437 1289 556 1344 quas
601 1275 654 1330 in
698 1292 878 1332 rerum
907 1279 1244 1334 conditarum
1292 1280 1444 1335 initio
1472 1283 1700 1338 exstite-

169 1371 304 1425 runt,
353 1363 396 1418 in
445 1366 755 1421 memoriam
806 1379 1062 1435 revocat,
1117 1370 1289 1425 lucem
1345 1371 1594 1426 nimirum
1647 1374 1698 1428 in

163 1470 348 1510 sensum
372 1455 643 1512 cadentem
709 1469 764 1514 et
803 1461 1085 1528 tenebras;
1128 1462 1420 1518 ostendens
1449 1463 1551 1520 hoc
1578 1467 1701 1535 opi-

163 1547 315 1601 licium
364 1546 448 1601 illo
487 1551 827 1617 praestantius
857 1565 998 1608 esse.
1045 1552 1243 1609 Verum
1289 1554 1504 1610 ubinam
1532 1555 1694 1623 dixit,

156 1637 229 1692 De
273 1637 458 1693 tenebris
510 1638 672 1694 lucem
724 1641 1130 1712 splendescere?
1179 1645 1239 1701 In
1310 1646 1573 1716 principio
1634 1662 1696 1702 ac

152 1743 311 1782 rerum
331 1729 651 1785 conditarum
680 1732 1020 1800 primordiis:
1048 1734 1284 1791 Tenebrae
1308 1737 1471 1802 enim,
1502 1738 1692 1809 inquit,

147 1829 281 1872 erant
303 1835 442 1890 super
469 1822 652 1890 faciem
680 1823 869 1893 abyssi.
902 1824 971 1879 Et
994 1825 1129 1880 dixit
1160 1826 1320 1893 Deus,
1350 1827 1470 1882 Fiat
1496 1829 1614 1891 lux.
1649 1837 1695 1884 et

138 1913 270 1980 facta
282 1921 345 1963 est
364 1911 446 1965 lux
461 1911 614 1982 (Gen.
637 1913 687 1967 t.
707 1913 764 1968 2.
785 1913 861 1985 5).
879 1915 991 1970 Sed
1005 1925 1130 1971 tunc
1146 1917 1358 1986 quidem
1378 1917 1529 1985 dixit,
1546 1917 1690 1987 Fiat,

136 2010 211 2067 et,
234 2000 430 2056 Factum
455 2013 564 2068 est;
596 2019 738 2060 nunc
764 2015 942 2061 autem
972 2023 1076 2063 non
1107 2009 1260 2072 dixit.
1281 2010 1374 2065 sed
1401 2012 1513 2080 ipse
1539 2013 1692 2069 nobis

131 2093 223 2147 lux
242 2092 395 2149 laetus
410 2105 512 2151 est.
531 2096 791 2162 Quocirca
812 2114 908 2154 nec
933 2115 1020 2154 res
1039 2102 1264 2156 sensiles
1287 2102 1386 2159 hac
1404 2104 1520 2159 luce
1537 2105 1691 2160 allul~

123 2196 277 2255 gente
297 2188 573 2255 intuemur,
596 2190 692 2247 sed
718 2192 878 2247 Deum
903 2194 1074 2264 ipsum
1093 2211 1188 2265 per
1207 2195 1690 2256 Christum.Vides-

121 2294 194 2332 ne
219 2294 316 2347 quo
347 2287 492 2348 pacto
515 2281 648 2337 nihil
678 2282 732 2337 in
760 2283 1024 2340 Trinitate
1048 2286 1114 2340 sit
1138 2286 1409 2342 diversum
1429 2289 1452 2342 ?
1471 2289 1602 2345 Nam
1620 2291 1689 2348 de

113 2370 309 2438 Spiritu
340 2371 497 2437 dicit,
533 2371 647 2430 Nos
674 2385 843 2430 autent
871 2392 1045 2432 omnes
1071 2379 1290 2434 revelata
1316 2382 1447 2452 facie
1471 2384 1691 2454 gloriam

107 2459 318 2514 Domini
346 2466 678 2533 speculantes,
705 2468 760 2520 in
789 2468 1017 2522 eamdem
1043 2469 1316 2540 imaginem
1343 2478 1685 2545 transforma-

102 2569 226 2605 mur
252 2570 282 2606 a
322 2555 482 2624 gloria
510 2557 563 2610 in
589 2558 808 2627 gloriam
829 2600 844 2626 ,
875 2569 1130 2630 tamquam
1160 2580 1192 2616 a
1226 2562 1444 2619 Domino
1482 2566 1687 2637 Spiritu

97 2644 196 2714 (2.
224 2644 338 2699 Cor.
368 2646 421 2701 5.
453 2647 582 2716 18);
614 2648 681 2705 de
715 2648 854 2704 Filio
873 2691 888 2716 ,
922 2650 989 2706 Ut
1019 2669 1120 2706 non
1145 2655 1338 2724 fulgeat
1362 2655 1466 2711 illis
1491 2658 1684 2713 illumi-

93 2739 242 2790 r-atio
268 2740 513 2809 evangelii
539 2743 720 2812 glorise
761 2743 987 2813 Christi,
1017 2747 1106 2814 qui
1133 2757 1205 2802 est
1244 2749 1413 2820 imago
1443 2750 1576 2818 Dei;
1616 2754 1684 2810 de

85 2827 252 2882 Patre
299 2828 551 2900 denique,
585 2825 684 2898 Qui
714 2833 841 2888 dixit
889 2835 954 2890 de
994 2837 1207 2892 tenebris
1260 2839 1422 2894 lucem
1450 2844 1683 2912 splende-

78 2934 249 2986 scere,
281 2920 392 2989 ipse
418 2921 586 2976 illuxit
612 2924 663 2977 in
694 2924 932 2980 cordibus
960 2929 1135 2982 vestris
1160 2929 1229 2982 ad
1258 2929 1681 2989 illuminationem

75 3012 314 3067 scientiae
343 3013 591 3070 claritatis
618 3015 714 3072 Dei
744 3018 797 3072 in
827 3020 958 3090 [acie
986 3017 1194 3077 Christi.
1219 3021 1679 3089 Quemadmodum

71 3104 228 3158 enim
257 3120 384 3160 cum
416 3107 658 3173 dixisset,
694 3109 960 3182 Evangelii
993 3113 1172 3183 gloria:
1197 3115 1405 3184 Christi,
1428 3119 1675 3189 subjecit,

71 3195 186 3260 Qui
220 3207 299 3251 est
339 3200 513 3270 imago
544 3197 660 3267 Dei,
694 3202 775 3257 his
802 3205 978 3260 verbis
1007 3206 1247 3263 indicans
1268 3223 1361 3264 eos
1384 3210 1522 3264 illius
1545 3227 1678 3282 quo-

62 3301 182 3357 que
225 3289 405 3359 gloria
437 3292 654 3346 orbatos
679 3309 839 3349 esse:
883 3296 953 3350 ita
1001 3313 1120 3352 cum
1153 3298 1407 3368 dixisset,
1440 3301 1679 3359 Scientiaz

58 3377 172 3432 Dei
195 3422 210 3445 ,
244 3380 490 3451 adjecit,
532 3381 598 3437 In
630 3386 766 3456 facie
790 3385 1018 3454 Christi,
1061 3397 1119 3443 ut
1157 3391 1403 3446 ostendat
1442 3409 1539 3449 nos
1582 3411 1678 3465 per

58 3470 356 3527 Christum
386 3473 458 3528 ad
486 3474 658 3530 Patris
685 3478 1040 3548 cognitionem
1079 3483 1387 3549 pervenire,
1429 3495 1485 3539 ut
1513 3486 1673 3542 etiam

58 3578 168 3631 per
197 3563 476 3634 Spiritum
510 3565 576 3621 ad
607 3583 729 3622 eum
761 3568 1093 3624 adducimur.
1141 3573 1193 3626 7.
1229 3572 1484 3630 Habemus
1508 3585 1675 3633 autem

58 3657 222 3709 istum
255 3657 565 3712 thesaurum
596 3660 650 3713 in
690 3661 822 3715 vasis
865 3662 1104 3730 ﬁctilibus
1142 3680 1162 3719 :
1207 3675 1262 3719 ut
1287 3667 1568 3724 sublimitas
1610 3674 1675 3726 sit

58 3749 273 3802 rirtutis
321 3747 462 3814 Dei,
494 3759 539 3804 et
572 3768 674 3805 non
712 3768 776 3806 ea:
808 3753 970 3808 nobis.
1015 3753 1276 3820 Quoniam
1303 3758 1444 3812 enim
1475 3760 1542 3815 de
1581 3776 1671 3815 ar-

58 3856 191 3895 :ana
235 3840 337 3895 illa
384 3843 560 3912 gloria
603 3845 766 3899 multa
813 3855 867 3900 et
906 3849 1081 3917 ampla
1122 3850 1284 3904 verba
1314 3849 1556 3921 fecerat,
1605 3871 1673 3912 ne

58 3932 177 4000 [uis
209 3932 477 3989 diceret:
521 3934 620 4001 Qui
653 3935 709 3989 lit
744 3937 920 4007 igitur,
951 3947 1008 3992 ut
1038 3949 1234 3994 tantam
1266 3942 1492 4010 gloriam
1534 3960 1669 4000 con-

61 4025 307 4093 equuti,
346 4025 408 4079 in
441 4027 651 4081 mortali
678 4042 904 4098 corpore
941 4033 1292 4088 maneamus?
1330 4033 1443 4090 Hoc
1473 4036 1668 4106 ipsum,

58 4115 256 4184 nquit,
307 4123 404 4172 est
445 4131 788 4188 summopere
835 4120 1175 4188 mirandum,
1219 4138 1282 4180 ac
1311 4125 1669 4186 luculentissi-

58 4222 201 4262 ium
267 4207 488 4264 divina:
545 4211 801 4280 potentias
851 4205 1265 4283 argumentum,
1310 4219 1451 4289 quod
1508 4223 1670 4282 lictile

58 4297 344 4353 asculum
406 4309 614 4356 tantum
653 4302 990 4373 splendorem
1025 4305 1165 4362 ferre
1205 4321 1268 4362 ac
1309 4317 1509 4367 tantum
1554 4315 1670 4371 the-

58 4402 272 4442 mrum
299 4390 456 4444 tueri
474 4391 724 4460 potuerit.
741 4389 902 4464 Cujus
920 4395 1080 4450 etiam
1099 4397 1174 4452 rei
1187 4397 1539 4458 admiratione
1552 4404 1667 4475 ipse

58 4488 376 4536 ommotus
408 4482 662 4539 dicebat:
709 4483 778 4542 Ut
821 4484 1102 4542 sublimitas
1128 4488 1192 4542 sit
1220 4491 1418 4547 uirtutis
1450 4493 1543 4548 Dei
1561 4537 1585 4562 ι
1623 4506 1668 4551 st

58 4588 130 4626 an
170 4589 248 4627 ea:
291 4575 502 4639 nobis;
539 4576 624 4632 his
646 4576 826 4633 verbis
849 4593 943 4633 eos
973 4593 1163 4634 rursus.
1185 4581 1550 4651 subindicans,
1576 4589 1670 4658 qui

58 4690 68 4724 ι
105 4670 346 4740 seipsis
380 4671 775 4741 gloriabantur.
799 4672 930 4728 Nam
957 4682 1012 4729 et
1040 4674 1303 4729 donorum
1336 4680 1670 4750 magnitudo,

58 4782 62 4815 ;
97 4778 331 4818 eorum
369 4765 472 4835 qui
512 4764 598 4819 his
636 4763 813 4820 allecti
854 4775 980 4820 sunt
1009 4767 1381 4835 imbecillitas,
1427 4772 1531 4826 vim
1574 4773 1665 4829 Dei

58 4865 462 4910 amonstrant
486 4896 503 4922 ,
551 4871 660 4911 non
699 4856 860 4913 modo
887 4859 1010 4927 quia
1044 4874 1234 4929 magna
1281 4860 1506 4932 largitus
1543 4877 1664 4932 cst,

58 4946 107 5000 d
147 4947 304 5015 quia
344 4947 541 5016 parvis
567 4957 622 5003 et
660 4948 921 5019 abjectis:
966 4949 1130 5006 ﬁctile
1158 4953 1353 5023 quippe
1392 4955 1562 5023 dixit,
1612 4967 1668 5013 ut

58 5054 306 5094 Imanaa
331 5042 566 5094 natura:
593 5039 934 5113 fragilitatem
987 5043 1346 5114 significaret,
1383 5049 1668 5120 carnisque

58 5138 242 5185 vstrae
305 5131 750 5188 imbecillitatem
799 5136 1140 5203 conspicuam
1189 5136 1460 5192 redderet.
1503 5139 1663 5195 Testa

58 5238 287 5293 imque
325 5223 520 5280 nihilo
547 5227 739 5282 melius
767 5227 855 5283 illa
881 5243 940 5284 se
967 5227 1161 5293 habet;
1194 5229 1330 5285 adeo
1356 5230 1666 5289 ollensioni-

58 5331 106 5372 IS
145 5325 367 5386 patet,
400 5332 473 5373 ac
500 5331 697 5387 morte,
725 5320 950 5388 morbis,
983 5323 1099 5378 caeli
1130 5323 1481 5394 intemperiis,
1504 5336 1665 5398 atque

58 5410 363 5465 numeris
383 5411 513 5466 aliis
527 5413 684 5468 malis
707 5413 860 5470 facile
883 5414 1214 5471 dissolvitur.
1241 5417 1366 5472 llaec
1391 5433 1556 5489 porro
1576 5420 1662 5476 di-

58 5501 176 5553 bat
202 5541 223 5567 ,
263 5510 409 5557 tum
441 5512 502 5558 ut
526 5519 710 5559 eorum
736 5507 1090 5577 arrogantiam
1120 5511 1515 5580 comprimeret,
1552 5522 1661 5570 tum

109 5595 290 5652 nihil
360 5613 554 5656 rerum
601 5611 907 5660 nostrarum
949 5602 1236 5661 humanum
1278 5621 1396 5663 esse
1439 5607 1660 5663 demon-

58 5698 244 5743 aret.

1160 246 1224 304 IN
1262 248 1474 305 EPIST.
1519 250 1556 305 ll
1619 251 1710 307 AD
1746 251 1903 310 COR.
1945 255 2174 314 HOMIL.
2218 260 2352 318 Vlll.

3297 281 3410 337 658

1887 368 1942 424 4.
1992 370 2124 426 Nam
2150 380 2260 429 tum
2279 375 2500 434 demum
2531 381 2625 437 Dei
2663 385 2741 440 vis
2769 389 3002 446 maxime
3026 391 3202 447 elucet
3225 431 3240 456 ,
3270 409 3395 448 cum

1816 472 1911 550 per
1935 460 2069 517 viles
2101 473 2155 518 et
2182 465 2424 534 abjectos
2451 469 2694 542 ingentes
2719 491 2808 531 res
2839 489 3030 546 patrat.
3061 483 3138 536 Ac
3168 484 3400 550 proinde

1812 547 1920 602 alio
1946 551 2108 605 etiam
2136 554 2254 609 loco
2277 557 2457 614 aiebat
2485 600 2502 626 ,
2545 561 2710 618 Virtus
2741 582 2850 620 mea
2877 569 2928 620 in
2957 547 3252 636 inﬁrmitate
3274 590 3393 640 per-

1811 638 1983 704 ﬁoitur
2011 642 2087 711 (2.
2117 642 2235 699 Cor.
2271 647 2360 702 12.
2393 647 2470 720 9).
2502 649 2562 706 ln
2590 652 2768 708 Veteri
2797 671 3012 724 quoque
3037 638 3388 718 Testamento

1812 741 1910 796 per
1931 730 2131 787 culices
2157 744 2211 788 et
2235 751 2452 793 muscas
2484 749 2624 796 totos
2660 742 3012 800 barbarorum
3039 751 3308 807 exercitus
3338 754 3408 809 in.

1810 818 1986 890 fugam
2013 825 2248 881 vertebat
2282 827 2425 899 (ideo
2454 846 2672 888 erucam
2703 850 2951 906 magnam
2980 838 3088 894 vim
3117 855 3270 896 suam
3292 857 3391 913 ap-

1811 913 2224 1000 pellabat[loel.
2255 919 2532 994 125]),
2581 933 2634 981 et
2676 926 2802 981 olim
2856 928 3066 1000 linguas
3112 932 3400 990 dumtaxat-

1808 996 2185 1088 confundendo
2214 1043 2231 1067 ,
2264 1003 2533 1075 ingentem
2575 1009 2721 1064 illam
2766 996 2957 1068 turrim
3009 1015 3389 1088 Babylonicam

1807 1085 2025 1143 delevit.
2077 1090 2132 1144 In
2173 1093 2327 1149 bellis
2365 1095 2586 1168 insuper
2629 1116 2771 1157 nunc
2819 1120 2916 1172 per
2946 1085 3216 1167 trecentos
3243 1111 3388 1170 viros

1808 1176 2068 1235 inﬁnitam
2097 1182 2329 1240 hostium
2358 1203 2575 1245 multum
2603 1192 2934 1264 profligabat,
2967 1214 3109 1256 nunc
3136 1201 3386 1260 tubarum

1806 1269 2058 1341 clangore
2090 1274 2254 1330 urbes
2277 1279 2575 1344 evertebat,
2608 1296 2672 1338 ac
2699 1294 2884 1352 postea
2916 1304 3012 1357 per
3044 1292 3296 1363 exiguum
3323 1310 3388 1350 ae

1811 1359 1970 1416 vilem
1993 1362 2392 1423 adolescentem
2420 1370 2673 1428 Davidem
2703 1375 3009 1433 universam
3036 1359 3395 1440 barbarorum.

1802 1451 1973 1506 aciem
1995 1454 2051 1548 in
2077 1455 2254 1527 fugam
2277 1461 2486 1530 agebat.
2513 1463 2715 1521 Eodem
2745 1468 2924 1540 itaque
2945 1473 3108 1530 modo
3135 1475 3224 1532 hic
3251 1494 3386 1548 quo-

1802 1557 1907 1611 que
1949 1547 2128 1603 missis
2155 1551 2329 1606 solum
2370 1553 2654 1613 duodecim
2684 1561 2812 1618 viris
2841 1562 2909 1616 de
2945 1565 3076 1622 orbe
3103 1547 3381 1627 victoriam

1801 1635 2027 1706 adeptus
2051 1651 2154 1708 est,
2186 1643 2488 1715 duodecim,
2513 1651 2674 1720 idque
2694 1668 2814 1707 cum
2844 1655 2945 1724 ipsi
2977 1658 3168 1716 infesta
3199 1665 3378 1719 omnia

1802 1726 2083 1800 haberent,
2112 1748 2176 1789 ac
2205 1735 2346 1791 bello
2374 1738 2443 1794 ab
2477 1743 2724 1799 omnibus
2754 1759 3099 1804 vexarentur.
3130 1751 3223 1807 Dei
3254 1772 3383 1826 ergo

1799 1824 2091 1891 potentiam
2133 1826 2463 1885 admiremur
2490 1840 2544 1887 et
2569 1834 2855 1892 adoremus
2887 1855 2900 1892 :
2936 1839 3273 1900 sciscitemur
3313 1824 3381 1902 ex

1797 1913 2019 1980 Iudaeis,
2047 1917 2387 1975 sciscitemur
2411 1937 2475 1976 ex
2503 1926 2792 1994 gentilibus
2810 1967 2826 1994 ,
2859 1931 3107 1999 quisnam
3129 1937 3381 1993 universo

1797 2014 2062 2063 terrarum
2089 2010 2203 2065 orbi
2233 2016 2581 2082 persuaserit,
2616 2025 2673 2071 ut
2702 2034 2729 2071 a
2755 2022 2941 2089 patriis
2970 2024 3224 2083 institutis
3248 2030 3377 2085 abs-

1796 2099 2011 2155 cederet
2043 2142 2058 2167 ,
2088 2109 2248 2171 atque
2302 2103 2369 2158 ad
2418 2105 2643 2160 alteram
2690 2109 2898 2165 vivendi
2954 2114 3218 2171 rationem
3258 2132 3380 2175 sese

1794 2191 2064 2246 conferret
2088 2193 2112 2245 ?
2136 2194 2390 2263 piscator,
2421 2210 2489 2249 an
2520 2200 2873 2256 tentoriorum
2901 2203 3125 2261 eﬂ‘ector
3149 2208 3173 2261 τ
3196 2210 3375 2279 publi-

1794 2295 1961 2336 canus
1985 2325 2000 2350 ,
2031 2300 2096 2338 an
2137 2286 2384 2343 indoctus
2409 2303 2472 2344 ac
2504 2289 2776 2347 literarum
2807 2298 3046 2365 expers?
3075 2299 3244 2366 Quam
3281 2317 3378 2356 au-

1794 2383 1900 2430 tem
1933 2376 2034 2431 hoc
2063 2380 2327 2435 rationem
2359 2381 2622 2451 haberet,
2663 2385 2766 2440 nisi
2798 2387 2877 2443 vis
2922 2389 3097 2447 divina
3139 2392 3330 2450 fuisset
3357 2438 3372 2463 ,

1790 2484 1910 2536 quae
1941 2483 2034 2539 per
2061 2471 2180 2525 illus
2207 2473 2385 2527 omnia
2417 2475 2712 2532 conﬁceret
2738 2478 2762 2532 ?
2800 2478 2934 2534 Nam
2977 2483 3104 2551 quid
3134 2484 3379 2544 dicentes

1790 2560 1865 2615 illi
1891 2601 1908 2628 ,
1943 2565 2385 2630 persuadebunt?
2423 2567 2772 2638 Baptizemini
2801 2572 2856 2626 in
2889 2575 3106 2630 nomine
3133 2578 3370 2636 crucifixi

1789 2650 1808 2719 (
1832 2652 1943 2704 Act.
1973 2651 2025 2705 2.
2056 2652 2180 2727 58).
2209 2656 2373 2727 Cujus
2419 2659 2672 2715 tandem?
2700 2661 2872 2730 Quem
2901 2679 3189 2735 numquam
3217 2670 3370 2728 vide-

1787 2750 1924 2797 rant.
1975 2745 2040 2799 Et
2072 2753 2250 2802 tamen
2279 2763 2400 2803 cum
2433 2749 2546 2806 haec
2585 2751 2826 2808 dicerent
2869 2769 2933 2810 ac
2970 2758 3368 2829 praedicarent,

1785 2836 2118 2893 auditoribus
2165 2841 2557 2908 persuadebunt
2582 2884 2597 2908 ,
2637 2859 2730 2900 eos
2776 2847 2867 2916 qui
2897 2849 3324 2907 vaticinabantur
3351 2895 3367 2920 ,

1784 2936 1948 2998 atque
1971 2943 2000 2981 a
2026 2929 2320 2999 majoribus
2349 2932 2527 2989 traditi
2554 2935 2683 3003 ipsis
2709 2945 2903 3006 erant,
2931 2938 3064 2996 deos
3085 2957 3191 2997 non
3223 2959 3368 3024 esse.

1784 3019 2030 3078 Christus
2057 3037 2184 3078 vero
2212 3023 2378 3080 clavis
2403 3025 2596 3082 al‘lixus
2619 3043 2807 3085 omnes
2829 3031 3150 3088 attrabebat.
3182 3019 3365 3106 Atqui,

1786 3111 1929 3184 quod
1959 3114 2012 3169 in
2042 3129 2259 3171 crucem
2298 3117 2540 3173 sublatus
2583 3134 2646 3174 ac
2688 3121 2928 3191 sepultus
2957 3124 3144 3180 luisset
3176 3167 3191 3192 ,
3225 3130 3367 3197 apud

1784 3221 1973 3260 omnes
1999 3207 2318 3273 constabat;
2347 3207 2489 3276 quod
2519 3220 2697 3265 autem
2750 3216 3130 3271 resurrexisset
3162 3259 3178 3283 ,
3209 3221 3365 3288 pauci

1782 3296 2002 3352 omnino
2029 3298 2293 3353 viderant.
2323 3298 2505 3354 Nihilo
2532 3302 2710 3356 secius
2741 3310 2918 3358 tamen
2948 3303 3049 3361 hoc
3077 3307 3248 3378 ipsum
3277 3310 3363 3378 iis,

1781 3388 1871 3458 qui
1905 3404 2013 3444 non
2051 3390 2296 3446 viderant
2326 3433 2342 3458 ,
2373 3403 2756 3461 persuaserunt
2788 3410 2926 3452 :nee
2947 3397 2997 3453 id
3020 3400 3193 3456 solum
3219 3444 3235 3469 ,
3269 3405 3366 3459 sed

1779 3479 1963 3547 etiam,
1987 3480 2130 3551 quod
2159 3481 2211 3536 in
2239 3483 2403 3536 cmlos
2432 3485 2784 3552 ascendisset,
2814 3495 2975 3557 atque
3006 3489 3072 3544 ad
3097 3490 3370 3559 judicium.

1780 3568 1848 3626 de
1877 3570 2013 3627 vivis
2037 3587 2100 3627 ac
2127 3573 2352 3628 mortuis
2385 3573 2663 3630 ferendum
2697 3586 2953 3635 venturus
2979 3591 3144 3640 esset.

1851 3661 2084 3730 Apostoli
2101 3665 2352 3734 quomodo
2375 3665 2545 3720 orbem
2571 3668 2890 3738 subegerunt.
2912 3700 2984 3711 —
3004 3671 3160 3729 Unde
3175 3674 3358 3744 igitur,

1780 3769 2002 3824 quaeso,
2037 3757 2396 3826 persuadendi
2448 3759 2528 3813 vis
2583 3760 2636 3814 in
2690 3760 2775 3814 his
2827 3764 3360 3824 sermonibus?Non

1777 3845 1994 3901 aliunde
2021 3889 2036 3914 ,
2065 3863 2222 3917 quam
2246 3864 2273 3902 a
2306 3850 2396 3904 Dei
2433 3852 2690 3920 potentia.
2719 3854 2953 3910 Primum
2976 3859 3120 3913 enim
3153 3863 3362 3917 novitas

1777 3938 1892 4008 ipsa
1928 3940 2167 3995 omnium
2197 3942 2404 3996 animos
2431 3941 2740 4000 offendebat
2777 3964 2791 4000 :
2819 3961 2940 4001 cum
2971 3959 3151 4005 autem
3176 3952 3228 4007 in
3259 3953 3361 4008 hu.

1771 4027 2005 4099 jusmodi
2039 4031 2198 4086 rebus
2223 4032 2485 4102 quispiam
2518 4035 2754 4100 innovat,
2774 4044 2900 4093 tunc
2925 4041 3142 4110 gravior
3168 4057 3256 4098 res
3275 4045 3358 4100 el-

1777 4121 1971 4187 ﬁcitur,
1988 4130 2045 4175 ut
2069 4136 2190 4176 cum
2209 4123 2508 4193 priscorum
2528 4123 2724 4180 rituum
2740 4125 3086 4186 fumlamenta
3104 4131 3354 4205 ell‘ringit.

1773 4227 1840 4268 ac
1867 4213 2011 4284 leges
2036 4213 2293 4270 radicitus
2318 4217 2520 4272 evellit.
2558 4217 2672 4274 Huc
2697 4221 2902 4276 accedit
2929 4264 2942 4286 ,
2973 4225 3114 4294 quod
3143 4241 3349 4296 praeco-

1773 4320 1870 4362 nes
1896 4321 2001 4361 non
2028 4305 2132 4362 lide
2160 4307 2305 4379 digni
2335 4309 2666 4366 viderentur.
2715 4311 2845 4366 Nam
2879 4321 2932 4368 et
2960 4331 3026 4370 ex
3050 4331 3110 4371 ea
3141 4319 3357 4375 natione

1775 4407 1932 4453 erant
1963 4439 1978 4463 ,
2006 4413 2124 4470 qua:
2148 4400 2400 4458 omnibus
2425 4400 2611 4457 odiosa
2643 4412 2784 4458 esset
2813 4443 2829 4469 ,
2869 4415 2923 4460 et
2954 4405 3056 4474 ipsi
3090 4408 3258 4464 timidi
3295 4425 3358 4466 ac

1773 4491 2034 4547 doctrinae
2060 4501 2310 4564 expertes
2336 4502 2509 4549 erant.
2543 4493 2693 4550 Unde
2724 4495 2882 4565 igitur
2907 4497 3091 4553 orbem
3124 4499 3352 4571 subege-

1773 4582 1943 4637 runt?
1991 4583 2132 4639 unde
2158 4598 2255 4639 vos
2280 4592 2336 4641 et
2363 4585 2596 4654 majores
2624 4597 2832 4641 vestros
2860 4629 2874 4653 ,
2919 4589 3009 4659 qui
3052 4590 3354 4662 philosophi

1771 4671 2120 4741 videbantur,
2139 4683 2299 4747 atque
2325 4675 2458 4732 deos
2480 4676 2626 4746 ipsos
2650 4677 2961 4747 ejccerunt?
2987 4695 3164 4736 annon
3191 4682 3358 4753 liquet

1775 4765 1896 4822 illos
1927 4767 2095 4823 Deum
2138 4783 2320 4824 secum
2349 4769 2644 4826 habuisse?
2670 4770 2864 4841 Neque
2897 4774 3042 4829 enim
3071 4782 3178 4832 tam
3220 4790 3360 4846 prte-

1771 4861 1916 4919 clara
1942 4849 2178 4918 facinora
2204 4863 2257 4919 in
2286 4863 2571 4920 humanam
2597 4866 2898 4936 potentiam
2921 4867 3140 4934 cadunt,
3175 4869 3267 4925 sed
3301 4871 3355 4927 in

1773 4953 2010 5010 divinam
2036 4954 2321 5026 quamdam
2352 4963 2406 5011 et
2435 4955 2775 5011 inell‘abilem.
2815 4957 3029 5014 Minime
3059 4975 3187 5015 vero
3223 5001 3239 5028 ,
3273 4961 3355 5016 in-

1772 5046 1962 5116 quiunt
1993 5048 2077 5102 isti
2106 5065 2120 5112 ;
2153 5047 2247 5102 sed
2271 5049 2554 5119 praestigiis
2581 5051 2661 5104 usi
2691 5061 2836 5105 sunt.
2879 5051 3019 5121 Ergo
3044 5053 3350 5109 daemonum

1776 5140 2056 5210 imperium
2086 5141 2270 5212 augeri
2297 5141 2580 5211 oportebat
2608 5183 2623 5208 ,
2653 5153 2812 5214 atque
2853 5145 3118 5200 idolorum
3151 5147 3353 5202 cultum

1772 5232 2108 5302 ampliﬁcari.
2141 5234 2241 5301 Qui
2272 5233 2431 5304 igitur
2457 5233 2650 5289 factum
2678 5245 2782 5301 est,
2817 5245 2870 5291 ut
2903 5252 2965 5292 ea
2996 5237 3173 5294 deleta
3194 5246 3356 5310 atque

1771 5325 2033 5379 exstincta
2060 5323 2167 5378 sint
2198 5364 2213 5389 ,
2247 5333 2302 5380 et
2329 5341 2396 5380 ex
2431 5326 2701 5381 contrario
2749 5336 2930 5382 nostra
2964 5327 3305 5384 emorescant
3334 5331 3358 5384 γ

1771 5418 1948 5486 Quare
1975 5416 2099 5472 hinc
2122 5432 2334 5488 quoque
2361 5417 2530 5488 liquet
2554 5461 2569 5487 ,
2600 5419 2692 5475 Dei
2720 5420 2928 5475 calculo
2954 5419 3072 5476 htec
3099 5421 3360 5500 contigis-

1771 5524 1832 5566 se
1861 5527 1874 5564 :
1905 5525 2079 5579 neque
2104 5524 2133 5563 a
2155 5509 2534 5580 praedicatione
2558 5521 2783 5579 tantum,
2802 5513 2897 5568 sed
2918 5513 2986 5567 ab
3008 5513 3120 5582 ipsa
3143 5527 3358 5582 quoque

1773 5603 1894 5656 vitae
1921 5601 2146 5657 ratione.
2177 5602 2402 5670 Quando
2445 5604 2588 5658 enim
2637 5613 2780 5659 tanta
2835 5605 3112 5674 virginitas
3151 5604 3357 5676 passim

1779 5705 1887 5751 toto
1915 5696 2045 5753 orbe
2075 5697 2280 5753 consita
2301 5695 2428 5755 'est?
2457 5698 2667 5770 quando
2697 5715 2790 5769 par
2818 5715 3002 5770 opum,
3023 5699 3166 5766 vilic,
3198 5708 3358 5771 atque
