3780 6312
303 294 410 352 159

303 412 530 462 aliarum
560 403 801 456 omnium
827 410 1007 454 rerum
1036 401 1373 460 contemptus
1404 388 1430 441 ἲ
1469 385 1604 441 Nam
1633 381 1882 452 ﬂagitiosi

305 511 370 551 ac
393 493 810 564 praestigiator-es
829 485 961 541 nihil
986 482 1247 553 ejusmodi
1279 477 1554 534 ell'ecerint
1578 515 1594 540 ,
1625 471 1721 528 sed
1743 483 1876 525 con-

309 585 473 640 traria
499 582 678 636 omnia
705 595 721 632 :
750 588 807 632 at
829 577 884 630 bi
913 575 1203 646 angelicam
1229 572 1348 625 vita:
1369 569 1626 623 rationem
1650 564 1802 618 nobis
1827 569 1883 616 et

311 676 364 729 in
397 683 581 728 nostra
621 679 675 726 et
715 670 768 723 in
813 667 1039 722 barbara
1086 664 1306 733 regione
1347 670 1508 729 atque
1547 659 1602 711 in
1628 654 1881 711 extremis

311 775 472 819 terra:
518 759 822 817 recessibus
859 772 966 812 non
1013 755 1172 809 modo
1216 753 1513 806 docuerunt
1542 789 1558 815 ,
1599 745 1694 801 sed
1721 745 1880 799 etiam

310 854 671 925 perfecerunt.
694 847 853 906 Unde
879 845 1218 917 perspicuum
1239 851 1342 906 est,
1361 837 1561 894 Christi
1587 837 1692 890 vim
1717 833 1884 888 fuisse

312 960 433 1016 qua:
460 944 563 999 hoc
588 949 757 997 totum
784 939 979 1008 ubique
1008 935 1198 991 fecerit
1219 974 1236 1000 ,
1262 934 1367 986 vim
1393 971 1410 998 ,
1442 930 1659 999 inquam
1686 965 1702 992 ,
1738 925 1884 980 illam

311 1035 510 1104 ubique
537 1034 798 1088 lucentem
819 1043 883 1083 ac
908 1027 1118 1095 fulgure
1139 1023 1330 1096 quovis
1351 1021 1582 1077 celerius
1608 1017 1883 1072 hominum

989 281 1048 338 S.
1087 275 1367 336 JUANNIS
1403 266 1877 338 CHRYSOSTOMI
1918 261 2236 320 ARCBIEP.
2277 260 2814 320 CONSTANTINOP.

3456 263 3556 317 ιω

1989 386 2198 434 mentes
2240 375 2616 430 illustrantem.
2651 374 2778 428 Haec
2811 373 2972 445 igitur
2999 373 3182 428 omnia
3213 373 3509 443 cogitantes
3538 416 3553 440 ,

1985 478 2148 536 atque
2171 475 2414 536 apertum
2441 464 2813 535 promissionis
2856 462 3153 518 futurorum
3186 462 3446 518 bonorum
3475 480 3558 518 ar-

1987 566 2296 629 gumentum
2319 570 2384 610 ex
2413 555 2478 609 iis
2501 568 2620 624 qua:
2648 551 2786 608 facta
2816 561 2943 608 sunt
2967 552 3240 622 capientes
3260 595 3276 617 ,
3307 554 3554 610 invictam

1987 653 2131 707 illam
2172 651 2422 706 Crueilixi
2462 649 2756 721 potentiam
2805 649 3086 704 nobiseum
3124 648 3347 703 adorata
3379 665 3394 702 :
3427 656 3559 701 utet

1986 740 2351 796 intolerandos
2372 741 2641 795 cruciatus
2665 737 2950 809 ell‘ugiatis,
2981 749 3035 793 et
3056 739 3448 807 sempiternum
3476 751 3559 792 re—

1986 847 2149 902 gnum
2194 829 2600 900 assequamini:
2634 828 2779 898 quod
2815 828 3020 883 utinam
3062 828 3220 885 nobis
3250 827 3556 898 contingat,

1989 937 2084 992 per
2108 922 2334 993 gratiam
2357 931 2411 976 et
2438 919 2847 991 benignitatem,
2878 926 2983 974 etc.

316 1162 3561 1212 _______________________._._._—————————-———

1697 1299 2042 1365 HOMILIA
2087 1297 2201 1360 IX.

315 1481 445 1537 Car.
462 1481 518 1534 4.
536 1493 594 1532 v.
609 1469 989 1532 8Jnamnibus
1014 1463 1388 1522 tribulationem
1411 1459 1659 1532 patimur,
1675 1456 1764 1510 sed
1790 1469 1892 1508 non

390 1569 745 1642 angustiamur
762 1578 784 1619 :
807 1561 1100 1634 aporiamur
1121 1597 1140 1624 ,
1179 1553 1268 1611 sed
1294 1570 1398 1608 non
1437 1552 1522 1606 des
1533 1550 1760 1642 tituimur
1787 1563 1806 1604 :
1830 1548 1890 1604 9.

392 1640 826 1731 persequutionem
875 1649 1114 1722 patimur.
1136 1645 1226 1701 sed
1266 1660 1366 1698 non
1400 1640 1816 1711 derelinquimur.

398 1838 452 1890 1.
476 1833 532 1888 In
559 1844 626 1886 eo
648 1827 824 1883 adhuc
863 1825 1176 1880 immoratur
1202 1861 1217 1885 ,
1246 1827 1307 1874 ut
1331 1815 1578 1872 ostendat
1604 1827 1764 1869 omne
1791 1812 1894 1866 hoc

324 1922 595 1994 negotium
624 1917 819 1974 divina:
852 1912 1105 1986 potentiae
1134 1906 1543 1966 adscribendum
1586 1918 1707 1960 esse
1738 1921 1752 1957 :
1791 1917 1900 1972 quo

326 1993 512 2088 eorum
539 2007 899 2080 arrogantiam
939 2009 1230 2066 coerceat,
1263 1999 1352 2068 qui
1399 1998 1451 2052 in
1478 1995 1674 2066 seipsis
1700 1993 1901 2064 gloria-

325 2086 540 2161 bantur.
566 2101 684 2158 Non
712 2099 854 2155 enim
873 2137 891 2162 ,
923 2095 1132 2165 inquit,
1166 2092 1268 2146 hoc
1296 2090 1468 2145 solum
1500 2086 1742 2142 mirabile
1767 2092 1851 2140 est
1882 2123 1897 2148 ,

327 2192 470 2265 quod
492 2192 639 2247 hunc
667 2190 976 2244 thesaurum
1005 2185 1058 2238 in
1086 2181 1334 2236 fictilibus
1357 2179 1497 2234 vasis
1524 2188 1899 2239 asservemus;

331 2285 424 2340 sed
453 2283 614 2340 etiam
642 2277 780 2350 quod
811 2317 827 2344 ,
859 2290 980 2331 cum
1004 2274 1269 2329 sexcentis
1307 2268 1659 2326 incommodis
1684 2279 1898 2337 prema-

327 2391 449 2430 tuur
474 2415 491 2442 ,
520 2383 680 2442 atque
722 2367 867 2425 omni
905 2381 970 2422 ex
1019 2373 1168 2434 parte
1211 2362 1482 2431 pulsentur
1508 2399 1524 2423 ,
1555 2372 1678 2413 eum
1724 2366 1900 2410 tamen

327 2478 541 2522 tuemur
583 2477 684 2518 nec
727 2457 1040 2516 amittimus.
1076 2457 1143 2510 Et
1171 2453 1387 2524 quidem
1413 2450 1459 2505 si
1489 2448 1569 2504 vel
1599 2444 1903 2501 adamanti-

331 2574 460 2618 num
497 2570 595 2613 vas
622 2561 785 2620 esset,
809 2559 960 2608 tanto
981 2558 1156 2604 tamen
1180 2545 1431 2602 thesauro
1455 2538 1713 2614 gestando
1733 2578 1749 2605 ,
1782 2545 1902 2590 tan-

330 2653 508 2722 tisque
540 2645 752 2704 insidiis
773 2639 1100 2700 sustinendis
1130 2638 1302 2708 impar
1328 2642 1471 2692 esset
1502 2650 1516 2687 :
1545 2645 1689 2688 nunc
1722 2636 1903 2684 autem

328 2754 383 2804 et
402 2716 625 2802 fcrimus
653 2745 708 2796 et
731 2751 828 2809 per
848 2734 942 2791 Dei
965 2732 1189 2806 gratiam
1211 2726 1343 2784 nihil
1370 2737 1532 2797 grave
1557 2721 1807 2795 patimur.
1837 2716 1906 2772 In

291 2903 294 2906 ,
333 2834 563 2894 omnibus
589 2828 963 2886 tribulationem
986 2824 1211 2895 patimur
1235 2861 1252 2888 ,
1279 2820 1370 2875 sed
1405 2833 1507 2873 non
1534 2813 1901 2885 angustiamur.

331 2930 471 2999 Quid
499 2925 623 2984 est?
649 2923 720 2979 In
746 2919 1016 2978 omnibus?
1045 2917 1102 2972 In
1127 2914 1393 2980 hostibus,
1427 2912 1478 2967 in
1506 2909 1714 2973 amicis,
1746 2905 1908 2999 inne-

331 2995 604 3079 cessariis.
626 3015 681 3071 in
701 3013 840 3079 aliis,
858 3023 1083 3082 quorum
1109 3005 1328 3078 penuria
1357 3003 1661 3059 laboramus
1680 3039 1696 3063 ,
1719 2996 1787 3052 ab
1812 2995 1908 3050 ho-

333 3113 507 3170 stibus
526 3150 544 3177 ,
568 3124 600 3165 a
622 3107 840 3164 nostris.
861 3103 969 3161 Sed
992 3117 1094 3156 non
1116 3097 1485 3170 augustiamur.
1516 3097 1596 3148 Ac
1625 3089 1746 3146 vide
1769 3102 1908 3160 quo-

335 3205 499 3263 modo
526 3206 825 3274 pugnantes
869 3211 956 3252 res
980 3193 1158 3259 dicat,
1197 3197 1257 3246 ut
1289 3188 1415 3244 hinc
1442 3198 1654 3256 quoque
1681 3181 1775 3238 Dei
1803 3179 1909 3234 vim

335 3273 744 3355 commonstret.
775 3290 819 3346 Τ
819 3287 1168 3346 ribulationem
1193 3284 1434 3352 patimur,
1464 3277 1633 3348 inquit
1657 3316 1672 3341 ,
1702 3273 1790 3330 sed
1809 3288 1911 3327 non

335 3388 689 3462 angustiamur
720 3399 739 3439 :
765 3380 1060 3452 aperiantur
1093 3416 1110 3442 ,
1149 3373 1238 3430 sed
1281 3388 1382 3426 non
1422 3367 1742 3424 destituimur
1764 3380 1783 3418 :
1813 3364 1914 3418 hoc

340 3456 428 3540 est
450 3523 468 3548 ,
494 3494 601 3536 non
629 3475 697 3534 ad
731 3483 1030 3531 extremum
1057 3481 1227 3537 usque
1249 3461 1605 3519 concidimus.
1637 3456 1914 3526 Plerisque

340 3573 483 3629 enim
513 3569 567 3624 in
591 3567 725 3623 locis
742 3563 1009 3625 dolemus,
1025 3572 1124 3614 nec
1142 3554 1283 3626 quod
1299 3553 1538 3608 volumus
1557 3547 1911 3618 assequimur,

339 3678 449 3718 non
477 3659 557 3716 sic
580 3668 758 3713 tamen
785 3661 842 3709 ut
866 3667 896 3706 a
926 3647 1220 3720 propositis
1250 3643 1416 3700 rebus
1444 3641 1780 3698 excidamus:
1803 3637 1917 3692 haec

341 3753 540 3822 quippe
568 3762 672 3803 non
701 3759 769 3802 eo
800 3741 1063 3814 permittit
1090 3739 1231 3793 Deus
1271 3744 1330 3790 ut
1374 3735 1650 3790 vincamur
1679 3773 1696 3798 ,
1722 3729 1817 3785 sed
1860 3737 1919 3783 ut

345 3819 712 3899 exerceamur.
744 3829 1196 3904 Persequutionem
1224 3826 1448 3896 patimur
1477 3865 1492 3889 ,
1521 3823 1608 3877 sed
1639 3837 1741 3876 non
1769 3819 1917 3874 dere-

351 3933 663 4005 linquimur:
694 3925 978 3997 dejicimur,
1004 3920 1092 3975 sed
1117 3935 1216 3973 non
1243 3917 1484 3988 perimus.
1500 3913 1753 3983 Quamvis
1776 3911 1919 3967 enim

353 4021 674 4080 tentatioues
711 4015 1023 4085 contingant
1050 4053 1067 4079 ,
1100 4025 1205 4066 non
1251 4025 1311 4064 ea
1360 4019 1534 4063 tamen
1561 4005 1873 4075 contingunt
1902 4042 1917 4068 ,

349 4131 473 4188 quae
491 4129 561 4169 ex
595 4108 978 4167 tentationibus
1003 4103 1132 4160 oriri
1158 4102 1338 4158 solent
1368 4116 1382 4153 :
1410 4097 1568 4168 idque
1592 4112 1684 4166 per
1701 4095 1794 4149 Dei
1821 4109 1920 4164 p0-

354 4184 575 4263 tentiam
617 4209 672 4257 et
708 4197 955 4270 gratiam.
1009 4193 1148 4249 Alibi
1175 4199 1353 4249 autem
1382 4188 1496 4242 hmc
1525 4187 1692 4242 Deum
1723 4184 1921 4239 idcirco

354 4296 664 4370 permittere
692 4293 787 4358 ait,
815 4299 927 4346 tum
951 4287 1020 4342 ob
1048 4286 1282 4355 ipsorum
1311 4281 1682 4342 humilitatem,
1717 4286 1826 4331 tum
1854 4273 1923 4330 ad

350 4366 579 4448 aliorum
603 4384 942 4443 securitatem
977 4397 989 4433 :
1021 4376 1104 4432 Ne
1122 4376 1263 4432 enim
1286 4372 1578 4428 insolentius
1603 4366 1807 4434 e/ferar,
1842 4367 1925 4419 iti-

347 4481 486 4554 quit,
503 4479 652 4534 datus
670 4483 744 4532 est
768 4473 890 4528 mihi
918 4469 1152 4526 stimulus
1173 4465 1249 4536 (2.
1267 4463 1385 4520 Cor.
1411 4464 1499 4518 l2.
1527 4461 1604 4530 7);
1637 4466 1691 4514 et
1713 4470 1922 4554 rursus,

357 4550 442 4627 lVe
459 4571 573 4643 quis
591 4569 833 4625 existimet
850 4563 912 4618 de
927 4578 1005 4616 me
1015 4576 1169 4629 supra
1185 4557 1237 4612 id
1252 4555 1387 4625 quod
1402 4555 1604 4617 uidet,et
1619 4550 1762 4605 audit
1776 4567 1839 4605 ea;
1854 4566 1931 4606 me

353 4664 516 4735 (Ibid.
545 4679 592 4716 υ.
621 4660 698 4730 6);
727 4667 782 4714 et
829 4655 935 4710 alio
976 4654 1113 4715 loco,
1148 4649 1227 4704 Ne
1254 4648 1465 4718 ﬁdentes
1504 4647 1660 4699 simus
1698 4644 1752 4698 in
1792 4643 1933 4701 nobis

359 4760 484 4829 ipsis
507 4753 681 4828 (Ibid.
705 4754 754 4807 l.
780 4749 837 4820 9)
866 4767 878 4804 :
910 4748 995 4804 hic
1025 4760 1174 4810 vero,
1194 4742 1262 4800 Ut
1283 4741 1375 4796 Dei
1394 4739 1627 4811 potentia
1647 4738 1934 4794 elucescat.

435 4846 520 4905 Ea:
549 4843 904 4900 tentationibus
929 4848 1175 4911 quantum
1195 4837 1410 4890 lucrum.
1429 4862 1501 4872 —
1515 4831 1748 4886 Videsne
1769 4845 1938 4901 quan-

361 4951 452 4998 tus
497 4945 732 5009 qumslus
773 4950 837 4990 ex
884 4929 1270 4988 tentationibus
1314 4925 1540 4980 redeat?
1580 4925 1712 4978 Nam
1758 4934 1812 4978 et
1844 4923 1936 4976 Dei

359 5038 468 5087 vim
500 5027 853 5084 ostendebant
887 5066 900 5091 ,
931 5034 985 5080 et
1023 5021 1246 5094 gratiam
1293 5018 1521 5087 amplius
1565 5017 1884 5087 detegebant
1919 5030 1934 5078 ;

356 5120 559 5193 Suﬂicit
586 5118 729 5174 enim
759 5117 845 5171 tibi
865 5116 1028 5186 gratia
1051 5129 1160 5167 mea
1191 5112 1209 5183 (
1239 5110 1376 5167 Ibid.
1409 5109 1495 5165 12.
1520 5107 1554 5164 9
1582 5108 1635 5178 ),
1658 5107 1859 5178 inquit;
1883 5114 1936 5160 et

355 5217 419 5270 ad
449 5211 803 5268 humilitatem
832 5207 1202 5272 concitabant,
1231 5204 1368 5261 alios
1393 5201 1810 5270 eompescehant
1835 5240 1848 5265 ,
1881 5207 1936 5254 et

356 5309 479 5363 illos
505 5299 878 5359 tolerantiores
907 5296 1239 5352 elﬁciebant:
1266 5294 1519 5349 Patientia
1540 5294 1707 5360 enim,
1740 5290 1931 5359 inquit,

356 5397 708 5475 probationem
729 5401 987 5466 operatur,
1008 5389 1233 5460 probatio
1249 5406 1386 5460 spem
1408 5387 1582 5459 (Rom.
1604 5388 1658 5442 5.
1689 5385 1768 5455 tl).
1800 5383 1934 5438 Nam

357 5492 445 5562 qui
475 5491 529 5546 in
557 5483 949 5560 quamplurima
975 5481 1209 5552 pericula
1237 5480 1535 5535 inciderant
1557 5520 1571 5544 ,
1596 5489 1755 5546 atque
1783 5493 1844 5532 ex
1872 5479 1936 5530 iis

361 5601 458 5657 ipe
485 5581 668 5638 divina
689 5577 811 5634 freti
843 5581 1174 5631 emerserunt
1207 5611 1222 5637 ,
1267 5571 1392 5625 hinc
1417 5570 1743 5625 docebantur
1776 5579 1834 5623 ut
1859 5569 1934 5622 illi

361 5677 527 5748 magis
557 5673 823 5734 haererent
846 5669 897 5728 in
926 5663 1191 5724 omnibus.
1220 5662 1306 5722 10.
1337 5661 1548 5734 Semper
1579 5662 1930 5731 ηιοιοιξρεαιίο-

1997 1466 2111 1505 nem
2133 1448 2261 1504 Jeau
2298 1448 2354 1502 in
2391 1462 2600 1519 corpore
2642 1455 2814 1502 nostra
2848 1446 3253 1516 circumferentes
3281 1483 3297 1508 ,
3330 1451 3384 1495 ut
3405 1451 3452 1496 et
3473 1448 3565 1494 vita

1995 1539 2027 1594 J
2035 1555 2122 1594 esu
2144 1538 2490 1608 manifestetur
2512 1535 2568 1590 in
2585 1551 2797 1606 corpore
2817 1545 3006 1591 nostra.
3021 1534 3285 1603 Quidnam
3311 1540 3432 1587 erat
3458 1531 3566 1586 base

2002 1629 2341 1684 mortificatio
2390 1625 2601 1683 Domini
2653 1626 2780 1682 Iesu
2808 1667 2824 1692 ,
2870 1639 3033 1696 quam
3075 1622 3563 1680 circumferebant?

2001 1721 2196 1775 Mortes
2217 1717 2560 1788 quotidiana,
2589 1731 2686 1786 per
2704 1730 2837 1786 quas
2858 1714 3268 1770 resurrectionis
3292 1712 3564 1783 specimen

2000 1814 2274 1868 edebatur.
2308 1811 2440 1866 Nam
2468 1811 2513 1865 si
2534 1811 2655 1880 quis
2683 1817 2785 1873 est,
2809 1809 2998 1878 inquit,
3026 1806 3406 1878 quiCbristum
3421 1819 3562 1858 mor-

2010 1917 2117 1961 tem
2145 1904 2343 1960 abiisse
2375 1944 2392 1971 ,
2422 1911 2582 1973 atque
2609 1900 2968 1966 resurrexisse
2997 1915 3100 1953 non
3131 1898 3350 1962 credat,
3385 1897 3440 1950 in
3477 1909 3574 1950 nos

2006 1999 2294 2059 intueatur,
2324 1995 2416 2065 qui
2440 1993 2662 2065 singulis
2690 1993 2878 2049 diebus
2903 1992 3180 2054 morimur,
3211 1998 3371 2060 atque
3397 1988 3467 2043 ad
3494 1987 3574 2042 vi-

2009 2100 2112 2146 tam
2138 2103 2454 2145 revocamur
2482 2105 2496 2141 :
2526 2101 2592 2142 ac
2621 2098 2731 2142 tum
2755 2083 3138 2141 resurrectioni
3170 2082 3328 2138 iidem
3357 2081 3572 2137 habeat.

2007 2179 2192 2236 Viden‘
2229 2177 2500 2248 quomodo
2539 2176 2697 2230 aliam
2742 2175 2918 2230 adhuc
2961 2175 3310 2229 tentationum
3359 2186 3576 2227 causam

2007 2270 2310 2327 invenerit?
2337 2268 2507 2337 Quam
2549 2267 2808 2322 tandem?
2838 2266 2905 2322 Ut
2949 2275 2996 2321 et
3032 2266 3136 2320 vita
3171 2263 3299 2320 Jesu
3325 2305 3341 2330 ,
3368 2265 3577 2333 inquit,

2007 2364 2356 2434 manifestetur
2378 2362 2433 2416 in
2458 2377 2671 2432 corpore
2699 2368 2870 2414 nostra
2896 2375 2917 2423 ;
2947 2360 2999 2414 in
3026 2374 3092 2414 eo
3121 2357 3409 2421 videlicet,
3437 2356 3580 2426 quod

2010 2469 2109 2509 nos
2137 2470 2168 2509 e
2193 2453 2445 2523 periculis
2471 2451 2738 2507 extrahat.
2769 2450 2845 2506 lla
2868 2449 2925 2504 fit
2957 2492 2971 2514 ,
3001 2460 3056 2504 ut
3086 2449 3226 2520 quod
3257 2449 3583 2502 inﬁrmitatis

2009 2561 2071 2600 ac
2099 2543 2466 2601 dereiictionis
2493 2543 2728 2614 speciem
2757 2540 2959 2605 habet,
2987 2539 3090 2595 hoc
3132 2539 3300 2610 ipsius
3338 2555 3580 2594 resurre-

2008 2638 2244 2694 ctionem
2264 2634 2539 2706 praedicet.
2567 2633 2752 2703 Neque
2776 2632 2941 2699 enim,
2971 2632 3014 2684 si
3043 2631 3200 2686 nullis
3226 2629 3490 2685 molestiis
3508 2628 3583 2683 af.

2009 2730 2317 2796 liceremur,
2349 2727 2575 2798 perinde
2593 2726 2763 2798 ipsius
2790 2725 3024 2796 potentia
3054 2724 3321 2779 declarata
3349 2723 3537 2779 fuisset
3564 2766 3581 2790 ,

2008 2831 2070 2878 ut
2095 2836 2240 2877 nunc
2265 2820 2572 2876 declaratur
2599 2859 2616 2884 ,
2651 2833 2774 2874 cum
2814 2818 3045 2888 patimur
3073 2831 3172 2872 nec
3201 2826 3377 2872 tamen
3419 2817 3585 2871 vinci-

2008 2929 2149 2970 mur.
2178 2913 2266 2968 11.
2290 2911 2495 2966 Etenim
2519 2926 2611 2965 nos
2637 2911 2723 2977 qui
2742 2911 2948 2964 vivimus
2971 2950 2986 2972 ,
3025 2909 3077 2963 in
3098 2919 3307 2964 mortem
3335 2910 3586 2962 tradimur

2011 3014 2217 3077 propter
2238 3002 2416 3058 Iesum
2438 3044 2455 3071 ,
2484 3011 2539 3057 ut
2567 3011 2614 3057 et
2647 3002 2750 3056 vita
2776 3000 2901 3056 Iesu
2921 3001 3265 3073 manifestatur
3286 3002 3341 3054 in
3366 3002 3511 3056 nobis
3534 3003 3585 3055 in

2011 3111 2162 3149 carne
2194 3103 2366 3148 nostra
2395 3092 2620 3147 mortali.
2670 3092 2874 3147 Passim
2903 3092 3044 3147 hunc
3069 3106 3272 3147 morem
3306 3101 3455 3146 tenet
3482 3133 3498 3158 ,
3533 3105 3588 3146 ut

2012 3201 2133 3242 cum
2160 3185 2432 3256 quidpiam
2460 3183 2690 3239 obscure
2718 3183 2952 3250 dixerit,
2986 3183 3039 3238 id
3078 3197 3263 3238 rursus
3308 3194 3582 3254 exponat:

2015 3279 2067 3335 id
2093 3277 2234 3350 quod
2271 3279 2374 3333 hoc
2411 3292 2626 3348 quoque
2655 3277 2774 3332 loco
2808 3275 2934 3332 fecit
2963 3317 2979 3341 ,
3027 3275 3156 3330 illud
3201 3275 3344 3346 quod
3372 3276 3587 3333 dixerat

2015 3371 2252 3441 apertius
2278 3368 2575 3424 declarans.
2606 3368 2892 3439 Propterea
2923 3368 3180 3438 tradimur
3205 3407 3222 3434 ,
3249 3367 3421 3438 inquit
3447 3411 3464 3433 ,
3491 3369 3591 3424 hoc

2017 3475 2101 3521 est
2119 3463 2582 3520 mortiﬁcationem
2602 3463 3045 3524 circumferimus.
3071 3471 3128 3517 ut
3151 3463 3272 3518 vita:
3301 3463 3474 3532 ipsius
3501 3478 3593 3532 po-

2019 3557 2181 3612 tentia
2211 3555 2492 3627 perspicua
2517 3557 2623 3621 ﬁat,
2657 3569 2762 3610 non
2793 3554 3018 3609 sinentis
3042 3553 3288 3608 nimirum
3315 3555 3593 3609 mortalem

2019 3661 2237 3702 carnem
2265 3654 2412 3700 tanta
2442 3645 2830 3715 perpetientem
2856 3687 2871 3711 ,
2903 3645 3158 3700 malorum
3185 3645 3398 3714 agmine
3425 3645 3590 3700 vinei.

2021 3737 2134 3793 Hoc
2172 3737 2328 3792 aliter
2353 3751 2566 3807 quoque
2608 3737 2776 3806 accipi
2817 3745 3010 3807 potest.
3052 3734 3465 3804 Quomodo?Ut
3491 3735 3594 3789 alio

2022 3829 2144 3884 loco
2170 3830 2264 3894 ait,
2299 3828 2359 3883 Si
2379 3829 2792 3893 commoriemur,
2821 3837 2868 3883 et
2885 3829 3199 3882 convivemus
3228 3826 3246 3896 (
3277 3826 3333 3880 2.
3365 3825 3504 3880 Tim.
3533 3826 3587 3879 2.

2023 3922 2085 3977 11
2116 3920 2157 3990 ).
2178 3919 2250 3977 Ut
2277 3921 2419 3978 enim
2449 3936 2590 3976 nunc
2612 3920 2776 3990 ipsius
2805 3931 3030 3976 mortem
3053 3920 3373 3990 perferimus
3396 3960 3412 3985 ,
3437 3931 3596 3989 atque

2024 4014 2190 4085 ipsius
2224 4029 2382 4070 causa
2413 4014 2571 4069 vitam
2592 4027 2711 4069 cum
2741 4023 2912 4068 morte
2937 4022 3268 4068 commutare
3300 4013 3552 4068 volumus
3579 4050 3593 4076 ,

2027 4106 2100 4159 ita
2129 4106 2288 4160 eliatn
2322 4106 2435 4174 ipse
2460 4105 2756 4160 exstinctos
2781 4103 2849 4159 ad
2878 4105 3037 4158 vitam
3069 4086 3483 4159 revocaretunc
3509 4116 3597 4157 vo-

2027 4198 2120 4252 let.
2147 4197 2281 4250 Nam
2307 4197 2351 4250 si
2384 4210 2481 4250 nos
2505 4209 2536 4250 e
2561 4195 2666 4250 vita
2694 4195 2760 4250 ad
2783 4205 3007 4250 mortem
3031 4195 3295 4258 venimus,
3329 4195 3445 4264 ipse
3472 4208 3603 4264 quov.

2029 4305 2133 4359 que
2157 4303 2188 4342 e
2216 4297 2386 4342 morte
2403 4287 2470 4341 ad
2495 4287 2656 4341 vitam
2685 4286 2838 4341 nobis
2857 4286 2962 4340 dux
2989 4287 3110 4340 erit.
3134 4284 3218 4339 12.
3243 4285 3379 4356 Ergo
3396 4301 3534 4340 mors
3551 4286 3600 4338 in

2032 4379 2172 4433 nobis
2198 4388 2467 4450 aperatur,
2492 4378 2594 4432 vita
2623 4388 2790 4431 autem
2823 4377 2876 4430 in
2901 4375 3057 4430 vobis.
3084 4375 3198 4431 Non
3234 4375 3344 4445 jam
3383 4375 3454 4430 de
3485 4389 3604 4430 cor-

2033 4487 2195 4542 porea
2217 4479 2389 4527 morte
2413 4470 2656 4539 loquens,
2679 4467 2774 4524 sed
2797 4467 2865 4522 de
2890 4467 3265 4522 tentationibus
3286 4474 3346 4520 et
3370 4466 3440 4522 de
3461 4465 3606 4535 quie-

2034 4573 2106 4618 te.
2144 4561 2250 4617 Nos
2277 4562 2419 4616 enim
2448 4559 2501 4615 in
2532 4559 2778 4629 periculis
2805 4573 2870 4613 ac
2902 4557 3278 4612 tentationibus
3304 4571 3600 4618 versamur,

2042 4654 2241 4725 inquit;
2272 4668 2369 4709 vos
2387 4661 2561 4708 autem
2594 4652 2647 4706 in
2676 4651 2855 4721 quiete
2877 4651 3036 4705 vitam
3066 4664 3204 4717 eam,
3235 4663 3356 4717 qua:
3386 4648 3440 4702 in
3467 4646 3602 4717 peri-

2043 4747 2178 4803 culis
2203 4751 2562 4814 comparatur,
2592 4740 2861 4813 percipitis
2894 4759 2908 4795 :
2935 4750 3094 4813 atque
3122 4755 3184 4795 ea
3207 4738 3423 4809 quidem
3447 4776 3464 4802 ,
3491 4751 3602 4808 quae

2041 4855 2162 4895 cum
2185 4838 2424 4908 periculo
2460 4836 2746 4905 conjuncta
2774 4842 2917 4895 sunt,
2936 4833 3035 4900 ipsi
3056 4832 3382 4886 sustinemus
3402 4847 3418 4895 ;
3440 4838 3498 4884 at
3515 4842 3603 4882 vos

2040 4931 2202 4986 rebus
2242 4928 2490 4984 secundis
2531 4926 2766 4981 fruimini
2800 4943 2815 4980 :
2847 4939 3018 4995 neque
3063 4924 3204 4979 enim
3239 4938 3400 4994 pares
3440 4929 3603 4978 tenta-

2041 5022 2215 5077 tiones
2238 5019 2494 5074 suffertis.
2523 5019 2610 5074 15.
2645 5016 2897 5071 Habentes
2923 5025 3090 5070 autem
3114 5014 3344 5070 eumdem
3370 5014 3600 5084 spiritum

2040 5114 2182 5188 ﬁdei,
2208 5113 2336 5167 sicut
2359 5112 2601 5182 scriptum
2622 5119 2694 5164 est
2727 5108 2967 5162 :Credidi
2995 5117 3198 5178 propter
3217 5107 3353 5172 quod
3377 5106 3604 5174 loquutus

2038 5189 2152 5259 sum
2185 5246 2200 5270 ,
2230 5214 2277 5256 et
2306 5219 2397 5256 nos
2423 5202 2669 5256 credimus
2700 5209 2903 5270 propter
2943 5200 3076 5268 quod
3113 5209 3158 5251 et
3201 5197 3457 5265 loquimur
3483 5211 3501 5248 :
3521 5194 3599 5250 14.

2039 5297 2244 5352 scientes
2268 5293 2505 5364 quoniam
2523 5292 2611 5358 qui
2635 5291 2892 5344 suscitauit
2918 5288 3190 5342 Dominum
3212 5284 3246 5338 Ι
3251 5303 3409 5351 esum,
3433 5295 3482 5339 et
3509 5285 3607 5353 ipse

2041 5385 2298 5441 suscitabit
2328 5398 2419 5437 nos
2446 5397 2534 5452 per
2556 5379 2756 5434 .Iesum.
2787 5379 3103 5434 Submonuit
3127 5391 3223 5431 nos
3254 5375 3442 5445 psalmi
3475 5416 3491 5441 ,
3530 5374 3601 5426 iu-

2041 5480 2243 5548 signem
2290 5471 2691 5546 phi1050phiam
2733 5467 3136 5540 complectentis
3167 5509 3183 5534 ,
3237 5466 3328 5537 qui
3381 5465 3599 5518 maxime

2044 5569 2213 5641 possit
2256 5568 2309 5622 in
2359 5564 2614 5636 periculis
2653 5562 2908 5617 excitare.
2963 5559 3087 5616 Haec
3137 5559 3277 5614 enim
3321 5556 3482 5613 verba
3528 5553 3600 5604 vir

2037 5661 2212 5732 justus
2233 5654 2617 5729 pronuntiavit,
2651 5668 2769 5708 cum
2799 5653 2848 5706 iu
2872 5649 3076 5721 magnis
3104 5647 3350 5720 periculis
3365 5654 3525 5710 esset,
3552 5649 3600 5695 et
