3780 6318
178 245 280 299 659

175 359 331 412 θενία
380 358 615 430 τοσαύτη
673 358 951 429 πανταχοῦ
995 360 1094 430 τῆς
1124 361 1227 430 γῆς
1268 361 1576 431 ἐφυτεύθη;
1618 363 1746 416 πότε

174 450 480 520 χρημάτων
507 450 777 520 ὑπεροψία
811 453 905 505 καὶ
950 450 1095 521 ζωῆς
1129 452 1220 504 καὶ
1250 451 1359 503 τῶν
1382 452 1555 506 ἄλλων
1581 453 1751 507 ἀπάν-

173 559 316 606 τωνς
371 542 435 594 Ol
492 542 601 612 7&9
649 542 915 612 μοχθηροὶ
946 542 1048 595 καὶ
1078 543 1275 612 γόητες
1305 543 1457 597 οὐδὲν
1497 544 1745 597 τοιοῦτον

174 630 455 695 ἀνύσαιεν,
483 629 620 682 ἀλλά
652 632 913 684 τάναντία
942 631 1160 684 ἅπαντα
1178 644 1194 659 '
1226 625 1374 684 οῦτοι
1419 631 1475 683 δὲ
1504 633 1748 701 ἀγγέλων

172 724 307 792 ἡμῖν
362 722 727 791 εἰσηγήσαντο
787 723 1085 775 πολιτείαν·
1124 723 1225 776 ούκ
1281 724 1645 793 εἰσηγήσαντο
1692 722 1748 776 δέ

177 814 364 883 μόνον,
398 812 536 867 άλλά
564 815 658 867 καὶ
686 812 1080 883 κατώρθωσαν,
1111 814 1172 865 ἐν
1196 816 1265 884 τῇ
1307 814 1569 885 ἡμετέρᾳ,
1602 815 1659 865 ἑν
1683 818 1749 885 τῇ

172 902 281 956 τῶν
310 903 631 975 βαρϐάρων,
686 904 745 956 ἐν
775 904 968 967 αὐταῖς
1005 904 1107 973 τῆς
1143 904 1246 974 γῆς
1280 907 1399 967 ταῖς
1444 905 1745 974 ἐσχατιαῖς.

122 970 146 1045 ξ
176 970 340 1049 Ὅθεν
370 970 526 1065 έῆλοι
566 997 649 1048 ὅτι
679 996 858 1050 πάντα
885 996 918 1065 ἡ
947 994 1042 1047 τοῦ
1063 970 1313 1064 *Χριστοῦ
1345 970 1619 1067 πανταχοῦ
1659 997 1749 1050 δύ-

174 1103 339 1159 ναμις
368 1088 587 1156 ἡνυσεν,
618 1088 652 1158 ἡ
681 1085 956 1156 πανταχοῦ
984 1085 1298 1156 λάμπουσα,
1331 1087 1427 1141 καὶ
1459 1087 1749 1159 ἀστραπῆς

1173 241 1240 297 1N
1280 240 1500 299 EPIST.
1543 241 1585 296 ll
1616 243 1709 297 AD
1747 246 1903 302 COR.
1948 246 2181 305 HOML.
2224 247 2315 303 IX.

3313 249 3417 305 460

1851 367 2070 438 ἀπάσης
2115 368 2367 439 ὀξύτερον
2398 367 2496 431 τάς
2521 366 2629 419 τῶν
2661 366 2966 439 ἀνθρώπων
2997 368 3416 438 καταυγάζουσα

1850 459 2107 523 διανοίας.
2159 460 2322 514 Ταῦτ’
2368 454 2459 513 οὖν
2508 457 2724 512 ἅπαντα
2762 459 3134 529 λογισάμενοι,
3190 460 3415 531 καὶτῆς

1851 550 1958 603 τῶν
1985 551 2285 621 μελλόντων
2311 550 2680 621 ὑποσχέσεως,
2710 550 2776 603 τά
2803 551 3142 620 γεγενημένα
3162 551 3431 614 λαϐόντες¹

1853 643 2126 708 ἀπόδειξιν
2178 643 2407 715 ἐναργῆ,
2464 643 2885 713 προσκυνήσατε
2944 643 3063 713 μεθ’
3111 643 3267 714 ἡμῶν
3320 646 3418 714 τὴν

1853 736 2064 806 ἄμαχον
2086 734 2179 789 τοῦ
2213 735 2624 807 σταυρωθέντος
2655 736 2828 806 ἰσχὺν,
2864 736 2950 788 ἴνα
2978 736 3188 799 καὶτὰς
3212 737 3417 808 ἀφορὴ-

1852 844 1977 893 τους
2015 828 2223 898 φύγητε
2270 827 2541 892 κολάσεις,
2594 827 2689 880 καὶ
2738 827 2837 897 τῆς
2884 827 3102 880 αἰωνίου
3145 826 3418 896 βασιλείας

1854 919 2165 991 ἐπιτύχητε·
2200 916 2268 993 ἧς
2317 919 2527 989 γένοιτο
2558 920 2767 984 πάντας
2812 919 2961 988 ἡμᾶς
2996 919 3295 989 ἐπιτυχεῖν,
3323 918 3419 988 χά-

1858 1029 1964 1083 ριτι
1992 1012 2085 1065 καὶ
2106 1012 2505 1084 φιλανθρωπίᾳ,
2535 1014 2627 1066 καὶ
2655 1011 2723 1066 τὰ
2752 1010 2903 1081 ἑξῆς.

1626 1366 1869 1419 ΟΜΙΔῙΑ
1900 1365 1975 1418 Θ’.

187 1461 292 1516 Ἔν
321 1459 504 1513 παντί
529 1460 885 1529 θλιϐόμενοι,
912 1462 1048 1517 ἀλλ’
1078 1464 1149 1517 οὐ
1172 1462 1713 1530 στενοχωρούμενοι
1734 1476 1749 1491 ο

242 1530 661 1601 ἀπορούμενοι,
700 1531 835 1601 ἀλλΪ
856 1533 967 1585 οὐκ
1003 1532 1469 1601 ἐξαπορούμενοι
1490 1548 1504 1562 ο
1540 1530 1748 1585 διωκό-

238 1616 414 1670 μενοι
433 1639 449 1666 ,
488 1600 627 1653 ἀλλ’
657 1602 769 1655 οὐκ
800 1600 1469 1673 ἐγκαταλιμπανόμενοι.

243 1740 311 1787 α’.
352 1733 476 1786 ΙἸζτι
502 1730 897 1802 μένειδεικνὺς,
923 1734 1003 1786 ὅτι
1031 1732 1133 1803 τῆς
1170 1733 1263 1787 τοῦ
1305 1732 1437 1787 Θεοῦ
1471 1733 1753 1804 δυνάμεως

176 1823 335 1892 ἔργον
366 1821 431 1873 τὸ
466 1822 574 1873 πᾶν
604 1821 741 1883 ἐστι,
774 1820 1157 1875 καταστέλλων
1188 1821 1411 1876 ἐκείνων
1443 1821 1512 1875 τά
1547 1822 1750 1892 φρονή-

179 1931 322 1985 ματα
358 1912 473 1966 τῶν
498 1913 873 1982 καυχωμένων
898 1914 983 1984 ἐφ’
1011 1916 1243 1974 ἑαυτοῖς.
1276 1916 1413 1970 Οὐδὲ
1451 1915 1561 1986 γὰρ
1592 1914 1753 1969 τοῦτο

182 2006 337 2077 μόνον
381 2005 527 2069 ἐστὶ,
581 2004 736 2075 φησὶ,
793 2005 1138 2075 θαυμαστὸν,
1172 2007 1256 2061 ὅτι
1305 2009 1364 2061 ἐν
1406 2007 1753 2079 ὀστρακίνοις

179 2094 395 2149 σκεύεσι
430 2094 778 2165 φυλάττομεν
820 2096 911 2151 τὸν
945 2096 1219 2167 θησαυρὸν
1264 2097 1475 2163 τοῦτον,
1510 2098 1625 2152 ἀλλ’
1667 2100 1750 2154 ὅτι

177 2189 268 2242 καὶ
286 2187 461 2257 μυρία
482 2186 785 2256 πάσχοντες
806 2187 975 2255 δεινὰ,
1000 2189 1095 2241 καὶ
1118 2189 1397 2259 πανταχοῦ
1421 2192 1748 2264 περικρουό-

179 2296 364 2349 μενοι,
401 2276 553 2350 [498]
589 2276 868 2348 τηροῦμεν
904 2278 1098 2342 αὐτὸν,
1140 2278 1236 2332 καὶ
1279 2280 1382 2331 οὐκ
1420 2278 1747 2349 ἀπόλλυμεν.

176 2370 365 2424 Καίτοι
392 2370 443 2422 εί
468 2371 564 2423 καὶ
589 2368 953 2439 ἀδαμάντινον
980 2368 1172 2433 σκεῦος
1206 2365 1295 2440 ἦν,
1327 2368 1449 2423 οὑτε
1478 2368 1751 2440 θησαυρὸν

176 2460 423 2514 τοσοῦτον
452 2459 723 2530 βαστάσαι
742 2457 962 2530 ἴσχυσεν
984 2460 1069 2525 ἂν,
1094 2460 1205 2514 οὐδ’
1229 2460 1295 2514 ἂν
1320 2461 1458 2532 πρὸς
1478 2459 1750 2521 τοσαύτας

176 2554 405 2623 ἤρκεσεν
468 2551 797 2614 ἐπιϐουλάς·
863 2551 958 2605 νῦν
1003 2551 1060 2604 δὲ
1111 2553 1206 2605 καὶ
1260 2553 1418 2623 φέρει
1458 2552 1554 2606 καὶ
1598 2551 1750 2605 οὐδὲν

178 2645 369 2715 πάσχει
408 2643 585 2697 δεινὸν
615 2643 703 2697 διά
741 2644 839 2714 τὴν
880 2642 973 2696 τοῦ
1014 2642 1150 2697 Θεοῦ
1197 2644 1383 2714 χάριν.
1428 2644 1532 2698 Ἐν
1570 2642 1749 2695 παν·τί

175 2738 279 2806 7&9
304 2736 664 2805 θλιϐόμενοι,
696 2736 881 2806 φησὶν,
912 2734 1049 2789 ἀλλ’
1079 2736 1149 2801 οὐ
1180 2734 1745 2803 στενοχωρούμενοι.

176 2831 238 2883 Τί
263 2832 431 2896 ἐστιν,
474 2830 578 2883 Ἑν
602 2826 783 2880 παντί
801 2842 818 2889 ;
852 2827 939 2878 Ἐν
955 2827 1067 2888 τοῖς
1088 2824 1319 2896 ἐχθροῖς,
1341 2826 1399 2876 ἐν
1421 2826 1534 2887 τοῖς
1553 2824 1747 2893 φίλοις,

178 2925 233 2976 ἑν
265 2925 375 2985 τοῖς
409 2921 758 2989 ἀναγκαίοις,
787 2921 843 2972 ἐν
872 2921 995 2981 ταῖς
1024 2918 1213 2979 άλλαις
1233 2916 1466 2988 χρείαις,
1500 2916 1606 2969 ὑπὸ
1641 2915 1750 2969 τῶν

180 3016 470 3086 πολεμίων,
505 3014 612 3067 ὑπὸ
637 3013 745 3065 τῶν
778 3011 1017 3065 οἰκείων.
1061 3011 1214 3065 Ἀλλ’
1248 3011 1319 3063 οὐ
1348 3011 1752 3078 στενοχωρού-

181 3111 337 3175 μεθα.
376 3105 492 3157 Καὶ
529 3104 631 3174 δρα
664 3101 783 3164 πῶς
828 3102 1134 3170 πράγματα
1168 3099 1387 3151 ἐναντία
1429 3098 1611 3166 λέγει,
1664 3097 1750 3149 ίνα

182 3195 469 3250 κάντεῦθεν
505 3194 653 3265 δείξῃ
703 3191 798 3246 τοῦ
848 3190 983 3244 Θεοῦ
1031 3191 1131 3261 τὴν
1178 3189 1353 3260 ἰσχύν.
1406 3189 1753 3257 Θλιϐόμενοι

181 3288 279 3359 7&9
306 3290 376 3341 οὐ
407 3285 961 3354 στενοχωρούμεθα,
990 3283 1152 3355 φησίν
1170 3299 1185 3313 ⁸
1214 3281 1610 3350 ἀπορούμενοι
1641 3281 1753 3334 οὐκ

182 3373 623 3446 ἐξαπορούμεθά
646 3391 660 3405 ·
702 3374 1013 3437 τουτέστιν,
1054 3372 1154 3425 οὑκ
1194 3374 1274 3436 εἰς
1309 3371 1463 3434 τέλος
1495 3368 1755 3423 ἐκπίπτο-

188 3486 297 3540 μεν.
344 3466 650 3538 Ἀλγοῦμεν
681 3465 791 3536 7&9
827 3462 1121 3534 πολλαχοῦ,
1152 3464 1248 3517 καὶ
1276 3462 1750 3532 ἀποτυγχάνομεν,

185 3560 289 3614 ἀλλ’
308 3561 405 3631 οὑχ
430 3558 639 3625 οὕτως,
672 3558 813 3611 ὥστε
840 3557 1093 3610 ἐκπεσεῖν
1122 3555 1228 3609 τῶν
1242 3554 1647 3625 προκειμένωνο
1673 3553 1754 3617 είς

184 3652 485 3722 γυμνασίαν
517 3649 629 3724 γὰρ
662 3649 821 3720 ἡμῶν
845 3660 871 3689 ιι
904 3647 1097 3712 ταῦτα,
1126 3646 1225 3700 οὐκ
1252 3647 1331 3707 εἰς
1353 3641 1523 3718 ἧτταν
1558 3660 1755 3712 συγκε-

186 3743 419 3814 χώρηται
456 3742 613 3814 παρά
662 3740 758 3795 τοῦ
797 3740 954 3794 Θεοῦ.
1008 3740 1397 3809 Διωκόμενοι,
1449 3736 1587 3791 ἀλλ’
1642 3737 1755 3789 οὐκ

185 3834 864 3904 ἐγκαταλιμπανόμενοι’
896 3831 1437 3899 καταϐαλλόμενοι,
1475 3829 1612 3883 ἀλλ’
1642 3829 1755 3882 οὐκ

190 3926 610 3998 ἀπολλύμενοι.
646 3927 710 3979 Οί
747 3925 847 3997 μὲν
886 3923 993 3993 γάρ
1035 3925 1330 3993 πειρασμοὶ
1373 3919 1751 3991 συμϐαίνουσι,

187 4015 250 4069 τὰ
274 4016 328 4070 δὲ
358 4018 468 4071 ἀπὸ
499 4017 608 4070 τῶν
641 4014 968 4089 πειρασμῶν
999 4013 1203 4066 οὐκέτι.
1249 4011 1359 4065 Καὶ
1392 4009 1550 4063 τοῦτο
1577 4008 1633 4061 δὲ
1665 4007 1755 4061 διά

188 4104 277 4176 τὴν
299 4106 390 4160 τοῦ
428 4106 569 4161 Θεοῦ
595 4105 829 4175 δύναμιν
868 4105 961 4159 καὶ
992 4103 1173 4175 χάριν.
1220 4099 1479 4171 Ἀλλαχοῦ
1508 4100 1566 4152 δέ
1598 4114 1750 4168 φησι,

187 4199 275 4272 καί
310 4198 397 4252 διὰ
437 4200 540 4269 τὴν
593 4198 773 4253 αὐτῶν
808 4193 1310 4269 ταπεινοφροσύνην
1334 4234 1346 4255 ,
1383 4191 1476 4245 καὶ
1528 4190 1616 4243 διὰ
1656 4190 1755 4260 τὴν

190 4289 377 4361 ἑτέρων
407 4291 713 4359 ἀσφάλειαν
748 4287 1207 4359 συγκεχωρῆσθαι
1247 4285 1442 4339 ταῦτα’
1484 4284 1615 4336 Ἵνα
1646 4283 1755 4354 7&9

187 4378 263 4454 μὴ
306 4382 709 4451 ὑπεραίρωμαι
732 4420 747 4445 ,
777 4380 956 4448 ἐδόθη
994 4396 1097 4448 μοι
1131 4378 1404 4444 σκόλοψ,
1442 4373 1609 4445 φησί’
1662 4373 1756 4426 καὶ

193 4471 361 4537 πάλιν,
387 4474 515 4527 Ἵνα
542 4472 627 4541 μή
662 4490 753 4538 τις
774 4472 1091 4541 λογίσηται
1117 4471 1202 4535 είς
1235 4466 1340 4538 ἐμὲ
1362 4465 1513 4532 ὑπὲρ
1546 4462 1577 4517 ὃ
1602 4463 1755 4528 ,βλέ-

195 4578 299 4630 πει,
339 4567 437 4618 καί
487 4565 694 4619 ἀκούει
733 4580 790 4617 τι
845 4562 913 4627 ἐξ
943 4560 1118 4632 ἐμοῦ·
1172 4561 1269 4615 καὶ
1298 4560 1532 4634 ἀλλαχοῦ
1568 4564 1753 4628 πάλιν,

198 4654 317 4709 Ἵνα
343 4656 425 4727 μὴ
461 4656 814 4721 πεποιθότες
854 4650 1012 4723 ὦμεν
1045 4653 1136 4723 ἐφ’
1184 4654 1437 4722 ἑαυτοῖς.
1494 4655 1757 4710 Ἐνταῦθα

200 4746 391 4816 μέντοι,
424 4749 543 4801 Ἵνα
574 4749 719 4818 φανῇ
747 4746 842 4800 τοῦ
867 4746 1002 4798 Θεοῦ
1031 4746 1065 4815 ἡ
1094 4744 1339 4815 δύναμις.

270 4840 424 4913 Ὁρᾷς
457 4844 582 4897 ὅσον
630 4840 738 4893 τῶν
777 4838 1101 4912 πειρασμῶν
1140 4838 1199 4891 τὸ
1232 4838 1460 4910 κέρδος;
1492 4840 1604 4893 Kal
1648 4837 1758 4909 7&9

198 4932 279 4985 τοῦ
312 4933 442 4986 Θεοῦ
496 4934 594 5002 τὴν
634 4931 861 5001 δύναμιν
911 4931 1139 4994 ἐδείκνυ,
1177 4932 1268 4983 καὶ
1310 4930 1408 5001 τὴν
1456 4929 1615 5000 χάριν
1649 4931 1757 4983 ἀπ-

200 5025 451 5078 εκάλυπτε
505 5025 788 5096 μειζόνωςο
841 5023 1037 5092 Ἀρκεῖ
1065 5024 1173 5095 γάρ
1204 5037 1302 5076 σοι
1339 5024 1376 5092 ἡ
1418 5023 1589 5092 χάρις
1612 5041 1755 5092 μου,

202 5114 339 5181 φησί·
374 5116 466 5167 καὶ
498 5117 577 5177 είς
604 5112 1107 5185 ταπεινοφροσύνην
1143 5112 1354 5184 ἡλειφε,
1388 5112 1627 5176 καὶτοὺς
1662 5112 1755 5164 άλ-

201 5200 310 5266 λους
339 5205 796 5259 καταστέλλεσθαι
834 5205 1234 5276 παρεσκεύαζε,
1270 5205 1361 5267 καὶ
1388 5204 1584 5268 αὐτοὺς
1618 5222 1754 5277 καρ-

202 5297 579 5367 τερικωτέρους
629 5296 946 5369 εἰργάζετο’
1008 5296 1066 5357 Ἠ
1116 5297 1224 5368 γὰρ
1269 5294 1563 5364 ὑπομονὴ,
1595 5296 1749 5365 φησὶ,

204 5382 437 5457 δοκιμὴν
466 5389 897 5459 κατεργάζεται,
941 5390 981 5458 ἡ
1029 5387 1096 5441 δὲ
1144 5387 1356 5457 δοκιμὴ
1399 5386 1636 5441 ἐλπίδα.
1691 5387 1755 5440 UE

208 5477 301 5547 7&9
333 5482 539 5552 μυρίοις
568 5481 961 5553 περιπεσόντες
995 5479 1283 5544 κινδύνοις,
1318 5480 1411 5534 καὶ
1448 5480 1513 5533 ἐκ
1546 5479 1645 5549 τῆς
1678 5480 1757 5543 εἰς

210 5566 287 5623 τὸν
317 5570 442 5625 Θεὸν
474 5573 683 5637 ἐλπίδος
716 5574 1130 5643 ἀνενεγκόντες,
1173 5571 1518 5631 ἐπαιδεύοντο
1555 5570 1757 5643 ταύτης

265 5675 289 5703 ⁸
313 5674 559 5739 tegebatur
603 5682 749 5742 ὑμῶν.

1853 1459 2069 1530 ἔχεσθαι
2093 1459 2185 1513 ἐπὶ
2217 1458 2400 1511 πλεῖον
2427 1459 2483 1510 ἐν
2506 1459 2659 1513 πᾶσι.
2693 1458 2954 1513 Πάντοτε
2983 1459 3097 1527 τὴν
3128 1460 3421 1527 νέκρωσιν

1851 1551 1957 1605 τοῦ
1990 1552 2208 1620 Κυρίου
2258 1550 2449 1618 Ἰησοῦ
2492 1550 2560 1603 ἐν
2592 1550 2670 1615 τῷ
2706 1550 2929 1620 σώματι
2968 1552 3419 1622 περιφέροντες,

1853 1643 1955 1698 ἵνα
1984 1643 2078 1695 καί
2108 1642 2145 1708 ἡ
2169 1641 2278 1710 ζωὴ
2303 1641 2407 1694 τοῦ
2447 1641 2640 1709 Ἰησοῦ
2668 1640 2980 1711 φανερωθῇ
3003 1644 3072 1696 ἐν
3094 1643 3172 1709 τῷ
3198 1643 3423 1713 σώματι

1853 1733 2040 1803 ἡμῶν.
2076 1735 2185 1788 Καὶ
2213 1735 2264 1787 τί
2302 1736 2447 1787 ἐστιν
2480 1736 2513 1803 ἡ
2546 1734 2809 1806 νέκρωσις
2854 1734 2947 1788 τοῦ
2978 1736 3181 1807 Κυρίου
3223 1736 3419 1805 Ἰησοῦ,

1852 1828 1918 1898 ῆν
1945 1826 2267 1898 περιέφερον
2297 1842 2311 1891 ;
2338 1827 2401 1878 Οί
2428 1826 2649 1880 θάνατοι
2674 1827 2723 1879 οἰ
2741 1825 3122 1898 καθημερινοὶ,
3144 1826 3211 1880 δι’
3234 1820 3307 1882 ὧν
3330 1828 3423 1881 καὶ

1851 1921 1884 1990 ἡ
1926 1917 2220 1981 ἀνάστασις
2250 1916 2546 1971 ἐδείκνυτο.
2587 1918 2649 1970 El
2679 1919 2787 1989 γάρ
2817 1935 2901 1981 τις
2950 1918 3189 1985 ἀπιστεῖ,
3236 1919 3446 1999 φησὶν..

1851 2012 1934 2064 ὅτι
1970 2009 2240 2063 ἀπέθανεν
2291 2006 2495 2079 Ἰησοῦς
2531 2006 2626 2060 καὶ
2668 2007 2867 2077 ἀνέστη
2891 2047 2907 2073 ,
2946 2008 3093 2079 ἡμᾶς
3131 2007 3271 2079 ὁρῶν
3299 2009 3425 2070 τοὺς

1852 2102 1975 2156 καθ’
2007 2100 2244 2172 ἑκάστην
2273 2101 2486 2172 ἡμέραν
2530 2099 2971 2171 ἀποθνήσκοντας
3015 2101 3108 2154 κα)⁸
3138 2101 3425 2171 ἀνισταμέ-

1852 2212 1995 2257 νους,
2022 2193 2329 2246 πιστευέτω
2357 2192 2542 2246 λοιπὸν
2567 2195 2634 2263 τῇ
2662 2193 2977 2246 ἀναστάσει.
3008 2188 3163 2256 Εἶδες
3190 2192 3305 2255 πῶς
3329 2194 3424 2245 καὶ

1853 2286 2044 2356 ἑτέραν
2090 2286 2271 2338 αἰτίαν
2324 2284 2527 2355 εῦρηκε
2574 2284 2683 2337 τῶν
2730 2284 3088 2356 πειρασμῶν;
3142 2285 3313 2338 Ποίαν
3360 2284 3426 2355 δὴ

1850 2378 2081 2449 ταύτην;
2118 2379 2251 2434 Ἵνα
2288 2380 2387 2432 καὶ
2431 2377 2469 2445 ἡ
2508 2376 2619 2447 ζωὴ
2662 2377 2848 2432 αὐτοῦ
2891 2376 3205 2447 φανερωθῇ
3236 2377 3306 2431 ἐν
3346 2376 3427 2442 τῷ

1851 2467 2074 2538 σώματι
2113 2467 2301 2536 ἡμῶν,
2334 2467 2489 2537 φησὶ,
2513 2466 2590 2538 τῷ
2620 2465 2950 2540 ἐξαρπάζειν
2979 2468 3127 2538 ἡμᾶς
3168 2465 3276 2519 τῶν
3306 2482 3426 2519 κιν-

1848 2558 2041 2613 δύνων.
2084 2559 2248 2611 Ὥστε
2290 2557 2450 2611 τοῦτο
2468 2598 2483 2623 ,
2506 2557 2534 2611 6
2558 2558 2706 2611 δοκεῖ
2726 2558 3009 2622 ἀσθενείας
3034 2554 3169 2612 εῖναι
3205 2558 3299 2612 καὶ
3332 2559 3427 2627 ἑγ-

1851 2650 2242 2721 καταλείψεως,
2280 2648 2438 2704 τοῦτο
2482 2648 2647 2704 αὑτοῦ
2683 2649 2944 2721 κηρύττει
2972 2650 3070 2721 τὴν
3108 2651 3425 2707 ἀνάστασιν.

1853 2742 1928 2794 Ού
1971 2741 2078 2813 γάρ
2124 2741 2190 2795 ἂν
2226 2740 2399 2805 οὕτως
2433 2741 2641 2809 ἐφάνη,
2696 2741 2861 2811 μηδὲν
2906 2742 3224 2811 πασχόντων
3272 2742 3429 2813 ἡμῶν

1850 2830 2013 2900 ἀηδὲς
2032 2872 2046 2896 ,
2084 2832 2117 2903 ἡ
2155 2830 2387 2901 δύναμις
2413 2832 2445 2900 ἡ
2490 2831 2699 2882 ἐκείνου
2720 2870 2735 2894 ,
2769 2830 2845 2892 ὡς
2874 2829 2968 2883 νῦν
2996 2831 3292 2896 δείκνυται,
3324 2851 3429 2887 παι

1852 2920 2087 2990 σχόντων
2134 2920 2233 2990 μὲν
2257 2961 2272 2985 ,
2300 2920 2361 2971 ού
2391 2919 2707 2989 νικωμένων
2756 2918 2835 2975 δέ.
2872 2918 2980 2973 Καὶ
3026 2922 3136 2990 γὰρ
3172 2920 3342 2989 ἡμεῖς
3376 2926 3429 2976 οἱ

1851 3010 2062 3076 ζῶντες
2092 3014 2178 3076 εἰς
2212 3009 2474 3065 θάνατον
2516 3009 2957 3079 παραδιδόμεθα
2997 3010 3095 3065 διὰ
3138 3012 3385 3079 Ἰησοῦν
3412 3052 3427 3075 ,

1851 3102 1953 3165 ἵνα
1998 3101 2096 3154 καὶ
2140 3103 2177 3169 ἡ
2220 3100 2331 3168 ζ’ωὴ
2380 3100 2486 3155 τοῦ
2538 3101 2755 3167 ’Ἰησοῦ
2799 3100 3111 3170 φανερωθῇ
3168 3102 3314 3174 [499]
3361 3103 3431 3156 ἐν

1852 3192 1999 3263 ἡμῖν
2044 3193 2115 3247 ἐν
2155 3192 2229 3262 τῇ
2273 3191 2465 3261 θνητῇ
2511 3192 2691 3259 σαρκί
2734 3192 2922 3261 ἡμῶν.
2961 3192 3245 3263 Πανταχοῦ
3289 3195 3427 3266 γὰρ,

1852 3285 1982 3338 ὅταν
2012 3302 2064 3337 τι
2094 3286 2302 3354 ἀσαφὲς
2331 3284 2483 3357 είπῃ,
2522 3285 2713 3339 ἑαυτὸν
2746 3282 3037 3356 ἐρμηνεύει
3077 3284 3269 3339 πάλινο
3305 3286 3333 3338 6
3364 3286 3428 3357 δὴ

1853 3376 1948 3428 καὶ
1977 3374 2211 3429 ἐνταῦθα
2241 3376 2463 3440 ἐποίησε
2486 3415 2500 3439 ,
2533 3375 2710 3441 τοῦτο,
2745 3377 2882 3447 ὅπερ
2915 3370 3088 3441 εἷπεν,
3112 3376 3430 3448 ἑρμηνεύων

1855 3466 2059 3536 σαφῶς.
2088 3467 2187 3520 Διά
2208 3466 2365 3521 τοῦτο
2389 3467 2498 3539 γάρ
2522 3467 2950 3539 παραδιδόμεθα,
2974 3468 3128 3540 φησὶ,
3159 3471 3428 3537 τουτέστι,

1853 3559 1951 3630 τὴν
1984 3558 2254 3630 νέκρωσιν
2287 3560 2680 3631 περιφέρομεν,
2705 3560 2793 3613 ἵνα
2824 3560 2856 3631 ἡ
2885 3560 3113 3633 δύναμις
3137 3561 3300 3614 αὐτοῦ
3331 3563 3429 3632 τῆς

1854 3650 1998 3722 ζωῆς
2024 3654 2189 3722 φανῇ,
2224 3653 2298 3723 μὴ
2326 3651 2739 3722 συγχωροῦντος
2767 3653 2946 3723 σάρκα
2972 3652 3171 3724 θνητὴν
3191 3653 3429 3707 τοσαῦτα

1855 3742 2188 3812 πάσχουσαν,
2224 3742 2329 3795 ὑπὸ
2366 3742 2464 3812 τῆς
2502 3742 2722 3811 νιφάδος
2758 3743 2865 3796 τῶν
2900 3743 3084 3796 κακῶν
3120 3746 3424 3813 νικηθῆναι.

1855 3836 1965 3888 Καὶ
1996 3834 2197 3906 ἑτέρως
2229 3835 2286 3888 δέ
2332 3834 2464 3888 αὐτὸ
2500 3835 2817 3905 ἐκληπτέον.
2870 3835 3027 3899 ΙῙῶς;
3074 3837 3161 3899 Ὠς
3197 3836 3429 3911 ἀλλαχοῦ

1856 3942 2043 3997 φησιν,
2073 3928 2143 3979 El
2165 3926 2685 3996 συναπεθάνομεν,
2709 3928 2803 3980 καὶ
2833 3926 3192 3996 σλυζῆσομεν.
3223 3928 3431 3997 Ὥσπερ

1855 4018 1964 4089 γὰρ
1993 4018 2083 4071 τὸν
2117 4017 2344 4072 θάνατον
2374 4019 2541 4074 αὐτοῦ
2585 4020 2929 4092 ὑπομένομεν
2964 4019 3079 4083 νῦν,
3113 4019 3208 4073 καὶ
3249 4019 3432 4089 αἱρού-

1859 4110 1998 4179 μεθα
2043 4108 2246 4173 ζῶντες
2290 4110 2583 4164 ἀποθανεῖν
2615 4112 2681 4167 δι’
2722 4110 2916 4171 αὐτόν·
2955 4108 3097 4163 οὔτω
3129 4110 3222 4162 καὶ
3269 4109 3433 4173 αὐτὸς

1854 4196 2140 4266 αἱρήσεται
2202 4197 2574 4262 ἀποθανόντας
2626 4199 2962 4269 ζωογονῆσαι
3012 4198 3154 4251 τότε.
3209 4198 3270 4250 Εἰ
3322 4198 3432 4268 7&9

1856 4288 2017 4358 ἡμεῖς
2040 4289 2147 4340 ἀπὸ
2174 4286 2318 4359 ζωῆς
2345 4291 2423 4352 εἰς
2447 4289 2672 4351 θάνατον
2696 4288 2988 4359 ἐρχόμεθα,
3016 4290 3109 4342 καὶ
3133 4289 3294 4351 αὑτὸς
3322 4289 3431 4343 άπὸ

1858 4376 2090 4431 θανάτου
2148 4380 2228 4442 είς
2286 4379 2429 4451 ζωὴν
2479 4381 2625 4452 ἡμᾶς
2670 4382 3092 4454 χειραγωγήσει.
3146 4380 3338 4433 ’Ὥστε
3397 4383 3430 4433 ό

1857 4465 2112 4533 θάνατος
2142 4468 2462 4546 ἐνεργεῖται
2511 4469 2580 4522 ἐν
2624 4469 2769 4538 ἡμῖν
2789 4509 2802 4533 ,
2837 4471 2873 4538 ή
2908 4469 2976 4522 δὲ
3013 4468 3123 4537 ζωὴ
3161 4468 3232 4521 ἐν
3264 4468 3427 4536 ὑμῖν.

1858 4560 2052 4614 Οὐκέτι
2087 4562 2336 4631 περὶτοῦ
2381 4562 2612 4621 θανάτου
2651 4562 2845 4630 λέγων,
2888 4562 3023 4615 ἀλλά
3071 4561 3201 4633 περὶ
3237 4578 3429 4635 πειρα-

1860 4654 2137 4724 σμῶνςκαὶ
2163 4655 2418 4719 ἀνέσεως.
2463 4654 2654 4725 Ἡμεῖς
2685 4655 2785 4725 μὲν
2814 4653 2923 4725 7&9
2952 4654 3009 4705 ἐν
3038 4653 3304 4715 κινδύνοις
3337 4654 3430 4707 καὶ

1859 4746 1917 4807 ἐν
1966 4748 2292 4817 πειρασμοῖς
2313 4786 2328 4809 ,
2360 4745 2553 4816 φησὶν,
2586 4746 2744 4816 ὑμεῖς
2774 4745 2831 4798 δὲ
2869 4746 2925 4798 ἐν
2957 4744 3169 4809 ἀνέσει,
3219 4743 3320 4813 τὴν
3366 4744 3429 4796 ἑκ

1860 4834 2062 4899 τούτων
2086 4820 2197 4889 τῶν
2228 4836 2489 4893 κινδύνων
2518 4835 2891 4909 καρπούμενοι
2922 4835 3089 4908 ζωὴν’
3115 4834 3210 4889 καὶ
3232 4834 3301 4888 τὰ
3331 4835 3432 4909 μὲν

1861 4928 2174 4981 ἐπικίνδυνα
2200 4930 2357 5001 ἡμεῖς
2388 4928 2751 4998 ὑπομένομεν,
2774 4926 2882 4980 τῶν
2911 4926 2965 4979 δὲ
2990 4926 3245 4998 χρηστῶν
3272 4927 3430 4993 ὑμεῖς

1862 5017 2183 5073 ἀπολαύετε’
2210 5019 2270 5070 ού
2294 5016 2402 5088 γάρ
2428 5017 2716 5079 τοσούτους
2744 5015 3042 5085 ὑπομένετε
3069 5014 3429 5087 πειρασμούς.

1866 5110 2146 5179 Ἔχοντες
2175 5109 2243 5161 δὲ
2271 5108 2338 5161 τὸ
2368 5107 2515 5167 αὐτὸ
2543 5107 2779 5177 πνεῦμα
2818 5105 2930 5175 τῆς
2968 5106 3248 5171 πίστεως,
3283 5105 3435 5160 κατὰ

1861 5201 1927 5253 τὸ
1965 5198 2374 5270 γεγραμμένον
2396 5216 2410 5231 ⁸
2450 5200 2837 5263 Ἐπίστευσα,
2867 5198 2959 5252 διὸ
2988 5198 3267 5265 ἐλάλησα
3294 5214 3307 5227 σ
3336 5197 3435 5251 καί

1864 5293 2032 5362 ἡμεῖς
2054 5292 2437 5360 πιστεύομεν,
2459 5292 2551 5346 διὸ
2569 5291 2666 5344 καὶ
2685 5290 3015 5361 λαλοῦμενο
3039 5289 3127 5344 ὅτι
3150 5293 3181 5343 ό
3204 5290 3437 5360 ἐγείρας

1862 5385 1971 5439 τὸν
1990 5386 2208 5451 Κύριον
2241 5383 2502 5451 Ἰησοῦν,
2537 5384 2633 5438 καὶ
2669 5382 2827 5454 ἡμᾶς
2859 5382 2957 5437 διὰ
2999 5381 3201 5451 Ἰησοῦ
3225 5382 3432 5451 ἐγερεῖ.

1877 5478 2206 5546 Ἀνέμνησεν
2227 5477 2377 5547 ἡμᾶς
2395 5476 2611 5549 ψαλμοῦ
2640 5476 2836 5549 πολλὴν
2859 5476 3073 5547 ἔχοντος
3095 5475 3431 5544 φιλοσοφίαν,

1866 5569 1960 5623 καὶ
2003 5567 2185 5621 ἱκανοῦ
2224 5567 2458 5637 μάλιστα
2492 5570 2547 5621 ἐν
2582 5568 2848 5629 κινδύνοις
2879 5564 3141 5631 ἀλείφειν.
3177 5562 3286 5629 Τὴν
3326 5562 3436 5639 γὰρ

1869 5661 2024 5732 ῥῆσιν
2058 5661 2260 5731 ταύτην
2318 5662 2375 5715 ἐν
2432 5661 2686 5732 μεγάλοις
2738 5658 2999 5719 κινδύνοις
3043 5651 3116 5707 ῶν
3162 5656 3187 5705 ό
3228 5652 3433 5717 δίκαιος
