3780 6342
151 302 235 358 ωι
1082 296 1148 351 IN
1187 294 1401 353 EPIST.
1442 295 1487 351 ll
1545 297 1638 353 AD
1673 299 1830 355 COR.
1871 301 2098 359 llOMlL.
2142 307 2232 361 lx.

149 427 178 465 e
197 410 377 480 quibus
398 425 501 461 non
521 406 760 474 aliunde,
782 419 939 476 quam
962 423 1056 477 per
1074 407 1309 463 divinam
1324 422 1502 478 opem,
1531 423 1713 465 enter—

149 517 262 572 gere
287 509 511 570 poterat.

213 594 264 646 2.
305 591 562 659 Quoniam
594 591 753 659 igitur
782 605 899 659 quae
925 598 1150 660 cognata
1192 599 1337 656 sunt,
1368 605 1612 660 magnam
1643 591 1711 646 ad

146 683 512 740 consolandum
552 682 658 735 vim
689 682 888 736 habere
916 684 1092 736 solent
1111 723 1126 748 ,
1156 681 1356 736 idcirco
1378 681 1512 736 dixit
1544 699 1557 735 :
1593 680 1710 735 Ha-

147 779 301 834 bentes
321 773 545 827 eumdem
565 773 840 844 spiritum;
877 773 928 826 id
957 784 1060 836 eSt,
1089 773 1278 829 eodem
1306 773 1542 828 subsidio
1565 772 1709 839 freti,

145 881 240 936 quo
264 866 352 918 ille
372 880 402 918 e
423 863 663 937 periculo
686 871 900 933 ereptus
923 873 1025 928 est,
1050 878 1148 916 nos
1167 878 1377 932 quoque
1395 878 1672 918 servamur
1693 878 1708 916 :

145 976 203 1015 ex
223 957 405 1013 eodem
433 956 651 1026 Spiritu,
677 970 786 1025 quo
815 956 904 1010 ille
933 955 1182 1024 loquutus
1217 965 1332 1023 est,
1374 970 1472 1009 nos
1501 969 1712 1025 quoque

147 1051 418 1119 loquimur.
449 1048 654 1115 Quibus
680 1047 859 1102 verbis
888 1047 1016 1102 illud
1042 1046 1312 1114 ostendit,
1361 1047 1552 1102 miram
1591 1062 1713 1102 esse

145 1145 272 1198 inter
315 1140 520 1195 Nevum
571 1148 628 1194 et
672 1138 834 1193 Vetus
883 1137 1284 1194 Testamentum
1334 1138 1708 1202 concordiam,

144 1241 291 1301 atque
337 1229 586 1285 eumdem
631 1230 875 1298 spiritum
902 1243 1022 1300 esse
1049 1269 1065 1296 ,
1105 1230 1196 1300 qui
1240 1231 1294 1285 in
1336 1238 1566 1300 utroque
1603 1231 1711 1285 vim

141 1339 280 1380 suam
320 1322 654 1377 exseruerit:
687 1320 923 1391 illudque
965 1331 1255 1391 praeterea,
1286 1337 1391 1376 non
1421 1336 1515 1377 nos
1565 1321 1712 1377 solos

144 1419 192 1470 in
231 1415 478 1486 periculis
519 1414 757 1479 versari,
803 1413 898 1468 sed
925 1414 1089 1468 etiam
1118 1423 1328 1469 veteres
1373 1428 1596 1478 omnes;
1641 1414 1712 1468 ob

140 1508 287 1574 idque
317 1505 422 1560 fide
448 1519 512 1559 ac
547 1519 645 1574 spe
670 1503 881 1559 animos
905 1504 1194 1575 erigendos
1217 1519 1358 1570 esse,
1386 1519 1487 1560 nec
1517 1519 1711 1575 urgen-

141 1599 260 1652 tium
283 1597 544 1652 malorum
575 1597 736 1652 linem
761 1597 941 1651 statim
971 1597 1275 1667 petendum.

205 1688 390 1744 Christi
427 1689 746 1755 resurrectio,
795 1689 1018 1741 omnium
1068 1689 1484 1746 resurrectionem
1513 1687 1709 1757 probat.

135 1808 198 1820 -—-
217 1779 500 1849 Postquam
527 1780 670 1834 enim
698 1779 996 1835 rationibus
1018 1781 1469 1836 resurrectionem
1526 1795 1591 1835 ac
1628 1781 1711 1836 vi-

139 1883 235 1926 tam
259 1871 677 1936 demonstravit,
722 1870 963 1941 illudque
1004 1872 1240 1941 insuper,
1273 1872 1507 1941 pericula
1539 1871 1710 1928 imbe-

135 1965 358 2018 cillitatis
385 1978 448 2018 ac
476 1963 798 2019 desertionis
823 1973 1198 2032 argumentum
1228 1979 1334 2018 non
1365 1979 1508 2032 esse,
1556 1964 1710 2021 dein-

135 2071 250 2124 ceps
270 2056 380 2124 jam
403 2055 560 2110 ﬁdem
587 2055 746 2110 etiam
777 2056 1000 2122 invehit,
1022 2057 1179 2126 eique
1197 2057 1378 2111 omnia
1402 2059 1707 2112 committit.

134 2147 456 2216 Quamquam
493 2148 664 2216 ipsam
695 2163 909 2218 quoque
939 2157 996 2203 ut
1025 2151 1249 2217 probet,
1299 2150 1498 2206 Christi
1529 2167 1711 2206 resur-

134 2244 421 2295 rectionem
450 2242 504 2294 iu
549 2241 783 2296 medium
815 2241 992 2306 aﬂ‘ert,
1042 2257 1164 2298 cum
1194 2244 1268 2298 ait
1299 2261 1312 2297 :
1359 2243 1472 2298 Nos
1514 2261 1711 2314 quoque

131 2333 389 2396 credimus,
425 2343 634 2401 propter
650 2333 783 2402 quod
809 2335 1080 2402 loquimur.
1106 2334 1243 2400 Quid
1264 2336 1552 2400 credimus,
1578 2336 1711 2390 heus

135 2427 227 2479 tu?
272 2425 425 2491 Quod
455 2427 500 2479 is
527 2426 616 2494 qui
639 2425 894 2479 Christum
919 2428 1198 2492 suscitavit,
1232 2443 1322 2481 nos
1348 2429 1499 2481 etiam
1525 2428 1686 2482 excita

132 2519 193 2572 bit
218 2528 264 2573 et
288 2521 558 2573 constituet
578 2518 851 2574 uobiscum.
888 2520 974 2574 15.
1003 2521 1188 2573 Omnia
1213 2522 1344 2573 enim
1367 2532 1570 2590 prapter
1598 2537 1707 2589 vos,

130 2621 178 2664 ut
203 2614 366 2682 gratia
397 2611 666 2664 abundans
691 2651 706 2676 ,
755 2629 845 2678 per
874 2613 1058 2666 multos
1096 2613 1148 2664 iu
1194 2613 1474 2682 gratiarum
1515 2613 1711 2671 actione

128 2705 336 2757 abundet
366 2704 425 2757 in
452 2704 667 2774 gloriam
698 2702 814 2758 Dei.
848 2703 1057 2758 Rursus
1083 2705 1293 2758 animos
1320 2720 1506 2760 corum
1532 2705 1706 2772 etl‘ert,

130 2807 298 2852 utnon
332 2797 642 2852 hominibus
665 2799 888 2866 gratiam
919 2797 1179 2863 habeant,
1214 2797 1318 2854 hoc
1362 2809 1444 2854 est
1465 2839 1481 2864 ,
1511 2801 1706 2868 pseud-

128 2888 400 2957 aposmlis.
430 2887 542 2943 lloc
567 2889 712 2944 enim
758 2899 926 2944 totum
955 2889 1050 2944 Dei
1079 2899 1202 2962 est,
1230 2890 1321 2960 qui
1345 2891 1708 2960 compluribus

127 2982 405 3049 gratiﬁcari
437 2983 548 3036 vult
575 2991 632 3036 ut
666 2983 836 3052 major
859 2984 1030 3053 gratia
1059 2991 1334 3053 appareat.
1367 2985 1587 3054 Propter
1612 3000 1708 3040 vos

127 3073 310 3141 quippe
336 3083 393 3127 et
443 3074 772 3129 resurrectio
818 3075 984 3144 ipsius
1013 3075 1250 3141 exstitit,
1286 3083 1341 3131 et
1368 3083 1558 3131 caetera
1587 3092 1706 3130 om-

129 3162 225 3216 nia.
255 3163 443 3234 Neque
473 3166 618 3219 enim
657 3165 812 3219 unius
841 3166 1117 3222 dumtaxat
1147 3168 1378 3224 hominis
1405 3184 1564 3224 causa
1593 3169 1707 3224 haec

128 3253 263 3321 fecit,
286 3256 382 3310 sed
417 3258 678 3310 omnium.
713 3257 800 3312 l6.
834 3257 1053 3326 Pr0pter
1096 3260 1230 3329 quod
1259 3277 1361 3315 non
1407 3261 1707 3329 deﬁcimus;

125 3345 207 3398 sed
226 3347 341 3401 licet
371 3349 441 3413 is,
480 3349 567 3416 qui
594 3350 719 3419 foris
746 3360 838 3414 est,
871 3361 1040 3404 noster
1064 3352 1216 3406 Immo
1237 3355 1594 3422 corrumpitur,
1623 3364 1704 3407 ta-

127 3456 229 3494 men
253 3443 313 3506 is,
347 3442 440 3512 qui
470 3442 606 3495 intus
640 3452 734 3510 est,
765 3453 1034 3498 renovatur
1071 3445 1134 3498 de
1157 3446 1239 3499 die
1266 3447 1320 3499 in
1361 3448 1514 3501 diem.
1563 3448 1706 3515 Quo-

125 3532 272 3586 modo
297 3535 702 3602 corrumpitur?
730 3533 862 3588 Cum
893 3535 1072 3605 ﬂagris
1098 3537 1348 3604 cmditur,
1379 3539 1701 3608 exagitetur,

124 3626 384 3680 sexcentis
415 3625 799 3681 acerbitatibus
840 3625 1090 3681 afﬁcitur.
1125 3625 1181 3682 Is
1218 3638 1384 3683 tamen
1408 3670 1422 3694 ,
1454 3631 1539 3700 qui
1568 3632 1704 3684 intus

123 3724 209 3780 est,
233 3725 510 3769 renouatur
534 3715 598 3768 de
626 3717 707 3769 die
748 3717 800 3769 in
842 3718 994 3770 diem.
1023 3717 1140 3783 Quo
1183 3727 1336 3788 pacto
1382 3723 1704 3776 renovatur?

123 3806 263 3872 Fide,
292 3821 414 3877 spe,
449 3807 612 3860 animi
648 3807 1088 3877 promptitudine.
1115 3810 1299 3864 Restat
1339 3811 1520 3880 igitur,
1551 3820 1608 3866 ut
1637 3813 1703 3866 ad

123 3900 348 3966 pericula
368 3900 696 3970 intrepidum
718 3902 953 3956 animum
972 3901 1277 3958 affet-amns.
1297 3904 1413 3971 Quo
1433 3905 1574 3960 enim
1594 3907 1704 3976 plu-

122 3992 258 4044 ribus
280 3991 640 4047 incommodis
653 4007 846 4062 corpus
864 3993 1163 4060 divexatur,
1185 4009 1249 4050 eo
1265 3995 1456 4050 laetiori
1476 4011 1571 4066 Spe
1591 3998 1702 4051 ani-

122 4099 232 4138 mus
261 4085 484 4149 fruitur,
512 4099 573 4139 ac
603 4085 937 4154 splendidior
957 4085 1207 4152 efﬁcitur,
1225 4101 1332 4142 non
1361 4102 1516 4143 secus
1543 4098 1703 4159 atque

121 4190 320 4241 aurum,
352 4176 446 4230 cui
471 4175 611 4244 ignis
632 4175 833 4230 diutius
862 4175 1162 4231 adhibetur.
1192 4179 1270 4232 Ac
1293 4178 1415 4233 vide
1435 4179 1703 4248 quomodo

123 4269 398 4334 praesentis
420 4269 546 4322 vita:
567 4269 842 4323 molestias
865 4269 1154 4340 abstergat.
1187 4271 1274 4324 l7.
1317 4270 1385 4324 Id
1412 4273 1542 4326 enim
1568 4271 1704 4342 quod

121 4361 168 4410 in
192 4360 433 4429 praesenti
462 4368 536 4414 est
577 4369 985 4414 momentaneum
1009 4377 1072 4416 ac
1094 4362 1200 4415 leve
1241 4362 1583 4418 tribulationis
1608 4381 1706 4419 no-

121 4461 248 4518 stra,
267 4470 432 4524 supra
448 4453 653 4506 modum
665 4453 718 4507 in
734 4453 1042 4508 sublimitate
1057 4463 1300 4508 aeternum
1317 4456 1495 4526 glorise
1506 4457 1703 4527 pondus

121 4556 352 4614 aperatur
367 4548 425 4600 in
447 4546 610 4610 nobis,
631 4546 720 4601 18.
745 4563 846 4600 non
867 4546 1321 4617 contemplantibus
1337 4547 1480 4602 nobis
1495 4566 1608 4618 qua:
1625 4550 1702 4604 oi-

123 4637 314 4704 dentur,
343 4638 439 4691 sed
462 4651 575 4705 qua
595 4653 694 4690 non
717 4637 964 4690 videntur.
993 4634 1099 4706 Spe
1120 4638 1389 4707 negotium
1418 4639 1701 4707 conclusit,

121 4728 360 4799 quodque
373 4730 430 4782 in
445 4729 673 4797 epistola
689 4728 754 4782 ad
775 4729 1045 4782 Romanos
1059 4728 1272 4783 dicebat
1292 4746 1306 4782 :
1327 4729 1570 4798 Spesalvi
1584 4732 1708 4802 [acti

122 4834 284 4872 sumus
307 4837 327 4886 ;
354 4835 472 4890 spes
500 4829 668 4873 autem
694 4836 806 4890 qua:
844 4819 1041 4874 videtur
1069 4835 1168 4873 non
1198 4829 1271 4873 est
1298 4836 1414 4889 spes
1436 4821 1616 4890 (Rom.
1648 4825 1702 4878 ὃ.

122 4909 210 4981 2t)
235 4930 248 4966 :
271 4911 380 4968 hoc
405 4913 568 4967 etiam
596 4911 684 4966 hic
710 4912 992 4967 adstruens
1015 4954 1028 4978 ,
1065 4912 1345 4982 praesentia
1369 4928 1489 4966 cum
1518 4913 1708 4970 futuris

124 5006 428 5074 componit:
471 5017 710 5075 praesens
745 5019 865 5059 cum
909 5013 1143 5071 aeterno,
1191 5004 1310 5059 leve
1352 5018 1472 5058 cum
1514 5005 1704 5075 gravi,

123 5097 520 5154 tribulationem
559 5113 682 5152 cum
728 5097 917 5167 gloria.
962 5099 1041 5153 Ac
1067 5113 1135 5152 ne
1166 5097 1269 5151 hoc
1306 5096 1522 5167 quidem
1573 5111 1704 5152 con-

125 5200 317 5256 tentus,
342 5192 572 5246 alteram
602 5204 786 5245 vocem
813 5191 1071 5261 adiungit,
1100 5205 1324 5260 eamque
1348 5190 1705 5260 conduplicat,

122 5295 233 5337 cum
255 5284 330 5337 ait
354 5299 371 5337 :
404 5282 581 5351 Supra
603 5282 807 5336 modum
832 5283 886 5336 in
909 5282 1233 5336 sublimitate.
1260 5281 1460 5338 Deinde
1489 5281 1706 5336 modum

124 5375 370 5441 declarat,
401 5391 507 5446 quo
529 5385 607 5430 tot
627 5390 689 5430 ac
707 5385 866 5429 tanta:
887 5374 1204 5430 afﬂictiones
1224 5375 1368 5430 leves
1385 5373 1703 5429 efﬁciantur.

124 5465 361 5534 Quonam
391 5466 551 5535 igitur
576 5465 735 5520 modo
768 5464 1054 5521 levantur?
1087 5463 1210 5519 Non
1252 5464 1707 5533 contemplantibus

125 5557 258 5612 labis
279 5573 396 5626 qua
418 5556 668 5622 uidentur,
699 5557 787 5610 sed
812 5571 925 5626 qua:
952 5570 1054 5610 non
1081 5555 1332 5609 videntur.
1356 5553 1432 5608 Ita
1455 5554 1706 5609 nimirum

127 5655 175 5702 et
201 5655 497 5716 praesentes
524 5648 784 5704 molestiae
812 5648 958 5704 leves
980 5687 997 5716 ,
1035 5656 1091 5704 et
1129 5647 1364 5702 futurum
1395 5645 1528 5702 illud
1568 5661 1707 5716 prte-

129 5740 285 5797 mium
312 5741 502 5812 ingens
526 5739 648 5811 erit,
694 5742 736 5798 si
766 5757 796 5797 a
828 5740 1126 5799 visibilibus
1158 5755 1254 5798 nos
1297 5738 1695 5796 abduxerimus.

3299 321 3402 376 462

1824 411 1953 480 Qua
1977 418 2110 469 enim
2139 417 2372 474 videntur
2396 425 2704 494 temporaria
2731 440 2866 481 sunt.
2892 429 3032 500 Ergo
3053 440 3108 487 et
3131 432 3396 502 ejusmodi

1816 513 1942 558 sunt
1977 506 2313 566 aﬂlictiones.
2357 515 2487 581 Qua:
2526 529 2692 573 autem
2738 537 2842 576 non
2880 523 3132 591 siderum,
3187 537 3397 583 aeterna.

1818 595 1982 665 Igitur
1995 611 2048 654 et
2064 616 2275 657 corona:
2287 620 2497 676 quoque
2516 610 2667 665 tales.
2686 611 2796 666 Nec
2809 613 2965 678 dixit,
2987 615 3141 671 Tales
3157 628 3279 672 sunt
3301 623 3398 674 tri-

1817 685 2137 756 bulationes,
2159 693 2274 757 sed,
2307 695 2434 760 Qua:
2464 700 2689 753 videntur
2711 703 2908 769 omnia,
2933 705 3044 759 sive
3078 708 3398 776 supplicium

1819 777 1984 842 dicas,
2008 782 2122 835 sive
2148 785 2376 851 quietem
2405 805 2418 840 :
2446 799 2505 842 ut
2529 805 2635 844 non
2661 793 2732 846 sit
2757 807 2853 847 cur
2873 803 2964 847 aut
2996 796 3122 851 hinc
3145 798 3362 854 emollia
3381 837 3393 843 --

1817 868 1914 935 ris,
1937 879 2029 925 aut
2049 872 2196 929 illinc
2220 875 2496 946 lrangaris.
2520 880 2779 947 Quocirca
2805 899 2906 940 nec
2930 887 2998 940 de
3025 886 3217 942 futuris
3235 891 3400 946 verba

1817 958 2036 1029 faciens,
2067 965 2218 1035 dixit,
2246 969 2488 1041 Regnum
2514 983 2808 1043 aeternum;
2837 977 2963 1043 sed,
3014 980 3142 1044 Qua:
3178 997 3278 1035 non
3321 984 3398 1037 vi-

1819 1052 2020 1119 dentur,
2051 1066 2241 1112 (eterna
2263 1072 2398 1128 sunt,
2431 1064 2546 1119 sive
2573 1081 2792 1134 regnum
2821 1069 2921 1135 sit,
2946 1071 3058 1125 sive
3082 1072 3347 1128 cruciatus
3381 1091 3395 1127 :

1820 1156 1874 1198 ιιι
1895 1154 1950 1201 et
1971 1146 2094 1203 hinc
2118 1159 2378 1208 terrorem
2404 1156 2557 1210 nobis
2582 1158 2823 1228 incutiat,
2843 1167 2898 1214 et
2919 1161 3063 1216 illinc
3085 1178 3182 1218 nos
3202 1163 3399 1219 adhor-

1819 1245 1978 1292 tetur.
2010 1239 2142 1296 Cum
2168 1244 2327 1313 igitur
2345 1262 2460 1316 qure
2493 1249 2740 1306 videntur
2763 1255 3073 1322 temporalia
3104 1255 3238 1320 sint,
3279 1272 3400 1327 qua:

1816 1336 1994 1383 autem
2021 1347 2126 1386 non
2149 1333 2411 1401 videntur,
2439 1347 2658 1405 aeterna,
2682 1341 2747 1395 ad
2778 1341 2893 1396 base
2920 1344 3196 1399 oculorum
3224 1348 3393 1402 aciem

1819 1421 2176 1480 intendamus.
2212 1427 2386 1497 Ecqua
2413 1431 2554 1484 enim
2583 1433 2737 1486 nobis
2765 1436 3044 1491 excusatio
3067 1435 3240 1491 futura
3287 1448 3392 1503 est,

1817 1513 1861 1565 si
1908 1512 2047 1568 ﬂuxa
2082 1520 2422 1588 sempiternis
2453 1524 2882 1592 praetulerimus?
2932 1526 3064 1582 Nam
3093 1531 3192 1583 etsi
3232 1545 3396 1586 suave

1817 1613 1901 1658 est
1921 1606 2060 1674 quod
2090 1624 2325 1677 praesens
2363 1623 2472 1678 est,
2503 1631 2607 1670 non
2637 1625 2720 1672 est
2747 1626 2921 1673 tamen
2949 1629 3299 1690 perpetuum;
3345 1632 3402 1681 at

1817 1697 2114 1766 acerbitas,
2165 1718 2283 1772 quae
2335 1720 2402 1760 ex
2449 1707 2546 1762 hac
2591 1713 2853 1766 suavitate
2891 1713 3146 1778 nascitur,
3193 1730 3293 1770 nec
3331 1716 3398 1770 ﬁ-

1819 1805 1940 1844 nem
1993 1792 2151 1849 habet
2191 1811 2292 1852 nec
2337 1800 2564 1855 veniam.
2599 1804 2766 1868 Quam
2814 1805 2956 1858 enim
2998 1809 3400 1864 excusationem

1821 1880 2051 1938 habituri
2081 1895 2225 1952 sunt,
2255 1889 2366 1958 qui,
2393 1905 2514 1945 cum
2537 1893 2780 1960 spiritum
2807 1897 3110 1964 acceperint
3145 1907 3398 1969 tantoque

1818 1972 2080 2030 beneﬁcio
2100 1976 2271 2033 aﬂ‘ecti
2295 1980 2423 2047 sint,
2446 1983 2666 2051 abjectis
2689 1994 2889 2040 tantum
2912 1987 3071 2042 rebus
3088 1989 3400 2046 incumbunt

1817 2073 1977 2135 atque
2015 2068 2067 2121 in
2097 2076 2236 2122 terra
2265 2071 2642 2126 collabuntur?
2672 2074 2882 2130 Etenim
2912 2078 3214 2147 complures
3241 2081 3401 2135 audio

1817 2158 1906 2226 qui
1931 2157 2170 2213 ridiculis
2205 2160 2352 2216 hisce
2386 2163 2564 2216 verbis
2595 2172 2816 2219 utuntur
2847 2185 2861 2219 :
2904 2166 2979 2220 Da
3009 2168 3138 2221 mihi
3179 2168 3396 2225 hodier-

1816 2266 1943 2306 num
1973 2251 2134 2316 diem,
2162 2261 2216 2307 et
2237 2260 2291 2307 tu
2312 2256 2604 2309 crastinum
2646 2271 2818 2312 sume.
2845 2257 2976 2313 Nam
3005 2260 3050 2313 si
3079 2260 3199 2314 talis
3235 2269 3318 2317 est
3343 2261 3397 2316 in

1815 2341 1994 2397 futuro
2025 2358 2143 2399 aevo
2183 2360 2361 2400 rerum
2401 2355 2570 2401 status
2589 2389 2604 2413 ,
2629 2349 2841 2417 qualem
2868 2350 3078 2416 dicitis,
3108 2367 3270 2406 unum
3301 2369 3400 2424 pro

1817 2450 1923 2488 uno
1955 2434 2114 2489 fuerit
2147 2454 2160 2490 :
2195 2437 2236 2491 si
2266 2453 2394 2492 vero
2417 2453 2484 2492 ex
2515 2439 2576 2493 iis
2607 2440 2736 2493 nihil
2764 2441 2984 2495 omnino
3013 2450 3097 2499 est
3117 2483 3131 2507 ,
3171 2442 3276 2498 duo
3302 2458 3401 2512 pro

1815 2526 1984 2581 nihilo
2015 2538 2191 2583 erunt.
2225 2529 2360 2597 Quid
2409 2530 2490 2584 his
2517 2531 2734 2586 vocibus
2761 2533 3075 2588 sceleratius
3095 2574 3110 2599 ,
3139 2535 3265 2604 quid
3296 2535 3394 2590 de-

1815 2619 2046 2674 mentius
2076 2619 2198 2689 ﬁngi
2246 2622 2462 2688 potest?
2504 2621 2613 2677 Nos
2656 2622 2725 2679 de
2766 2623 2899 2677 caelo
2935 2623 3245 2681 disserimus
3273 2666 3287 2688 ,
3330 2626 3399 2682 de

1814 2712 2024 2768 arcanis
2053 2719 2106 2767 et
2131 2711 2488 2768 ineﬂ‘abilibus
2508 2714 2615 2769 illis
2634 2714 2790 2769 bonis
2813 2730 2831 2780 ;
2856 2724 2912 2769 et
2934 2725 2988 2770 tu
3011 2715 3170 2771 verba
3199 2733 3230 2772 e
3254 2717 3400 2773 circo

1816 2803 1974 2872 petita
2009 2801 2061 2857 in
2091 2803 2326 2858 medium
2357 2803 2584 2874 profers,
2617 2821 2715 2860 nec
2747 2805 2947 2874 pudore
2975 2805 3299 2862 suﬂ‘underis
3335 2824 3397 2863 ea

1813 2893 2172 2963 proloquens,
2213 2910 2332 2963 qua:
2375 2904 2556 2949 mente
2603 2905 2880 2965 captorum
2933 2896 3207 2952 hominum
3239 2908 3394 2963 sunt,

1814 2999 1913 3039 nec
1955 2984 2259 3052 erubescis,
2306 2986 2658 3055 prtescntibus
2705 2987 2862 3042 rebus
2908 2988 2978 3041 ita
3024 2987 3260 3043 inﬁxus?
3288 3003 3396 3044 non

1811 3074 2058 3145 desipere
2083 3088 2146 3129 ac
2173 3084 2350 3130 mente
2377 3075 2638 3130 excedere
2683 3076 2898 3131 desines
2922 3119 2938 3144 ,
2970 3087 3129 3148 atque
3157 3079 3208 3134 in
3244 3078 3397 3149 juve-

1811 3165 1903 3220 nili
1934 3175 2091 3221 tetate
2120 3165 2391 3220 delirare?
2420 3165 2571 3232 Quod
2601 3167 2646 3220 si
2687 3166 2804 3221 lucc
2831 3168 2993 3222 verba
3024 3183 3088 3222 ex
3115 3170 3393 3239 gentilium

1811 3271 1906 3312 ore
1931 3257 2292 3323 mitterentur,
2315 3257 2443 3311 nihil
2473 3259 2668 3316 mirum
2695 3266 2838 3313 esset
2864 3276 2876 3312 :
2905 3267 2958 3312 at
2982 3275 3110 3314 vero
3133 3262 3236 3316 ﬁde
3261 3276 3395 3330 pra:-

1811 3348 1953 3403 ditos
1975 3348 2222 3404 homines
2247 3349 2510 3418 ejusmodi
2535 3365 2813 3408 sermones
2835 3350 3066 3417 emitire,
3096 3367 3253 3420 quam
3279 3361 3394 3406 tau-

1810 3438 1932 3493 dem
1966 3439 2175 3492 veniam
2207 3440 2400 3494 mereri
2426 3440 2477 3494 id
2508 3441 2701 3508 queat?
2732 3456 2799 3494 an
2827 3456 2950 3510 spes
2981 3441 3100 3495 illas
3121 3442 3395 3497 immorta-

1812 3531 1888 3586 les
1909 3534 2128 3586 omnino
2148 3543 2426 3602 suspectas
2457 3533 2663 3588 habes?
2691 3548 2759 3587 an
2790 3533 2904 3588 hmo
2945 3548 3164 3603 prorsus
3194 3535 3392 3590 incerta

1809 3637 1930 3679 esse
1945 3624 2166 3678 censes?
2187 3639 2288 3694 qua
2316 3624 2526 3678 tandem
2543 3624 2694 3678 venia
2716 3624 2830 3679 haec
2845 3624 3004 3695 digna
3026 3639 3144 3680 esse
3161 3627 3395 3695 queant?

1813 3717 1876 3770 Et
1899 3716 2164 3785 quisnam,
2196 3716 2458 3784 inquiunt,
2485 3715 2550 3770 ad
2577 3730 2676 3770 nos
2702 3717 2882 3782 venit,
2913 3731 2977 3771 ac
3018 3732 3137 3786 qua:
3169 3717 3278 3772 illic
3303 3731 3396 3786 ge-

1811 3819 1995 3862 rantur
2033 3808 2314 3877 exposuit?
2360 3807 2644 3862 Hominum
2681 3823 2811 3863 sane
2855 3823 3052 3873 nemo,
3106 3809 3200 3864 sed
3255 3810 3396 3866 Deus

1811 3900 1944 3970 ipse,
1975 3900 2214 3953 omnium
2240 3898 2343 3954 ﬁde
2368 3899 2714 3970 dignissimus
2733 3940 2749 3966 ,
2797 3899 2912 3954 bmc
2950 3899 3260 3955 declaravit.
3289 3902 3396 3957 Sed

1812 4010 1915 4048 non
1944 3993 2096 4048 vides
2120 4007 2209 4047 res
2236 3993 2395 4047 illas?
2423 3993 2603 4063 Neque
2629 3993 2772 4048 enim
2822 3993 2988 4046 Deum
3016 3993 3194 4046 cernis
3224 4010 3238 4046 :
3267 3987 3394 4063 quid

1810 4100 1938 4154 ergo
1963 4126 1978 4149 ,
2011 4100 2078 4138 an
2108 4084 2334 4153 proinde
2364 4085 2530 4138 Deum
2558 4099 2678 4139 esse
2709 4099 2813 4138 non
2856 4084 3185 4139 existimabis
3210 4126 3225 4149 ,
3273 4085 3396 4154 quia

1809 4189 1932 4230 eum
1956 4190 2060 4228 non
2091 4173 2284 4228 vides?
2312 4173 2380 4228 Et
2406 4174 2560 4228 valde
2587 4173 2802 4241 quidem
2828 4173 3098 4241 existimo,
3128 4174 3357 4244 inquies.

1881 4268 1933 4322 5.
1978 4266 2141 4337 Igitur
2181 4267 2224 4321 si
2266 4266 2529 4336 quispiam
2572 4282 2638 4322 ex
2670 4266 2973 4322 inﬁdelibus
3023 4279 3397 4337 percontetur,

1811 4357 2008 4428 Ecquis
2027 4373 2059 4414 e
2086 4357 2220 4413 caelo
2239 4358 2406 4424 venit,
2427 4366 2586 4428 atque
2608 4357 2725 4412 lucc
2752 4359 2989 4412 narravit
3014 4377 3028 4412 :
3061 4359 3187 4427 quid
3217 4360 3392 4415 dictu-

1809 4466 1903 4507 rus
1933 4450 2034 4505 es?
2063 4449 2202 4506 unde
2229 4451 2371 4505 nosti
2400 4451 2567 4505 Deum
2596 4451 2762 4506 esse?
2791 4452 2873 4506 Ab
2911 4451 2977 4506 iis
3005 4454 3164 4507 rebus
3193 4469 3312 4524 quae
3342 4457 3403 4512 in

1810 4550 2084 4612 aspectum
2111 4540 2332 4610 cadunt,
2361 4541 2586 4611 inquies,
2610 4541 2680 4596 ab
2710 4558 2776 4597 eo
2800 4543 3008 4609 ordine,
3037 4545 3126 4613 qui
3152 4544 3204 4598 in
3235 4545 3406 4600 rebus

1810 4634 2058 4688 omnibus
2084 4632 2315 4688 conditis
2345 4632 2522 4690 elucet
2553 4651 2566 4686 :
2612 4632 2736 4689 hinc
2777 4634 3005 4704 denique
3034 4634 3174 4704 quod
3214 4635 3283 4690 de
3329 4650 3397 4689 eo

1813 4725 1952 4780 inter
1973 4740 2162 4780 omnes
2191 4734 2421 4780 constat.
2452 4725 2542 4782 Sic
2563 4727 2721 4797 igitur
2742 4742 3046 4782 sermonem
3077 4743 3291 4798 quoque
3324 4728 3400 4783 de

1813 4826 2054 4874 extremo
2075 4816 2279 4887 judicio
2306 4817 2515 4887 excipe.
2544 4818 2660 4886 Quo
2687 4819 2874 4886 pacto?
2894 4818 3120 4887 inquies.
3166 4817 3402 4874 Percon-

1816 4911 1968 4964 tabor
1992 4917 2078 4975 te;
2106 4918 2161 4963 tu
2188 4924 2318 4966 vero
2346 4909 2632 4978 responde.
2663 4910 2917 4964 Justusne
2966 4908 3053 4964 hic
3095 4909 3235 4965 Deus
3259 4951 3273 4975 ,
3326 4924 3400 4964 an

1813 5003 2004 5073 cuique
2047 5003 2189 5073 quod
2221 5015 2455 5058 meretur
2499 5003 2714 5069 tribuit;
2761 5018 2828 5057 an
2870 5011 3054 5057 contra
3104 5004 3399 5060 sceleratos
3475 5047 3480 5052 .

1815 5094 2010 5149 ﬂorere
2036 5096 2273 5164 atquein
2319 5096 2527 5150 deliciis
2553 5097 2756 5150 versari
2801 5096 2942 5163 vult,
2994 5096 3190 5165 probos
3219 5105 3402 5154 autem

1814 5188 2079 5240 contraria
2107 5186 2344 5242 habere?
2388 5186 2627 5251 Minime,
2656 5188 2864 5257 inquies
2893 5205 2907 5243 :
2937 5203 3061 5242 nam
3092 5205 3162 5245 ne
3193 5190 3400 5245 homini

1815 5276 2027 5348 quidem
2054 5278 2154 5331 hoc
2181 5277 2454 5332 acciderit.
2489 5277 2712 5333 Ubinam
2741 5280 2920 5348 igitur,
2948 5279 3036 5349 qui
3065 5279 3317 5335 virtutem
3345 5281 3401 5333 in

1815 5368 1915 5424 hac
1945 5370 2052 5423 vita
2077 5369 2374 5435 coluerunt,
2408 5370 2564 5425 bonis
2611 5370 2894 5427 fruentur?
2933 5371 3164 5428 Ubinam
3212 5386 3400 5426 rursus

1815 5460 2070 5532 improbis
2099 5475 2256 5531 paena
2303 5462 2591 5516 constituta
2614 5462 2745 5529 erit,
2794 5464 2839 5518 si
2868 5463 3014 5518 nulla
3058 5465 3198 5528 vita,
3250 5462 3403 5516 nulla

1814 5554 2040 5618 merces,
2071 5562 2162 5607 aut
2188 5567 2340 5622 pama
2372 5551 2546 5609 futura
2571 5554 2693 5609 est?
2723 5554 2954 5610 Videsne
2977 5595 2993 5622 ,
3043 5553 3185 5624 quod
3234 5567 3396 5606 unum

1815 5658 1912 5714 pro
1940 5658 2046 5698 uno
2075 5643 2254 5699 adhuc
2282 5652 2365 5699 est
2389 5685 2405 5710 ,
2433 5652 2487 5700 et
2511 5660 2617 5700 non
2648 5645 2755 5701 duo
2784 5661 2882 5716 pro
2926 5645 3066 5701 uno?
3111 5645 3222 5714 Ego
3267 5658 3400 5696 vero

1819 5736 1944 5792 illud
1973 5737 2061 5793 tibi
2094 5736 2392 5807 ostendam,
2422 5754 2487 5795 ne
2517 5755 2678 5795 unum
2705 5738 2918 5810 quidem
2945 5753 3039 5808 pro
3069 5751 3172 5791 uno
3201 5738 3398 5805 impro-
