3780 6360
441 293 548 348 465

439 403 540 460 bos
564 401 766 458 habere
788 442 806 470 ,
835 401 931 458 sed
969 399 1079 458 duo
1106 415 1205 472 pro
1231 416 1339 458 uno
1382 400 1544 470 justis
1587 402 1820 454 futurum
1873 414 2018 465 esse,

440 492 812 562 peccatoribus
855 506 988 548 vero
1031 499 1088 547 et
1124 491 1497 547 deiiciantibus
1544 500 1730 546 contra
1779 491 2019 545 omnino.

436 583 572 639 Nam
599 585 690 654 qui
717 584 770 638 in
802 582 902 638 hac
931 583 1041 639 vita
1075 596 1136 638 se
1174 583 1532 652 voluptatibus
1569 582 1908 647 dediderunt,
1955 596 2021 636 ne

439 690 602 728 unum
631 673 846 744 quidem
873 688 970 743 pro
998 687 1106 728 uno
1129 682 1447 743 acceperunt
1471 690 1485 725 :
1509 674 1598 743 qui
1626 681 1804 727 autem
1835 673 1886 724 in
1911 671 2019 725 vir-

437 771 552 819 tute
573 764 734 819 vitam
763 763 983 828 ducunt,
1016 762 1123 818 duo
1153 778 1251 833 pro
1279 777 1406 818 uno.
1435 762 1573 828 Utri,
1606 777 1810 833 quaeso,
1845 762 1897 816 in
1921 777 2014 816 vo-

437 854 643 923 luptate
667 863 791 908 sunt
812 893 829 920 ,
875 854 966 923 qui
997 854 1247 924 praesenti
1279 854 1384 908 vita
1416 853 1570 907 abusi
1601 862 1761 919 sunt,
1810 867 1877 906 an
1927 852 2018 922 qui

438 945 796 1014 philosophia:
815 959 1035 1014 operam
1057 945 1346 1001 dederunt?
1368 944 1447 1000 Tu
1467 944 1689 1000 fortasse
1711 945 1834 998 illos
1849 944 2015 1009 dices;

437 1049 540 1104 ego
581 1042 757 1088 autem
787 1033 884 1089 hos
914 1049 1034 1090 esse
1077 1035 1376 1099 ostendam,
1405 1044 1461 1090 et
1500 1034 1714 1104 quidem
1742 1049 1839 1088 eos
1870 1034 2018 1102 ipsos

439 1135 605 1181 testes
627 1125 820 1190 citans,
853 1125 1004 1197 queis
1029 1128 1385 1196 praesentibus
1406 1126 1563 1182 bonis
1603 1124 1710 1182 frui
1739 1125 1963 1194 contigit
2000 1142 2013 1179 :

437 1235 540 1276 nec
569 1233 695 1275 vero
724 1219 796 1275 ita
836 1219 1088 1288 perfricta
1129 1219 1305 1276 fronte
1332 1228 1526 1286 erunt,
1570 1226 1629 1274 ut
1668 1217 1926 1274 adversus
1953 1232 2016 1271 ea

435 1329 558 1384 qua;
583 1313 824 1369 dicturus
847 1328 965 1368 sum
987 1355 1002 1380 ,
1039 1313 1136 1368 niti
1179 1313 1431 1370 audeant.
1470 1311 1602 1368 Nam
1644 1319 1700 1368 et
1747 1311 2015 1382 pronubas

436 1419 581 1474 s:epe
606 1404 739 1460 diris
763 1404 1014 1460 omnibus
1035 1405 1392 1468 devoverunt,
1422 1405 1701 1474 ipsumque
1736 1401 1877 1456 diem
1909 1414 2016 1469 quo

436 1497 656 1553 thalami
681 1497 833 1552 strati
863 1507 987 1552 sunt
1010 1535 1028 1562 ,
1069 1511 1268 1566 eosque
1290 1495 1475 1550 felices
1502 1493 1858 1564 prmdicarunt
1877 1532 1892 1556 ,
1924 1491 2014 1560 qui

436 1602 664 1642 uxorem
689 1602 794 1642 non
833 1587 1120 1643 duxerunt.
1163 1587 1311 1642 Multi
1349 1601 1556 1657 quoque
1595 1585 1820 1655 juvenes
1845 1625 1860 1647 ,
1891 1599 2012 1638 eum

437 1679 655 1734 ineundi
695 1679 1021 1734 matrimonii
1066 1687 1302 1749 potestas
1349 1689 1530 1744 esset,
1585 1694 1688 1733 non
1745 1677 1904 1732 aliam
1945 1680 2013 1733 oh

432 1786 647 1827 causam
684 1771 1023 1835 abnuerunt,
1063 1787 1221 1842 quam
1261 1772 1331 1827 ob
1380 1772 1457 1826 rei
1503 1770 1858 1826 incommoda.
1903 1769 2012 1825 Nec

431 1879 562 1920 vero
589 1864 702 1921 haec
727 1880 794 1921 eo
817 1880 846 1919 a
895 1880 982 1920 me
1017 1867 1374 1932 dicuntur,.ut
1424 1865 1821 1922 matrimonium
1849 1867 2010 1920 a'ccu-

430 1973 544 2014 sem
569 1976 586 2024 ;
618 1959 933 2018 honorabile
960 1962 1141 2027 enim;
1170 1960 1267 2017 sed
1295 1975 1390 2017 eos
1410 2000 1427 2026 ,
1459 1960 1550 2030 qui
1579 1975 1644 2014 eo
1688 1966 2010 2028 prazpostere

409 2053 511 2106 .usi
539 2061 682 2107 sunt.
717 2053 870 2119 Quod
897 2055 942 2109 si
971 2055 1008 2109 ii
1033 2055 1124 2124 qui
1150 2053 1546 2108 matrimonium
1575 2053 1826 2111 inierunt,
1855 2063 2010 2106 acer-

429 2141 705 2197 bissimam
753 2145 1067 2216 plerumque
1107 2144 1249 2200 hanc
1287 2145 1449 2200 vitam
1505 2158 1626 2198 esse
1669 2142 2006 2213 iudicarunt,

425 2234 554 2302 quid
579 2233 646 2288 de
673 2235 738 2288 iis
764 2233 1029 2299 dicemus,
1060 2235 1152 2306 qui
1175 2236 1228 2290 in
1260 2235 1676 2306 prostibulorum
1703 2234 2008 2304 voraginem

431 2325 660 2393 prolapsi
691 2334 838 2390 sunt,
870 2340 934 2381 ac
963 2327 1173 2397 captivo
1203 2328 1392 2397 quovis
1412 2326 1660 2382 servilius
1686 2334 1741 2381 et
1763 2325 2007 2380 miserius

425 2429 549 2471 sese
571 2415 901 2470 affecerunt?
929 2417 1054 2487 quid
1079 2417 1148 2473 de
1174 2418 1276 2484 iis,
1305 2419 1394 2487 qui
1423 2418 1475 2472 in
1505 2416 1815 2472 deliciarum
1854 2431 2009 2472 caeno

423 2519 867 2583 computruerunt
887 2551 903 2576 ,
926 2524 990 2566 ac
1018 2511 1288 2566 sexcentis
1319 2509 1520 2564 morbis
1543 2524 1738 2577 corpus
1768 2509 2008 2564 involve-

425 2603 582 2656 runt?
610 2604 678 2657 At
701 2601 868 2672 gloria
897 2601 1102 2671 pollere
1131 2601 1288 2657 dulce
1321 2611 1421 2657 est.
1450 2601 1593 2655 Nihil
1624 2600 1724 2656 hac
1752 2602 2008 2656 servitute

424 2696 695 2751 acerbius.
719 2694 855 2749 Nam
883 2695 976 2766 qui
1005 2696 1074 2750 ita
1105 2693 1282 2750 inanis
1299 2695 1480 2762 gloria:
1507 2693 1798 2763 cupiditate
1821 2703 2008 2763 captus

423 2799 529 2854 est,
565 2796 622 2842 ut
650 2786 977 2857 quibuslibet
1015 2786 1228 2856 placere
1280 2786 1525 2852 studeat,
1572 2786 1850 2856 mancipiis
1889 2786 2007 2856 qui-

384 2905 392 2918 η
423 2878 603 2933 busvis
629 2878 878 2934 servilior
901 2885 983 2934 est
1016 2895 1030 2932 :
1063 2879 1154 2949 qui
1181 2887 1364 2934 autem
1391 2894 1508 2932 eam
1548 2879 1736 2944 calcat,
1765 2894 1863 2934 nec
1891 2879 2006 2949 glo-

421 2972 557 3026 riam
586 2971 862 3026 hominum
889 2979 1064 3040 curat,
1093 2971 1346 3027 omnibus
1375 2972 1621 3041 superior
1647 2980 1748 3026 est.
1779 2973 1848 3025 At
1875 2987 2005 3042 opes

423 3063 620 3120 habere
665 3073 749 3118 est
794 3063 1178 3134 expetendum.
1212 3063 1410 3118 Verum
1438 3078 1469 3117 a
1522 3064 1675 3118 nobis
1725 3077 1869 3133 saepe
1911 3063 2006 3118 de-

422 3163 776 3210 monstratum
798 3163 903 3221 est,
931 3169 1031 3211 eos
1057 3155 1226 3225 magis
1253 3154 1456 3209 divitiis
1481 3164 1535 3209 et
1554 3156 1732 3224 quiete
1761 3154 1884 3222 frui,
1913 3155 2004 3224 qui

416 3247 612 3316 Opibus
635 3248 785 3301 vacui
815 3289 830 3312 ,
865 3247 997 3301 nihil
1041 3247 1258 3301 habent.
1291 3245 1395 3301 Sed
1427 3247 1674 3300 inebriari
1709 3260 1870 3300 suave
1899 3254 2000 3300 est.

427 3340 495 3394 Et
519 3340 639 3409 quis
659 3339 761 3394 hoc
786 3339 1016 3394 dixerit?
1044 3339 1306 3406 Quocirca
1330 3340 1374 3393 si
1404 3338 1619 3392 suavius
1644 3347 1748 3405 est,
1790 3338 1999 3407 inopem

407 3448 540 3488 esse
575 3447 732 3502 quam
774 3431 1030 3498 divitem,
1070 3446 1100 3484 a
1147 3430 1488 3484 matrimonio
1531 3430 1800 3485 abstinere
1842 3445 2000 3499 quam

420 3524 818 3578 matrimonium
838 3524 1036 3587 subire,
1071 3522 1280 3576 inanem
1303 3521 1525 3592 gloriam
1548 3521 1822 3590 aspernari
1840 3537 2001 3591 quam

416 3625 688 3686 appetere.
716 3631 745 3669 a
769 3614 976 3670 deliciis
1002 3614 1296 3670 abhorrere
1319 3630 1479 3685 quam
1509 3613 1717 3668 deliciis
1743 3614 1996 3669 studere:

417 3715 473 3762 et
525 3705 612 3761 hic
661 3706 780 3776 plus
835 3705 1032 3761 habent
1083 3705 1119 3759 ii
1171 3705 1264 3776 qui
1321 3706 1674 3775 praasentibus
1719 3720 1825 3760 non
1873 3713 2001 3760 sunt

417 3796 584 3853 affixi.
635 3797 750 3852 Hoc
793 3807 970 3852 autem
1017 3796 1166 3861 dico,
1199 3795 1342 3866 quod
1385 3797 1467 3850 vir
1510 3795 1726 3865 quidem
1775 3796 1996 3866 probus,

413 3890 631 3944 tametsi
663 3889 956 3944 innumeris
970 3889 1248 3943 tormentis
1259 3888 1616 3955 excrucietur,
1639 3887 1796 3942 habet
1817 3897 1996 3944 tamen

415 3995 569 4050 spem
608 3981 806 4048 laetam,
836 3997 954 4051 quae
999 3983 1169 4051 ipsum
1201 3980 1385 4037 fulciat
1418 3999 1431 4033 :
1492 3983 1764 4051 improbus
1809 3994 1995 4038 contra

397 4074 575 4127 -ctiam
600 4073 645 4127 si
677 4074 967 4129 innumeris
995 4075 1352 4144 voluptatibus
1372 4073 1596 4140 fruatur,
1629 4074 1789 4130 habet
1815 4084 1995 4131 tamen

415 4164 578 4220 futuri
615 4165 856 4235 supplicii
885 4177 1104 4232 metum,
1128 4166 1451 4236 voluptatem
1484 4167 1649 4237 ipsius
1677 4168 1994 4237 perturban-

414 4266 544 4312 tem.
572 4255 706 4310 Nam
731 4272 798 4311 ne
818 4255 904 4311 hic
927 4257 1141 4326 quidem
1166 4257 1412 4328 supplicii
1437 4257 1625 4312 modus
1653 4272 1854 4329 parvus
1878 4268 1992 4322 est;

411 4349 712 4403 contrarius
733 4363 881 4413 vero,
901 4348 1186 4418 voluptatis
1213 4357 1267 4404 et
1289 4349 1685 4404 oblectationis.
1715 4351 1808 4405 Est
1829 4351 1990 4406 etiam

410 4442 600 4496 tertius
616 4441 806 4496 modus
821 4450 1016 4512 praeter
1035 4441 1132 4497 hos
1148 4442 1300 4496 duos.
1324 4439 1552 4508 Quinam
1573 4441 1821 4496 tandem?
1839 4442 1992 4510 Quod

412 4532 634 4603 hujusce
654 4533 776 4588 vita:
787 4533 994 4588 delicia:
1015 4547 1082 4588 ne
1101 4542 1208 4588 tum
1226 4533 1439 4603 quidem
1457 4544 1740 4603 apparent,
1767 4549 1885 4589 cum
1909 4534 1997 4589 ad-

411 4634 556 4693 sunt,
583 4633 768 4695 utpote
793 4641 927 4696 quas
954 4636 1011 4681 et
1042 4636 1230 4681 natura
1259 4635 1314 4682 et
1340 4634 1546 4696 tempus
1573 4638 1826 4698 coarguat
1852 4645 1864 4681 :
1892 4629 1994 4682 illm

407 4725 594 4770 contra
615 4733 718 4771 non
743 4717 903 4771 modo
921 4725 1064 4781 sunt,
1097 4717 1190 4770 sed
1219 4717 1386 4770 firmae
1413 4732 1624 4786 quoque
1647 4728 1883 4772 manent.
1911 4718 1997 4773 Vi-

408 4810 534 4865 den‘
561 4809 702 4878 quod
731 4826 837 4864 non
861 4809 1019 4864 modo
1042 4808 1151 4864 duo
1183 4824 1279 4878 pro
1307 4809 1474 4876 nullo,
1527 4809 1624 4866 sed
1670 4811 1831 4866 etiam
1868 4812 1990 4879 tria,

409 4903 666 4971 quinque,
695 4910 853 4971 atque
881 4902 1017 4956 adeo
1041 4909 1290 4956 sexcenta
1318 4915 1415 4971 pro
1441 4901 1587 4956 nullo
1610 4916 1810 4971 ponere
1835 4912 1992 4973 pote-

414 4994 620 5048 rimus?
645 4994 796 5059 Quod
823 5004 878 5048 ut
903 4994 1152 5064 exemplo
1181 4993 1471 5065 intelligas,
1502 4995 1652 5050 dives
1678 4995 1768 5051 ille
1795 5011 1860 5051 ac
1887 4995 1991 5050 La-

411 5099 587 5148 zarus,
618 5083 708 5139 ille
737 5085 1039 5155 praesentia,
1084 5085 1168 5140 hic
1199 5084 1376 5141 futura
1411 5086 1666 5156 percepit.
1697 5089 1780 5140 An
1833 5101 1994 5154 porro

413 5191 576 5229 unum
601 5186 655 5230 et
684 5191 847 5229 unum
871 5192 990 5232 esse
1019 5178 1204 5231 statuis
1230 5192 1329 5248 per
1352 5191 1513 5233 omne
1544 5185 1756 5247 tempus
1776 5177 1948 5247 puniri
1978 5217 1994 5243 ,

414 5278 571 5338 atque
617 5269 681 5324 ad
712 5269 956 5340 exiguam
997 5271 1182 5326 horam
1223 5272 1365 5327 fame
1394 5270 1625 5328 vexari?
1680 5271 1733 5324 in
1780 5270 1994 5326 mortali

412 5375 635 5429 corpore
657 5371 933 5431 aegrotare,
958 5372 1011 5417 et
1038 5363 1090 5416 in
1112 5362 1401 5419 immortali
1421 5362 1674 5419 acerbum
1698 5362 1754 5417 in
1774 5361 1995 5417 modum

415 5456 535 5526 igne
559 5456 828 5510 cruciari?
879 5472 1042 5526 parvo
1071 5456 1161 5511 illo
1201 5460 1389 5514 morbo
1421 5459 1753 5528 perfunctum
1782 5499 1797 5523 ,
1838 5471 1994 5512 coro-

415 5547 527 5600 nari
556 5557 608 5602 et
637 5547 850 5601 aeternis
881 5557 1064 5619 postea
1089 5547 1293 5604 deliciis
1313 5549 1684 5604 circumfluere
1709 5566 1722 5613 ;
1751 5556 1843 5602 aut
1872 5555 1997 5618 post

415 5637 628 5694 brevem
674 5637 907 5695 fructum
936 5639 1278 5709 sempiternis
1308 5652 1496 5711 postea
1549 5640 1828 5710 suppliciis
1879 5649 1996 5692 tor-

416 5731 610 5803 queri?
633 5741 687 5789 et
713 5731 832 5804 quis
860 5731 975 5789 haec
1001 5731 1230 5790 dixerit?
1255 5733 1390 5801 Quid
1425 5735 1504 5788 vis
1532 5748 1792 5804 ponamus
1813 5732 1836 5784 ?
1856 5747 1990 5801 qua-

1185 287 1242 344 S.
1279 286 1558 344 JOANNIS
1594 285 2064 344 CHRYSOSTOMI
2105 287 2422 344 ARCHIEP.
2461 287 3001 345 CONSTANTINOP.
3560 292 3632 349 ια

2135 403 2408 457 litatemne
2447 417 2514 456 an
2543 401 2936 471 quantitatem?
2964 400 3203 455 ordinem
3239 400 3326 454 Dei
3365 412 3445 455 aut
3467 412 3633 458 senten-

2132 493 2255 546 tiam
2277 493 2344 547 de
2372 502 2597 563 utroque
2625 495 2785 548 latam
2805 494 2830 546 ?
2855 493 3141 562 Quousque
3164 493 3374 547 tandem
3399 495 3634 551 saraba-

2130 597 2248 635 rum
2283 583 2336 635 in
2357 597 2513 637 emno
2538 597 2752 652 semper
2777 598 2897 637 sese
2922 583 3274 637 volutantium
3303 584 3451 638 verba
3491 585 3633 655 loque-

2129 674 2254 728 mini
2271 674 2295 725 ‘f
2312 674 2496 744 Neque
2523 677 2665 730 enim
2688 676 2960 730 hominum
2984 677 3190 731 ratione
3217 676 3537 746 prteditorum
3557 688 3633 744 est,

2126 767 2380 834 animam,
2401 782 2521 837 quae
2547 768 2677 821 tanti
2705 767 2858 836 pretii
2885 775 2987 832 est,
3019 783 3115 836 pro
3137 783 3196 821 re
3216 768 3411 822 nullius
3433 771 3633 824 momenti

2128 859 2420 927 projicere,
2449 873 2571 913 cum
2609 866 2886 929 oporteret
2927 873 3024 928 pro
3055 861 3247 930 exiguo
3282 860 3458 915 labore
3492 861 3635 917 etclam

2123 960 2332 1017 capere.

2209 1037 2470 1093 Iudicium
2515 1041 2746 1109 futurum
2801 1041 3107 1096 horrendum
3155 1042 3269 1097 erit.
3319 1073 3391 1085 -—
3429 1043 3565 1099 Visne
3597 1055 3637 1099 ut

2121 1131 2336 1186 aliunde
2379 1140 2431 1187 te
2467 1132 2688 1188 doceam
2708 1173 2724 1197 ,
2758 1133 3082 1188 horrendum
3114 1134 3165 1189 in
3192 1135 3364 1190 altero
3390 1150 3492 1190 aevo
3516 1137 3638 1190 tribu-

2124 1221 2207 1274 nal
2234 1222 2398 1276 esse?
2425 1209 2776 1278 Conscientia:
2803 1233 2909 1293 tute
2928 1225 3146 1294 januam
3170 1226 3321 1294 aperi
3339 1267 3354 1290 ,
3382 1241 3442 1280 ac
3455 1226 3639 1292 judicent

2121 1311 2381 1367 inanimo
2409 1321 2501 1367 tuo
2539 1314 2682 1368 velut
2710 1329 2807 1383 pro
2858 1314 3106 1370 tribunali
3151 1316 3423 1372 sedentem
3460 1319 3636 1373 intuere.

2119 1405 2272 1472 Quod
2301 1405 2348 1460 si
2376 1415 2432 1460 tu
2451 1447 2466 1470 ,
2493 1406 2734 1475 quamvis
2762 1415 3092 1476 praepostero
3121 1407 3195 1461 tui
3223 1422 3406 1463 amore
3431 1409 3640 1473 allectus.

2119 1498 2346 1565 teipsom
2375 1496 2701 1552 condemnas
2723 1537 2741 1563 ,
2774 1512 2873 1553 nec
2915 1499 3149 1569 iniquam
3189 1502 3498 1556 sententiam
3535 1502 3641 1557 fem

2117 1591 2383 1654 sustines;
2430 1605 2498 1644 an
2545 1605 2650 1645 non
2678 1592 2845 1646 multo
2888 1591 3078 1662 majori
3112 1608 3254 1646 cura.»
3278 1592 3369 1662 jus
3410 1594 3508 1649 Deo
3531 1596 3641 1660 erit,

2118 1692 2276 1750 atque
2316 1682 2686 1750 incorruptum
2730 1681 2818 1737 ille
2860 1682 2929 1736 de
2965 1684 3214 1738 omnibus
3256 1683 3502 1752 judicium
3524 1685 3641 1751 feret,

2118 1786 2217 1825 nec
2245 1779 2446 1826 temere
2496 1771 2612 1826 haec
2642 1773 2820 1826 omnia
2851 1772 2981 1827 ferri
3029 1774 3208 1828 sinet?
3255 1773 3446 1844 Ecquis
3473 1774 3641 1828 tandem

2116 1862 2219 1917 hoc
2255 1862 2488 1917 dixerit?
2529 1863 2698 1919 Nemo
2725 1863 2963 1933 profecto
2992 1881 3005 1917 :
3039 1879 3162 1918 nam
3193 1873 3248 1919 et
3275 1864 3446 1920 Graeci
3471 1874 3521 1920 et
3553 1865 3645 1920 bar-

2116 1956 2259 2020 bari,
2289 1963 2348 2012 et
2373 1967 2543 2026 poeta:
2565 1967 2621 2012 et
2641 1956 2977 2028 philosophi,
3007 1965 3061 2012 et
3080 1972 3265 2012 omnes
3285 1958 3508 2028 denique
3529 1972 3642 2012 mor-
3744 1981 3745 1986 π

2117 2047 2249 2102 tales
2287 2047 2339 2102 in
2383 2048 2486 2104 hoc
2530 2048 2837 2112 nobiscum,
2862 2049 2963 2102 etsi
2988 2047 3190 2118 dispari
3235 2049 3428 2112 modo,
3456 2065 3643 2105 consen-

2117 2141 2255 2194 tiunt
2277 2181 2293 2206 ,
2325 2154 2388 2195 ac
2431 2139 2674 2210 quaedam
2716 2141 2770 2196 in
2814 2139 3002 2196 inferis
3036 2141 3323 2196 tribunalia
3351 2156 3467 2197 esse
3489 2143 3643 2196 aiunt:

2113 2248 2284 2303 usque
2321 2234 2456 2288 adeo
2486 2234 2765 2304 perspicua
2792 2241 2848 2289 et
2891 2234 3184 2290 indubitata
3221 2236 3337 2292 haec
3367 2253 3453 2294 res
3486 2245 3574 2292 est.
3600 2237 3647 2290 Et

2113 2341 2210 2380 cur
2229 2367 2244 2390 ,
2269 2326 2476 2395 inquies
2499 2367 2517 2391 ,
2552 2326 2694 2382 Deus
2719 2326 2807 2381 hic
2831 2341 2941 2381 non
2969 2329 3159 2396 punit“!
3183 2329 3448 2386 Nimirum
3482 2339 3534 2385 ut
3556 2331 3647 2383 lon-

2112 2419 2477 2489 ganimitatem
2507 2435 2658 2474 suam
2685 2419 2973 2487 ostendat,
3001 2421 3260 2492 nobisque
3303 2440 3400 2494 per
3423 2426 3647 2494 poenitea-

2117 2510 2242 2564 tiam
2292 2510 2431 2564 viam
2481 2510 2546 2564 ad
2593 2510 2820 2566 salutem
2863 2512 3107 2579 muniat,
3138 2527 3201 2568 ac
3245 2529 3353 2568 non
3384 2515 3646 2570 universum

2111 2601 2416 2656 mortalium
2465 2615 2634 2672 genus
2676 2600 2912 2657 funditus
2954 2602 3167 2669 deleat,
3211 2619 3418 2674 eosque
3462 2605 3544 2675 qui
3577 2620 3650 2675 per

2111 2693 2366 2762 optimam
2390 2693 2512 2748 vita:
2535 2692 2881 2748 mutationem
2901 2693 3124 2749 salutem
3145 2697 3405 2767 consequi
3424 2705 3648 2767 poterant,
3707 2761 3714 2772 I

2112 2786 2420 2856 priusquam
2453 2785 2518 2840 ad
2543 2799 2662 2840 eam
2692 2786 3040 2856 perveniant,
3067 2787 3134 2842 de
3160 2788 3340 2843 medio
3367 2790 3528 2844 tollat.
3546 2787 3650 2844 Nam

2110 2878 2155 2933 si
2201 2877 2269 2932 de
2299 2877 2532 2947 peccatis
2565 2877 2810 2956 homines
2859 2879 3140 2934 confestim
3190 2883 3366 2948 pinnis
3407 2898 3470 2938 ac
3514 2894 3650 2937 morte

2109 2969 2350 3026 afficeret
2369 3011 2385 3036 ,
2418 2969 2688 3040 quomodo
2720 2971 2946 3024 salutem
2977 2971 3270 3040 accepisset
3299 2973 3527 3040 Paulus,
3551 2988 3643 3044 quo

2109 3061 2269 3115 modo
2314 3060 2545 3126 Petrus,
2575 3061 2844 3130 principes
2869 3060 2979 3125 illi,
3021 3075 3082 3114 ac
3126 3061 3286 3116 totius
3326 3064 3474 3118 orbis
3515 3064 3648 3130 magi-

2107 3153 2246 3208 stri?
2271 3151 2541 3222 quomodo
2561 3153 2725 3208 David
2747 3153 2969 3207 salutem
2989 3169 3056 3209 ex
3082 3155 3397 3223 poenitentia
3420 3157 3650 3224 percepis.

2107 3247 2232 3302 set?
2273 3246 2542 3316 quomodo
2569 3245 2772 3302 Galatae
2794 3287 2810 3312 ,
2840 3247 3040 3317 aliique
3069 3247 3287 3318 plures?
3332 3248 3650 3314 Quamobrem

2108 3353 2209 3394 nec
2251 3338 2318 3393 ab
2345 3338 2672 3394 omnibusin
2705 3338 2804 3394 hac
2829 3338 2934 3393 vita
2981 3354 3168 3410 pinnas
3214 3341 3456 3410 expetit,
3498 3339 3580 3394 sed
3603 3353 3651 3394 ex

2107 3431 2358 3485 omnibus
2402 3430 2508 3485 illis
2556 3432 2738 3499 paucis
2791 3439 2996 3485 tantum
3045 3431 3308 3501 supplicia
3361 3433 3550 3493 infert;
3579 3446 3652 3484 nec

2105 3538 2292 3578 rursus
2319 3523 2370 3577 in
2399 3523 2570 3578 altero
2616 3540 2732 3576 ερνο
2762 3523 2831 3578 de
2858 3524 3107 3579 omnibus
3139 3539 3326 3594 pinnas
3356 3525 3548 3586 sumit,
3578 3521 3651 3577 sed

2103 3613 2174 3670 de
2201 3615 2322 3669 aliis
2365 3614 2484 3680 hic,
2515 3613 2583 3670 de
2609 3614 2726 3668 aliis
2767 3615 2874 3668 illic
2904 3633 2916 3670 :
2964 3625 3022 3668 ut
3047 3626 3102 3669 et
3133 3630 3228 3684 per
3251 3631 3353 3670 eos
3375 3657 3393 3682 ,
3423 3630 3550 3685 quos
3587 3615 3652 3666 hic

2106 3706 2324 3775 plectit,
2354 3705 2436 3760 vel
2463 3705 2860 3774 stupidissimos
2906 3705 3138 3771 excitet,
3169 3716 3223 3761 et
3253 3723 3362 3776 per
3392 3722 3516 3770 eos,
3544 3717 3652 3774 quos

2105 3798 2392 3867 impunitos
2413 3797 2560 3861 sinit,
2585 3796 2711 3850 illud
2737 3795 2935 3851 efficiat
2953 3838 2969 3864 ,
2999 3807 3055 3851 ut
3083 3797 3260 3853 futura
3284 3807 3650 3868 exspectemus.

2101 3892 2294 3946 Annon
2339 3888 2488 3944 vides
2519 3889 2802 3958 plerosque
2844 3888 2929 3942 hic
2972 3903 3155 3958 poenas
3193 3888 3367 3954 luere,
3399 3899 3454 3942 ut
3479 3902 3565 3941 eos
3583 3883 3653 3954 qui

2105 3983 2267 4036 turris
2288 3982 2443 4036 ruina
2469 3981 2711 4050 oppressi
2737 3988 2880 4039 sunt.
2910 3987 2967 4032 ut
2993 3995 3086 4033 eos
3107 3994 3338 4048 quorum
3373 3980 3653 4048 sanguinem

2103 4075 2303 4130 Pilatus
2329 4089 2451 4130 cum
2478 4072 2757 4128 sacrificiis
2783 4072 3135 4134 commiscuit,
3167 4080 3226 4126 ut
3253 4072 3559 4126 Corinthios
3579 4081 3654 4122 eos

2102 4166 2190 4235 qui
2222 4165 2291 4220 ob
2321 4165 2536 4234 indigne
2567 4172 2815 4234 percepta
2844 4163 3096 4234 mysteria
3125 4173 3503 4232 praematuram
3533 4176 3655 4217 mor-

2105 4267 2210 4310 tem
2256 4256 2544 4319 obicrunt,
2577 4262 2639 4319 ut,
2681 4252 3050 4317 Pharaonem,
3104 4261 3161 4306 ut
3207 4252 3463 4319 Judtcos,
3510 4251 3591 4322 qui
3631 4265 3654 4300 a

2104 4345 2344 4402 barbaris
2374 4343 2622 4400 trucidati
2657 4352 2780 4398 sunt
2801 4384 2817 4408 ,
2845 4351 2906 4398 ut
2936 4343 3218 4414 plerosque
3242 4343 3383 4399 alios
3405 4385 3422 4408 ,
3459 4353 3512 4399 et
3552 4353 3656 4398 tunc

2101 4447 2157 4494 et
2186 4454 2361 4504 nunc,
2389 4447 2443 4494 et
2469 4437 2768 4508 perpetuo?
2797 4437 3002 4494 Rursus
3047 4437 3136 4491 alii
3181 4435 3335 4491 multi
3361 4477 3378 4503 ,
3407 4437 3560 4490 nullis
3585 4434 3655 4486 hic

2101 4533 2366 4588 scelerum
2398 4531 2569 4601 poenis
2611 4531 2926 4600 persolutis,
2955 4546 2988 4585 e
3028 4531 3140 4585 vita»
3177 4530 3540 4586 discesserunt
3570 4545 3583 4583 :
3610 4537 3654 4579 ut

2103 4625 2250 4680 dives
2280 4625 2371 4679 ille
2399 4624 2588 4679 Lazari
2618 4632 2857 4693 tempore
2877 4665 2892 4687 ,
2921 4624 3118 4694 aliique
3144 4623 3477 4693 complures.

2172 4717 2228 4771 Δ.
2247 4715 2372 4770 Haec
2400 4730 2557 4784 porro
2579 4715 2700 4769 ideo
2716 4715 2857 4781 facit,
2877 4715 3070 4784 partim
3093 4717 3364 4786 uteosqui
3384 4715 3552 4770 futura
3569 4725 3653 4766 non

2103 4807 2329 4862 credunt
2365 4805 2592 4870 excitet;
2624 4804 2812 4872 partim
2837 4845 2851 4869 ,
2881 4814 2938 4858 ut
2957 4819 3085 4872 eos,
3112 4804 3202 4875 qui
3231 4805 3465 4861 credunt
3503 4817 3561 4857 ac
3581 4816 3649 4854 se-

2101 4898 2268 4970 gnitie
2293 4898 2534 4952 laborant
2559 4939 2574 4960 ,
2602 4896 2890 4967 diligentes
2917 4897 3128 4952 reddat.
3162 4897 3303 4953 Deus
3329 4898 3480 4953 enim
3506 4896 3655 4965 justus

2103 5001 2188 5046 cst
2229 4990 2395 5061 jutlex
2439 5000 2491 5044 et
2523 4989 2672 5048 fortis
2700 4999 2757 5044 et
2803 4989 3160 5060 longanimis,
3189 5003 3288 5043 nec
3319 5004 3420 5058 per
3445 4985 3655 5055 singulos

2103 5083 2220 5138 dies
2265 5083 2398 5138 iram
2446 5082 2668 5138 inducit.
2705 5081 2856 5149 Quod
2894 5082 2940 5136 si
2971 5081 3138 5152 ipsius
3161 5081 3557 5151 longanimitate
3583 5073 3655 5130 ab-

2104 5188 2351 5243 utamur,
2381 5177 2486 5230 erit
2525 5185 2766 5244 tempus,
2796 5189 2917 5228 cum
2944 5173 3052 5243 jam
3099 5189 3169 5229 ne
3213 5171 3424 5227 tantillo
3469 5167 3653 5240 quidem

2107 5282 2348 5339 tempore
2398 5265 2852 5336 longanimitatem
2900 5263 3209 5328 adhibebit,
3257 5278 3450 5318 verum
3502 5258 3653 5314 statim

2107 5375 2318 5432 poenam
2340 5358 2552 5414 inferet.
2580 5355 2660 5412 Ne
2689 5357 2868 5426 itaque
2893 5395 2910 5422 ,
2935 5355 3061 5410 dum
3083 5353 3151 5409 ad
3177 5354 3397 5409 unicum
3433 5353 3597 5407 nmine
3629 5373 3650 5384 -

2107 5464 2217 5506 tum
2247 5450 2525 5522 (momenti
2564 5449 2704 5504 enim
2733 5449 2902 5503 instar
2929 5455 3010 5503 est
3058 5446 3175 5503 hzec
3196 5446 3332 5515 vita)
3360 5442 3563 5501 deliciis
3587 5440 3650 5492 iu-

2106 5544 2326 5614 duigere
2375 5541 2618 5596 volumus
2647 5580 2666 5608 ,
2720 5539 3044 5595 infinitarum
3097 5537 3418 5593 sazculorum
3469 5539 3651 5604 penam

2109 5637 2264 5692 nobis
2301 5647 2676 5697 accersamus;
2709 5646 2896 5688 verum
2921 5631 2989 5687 ad
3015 5637 3342 5686 momentum
3377 5625 3551 5696 potius
3585 5619 3649 5672 la«

2110 5729 2392 5792 heremus,
2449 5732 2506 5780 ut
2558 5723 2828 5795 perpetuis
2875 5723 3089 5780 coronis
3142 5721 3441 5792 cingamur.
3488 5719 3653 5770 Annon
