3696 6212
53 241 103 296 63
999 244 1068 299 IN
1102 240 1325 300 EPIST.
1378 244 1419 299 ll
1458 245 1550 300 AD
1582 244 1743 303 COR.
1784 202 2020 306 HOM'IL.
2064 252 2155 310 IX.

53 360 104 413 ὒν
126 353 377 424 παρόντωνι
404 356 499 410 καὶ
520 358 618 411 οὐκ
643 358 1126 434 ἀναισχυντήσουσι
1147 366 1282 437 πρὸς
1310 367 1346 420 ἀ
1376 366 1505 438 μέλ-

54 468 76 503 ι)
101 448 263 515 λέγειν.
290 448 391 500 Kal
410 447 519 517 γὰρ
546 453 984 524 προμνηστρίαις
1017 456 1361 528 ἐπηράσαντο
1381 459 1511 513 πολ-

53 541 155 599 ίκις,
182 536 260 590 καὶ
277 540 333 609 τῇ
361 539 543 611 ἡμέρᾳ
566 542 685 594 καθ’
714 542 781 613 ἢν
802 544 1120 618 ἐπλάκησαν
1146 550 1203 602 αἱ
1219 552 1509 617 παστάδες,

53 632 84 682 nl
110 628 215 689 τοὺς
261 628 325 699 μὴ
370 634 758 703 γεγαμηκότας
790 638 1153 709 ἐμακάρισαν.
1213 643 1408 696 Πολλοὶ
1452 643 1509 697 δὲ

53 721 94 772 3v
107 718 236 782 νέων,
262 721 343 773 καὶ
379 722 551 792 παρὸν
581 725 778 789 αὐτοὺς
811 732 1029 798 γαμεῖν,
1071 731 1140 785 δι’
1155 733 1306 789 οὐδὲν
1325 735 1509 806 ἕτερον

53 815 347 887 ιρῃτήσαντο,
368 814 482 868 ἀλλ’
504 816 536 886 ῆ
561 817 649 870 διά
669 819 730 871 τὸ
750 823 1006 893 φορτικὸν
1030 824 1124 877 τοῦ
1160 826 1507 897 πράγματος.

53 912 91 965 xl
122 908 267 962 ταῦτα
296 909 453 979 λέγω,
516 913 577 965 06
606 914 697 966 16v
728 916 904 987 γάμον
956 918 1259 975 διαϐάλλων
1307 923 1509 993 (τίμιος

54 1002 123 1074 πρ),
150 1000 267 1055 ἀλλά
290 1002 408 1066 τοὺς
432 1004 620 1068 κακῶς
667 1007 815 1079 αὐτῷ
846 1012 1242 1083 κεχρημένους.
1276 1016 1339 1069 Εί
1367 1016 1424 1070 δὲ
1455 1018 1506 1070 οί

57 1110 163 1164 μοις
181 1092 496 1168 ὡμιληκότες
530 1096 760 1152 ἀϐίωτον
794 1101 1054 1168 πολλάκις
1074 1104 1166 1157 τὸν
1196 1104 1310 1175 βίον
1326 1106 1508 1177 ἐνόμι-

53 1203 90 1249 ν,
124 1182 173 1237 τί
200 1184 259 1238 ἂν
288 1186 529 1256 εῐποιμεν
557 1190 685 1261 περὶ
729 1192 836 1244 τῶν
867 1194 947 1257 είς
980 1195 1217 1265 πορνικά
1259 1197 1508 1270 βάραθρα

53 1274 495 1345 τενεχθέντων,καὶ
521 1282 721 1345 παντὸς
748 1284 1089 1355 αἰχμαλώτου
1119 1288 1507 1360 δουλικώτερον

53 1366 113 1437 l2]
124 1367 208 1419 καὶ
218 1366 428 1421 ἀθλιώτε
438 1386 527 1439 ρον
542 1370 893 1426 διατεθέντων
908 1390 922 1439 ;
935 1376 987 1427 τί
1003 1393 1069 1428 πε
1078 1378 1131 1446 pl
1142 1377 1251 1431 τῶν
1262 1379 1319 1431 ἐν
1330 1382 1504 1451 τρυφῇ

53 1458 379 1523 τασαπέντων,
398 1462 493 1514 κα)⁸
525 1462 691 1533 μυρία
740 1465 818 1535 τῷ
850 1466 1059 1538 σώματι
1087 1470 1368 1541 νοσήματα
1408 1490 1506 1526 πε-

54 1547 371 1618 ἐϐληκότων;
402 1551 561 1606 Ἀλλά
589 1555 650 1607 τὸ
683 1557 742 1609 ὲν
761 1557 883 1630 δόξῃ
908 1555 1045 1614 εἶναι
1064 1560 1181 1631 ἡδύ.
1208 1562 1376 1617 Οὐδὲν
1407 1565 1506 1635 μὲν

80 1636 269 1707 ταύτης
286 1640 379 1709 τῆς
404 1641 643 1707 δουλείας
662 1659 689 1686 a
723 1649 1069 1720 πικρότερον.
1098 1653 1208 1707 Καὶ
1230 1654 1338 1726 γὰρ
1368 1657 1505 1709 πάν-

53 1748 67 1777 θ
94 1727 423 1799 ἀνδραπόδων
450 1735 647 1802 μᾶλλόν
676 1738 791 1791 ἐστι
821 1741 1206 1814 δουλικώτερος
1235 1747 1263 1799 6
1295 1747 1507 1802 κενόδο-

53 1836 121 1882 ος,
171 1823 258 1875 καὶ
283 1826 392 1886 τοῖς
442 1827 691 1896 τυχοῦσιν
730 1832 929 1902 ἀρέσαι
981 1835 1321 1907 βουλόμενοςο
1384 1843 1413 1895 ὀ
1450 1841 1507 1895 66

57 1929 152 2006 την
178 1918 580 1987 καταπατήσας,
616 1921 834 1976 πάντων
867 1926 1014 1980 ἐστὶν
1048 1930 1337 2002 ἀνώτερος,
1362 1934 1391 1985 6
1431 1933 1506 2006 μὴ

53 2000 240 2095 ντίζων
266 2004 363 2074 τῆς
389 2011 519 2077 παρ’
548 2010 749 2081 ἐτέρων
779 2014 954 2085 δόξης.
994 2019 1152 2075 Ἀλλὰ
1166 2000 1506 2095 τὸήχρήματα

54 2110 99 2185 ν,
120 2093 430 2185 ἐπέραστον.
472 2099 630 2154 Ἀλλά
652 2104 910 2172 πολλάκις
936 2093 1318 2185 ἀπεδείξαμεν,
1340 2093 1425 2170 δτι
1445 2118 1504 2173 ὲν

53 2183 148 2279 ἴονι
162 2184 375 2279 ’πλούτῳ
404 2191 498 2243 καὶ
538 2192 722 2246 ἀνέσει
779 2199 828 2249 οί
854 2199 1059 2256 τούτων
1094 2183 1504 2279 ἀπηλλαγμένοι

53 2276 217 2370 μηδέν
248 2277 480 2370 ἔχοντες,
534 2286 734 2354 μᾶλλόν
782 2290 941 2345 είσιν.
979 2294 1138 2351 Ἀλλά
1166 2298 1228 2351 τὸ
1282 2276 1503 2370 μεθύειν

86 2367 198 2461 καὶ
228 2368 311 2461 τίς
348 2370 413 2424 ἂν
433 2373 575 2427 ετποι
600 2376 784 2444 τοῦτο;
814 2382 1023 2437 Ούκοῦν
1052 2388 1102 2439 εί
1136 2389 1198 2441 16
1232 2367 1305 2461 μῆ
1341 2392 1504 2446 πλου-

62 2457 159 2511 τοῦ
188 2460 436 2517 πλουτεῖν
462 2466 629 2535 ἥδιον,
648 2471 741 2524 καὶ
765 2473 824 2525 16
850 2474 924 2545 μὴ
945 2481 1141 2548 γαμεῖν
1167 2457 1262 2535 τού
1281 2457 1499 2556 γαμεῖν,

53 2552 111 2604 τὸ
132 2554 524 2654 μὴ-κενοδοξεῖν
665 2566 982 2634 κενοδοξεῖν,
1003 2572 1174 2627 καὶτὸ
1192 2578 1266 2648 μὴ
1290 2552 1501 2654 τρυφᾷν

53 2647 284 2745 ερυφᾷν·
310 2649 402 2701 καὶ
425 2652 659 2708 ἐνταῦθα
686 2655 746 2708 τὸ
778 2658 938 2714 πλέον
974 2659 1191 2734 ἔχουσιν
1208 2670 1257 2720 οί
1288 2647 1363 2741 μὴ
1386 2647 1500 2737 τοῖς

53 2743 162 2789 ιυσι
219 2743 653 2813 προσηλωμένοι.
690 2750 799 2804 Καὶ
822 2751 972 2808 οὔπω
998 2756 1158 2827 λέγω,
1189 2761 1271 2814 ὅτι
1296 2764 1501 2830 ἐκεῖνος

77 2830 451 2928 κᾶν-μυρίαις
503 2837 758 2906 βασάνοις
800 2848 1200 2921 κατατείνηται,
1260 2853 1371 2925 ἔχει
1403 2856 1501 2928 τὴν

54 2920 164 2989 τὴν
196 2921 388 2976 ἐλπίδα
411 2925 871 2994 διαϐαστάζουσαν
907 2920 1089 2994 αύτόνλ
1142 2920 1377 3007 οὖτος-δέ
1398 2920 1502 3003 κάν

53 3027 118 3072 ας
148 3011 406 3105 ἀπολαύῃ
435 3019 665 3090 τρυφῆς,
706 3022 820 3093 ἔχει
850 3027 939 3080 τὸν
960 3030 1123 3096 φόϐον
1156 3034 1250 3087 τοῦ
1281 3038 1502 3105 μέλλον-

55 3104 473 3174 πιταράττοντα
504 3111 669 3165 αὐτοῦ
706 3116 807 3186 τὴν
841 3119 1035 3191 ἡδονὴν
1061 3125 1154 3178 καὶ
1181 3104 1497 3199 συγχέοντα.

53 3192 165 3287 γάρ
198 3197 297 3248 καὶ
324 3192 478 3263 οὗτος
517 3203 578 3255 06
621 3207 818 3277 μικρὸς
841 3212 1040 3281 τρόπος
1069 3192 1364 3287 κολάσεως,
1392 3222 1501 3276 ῶσ-

53 3279 141 3386 ›ὗν
176 3287 209 3338 6
237 3288 500 3386 ἐναντίος,
529 3297 741 3367 τρυφῆς
767 3302 862 3354 καὶ
881 3279 1140 3372 ἀνέσεως.
1174 3312 1281 3366 Kal
1317 3279 1500 3386 τρίτος

56 3376 136 3430 τά
162 3378 382 3435 τούτων
416 3385 531 3438 ἐστὶ
551 3389 768 3458 τρόπος.
786 3394 944 3459 Ποῖος
970 3398 1028 3451 δὲ
1057 3395 1239 3473 0610;;
1281 3376 1401 3461 Ὅτι
1430 3376 1499 3465 τά

61 3470 177 3539 τῆς
226 3474 595 3569 τρυφῆςῗτῆς
659 3481 937 3557 βιωτικῆς,
991 3491 1111 3546 0666
1158 3470 1321 3565 ἡνίκα
1358 3501 1494 3569 ἐστὶ,

53 3578 183 3661 ται,
217 3566 290 3661 τῇ
322 3582 382 3661 τε
414 3568 570 3636 φύσει
618 3574 712 3626 καὶ
770 3577 848 3647 τῷ
907 3581 1089 3654 χρόνῳ
1143 3566 1493 3661 ἐλεγχόμεναλ

53 3671 73 3706 ι
97 3654 175 3753 δὲ
203 3656 283 3753 οὐΔ
304 3659 466 3753 μόνον
517 3665 688 3731 ἐστὶν,
737 3668 873 3724 ἀλλά
902 3674 996 3726 καὶ
1025 3654 1303 3748 ἀκίνητα,-
1321 3654 1493 3753 μένει.

54 3766 70 3846 ν.
91 3748 193 3802 ὅτι
224 3749 293 3802 06
329 3751 423 3805 660
453 3754 567 3807 ἀντ’
594 3757 804 3823 οὐδενὸς
838 3762 1014 3831 μόνον,
1037 3766 1175 3821 ἀλλά
1200 3774 1295 3825 καὶ
1322 3748 1494 3846 ῄτρία,

53 3840 212 3906 ἔντε,
240 3843 341 3895 καὶ
372 3844 521 3911 δέκα,
537 3850 632 3901 καῖ
654 3851 847 3916 εἴκοσι,
898 3856 993 3909 καὶ
1015 3860 1184 3927 μυρία
1209 3862 1323 3915 ἀντ’
1346 3840 1496 3918 ούδεέ

54 3933 372 4004 νησόμεθα
388 3936 555 3992 θεῖναι
577 3958 591 4005 ;
617 3943 732 3996 Ἵνα
748 3945 805 3997 66
830 3948 923 4000 ἐπὶ
950 3950 1168 4020 ύποδείγ
1179 3971 1346 4023 ματος
1365 3959 1496 4013 αὐτὸ

64 4024 308 4097 μάθῃς,
336 4030 365 4081 6
383 4029 634 4095 πλούσιος
678 4036 770 4089 καὶ
796 4040 823 4090 6
849 4039 1117 4111 Λάζαρος,
1149 4046 1177 4097 6
1232 4048 1331 4116 μὲν
1384 4050 1494 4103 τῶν

53 4136 211 4215 τιονί
241 4121 274 4172 6
303 4122 363 4215 δὲ
385 4124 493 4177 τῶν
529 4128 829 4196 μελλόντων
877 4135 1215 4195 ἀπέλαυσαν.
1248 4138 1376 4215 ’Ἆρ’
1399 4142 1493 4200 οὖν

53 4212 143 4261 ιεῖ
175 4210 252 4264 ἓν
280 4207 533 4268 εἶναικαὶ
563 4217 641 4285 ἒν,
666 4220 728 4273 τὸ
756 4224 814 4275 ἐν
852 4226 1015 4281 παντὶ
1045 4228 1122 4297 τῷ
1178 4207 1354 4303 χρόνῳ
1403 4253 1495 4290 κο-

54 4319 168 4391 ιοιι,
193 4302 306 4355 καὶ
340 4305 401 4358 τὸ
428 4308 486 4359 έν
518 4308 745 4384 βραχείᾳ
771 4313 889 4386 ὥρα
911 4322 1131 4391 πεινῇν;
1157 4323 1217 4376 16
1242 4302 1414 4382 νοσεῖν
1436 4330 1493 4382 ὲν

53 4390 409 4491 ’ῥᾼσώματ-ι,
440 4400 535 4451 καὶ
562 4401 623 4453 16
652 4405 709 4455 ἐν
732 4404 984 4478 ἀθανάτῳ
1014 4390 1267 4480 χαλεπῶς
1285 4417 1492 4491 ἀποτη-

53 4483 259 4550 σοαι;
326 4487 390 4540 τὸ
423 4493 818 4559 στεφανοῦσθαι
852 4500 943 4552 καὶ
982 4506 1194 4574 τρυφᾷν
1246 4483 1492 4564 ἀθάνατα

53 4575 155 4645 τὴν
180 4578 419 4668 ,μικρὰν
446 4581 759 4653 ἀρρωστίαν
812 4590 1048 4660 ἐκείνην,
1097 4595 1192 4649 καὶ
1234 4597 1297 4650 τὸ
1321 4598 1489 4668 βασα-

53 4684 106 4718 ιι
157 4666 481 4739 ἀπέραντα
512 4673 650 4741 μετά
716 4676 811 4747 τὴν
860 4678 1117 4751 βραχεῖαν
1172 4685 1280 4739 τῶν
1321 4666 1489 4745 ὀντων

54 4775 185 4849 ισιγ
206 4776 229 4823 ;
289 4759 392 4813 καὶ¹
436 4762 519 4826 τίς
539 4763 605 4816 ἂν
636 4767 810 4821 ταῦτα
854 4772 1028 4840 etnon;
1086 4776 1150 4829 Τί
1177 4778 1286 4849 γὰρ
1311 4781 1487 4849 βούλει

53 4866 66 4913 ;
98 4848 248 4919 τὴν
286 4851 586 4922 ποσότητα,
609 4855 707 4927 τὴν
760 4861 1041 4931 ποιότητα,
1071 4867 1171 4937 τὴν
1197 4848 1354 4935 τάξιν
1391 4873 1486 4926 τοῦ

54 4940 197 5011 τὴν
238 4942 383 5012 περὶ
414 4943 673 5017 ἑκάτερον
712 4948 928 5020 ψῆφον;
976 4954 1155 5027 Μέχρι
1212 4942 1355 5026 τίνος
1417 4964 1486 5018 τὰ

53 5031 530 5126 ουν-φθέγγεσθε
556 5040 795 5107 ῥήματα,
816 5042 923 5096 τῶν
941 5045 1017 5117 τῷ
1038 5047 1282 5124 βορϐόρῳ
1305 5054 1485 5126 διηνε-

53 5124 593 5195 καλινδουμένων;
649 5133 782 5186 Οὐδὲ
808 5135 914 5206 γὰρ
965 5139 1266 5213 ἀνθρώπων
1310 5124 1486 5204 ταύτα

53 5236 97 5282 ι,
150 5215 377 5285 ψυχὴν
404 5218 544 5272 οὕτω
576 5222 759 5290 τιμίαν
786 5228 901 5280 ἀντ’
933 5231 1145 5298 οὐδενὸς
1200 5240 1481 5309 προέσθαι,

54 5310 215 5375 ἰγου
258 5308 433 5361 πόνου
460 5311 585 5374 τοὺς
611 5313 874 5385 οὐρανοὺς
902 5319 1101 5380 λαϐεῖν.

53 5455 99 5489 ;ι
154 5451 253 5488 σε
289 5437 391 5490 καὶ
414 5439 677 5512 ἑτέρωθεν
698 5445 911 5518 διδάξω,
951 5451 1031 5505 ὅτι
1062 5453 1205 5509 ἔστιν
1223 5459 1341 5512 ἐκεῖ
1364 5457 1483 5532 x9}.-

54 5635 281 5683 (ratur
320 5633 486 5693 ταύτης
506 5637 653 5697 δόξης.

3093 265 3197 320 164

1611 368 1801 438 τήριον
1832 370 2097 442 φοϐερόν;
2140 371 2387 437 Ἀνοιξόν
2434 390 2533 427 σου
2569 376 2668 440 τὰς
2701 376 2872 449 θύρας
2928 378 3024 433 τοῦ
3067 398 3196 435 συν-

1611 460 1834 523 ειδότος,
1864 464 1962 515 καλ⁸
2002 463 2165 532 βλέπε
2194 461 2286 516 τὸν
2314 465 2373 516 ἐν
2408 468 2476 535 τῇ
2514 466 2723 539 διανοίᾳ
2761 487 2856 522 σου
2883 471 3195 542 καθήμενον

1608 550 1887 622 δικαστήν.
1922 554 1983 606 El
2039 554 2097 607 66
2127 555 2191 607 σὺ
2244 555 2439 609 σαυτὸν
2499 560 2868 629 κατακρίνεις,
2929 563 3192 631 καίτοιγε

1610 639 1866 708 φίλαυτος
1895 640 1992 706 ὢν,
2021 644 2117 696 καὶ
2147 645 2247 697 οὐκ
2290 645 2357 698 ἂν
2408 646 2665 717 ἀνάσχοιο
2711 650 2786 719 μὴ
2816 649 3033 704 δικαίαν
3091 653 3191 723 τὴν

1608 732 1790 801 κρίσιν
1809 733 2071 801 ἐνεγκεῖν
2128 736 2189 787 o6
2250 735 2432 805 πολλῷ
2486 738 2686 807 μᾶλλον
2727 741 2755 793 6
2796 739 2927 803 Θεὸς
2988 741 3191 812 πολλὴν

1607 822 1894 891 ποιήσεται
1910 822 2005 876 τοῦ
2032 824 2242 877 δικαίου
2280 825 2556 897 πρόνοιαν,
2616 830 2712 883 καὶ
2750 831 2849 900 τὴν
2883 831 3185 887 ἀδέκαστον

1607 929 1673 965 πε
1683 914 1735 983 pl
1765 914 1982 970 πάντων
1998 916 2134 968 οῖσει
2157 916 2357 987 ψῆφον,
2379 918 2495 973 ἀλλ’
2519 920 2708 984 ἁπλῶς
2727 923 2823 975 καὶ
2852 923 2977 993 είκῆ
3008 924 3185 977 πάντα

1607 1006 1867 1075 φέρεσθαι
1891 1007 2081 1074 ἐάσει;
2114 1009 2224 1061 Kal
2248 1010 2333 1073 τίς
2368 1009 2437 1064 ἂν
2463 1010 2638 1065 ταῦτα
2678 1012 2857 1078 etnon;
2899 1014 3012 1066 Οὐκ
3036 1014 3182 1066 ἐστιν

1606 1098 1800 1163 οὐδείς’
1823 1098 1962 1152 ἀλλά
1988 1101 2083 1154 καὶ
2113 1101 2371 1173 ’Έλληνες
2394 1104 2489 1157 καὶ
2513 1103 2803 1176 βάρϐαροι,
2843 1106 2938 1159 καὶ
2960 1106 3181 1174 ποιηταὶ

1607 1191 1700 1242 καὶ
1726 1190 2029 1259 φιλόσοφοι,
2074 1191 2168 1244 καὶ
2200 1194 2308 1245 πᾶν
2337 1193 2639 1264 ἀνθρώπων
2670 1195 2825 1262 γένος
2863 1192 3180 1265 συμφωνοῦ-

1610 1297 1694 1333 σιν
1719 1283 1776 1333 ἐν
1814 1284 2025 1346 τούτοις
2064 1285 2227 1354 ἡμῖν,
2300 1282 2448 1356 [505]
2492 1288 2539 1339 εί
2572 1288 2768 1357 καὶμὴ
2797 1287 3033 1357 ὁμοίως,
3083 1286 3178 1340 καί

1606 1388 1770 1438 φασιν
1813 1368 1953 1425 εἷναί
1985 1390 2107 1427 τινα
2136 1374 2463 1447 δικαστήρια
2518 1377 2575 1430 ἐν
2601 1377 2749 1449 ξιδου⁹
2782 1378 2924 1431 οὔτω
2944 1379 3177 1448 φανερὸν

1607 1467 1698 1518 καὶ
1717 1465 2139 1537 ὡμολογημένον
2158 1467 2220 1520 τὺ
2249 1469 2487 1540 πρᾶγμά
2510 1471 2645 1524 ἐστι.
2671 1471 2782 1524 Kal
2813 1471 2957 1534 τίνος
2987 1471 3177 1523 ἕνεκεν

1605 1557 1704 1609 οὐκ
1732 1556 1966 1611 ἐνταῦθα
1996 1558 2240 1627 κολάζεις
2267 1562 2452 1631 φησίν.
2508 1562 2627 1616 Ἵνα
2663 1563 2762 1632 τὴν
2804 1562 3177 1633 μακροθυμίαν

1605 1650 1937 1720 ἐπιδείξηται
1970 1651 2071 1721 τὴν
2101 1652 2290 1718 αὑτοῦ,
2348 1654 2443 1707 καὶ
2498 1654 2597 1725 τὴν
2630 1656 2694 1707 ἐκ
2727 1655 3009 1726 μετανοίας
3044 1657 3177 1725 ἡμῖν

1604 1741 1863 1812 παράσχῃ
1928 1741 2223 1812 σωτηρίαν,
2277 1744 2371 1795 καὶ
2431 1742 2506 1813 μὴ
2544 1745 2666 1797 τότε
2716 1744 2776 1797 τὸ
2805 1745 2960 1813 γένος
3019 1745 3176 1815 ἡμῶν

1604 1831 1957 1901 ἀνάρπαστον
1991 1831 2317 1901 ἐργάσηται,
2340 1831 2464 1895 τούς
2500 1851 2559 1885 τε
2598 1836 2663 1887 ἐκ
2710 1834 3013 1905 μεταϐολῆς
3051 1835 3174 1905 ἀρί-

1606 1941 1739 1993 στης
1759 1924 2089 1995 δυναμένους
2135 1924 2372 1993 σωθῆναι
2416 1926 2490 1995 μὴ
2515 1926 2901 1997 προεξαρπάσῃ
2942 1927 3042 1995 τῆς
3074 1942 3177 1978 σω-

1602 2016 1817 2087 τηρίας.
1841 2018 1903 2069 Εἰ
1931 2016 2037 2087 γὰρ
2062 2016 2265 2078 εὐθέως
2285 2016 2508 2079 ἐκόλαζε
2532 2017 2683 2088 παρά
2710 2018 2777 2070 τὰ
2804 2018 3176 2087 ἁμαρτήματα

1602 2109 1697 2162 καὶ
1724 2109 1935 2180 ἀνῄρει,
1969 2109 2085 2172 πῶς
2134 2109 2201 2163 ἂν
2240 2107 2417 2181 ἐσώθη
2454 2108 2684 2173 Παῦλος,
2710 2109 2825 2172 πῶς
2847 2109 2903 2162 δὲ
2948 2110 3171 2179 Πέτρος,

1601 2201 1651 2253 οι
1694 2202 1979 2270 κορυφαῖοι
2015 2201 2114 2271 τῆς
2160 2200 2485 2270 οἰκουμένης
2518 2199 2861 2265 διδάσκαλοι;
2908 2200 3026 2263 πῶς
3053 2198 3118 2252 ἂν
3145 2201 3175 2253 6

1600 2283 1761 2337 Δαυῖδ
1788 2284 1889 2354 τὴν
1911 2283 2019 2338 ἀπὸ
2040 2285 2140 2355 τῆς
2167 2284 2453 2356 μετανοίας
2476 2283 2835 2354 ἐκαρπώσατο
2868 2285 3172 2354 σωτηρὶαν;

1599 2372 1718 2437 πῶς
1764 2374 1812 2426 οί
1843 2373 2116 2440 Γαλάται;
2169 2374 2287 2437 πῶς
2310 2374 2761 2446 έτεροιπλείους;
2798 2374 2897 2427 Διά
2920 2390 3001 2426 τοι
3018 2374 3176 2427 τοῦτο

1597 2462 1721 2516 οὔτε
1752 2461 1960 2524 πάντας
1997 2460 2230 2515 ἐνταῦθα
2298 2463 2517 2515 ἀπαιτεῖ
2548 2462 2747 2526 δίκας,
2807 2461 2921 2516 ἀλλ’
2963 2464 3030 2516 ἐκ
3064 2461 3175 2515 τῶν

1540 2554 1544 2557 ’
1598 2552 1817 2606 πάντων
1859 2551 2057 2616 ἐνίους,
2089 2550 2212 2605 οὔτε
2244 2554 2361 2605 ἐκεῖ
2394 2553 2623 2617 πάντας,
2672 2552 2807 2607 ἀλλά
2830 2553 2923 2607 τὸν
2951 2554 3053 2624 μὲν
3083 2554 3175 2606 ἐν·

1598 2642 1791 2709 ταῦθα,
1816 2642 1908 2696 τὸν
1934 2642 1992 2695 δέ
2017 2643 2154 2707 ἐκεῖ,
2200 2642 2291 2695 ἵνα
2337 2644 2436 2696 καὶ
2482 2644 2610 2707 τοὺς
2659 2644 2865 2715 σφόδρα
2915 2642 3175 2713 ἀναισθή-

1600 2752 1723 2797 τους
1779 2734 2023 2807 διεγείρῃ
2070 2734 2137 2787 δι’
2195 2727 2271 2789 ὧν
2324 2733 2577 2799 κολάζει,
2645 2734 2741 2788 καὶ
2787 2733 2857 2787 τὰ
2913 2734 3173 2804 μέλλοντα

1600 2826 1906 2898 προσδοκᾷν
1938 2827 2142 2896 ποιήσῃ
2185 2826 2251 2878 δι’
2294 2818 2368 2879 ὧν
2402 2826 2462 2877 06
2509 2824 2744 2888 κολάζει.
2786 2826 2857 2877 ’Ὴ
2888 2825 2983 2894 οὑχ
3042 2826 3172 2896 ὁρᾷς

1597 2916 1833 2972 ἐνταῦθα
1883 2915 2282 2987 κολαζομένους
2330 2915 2578 2980 πολλοὺς,
2630 2910 2739 2969 οἷον
2792 2914 2867 2978 ὡς
2920 2916 3045 2979 τοὺς
3094 2914 3174 2985 τῷ

1598 3009 1793 3079 πύργῳ
1826 3007 2299 3077 καταχωσθέντας,
2334 3006 2410 3069 ὡς
2443 3005 2682 3069 ἐκείνους
2711 2999 2786 3060 ὧν
2820 3006 2882 3059 τὸ
2900 3001 3037 3075 αἷμα
3053 3008 3172 3069 ταῖς

1599 3099 1811 3163 θυσίαις
1856 3097 2109 3168 ἀνέμιξεν
2145 3100 2173 3151 6
2200 3098 2452 3162 Πιλᾶτος,
2479 3097 2555 3160 ὠς
2593 3098 2720 3159 τοὺς
2760 3096 2923 3167 ἀώρῳ
2957 3095 3172 3166 θανάτῳ

1598 3191 1749 3262 παρὰ
1775 3190 2082 3261 Κορινθίοις
2134 3190 2557 3260 τελευτήσαντας
2584 3188 2680 3242 διὰ
2718 3189 2780 3242 16
2810 3188 2917 3241 τῶν
2968 3206 3172 3258 μυστη-

1599 3284 1730 3355 ρίων
1760 3282 1995 3347 ἀναξίως
2055 3284 2374 3352 μετασχεῖν,
2431 3282 2507 3345 ὡς
2553 3282 2644 3336 τὸν
2673 3280 2892 3352 Φαραὼ,
2941 3281 3017 3344 ώς
3063 3282 3172 3335 τῶν

1597 3375 1865 3430 Ἰουδαίων
1892 3375 2019 3438 τοὺς
2043 3375 2145 3427 ὑπὸ
2160 3375 2268 3427 τῶν
2295 3374 2588 3445 βαρϐάρων
2614 3374 3172 3442 κατασφαγέντας,ώς

1596 3466 1814 3536 ἐτέρους
1836 3464 2085 3527 πολλοὺς,
2100 3464 2193 3517 καὶ
2216 3465 2338 3517 τότε
2368 3464 2462 3516 καὶ
2491 3463 2584 3516 νῦν
2624 3464 2717 3517 καὶ
2748 3465 3009 3534 διηνεκῶς
3027 3481 3042 3530 ;
3062 3467 3171 3519 Kal

1594 3557 1770 3627 ἕτεροι
1794 3555 1850 3609 66
1878 3554 2049 3608 πολλά
2063 3556 2421 3626 ἁμαρτόντες,
2475 3555 2717 3625 ἀπῆλθον
2775 3555 2850 3627 μὴ
2880 3556 3059 3620 δόντες
3086 3558 3173 3609 ἐν-

1592 3644 1770 3697 ταῦθα
1797 3642 1973 3712 δίκηνο
2026 3644 2101 3708 ὡς
2130 3646 2158 3697 6
2190 3644 2448 3709 πλούσιος
2478 3646 2507 3697 ὀ
2542 3646 2634 3698 ἐπὶ
2662 3645 2757 3699 τοῦ
2788 3646 3065 3718 Λαζάρου,
3094 3647 3171 3712 ὡς

1594 3735 1771 3801 ἕτεροι
1805 3731 2009 3786 πολλοί.

1663 3826 1724 3880 6’.
1744 3825 1930 3879 Ταῦτα
1955 3827 2009 3880 66
2027 3827 2185 3893 ποιεῖ,
2209 3826 2303 3880 καὶ
2322 3826 2447 3889 τοὺς
2458 3826 2871 3890 διαπιστοῦντας
2894 3830 3007 3891 τοῖς
3032 3827 3164 3897 μέλ-

1592 3919 1743 3972 λουσι
1767 3918 2070 3990 διεγείρων,
2104 3920 2199 3972 καὶ
2229 3919 2355 3981 τοὺς
2376 3918 2737 3983 πιστεύοντας
2760 3920 2853 3974 καὶ
2871 3920 3171 3991 ῥᾳθυμοῦν-

1591 4027 1686 4072 τας
1719 4007 2164 4077 σπουδαιοτέρους
2186 4006 2374 4060 ποιῶν.
2397 4007 2455 4058 '0
2471 4006 2579 4076 γὰρ
2597 4006 2729 4070 Θεὸς
2753 4004 2943 4077 κριτὴς
2966 4004 3170 4069 δίκαιος

1593 4102 1686 4153 καὶ
1715 4098 1934 4170 ἰσχυρὸς
1964 4100 2056 4151 καὶ
2092 4097 2464 4168 μακρόθυμος,
2502 4099 2594 4150 καὶ
2636 4096 2708 4168 μὴ
2737 4097 2904 4168 ὀργὴν
2950 4097 3170 4164 ἐπάγων

1592 4193 1712 4247 καθ’
1745 4192 1983 4263 ἑκάστην
2030 4189 2271 4262 ἡμέραν.
2300 4192 2397 4243 Ἂν
2425 4190 2482 4243 66
2504 4193 2569 4261 τῇ
2605 4189 2955 4260 μακροθυμίᾳ
2988 4206 3168 4259 παρα-

1590 4281 1948 4352 χρησώμεθα,
1988 4281 2141 4334 ἔσται
2181 4280 2391 4352 καιρὸς,
2423 4282 2511 4333 ὅτε
2540 4280 2659 4332 0666
2685 4280 2857 4351 βραχὺ
2893 4280 3167 4349 μακροθυ-

1594 4375 1759 4444 μήςει
1779 4373 1983 4437 λοιπὸν,
2020 4372 2134 4424 ἀλλ’
2168 4372 2369 4435 εὐθέως
2400 4371 2589 4437 ἐπάξει
2618 4372 2716 4442 τὴν
2744 4372 2919 4440 δίκην.
2944 4371 3034 4440 Μὴ
3054 4371 3166 4423 τοί-

1590 4483 1705 4528 νυν,
1731 4465 1817 4517 ῖνα
1848 4464 1975 4534 μίαν
2003 4464 2174 4534 ῥοπὴν
2202 4465 2566 4534 τρυφήσωμεν
2586 4461 2761 4535 (τοῦτο
2792 4462 2900 4533 γάρ
2928 4464 2955 4514 6
2978 4460 3167 4530 παρὼν

1590 4556 2008 4627 βίος),ἀπείρων
2037 4553 2247 4607 αἰώνων
2266 4552 2698 4623 ἐπισπασώμεθα
2728 4554 2968 4616 κόλασιν,
3030 4552 3167 4606 ἀλλά

1590 4646 1761 4717 ῥοπὴν
1792 4646 2136 4715 πονήσωμεν,
2165 4644 2251 4697 ἵνα
2281 4643 2543 4715 διηνεκῶς
2567 4643 3017 4713 στεφανωθῶμεν.
3052 4643 3163 4712 Οὐχ

1585 4739 1768 4808 ὁρᾶτε,
1799 4737 1991 4790 ὃτικαὶ
2027 4738 2084 4790 ἐν
2112 4738 2224 4798 τοῖς
2256 4735 2527 4805 βιωτικοῖς
2544 4735 2716 4799 οὔτως
2743 4736 2791 4787 οί
2827 4733 3161 4796 πλείουςτῶν

1586 4827 1886 4899 ἀνθρώπων
1925 4828 2157 4891 ποιοῦσι,
2188 4829 2393 4881 καὶτὸν
2444 4828 2623 4897 ὀλίγον
2657 4828 2816 4881 πόνον
2882 4825 3160 4896 αἱροῦνται

1587 4920 1726 4991 ὑπὲρ
1739 4920 1839 4989 τῆς
1874 4921 2088 4989 μακρᾶς
2119 4920 2501 4987 ἀναπαύσεως,
2530 4921 2579 4972 εί
2606 4919 2697 4972 καὶ
2724 4918 3035 4972 τούναντίον
3061 4920 3159 4972 a6-
3231 4962 3233 4964 .

1584 5014 1695 5075 τοῖς
1722 5010 1990 5077 ἐκϐαίνει;
2031 5010 2298 5063 Ἐνταῦθα
2343 5013 2441 5081 μὲν
2471 5011 2578 5081 γὰρ
2631 5010 2901 5082 ἰσομοιρία
2927 5012 3019 5064 καὶ
3062 5010 3160 5063 πό-
3236 4995 3258 5023 ’τ’

1584 5121 1690 5157 νων
1749 5103 1843 5156 καὶ
1901 5102 2159 5174 κέρδους⁹
2217 5102 2475 5165 πολλάκις
2511 5102 2570 5155 δὲ
2607 5100 2944 5171 τοῦμπαλιν,
2981 5104 3013 5155 ὀ
3058 5102 3157 5172 μὲν

1584 5192 1743 5256 πόνος
1771 5192 2057 5263 ἀπειρος,ὀ
2076 5193 2131 5245 δὲ
2154 5193 2362 5263 καρπὸς
2389 5192 2589 5262 ὀλίγοςο
2618 5193 2651 5264 ἢ
2681 5193 2799 5245 οὐδὲ
2824 5192 3003 5261 ὀλίγος
3029 5192 3160 5247 πολ-

1582 5282 1760 5346 λάκις
1797 5284 1889 5335 ἐπὶ
1916 5282 1974 5335 δὲ
1998 5282 2096 5351 τῆς
2114 5281 2391 5352 βασιλείας
2418 5282 2815 5352 ἀντιστρόφως,
2848 5282 3027 5350 ὀλίγον
3054 5282 3156 5354 μὲν

1584 5374 1642 5426 16
1664 5373 1939 5437 ἐπίπονον,
1976 5372 2110 5425 πολὺ
2139 5373 2195 5426 66
2227 5373 2287 5425 16
2319 5373 2416 5443 ἡδὺ
2451 5374 2545 5427 καὶ
2578 5372 2823 5444 ἄπειρον.
2859 5374 3175 5427 Σκόπειδέη

1582 5467 1609 5518 6
1634 5464 1874 5535 γεωργὸς
1903 5464 1969 5517 δι’
2012 5464 2131 5517 ὅλου
2191 5467 2341 5518 πονεῖ
2369 5464 2461 5518 τοῦ
2507 5463 2680 5530 ἔτους,
2722 5467 2816 5519 καί⁵
2840 5466 2977 5537 πρὸς
3004 5467 3153 5536 αὐτῷ

1581 5556 1657 5626 τῷ
1684 5555 1824 5608 τέλει
1856 5554 1955 5625 τῆς
1989 5555 2202 5619 ἐλπίδος
2241 5556 2495 5610 ἐκπίπτει
2522 5556 2779 5620 πολλάκις
2809 5556 2901 5610 τοῦ
2936 5558 3153 5627 καρποῦ

1586 5645 1693 5699 τῶν
1716 5646 1921 5702 πολλῶν
1951 5647 2147 5702 πόνων.
2181 5648 2239 5702 Ὀ
2268 5649 2603 5719 κυϐερνήτης
2628 5648 2784 5701 πάλιν
2815 5650 2906 5701 καὶ
2938 5650 2965 5701 ὀ
2990 5665 3149 5717 στρα-
3250 5674 3259 5685 ι
