3780 6318
78 312 177 370 465

82 423 304 484 cernitis
336 423 386 478 in
413 420 638 491 hujusce
673 433 888 491 quoque
914 417 1040 474 vitae
1073 419 1301 488 negotiis
1329 416 1521 470 bonam
1554 415 1648 468 bo-

83 519 283 573 minum
325 523 529 583 partem
560 511 614 566 id
662 510 838 569 facere
855 550 872 577 ,
905 522 971 564 ac
1017 510 1232 564 brevem
1278 507 1512 561 laborem
1542 504 1652 559 diu-

84 619 250 664 turna:
279 604 475 676 quietis
501 617 661 658 causa
700 601 976 673 suscipere
1000 616 1016 654 :
1046 599 1255 656 tametsi
1287 612 1436 668 saepe
1458 605 1646 652 contra

84 713 166 755 res
194 696 409 762 evenit,
437 709 596 764 quam
635 693 959 764 sperabant?
989 691 1088 746 Hic
1129 692 1270 746 enim
1302 691 1542 744 laborum
1586 703 1652 744 ac

84 800 318 861 quaestus
357 803 506 858 aqua
531 795 615 844 est
658 787 870 856 portio;
898 798 1044 855 saepe
1089 784 1250 840 etiam
1293 781 1529 838 inlinitus
1569 787 1654 836 est

85 881 229 933 labor
250 918 266 944 ,
294 877 500 932 fructus
525 885 701 931 autem
733 876 909 930 tenuis
929 915 942 939 ,
971 889 1034 930 ac
1075 889 1218 943 saepe
1245 887 1313 928 ne
1340 872 1511 927 tenuis
1536 872 1654 941 qui-

86 970 198 1024 dem
245 986 258 1022 :
302 977 509 1032 atvero,
555 982 675 1021 cum
727 967 796 1022 de
840 967 1042 1023 caelesti
1093 979 1258 1036 regno
1299 964 1492 1034 agitur,
1522 977 1653 1018 con-

94 1060 249 1113 traria
273 1068 359 1113 est
383 1059 518 1113 ratio
545 1077 560 1112 :
590 1073 808 1127 parvum
839 1059 981 1114 enim
1011 1057 1249 1112 laborem
1269 1071 1456 1126 magna
1493 1063 1652 1124 atque

89 1149 288 1202 inﬁnita
310 1147 621 1218 jucunditas
645 1147 857 1216 excipit.
885 1147 1162 1215 Perpende
1181 1153 1356 1200 autem
1383 1162 1397 1198 :
1421 1143 1652 1214 agricola

89 1247 249 1292 totum
279 1252 480 1294 annum
508 1238 736 1304 laborat,
763 1246 819 1294 et
847 1238 898 1291 in
929 1237 1053 1303 line,
1083 1252 1178 1306 spe
1203 1245 1258 1291 et
1283 1237 1652 1290 diuturnorum

91 1331 325 1385 laborum
358 1331 530 1386 fructu
560 1346 710 1400 sche
734 1330 954 1385 excidit.
991 1330 1194 1385 Rursus
1221 1331 1370 1385 navis
1393 1330 1656 1401 guberna-

91 1429 170 1476 tor
191 1462 207 1487 ,
242 1429 298 1475 et
326 1421 486 1476 miles
511 1461 527 1487 ,
559 1420 628 1476 ad
654 1431 946 1476 extremam
973 1438 1142 1492 usque
1167 1431 1380 1477 aetatem
1413 1422 1464 1475 in
1494 1419 1653 1475 bellis

91 1521 140 1563 et
166 1510 440 1566 laboribus
487 1511 722 1578 versati,
751 1525 897 1581 sazpe
925 1511 996 1566 ita
1032 1511 1157 1566 hinc
1183 1510 1486 1576 excedunt,
1517 1520 1574 1565 ut
1600 1521 1655 1564 et

94 1601 176 1658 ille
204 1605 463 1658 mercium
491 1619 710 1659 suarum
739 1604 930 1674 opibus
978 1604 1210 1672 labatur,
1255 1612 1312 1660 et
1354 1604 1443 1659 hic
1491 1604 1653 1658 vitam

94 1709 189 1748 una
211 1709 334 1748 cum
366 1695 586 1750 victoria
615 1696 843 1750 amittat.
881 1698 1116 1767 Ecquam
1159 1712 1327 1767 ergo,
1373 1705 1425 1752 te
1469 1711 1601 1766 rogo
1636 1736 1654 1763 ,

95 1786 483 1841 excusationem
521 1787 756 1842 habituri
781 1803 970 1844 sumus
989 1831 1004 1853 ,
1029 1790 1116 1859 qui
1145 1804 1266 1845 cum
1294 1790 1345 1845 in
1371 1790 1531 1846 rebus
1561 1790 1658 1846 llu-

98 1879 169 1930 xis
195 1893 276 1940 ea,
302 1895 426 1948 qua:
453 1893 572 1933 cum
598 1879 782 1934 labore
810 1881 1096 1950 conjuncta
1123 1891 1268 1951 sunt,
1296 1884 1654 1954 praeferimus,

99 1979 145 2022 ut
161 1983 348 2039 parum
363 1971 824 2040 conquiescamus,
838 1971 920 2026 vel
943 1987 1009 2027 ne
1027 1988 1210 2042 parum
1239 1973 1452 2044 quidem
1475 1976 1655 2045 (dubia

95 2061 278 2130 quippe
303 2062 422 2116 haec
449 2075 572 2132 spes
605 2065 749 2134 est);
781 2063 833 2118 in
863 2063 1226 2132 spiritualibus
1251 2067 1520 2121 contrario
1543 2081 1654 2121 om-

97 2150 214 2204 nino
240 2151 406 2206 modo
445 2150 702 2208 faciamus
725 2195 740 2218 ,
769 2167 832 2206 ac
856 2163 1082 2224 propter
1120 2155 1364 2226 exiguam
1394 2158 1652 2226 ignaviam

97 2242 351 2297 cruciatus
391 2243 481 2312 qui
530 2244 688 2298 nullis
731 2245 909 2299 verbis
937 2245 1190 2314 explicari
1229 2248 1466 2316 possint,
1502 2249 1655 2304 nobis

96 2333 458 2388 amabamus?
508 2335 766 2402 Quocirca
797 2352 892 2392 vos
930 2352 1116 2392 omnes
1165 2353 1261 2393 oro
1285 2379 1302 2406 ,
1335 2349 1392 2394 ut
1443 2341 1654 2396 tandem

96 2423 368 2492 aliquando
396 2440 462 2479 ex
489 2425 590 2479 hoc
618 2438 835 2496 stupore
871 2441 966 2482 vos
1004 2429 1150 2497 ipsos
1175 2429 1462 2500 recipiatis.
1489 2431 1658 2487 Nemo

97 2515 224 2568 enim
253 2524 364 2570 tum
395 2517 497 2571 erit
521 2558 536 2582 ,
569 2518 657 2586 qui
686 2533 784 2573 nos
807 2533 840 2573 e
867 2520 1040 2589 ptenis
1062 2521 1260 2574 eximat
1285 2563 1300 2588 ,
1333 2538 1436 2578 non
1470 2524 1653 2592 frater,

98 2621 192 2659 non
238 2617 393 2676 pater
417 2650 432 2675 ,
461 2624 566 2662 non
616 2610 787 2674 lilius,
836 2625 941 2664 non
981 2612 1181 2667 amicus
1204 2655 1219 2678 ,
1256 2629 1362 2668 non
1408 2616 1614 2670 vicinus
1637 2655 1652 2681 ,

99 2711 193 2750 non
217 2699 503 2768 quisquam
527 2699 697 2765 alius;
726 2701 818 2756 sed
840 2743 856 2767 ,
887 2700 933 2757 si
959 2717 1058 2758 nos
1101 2719 1262 2774 opera
1305 2715 1486 2762 nostra
1527 2723 1655 2777 pro.

99 2787 318 2842 diderint
337 2829 354 2855 ,
387 2790 567 2843 omnia
597 2807 808 2860 pessum
841 2792 1029 2860 ibunt,
1057 2809 1120 2848 ac
1147 2810 1364 2864 prorsus
1402 2797 1471 2852 de
1500 2799 1654 2853 nobis

98 2888 260 2934 actum
289 2882 417 2937 erit.
451 2881 688 2950 Quantos
709 2884 856 2939 dives
882 2885 972 2940 ille
999 2885 1170 2942 luctus
1195 2890 1408 2956 emisit,
1440 2891 1654 2960 quantis

103 2972 334 3039 precibus
372 2987 407 3026 a
446 2974 744 3042 patriarcha
771 2976 1046 3032 contendit
1068 3021 1082 3040 .
1118 2989 1171 3032 ut
1215 2978 1472 3034 Lazarum
1500 2982 1564 3035 ad
1595 2997 1655 3049 se

103 3062 362 3116 mitteret?
413 3062 605 3118 Verum
651 3066 772 3119 audi
815 3067 940 3136 quid
988 3070 1229 3139 I'CSPOIISl
1257 3071 1324 3125 ab
1352 3071 1657 3129 Abrahamo

105 3152 303 3208 tulerit:
337 3152 507 3209 Chaos
537 3173 776 3226 magnum
805 3158 933 3212 inter
957 3176 1043 3214 vos
1089 3171 1134 3214 et
1161 3178 1250 3214 nos
1279 3177 1299 3215 :
1322 3165 1393 3215 ita
1421 3173 1477 3217 ut
1516 3181 1578 3218 ne
1618 3167 1655 3220 ii

101 3246 317 3311 quidem,
372 3247 464 3316 qui
516 3247 690 3301 volunt
739 3250 860 3302 illuc
897 3253 1150 3319 transire,
1179 3252 1233 3306 id
1269 3255 1460 3324 possint
1506 3255 1654 3326 (Luc.

106 3333 315 3403 16.26).
345 3333 520 3402 Quam
565 3337 775 3393 obnixis
825 3340 1069 3408 precibus
1114 3343 1344 3413 virgines
1383 3346 1485 3400 illa:
1533 3362 1652 3401 cum

104 3425 381 3490 a-qualibus
413 3426 524 3479 suis
551 3438 808 3496 egerunt,
841 3438 898 3484 ut
941 3446 1126 3500 parum
1165 3434 1270 3489 olei
1309 3436 1658 3506 acciperent?

111 3512 286 3568 \‘t-rum
325 3515 452 3568 audi
494 3518 618 3585 quid
652 3519 778 3586 ipsa:
807 3534 1018 3590 quoque
1040 3521 1253 3578 dicant:
1283 3523 1366 3578 Ne
1391 3530 1523 3595 forte
1558 3545 1658 3582 non

105 3605 295 3670 sufﬁciat
317 3606 464 3659 nobis
493 3619 536 3659 et
564 3608 699 3660 vobis
722 3609 935 3677 (Matth.
960 3612 1048 3666 25.
1069 3613 1123 3682 9)
1147 3630 1162 3678 ;
1191 3630 1288 3670 nec
1315 3618 1486 3685 potuit
1514 3621 1660 3688 quis-

107 3709 247 3760 quam
274 3711 364 3751 eas
394 3696 449 3750 in
477 3697 766 3753 thalamum
793 3701 1151 3758 introducere.
1185 3705 1309 3761 llaec
1337 3708 1516 3778 itaque
1541 3711 1660 3763 aui-

110 3789 197 3839 mis
226 3789 426 3843 nostris
457 3801 762 3859 reputantes
786 3835 799 3856 ,
832 3809 928 3848 nos
958 3810 1168 3864 quoque
1196 3799 1318 3854 vitae
1347 3813 1544 3856 nosme
1567 3818 1660 3857 cu-

107 3891 204 3929 ram
225 3881 628 3947 geramus.Nam
650 3884 911 3952 quoslibet
931 3885 1139 3942 labores
1153 3886 1374 3957 dixeris,
1395 3893 1663 3962 quoslibet

108 3971 354 4025 cruciatus
378 3972 690 4028 admoveris
713 4016 728 4038 ,
758 3977 888 4029 nihil
917 3976 1032 4033 hate
1055 3981 1234 4036 omnia
1259 3990 1446 4049 erunt,
1472 3984 1515 4038 si
1541 3999 1662 4039 cum

111 4056 282 4115 futuris
310 4062 468 4116 bonis
495 4066 856 4121 conferantur.
891 4069 1034 4124 Pone
1083 4072 1226 4126 enim
1247 4113 1262 4138 ,
1289 4075 1332 4128 si
1365 4076 1434 4130 ita
1473 4076 1614 4131 lubet
1645 4118 1659 4143 ,

113 4147 266 4216 ignem
293 4160 345 4206 et
369 4152 570 4208 ferrum
602 4165 656 4208 et
681 4156 907 4224 belluas,
930 4173 994 4215 ac
1032 4161 1077 4216 si
1124 4162 1250 4232 quid
1295 4163 1380 4219 bis
1417 4167 1663 4223 acerbius

112 4251 209 4306 est;
235 4241 346 4299 haec
373 4256 552 4301 tamen
576 4263 683 4317 prae
711 4253 986 4307 tormentis
1009 4253 1115 4310 illis
1137 4269 1206 4311 ne
1228 4257 1429 4313 umbra:
1449 4260 1659 4329 quidem

114 4375 392 4394 ἦ

1122 301 1186 356 ΙΝ
1227 299 1434 356 EPIST.
1478 297 1518 353 ll
1581 298 1670 353 AD
1707 297 1861 355 COR.
1905 295 2111 352 HOMIL
2173 298 2240 354 Χ.

3227 307 3332 362 466

1759 423 1904 468 sunt.
1951 414 2080 469 Haec
2119 416 2351 484 quippe.
2393 429 2513 470 cum
2561 416 2932 473 vehementius
2963 419 3282 477 adhibentur
3309 463 3327 490 ,

1759 513 1870 561 tum
1897 507 2232 576 potissimum
2265 507 2398 562 levia
2442 508 2776 575 efﬁciuntur,
2825 510 2966 578 quod
3013 511 3121 566 cito
3148 521 3328 568 trans-

1757 608 1920 664 eant,
1978 598 2117 668 quod
2167 613 2360 668 corpus
2412 598 2644 654 ferendae
2693 601 2900 654 doloris
2948 603 3223 658 acerbitati
3267 620 3331 659 ac

1757 688 2089 742 diuturnitati
2118 689 2336 744 minime
2378 703 2474 758 par
2507 691 2600 744 sit.
2633 692 2831 745 Atvero
2883 690 2993 745 illic
3040 707 3196 747 secus
3242 710 3329 748 res

1759 778 1920 832 habet
1947 795 1960 832 :
1991 793 2112 833 nam
2159 789 2212 832 et
2256 779 2616 849 longinquitas
2641 788 2697 834 et
2721 779 3054 835 incredibilis
3084 783 3326 849 quaedam

1759 873 2069 944 magnitudo
2098 874 2255 928 simul
2282 883 2643 940 concurrunt,
2673 882 2780 928 tam
2805 875 2859 927 in
2886 875 3047 929 rebus
3080 875 3330 944 jucundis

1759 979 1915 1031 quam
1960 963 2013 1019 in
2062 966 2289 1020 acerbis.
2343 964 2610 1028 Proinde.
2650 966 2903 1034 quamdiu
2941 975 3151 1036 tempus
3196 976 3279 1021 est
3309 1008 3328 1031 ,

1760 1069 2192 1125 prteoccupemus
2212 1056 2402 1110 faciem
2429 1056 2636 1110 Domini
2661 1056 2712 1110 in
2736 1056 3074 1110 confessione
3091 1098 3107 1121 ,
3131 1065 3190 1111 ut
3216 1066 3326 1110 tum

1759 1161 1880 1200 eum
1907 1161 2122 1201 suavem
2148 1161 2212 1199 ac
2241 1147 2505 1216 placidum
2530 1162 2839 1211 cernamus,
2863 1161 2926 1201 ac
2952 1148 3185 1202 minaces
3209 1147 3330 1201 illas

1763 1246 2052 1303 potestates
2077 1238 2409 1307 ell‘ugiamus.
2441 1240 2630 1292 Annon
2662 1237 2760 1292 bos
2788 1237 3004 1292 lictores
3039 1237 3324 1306 conspicis,

1759 1330 1850 1400 qui
1895 1331 2157 1399 praefectis
2189 1329 2555 1385 administram
2583 1344 2801 1401 operam
2834 1340 3026 1386 navant
3052 1371 3067 1396 ,
3098 1347 3328 1401 quomo-

1761 1421 1831 1475 do
1884 1422 2140 1488 trahant,
2187 1421 2458 1491 quomodo
2506 1422 2780 1489 vinciant,
2829 1422 3098 1491 quomodo
3147 1422 3328 1492 ﬂagris

1761 1513 1995 1568 alliciant
2015 1554 2031 1579 ,
2055 1512 2322 1582 quomodo
2353 1514 2518 1567 latera
2540 1513 2873 1583 perfodiant,
2900 1513 3166 1583 quomodo
3187 1511 3330 1568 faces

1761 1605 1814 1660 in
1860 1606 2136 1659 tormentis
2195 1605 2511 1660 admoveant
2541 1645 2557 1666 .
2595 1605 2862 1674 quomodo
2901 1606 3124 1661 secent?
3170 1603 3330 1675 Atqui

1764 1695 1879 1750 haec
1906 1705 2094 1750 cuncta
2123 1711 2304 1750 merus
2334 1696 2488 1750 ludus
2515 1710 2576 1750 ac
2606 1697 2746 1752 risus
2787 1705 2951 1763 sunt,
2983 1698 3028 1751 si
3073 1712 3192 1752 cum
3224 1697 3330 1753 illis

1763 1786 2038 1856 suppliciis
2065 1794 2462 1856 comparentur.
2514 1787 2724 1840 Etenim
2754 1786 2870 1841 haec
2895 1795 3156 1841 tormenta
3187 1797 3327 1842 tem-

1763 1881 1972 1950 poraria
2015 1888 2177 1946 sunt;
2209 1878 2316 1933 illic
2343 1888 2520 1932 autem
2559 1893 2659 1932 nec
2697 1878 2895 1933 vermis
2933 1880 3155 1934 moritur
3181 1920 3198 1946 ,
3231 1893 3330 1932 nec

1764 1970 1900 2039 ignis
1943 1969 2297 2038 exstinguitur
2330 1985 2342 2020 :
2376 1982 2574 2037 corpus
2600 1969 2798 2037 quippe
2844 1977 2967 2024 tunc
3013 1969 3331 2037 incorrupti-

1762 2060 1870 2115 bile
1895 2062 2016 2115 erit.
2049 2060 2202 2115 Faxit
2229 2068 2408 2114 autem
2437 2061 2597 2121 Deus,
2623 2075 2690 2114 ne
2718 2059 2831 2114 lucc
2859 2061 3222 2129 experimento
3249 2060 3331 2114 di-

1763 2166 2004 2216 scamus,
2037 2152 2128 2206 sed
2161 2153 2296 2204 intra
2321 2151 2483 2206 verba
2513 2151 2565 2204 hi
2610 2159 2840 2204 terrores
2882 2151 3199 2214 consistant,
3232 2164 3329 2204 nec

1761 2246 2103 2302 carnificibus
2147 2244 2252 2298 illis
2283 2243 2553 2298 tradamur
2575 2284 2592 2308 ,
2618 2257 2802 2297 verum
2836 2242 2922 2297 hic
2964 2245 3136 2312 potius
3172 2245 3330 2298 casti-

1761 2353 1968 2409 gemur.
2002 2338 2266 2404 Quantum
2295 2337 2578 2392 verborum
2621 2345 2730 2389 tum
2780 2335 3160 2404 profundemus
3185 2375 3200 2398 ,
3232 2351 3330 2389 nos

1763 2433 1906 2500 ipsos
1958 2431 2308 2486 accusantes!
2364 2442 2496 2498 quos
2550 2429 2779 2498 gemitus
2813 2466 2828 2492 ,
2881 2442 3016 2497 quos
3066 2428 3328 2498 singultus

1762 2523 2020 2579 edemus!
2049 2521 2153 2577 Sed
2191 2529 2316 2573 tunc
2342 2519 2473 2573 nihil
2505 2518 2630 2574 inde
2664 2517 2867 2573 fructus
2891 2533 3284 2589 consequemur
3309 2535 3326 2584 ;

1761 2612 2190 2684 quandoquidem
2215 2625 2265 2665 et
2291 2621 2464 2665 nauta:
2488 2609 2654 2665 fracta
2677 2625 2740 2664 ac
2758 2611 3008 2680 depressa
3037 2626 3168 2665 nave
3198 2611 3329 2664 nihil

1762 2708 2014 2777 prodesse
2027 2715 2270 2776 possunt,
2291 2720 2389 2758 nec
2407 2704 2597 2759 medici
2619 2703 2883 2758 exstincto
2897 2713 3122 2773 aegroto;
3145 2720 3328 2760 verum

1759 2814 1904 2868 smpe
1923 2798 2134 2868 quidem
2157 2797 2356 2863 dicent,
2371 2795 2512 2865 quod
2531 2795 2631 2849 hoc
2644 2804 2802 2864 atque
2832 2793 2958 2848 illud
2978 2795 3149 2850 facere
3171 2810 3331 2868 opor-

1762 2891 1938 2953 tebat;
1967 2888 2060 2943 sed
2099 2888 2292 2942 frustra
2335 2887 2511 2940 omnia
2555 2894 2716 2955 atque
2764 2885 3026 2939 incassum
3067 2885 3328 2942 dicentur.

1759 2980 2022 3048 Quamdiu
2049 2981 2188 3035 enim
2222 2992 2315 3047 per
2343 2978 2464 3031 vitae
2483 2989 2546 3030 ac
2566 2990 2772 3030 tnorum
2799 2974 3225 3030 emendationem
3255 2991 3334 3030 sa-

1761 3075 1885 3129 lutis
1923 3087 2045 3143 spes
2074 3072 2249 3126 adlmc
2274 3079 2520 3135 maneat,
2548 3067 2677 3122 nihil
2707 3081 2812 3121 non
2847 3066 3024 3120 dicere
3051 3081 3115 3120 ac
3157 3066 3332 3122 facere

1761 3180 1896 3234 opus
1909 3172 2026 3220 est:
2055 3179 2176 3218 cum
2197 3171 2372 3216 autem
2393 3159 2535 3213 nulla
2551 3159 2658 3228 jam
2687 3171 2774 3212 res
2799 3155 3001 3212 arbitrii
3023 3157 3189 3210 nostri
3210 3158 3328 3223 erit,

1763 3273 1823 3312 re
1851 3264 1958 3310 tota
1999 3254 2199 3325 perdita
2237 3261 2294 3306 et
2341 3260 2620 3319 corrupta,
2652 3259 2760 3304 tum
2793 3249 2986 3303 frustra
3012 3259 3066 3304 et
3087 3248 3332 3303 dicentur

1763 3347 1941 3403 omnia
1970 3354 2025 3401 et
2053 3345 2199 3400 ﬁent.
2228 3343 2358 3396 Nam
2388 3352 2442 3396 et
2467 3341 2639 3396 Judmi
2673 3350 2785 3394 tum
2817 3339 3012 3393 dicturi
3041 3348 3167 3394 sunt
3191 3381 3205 3405 ,
3233 3340 3334 3394 Be-

1763 3439 1991 3493 nedictus
2019 3436 2106 3506 qui
2129 3435 2259 3489 venit
2303 3435 2358 3488 in
2403 3433 2604 3486 nomine
2633 3431 2839 3484 Domini
2873 3429 3047 3497 (Jonte
3075 3430 3163 3484 12.
3199 3432 3286 3500 15)
3318 3450 3332 3486 :

1765 3538 1820 3583 at
1858 3529 2059 3583 nullum
2093 3526 2253 3595 hujus
2279 3525 2428 3580 vocis
2484 3523 2709 3577 fructum
2751 3537 2943 3592 capere
2969 3531 3213 3591 poterunt
3237 3563 3253 3587 ,
3279 3532 3339 3577 ut

1773 3637 1982 3691 pinnam
2013 3618 2307 3688 effugiant:
2339 3633 2458 3671 cum
2513 3617 2658 3670 cnim
2712 3616 2815 3670 hoc
2857 3615 3138 3670 dicendum
3179 3625 3335 3680 erat,

1768 3729 1871 3767 non
1911 3711 2181 3767 dixerunt.
2235 3709 2313 3764 Ne
2355 3724 2484 3777 ergo
2535 3709 2637 3762 hoc
2680 3722 2893 3777 quoque
2939 3707 3092 3761 nobis
3130 3708 3183 3762 in
3231 3708 3338 3762 vita

1768 3803 1976 3858 accidat
1997 3843 2010 3863 ,
2043 3801 2128 3854 hic
2153 3801 2262 3870 jam
2294 3802 2456 3852 vitam
2505 3799 2556 3852 in
2603 3799 2794 3852 melius
2821 3805 3209 3851 commutemus
3233 3839 3250 3863 ,
3281 3805 3342 3851 ut

1769 3897 1834 3951 ad
1860 3895 2058 3951 Christi
2081 3893 2310 3950 tribunal
2333 3908 2453 3947 cum
2476 3892 2620 3946 omni
2648 3892 2836 3947 fiducia
2862 3893 3115 3946 sistamur
3139 3907 3154 3945 :
3183 3907 3340 3961 quam

1771 3988 1971 4042 utinam
1999 4000 2188 4040 omnes
2224 3999 2617 4053 consequamur
2645 3999 2740 4054 per
2764 3985 2990 4053 gratiam
3020 3993 3072 4038 et
3102 3982 3343 4052 benigni-

1771 4089 1934 4136 tatem
1961 4079 2169 4133 Domini
2196 4078 2365 4132 nostri
2393 4077 2518 4132 Jesu
2562 4077 2794 4142 Christi,
2826 4091 2946 4131 cum
2989 4091 3095 4147 quo
3121 4077 3262 4131 Patri
3289 4086 3345 4130 et

1769 4170 1990 4242 Spiritui
2018 4177 2206 4226 sancto
2231 4168 2398 4240 gloria
2425 4207 2440 4232 ,
2472 4179 2578 4221 etc.

405 4380 3342 4412 W

1511 4469 1855 4533 HOMILIA
1895 4468 1982 4532 X.

116 4599 226 4656 Cn.
256 4602 308 4658 5.
336 4619 392 4663 v.
419 4600 472 4659 1.
504 4603 704 4659 Scimus
729 4605 860 4658 enim
885 4619 1121 4673 quamam
1145 4606 1188 4661 si
1217 4609 1462 4663 terrestris
1485 4609 1666 4666 domus

176 4704 337 4748 nostra
379 4696 532 4765 hujus
574 4694 882 4749 tabernaculi
922 4695 1260 4764 dissolvatur,
1289 4698 1672 4766 azdi/icationem

177 4801 233 4838 ea:
251 4784 358 4840 Deo
386 4788 643 4853 habmus,
672 4787 876 4841 domum
901 4803 1001 4842 non
1029 4786 1372 4858 manufactam
1391 4830 1407 4856 ,
1430 4800 1672 4846 wternam

179 4875 226 4928 in
252 4878 407 4932 castis.

191 4968 238 5021 1.
269 4969 473 5025 Rursus
507 4985 692 5026 eorum
731 4969 1058 5026 alacritatem
1084 4972 1315 5037 excitat,
1342 4973 1464 5042 quia
1492 4972 1674 5027 multae

127 5058 240 5128 ipsis
278 5063 593 5117 tentationes
633 5061 1017 5118 inferebantur.
1049 5063 1346 5118 Verisimile
1383 5064 1526 5118 enim
1556 5072 1675 5118 erat

122 5162 289 5204 eorum
316 5152 522 5208 animos
551 5153 621 5207 ob
649 5153 812 5218 ipsius
839 5153 1130 5208 absentiam
1160 5154 1461 5210 debilitatos
1488 5155 1670 5211 fuisse.

122 5236 242 5304 Quid
271 5241 426 5312 igitur
449 5243 560 5298 ait?
588 5243 727 5297 Nihil
757 5254 839 5299 est
863 5245 1004 5316 quod
1030 5245 1284 5301 miremur
1307 5262 1370 5302 ac
1396 5248 1674 5316 perturbe-

126 5344 227 5383 mur
266 5332 332 5386 ob
375 5333 705 5389 calamitates
751 5349 863 5400 eas,
912 5336 1106 5405 quibus
1146 5336 1410 5393 aflicimur
1451 5355 1465 5391 :
1508 5339 1673 5393 multa

126 5419 250 5474 enim
277 5424 550 5479 commoda
582 5424 705 5481 hinc
746 5427 1083 5495 percipimus.
1126 5426 1362 5494 Quorum
1412 5428 1515 5482 alia
1560 5430 1676 5498 qui-

129 5509 234 5567 dem
262 5516 404 5583 prius
431 5515 595 5582 dixit,
624 5526 714 5582 ut,
745 5517 886 5587 quod
927 5517 1386 5574 mortificationem
1411 5519 1538 5576 Jesu
1567 5521 1676 5575 cir-

127 5604 460 5661 cumferamus
483 5648 500 5673 ,
528 5622 592 5662 ac
616 5607 868 5678 potentia:
896 5607 1064 5677 ipsius
1091 5609 1359 5677 specimen
1388 5611 1677 5665 maximum

131 5693 485 5769 exbibcamus;
521 5699 590 5756 Ut
626 5701 780 5768 enim,
827 5700 1014 5773 inquit,
1044 5701 1323 5758 sublimitas
1368 5704 1564 5760 virtutis
1610 5703 1675 5759 sit

1777 4612 1907 4678 Dei;
1935 4619 1991 4666 et
2024 4609 2358 4681 perspicuum
2404 4605 2810 4664 resurrectionis
2833 4612 3202 4672 argumentum
3238 4600 3352 4656 edi-

1777 4715 1929 4768 mus;
1954 4710 2013 4756 ut
2035 4715 2103 4756 ex
2129 4699 2214 4754 his
2237 4698 2415 4753 verbis
2445 4705 2608 4766 patet,
2641 4693 2710 4750 Ut
2738 4695 2836 4748 vita
2853 4692 2979 4747 Iesu
3007 4692 3352 4762 manifestatur

1775 4793 1829 4847 in
1855 4808 2005 4846 carne
2029 4802 2202 4847 nostra
2227 4791 2450 4845 mortali.
2482 4787 2830 4856 Posteaquam
2860 4794 3036 4839 autem
3061 4784 3188 4838 illud
3212 4799 3351 4851 pra:-

1780 4894 1924 4941 terea
1966 4884 2139 4951 dixit,
2186 4883 2492 4938 interiorem
2538 4895 2749 4951 quoque
2788 4886 3026 4932 nostrum
3076 4876 3347 4930 hominem

1777 4975 1880 5031 hoc
1927 4985 2081 5046 pacto
2119 4975 2396 5029 meliorem
2426 4971 2540 5026 fieri
2565 4986 2580 5035 ;
2607 4969 2720 5023 Etsi
2747 4969 2888 5024 enim
2910 5007 2925 5032 ,
2965 4966 3164 5036 inquit,
3193 4969 3237 5020 is
3267 4965 3351 5034 qui

1781 5069 1906 5141 foris
1945 5078 2019 5121 est
2045 5077 2210 5122 noster
2235 5067 2383 5119 homo
2410 5063 2766 5132 corrumpitur,
2807 5061 2850 5114 is
2887 5069 3049 5113 tamen
3086 5058 3175 5129 qui
3217 5058 3366 5112 intus

1781 5168 1854 5213 est
1871 5167 2141 5212 renovatur
2164 5157 2226 5211 de
2253 5157 2335 5209 die
2358 5155 2410 5208 in
2440 5156 2608 5216 diem;
2637 5151 2923 5206 ostendens
2952 5165 3160 5204 rursum
3186 5163 3348 5218 quan-

1780 5261 1893 5305 tum
1923 5249 2161 5305 utilitatis
2188 5247 2376 5302 afferat
2398 5245 2648 5316 vapulare
2674 5260 2738 5298 ac
2762 5241 2999 5298 divexari
3019 5285 3034 5308 ,
3063 5240 3191 5296 illud
3224 5241 3348 5295 sub-

1774 5340 1968 5412 jungit,
2014 5338 2157 5408 quod
2204 5353 2327 5392 cum
2356 5337 2510 5407 plene
2547 5345 2705 5406 atque
2749 5335 2953 5404 integre
2993 5332 3096 5388 hoc
3124 5335 3202 5395 fit,
3237 5343 3346 5386 tum

1781 5430 2056 5485 innumera
2085 5429 2224 5483 bona
2266 5428 2350 5491 iis,
2381 5428 2472 5498 qui
2504 5426 2618 5481 huic
2648 5423 2982 5480 incommoda
3013 5423 3348 5492 pertulerint,

1781 5519 1904 5576 hinc
1934 5518 2288 5590 pullulabunt.
2327 5518 2535 5573 Etenim
2572 5533 2640 5572 ne
2667 5527 2942 5572 externum
2986 5524 3134 5570 tuum
3173 5514 3346 5567 homi-

1783 5626 1907 5668 nem
1934 5611 2201 5680 corrumpi
2227 5611 2450 5666 audiens
2472 5610 2652 5666 animo
2677 5609 3035 5672 discrucieris,
3065 5607 3166 5660 hoc
3199 5619 3348 5658 asse»

1781 5707 1850 5764 rit
1913 5702 2052 5775 quod
2097 5717 2217 5758 cum
2266 5699 2403 5758 istud
2446 5701 2602 5772 plene
2642 5710 2798 5771 atque
2825 5700 3042 5757 omnino
3079 5696 3355 5769 acciderit,
