3696 6212
428 247 533 305 4(ῗῖ

432 373 542 418 tum
590 364 822 420 maxime
860 369 1118 437 gaudebis
1166 378 1326 440 atque
1373 372 1440 426 ad
1486 371 1763 427 meliorem
1809 380 2010 427 sortem

431 453 631 508 venies.
679 454 859 525 Itaque
905 472 1012 513 non
1055 459 1214 515 modo
1257 474 1362 515 non
1402 469 1482 515 est
1523 460 1831 528 dolendum,
1878 477 2002 518 cum

432 543 522 596 ille
547 544 724 615 aliqua
749 561 813 601 ex
844 557 991 617 parte
1019 566 1158 606 nunc
1182 553 1576 622 corrumpitur;
1607 568 1793 608 verum
1819 556 2004 623 etiam,

433 643 490 687 ιιι
515 636 660 690 omni
688 652 756 691 ex
781 648 928 708 parte
950 653 1342 714 corrumpatur,
1367 645 1721 714 expetendum
1747 655 1830 701 est
1852 663 1866 700 :
1893 646 2008 701 haec

431 725 574 778 enim
596 729 868 797 corruptio
892 731 958 785 ad
991 733 1447 803 incorruptionem
1475 737 1704 790 maxime
1736 744 1787 791 te
1814 735 1961 791 ducit
1990 754 2005 792 :

426 831 495 871 ac
535 819 760 887 proinde
789 821 902 876 haec
923 837 1138 892 quoque
1166 826 1438 897 subjungit
1456 868 1472 893 ,
1503 827 1704 882 Scimus
1732 828 1864 881 enim
1888 829 2008 896 quia

431 905 475 959 si
501 909 752 961 terrestris
777 909 958 964 domus
978 923 1149 966 nostra
1174 915 1329 984 Itujus
1351 917 1661 971 tabernaculi
1680 919 2005 984 dissolvatur,

430 996 816 1063 cdiﬁcatianem
838 1015 902 1052 ex
929 999 1035 1054 Deo
1070 1003 1328 1072 habemus,
1356 1005 2007 1074 nonmanufactam,tzter-

431 1101 550 1137 nam
575 1086 627 1139 in
654 1087 814 1141 cwlis.
838 1089 970 1155 Quia
998 1093 1140 1146 enim
1170 1097 1574 1150 resurrectionis
1597 1101 1891 1152 doctrinam
1911 1138 1926 1164 ,
1953 1099 2006 1152 in

431 1191 532 1244 qua
562 1179 893 1245 potissimum
921 1185 1248 1252 aegrotabant
1268 1228 1283 1253 ,
1315 1202 1500 1241 rursus
1525 1192 1894 1258 prosequitur,
1927 1191 2008 1245 id-
2091 1195 2104 1203 '

429 1267 574 1322 circo
597 1268 898 1326 auditorum
921 1273 1179 1342 judicium
1205 1277 1363 1331 etiam
1386 1280 1630 1343 assumit,
1655 1295 1881 1351 eamque
1905 1282 2007 1338 hoc

429 1368 590 1428 pacto
614 1361 845 1418 adstruit
869 1381 883 1429 ;
916 1382 1020 1420 non
1041 1377 1218 1421 tamen
1245 1369 1466 1438 perinde
1489 1380 1545 1424 ut
1572 1381 1716 1437 ante,
1744 1373 1838 1428 sed
1864 1375 2010 1429 velut

431 1465 498 1504 ex
542 1451 712 1507 altera
757 1456 1038 1511 occasione
1079 1459 1131 1510 in
1174 1474 1298 1512 eum
1345 1474 1647 1516 sermonem
1691 1463 2004 1533 ingressus:

428 1541 536 1605 jam
567 1541 706 1596 enim
729 1558 913 1598 eorum
941 1561 1179 1601 errorem
1201 1560 1548 1616 correxerat;
1578 1553 1776 1622 aitque,
1806 1554 2008 1610 Scimus

433 1634 569 1702 quod
601 1635 642 1687 si
679 1639 927 1690 terrestris
965 1639 1146 1693 domus
1175 1653 1349 1694 nostra
1375 1643 1529 1712 hujus
1559 1645 1869 1701 tabernaculi
1899 1649 2006 1703 dis-

430 1723 674 1786 solvatur,
708 1727 1097 1794 cdi/icationem
1134 1747 1199 1784 ea:
1238 1730 1346 1785 Deo
1387 1733 1647 1799 habemus,
1676 1738 1878 1790 domum
1907 1755 2008 1792 non

431 1817 790 1885 manufactam,
804 1820 1121 1879 wternamin
1135 1823 1293 1876 oculis.
1322 1824 1456 1879 Sunt
1474 1825 1564 1895 qui
1587 1842 1680 1896 per
1701 1837 2006 1885 terrestrem

427 1903 643 1960 domum
673 1908 928 1962 mundum
960 1909 1100 1965 hunc
1125 1914 1421 1984 intelligant
1450 1933 1464 1969 :
1491 1932 1591 1987 ego
1621 1934 1749 1974 vero
1779 1919 1860 1976 his
1889 1937 2010 1976 ver-

429 1995 511 2050 bis
534 2011 730 2067 cnrpus
757 2001 934 2069 potius
961 2003 1286 2059 subindicari
1316 2009 1705 2065 contenderim.
1732 2012 1904 2082 Atque
1926 2012 2010 2068 hic

429 2085 589 2141 velim
617 2089 948 2157 consideres,
980 2095 1250 2161 quomodo
1281 2112 1375 2165 per
1405 2100 1618 2155 nomina
1664 2102 1778 2170 ipsa
1824 2113 2010 2158 osten-

429 2179 541 2246 dat,
583 2191 837 2249 quantum
885 2183 1059 2238 futura
1104 2190 1454 2255 praesentibus
1492 2195 1832 2250 antecellunt.
1878 2197 2008 2251 Nam

431 2287 553 2326 cum
588 2283 894 2329 terrestrem
937 2274 1197 2343 dixisset,
1243 2281 1514 2338 caalestem
1556 2288 1838 2355 opposuit;
1886 2304 2008 2344 cum

433 2361 762 2417 tabernaculi
793 2363 1028 2430 domum,
1073 2381 1180 2437 quo
1224 2371 1390 2424 verbo
1434 2371 1627 2428 lluxam
1673 2383 1728 2431 et
1766 2375 2008 2448 fragilem

435 2452 601 2520 ipsius
621 2461 864 2507 naturam
890 2453 1143 2522 declarat,
1171 2469 1425 2514 aeternam
1452 2462 1680 2532 objecit:
1709 2468 1906 2521 etenim
1934 2476 2012 2523 ta-

436 2543 706 2598 bernaculi
751 2559 940 2600 nomen
979 2547 1298 2620 plerumque
1337 2555 1718 2623 temporarium
1757 2558 2009 2626 quiddam

435 2633 630 2689 indicat
653 2653 666 2688 :
688 2651 752 2689 ac
778 2637 1000 2705 proinde
1023 2640 1200 2695 aiebat
1235 2641 1478 2698 Christus
1497 2685 1512 2711 ,
1550 2644 1618 2698 In
1647 2647 1796 2702 domo
1838 2649 2011 2708 Patris

433 2725 530 2779 inci
550 2730 834 2782 mansiones
855 2731 1030 2784 multa
1047 2741 1165 2786 sunt
1191 2733 1371 2804 (Joan.
1402 2738 1489 2791 14.
1517 2737 1594 2808 2).
1620 2740 1771 2806 Quod
1800 2743 1844 2798 si
1867 2743 2012 2800 Scri-

435 2826 586 2885 ptura
613 2819 842 2888 quietem
869 2835 1178 2880 sanetorum
1211 2827 1534 2884 tabernaculi
1566 2834 1779 2890 nomine
1805 2837 2007 2905 ustiiam

431 2908 683 2979 appellat,
713 2927 818 2967 non
858 2914 1172 2984 simpliciter
1196 2916 1326 2972 dicit
1359 2920 1698 2978 tabernacula
1719 2967 1733 2990 ,
1766 2926 1858 2981 sed
1888 2943 2008 2984 cum

431 2998 616 3054 addito
642 3017 658 3056 :
688 3017 794 3057 non
823 3004 963 3060 enim
990 3006 1147 3074 dixit,
1175 3007 1245 3064 Ut
1272 3025 1368 3064 vos
1397 3013 1655 3082 recipiant
1681 3016 1731 3068 in
1764 3017 2012 3074 taberna-

430 3091 568 3157 cula,
610 3093 740 3160 sed,
769 3093 837 3148 In
873 3104 1060 3150 aeterna
1105 3099 1426 3155 tabernacula
1458 3103 1609 3173 (Luc.
1645 3107 1731 3163 16.
1772 3107 1848 3179 9).
1891 3109 2008 3166 Jatn

433 3195 562 3236 vero
589 3196 708 3237 cum
747 3183 901 3250 dixit,
937 3185 1058 3240 Non
1097 3192 1468 3261 manufactam,
1514 3209 1655 3262 eam,
1694 3212 1812 3267 qua:
1850 3216 2010 3256 manu

430 3283 736 3328 constructa
773 3285 876 3342 est,
921 3278 1295 3335 subindicavit.
1342 3282 1478 3348 Quid
1523 3285 1703 3355 igitur,
1744 3304 2010 3360 corpusne

430 3381 589 3419 manu
634 3367 906 3421 conditum
951 3370 1073 3424 est?
1111 3371 1328 3454 Minime
1356 3389 1530 3430 vero:
1573 3379 1665 3432 sed
1707 3381 1790 3435 vel
1819 3382 2010 3441 domos

429 3455 759 3512 tnanufactas
787 3457 1064 3530 designat;
1094 3462 1177 3517 vel
1207 3464 1251 3517 si
1295 3480 1400 3519 non
1432 3467 1501 3521 ita
1521 3509 1537 3533 ,
1577 3467 1796 3526 domum
1829 3474 2007 3530 taber-

429 3547 603 3601 naculi
633 3562 827 3618 corpus
856 3567 962 3606 non
987 3554 1345 3611 manufactum
1368 3561 1597 3618 vocavit.
1627 3562 1742 3618 Non
1771 3568 1912 3622 enim
1940 3569 2005 3623 ad

428 3641 881 3708 comparationem
930 3642 1060 3708 illud
1106 3649 1376 3716 opposuit,
1418 3650 1514 3707 sed
1543 3657 1782 3710 encomia
1812 3669 1867 3714 et
1895 3660 2009 3715 Iau-

431 3728 528 3784 des
557 3728 834 3799 adjiciens.
867 3733 923 3788 2.
951 3733 1092 3788 Nam
1115 3746 1160 3792 et
1189 3738 1242 3792 in
1267 3741 1361 3794 hoc
1386 3742 1781 3812 ingemiscimus,
1811 3749 2010 3804 habita-

425 3818 611 3872 tionem
640 3829 884 3888 nostram,
907 3838 1020 3892 qua
1044 3826 1107 3879 de
1134 3829 1258 3882 catlo
1285 3841 1378 3896 est,
1406 3836 1703 3902 superindui
1728 3841 2003 3908 cupientes.

427 3908 596 3976 Quam
631 3909 1048 3970 habitationem?
1085 3916 1292 3988 Corpus
1330 3937 1360 3975 a
1385 3927 1727 3994 corruptione
1751 3931 2004 3988 alienum.

431 4002 498 4056 Et
521 4019 616 4057 cur
643 4020 783 4060 nunc
813 4007 1246 4077 ingemiscimus?
1272 4013 1532 4080 Quoniam
1557 4019 1684 4074 illud
1715 4022 1872 4093 longe
1895 4040 2008 4081 me-

431 4092 535 4148 lius
559 4102 659 4150 est.
688 4095 760 4151 De
788 4098 920 4153 cazlo
939 4108 1118 4156 autem
1148 4103 1318 4172 ipsum
1346 4122 1468 4164 esse
1493 4109 1587 4176 ait,
1615 4113 1738 4181 quia
1764 4092 1830 4170 ab
1856 4118 2005 4171 omni

427 4187 770 4255 corruptione
796 4189 1031 4247 immune
1055 4203 1156 4248 est.
1187 4194 1302 4249 Non
1335 4199 1476 4253 enim
1503 4215 1698 4271 corpus
1724 4219 1754 4259 e
1781 4207 1913 4261 caelo
1938 4208 2005 4262 ad

423 4289 522 4331 nos
548 4277 848 4347 delabitur,
888 4283 981 4338 sed
1025 4283 1127 4340 hoc
1155 4289 1412 4344 vocabulo
1454 4294 1676 4363 gratiam
1718 4297 1863 4352 illinc
1890 4315 2004 4356 ma-

423 4377 640 4424 nantem
670 4369 887 4428 indicat.
920 4373 1179 4440 Quocirca
1211 4389 1410 4436 tantum
1439 4386 1588 4440 abest
1617 4396 1674 4441 ut
1701 4389 1771 4444 ob
1797 4401 2002 4447 certum

421 4458 634 4530 aliquod
667 4463 1016 4520 tentationum
1047 4483 1213 4537 genus
1256 4471 1541 4528 dolendum
1587 4477 1692 4544 sit,
1740 4489 1798 4534 ut
1843 4483 2002 4538 etiam

419 4548 645 4619 quodvis
690 4554 1040 4610 tentationum
1085 4574 1256 4628 genus
1283 4574 1537 4634 expetere
1577 4566 1866 4626 debeamus
1895 4589 1909 4626 :
1939 4589 2001 4630 ac

420 4639 466 4692 si
497 4638 718 4706 diceret,
752 4642 1058 4712 lngemiscis
1079 4649 1150 4703 ob
1183 4655 1642 4723 persequutiones,
1675 4667 1730 4714 et
1754 4660 1874 4730 quia
1901 4677 2003 4718 ex-

423 4739 608 4783 ternus
637 4740 758 4785 tuus
788 4732 948 4789 homo
975 4741 1370 4810 corrumpitur?
1394 4744 1503 4800 imo
1541 4747 1831 4818 ingemisce
1858 4755 1999 4822 quod

423 4835 530 4875 non
555 4823 809 4892 majorem
840 4828 890 4880 in
918 4829 1132 4884 modum
1163 4831 1263 4888 boc
1299 4836 1410 4903 liat,
1441 4853 1540 4894 nec
1570 4840 1622 4894 in
1668 4852 1834 4898 totum
1875 4861 1999 4902 cor-

422 4923 722 4982 rumpatur.
755 4917 988 4978 Videsne
1017 4939 1249 4994 quonam
1281 4939 1437 4998 pacto
1459 4947 1760 4992 sermonem
1790 4939 1842 4994 in
1863 4955 1997 4996 con-

423 5005 644 5058 trarium
705 5013 968 5078 verterit;
1029 5017 1321 5073 ostendens
1370 5021 1491 5078 ideo
1544 5025 1997 5096 ingemiscendum

423 5107 543 5150 esse
567 5136 579 5155 .
610 5098 750 5165 quod
781 5115 884 5154 non
911 5104 1189 5162 confertim
1217 5113 1496 5180 venerint,
1523 5132 1641 5170 cum
1672 5119 1744 5173 illi
1775 5121 1998 5192 ingemi-

421 5194 574 5239 scant
601 5188 740 5255 quod
773 5205 866 5259 per
891 5205 1070 5262 partes
1108 5201 1356 5256 veniant?
1387 5203 1514 5260 Ideo
1533 5207 1642 5274 jam
1667 5188 1861 5280 corpus
1888 5230 1992 5270 non

420 5275 818 5335 tabernaculum
844 5285 1097 5354 appellat,
1130 5292 1224 5346 sed
1251 5291 1665 5364 habitationem;
1699 5275 1857 5371 idque
1886 5321 1993 5363 non

418 5367 536 5422 sine
565 5383 753 5440 magna
785 5375 1010 5429 ratione.
1043 5378 1463 5441 Tabernaculum
1494 5391 1637 5445 enim
1683 5392 1836 5450 facile
1881 5398 1993 5453 dis-

416 5459 663 5524 solvitur,
689 5463 814 5517 illud
845 5475 1020 5520 autem
1045 5484 1300 5541 perpetuo
1330 5489 1525 5534 manet.
1558 5483 1612 5538 5.
1645 5484 1708 5539 Si
1727 5495 1890 5540 tamen
1910 5505 1995 5543 ve-

411 5551 535 5614 stiti,
577 5567 676 5606 non
725 5555 850 5608 nudi
894 5558 1226 5616 inveniamur.
1276 5565 1388 5622 lloc
1413 5579 1514 5637 est,
1551 5574 1760 5631 etiamsi
1799 5593 1992 5650 corpus

415 5641 840 5714 deposuerimus,
871 5663 979 5704 non
1004 5659 1178 5706 tamen
1203 5654 1319 5711 sine
1340 5671 1563 5732 corpore
1592 5664 1698 5721 illic
1716 5641 1988 5742 sistentur,

1139 253 1197 311 S.
1235 256 1513 314 JOANNIS
1549 255 2021 316 CHRYSOSTOMI
2063 259 2380 318 ARClIlEP.
2419 264 2956 330 CONSTANTINOP.
3591 294 3650 348 αξ

2117 373 2213 430 sed
2237 391 2357 430 cum
2381 377 2571 435 eodem
2594 380 2981 454 incorruptibili
3001 385 3218 444 eﬂecto.
3249 391 3491 460 Quidam
3509 397 3650 460 δια-ι,

2113 465 2167 520 id
2196 467 2338 536 quod
2365 467 2652 525 admodum
2685 475 2854 542 probo
2881 493 2895 530 :
2925 476 2990 532 Si
3012 479 3224 549 quidem
3244 485 3447 551 vestiti,
3475 505 3654 548 una:

2109 551 2442 614 inveniamur.
2471 558 2550 614 Ne
2577 561 2722 616 enim
2751 577 2940 622 omnes
2966 567 3038 623 ob
3067 575 3538 633 resurrectionem
3571 600 3652 639 ras.

2111 644 2296 714 ﬁdant,
2327 649 2423 716 ait,
2456 650 2518 708 Si
2545 661 2712 710 tamen
2736 659 2901 712 vestiti
2923 659 3067 717 :hoc
3091 673 3199 729 est,
3233 666 3654 739 incon-optima

2112 744 2218 792 tem
2245 747 2405 809 atque
2434 742 2736 802 immortale
2763 763 2958 820 corpus
2983 759 3360 826 consequuti;
3395 777 3460 813 ac
3478 779 3654 822 Iun;

2106 829 2442 896 inveniamur,
2469 835 2638 904 gloria
2667 853 2729 894 ac
2754 843 3060 900 securitate.
3090 847 3144 902 ld
3172 849 3333 919 quod
3366 852 3424 905 in

2109 933 2320 990 quoque
2347 923 2412 978 ad
2441 926 2749 986 Corinthios
2769 933 2995 1004 epistola
3016 938 3265 1006 dicebat,
3303 941 3501 1001 0m
3521 951 3656 1015 stin

2109 1024 2442 1082 resurgemus,
2475 1027 2523 1071 et
2546 1020 2599 1073 in
2630 1037 2721 1076 suo
2750 1026 2959 1097 quisque
2983 1032 3165 1087 ordine
3193 1035 3278 1104 (l.
3317 1035 3448 1090 Cor.
3483 1041 3559 1096 15.
3588 1046 3656 1103 23'.
3694 1047 3696 1058 ³

2110 1108 2184 1164 et,
2210 1101 2346 1157 Sunt
2367 1121 2582 1176 corpora
2597 1115 2837 1179 caelestia,
2859 1128 2977 1172 sunt
2993 1131 3038 1173 et
3059 1101 3338 1178 terrestria
3358 1127 3522 1200 (Ibid.
3537 1148 3576 1185 ι.
3590 1101 3658 1189 lii

2109 1187 2240 1244 Nam
2281 1199 2582 1253 communis
2626 1212 2709 1256 est
2736 1207 2974 1262 omnium
3004 1187 3381 1284 resurrectio,
3429 1221 3521 1275 sed
3553 1229 3658 1293 gis;

2109 1294 2214 1334 non
2249 1282 2373 1338 item
2418 1294 2718 1349 communis
2758 1307 2841 1351 est
2873 1315 2887 1352 :
2919 1315 3104 1357 verum
3151 1306 3256 1360 alii
3303 1323 3442 1365 cum
3483 1312 3656 1374 bonum.

2109 1369 2199 1424 alii
2228 1387 2348 1427 cum
2391 1377 2679 1446 ignominia
2700 1425 2716 1450 ,
2745 1386 2836 1441 alii
2866 1389 2932 1444 ad
2963 1407 3219 1463 regnum,
3273 1400 3378 1455 alii
3423 1403 3490 1456 ad
3517 1421 3660 1473 pm;

2119 1468 2478 1522 resurrecturi
2511 1481 2657 1526 sunt.
2687 1475 2842 1542 Quod
2880 1483 3042 1538 etiam
3074 1486 3268 1556 ipsum
3302 1492 3405 1548 hic
3440 1496 3656 1558 indicati.

2115 1562 2238 1605 cum
2267 1555 2422 1624 dixit,
2456 1557 2519 1613 Si
2548 1572 2721 1618 tamen
2753 1572 2927 1625 vestiti
2956 1592 3019 1628 ac
3047 1555 3152 1633 non
3181 1585 3329 1636 nudi
3363 1586 3644 1646 int-aiam

2110 1640 2165 1695 4.
2199 1641 2340 1699 Nam
2370 1659 2418 1702 et
2450 1667 2565 1715 nos,
2591 1657 2680 1723 qui
2708 1673 2889 1715 sumus
2919 1665 2973 1718 in
3002 1667 3100 1721 hoc
3136 1640 3656 1752 tabernaculo,:,«s-

3525 1733 3537 1742 .
3568 1733 3575 1734 κ
3607 1733 3638 1752 ,-

2107 1733 2376 1790 miscimus
2409 1747 2635 1811 gravati,
2669 1763 2729 1801 eo
2770 1753 2910 1820 quod
2953 1759 3209 1818 nolumus
3256 1772 3576 1838 exspoliari,
3602 1795 3654 1829 te:

2103 1831 2461 1892 supervestiri.
2506 1883 2508 1886 ,

2180 1917 2234 1974 2.
2277 1921 2389 1977 lloc
2416 1939 2627 1980 rursum
2658 1929 2777 1984 loco
2806 1931 2962 2000 plene
2999 1943 3163 2007 atque
3193 1950 3410 2010 aperte
3442 1943 3660 2004 heredes
3694 1917 3696 1996 ξ

2112 2026 2229 2064 rum
2253 2028 2349 2068 ora
2375 2013 2659 2083 obstruxit,
2682 2034 2804 2074 cum
2829 2025 3078 2094 ostendit,
3107 2044 3170 2084 se
3199 2045 3323 2086 non
3348 2033 3427 2089 de
3453 2037 3664 2109 alicam

2110 2101 2216 2156 alio
2238 2118 2466 2175 corpore
2504 2109 2822 2180 simpliciter
2853 2116 3014 2172 verba
3047 2117 3276 2190 facere,
3309 2126 3422 2181 sed
3453 2127 3521 2185 de
3545 2148 3648 2187 coa-

2116 2193 2297 2260 ptione
2340 2206 2500 2267 atque
2547 2201 2965 2274 incorruptione.
3009 2208 3203 2282 Neque
3264 2217 3432 2271 enim
3479 2236 3540 2276 ea

2112 2285 2498 2356 ingemiscendi
2545 2308 2704 2349 causa
2740 2308 2844 2363 est,
2875 2307 2932 2354 ut
2973 2316 3211 2374 corpore
3252 2308 3564 2368 liberemur
3587 2291 3696 2374 ita:

2111 2379 2308 2449 quippe
2335 2397 2439 2436 non
2461 2400 2658 2442 exuere
2685 2390 3002 2465 volumus);
3034 2413 3232 2458 verum
3261 2403 3342 2459 de
3364 2413 3664 2477 compdes.
3694 2413 3696 2422 '

2112 2483 2231 2538 quae
2261 2471 2360 2541 ipsi
2407 2474 2564 2542 inest,
2600 2478 2732 2533 solvi
2774 2495 3146 2553 properamus.
3182 2490 3367 2550 Unde
3398 2471 3558 2553 etiam
3577 2501 3664 2555 de:

2110 2562 2365 2621 Nolumus
2404 2583 2598 2638 corpus
2645 2587 2869 2640 exuere,
2925 2579 3021 2634 sed
3078 2581 3269 2652 ipsum
3324 2589 3666 2660 incorruptis:—

2113 2658 2497 2724 supervestire.
2539 2662 2713 2734 Atque
2747 2666 2862 2721 haec
2889 2671 3052 2726 verba
3091 2687 3226 2729 mox
3256 2681 3524 2749 exponit,
3553 2658 3666 2738 lte-

2110 2747 2387 2811 sorbeatur,
2418 2753 2552 2820 quod
2577 2758 2902 2826 corruptibile
2925 2771 3018 2827 est,
3041 2779 3074 2816 a
3093 2766 3220 2820 vita.
3263 2747 3421 2838 Qdia
3454 2776 3582 2828 enim
3603 2794 3664 2829 Is-

2113 2837 2308 2895 lestum
2359 2844 2626 2916 plerisque
2673 2863 2794 2906 esse
2835 2852 3120 2912 videbatur
3158 2837 3388 2932 corpus
3445 2866 3664 2938 deporat.

2111 2938 2271 3000 atque
2309 2949 2428 2989 cum
2470 2940 2706 2995 omnium
2746 2946 3050 3003 mortalium
3091 2952 3395 3026 suﬂ’ragiis

2111 3021 2317 3088 dicens,
2359 3025 2741 3099 lngemiscimus
2762 3075 2777 3102 ,
2807 3039 3049 3097 nolentes
3077 3059 3148 3099 eo
3173 3046 3450 3118 liberari,
3485 3055 3558 3126 (si
3581 3072 3662 3109 res:

2111 3115 2284 3168 anima
2327 3133 2447 3172 cum
2487 3121 2555 3175 ab
2589 3124 2705 3193 ipso
2727 3126 3067 3200 disjungitur,
3092 3135 3147 3190 in
3176 3145 3353 3193 tanto
3385 3115 3533 3198 luctu
3553 3162 3664 3199 rcis:-

2115 3215 2218 3274 tur,
2249 3226 2502 3280 quorsum
2534 3213 2638 3270 hoc
2661 3217 2761 3285 ais,
2794 3236 2890 3277 nos
2918 3224 3119 3282 idcirco
3152 3229 3560 3301 ingemiscere,

2112 3313 2218 3355 non
2243 3302 2310 3356 ab
2340 3318 2404 3357 eo
2428 3303 2789 3365 distrahamur
2801 3313 2874 3384 ἲ),
2891 3331 2959 3371 ne
2981 3316 3142 3387 igitur
3167 3321 3304 3378 lucc
3342 3327 3456 3396 ipsi
3483 3302 3662 3398 objiciu-

2112 3397 2217 3458 tur,
2248 3395 2483 3449 occurrit
2517 3407 2572 3452 et
2601 3399 2675 3454 ait
2706 3417 2720 3453 :
2751 3401 2868 3456 Non
2899 3419 2999 3475 ego
3041 3407 3147 3465 hoc
3197 3395 3373 3478 dico,
3404 3395 3618 3487 quodni

2112 3478 2524 3551 ingemiscamus
2553 3528 2566 3552 ,
2615 3499 2674 3543 ut
2721 3505 2914 3560 corpus
2957 3495 3311 3567 deponamns
3349 3509 3552 3575 (nemo
3576 3515 3658 3566 es:

2110 3584 2214 3639 est,
2253 3576 2342 3643 qui
2370 3578 2488 3633 sine
2523 3581 2685 3636 animi
2713 3587 2963 3641 maestitia
2987 3589 3161 3658 ipsum
3188 3593 3461 3666 deponat
3497 3605 3658 3671 παρὲξ.

2111 3680 2231 3720 cum
2278 3667 2348 3723 de
2384 3669 2544 3725 Petro
2585 3689 2798 3744 quoque
2838 3676 2982 3734 dicat
3007 3678 3294 3751 Christus,
3333 3667 3660 3756 τοιίειίιίές.

2111 3759 2294 3814 ducent
2317 3777 2415 3830 quo
2441 3779 2541 3818 non
2565 3766 2637 3819 vis
2673 3762 2850 3838 [Joan.
2879 3769 2970 3826 2i.
3000 3771 3130 3845 18])
3163 3793 3178 3840 ;
3211 3781 3329 3834 sed
3361 3792 3426 3836 ut
3455 3785 3661 3838 immem-

2113 3852 2278 3909 litatis
2322 3865 2470 3912 veste
2509 3857 2682 3927 ipsum
2730 3863 3197 3932 superinduamus.
3255 3871 3390 3928 Hoc
3428 3879 3560 3931 enim
3595 3895 3658 3932 ssi.

2111 3960 2207 4014 per
2245 3948 2385 4016 quod
2415 3965 2644 4020 corpore
2668 3968 2970 4024 gravantur,
3003 3974 3107 4013 non
3141 3964 3300 4030 quod
3333 3982 3562 4038 corpore
3587 3990 3660 4018 m-

2111 4040 2282 4092 vcstiti
2312 4028 2528 4108 sumus,
2559 4043 2652 4098 sed
2683 4045 2822 4114 quod
2865 4028 3200 4117 corruptibili
3230 4065 3299 4107 et
3331 4028 3570 4125 passibili

2110 4142 2280 4197 pore;
2315 4147 2434 4185 nam
2488 4133 2588 4188 hoc
2635 4145 2718 4189 est
2767 4137 2907 4207 quod
2953 4141 3106 4195 nobis
3159 4159 3481 4204 maerorem
3523 4151 3634 4204 ade-1

2109 4233 2296 4274 verum
2343 4223 2606 4278 accedens
2657 4225 2761 4280 vita
2805 4231 3210 4300 corruptionem
3272 4241 3512 4296 coniicit
3555 4257 3660 4306 ain:

2106 4309 2359 4378 absumit,
2407 4329 2512 4368 non
2559 4316 2683 4372 item
2711 4333 2926 4389 corpus.
2960 4323 3026 4378 Et
3054 4329 3350 4394 quomodo
3396 4334 3503 4389 hoc
3531 4336 3657 4388 im

2107 4405 2240 4472 quit.
2294 4403 2373 4459 Ne
2419 4421 2648 4475 quzeras,
2702 4411 2839 4467 Deus
2879 4413 2978 4470 hoc
3022 4415 3154 4473 facit
3185 4439 3201 4475 :
3231 4438 3309 4478 ne
3353 4428 3562 4482 curiose
3597 4429 3656 4479 ἔστ

2107 4496 2376 4562 exquiras.
2405 4495 2555 4552 Unde
2577 4501 2735 4555 etiam
2762 4503 2989 4574 subjecit
3021 4525 3034 4560 :
3067 4509 3120 4562 5.
3154 4510 3259 4576 Qui
3282 4525 3466 4569 αυιωι
3487 4518 3656 4578 megi-

2105 4583 2172 4636 cit
2214 4584 2268 4636 in
2315 4585 2409 4639 hoc
2450 4587 2640 4658 ipsum,
2673 4589 2834 4647 Deus.
2864 4594 3074 4662 Quibus
3099 4601 3291 4658 verbis
3325 4608 3562 4663 ostendit
3580 4609 3650 4661 λετ

2100 4675 2210 4745 jam
2237 4677 2364 4732 olim
2395 4680 2609 4738 decreta
2638 4685 2818 4743 fuisse.
2851 4689 2966 4745 Non
3006 4694 3150 4750 enim
3183 4713 3342 4756 nunc
3382 4706 3592 4774 primum
3613 4721 3650 4755 ,λ

2104 4766 2277 4822 visum
2321 4779 2404 4825 est
2442 4771 2584 4838 Deo,
2628 4776 2720 4831 sed
2761 4793 2880 4834 cum
2910 4795 2939 4834 a
2983 4783 3250 4856 principio
3295 4807 3411 4849 nos
3456 4810 3519 4849 ex
3553 4807 3648 4847 tam

2105 4855 2373 4926 formavit,
2401 4871 2560 4933 atque
2598 4867 2861 4923 Adamum
2892 4855 3169 4930 condidits
3195 4879 3314 4936 Nec
3342 4901 3480 4940 vero
3498 4902 3598 4940 eun
3623 4902 3644 4934 ι

2104 4945 2206 5002 hnc
2231 4950 2491 5020 condidit,
2533 4963 2592 5009 ut
2615 4968 2932 5029 moreretur,
2964 4965 3056 5019 sed
3084 4977 3139 5021 ut
3179 4969 3543 5030 immortalem
3565 4993 3640 5029 es:

2102 5037 2357 5095 efﬁceret.
2386 5043 2573 5099 Postea
2599 5057 2656 5101 ut
2679 5047 2836 5104 ﬁdem
2863 5051 3017 5108 dictis
3038 5057 3379 5129 adstrueret,
3407 5069 3630 5136 snbjml

2105 5128 2207 5195 Qui
2238 5133 2387 5186 etiam
2409 5135 2548 5189 dedit
2580 5139 2721 5194 nobis
2750 5142 2932 5211 pignus
2954 5145 3205 5215 Spiritus.
3235 5128 3380 5210 Nam
3409 5167 3464 5212 et
3615 5157 3646 5194 -’

2075 5233 2078 5236 '
2103 5219 2244 5275 hunc
2272 5221 2430 5277 ﬁnem
2460 5224 2730 5283 hominem
2758 5231 2984 5300 eflinxit,
3006 5245 3061 5290 et
3088 5254 3232 5295 nunc
3248 5259 3353 5312 per
3375 5247 3636 5316 baptisma

2100 5308 2292 5374 ell‘erit,
2319 5312 2540 5383 ejusque
2565 5318 2641 5371 rei
2663 5333 2764 5373 non
2789 5337 3006 5390 parvum
3035 5329 3194 5383 nobis
3221 5308 3423 5404 pignus

2102 5416 2295 5472 nempe
2323 5404 2581 5472 Spiritum
2609 5420 2871 5467 sanctum.
2894 5414 3230 5487 Frequenter
3248 5404 3632 5496 autem‘pignvs

2075 5493 2362 5549 vocabulo
2405 5497 2593 5564 utitur,
2627 5508 2738 5555 tum
2777 5511 2838 5557 ut
2867 5504 3205 5566 demonstret
3232 5528 3289 5569 se
3337 5493 3629 5582 totius'hajs

2098 5585 2174 5638 rei
2201 5585 2497 5643 debitorem
2527 5604 2647 5646 esse
2665 5633 2680 5658 ,
2713 5607 2821 5648 tum
2849 5605 2906 5650 ut
2943 5598 3206 5668 majorem
3232 5604 3397 5660 ﬁdem
3422 5608 3548 5677 apud
3567 5621 3628 5659 ss-

2101 5677 2329 5733 tusiores
2349 5678 2526 5735 verbis
2543 5682 2653 5737 suis
2679 5685 2946 5742 conciliet.
2965 5689 3021 5746 6.
3044 5691 3290 5749 Audentes
3312 5697 3627 5768 igitr-ww
