3696 6212
85 211 164 267 467
1037 207 1104 265 IN
1138 207 1360 266 EPIST-.
1416 205 1461 264 ll
1504 202 1580 262 Ᾱῐ

1753 210 1785 264 ι.
1829 208 2067 268 HOMIL.
2114 212 2181 270 Χ.

80 330 169 383 ἀλλ’
190 326 249 391 ὡς
282 324 328 392 ἐξ
363 325 544 397 ἑτέρας
580 327 887 391 ὑποθέσεως
923 330 1005 392 εἰς
1042 328 1200 384 τοῦτο
1241 329 1428 383 ἐλθών·
1472 328 1564 382 καὶ

80 422 160 491 γὰρ
179 411 287 488 ἦσαν
309 417 669 487 διορθωθέντες
699 418 822 489 ήδη·
846 419 940 473 καί
979 437 1162 490 φησιν,
1198 420 1459 490 Οῖδαμεν
1477 421 1567 473 ὅτι

74 508 208 575 ἐὰνή
233 508 455 578 ἐπίγειος
482 508 649 578 ἡμῶν
682 512 840 564 οιιιία
865 510 973 563 τοῦ
998 510 1274 578 σκήνους
1304 516 1567 565 καταλυ-

71 603 147 671 θῇ,
173 601 245 654 ὅτι
264 600 561 670 οἰκοδομὴν
582 600 651 653 ἐκ
679 602 829 656 Θεοῦ
854 602 1094 672 ἔχομεν,
1116 602 1314 657 οὶκίαν
1338 603 1568 670 ἀχειρο-

71 694 289 761 ποίητον,
339 692 566 743 αἰώνιον
618 691 689 744 ἐν
732 690 856 757 τοῖς
894 692 1195 760 οὐρανοῖς.
1232 691 1382 763 [506]
1412 692 1567 753 Τινὲς

69 783 149 857 μὲν
172 785 252 855 τὴν
270 782 420 835 οἰκίαν
443 782 540 853 τὴν
563 781 806 849 ἐπίγειον
830 782 919 836 τὸν
942 783 1144 853 κόσμον
1167 782 1355 837 τοῦτόν
1380 799 1565 852 φασιν·

69 878 154 948 ἑγὼ
175 877 221 930 δὲ
246 875 297 927 τὸ
327 874 472 944 σῶμα
499 874 698 945 μᾶλλον
726 874 794 928 ἂν
824 876 990 946 φαίην
1018 875 1181 929 αὐτὸν
1210 876 1564 928 αἰνίττεσθαι.

69 972 119 1023 Σὺ
166 966 212 1021 δέ
256 984 331 1036 μοι
366 966 570 1029 σκόπει,
602 966 719 1029 πῶς
750 966 840 1019 διὰ
873 966 982 1019 τῶν
1020 968 1300 1039 ὀνομάτων
1332 968 1569 1022 δείκνυσι

69 1062 140 1131 τὴν
168 1057 399 1129 ὑπεροχὴν
425 1057 533 1110 τῶν
561 1056 867 1128 μελλόντων
898 1057 1037 1128 πρὸς
1064 1058 1134 1112 τὰ
1175 1059 1439 1128 παρόντα.
1477 1057 1569 1109 El-

69 1151 156 1203 τὼν
181 1149 271 1219 γὰρ
293 1148 537 1215 ἐπίγειον,
570 1147 834 1216 ἀντέθηκε
861 1148 959 1219 τὴν
983 1148 1261 1218 οὐρανίαν·
1288 1145 1459 1200 εἰπὼν
1491 1148 1569 1201 0’.-

69 1244 161 1296 ιίαν
190 1242 409 1311 σκήνους,
441 1240 534 1293 καὶ
557 1240 617 1292 τὸ
650 1239 954 1292 εὐδιάλυτον
980 1240 1073 1292 καὶ
1102 1240 1436 1309 πρόσκαιρον
1463 1236 1572 1290 δεί-

69 1336 135 1398 ξας
183 1331 418 1395 ἐντεῦθεν,
464 1330 730 1401 ἀντέθηκε
782 1332 882 1401 τὴν
928 1331 1170 1384 αἰωνίαν·
1213 1331 1274 1382 τὸ
1316 1332 1424 1400 γὰρ
1473 1330 1572 1399 τῆς

69 1424 229 1495 ῖκηνῆς
249 1425 423 1493 ὄνομα,
452 1421 514 1474 τὸ
536 1422 870 1492 πρόσκαιρον
898 1421 1157 1485 πολλάκις
1190 1421 1451 1475 δείκνυσι.
1482 1420 1574 1472 Διό

70 1531 207 1582 πησιν,
241 1514 329 1567 Ἐν
344 1511 413 1580 τῇ
438 1513 593 1579 οἰκίᾳ
615 1512 722 1566 τοῦ
748 1515 972 1581 Πατρός
990 1531 1111 1582 μου
1134 1514 1316 1583 μοναὶ
1345 1513 1573 1568 πολλαί

70 1608 199 1659 ἰσιν.
233 1603 285 1655 Εἰ
318 1604 369 1656 δέ
407 1615 510 1656 που
552 1606 646 1657 καὶ
671 1607 873 1669 σκηνὰς
902 1606 1089 1676 καλοίη
1123 1606 1231 1660 τῶν
1262 1607 1434 1674 ἁγίων
1474 1607 1571 1670 τὰς

72 1698 359 1761 ναπαύσεις,
402 1698 499 1766 οὐχ
528 1698 715 1762 ἁπλῶς
748 1697 972 1769 σκηνὰς,
1006 1699 1142 1754 ἀλλά
1172 1700 1311 1770 μετά
1335 1700 1575 1772 προσθή-

69 1807 145 1859 ης·
174 1789 228 1840 οὐ
262 1790 359 1859 γὰρ
386 1784 558 1853 εἶπεν,
591 1791 707 1843 Ἵνα
730 1790 988 1855 δέξωνται
1020 1793 1099 1855 είς
1128 1792 1225 1854 τὰς
1251 1792 1456 1863 σκηνάς
1471 1793 1573 1845 αὐ-

70 1880 148 1941 ῶν,
187 1879 311 1945 ἀλλ’,
341 1883 439 1944 Εἰς
464 1879 568 1945 τὰς
602 1882 880 1947 αἰωνίους
902 1882 1156 1951 σκηνάς.
1191 1881 1373 1937 Εἰπὼν
1402 1882 1458 1935 δὲ
1483 1883 1575 1935 καὶ

69 1972 463 2043 ὶχειροποίητον,
491 1975 709 2045 ᾐνίξατο
736 1975 834 2046 τὴν
858 1976 1251 2045 χειροποίητον.
1272 1975 1336 2026 Τί
1360 1972 1486 2039 οὖν;
1517 1974 1578 2026 τὸ

69 2065 174 2134 ὒμα
229 2065 621 2136 χειροποίητονς
678 2066 962 2136 Οὐδαμῶς·
1015 2066 1200 2136 ἀλλ’ἢ
1252 2065 1350 2129 τὰς
1399 2066 1575 2127 οἰκίας

69 2156 242 2209 ταῦθα
269 2157 551 2211 αἰνίττεται
581 2158 680 2220 τὰς
701 2160 1133 2228 χειροποιήτους·
1164 2158 1195 2227 ἢ
1224 2158 1271 2209 εί
1299 2156 1371 2228 μὴ
1395 2156 1573 2221 τοῦτο,

69 2246 133 2299 U.’
165 2248 335 2300 οὶκίαν
365 2249 593 2318 σκήνους
620 2248 680 2300 τὸ
708 2246 868 2317 σῶμα
898 2247 1123 2300 ἐκάλεσε
1150 2248 1209 2299 τὸ
1234 2247 1578 2317 ἀχειροποίη-

71 2360 118 2395 ν.
167 2342 241 2394 Οὐ
276 2342 376 2411 γάρ
402 2342 539 2413 πρὸς
575 2341 985 2414 ἀντιδιαστολὴν
1029 2342 1221 2395 τούτου
1256 2340 1574 2411 ἀντέθηκεν,

74 2432 117 2483 λ’
142 2431 322 2497 αὔξων
357 2432 421 2485 τὰ
469 2429 745 2502 ἐγκώμια,
775 2432 871 2485 καὶ
907 2431 1216 2503 προστιθεὶς
1250 2432 1377 2495 τοὺς
1420 2431 1579 2484 ἐπαί-

69 2540 142 2585 δς.
186 2522 295 2575 Καὶ
334 2522 440 2591 γὰρ
477 2523 546 2574 ἐν
584 2524 771 2588 τούτῳ
808 2520 1191 2591 στενάζομεν,
1226 2521 1293 2575 τὸ
1336 2521 1580 2590 οἰκητή-

69 2629 130 2663 9r
173 2610 340 2680 ἡμῶν
373 2613 437 2664 τὸ
477 2612 544 2676 ἐξ
588 2612 848 2680 οὐρανοῦ
882 2612 1333 2667 ἐπενδύσασθαι
1371 2614 1578 2667 ἐπιπο-

69 2705 271 2770 ῦντες.
310 2706 465 2756 Ποῖον
509 2706 855 2775 οἰκητήριον;
897 2705 1017 2758 εἰπέ
1067 2722 1179 2776 μοι.
1213 2706 1286 2758 Τὸ
1321 2705 1481 2776 σῶμα
1518 2706 1580 2757 τὸ

72 2795 299 2862 θαρτον.
327 2798 435 2850 Καὶ
459 2796 546 2850 διὰ
565 2797 617 2849 τί
642 2796 968 2868 στενάζομεν
999 2797 1122 2863 νῦν;
1158 2796 1373 2867 Ἐπειδὴ
1405 2794 1581 2866 πολλῷ

69 2894 211 2941 ίτιον
259 2890 453 2942 ἐκεῖνο.
502 2889 591 2955 Ἐξ
633 2887 865 2959 οὐρανοῦ
917 2888 973 2942 δὲ
1024 2889 1156 2942 αὐτό
1203 2907 1334 2960 φησι
1380 2889 1468 2942 διὰ
1520 2888 1583 2940 τὸ

69 2981 300 3047 θαρτον.
350 2981 424 3033 Οὐ
457 2980 565 3051 γὰρ
621 2980 685 3051 δὴ
737 2980 944 3036 ἀνωθεν
982 2982 1113 3051 ήμῖν
1148 2981 1360 3035 κάτεισι
1403 2980 1580 3049 σῶμα,

70 3073 127 3124 ιὰ
146 3072 255 3142 τὴν
285 3072 494 3124 ἐκεῖθεν
524 3072 884 3142 πεμπομένην
904 3072 1064 3143 χάριν
1094 3071 1244 3142 δηλοί
1265 3071 1583 3143 τῷρνόματι

69 3166 188 3235 λτῳ.
229 3165 497 3218 Τοσοῦτον
528 3161 620 3218 οὖν
651 3166 712 3218 οὐ
745 3166 825 3218 δεῖ
847 3166 1029 3234 ἀλγεῖν
1058 3165 1149 3220 ἐπὶ
1180 3168 1291 3229 τοῖς
1321 3166 1464 3220 κατά
1496 3166 1585 3234 μέ-

69 3276 74 3284 ·
108 3259 475 3328 πειρασμοῖς,
507 3258 587 3311 ὅτι
615 3258 711 3311 καὶ
737 3258 795 3310 τὸ
829 3258 1115 3313 καθολικὸν
1142 3259 1223 3313 δεῖ
1254 3258 1451 3329 ζητεῖν·
1478 3258 1584 3310 ὡσ-

69 3350 95 3400 t
146 3349 340 3417 ἔλεγε,
379 3349 593 3414 Στένεις
628 3350 709 3403 ὅτι
752 3350 943 3423 διώκῃ,
990 3352 1073 3405 ὅτι
1102 3350 1384 3421 φθείρεται
1423 3368 1515 3404 σου
1557 3353 1585 3403 ὁ

76 3456 287 3509 ρωπος
335 3441 363 3492 ὁ
414 3440 546 3506 age);
584 3441 833 3505 στέναξον
877 3443 959 3495 ὅτι
1005 3443 1063 3495 οὐ
1120 3443 1239 3513 μεθ’
1279 3443 1585 3514 ὑπερϐολῆς

69 3549 134 3584 το
160 3530 411 3599 γίνεται,
450 3532 584 3602 μηδὲ
607 3533 917 3605 ὁλοκλήρως
948 3534 1255 3605 φθείρεται.
1281 3531 1437 3598 Εἶδες
1466 3534 1585 3601 πῶς

81 3624 431 3678 τούναντίον
463 3625 787 3696 περιέτρεψε
827 3627 917 3679 τὸν
946 3626 1126 3697 λόγον,
1162 3627 1472 3693 ἀποδείξας,
1503 3628 1584 3682 ὅτι

70 3734 106 3785 ρ
144 3714 377 3767 τούτων
403 3715 485 3769 δεῖ
512 3716 787 3779 στενάζειν
822 3717 899 3787 μὴ
929 3717 1228 3788 γινομένων
1256 3717 1582 3789 ὁλοκλήρως,

70 3822 106 3875 ρ
161 3798 255 3858 ὧν
311 3804 561 3876 μερικῶς
602 3808 903 3877 γινομένων
946 3808 1265 3875 ὲστέναζονς
1292 3808 1392 3862 Διά
1429 3808 1587 3861 τοῦτο

69 3916 79 3949 ;
116 3900 351 3967 σκῆνος
386 3897 520 3950 αὐτὸ
560 3899 715 3951 καλεί
741 3899 950 3962 λοιπὸν,
976 3900 1092 3953 ἀλλ’
1123 3902 1457 3971 οἰκητήριον·
1494 3900 1586 3953 καὶ

70 4007 113 4042 οι
142 3990 425 4053 εἰκότως.
461 3990 523 4042 Ἢ
551 3990 650 4061 μὲν
672 3992 781 4061 γὰρ
806 3992 978 4063 σκηνὴ
1006 3992 1336 4047 καταλύεται
1366 3992 1584 4064 ῥᾳδίως,

71 4099 143 4134 νο
177 4081 253 4134 δὲ
291 4080 452 4150 μένει
475 4083 756 4154 διηνεκῶς.
788 4085 862 4137 Εἰ
891 4101 958 4153 γε
987 4084 1086 4139 καὶ
1119 4083 1517 4153 ἐνδυσάμενοι
1540 4096 1586 4145 ι,

70 4173 305 4242 -υμνοί
330 4176 801 4245 εὑρεθησόμεθα.
826 4175 1107 4239 Τουτέστι,
1133 4176 1238 4230 κᾶν
1258 4174 1591 4246 ἀποθώμεθα

69 4268 283 4336 ςῶμα,
316 4267 381 4319 οὐ
414 4268 583 4340 χωρὶς
626 4266 896 4339 σώματος,
940 4270 1058 4321 ἐκεῖ
1101 4267 1588 4339 παραστησόμεθα,

69 4378 82 4411 ι
135 4358 263 4412 καὶ
310 4358 459 4428 μετά
497 4358 593 4411 τοῦ
623 4358 787 4412 αὑτοῦ
828 4359 1113 4430 ἀφθάρτου
1146 4359 1463 4430 γενομένου.
1494 4361 1590 4412 Τι-

71 4449 150 4502 δέ
218 4464 431 4516 φασιν,
468 4447 497 4500 ὃ
535 4448 629 4501 καὶ
660 4448 893 4519 μάλιστα
930 4448 1231 4520 ἐγκριτέον·
1276 4450 1462 4518 Εἴπερ
1494 4449 1593 4503 καὶ

72 4539 427 4608 νσάμενοι,
474 4540 546 4591 οὺ
589 4539 804 4608 γυμνοὶ
847 4542 1312 4611 εὑρεθησόμεθα.
1339 4543 1459 4596 Ἵνα
1484 4542 1593 4612 γὰρ

69 4631 186 4682 an“;
235 4627 356 4697 τῆς
388 4627 743 4691 ἀναστάσεως
769 4629 970 4693 πάντες
1002 4629 1271 4702 θαῤῥῶσι,
1311 4631 1494 4703 φησίν·
1524 4634 1592 4687 El

74 4722 159 4773 αὶ
207 4718 662 4788 ἐνδυσάμενοι·
690 4722 990 4788 τουτέστιν,
1021 4722 1329 4795 ἀφθαρσίαν
1356 4725 1451 4776 καὶ
1488 4724 1594 4777 σῶ-

69 4812 403 4882 ἱφθαρτον
440 4813 716 4877 λαϐόντες·
765 4817 836 4868 οὺ
866 4817 1081 4885 γυμνοὶ
1126 4819 1591 4886 εὑρεθησόμεθα,

69 4923 92 4967 ς
142 4905 279 4957 καὶ
315 4904 649 4972 ἀσφαλείας.
690 4908 754 4959 "0
783 4907 874 4961 καὶ
904 4908 964 4961 ὲν
990 4910 1056 4978 τῇ
1091 4909 1198 4979 πρὸ
1225 4908 1426 4980 ταύτης
1460 4909 1594 4981 πρὸς

70 4994 321 5057 νθίους
353 4994 566 5063 ἔλεγεν,
593 4997 674 5048 ὅτι
699 4995 928 5062 Πάντες
959 4996 1078 5066 μὲν
1105 4998 1591 5067 ἀναστησόμεθα,

70 5103 238 5151 ’τος
274 5084 354 5138 δὲ
378 5087 451 5139 ἐν
472 5086 554 5151 τῷ
577 5087 704 5153 ἰδίῳ
727 5088 992 5158 τάγματι·
1021 5090 1137 5155 καὶ,
1165 5092 1227 5141 Ἕ
1232 5105 1330 5143 στι
1353 5090 1597 5160 σώματα

70 5178 355 5249 ράνια,
391 5178 493 5232 καὶ
517 5176 763 5249 σώματα
792 5182 1040 5251 ἐπίγεια.
1064 5182 1147 5235 Ἦ
1183 5183 1281 5253 μὲν
1319 5183 1426 5253 γάρ
1461 5184 1595 5238 ἀνά-

69 5289 134 5335 ις
185 5269 396 5339 κοινὴ
429 5270 668 5334 πάντων,
700 5273 731 5340 ή
757 5272 813 5325 δὲ
842 5272 970 5338 δόξα
993 5273 1179 5327 οὐκέτι
1205 5273 1381 5344 κοινὴ,
1406 5273 1522 5327 ἀλλ’
1545 5276 1594 5328 οἱ

70 5506 83 5537 ι
118 5485 439 5561 βρίεἱοὶῇε
465 5489 825 5561 Ρευιίωϐτεεε
861 5489 1050 5561 ιθςίιιιιξ
1076 5492 1228 5561 ﬂiam
1254 5496 1593 5561 ένδυσάμενοι,

70 5558 304 5599 :rtum
350 5551 577 5619 videtur,
601 5551 1000 5619 Chrysostqmﬁm
1040 5555 1119 5607 hic
1167 5559 1347 5617 legisse
1397 5551 1574 5610 ἔχ’δυσά

97 5619 188 5662 ut.
243 5623 335 5659 ex
366 5615 504 5662 serie
526 5615 635 5677 ejus
657 5617 1019 5678 comprobatur.

1674 331 1772 399 μὲν
1821 333 1877 382 ἐν
1917 335 2076 403 τιμῇ,
2114 334 2164 386 οί
2203 332 2259 386 δὲ
2292 332 2351 387 ὲν
2378 334 2592 406 ἀτιμίᾳ,
2624 336 2717 389 καὶ
2753 336 2801 390 οῖ
2846 336 2944 406 μὲν
2982 340 3060 402 είς
3091 338 3249 409 βασι-

1670 421 1839 488 λείαν,
1879 423 1929 474 οί
1972 422 2121 496 [507]
2164 425 2222 477 δὲ
2258 426 2339 489 είς
2367 425 2589 480 κόλασιν
2626 428 3046 496 ἀναστήσονται.
3078 430 3253 485 Τοῦτο

1668 510 1800 579 γοῦν
1830 513 1924 565 καὶ
1952 514 2187 568 ἐνταῦθα
2225 515 2492 584 ἐδήλωσεν
2518 515 2711 582 είπὼν,
2737 517 2808 568 ΕΖ
2832 534 2898 586 γε
2922 518 3252 589 ἐνδυσάμε-

1668 620 1783 665 νοι,
1820 605 1891 658 οὐ
1921 606 2133 675 γυμνοὶ
2157 608 2619 676 εὑρεθησόμεθα.
2640 608 2750 661 Καὶ
2774 607 2883 676 γὰρ
2908 611 2963 661 οἱ
2988 608 3157 673 ὄντες
3179 616 3242 662 εν

1669 693 1749 759 τῷ
1781 695 1995 761 σκήνει
2041 698 2249 762 τούτῳ,
2276 698 2656 767 στενάζομεν,
2698 699 2790 767 ἐφ’
2812 690 2859 763 ᾧ
2897 700 2970 753 οὐ
2994 701 3252 764 θέλομεν

1667 784 2062 851 ἐκδύσασθαι,
2092 790 2230 843 ἀλλ’
2258 790 2728 845 ἐπενδύσασθαι.
2764 844 2767 847 η

1741 879 1806 948 β’.
1858 880 2119 934 Ἐνταῦθα
2134 881 2295 934 πάλιν
2313 881 2618 952 ὁλοσχερῶς
2640 884 2733 936 καὶ
2752 881 2937 952 σαφῶς
2968 882 3249 952 ἀπέφραξε

1669 968 1738 1021 τά
1763 968 2004 1039 στόματα
2034 969 2141 1023 τῶν
2162 971 2475 1042 αἱρετικῶν,
2501 971 2680 1038 δείξας
2705 973 2785 1025 ὃτι
2814 972 2874 1023 οὐ
2904 972 3032 1041 περὶ
3063 971 3249 1041 σώμα-

1670 1076 1762 1122 τος
1800 1058 1987 1122 ἁπλῶς
2027 1059 2334 1127 διαλέγεται
2380 1062 2543 1117 ἄλλου
2583 1062 2679 1115 καὶ
2725 1061 2908 1127 ἄλλου,
2943 1060 3079 1115 ἀλλά
3118 1062 3249 1133 περὶ

1673 1155 1877 1225 φθορᾶς
1904 1155 1997 1207 καὶ
2027 1154 2354 1225 ἀφθαρσίας.
2381 1157 2454 1210 Οὐ
2478 1156 2586 1227 γάρ
2607 1157 2694 1211 διὰ
2715 1157 2871 1209 τοῦτο
2895 1156 3247 1225 στενάζομεν,

1673 1243 1857 1313 φησὶν,
1883 1245 1968 1297 ἵνα
1986 1245 2079 1298 τοῦ
2104 1246 2354 1316 σώματος
2374 1247 2777 1317 ἀπαλλαγῶμεν
2801 1246 2979 1316 (τοῦτο
2998 1248 3107 1317 γὰρ
3128 1246 3250 1300 οὐδὲ

1672 1335 2001 1388 ἐκδύσασθαι
2031 1336 2381 1407 βουλόμεθα),
2410 1338 2545 1391 ἀλλά
2568 1340 2664 1408 τῆς
2696 1338 2903 1408 φθορᾶς
2936 1339 3036 1407 τῆς
3068 1341 3124 1391 ἐν
3154 1339 3253 1391 αὐ-

1672 1426 1749 1494 τῷ
1783 1425 2081 1495 σπεύδομεν
2114 1427 2563 1499 ὲλευθερωθῆναι.
2598 1429 2689 1481 Διό
2712 1446 2896 1500 φησιν,
2924 1430 2997 1481 Οὐ
3026 1429 3255 1499 θέλομεν

1674 1515 2004 1569 ἐκδύσασθαι
2049 1517 2111 1570 τὸ
2147 1518 2327 1587 σῶμα,
2361 1518 2475 1571 ἀλλ’
2516 1520 2907 1573 ἐπενδύσασθαι
2961 1519 3109 1590 αὑτῷ
3151 1520 3252 1589 τὴν

1674 1608 2000 1679 ἀφθαρσίαν.
2033 1604 2165 1661 Εἶτα
2188 1610 2283 1662 καὶ
2304 1610 2595 1680 ἑρμηνεύει
2622 1611 2768 1663 αὑτό-
2798 1609 2922 1664 Ἵνα
2945 1608 3252 1677 καταποθῇ

1676 1701 1739 1753 τὸ
1771 1699 2038 1768 φθαρτὸν
2086 1701 2205 1752 ὑπὸ
2254 1700 2364 1768 τῆς
2409 1699 2577 1768 ζωῆς.
2622 1702 2838 1773 Ἐπειδὴ
2885 1703 2991 1773 γὰρ
3039 1703 3253 1765 πολλοῖς

1676 1787 1932 1856 φορτικὸν
1960 1783 2101 1841 εἶναι
2124 1788 2296 1841 ἐδόκει
2320 1789 2379 1842 τὸ
2401 1790 2700 1844 ἀποθέσθαι
2722 1792 2783 1845 τὸ
2807 1793 2987 1862 σῶμα,
3018 1792 3114 1845 καὶ⁸
3135 1794 3254 1854 ταῖς

1675 1880 1878 1952 ψήφοις
1919 1883 2039 1943 ταῖς
2071 1881 2324 1934 ἁπάντων
2367 1882 2685 1950 ἠναντιοῦτο
2713 1883 2907 1952 λέγων,
2941 1887 3020 1937 ὅτι
3054 1884 3254 1937 Στενά-

1678 1967 1862 2038 ζομεν,
1898 1968 1958 2020 οὐ
1995 1969 2305 2039 βουλόμενοι
2357 1972 2521 2024 αὑτοῦ
2568 1972 2987 2043 ἀπαλλαγῆναι;
3025 1974 3103 2044 (εἰ
3145 1974 3256 2044 γὰρ

1676 2058 1901 2113 τοιαῦτα
1942 2062 2163 2130 πάσχει,
2192 2062 2286 2114 καὶ
2310 2060 2558 2130 ὀδύρεται
2587 2062 2751 2115 αὐτοῦ
2779 2064 2812 2132 ή
2846 2063 2991 2135 ψυχὴ
3026 2063 3255 2136 χωριζο-

1681 2152 1841 2222 μένη,
1877 2153 1993 2215 πῶς
2022 2154 2085 2205 σὺ
2116 2153 2315 2222 λέγεις,
2350 2154 2535 2224 φησὶν,
2565 2156 2647 2208 ὅτι
2686 2154 3036 2225 στενάζομεν,
3068 2156 3255 2227 ἐπειδὴ

1677 2243 1738 2295 οὐ
1767 2242 2113 2313 χωριζόμεθα
2141 2244 2303 2297 αὑτοῦ
2325 2244 2371 2314 ;)
2399 2245 2464 2298 ἵν’
2500 2240 2593 2298 οὖν
2621 2245 2696 2317 μὴ
2725 2246 2895 2299 ταῦτα
2937 2246 3085 2317 αὑτῷ
3129 2247 3257 2299 ἀνθ-

1679 2334 2046 2405 υποφέρηται,
2093 2335 2213 2387 οὐδὲ
2270 2334 2382 2404 ἐγὼ
2428 2335 2587 2389 τοῦτο
2642 2337 2807 2406 λέγω,
2851 2338 3036 2406 φησὶν,
3064 2336 3258 2389 ὅτιδιά

1678 2427 1836 2480 τοῦτο
1885 2428 2237 2498 στενάζομεν,
2271 2429 2357 2482 ἵνα
2394 2428 2528 2483 αὐτὸ
2553 2429 2887 2501 ἀποθώμεθα
2919 2429 3113 2498 (οὐδεὶς
3149 2430 3257 2500 γὰρ

1679 2519 1901 2582 ἀλύπως
1933 2521 2062 2574 αὐτὸ
2100 2521 2437 2575 ἀποτίθεται·
2473 2524 2608 2576 ὅπου
2647 2539 2711 2591 γε
2752 2524 2846 2575 καὶ
2888 2524 3013 2593 περὶ
3047 2522 3257 2593 Πέτρου

1680 2611 1844 2681 φησιν
1865 2614 1892 2664 ὁ
1912 2613 2165 2681 Χριστὸς,
2191 2613 2273 2666 ὅτι
2301 2614 2557 2668 Οτσουσί
2578 2630 2671 2679 σε,
2701 2614 2799 2667 καὶ
2820 2614 3078 2678 ἄξουσιν
3106 2612 3260 2666 ὅπου

1681 2706 1752 2757 οὐ
1783 2702 2015 2774 θέλεις),
2047 2704 2160 2757 ἀλλ’
2193 2706 2280 2758 ἵνα
2304 2703 2728 2776 ὲπενδυσώμεθα
2753 2704 2899 2775 αὐτῷ
2928 2706 3024 2776 τὴν
3051 2704 3260 2772 ἀφθαρ-

1684 2795 1823 2849 σίαν.
1861 2797 1970 2849 Καὶ
1997 2796 2104 2866 γὰρ
2131 2796 2291 2850 τοῦτό
2320 2798 2487 2859 ἐστιν,
2515 2792 2559 2864 ᾧ
2600 2798 2660 2850 τὸ
2698 2797 2855 2867 σῶμα
2888 2794 3255 2867 βαρυνόμεθα·

1682 2887 1781 2957 οὐχ
1822 2888 1904 2939 ὃτι
1953 2889 2133 2958 σῶμα,
2170 2888 2283 2942 ἀλλ’
2314 2890 2396 2942 ὅτι
2428 2888 2664 2958 φθαρτὸν
2702 2887 3064 2958 περικείμεθα
3102 2885 3262 2956 σῶμα

1683 2978 1778 3031 καὶ
1811 2978 2071 3049 παθητόν·
2104 2979 2261 3033 τοῦτο
2306 2980 2417 3051 γάρ
2447 2982 2577 3050 ἡμῖν
2623 2980 2721 3033 καὶ
2760 2979 2857 3050 τὴν
2902 2978 3076 3049 λύπην
3117 2993 3260 3049 παρ-

1685 3068 1818 3137 έχει·
1847 3068 1982 3120 ἀλλά
2016 3069 2297 3122 ἀναλίσκει
2332 3070 2426 3122 καί
2462 3070 2679 3141 δαπανᾷ
2710 3069 2808 3140 τὴν
2841 3068 3047 3138 φθορὰν
3075 3070 3108 3138 ή
3149 3066 3264 3137 ζωὴ

1686 3161 2121 3231 παραγινομένη,
2145 3161 2244 3232 τὴν
2272 3161 2498 3233 φθοράν,
2530 3162 2591 3214 οὐ
2611 3162 2672 3214 τὸ
2700 3161 2877 3231 σῶμα..
2906 3161 3016 3214 Καὶ
3040 3159 3156 3222 πῶς
3180 3162 3264 3227 γί-

1687 3268 1836 3305 νεται
1875 3252 2063 3313 τοῦτο;
2092 3254 2247 3323 φησί.
2281 3254 2372 3324 Μὴ
2400 3256 2571 3325 ζήτει,
2602 3255 2631 3307 ὁ
2664 3255 2796 3318 Θεὸς
2824 3256 2984 3307 ποιεῖ·
3013 3254 3086 3324 μὴ
3115 3270 3265 3323 περι-

1688 3343 1945 3413 εργάζου.
1976 3346 2068 3397 Διδ
2097 3345 2191 3397 καὶ
2227 3346 2529 3416 ἐπήγαγεν,
2562 3347 2616 3396 Ὁ
2646 3345 2714 3399 δὲ
2741 3344 3263 3415 κατεργασάμενος

1686 3431 1845 3501 ἡμᾶς
1891 3435 1979 3498 εὶς
2033 3434 2180 3487 αὐτὸ
2226 3434 2421 3499 τοῦτο,
2478 3436 2640 3501 Θεός.
2702 3435 2981 3489 Ἐντεῦθεν
3023 3434 3265 3487 δείκνυσι

1686 3526 1859 3580 ταῦτα
1889 3525 2097 3579 ἀνωθεν
2128 3527 2573 3597 προτυπωθέντα.
2606 3527 2678 3579 Οὐ
2715 3527 2822 3598 γάρ
2856 3526 2950 3580 νῦν
2972 3527 3133 3579 τοῦτο
3153 3526 3265 3578 ἐδο-

1690 3618 1777 3683 ξεν
1804 3618 1852 3682 ι’,
1884 3618 1999 3672 ἀλλ’
2032 3621 2119 3673 ὅτε
2151 3620 2209 3685 ἐξ
2240 3619 2414 3691 ἀρχῆς
2437 3620 2698 3673 ἔπλαττεν
2722 3622 2867 3693 ήμᾶς
2894 3620 2999 3673 ἀπὸ
3019 3620 3143 3689 γῆς,
3170 3620 3265 3673 καὶ

1686 3710 1781 3764 τὸν
1811 3710 1983 3781 Ἀδὰμ
2010 3711 2383 3781 ἐδημιούργει·
2409 3713 2510 3766 οὐκ
2532 3714 2611 3775 είς
2630 3711 2787 3765 τοῦτο
2814 3713 2870 3765 δὲ
2892 3711 3262 3783 ἐδημιούργει,

1690 3804 1776 3857 ἵνα
1806 3804 2074 3876 ἀποθάνῃ,
2104 3804 2217 3857 ἀλλ’
2248 3806 2335 3856 ἵνα
2369 3805 2464 3856 καὶ
2489 3803 2755 3859 ἀθάνατον
2780 3806 3101 3875 ἐργάσηται.
3132 3799 3266 3856 Εἶτα

1688 3896 1750 3949 τὸ
1784 3895 2095 3962 ἀξιόπιστον
2123 3895 2354 3961 δεικνὺς,
2398 3896 2494 3949 καὶ
2536 3898 2635 3965 τὴν
2668 3895 2941 3961 ἀπόδειξιν
2983 3895 3265 3966 παρέχων,

1691 3990 1989 4061 ἐπήγαγεν,
2024 3989 2086 4041 '0
2113 3989 2210 4042 καί
2234 3988 2378 4054 δοὺς
2398 3989 2505 4042 τὸν
2532 3988 2841 4057 ἀρραϐῶνα
2868 3988 2973 4042 τοῦ
2996 3989 3268 4057 Πνεύμα-

1690 4099 1814 4149 τος.
1848 4084 1957 4135 Καὶ
1981 4082 2090 4152 γὰρ
2134 4082 2229 4134 καὶ
2257 4082 2377 4134 τότε
2410 4081 2505 4134 ἐπὶ
2544 4082 2718 4153 τούτῳ
2746 4080 3023 4149 διέπλασε,
3054 4081 3147 4133 καὶ
3171 4079 3267 4134 νῦν

1693 4174 1774 4237 εἰς
1820 4172 1978 4226 τοῦτο
2022 4170 2426 4243 κατειργάσατο
2464 4171 2553 4226 διὰ
2590 4170 2685 4225 τοῦ
2740 4171 3138 4243 βαπτίσματος,
3173 4172 3270 4223 καὶ

1691 4264 1883 4318 τούτου
1906 4264 2180 4335 παρέσχεν
2198 4266 2331 4334 ἡμῖν
2358 4264 2612 4335 ἐνέχυρον
2631 4264 2692 4316 οὐ
2718 4263 2932 4336 μικρὸν,
2960 4262 3020 4316 τὸ
3046 4261 3269 4333 Πνεῦμα

1692 4357 1755 4410 τὸ
1786 4357 1959 4426 ἅγιον.
1992 4356 2237 4426 Συνεχῶς
2262 4356 2320 4409 δὲ
2346 4355 2639 4427 ἀρραϐῶνα
2663 4355 2833 4422 καλεῖ,
2860 4355 3142 4424 ὀφειλέτην
3170 4355 3270 4409 αύ-

1692 4449 1783 4502 τὸν
1803 4447 2084 4514 ἀποδεῖξαι
2107 4447 2428 4517 βουλόμενος
2458 4446 2552 4501 τοῦ
2586 4448 2804 4515 παντὸς,
2840 4449 2932 4501 καὶ
2960 4447 3270 4513 ἀξιοπιστόο

1693 4558 1856 4612 τερον
1883 4542 1978 4594 καὶ
2019 4539 2269 4594 ἐντεῦθεν
2302 4543 2412 4604 τοῖς
2443 4534 2772 4611 παχυτέροις
2802 4541 3147 4610 καταστῆσαι
3177 4540 3270 4593 τὸν

1695 4634 1871 4703 λόγον.
1912 4635 2281 4704 Θαρροῦντες
2315 4631 2428 4690 οὖν
2468 4635 2745 4699 πάντοτε,
2779 4636 2877 4689 καὶ
2918 4635 3161 4700 εἰδότες.
3197 4636 3271 4687 Τὸ

1696 4728 2076 4796 θαρροῦντες,
2107 4727 2243 4797 πρὸς
2274 4728 2399 4791 τοὺς
2439 4728 2731 4798 διωγμοὺς,
2757 4727 2894 4798 πρὸς
2922 4728 3020 4790 τὰς
3050 4728 3256 4779 ὲπιὸου·

1695 4818 1814 4887 λάς,
1850 4819 1985 4890 πρὸς
2016 4819 2139 4878 τοὺς
2176 4818 2440 4881 θανάτους
2478 4819 2605 4881 τοὺς
2639 4820 2882 4888 συνεχεῖς
2925 4818 3159 4888 εἴρηται·
3194 4818 3267 4880 ὡς

1697 4910 1764 4965 ἂν
1793 4911 1842 4962 εί
1868 4910 2074 4977 ἔλεγεν,
2114 4909 2356 4961 Ἐλαύνει
2388 4909 2448 4960 σέ
2473 4926 2555 4971 τις
2574 4910 2668 4962 καὶ
2692 4908 2877 4962 διώκει
2906 4908 2998 4963 καὶ
3023 4910 3268 4980 ἀναιρεῖ;

1700 5001 1776 5072 μὴ
1815 5001 2151 5071 καταπέσῃς·
2193 5001 2332 5070 ὑπὲρ
2371 5000 2466 5052 σοῦ
2493 5000 2553 5053 τὸ
2582 5002 2692 5053 πᾶν
2720 5000 2948 5068 γίνεται·
2989 5002 3062 5070 μὴ
3101 5000 3272 5071 φοϐη-

1699 5094 1819 5163 θῇς,
1846 5092 1982 5146 ἀλλά
2014 5092 2227 5164 θάρρει.
2264 5093 2372 5144 Καὶ
2397 5092 2504 5161 γάρ
2533 5092 2600 5144 δι’
2621 5091 2650 5144 ὃ
2683 5092 2957 5155 στενάζεις
2992 5091 3141 5163 [508]
3176 5091 3271 5144 καὶ
3336 5148 3339 5151 ς

1698 5185 1904 5253 ἀλγεῖς,
1928 5185 2015 5237 ὅτι
2043 5182 2216 5254 φθορᾷ
2247 5183 2541 5248 δουλεύεις,
2564 5182 2719 5236 τοῦτο
2752 5183 2964 5252 ἀναιρεῖ
2992 5182 3177 5236 λοιπὸν
3205 5184 3270 5236 ἐκ

1698 5275 1791 5327 τοῦ
1818 5276 2005 5345 μέσον,
2031 5275 2123 5327 καὶ
2150 5273 2448 5343 ταχύτερόν
2477 5292 2537 5326 σε
2566 5274 2769 5343 ταύτης
2801 5273 3132 5328 ἀπαλλάττει
3173 5275 3274 5344 τῆς

1699 5367 1961 5429 δουλείας.
1991 5365 2084 5418 Διὸ
2128 5366 2222 5419 καὶ
2260 5365 2428 5433 λέγει,
2466 5366 2835 5433 Θαρροῦντες
2860 5363 2974 5423 οὖν
2994 5367 3271 5430 πάντοτε,

1765 5522 1927 5573 ιιΑιίε
1976 5525 2324 5587 ιεοιὶο,γτιιιειη
2358 5526 2407 5572 in
2453 5526 2669 5587 margine
2713 5526 2858 5574 aﬂ‘ert
2901 5522 3111 5574 Savilius
3154 5523 3270 5573 ἰδα-

1705 5587 1778 5642 ξεν
1803 5599 1899 5635 non
1921 5586 2198 5650 spernenda
2224 5586 2437 5634 videtur.
