3780 6312
433 299 538 352 469

427 415 549 485 οὐχὶ
578 416 635 467 ἐν
666 413 788 475 ταῖς
816 409 1085 473 ἀνέσεσιν,
1119 406 1261 460 ἀλλὰ
1287 406 1381 458 καὶ
1411 406 1468 456 ἐν
1494 405 1614 466 ταῖς
1644 401 1877 471 θλίψεσι,
1906 397 2004 452 καί

426 508 653 573 ειδότες
673 506 762 559 ὅτι
787 500 1190 571 ἐνδημοῦντες
1209 499 1278 552 ἐν
1296 496 1377 562 τῷ
1398 498 1645 567 σώματι,
1668 494 2008 564 ἀποδημοῦ-

420 616 538 667 μεν
567 598 683 652 ἀπὸ
706 596 813 649 τοῦ
838 593 1078 662 Κυρίουο
1109 590 1205 644 διὰ
1231 589 1491 653 πίστεως
1513 588 1621 656 γὰρ
1653 582 2007 653 περιπατοῦ-

425 707 557 757 μεν,
593 690 664 742 οὐ
686 687 785 741 διὰ
811 686 1030 751 εἴδους·
1058 680 1395 752 θαρροῦμεν
1417 679 1485 733 δὲ
1518 681 1616 733 καί
1638 677 2007 747 εὐδοκοῦμεν

426 779 811 850 ἀποδημῆσαι
840 780 908 832 ἐκ
938 779 1045 832 τοῦ
1068 778 1365 845 σώματος,
1382 774 1481 828 καὶ
1504 770 1835 842 ἐνδημῆσαι
1856 771 2006 841 πρὸς

428 871 538 924 τὸν
559 872 797 938 Κύριον.
825 870 907 923 Τὸ
933 868 1117 940 μεῖζον
1145 869 1365 922 πάντων
1400 865 1626 937 ὕστερον
1653 864 1887 917 τέθεικεο
1910 863 2004 916 τοῦ

427 959 538 1031 γὰρ
565 959 840 1030 ἄφθαρτον
874 959 1057 1013 λαϐεῖν
1088 958 1149 1011 τὸ
1178 956 1317 1028 μετά
1344 955 1582 1028 Χριστοῦ
1606 951 1743 1010 εἶναι
1776 953 2001 1023 βέλτιον.

433 1052 501 1105 '0
548 1052 607 1105 δὲ
648 1051 819 1119 λέγει,
873 1049 1032 1105 τοῦτό
1073 1050 1242 1103 ἐστιν·
1286 1050 1361 1103 Οὐ
1408 1042 1686 1101 σϐέννυσιν
1724 1045 1881 1116 ήμῶν
1908 1044 2004 1116 τήν

422 1142 576 1221 ζωὴν
603 1146 631 1197 ὁ
663 1142 917 1214 πολεμῶν
962 1141 1058 1195 καὶ
1104 1140 1365 1212 ἀναιρῶν⁶
1407 1140 1482 1211 μὴ
1514 1139 1775 1210 φοϐηθῇς·
1814 1138 2004 1208 θάρρει

427 1235 926 1307 κατακοπτόμενος.
964 1234 1039 1287 Οὐ
1072 1233 1182 1305 γὰρ
1217 1232 1376 1304 μόνον
1406 1232 1612 1303 φθοράς
1638 1247 1698 1283 σε
1726 1228 2004 1284 ἀπαλλάτο

426 1339 511 1376 τει
546 1324 639 1378 καὶ
674 1324 895 1396 βάρους,
929 1324 1068 1379 ἀλλά
1090 1324 1183 1377 καὶ
1216 1323 1294 1394 τῷ
1330 1323 1520 1393 Κυρίῳ
1554 1338 1615 1375 σε
1643 1319 2005 1393 παραπέμπει

427 1416 659 1486 ταχέως.
686 1417 777 1470 Διὸ
808 1416 930 1471 οὐδὲ
963 1413 1139 1482 εἶπεν,
1168 1417 1358 1477 Ὀντες
1387 1414 1446 1467 ἐν
1468 1412 1548 1484 τῷ
1579 1412 1814 1482 σώματι,
1844 1410 1919 1473 ὡς
1945 1411 2004 1461 ὲν

428 1507 687 1578 ἀλλοτρία
730 1507 901 1560 ὄντων
947 1505 1042 1559 καὶ
1087 1504 1235 1577 ξένῃ.
1274 1502 1517 1568 Είδότες
1549 1495 1662 1555 οὖν
1694 1499 1785 1552 ὅτι
1828 1497 2003 1563 ἐνδηι

423 1599 684 1670 μοῦντες
709 1598 777 1651 ὲν
812 1596 893 1662 τῷ
920 1595 1166 1666 σώματι,
1197 1592 1575 1663 ἐκδημοῦμεν
1600 1590 1715 1646 ἀπὸ
1744 1590 1850 1644 τοῦ
1886 1593 2004 1643 Κυο

421 1698 583 1758 ρίου·
632 1687 964 1759 θαρροῦμεν
1010 1685 1079 1740 δὲ
1120 1687 1220 1739 καὶ
1258 1682 1627 1751 εὐδοκοῦμεν
1667 1679 2005 1750 ἐκδημῆσαι

428 1782 551 1837 ἀπὸ
579 1781 687 1835 τοῦ
726 1781 1023 1850 σώματος,
1061 1778 1162 1832 καί
1197 1770 1537 1844 ἐνδημῆσαι
1575 1774 1725 1843 πρὸς
1748 1773 1857 1827 τὸν
1886 1774 2003 1827 Κύ-

420 1887 581 1939 ριον.
609 1866 764 1934 Εἶδες
792 1870 911 1932 πῶς
946 1870 1015 1923 τά
1039 1866 1259 1938 λυπηρὰ
1282 1865 1762 1937 ἀποκρυψάμενος,
1789 1864 1857 1919 τὰ
1884 1863 2004 1918 ὀνὸι

431 1978 578 2033 ματα
601 1961 695 2015 τοῦ
732 1960 964 2015 θανάτου
1015 1961 1109 2013 καὶ
1145 1960 1244 2028 τῆς
1267 1958 1547 2028 τελευτῆς,
1574 1956 1641 2012 τὰ
1672 1956 1876 2027 σφόδρα
1903 1972 2003 2011 ποί

425 2053 580 2107 θεινά
632 2053 747 2107 ἀντ’
797 2052 974 2106 αὐτῶν
1015 2051 1283 2113 τέθεικεν,
1334 2049 1592 2120 ἐνδημίαν
1639 2048 1779 2103 αὺτά
1820 2049 2005 2102 καλῶν

430 2145 569 2216 πρὸς
594 2144 684 2198 τὸν
707 2144 862 2197 Θεόν·
897 2143 994 2197 καὶ
1031 2143 1100 2197 τά
1122 2142 1383 2196 δοκοῦντα
1408 2138 1546 2196 εἶναι
1571 2142 1783 2211 γλυκέα
1818 2142 2001 2210 ἀφεὶς,

427 2234 499 2288 τὰ
528 2238 628 2304 τῆς
658 2234 825 2304 ζωῆς,
846 2234 955 2288 ἀπὸ
983 2232 1092 2287 τῶν
1117 2231 1377 2304 λυπηρῶν
1406 2232 1547 2286 αὒτά
1573 2232 1876 2301 ὠνόμασεν,
1908 2231 2003 2283 ἐκ-

427 2326 631 2397 δημίαν
656 2327 765 2381 ἀπὸ
787 2326 992 2397 Κυρίου
1018 2325 1119 2397 τὴν
1138 2325 1372 2380 ἐνταῦθα
1399 2324 1638 2386 καλέσας
1670 2324 1850 2396 ζωήνς
1876 2321 2007 2377 Τοῦο

428 2424 491 2468 το
513 2415 568 2468 δὲ
599 2414 875 2486 ἐποίησεν,
908 2416 995 2469 ἵνα
1009 2407 1211 2486 ’μηδεὶς
1237 2415 1377 2486 μήτε
1402 2417 1515 2477 τοῖς
1546 2412 1812 2484 παροῦσιν
1838 2414 2004 2483 ἐμφι-

428 2506 664 2578 λοχωρῇ,
703 2506 839 2560 ἀλλά
872 2507 966 2561 καὶ
999 2506 1317 2578 βαρύνηται,
1349 2506 1486 2577 μήτε
1514 2505 1722 2576 μέλλων
1747 2505 2005 2577 τελευτᾷν

426 2597 592 2669 ἀλύῃ,
621 2598 756 2653 ἀλλά
786 2600 879 2652 καὶ
898 2598 1088 2672 χαίρῃ,
1121 2598 1196 2661 ὡς
1218 2596 1311 2650 ἐπὶ
1343 2596 1567 2669 μείζονα
1596 2595 1774 2652 ἀπιὼν
1802 2597 2002 2666 ἀγαθά.

429 2680 563 2740 Εἶτα
585 2686 671 2740 ἵνα
701 2687 889 2759 μηδεὶς
909 2686 1059 2759 εἴπῃ,
1087 2685 1319 2750 ἀκούων,
1339 2685 1423 2738 ὅτι
1451 2683 1860 2753 Ἐκδημοῦμεν
1885 2683 2006 2738 ἀπὸ

429 2778 536 2832 τοῦ
557 2779 799 2845 Κυρίου,
831 2777 897 2830 Τί
916 2777 1091 2831 ταῦτα
1119 2777 1325 2846 λέγεις;
1353 2775 1780 2849 ἀλλπριούμεθα
1800 2772 1893 2830 οὗν
1910 2777 2007 2831 αὺ-

428 2870 523 2923 τοῦ
569 2869 803 2923 ἐνταῦθα
830 2870 1025 2935 δντες;
1058 2868 1446 2941 προδιώρθωσε
1487 2869 1642 2923 τοῦτο
1677 2866 1868 2934 είπὼν,
1905 2869 2008 2924 Διὰ

431 2961 688 3028 πίστεως
706 2961 818 3031 ⁴ιθὰρ
840 2960 1304 3032 περιπατοῦμεν,
1330 2963 1402 3017 οὐ
1431 2961 1529 3015 διὰ
1550 2961 1772 3028 είδους’
1804 2962 1899 3014 καὶ⁵
1922 2962 2009 3015 ὲν-

430 3052 603 3108 ταῦθα
636 3053 736 3123 μὲν
756 3054 916 3107 αὐτὸν
948 3053 1126 3123 ἴσμεν,
1150 3054 1265 3108 ἀλλ’
1289 3056 1389 3125 οὐχ
1410 3053 1553 3107 οὕτω
1583 3053 1791 3124 σαφῶς.
1829 3054 1894 3108 '0
1915 3054 2009 3107 καὶ

430 3144 666 3216 ἀλλαχοῦ
712 3144 880 3214 λέγει,
927 3147 1030 3200 Ἐν
1068 3145 1359 3215 ἐσόπτρῳ,
1397 3148 1512 3212 καὶ,
1552 3146 1648 3199 Ἐν
1687 3147 2006 3215 αἰνίγματι.

430 3238 777 3309 Θαῤῥοῦμεν
801 3236 870 3291 δὲ
905 3238 1003 3292 καὶ
1032 3238 1421 3307 εὐδοκοῦμεν.
1451 3239 1645 3303 Βαϐαὶ,
1676 3237 1781 3291 ποῦ
1808 3238 1902 3293 τὸν
1923 3238 2011 3291 λό-

433 3344 530 3400 γον
558 3332 929 3401 περιήγαγενξ
971 3330 1051 3393 είς
1084 3330 1376 3400 ἐπιθυμίαν
1413 3331 1591 3402 ἄκραν
1631 3331 1905 3403 τελευτῆς,
1950 3331 2011 3385 τὸ

434 3421 690 3489 φορτικὸν
730 3420 828 3489 ἡδὺ
868 3419 1066 3484 δείξας,
1118 3422 1211 3473 καὶ
1255 3420 1319 3474 τὸ
1343 3421 1441 3491 ήδὺ
1470 3422 1746 3492 φορτικόν·
1786 3421 1848 3475 τὸ
1878 3422 2009 3492 γὰρ,

436 3511 843 3580 Εῠδοκοῦμεν,
877 3512 1271 3583 ἐπιθυμοῦμεν,
1306 3514 1460 3583 φησί.
1494 3513 1559 3567 Τί
1592 3512 2008 3585 ἐπιθυμοῦμενς

448 3600 817 3671 Ἐκδημῆσαι
846 3604 914 3656 ἐκ
937 3604 1042 3656 τοῦ
1064 3604 1358 3672 σώματος,
1382 3604 1480 3659 καὶ
1502 3604 1844 3674 ἐνδημῆσαι
1863 3607 2013 3674 πρὸς

438 3690 678 3762 Κύριον.
714 3693 884 3747 Τοῦτο
913 3689 969 3747 δέ
994 3694 1081 3746 ἀεὶ
1112 3697 1277 3756 ποιεῖ,
1301 3695 1329 3747 ὃ
1354 3696 1449 3749 καὶ
1480 3694 1789 3766 ἔμπροσθεν
1815 3696 2008 3762 ἔδειξα,

436 3786 519 3848 είς
537 3784 794 3839 τάναντία
822 3786 1168 3856 περιτρέπων
1196 3784 1287 3840 τὸν
1309 3786 1464 3856 λόγον
1488 3786 1596 3840 τῶν
1623 3785 2013 3854 ἀντιλεγόντων

437 3876 606 3947 αὐτῷ.
643 3869 741 3930 Διὸ
781 3876 878 3930 καὶ
914 3871 1398 3948 φιλοτιμούμεθα,
1430 3876 1550 3933 εἴτε
1587 3879 2009 3948 ἐνδημοῦντες,

437 3969 558 4022 εἴτε
595 3964 1020 4033 ἐκδημοῦντες,
1050 3967 1365 4036 εὐάρεστοι
1404 3968 1565 4034 αὐτῷ
1596 3964 1769 4022 εἶναι.
1799 3969 1873 4022 Τὸ
1904 3968 2012 4040 7&9

440 4058 770 4130 ζητούμενον
792 4059 951 4112 τοῦτό
972 4062 1107 4125 ἐστι,
1133 4060 1318 4129 φησὶν,
1346 4060 1411 4115 ἄν
1436 4078 1493 4114 τε
1526 4062 1645 4114 ἐκεῖ
1665 4054 1834 4130 ὦμεν,
1863 4061 1929 4117 ἂν
1951 4074 2013 4114 τε

442 4148 695 4213 ἐνταῦθα,
721 4150 865 4204 κατά
889 4149 1116 4222 γνώμην
1141 4143 1306 4205 αὐτοῦ
1341 4148 1461 4223 ζῇν·
1495 4151 1653 4206 τοῦτο
1680 4153 1789 4224 γάρ
1814 4154 1929 4206 ἐστι
1953 4148 2016 4206 τδ

440 4242 873 4315 προηγούμενον.
912 4243 1075 4297 Ὥστε
1140 4239 1390 4298 ἐντεῦθεν
1438 4238 1540 4315 ἤδη
1590 4244 1688 4316 τὴν
1741 4243 2017 4315 βασιλείαν

438 4335 586 4407 ἔχεις
612 4336 742 4391 ἀνευ
762 4336 1017 4407 δοκιμῆς.
1048 4336 1168 4389 Ἵνα
1195 4335 1305 4406 γὰρ
1347 4336 1421 4406 μὴ
1452 4328 1617 4389 πάλιν
1648 4328 1729 4398 είς
1750 4334 2016 4406 τοσαύτην

437 4427 687 4491 ἐλθόντες
720 4426 1020 4498 ἐπιθυμίαν
1061 4426 1268 4480 ἀλύωσι
1308 4424 1444 4497 πρὸς
1483 4427 1583 4496 τὴν
1615 4420 1873 4497 μέλλησιν
1918 4420 2017 4498 τῆς

439 4517 753 4589 ἐπιδημίας,
778 4518 1028 4573 ἐντεῦθεν
1061 4519 1161 4589 ’ήδη
1183 4518 1397 4572 δίδωσιν
1421 4517 1608 4581 αὐτοῖς
1634 4510 1697 4571 τὸ
1721 4518 2016 4588 κεφάλαιον

438 4609 549 4664 τῶν
576 4608 819 4679 ἀγαθῶν.
848 4610 914 4663 Τί
938 4610 996 4663 δέ
1019 4608 1179 4663 τοῦτό
1211 4610 1327 4662 ἐστι
1351 4625 1366 4675 ;
1398 4606 1473 4662 Τὸ
1497 4607 1823 4678 εὐαρέστους
1852 4594 2013 4664 εἷναι.

441 4703 578 4756 Οὐδέ
622 4701 730 4772 7&9
783 4701 845 4755 τὸ
893 4700 1147 4754 ἀπελθεῖν
1186 4698 1372 4763 ἁπλῶς
1420 4698 1604 4764 καλὸν,
1644 4698 1783 4753 ἀλλά
1826 4698 1889 4754 τὸ
1925 4700 2016 4754 εὐ-

440 4795 767 4866 δοκιμοῦντα
801 4837 816 4860 ,
869 4795 935 4848 δι’
985 4794 1016 4848 δ
1070 4793 1276 4863 γίνεται
1338 4789 1502 4844 καλὸν
1566 4792 1789 4845 κάκεῖνο
1824 4805 1840 4821 ⁸
1896 4790 2021 4847 οὐδὲ

443 4886 506 4940 τδ
565 4887 753 4951 ἁπλῶς
819 4884 1054 4941 ἐνταῦθα
1130 4879 1270 4938 εἶναι
1342 4882 1511 4953 βαρὺ,
1569 4881 1707 4936 ἀλλά
1766 4880 1829 4936 sb
1894 4892 2017 4953 ροσ-

449 4976 736 5047 κρούοντα.

521 5066 671 5139 [509]
685 5075 754 5135 γ’.
786 5068 879 5139 Μὴ
905 5069 1084 5122 τοίνυν
1109 5067 1297 5138 νόμιζε
1313 5066 1411 5137 τὴν
1426 5068 1491 5121 ἐκ
1504 5064 1598 5120 τοῦ
1617 5067 1867 5135 σώματος
1882 5068 2018 5122 ἀπο-

445 5152 511 5229 δη
521 5158 648 5228 μίαν
674 5159 863 5230 ἀρκεῖν
880 5176 895 5192 ⁸
932 5162 1133 5232 ἀρετῆς
1160 5160 1271 5231 γὰρ
1299 5157 1576 5230 πανταχοῦ
1594 5159 1771 5230 χρεία.
1809 5161 2020 5232 Ὥσπερ

448 5247 559 5319 γὰρ
593 5246 763 5301 εἰπὼν
796 5249 1113 5315 ἀνάστασιν,
1143 5251 1244 5303 οὐκ
1262 5250 1473 5320 ἀφῆκεν
1503 5251 1639 5322 αὐτῇ
1669 5250 1892 5322 θαρῤεῖν
1922 5253 2017 5322 μό-

448 5358 561 5401 νον,
582 5339 775 5408 λέγων,
808 5342 881 5395 Et
912 5359 978 5410 γε
1003 5342 1101 5396 καί
1128 5342 1549 5413 ἐνδυσάμενοι,
1580 5346 1651 5398 οὐ
1680 5346 1889 5414 γυμνοὶ
1918 5347 2019 5401 εὑ-

445 5432 820 5500 ρεθησόμεθα
838 5447 852 5459 ·
896 5430 1039 5484 οὕτω
1082 5434 1175 5485 καὶ
1223 5433 1534 5504 ἀποδημίαν
1578 5432 1779 5499 δείξας,
1819 5435 1906 5489 ἵνα
1944 5434 2021 5507 μὴ

450 5521 679 5596 νομίσῃς
734 5522 907 5593 αὐτὴν
967 5522 1206 5594 ἀρκεῖνι
1273 5541 1356 5578 σοι
1412 5525 1550 5597 πρὸς
1613 5526 1905 5599 σωτηρίαν,
1936 5527 2017 5593 τὸ,

518 5732 546 5762 ⁸
567 5730 717 5783 Savil.
745 5730 793 5782 in
814 5744 991 5796 marg,
1014 5732 1244 5796 ἀποχρῆν.

1208 282 1267 344 S.
1304 283 1591 343 JOANMS
1622 274 2113 340 CHRYSOSTOMI
2146 279 2463 337 ARCHIEP.
2496 280 3052 343 CONSTANTINOP.
3560 294 3645 348 ίτξι

2114 398 2457 469 Εὒαρέστους
2500 402 2584 456 δεῖ
2630 397 2791 469 εἶναι,
2838 404 3199 476 προσέθηκεν.
3239 396 3449 481 Ἐπειδὴ
3496 412 3645 466 τοίνυν

2112 490 2451 563 προῦτρεψεν
2500 494 2609 547 ἀπὸ
2656 494 2869 548 πολλῶν
2915 496 3187 567 χρηστῶν,
3231 497 3412 552 λοιπὸν
3448 503 3535 554 καὶ
3560 504 3647 556 ἀπὸ

2109 579 2222 634 τῶν
2244 582 2711 653 σκυθρωποτέρων
2741 582 2914 652 φοϐεῖ.
2944 585 3018 637 Τὸ
3054 585 3162 657 γὰρ
3195 588 3469 659 συμφέρον
3497 592 3579 645 καὶ
3600 594 3647 646 ἐν

2110 674 2179 744 τῇ
2223 675 2412 747 κτήσει
2456 674 2565 728 τῶν
2597 675 2817 743 ἀγαθῶν
2846 677 2941 730 καὶ
2995 677 3054 730 ἐν
3084 682 3150 749 τῇ
3184 683 3327 751 φυγῇ
3368 681 3473 734 τῶν
3496 685 3645 738 κακῶν

2112 766 2452 833 συνίσταται,
2482 768 2619 839 ὅπερ
2662 768 2781 821 ἐστὶ
2804 768 3000 837 γέεννα
3036 770 3129 824 καὶ
3156 769 3423 840 βασιλεία.
3462 774 3646 848 Ἐπειδὴ

2109 856 2167 910 δὲ
2199 856 2357 909 τοῦτο
2401 856 2624 927 μείζονα
2668 857 2782 930 ἔχει
2815 859 2915 929 τὴν
2948 860 3122 931 ίσχῦν,
3151 862 3213 913 τὸ
3240 864 3432 931 φυγεῖν
3463 864 3647 918 κόλασιν

2110 945 2276 1015 (ἔνθα
2331 946 2429 1017 μὲν
2458 948 2568 1020 7&9
2604 949 2766 1020 μέχρι
2816 949 2908 1002 τοῦ
2960 950 3034 1021 μὴ
3079 946 3266 1004 λαϐεῖν
3322 952 3392 1005 τὰ
3443 954 3648 1026 ἀγαθὰή

2112 1038 2307 1110 ζημία,
2344 1039 2581 1105 εὐκόλως
2620 1044 2672 1095 οἱ
2727 1042 2914 1095 πολλοὶ
2937 1041 3096 1096 τοῦτο
3123 1045 3385 1097 οἴσουσιν·
3414 1045 3477 1098 ἂν
3508 1046 3557 1098 δέ
3578 1048 3650 1098 καὶ

2113 1129 2274 1201 μέχρι
2295 1114 2387 1184 τοῦ
2408 1131 2594 1195 κακῶς
2610 1132 2823 1199 παθεῖν,
2843 1133 3061 1188 οὐκέτι·
3090 1134 3198 1188 εδει
3220 1135 3320 1206 μὲν
3340 1134 3450 1205 γὰρ
3471 1136 3649 1207 ἐκείνην

2110 1225 2383 1293 ἀφόρητον
2435 1225 2701 1295 νομίζειν,
2756 1226 2895 1281 ἀλλά
2949 1226 3036 1281 διὰ
3086 1227 3186 1298 τὴν
3241 1227 3521 1281 ἀσθένειαν
3565 1228 3649 1281 τῶν

2110 1316 2321 1368 πολλῶν
2367 1318 2460 1370 καὶ
2513 1317 2575 1371 τὸ
2628 1318 2988 1389 χαμαιζήλου,
3018 1317 3176 1371 τοῦτο
3223 1319 3472 1387 φαίνεται
3501 1310 3651 1383 αύτοῖς

2108 1407 2554 1479 χαλεπώτερον)⁶
2611 1408 2732 1461 ἐπεὶ
2787 1405 2880 1463 οὗν
2920 1409 3019 1479 οὐχ
3074 1409 3216 1463 οὕτω
3276 1410 3531 1481 διεγείρει
3580 1411 3651 1465 τὸν

2110 1499 2388 1571 ἀκροατὴν
2413 1492 2505 1552 τὸν
2538 1496 2705 1553 πολὺν
2745 1501 2779 1570 ή
2821 1499 2930 1554 τῶν
2953 1500 3174 1568 ἀγαθῶν
3201 1499 3370 1567 δόσις,
3399 1500 3473 1563 ὡς
3503 1504 3534 1572 η
3566 1492 3652 1554 τῶν

2110 1588 2386 1642 κολάσεων
2409 1588 2627 1659 ἀπειλὴ,
2656 1591 2970 1658 ἀναγκαίως
3002 1589 3237 1665 ἐνταῦθα
3270 1591 3543 1659 καταλύει,
3586 1592 3653 1645 λέ-

2109 1688 2223 1749 γων
2244 1695 2259 1712 ⁸
2314 1679 2460 1747 Τοὺς
2503 1680 2613 1750 ⁸Γὰρ
2653 1680 2884 1747 πάντας
2936 1680 3095 1751 ἡμᾶς
3135 1674 3542 1753 φανερωθῆναι
3583 1683 3658 1737 δεῖ

2109 1770 2452 1842 ἔμπροσθεν
2479 1772 2584 1827 τοῦ
2611 1772 2886 1841 βήματος
2916 1772 3022 1827 τοῦ
3051 1772 3331 1841 Χριστοῦ.
3365 1769 3495 1830 Εἶτα

2110 1871 2212 1926 σας
2242 1865 2337 1917 καὶ
2369 1863 2697 1927 κατασείσας
2742 1866 2809 1933 τῇ
2856 1862 3044 1937 μνήμῃ
3078 1863 3174 1917 τοῦ
3206 1863 3452 1935 βήματος
3480 1866 3653 1919 ἐκείνου

2106 1944 2200 2009 τὸν
2231 1956 2518 2021 ἀκούοντα,
2548 1951 2671 2009 δύδέ
2708 1954 2939 2008 ἐνταῦθα
2976 1956 3145 2027 χωρὶς
3173 1955 3283 2010 τῶν
3316 1956 3560 2028 χρηστῶν
3582 1956 3654 2010 τέ-

2108 2040 2258 2101 θεικε
2288 2047 2359 2101 τὰ
2389 2046 2630 2118 λυπηρὰ,
2662 2046 2798 2100 ἀλλά
2826 2047 3050 2117 ἀνέμιξέ
3076 2065 3198 2101 τινα
3226 2048 3445 2119 ἡδονὴν,
3475 2048 3651 2101 εἰπιὶανι

2112 2140 2236 2195 Ἵνα
2257 2139 2514 2205 ἕκαστος
2542 2140 2857 2208 κομίσηται
2886 2139 2959 2192 τὰ
2986 2139 3083 2193 διὰ
3115 2140 3222 2193 τοῦ
3250 2140 3542 2209 σώματος,
3564 2139 3657 2193 ὅσα

2111 2233 2395 2301 ἔπραξεν,
2414 2232 2534 2285 εἴτε
2553 2230 2798 2300 ἀγαθὸν,
2820 2230 2941 2285 εἴτε
2965 2232 3173 2285 κακόν.
3191 2231 3384 2285 Ταῦτα
3406 2232 3463 2284 δὲ
3490 2232 3653 2299 λέγων,

2110 2326 2237 2390 τούς
2262 2343 2322 2379 τε
2346 2323 2783 2395 κατωρθωκότας
2815 2324 2909 2377 καὶ
2934 2322 3329 2395 ἐλαυνομένους
3357 2323 3544 2394 ἀνιστᾷ
3562 2325 3656 2385 ταῖς

2112 2418 2314 2483 ἐλπίσι,
2339 2418 2466 2481 τούς
2490 2424 2549 2471 τε
2574 2417 3038 2481 ἀναπεπτωκότας
3063 2418 3517 2489 σπουδαιοτέρους
3540 2421 3656 2483 ποιεῖ

2110 2510 2189 2581 τῷ
2216 2510 2384 2579 φόϐῳ.
2418 2511 2528 2564 Καὶ
2559 2510 2651 2562 τὸν
2688 2508 2943 2581 περὶτῆς
2980 2510 3331 2573 ἀναστάσεως
3364 2509 3423 2562 δὲ
3451 2509 3551 2561 τῶν
3572 2524 3655 2560 σω-

2116 2606 2301 2675 μάτων
2344 2601 2591 2655 ὲϐεϐαίου
2630 2592 2808 2670 λόγον.
2860 2601 2935 2654 Ob
2984 2598 3093 2672 7&9
3129 2600 3303 2671 δήπου
3346 2601 3409 2654 τὺ
3439 2600 3656 2667 διακονη-

2114 2698 2351 2767 σάμενον
2393 2695 2473 2757 είς
2513 2694 2673 2747 τοῦτο
2722 2694 2963 2758 κάκεῖνο,
2996 2692 3105 2746 τῶν
3141 2692 3392 2763 ἀμοιϐῶν
3427 2692 3526 2757 ἔξω
3559 2691 3659 2759 στήσ

2115 2807 2289 2854 σεται,
2340 2788 2505 2861 φησίν
2531 2805 2544 2817 ·
2580 2787 2714 2841 ἀλλά
2766 2786 2904 2856 μετὰ
2946 2786 3046 2855 τῆς
3071 2784 3249 2855 ψυχῆς
3292 2785 3365 2840 τά
3396 2786 3495 2856 μὲν
3525 2783 3657 2837 x033-

2114 2881 2286 2947 ζεται,
2310 2881 2381 2935 τὰ
2405 2881 2462 2934 δέ
2490 2879 2865 2950 στεφανοῦται.
2904 2872 3065 2932 Ἃλλά
3092 2894 3236 2940 τινες
3261 2877 3375 2930 τῶν
3402 2874 3655 2948 αἱρετικῶν

2114 2993 2299 3045 φασιν,
2330 2974 2412 3028 ὅτι
2444 2974 2631 3045 ἕτερον
2658 2972 2930 3044 ἐγείρεται
2956 2970 3134 3042 σῶμα.
3172 2969 3380 3036 Πόθεν;
3411 2968 3529 3023 εἰπέ
3558 2980 3654 3037 μοι·

2114 3066 2242 3119 ἄλλο
2284 3064 2524 3136 ἥμαρτε,
2562 3064 2657 3117 καὶ
2682 3063 2809 3116 ἄλλο
2835 3056 3152 3126 κολάζεται;
3182 3059 3312 3115 ἄλλο
3336 3058 3655 3130 κατώρθωσε.

2115 3158 2210 3211 καὶ
2247 3156 2376 3211 ἄλλο
2399 3154 2790 3224 στεφανοῦταις
2822 3153 2887 3206 Τί
2918 3152 2976 3207 δέ
3015 3153 3190 3223 ἐρεῖτε
3219 3150 3436 3220 λέγοντι
3470 3146 3655 3216 Παύλῳ,

2119 3250 2202 3302 Οὐ
2262 3246 2517 3316 θέλομεν
2570 3244 2963 3307 ἐκδύσασθαι,
3005 3243 3143 3298 ἀλλ’
3204 3240 3658 3299 ἐπενδύσασθαι;

2118 3338 2237 3401 πῶς
2280 3336 2339 3391 δὲ
2384 3335 2447 3389 τὸ
2506 3334 2743 3405 φθαρτὸν
2795 3334 2900 3387 ὑπὸ
2944 3332 3046 3403 τῆς
3094 3331 3244 3401 ζωῆς
3303 3329 3657 3387 καταπίνεταις

2117 3431 2193 3485 Ob
2240 3430 2347 3501 7&9
2378 3424 2550 3492 εἶπεν,
2583 3428 2701 3481 ἰνα
2731 3426 3017 3503 κατατιθῇ
3046 3424 3107 3477 τὸ
3140 3423 3338 3493 θνητὸν
3371 3422 3407 3494 ἢ
3437 3419 3497 3475 τὸ
3519 3419 3659 3503 φθαρῇ

2116 3522 2208 3576 τὸν
2242 3519 2400 3591 σῶμα
2439 3519 2543 3571 ὑπὸ
2562 3517 2656 3571 τοῦ
2676 3507 3274 3586 άφθάβουΊώματος*
3312 3512 3454 3576 ἀλλ’,
3489 3507 3658 3573 Ἰναὴ

2118 3613 2307 3683 φθορὰ
2332 3610 2451 3666 ὑπὸ
2484 3608 2591 3677 τῆς
2616 3606 2783 3677 ζωῆς.
2814 3600 2947 3660 Τότε
2978 3606 3085 3678 7&9
3119 3605 3277 3659 τοῦτο
3308 3604 3536 3673 γίνεται,
3559 3602 3660 3653 ὅταν

2117 3704 2178 3758 τὸ
2207 3702 2338 3757 αύτό
2379 3700 2661 3772 ἐγείρηται
2706 3698 2895 3769 σῶμα’
2939 3696 3034 3749 ἐὰν
3069 3696 3127 3749 δὲ
3154 3697 3333 3749 ἐκεῖνο
3365 3690 3661 3765 ἀφεὶς,ἀλὶ’›

2118 3794 2525 3864 κατασκευάσῃ,
2579 3790 2761 3844 οὐκέτι
2816 3788 3192 3851 καταπίνεται,
3250 3787 3394 3841 ἀλλά
3452 3788 3587 3858 μένει
3634 3780 3661 3851 ἡ

2119 3888 2295 3958 φθορὰ
2344 3885 2685 3956 κρατήσασα.
2714 3881 2814 3935 Διά
2842 3880 3000 3934 τοῦτο
3024 3879 3085 3933 οὐ
3118 3878 3330 3947 γίνεται
3354 3877 3530 3939 τοῦτο,
3554 3872 3661 3928 ἀλλὰ

2117 3974 2199 4032 δεῖ
2221 3978 2281 4030 τὸ
2304 3975 2541 4047 φθαρτὸν
2571 3972 2748 4037 τοῦτο,
2783 3971 3052 4036 τουτέστι,
3078 3970 3137 4023 τὸ
3161 3968 3344 4038 σῶμα,
3376 3963 3660 4021 ἐνδύσασθαι

2119 4071 2446 4145 ἀφθαρσίαν.
2503 4066 2577 4123 Τὸ
2610 4067 2719 4139 γὰρ
2771 4066 2929 4137 σῶμα
2974 4064 3137 4136 μέσον
3184 4063 3322 4129 ἐστὶ,
3369 4060 3463 4115 νῦν
3510 4056 3662 4129 μὲνέν

2119 4164 2293 4232 τούτῳ
2333 4161 2645 4231 γενόμενον,
2687 4156 2914 4225 ὕστερον
2963 4155 3020 4208 δὲ
3056 4153 3311 4224 ἐσόμενον
3362 4153 3422 4206 ἐν
3465 4148 3659 4213 ἐκείνῳ·

2121 4259 2216 4311 καὶ⁹
2249 4256 2337 4310 διὰ
2373 4253 2532 4307 τοῦτο
2564 4253 2623 4305 ἐν
2661 4248 2837 4320 τούτῳ
2876 4245 3099 4319 πρώτῳ,
3128 4243 3319 4316 ἐπειδὴ
3351 4242 3450 4313 τὴν
3480 4232 3661 4309 (1995:9-

2125 4350 2243 4402 σίαν
2272 4346 2499 4417 λυθῆναι
2521 4344 2621 4398 οὐκ
2642 4343 2740 4396 ἔνι.
2774 4343 2858 4395 Οὐ
2886 4340 2995 4410 γὰρ
3032 4339 3071 4405 ἡ
3109 4334 3300 4407 φθορὰ
3336 4335 3453 4401 τὴν
3477 4332 3663 4399 ἀφθαρ-

2123 4442 2268 4495 σίαν
2297 4436 2674 4508 κληρονομεῖ,
2724 4433 2887 4505 φησίν
2907 4448 2923 4463 ο
2971 4431 3094 4483 ἐπεὶ
3129 4428 3242 4491 πῶς
3276 4427 3359 4480 ἐνι
3393 4420 3659 4494 ἀφθαρσίας

2124 4533 2258 4588 ἀλλά
2280 4532 2611 4595 τούναντίον,
2637 4526 2990 4582 καταπίνεται
3018 4525 3053 4594 ή
3083 4520 3257 4591 φθορά
3277 4519 3387 4572 ὑπὸ
3409 4519 3501 4588 τῆς
3524 4514 3659 4582 ζωῆς

2122 4625 2281 4679 τοῦτο
2325 4621 2424 4694 μὲν
2448 4622 2556 4692 γὰρ
2585 4618 2795 4672 ἐκείνου
2825 4615 3184 4686 περιγίνεται,
3209 4608 3387 4664 ἐκεῖνο
3410 4608 3467 4660 δέ
3504 4604 3661 4658 τούτου

2125 4714 2276 4789 [510]
2302 4708 2507 4768 οὐκέτι.
2546 4711 2758 4778 Ὠσπερ
2781 4708 2888 4778 γὰρ
2910 4702 3101 4776 κηρὸς,
3133 4700 3321 4755 λύεται
3348 4701 3447 4771 μὲν
3467 4697 3660 4789 ύτυδσειιῖ

2130 4782 2239 4883 βδς,
2258 4782 2429 4870 ἀὐτὸς
2457 4805 2513 4858 δέ
2535 4798 2717 4857 οὐκέτι
2741 4798 2857 4853 λύει
2884 4793 2946 4852 τὸ
2984 4795 3098 4868 πῦρ
3116 4812 3133 4829 ο
3170 4792 3311 4848 οὕτω
3338 4792 3434 4845 καὶ
3462 4793 3492 4859 ἡ
3515 4782 3661 4883 φθορά

2124 4873 2354 4971 τήκεται
2396 4896 2501 4949 ὑπὸ
2530 4895 2631 4963 τῆς
2657 4890 2965 4962 ἀφθαρσίας
2990 4890 3085 4942 καὶ
3106 4885 3451 4956 ἀφανίζεται,
3478 4873 3659 4971 αὖτηδὲ

2126 4961 2343 5057 ἐκείνης
2362 4961 2635 5056 κρατῆσαι
2657 4961 2915 5035 ουδέποτε
2933 4978 3177 5031 δύναται.
3216 4974 3555 5039 Ἀκούσωμεν
3576 4961 3658 5015 τοί·

2125 5096 2219 5134 νυν
2239 5077 2339 5147 τῆς
2365 5074 2578 5129 Παύλου
2602 5071 2787 5142 φωνῆς
2806 5068 3092 5137 λεγούσης,
3114 5067 3195 5119 ὅτι
3220 5063 3321 5118 Δεῖ
3344 5060 3497 5132 ἡμᾶς
3514 5066 3658 5122 παρα·

2125 5168 2421 5238 σταθῆναι
2438 5164 2750 5232 τῷβήματι
2763 5159 2872 5214 τοῦ
2884 5158 3161 5227 Χριστοῦ,
3178 5158 3273 5209 καὶ
3287 5148 3655 5223 ὑπογράψωμεν

2127 5265 2304 5316 ἐκεῖνο
2334 5260 2396 5312 τὸ
2415 5257 2789 5324 δικαστήριον,
2823 5251 2920 5304 καὶ
2938 5249 3250 5319 νομίσωμεν
3279 5244 3413 5297 αὐτὸ
3443 5239 3655 5324 παρεῖναι

2126 5356 2242 5421 νῦν,
2291 5354 2383 5406 καὶ
2429 5350 2530 5412 τάς
2570 5321 2799 5408 εὐθύνας
2840 5339 3211 5396 ἀπαιτεῖσθαι.
3261 5334 3406 5404 Ἐγὼ
3425 5334 3526 5401 7&9
3553 5321 3656 5421 αὐτό

2127 5412 2464 5514 πλατύτερον
2494 5439 2624 5512 ἐρῶ.
2657 5436 2871 5499 Παῦλος
2896 5432 3027 5501 7&9,
3052 5428 3238 5498 ἐπειδὴ
3256 5412 3653 5514 περιΑρχι

2127 5529 2196 5603 ἦν
2220 5533 2249 5584 ὁ
2275 5505 2434 5596 λόγος
2461 5505 2632 5593 αὐτῷ,
2659 5521 2753 5575 καὶ
2790 5519 2892 5572 οὐκ
2914 5514 3166 5570 ἐϐούλετο
3197 5510 3361 5566 πάλιν
3392 5505 3561 5575 θλῖψαι
3580 5505 3653 5550 αῡο

2192 5732 2220 5771 ιι
2245 5729 2394 5791 Marg.
2414 5725 2586 5785 Savil.,
2610 5740 2660 5772 π.
2682 5719 3005 5775 ἀναστάσεως.
3035 5716 3251 5776 Utraque
3270 5706 3419 5761 lectio
3436 5702 3628 5769 quadrat-
