3696 6212
61 372 109 430 59
984 359 1050 417 IN
1088 356 1299 415 EPIST.
1345 354 1387 410 ιι
1451 351 1541 408 AD
1574 328 1733 406 Coa.
1775 345 2003 405 nomL.
2043 345 2115 401 χ.

61 486 256 542 :uieates
308 482 575 539 Audentes
615 479 751 536 dixit
791 484 1009 549 prOpter
1043 470 1503 544 persequutioues,

61 577 203 633 tsidias
237 589 289 632 ac
313 582 505 630 mortes
544 571 822 635 assiduas,
853 566 1075 639 perinde
1102 580 1166 620 ac
1194 564 1239 619 si
1269 562 1474 619 diceret
1504 577 1519 615 :

64 669 222 740 xagitat
244 676 287 723 te
308 667 514 738 aliquis,
548 667 861 730 insectatur,
888 661 1172 717 obtruncat
1190 657 1216 710 ’t
1253 671 1319 712 ne
1344 655 1525 710 animo

61 761 243 823 incidas,
278 760 413 815 bono
442 769 536 813 tuo
578 757 681 812 hoc
720 769 881 811 omne
920 752 980 807 ﬁt
1012 769 1027 806 :
1059 765 1128 806 ne
1156 750 1345 804 timeas
1368 788 1385 815 ,
1428 743 1523 799 sed

61 851 209 906 mﬁde.
236 850 281 905 ld
304 852 435 905 enim
455 891 468 910 .
501 848 570 905 de
608 862 713 919 quo
756 845 1060 917 ingemiscis
1087 851 1141 898 et
1167 841 1339 905 doles,
1371 837 1529 893 nimi-

61 960 114 999 un
136 941 255 1012 quod
276 940 587 1012 corruptioni
611 938 835 1001 servias,
865 936 1118 1004 deinceps
1141 935 1208 988 de
1229 931 1406 986 medio
1430 928 1531 983 tol-

62 1052 81 1095 μ,
109 1042 240 1102 atque
253 1047 309 1086 ex
328 1032 420 1086 hac
436 1030 694 1085 servitute
719 1027 950 1083 celerius
970 1026 1182 1080 liberat.
1207 1025 1282 1076 Ac
1304 1017 1530 1091 proinde

62 1124 141 1189 cit,
180 1122 398 1175 Audentes
438 1122 596 1192 igitur
633 1133 872 1189 semper;
915 1132 1020 1171 non
1061 1114 1219 1169 modo
1247 1114 1299 1167 in
1326 1111 1528 1183 quiete,

62 1216 93 1267 d
117 1215 253 1269 etiam
279 1215 323 1267 iu
350 1212 725 1267 afﬂictionibus
752 1228 768 1275 ;
796 1221 843 1264 et
880 1210 1089 1263 scientes
1126 1207 1368 1278 quoniam
1411 1203 1534 1256 dum

62 1322 233 1358 rsmnur
256 1305 302 1358 in
322 1319 547 1372 corpore,
593 1302 977 1373 peregrinantur
1010 1298 1289 1352 aeDomino
1316 1312 1335 1350 :
1361 1295 1418 1351 ’1.
1444 1309 1534 1362 per

61 1401 145 1453 lem
180 1398 291 1451 enim
323 1395 632 1450 ambulamus
659 1404 709 1449 et
736 1410 835 1448 non
865 1408 954 1463 per
991 1392 1249 1461 speciem:
1276 1389 1331 1444 8.
1376 1386 1534 1439 audeo

61 1507 108 1543 us
129 1499 288 1555 autem,
312 1498 354 1542 et
374 1488 554 1542 bonam
574 1486 880 1541 voluntatem
906 1482 1147 1536 habemus
1168 1477 1483 1550 peregrinari
1502 1492 1537 1529 a

61 1596 209 1649 rpore,
226 1589 267 1633 et
293 1588 547 1648 praesentes
567 1594 672 1631 esse
698 1577 765 1629 ad
790 1574 1081 1630 Dominum.
1109 1571 1262 1639 Quod
1288 1569 1537 1625 omnibus

65 1673 253 1726 blimius
290 1679 399 1737 est,
441 1670 740 1740 posteriore
779 1669 896 1722 loco
938 1667 1156 1737 posuit:
1200 1662 1538 1734 praestantius

65 1765 136 1818 im
161 1774 229 1819 est
265 1778 373 1818 cum
397 1761 613 1818 Christo
662 1775 815 1826 esse,
856 1775 1016 1831 quam
1045 1772 1243 1827 corpus
1283 1772 1314 1811 a
1352 1770 1540 1810 corru-

61 1857 167 1910 ioue
192 1854 393 1910 liberum
421 1854 686 1921 accipere.
722 1852 835 1907 Iloc
855 1861 1034 1906 autem
1061 1850 1178 1905 vult
1198 1849 1498 1918 signiﬁcare
1522 1864 1536 1901 :

62 1956 161 2001 tam
190 1955 403 2001 nostram
446 1946 492 2000 is
521 1958 625 1999 non
656 1944 965 2014 exstinguit,
995 1944 1086 2013 qui
1122 1957 1221 1997 nos
1250 1949 1538 2011 oppugnat,

82 2048 241 2093 morte
264 2037 418 2091 afﬁcit
446 2053 459 2090 :
504 2051 573 2091 ne
604 2036 796 2091 timeas
827 2053 840 2088 :
872 2033 1087 2090 conﬁde
1124 2047 1247 2088 cum
1286 2031 1542 2087 concide-

72 2165 82 2177 .
108 2123 275 2193 Neque
298 2123 432 2177 enim
460 2121 550 2178 ille
564 2121 843 2176 dumtaxat
868 2128 922 2176 te
950 2135 979 2174 a
998 2120 1346 2187 corruptione
1365 2116 1543 2172 vindi-

62 2226 91 2279 l,
127 2230 187 2268 ac
224 2214 359 2284 gravi
402 2215 611 2269 sarcina
642 2214 803 2280 levat,
836 2214 930 2268 sed
974 2213 1136 2267 etiam
1164 2211 1230 2265 ad
1259 2211 1546 2265 Dominum

61 2307 258 2361 ul'cstim
300 2306 625 2361 transmittit.
672 2305 796 2359 Ideo
842 2319 947 2359 non
978 2303 1132 2369 dixit,
1178 2303 1313 2356 Dum
1361 2317 1547 2356 sumus

61 2414 292 2469 corpore,
313 2400 459 2470 quasi
486 2399 572 2454 bic
595 2399 763 2453 simus
788 2397 840 2451 in
862 2405 1082 2451 externa
1103 2398 1343 2465 regione.
1368 2394 1550 2448 Scien-

82 2493 233 2562 igitur
253 2492 378 2563 quod
406 2492 527 2546 dum
547 2506 803 2546 versamur
830 2490 885 2543 in
912 2504 1141 2558 corpore,
1166 2487 1549 2558 peregrinantur

61 2584 280 2638 )omino:
304 2584 545 2636 audemus
571 2593 760 2646 autem,
789 2591 835 2635 et
858 2581 1042 2633 bonam
1070 2580 1376 2632 voluntatem
1396 2577 1551 2631 habe-

62 2693 92 2729 s
120 2676 275 2746 magis
300 2674 610 2744 peregrinari
628 2690 659 2725 a
678 2689 908 2743 corpore,
933 2680 980 2724 et
1001 2679 1270 2740 prtesentes
1288 2686 1397 2724 esse
1411 2669 1551 2737 apud

64 2768 275 2819 minuat.
320 2765 501 2818 Viden‘
550 2780 658 2834 quo
704 2771 859 2833 pacto
898 2762 1122 2816 molesta
1169 2760 1255 2814 illa
1286 2763 1474 2815 mortis
1498 2769 1554 2814 et

66 2868 160 2912 tus
187 2857 435 2911 vocabula
460 2857 721 2921 reticens,
750 2855 852 2909 alia
882 2869 1137 2924 perquam
1169 2853 1351 2909 suavia
1382 2851 1433 2907 in
1462 2867 1552 2906 eo.

61 2969 92 3007 n
120 2951 286 3005 vicem
316 2948 663 3012 substituenit,
682 2947 1013 3016 praesentiam
1031 2946 1280 3000 nimirum
1294 2945 1362 3000 ad
1386 2944 1553 2999 Deum

63 3059 380 3113 utincupans
407 3058 423 3109 ;
454 3057 517 3097 ac
558 3041 930 3111 praetermissis
960 3040 1064 3095 illis
1093 3039 1367 3094 vocabulis
1389 3079 1404 3105 ,
1436 3053 1554 3107 qum

63 3138 320 3192 unditatis
348 3136 578 3206 speciem
608 3133 910 3198 habebant,
944 3148 1065 3204 qua:
1110 3132 1177 3186 ad
1219 3133 1379 3187 vitam
1430 3147 1555 3200 pero

66 3239 181 3292 :nt,
217 3243 248 3282 a
300 3227 541 3283 tristibus
581 3226 933 3295 nuncupavit,
989 3224 1468 3295 peregrinationem
1525 3238 1555 3277 a

68 3323 205 3376 nino
226 3320 389 3375 vitam
421 3319 559 3374 banc
585 3318 858 3389 appellans
884 3318 908 3371 ?
938 3317 1049 3373 lloc
1077 3327 1255 3373 autem
1282 3331 1348 3372 eo
1376 3317 1557 3371 consio

69 3413 217 3478 fecit,
248 3427 316 3468 ne
336 3411 615 3482 quisquam
644 3410 695 3464 in
724 3410 1078 3480 praesentibus
1105 3410 1331 3465 libenter
1362 3409 1556 3464 immo.

71 3521 137 3568 η’,
171 3503 264 3558 sed
304 3518 369 3558 ea
400 3502 577 3572 potius
604 3501 841 3572 graviter
879 3500 1059 3563 ferat;
1102 3515 1202 3556 nec
1248 3516 1454 3566 rursus,
1489 3515 1553 3556 ex

90 3596 203 3648 vita
229 3608 576 3658 excessurus,
606 3592 967 3663 perturbetur,
995 3591 1090 3647 sed
1122 3594 1297 3661 potius
1324 3593 1557 3659 lactetur,

78 3688 104 3741 tl
142 3687 354 3755 majora
384 3686 521 3740 bona
550 3685 918 3755 proﬁciscens.
947 3685 1160 3749 Postea,
1190 3701 1260 3739 ne
1293 3685 1413 3754 quis
1444 3684 1561 3739 iure

82 3793 215 3843 ens,
246 3777 654 3848 Peregrinamur
676 3794 711 3831 a
735 3776 972 3841 Domino,
1001 3776 1208 3832 diceret
1241 3793 1255 3828 :
1279 3776 1416 3842 Quid
1437 3776 1562 3830 ais?

128 3885 163 3923 ει
214 3870 332 3925 Deo
360 3868 751 3932 abalienamur,
782 3868 905 3938 quia
934 3868 1021 3923 hic
1049 3869 1278 3923 sumus?
1304 3867 1564 3936 objectio-

104 3960 257 4014 hanc
296 3967 654 4030 prmvertens,
682 3957 835 4022 dixit,
880 3956 983 4012 Per
1018 3956 1169 4026 [idem
1206 3958 1342 4013 enim
1381 3958 1561 4012 ambu-

86 4072 143 4121 s,
201 4070 311 4107 non
360 4068 455 4122 per
503 4053 753 4121 speciem;
798 4060 957 4120 atque
1003 4050 1090 4106 hic
1137 4050 1352 4119 quidem
1388 4050 1563 4120 ipsum

87 4147 261 4207 imus,
294 4142 399 4197 sed
440 4156 548 4196 non
579 4144 647 4195 ita
678 4141 841 4195 clare.
872 4141 926 4195 Id
950 4140 1089 4210 quod
1119 4140 1225 4195 alio
1256 4141 1374 4196 loco
1401 4141 1561 4207 dicit,

93 4235 414 4305 speculum,
457 4242 535 4299 et,
576 4232 644 4286 In
682 4233 952 4302 aenigmate
997 4234 1095 4301 (l.
1142 4232 1258 4286 Cor.
1306 4234 1392 4289 15.
1440 4234 1561 4303 12).

92 4343 223 4380 mus
249 4334 459 4389 autem,
487 4335 533 4379 et
553 4324 738 4379 bonam
759 4326 1069 4378 voluntatem
1092 4324 1353 4380 habemus.
1384 4326 1561 4395 Papm,

94 4432 440 4474 sermonem
490 4416 850 4471 circumduxit
889 4417 903 4470 !
954 4432 1147 4487 nempe
1192 4418 1259 4472 ad
1300 4433 1566 4474 summum

100 4528 134 4566 s
172 4509 570 4575 desiderium;
620 4509 669 4563 id
692 4551 707 4575 ,
757 4508 899 4578 quod
928 4510 1211 4565 molestmn
1254 4519 1370 4575 est,
1403 4526 1567 4565 suave

99 4601 443 4664 sstendens,
475 4600 682 4671 etquod
712 4616 893 4664 suave,
923 4601 1227 4655 molestum.
1251 4602 1403 4670 Quod
1425 4602 1567 4657 enim

101 4696 319 4749 Bonam
350 4696 673 4749 voluntatem
700 4695 943 4748 habemus
966 4735 982 4761 ,
1021 4695 1072 4748 id
1102 4704 1218 4761 est,
1247 4696 1563 4765 expetimus.

123 4790 517 4860 expetimus?
561 4789 839 4845 Excedere
864 4803 897 4845 e
934 4804 1160 4859 corpore
1182 4830 1198 4854 ,
1231 4798 1391 4859 atque
1428 4790 1567 4859 apud

106 4897 243 4937 sum
287 4888 607 4950 praesentes
650 4896 789 4935 esse.
829 4880 939 4935 Hoc
962 4892 1161 4946 autem,
1204 4891 1261 4934 ut
1294 4881 1406 4951 jam
1436 4880 1565 4947 dixi,

107 4992 124 5029 ι
158 4988 417 5043 semper
439 4972 591 5034 facit,
616 4982 671 5027 ut
699 4988 905 5037 eorum,
936 4973 1023 5042 qui
1056 4973 1154 5042 ipsi
1194 4974 1565 5041 adversantur,

110 5075 261 5119 nem
286 5064 352 5118 in
380 5064 722 5119 contrarium
743 5072 1005 5132 torqueat.
1031 5065 1090 5120 9.
1112 5063 1261 5119 Unde
1285 5074 1331 5119 et
1354 5076 1568 5119 conten-

164 5156 291 5209 sive
338 5164 633 5225 prementes
658 5155 760 5208 sive
785 5156 1034 5219 absentes,
1072 5155 1172 5223 ipsi
1210 5155 1426 5224 placere.
1455 5156 1567 5211 Hoc

115 5249 297 5303 nobis
333 5249 689 5317 prepositum
719 5257 823 5309 est,
858 5248 1047 5318 inquit,
1083 5257 1142 5301 ut
1178 5249 1292 5303 sive
1319 5248 1427 5303 illic
1454 5249 1569 5304 sive

118 5355 267 5406 nus,
323 5355 403 5394 ex
437 5340 610 5408 ipsius
651 5338 927 5393 voluntate
971 5349 1026 5394 et
1052 5340 1314 5394 sententia
1342 5341 1563 5395 vivere:

119 5434 221 5485 tim
281 5430 496 5485 studio
539 5429 671 5484 nihil
710 5438 794 5484 est
840 5430 993 5483 nobis
1030 5431 1324 5500 antiquius.
1384 5430 1567 5500 itaque

121 5540 202 5578 tm
273 5537 537 5593 regnum
577 5521 742 5576 habes
783 5522 898 5575 sine
942 5522 1274 5590 probatione.
1324 5523 1456 5577 Nam
1500 5538 1569 5578 ne

153 5629 311 5669 cum
370 5614 437 5667 in
475 5622 676 5668 tantam
703 5612 1046 5681 cupiditatem
1075 5614 1381 5678 venissent,
1424 5613 1567 5667 illius

125 5706 421 5761 nationis
456 5718 642 5759 moras
684 5718 828 5774 aegre
878 5703 1101 5771 ferrent,
1132 5705 1217 5759 hic
1249 5705 1356 5774 jam
1398 5706 1561 5775 ipsis,

127 5813 395 5854 morum
430 5798 680 5850 omnium
710 5803 872 5866 caput
900 5805 1002 5862 est,
1035 5796 1238 5854 tribuit.
1266 5796 1401 5864 Quid
1432 5796 1563 5853 illud

270 5888 592 5950 ΡΑτιιοι..
639 5887 755 5949 Gtt.
775 5887 962 5971 ‘LXI.

3109 343 3211 396 ιτυ

1627 473 1710 519 est
1734 463 1759 517 ἲ
1788 461 1855 518 Ut
1883 462 1994 517 Deo
2022 458 2156 531 grati
2183 459 2309 515 sint.
2357 458 2540 529 Neque
2569 459 2711 513 enim
2739 457 3056 530 simpliciter
3089 458 3214 513 huic

1628 556 1891 612 excedere
1916 555 2231 626 praeclarum
2260 564 2362 619 est,
2385 556 2479 610 sed
2510 554 2771 610 excedere
2798 569 2921 608 cum
2948 554 3068 608 vita:
3094 570 3218 623 pro-

1630 646 1795 702 bitate
1823 662 1839 711 ;
1866 645 1994 701 hinc
2015 647 2158 700 enim
2191 646 2508 715 prteclarum
2535 660 2747 715 quoque
2786 644 2914 698 illud
2941 643 3169 699 efﬁcitur
3194 663 3210 701 :

1632 750 1732 795 nec
1777 754 1963 794 rursus
1993 738 2079 794 hic
2138 738 2452 807 simpliciter
2492 753 2612 794 esse
2639 753 2800 809 grave
2840 746 2943 803 est,
2975 737 3070 793 scd
3097 753 3217 793 cum

1633 831 1929 886 offensione
1957 831 2049 886 Dei
2079 832 2163 886 hic
2188 846 2327 886 esse.

1705 921 1759 976 5.
1808 919 1950 977 Cave
1992 937 2119 992 ergo
2149 922 2423 977 existimes
2447 936 2727 977 excessum
2759 937 2789 977 e
2814 936 3042 991 corpore
3069 920 3221 977 sufﬁ-

1634 1030 1761 1070 cere
1790 1030 1807 1069 :
1834 1014 2029 1069 virtute
2059 1014 2255 1085 quippe
2294 1015 2489 1085 ubique
2533 1023 2617 1069 est
2659 1030 2814 1084 opus.
2854 1012 3004 1070 Sicut
3053 1014 3220 1079 enim,

1637 1123 1756 1162 cum
1802 1109 2214 1164 resurrectionis
2255 1107 2516 1163 vocabulo
2559 1124 2687 1162 usus
2733 1116 2896 1174 esset,
2947 1124 3054 1187 non
3101 1108 3225 1164 sivit

1636 1215 1737 1257 nos
1774 1202 1826 1256 in
1867 1216 1928 1257 ea
1968 1202 2082 1257 sola
2126 1201 2368 1257 ﬁduciam
2414 1201 2643 1268 habere,
2687 1200 2902 1265 dicens,
2952 1202 3013 1256 Si
3058 1211 3226 1255 tamen

1638 1294 1820 1359 vestiti,
1856 1304 1902 1348 et
1934 1311 2037 1347 non
2088 1294 2213 1347 nudi
2237 1294 2553 1347 inveniamur
2579 1308 2599 1347 .'
2630 1294 2729 1358 sic,
2761 1308 2882 1348 cum
2915 1293 3226 1363 peregrina-

1641 1385 1840 1438 tionem
1869 1383 2212 1447 ostendisset,
2246 1399 2313 1438 ne
2337 1398 2454 1438 eam
2486 1383 2578 1437 tibi
2601 1383 2666 1437 ad
2694 1384 2917 1437 salutem
2950 1384 3079 1437 satis
3106 1398 3228 1438 esse

1640 1475 1912 1541 crederes,
1941 1476 2042 1531 hoc
2065 1475 2279 1545 adjecit,
2310 1477 2517 1547 placere
2538 1476 2651 1532 Deo
2676 1486 2906 1547 oportet.
2940 1476 3228 1547 Postquam

1643 1570 1802 1640 igitur
1828 1585 1854 1622 a
1899 1570 2081 1624 multis
2127 1571 2289 1625 rebus
2328 1570 2465 1625 lmtis
2510 1586 2695 1626 eorum
2725 1571 2934 1626 animos
2968 1570 3228 1633 incitavit,

1644 1662 1898 1731 deinceps
1942 1676 1969 1715 a
2020 1661 2344 1717 tristioribus
2387 1671 2588 1716 metum
2630 1662 2840 1716 incutit.
2892 1661 3043 1729 Quod
3089 1662 3234 1714 enim

1644 1752 1774 1807 utile
1802 1760 1905 1817 est,
1938 1760 2042 1805 tam
2073 1752 2125 1805 in
2154 1752 2414 1806 bonorum
2445 1752 2750 1821 adeptione,
2773 1768 2933 1823 quam
2962 1752 3012 1805 in
3060 1751 3236 1804 malo-

1647 1857 1764 1897 rum
1814 1841 1935 1912 fuga
1976 1842 2259 1908 consistit,
2302 1858 2420 1912 quae
2465 1844 2678 1912 quidem
2720 1853 2843 1898 sunt
2891 1843 3135 1913 gebcnna
3182 1850 3238 1896 et

1647 1948 1891 2003 regnum.
1917 1934 2179 1989 Cmterum
2207 1934 2459 2004 quoniam
2482 1950 2694 2004 pcenam
2722 1935 2954 2005 effugere
2978 1936 3235 2007 majorem

1649 2028 1756 2081 vim
1799 2027 1960 2083 habet
1990 2045 2004 2081 :
2039 2044 2159 2083 nam
2191 2028 2431 2098 plerique
2477 2029 2740 2099 iacturam
2784 2029 3048 2086 bonorum
3080 2028 3238 2083 facile

1649 2117 1889 2185 ferrent;
1936 2120 1979 2175 si
2006 2130 2189 2175 autem
2218 2129 2481 2175 tormenta
2509 2120 2619 2174 sint
2647 2120 2866 2176 ferenda
2887 2163 2901 2180 .
2934 2136 3040 2175 non
3072 2120 3235 2187 item;

1651 2197 1927 2280 oporteret
1948 2214 2089 2268 enim
2114 2214 2348 2283 priorem
2369 2214 2633 2283 jacturatn
2653 2214 3043 2269 intolerabilem
3063 2213 3239 2269 existi~

1654 2320 1801 2359 utare
1828 2320 1844 2369 ;
1873 2305 1966 2359 sed
1998 2320 2064 2360 ex
2096 2306 2405 2362 inﬁrmitate
2432 2317 2484 2361 et
2515 2307 2818 2376 abjectione
2847 2308 2997 2361 multi
3021 2322 3236 2377 poenam

1652 2397 1953 2466 graviorem
2000 2396 2389 2468 existimant):
2419 2396 2670 2468 quoniam
2707 2414 2834 2467 ergo
2866 2414 3110 2468 magnam
3147 2414 3241 2451 au-

1653 2487 1883 2543 ditorum
1903 2498 2109 2557 partem
2129 2487 2388 2543 bonorum
2417 2489 2628 2560 largitio
2646 2504 2750 2544 non
2778 2488 2998 2559 perinde
3016 2487 3239 2556 excitat,

1656 2588 1713 2633 ut
1741 2590 2129 2634 tormentorum
2158 2581 2504 2635 comminatio
2526 2623 2540 2646 ,
2571 2582 2892 2638 necessitate
2933 2582 3243 2651 compulsus

1656 2671 1732 2724 sic
1759 2685 2065 2726 sermonem
2091 2671 2365 2726 concludit
2395 2688 2409 2723 :
2441 2672 2527 2727 10.
2555 2673 2741 2727 Omnes
2757 2674 2889 2727 enim
2910 2690 3001 2728 nos
3026 2675 3245 2744 manife-

1656 2762 1782 2815 stari
1827 2770 2021 2832 oportet
2062 2770 2177 2817 ante
2215 2762 2439 2817 tribunal
2482 2761 2691 2818 Christi.
2739 2763 2861 2819 Mox
2908 2773 3108 2832 tamen,
3153 2765 3243 2821 ubi

1662 2850 1942 2905 tribunalis
1975 2851 2118 2906 illius
2150 2852 2409 2907 memoria
2438 2853 2737 2909 auditorem
2781 2855 3006 2919 terruit,
3052 2870 3120 2910 ne
3160 2855 3248 2911 hic

1659 2943 1876 3013 quidem
1908 2943 2078 2998 tristia
2110 2945 2229 2999 sine
2259 2945 2396 3000 lcetis
2433 2946 2631 3014 posuit,
2676 2947 2771 3002 sed
2810 2948 3081 3017 voluptate
3110 2963 3247 3018 qua—

1659 3034 1783 3088 dam
1812 3034 2061 3101 miscuit,
2093 3034 2278 3090 dicens
2310 3053 2322 3089 :
2358 3035 2425 3090 Ut
2454 3036 2641 3104 referat
2667 3038 3011 3109 unusquisque
3038 3040 3249 3108 propria

1661 3126 1910 3194 corporis,
1943 3138 2091 3196 prout
2110 3129 2282 3197 gessit,
2315 3128 2419 3181 sive
2446 3127 2631 3183 bonum
2661 3130 2764 3184 sive
2791 3130 3003 3184 malum.
3042 3130 3249 3197 Quibus

1666 3219 1847 3275 verbis
1879 3229 1931 3274 et
1960 3237 2073 3284 eos,
2106 3222 2197 3291 qui
2228 3222 2484 3289 praeclare
2508 3238 2565 3277 se
2594 3236 2869 3294 gesserant
2900 3234 3059 3295 atque
3082 3241 3248 3281 vexa-

1664 3311 1876 3376 bantur,
1904 3312 1957 3366 in
1982 3328 2131 3382 spem
2156 3314 2331 3384 erigit,
2359 3323 2414 3369 et
2435 3328 2529 3370 eos
2554 3317 2642 3386 qui
2661 3316 3027 3383 conciderant,
3053 3318 3250 3386 injecto

1665 3412 1872 3458 terrore
1913 3404 2282 3475 diligentiores
2332 3405 2558 3462 reddit:
2597 3421 2663 3462 ac
2704 3406 2936 3478 denique
2962 3424 3252 3478 corporum

1667 3498 2114 3553 resurrectionem
2143 3500 2446 3553 conﬁrmat.
2469 3498 2583 3553 Non
2611 3500 2775 3565 enim,
2808 3502 2995 3569 inquit,
3025 3501 3075 3557 id
3104 3500 3249 3571 quod

1669 3602 1777 3643 tum
1806 3589 1872 3643 ad
1904 3591 2173 3653 virtutem,
2202 3600 2309 3645 tutu
2334 3591 2399 3645 ad
2424 3592 2610 3645 vitimn
2631 3608 2849 3663 operam
2868 3593 3030 3659 dedit,
3061 3611 3090 3648 a
3116 3610 3248 3664 prae.

1669 3685 1777 3739 mio
1810 3685 1895 3739 vel
1919 3700 2076 3754 pinna
2104 3685 2461 3749 excludetur;
2495 3685 2590 3740 sed
2624 3702 2722 3739 una
2761 3702 2883 3741 cum
2911 3688 3107 3742 animis
3132 3702 3254 3741 cor-

1672 3791 1797 3844 pora
1828 3776 2018 3844 partim
2065 3776 2535 3843 cxcruciabuntur,
2566 3777 2759 3845 partim
2788 3792 3018 3833 coronas
3057 3793 3254 3833 conse-

1668 3875 1917 3935 quentur.
1944 3868 2011 3919 At
2035 3878 2157 3921 sunt
2181 3866 2438 3931 bmretici,
2462 3866 2550 3937 qui
2578 3867 2719 3923 aliud
2747 3882 2941 3936 corpus
2971 3884 3256 3939 resurgere
3294 3935 3303 3940 ε

1668 3957 1965 4012 asserunt?
2006 3955 2157 4013 Unde
2199 3957 2572 4028 hoc?qu:nso~;
2619 3959 2760 4015 aliud
2792 3959 3065 4029 peccavit,
3110 3960 3255 4015 aliud

1671 4049 1929 4117 punitur?
1954 4049 2095 4104 aliud
2138 4059 2281 4106 recte
2311 4052 2458 4118 fecit,
2487 4052 2631 4107 aliud
2662 4063 2950 4108 coronatur
2979 4054 3002 4106 ἲ
3027 4052 3163 4118 Quid
3189 4054 3254 4107 ad

1674 4142 1789 4196 haec
1830 4142 1977 4196 Pauli
2018 4142 2181 4197 verba
2211 4142 2403 4198 dicturi
2426 4148 2578 4211 estis,
2617 4143 2872 4199 Nolumus
2900 4145 3133 4215 spoliari,
3164 4145 3256 4198 scd

1670 4234 1995 4302 supet'vestiri
2028 4234 2053 4285 1’
2095 4234 2366 4303 quomodo
2409 4234 2460 4289 id
2503 4236 2643 4304 quod
2682 4237 3027 4305 corruptibile
3071 4246 3175 4301 est,
3223 4251 3254 4289 a

1674 4326 1779 4379 vita
1808 4325 2127 4381 absorbetur
2154 4327 2177 4380 ?
2203 4326 2313 4382 Nec
2351 4328 2492 4382 enim
2537 4328 2670 4382 dixit
2699 4328 2923 4394 Paulus,
2956 4328 3024 4384 Ut
3061 4329 3254 4382 absor-

1674 4416 1867 4472 beatur
1894 4418 2121 4472 mortale
2141 4459 2157 4483 ,
2190 4418 2269 4472 vel
2310 4418 2657 4487 corruptibile
2692 4433 2886 4488 corpus
2915 4419 2983 4474 ab
3014 4420 3258 4475 incorru-

1676 4508 1850 4579 ptibili
1877 4524 2101 4578 corpore
2130 4526 2145 4575 ;
2177 4508 2269 4563 sed
2291 4551 2305 4574 ,
2345 4509 2412 4564 Ut
2451 4512 2707 4580 corruptio
2747 4528 2779 4573 a
2819 4514 2938 4565 vita.
2972 4511 3086 4567 Hoc
3115 4512 3257 4567 enim

1680 4609 1789 4652 tum
1836 4598 2131 4669 contingit,
2180 4614 2302 4654 cum
2351 4599 2477 4655 illud
2526 4602 2699 4668 ipsum
2740 4616 2940 4671 corpus
2982 4601 3049 4656 ad
3094 4603 3258 4656 vitam

1675 4691 1833 4747 redit.
1863 4692 2012 4758 Quod
2040 4693 2084 4747 si
2116 4693 2299 4748 relicto
2341 4694 2430 4748 illo
2470 4694 2614 4749 aliud
2643 4704 2971 4763 exstruatur,
3016 4713 3121 4750 non
3146 4695 3257 4765 jam

1675 4783 1996 4839 absorbetur
2023 4786 2317 4855 corruptio,
2346 4786 2439 4841 sed
2467 4796 2643 4840 manet
2672 4802 2733 4840 ac
2757 4787 3081 4842 dominatur.
3115 4789 3259 4855 Quo-

1674 4875 1817 4930 circa
1864 4875 2083 4931 minime
2130 4877 2230 4932 hoc
2275 4876 2370 4941 ﬁt;
2418 4862 2601 4932 verum
2655 4888 2867 4947 oportet
2912 4879 3259 4949 corruptibile

1676 4968 1799 5033 hoc,
1831 4983 2027 5038 corpus
2052 4968 2262 5039 nempe,
2296 4970 2518 5025 induere
2544 4970 3018 5041 incorruptionem.
3051 4972 3260 5042 Corpus

1676 5062 1818 5116 enim
1850 5060 1902 5115 in
1932 5060 2108 5116 medio
2134 5070 2256 5126 est,
2289 5076 2351 5117 ac
2379 5077 2520 5117 nunc
2549 5062 2599 5116 in
2629 5065 2971 5134 corruptione
2997 5075 3104 5129 est,
3135 5076 3259 5134 post

1676 5164 1855 5209 autem
1871 5154 1922 5208 in
1945 5155 2343 5224 incorruptione
2357 5156 2459 5210 erit
2482 5172 2495 5209 :
2518 5155 2637 5211 ideo
2657 5156 2707 5211 in
2727 5159 3065 5228 corruptione
3089 5159 3257 5229 prius,

1677 5248 1928 5315 quoniam
1971 5248 2296 5317 incorruptio
2333 5247 2468 5304 solvi
2500 5264 2603 5304 non
2641 5258 2868 5320 poterat.
2900 5249 3077 5322 Neque
3113 5252 3255 5306 enim

1678 5339 1958 5408 corruptio,
1992 5339 2181 5407 inquit,
2214 5339 2643 5409 incorruptionem
2672 5341 2947 5396 hereditate
2985 5342 3261 5414 possidebit

1676 5432 1755 5501 (1.
1785 5432 1903 5487 Cor.
1934 5433 2019 5487 15.
2043 5432 2173 5501 50);
2200 5434 2471 5503 quomodo
2501 5434 2639 5488 enim
2673 5443 2851 5503 posset
2895 5451 3013 5489 cum
3059 5438 3128 5491 sit
3175 5438 3260 5490 in-

1677 5526 1949 5595 corruptio
1977 5525 2001 5577 ?
2027 5540 2210 5581 verum
2239 5534 2421 5581 contra
2447 5528 2716 5596 corruptio
2750 5542 2780 5581 a
2816 5528 2918 5581 vita
2949 5525 3258 5581 absorbebi-

1677 5626 1785 5671 tur.
1824 5616 1910 5671 illa
1952 5617 2093 5671 enim
2143 5616 2275 5672 hanc
2320 5618 2528 5683 vincit;
2576 5618 2690 5673 lucc
2733 5631 2908 5673 autem
2951 5619 3095 5673 illam
3144 5636 3251 5674 non

1680 5710 1827 5764 item.
1878 5709 1945 5766 Ut
1971 5711 2113 5764 enim
2143 5726 2265 5766 cera
2310 5711 2444 5782 ignis
2487 5710 2683 5766 ardore
2733 5713 3083 5782 colliquescit,
3134 5728 3257 5769 cera

1680 5811 1857 5861 autem
1887 5803 2064 5874 ignem
2097 5819 2202 5861 non
2246 5804 2406 5863 solvit
2435 5821 2449 5860 :
2482 5804 2559 5861 sic
2589 5806 2863 5875 corruptio
2899 5803 2967 5859 ab
3006 5806 3255 5862 incorm-

2810 5890 2888 5953 30
