3780 6316
386 334 481 388 ιῗί

386 445 673 516 ptibilitate
713 440 940 498 solvitur
987 434 1148 511 atque
1189 438 1566 507 exstinguitur,
1607 434 1731 490 huic
1786 442 1965 488 autem

386 539 475 593 illa
513 535 777 601 dominari
810 548 1098 605 numquam
1139 531 1356 601 poterit.
1391 528 1682 584 Audiamus
1710 541 1837 596 ergo
1862 540 1958 580 vo-

389 644 505 685 cem
536 628 683 685 Pauli
713 626 964 692 dicentis,
998 623 1209 696 Oportet
1238 640 1330 677 nos
1352 622 1461 677 sisti
1486 621 1554 673 ad
1579 618 1802 674 tribunal
1820 618 1969 674 Chri-

388 724 454 777 sti
481 735 586 776 :ac
616 720 847 776 tribunal
892 718 1022 773 illud
1065 717 1244 771 animo
1286 715 1657 786 depingamus,
1702 712 1968 767 existimeo

391 831 619 886 musque
646 815 818 884 ipsum
857 813 967 882 jam
1007 810 1215 875 adesse,
1242 824 1306 864 ac
1344 808 1469 863 vice
1498 807 1731 862 rationes
1759 820 1789 859 a
1819 804 1974 860 nobis

392 906 629 972 exposei.
673 905 783 973 Ego
830 904 973 958 enim
1022 901 1190 957 fusius
1236 914 1521 968 exponam.
1570 896 1707 951 Nam
1752 895 1968 961 Paulus,

398 1000 520 1069 quia
551 997 619 1053 de
647 996 941 1051 afﬂictione
969 1008 1270 1050 sermonem
1306 991 1558 1057 habebat,
1602 1001 1703 1045 nec
1737 1004 1832 1045 eos
1857 1004 1973 1043 rur.

396 1104 514 1143 sum
560 1102 807 1157 premere
860 1084 1094 1149 volebat,
1144 1100 1251 1139 non
1291 1083 1490 1138 diutius
1527 1082 1579 1135 in
1608 1081 1708 1136 hac
1737 1082 1978 1136 oratione

400 1178 789 1234 immorandum
810 1192 928 1232 esse
948 1176 1117 1241 duxit,
1146 1176 1238 1230 sed
1269 1174 1449 1245 paucis
1469 1172 1551 1227 his
1577 1172 1772 1237 verbis,
1805 1170 1976 1227 Unus-

407 1275 621 1345 quisque
670 1275 851 1343 referet
914 1279 1062 1342 prout
1106 1270 1286 1339 gessit,
1336 1267 1388 1322 id
1445 1266 1590 1338 quod
1634 1265 1978 1321 acerbitatem

404 1365 661 1437 ali'erebat
686 1363 1020 1435 complexus,
1058 1362 1238 1417 statim
1268 1360 1490 1416 ulterius
1521 1359 1747 1415 transiit.
1781 1357 1980 1413 Existi~

406 1472 615 1514 memus
657 1456 817 1528 igitur
861 1456 1002 1510 diem
1046 1455 1192 1509 illum
1235 1462 1538 1508 extremum
1581 1467 1721 1507 nunc
1748 1450 1980 1506 adesse:

407 1550 636 1620 quisque
683 1547 1061 1604 conscientiam
1108 1545 1448 1612 consideret,
1494 1544 1763 1615 ﬁngatque
1805 1542 1986 1597 animo

407 1642 600 1697 adesse
624 1641 733 1710 jam
773 1638 1038 1704 Iudicem,
1072 1638 1358 1706 omniaque
1392 1636 1566 1705 detegi
1596 1645 1757 1706 atque
1782 1633 1835 1688 in
1868 1648 1985 1688 me-

408 1733 554 1785 dium
584 1730 811 1801 proferri
833 1747 847 1784 :
866 1744 1039 1800 neque
1060 1729 1201 1783 enim
1232 1728 1346 1783 sisti
1372 1736 1575 1781 tantum
1598 1725 1751 1780 nobis
1768 1737 1988 1779 necesse

414 1834 517 1891 est,
564 1822 658 1879 sed
686 1822 843 1878 etiam
874 1821 1227 1878 manifestari.
1262 1823 1343 1875 An
1375 1835 1483 1875 non
1523 1818 1817 1875 erubuistis
1840 1817 1864 1871 ἲ
1889 1831 1987 1871 an-

409 1933 515 1971 non
555 1927 733 1971 mente
755 1916 1061 1973 excessistis
1085 1916 1109 1968 ‘i

479 2053 675 2107 Judicii
722 2054 961 2123 postremi
1006 2051 1299 2123 descriptio.
1337 2083 1409 2093 —
1444 2052 1599 2120 Quod
1648 2051 1693 2107 si
1741 2066 1881 2107 nunc
1931 2066 1992 2106 re

413 2150 650 2204 nondum
683 2156 969 2218 prmsente,
993 2147 1088 2201 sed
1116 2146 1292 2201 eiiicta
1320 2146 1598 2201 dumtaxat
1629 2155 1786 2217 atque
1812 2145 1993 2200 animo

415 2241 759 2305 adumbrata,
789 2238 1119 2294 conscientia
1160 2247 1339 2292 nostra
1371 2252 1511 2307 pene
1540 2252 1639 2292 nos
1683 2236 1990 2301 exanimat;

418 2334 544 2403 quid
575 2332 788 2387 tandem
826 2331 1081 2387 faciemus
1102 2373 1117 2397 ,
1150 2346 1270 2385 cum
1315 2330 1430 2385 dies
1478 2330 1568 2385 ille
1598 2330 1840 2393 venerit,
1873 2344 1994 2383 cum

419 2436 563 2481 totus
588 2426 734 2481 orbis
764 2434 1027 2481 terrarum
1058 2425 1307 2491 adfuerit,
1338 2439 1458 2479 cum
1488 2423 1661 2494 angeli
1689 2432 1743 2478 et
1769 2422 1998 2478 archan-

418 2521 523 2590 geli
550 2562 566 2586 ,
596 2535 720 2576 cum
750 2519 915 2574 densa
946 2518 1155 2591 agmina
1178 2561 1192 2585 ,
1223 2528 1383 2589 atque
1426 2518 1665 2574 omnium
1695 2533 1883 2573 cursus
1902 2558 1916 2584 ,
1944 2527 1999 2573 et

420 2623 606 2685 raptus
634 2614 685 2667 in
716 2613 967 2678 nubibus,
997 2622 1052 2668 et
1076 2614 1216 2668 acies
1245 2613 1491 2667 tremoris
1514 2612 1838 2683 plena?cum
1862 2612 1999 2666 tubae

419 2706 538 2760 alia:
561 2714 721 2775 atque
748 2706 884 2770 alite,
904 2714 956 2761 et
983 2705 1251 2761 continua:
1277 2706 1381 2760 illae
1401 2705 1601 2761 voces?
1624 2704 1999 2770 Nam,etiamsi

423 2797 567 2852 nulla
598 2797 838 2868 geltenna
865 2805 1021 2862 esset,
1056 2806 1232 2853 tamen
1274 2798 1326 2853 in
1354 2806 1503 2852 tanto
1534 2798 1821 2868 Splendore
1852 2796 2000 2868 rejici

425 2901 480 2947 et
529 2906 651 2947 cum
696 2890 985 2961 ignominia
1034 2890 1324 2957 secedere,
1373 2898 1629 2961 quantum
1678 2897 2001 2944 tormentum

426 2984 616 3039 chet?
647 2983 859 3039 Etenim
890 2983 934 3037 si
966 2982 1295 3053 imperatore
1325 2998 1447 3039 cum
1478 2983 1589 3037 suis
1617 2982 1802 3037 urbem
1831 2982 2006 3050 ingre-

426 3076 605 3131 diente
627 3117 643 3141 ,
677 3090 827 3130 suam
856 3075 1082 3145 quisque
1111 3085 1352 3129 nostrum
1395 3083 1759 3146 paupertatem
1792 3075 2005 3128 intuen-

429 3178 532 3234 tes,
563 3185 670 3224 non
701 3178 905 3225 tantum
933 3183 998 3224 ex
1032 3168 1334 3238 hujusmodi
1362 3168 1669 3239 spectaculo
1698 3166 2005 3236 voluptatis,

429 3270 689 3331 quantum
730 3276 795 3316 ex
848 3274 945 3323 eo,
991 3258 1133 3329 quod
1176 3274 1359 3315 earum
1412 3274 1590 3314 rerum
1639 3274 1756 3328 quae
1808 3258 2006 3312 circum

431 3351 811 3419 imperatorem
851 3360 975 3405 sunt
1006 3350 1152 3405 nullo
1194 3350 1353 3404 modo
1392 3350 1677 3419 participes
1706 3348 1967 3404 efficimur
1992 3391 2007 3416 ,

433 3456 533 3497 nec
561 3458 727 3512 prope
756 3457 879 3497 eum
925 3442 1014 3511 qui
1063 3457 1240 3496 rerum
1290 3443 1492 3512 potitur
1521 3456 1724 3506 smnus,
1768 3442 2013 3497 mmroris

432 3535 710 3605 capimus;
743 3535 869 3605 quid
894 3543 1004 3589 tum
1035 3535 1267 3590 futurum
1309 3536 1433 3590 est?
1480 3551 1548 3590 an
1591 3551 1719 3590 vero
1749 3535 1865 3592 leve
1902 3545 2014 3591 tor-

435 3638 674 3683 mentum
702 3643 826 3684 esse
853 3642 1065 3694 censes,
1099 3643 1205 3682 non
1234 3628 1465 3683 adscribi
1497 3629 1549 3682 in
1580 3627 1726 3683 illum
1752 3628 1974 3683 chorum
1997 3670 2011 3694 ,

436 3721 501 3775 ad
532 3735 781 3775 arcanam
809 3720 953 3775 illam
976 3720 1201 3790 gloriam
1231 3736 1336 3774 non
1368 3718 1618 3774 admitti?
1661 3720 1728 3774 ab
1754 3721 1842 3775 illa
1872 3722 2019 3776 cele-

440 3811 637 3866 britate
664 3825 726 3865 ac
758 3810 929 3876 bonis,
965 3827 1082 3881 qua:
1134 3812 1278 3866 nullo
1308 3825 1560 3865 sermone
1602 3811 1856 3881 explicari
1890 3827 2016 3882 poso

438 3912 594 3968 sunt,
626 3904 809 3972 procul
850 3919 914 3957 ac
958 3903 1115 3973 longe
1158 3903 1387 3974 projici?
1432 3904 1563 3957 Cum
1608 3918 1735 3958 vero
1784 3905 2019 3960 tenebrae.

440 3996 660 4064 insuper
688 3995 825 4061 sint,
858 4006 913 4052 et
937 3995 1175 4051 dentium
1208 3995 1440 4062 stridor,
1486 4004 1540 4051 et
1585 3996 1792 4052 vincula
1822 3997 2020 4052 insolu-

443 4086 591 4153 bilia,
624 4097 678 4142 et
708 4089 906 4144 vermis
948 4088 1299 4154 immortalis,
1341 4096 1396 4144 et
1436 4088 1572 4158 ignis
1613 4105 1898 4160 numquam
1926 4106 2021 4145 ex-

441 4178 813 4246 stinguendus,
842 4189 894 4234 et
938 4180 1218 4250 oppressio
1246 4189 1406 4249 atque
1442 4180 1705 4250 angustia,
1739 4190 1793 4235 et
1827 4181 2021 4251 lingua:

441 4268 789 4341 conflagratio
809 4310 823 4337 ,
850 4269 1297 4341 quemadmodum
1338 4269 1426 4325 illa
1457 4270 1636 4324 divitis
1658 4313 1671 4335 ,
1697 4286 1819 4325 cum
1848 4271 2019 4340 ejuie-

446 4378 566 4417 mus
595 4373 653 4418 et
679 4378 839 4419 nemo
860 4362 1079 4428 audiat;
1114 4363 1527 4435 ingemiscamus
1553 4378 1617 4418 ac
1645 4379 1753 4433 prce
1774 4363 2021 4420 dolorum

446 4456 739 4512 acerbitate
783 4457 1092 4526 rugiamus,
1125 4463 1179 4510 et
1226 4470 1385 4511 nemo
1423 4455 1695 4521 attendat;
1736 4456 1788 4510 in
1836 4470 2025 4511 omnes

444 4556 626 4617 partes
680 4547 866 4602 oculos
916 4557 1292 4603 convcrtamus
1326 4588 1342 4614 ,
1393 4556 1448 4603 et
1503 4562 1765 4617 nusquam
1813 4548 1884 4602 sit
1934 4548 2025 4620 qui

442 4642 691 4698 solatium
718 4639 1028 4712 ferat:quo
1054 4639 1269 4696 tandem
1297 4640 1417 4695 loco
1461 4654 1556 4695 eos
1602 4640 2024 4707 constituemus,

445 4732 535 4800 qui
563 4732 615 4788 in
641 4740 788 4787 tanta
812 4732 1115 4787 calamitate
1141 4731 1537 4788 versabuntur?

520 4867 575 4922 4.
607 4866 746 4936 Quid
769 4869 875 4925 illis
900 4869 1095 4925 animis
1123 4868 1369 4925 miserius
1394 4868 1417 4923 Υ
1461 4868 1588 4939 quid
1622 4869 2028 4926 miserabilius?

449 4955 582 5012 Nam
609 4960 690 5025 si,
717 4974 837 5015 cum
884 4962 936 5016 in
977 4975 1251 5018 carcerem
1281 4961 1570 5031 quemdam
1602 4962 1829 5032 ingressi
1849 5002 1867 5029 ,
1895 4963 2031 5018 alios

448 5049 703 5109 squalore
742 5051 1057 5118 confectos,
1086 5053 1225 5108 alios
1268 5055 1473 5109 catenis
1529 5054 1740 5109 vinctos
1774 5069 1838 5110 ac
1889 5053 2032 5110 fame

443 5141 778 5213 laborantes,
807 5145 943 5201 alios
982 5146 1034 5199 in
1083 5145 1323 5201 tenebris
1369 5146 1583 5201 clausos
1633 5146 2030 5216 conspicinms,

449 5232 645 5288 animis
688 5248 1089 5291 commovemur
1137 5252 1200 5292 ac
1247 5237 1742 5308 perhorrescimus,
1796 5239 2034 5309 nihilque

451 5341 558 5381 non
602 5325 824 5383 facimus
848 5368 864 5392 ,
909 5338 968 5384 ut
1001 5345 1069 5384 ne
1098 5330 1150 5384 in
1171 5345 1293 5386 eum
1321 5330 1496 5387 locum
1538 5332 1833 5387 incidamus
1864 5349 1878 5386 :
1908 5347 2031 5387 cum

449 5422 516 5475 ad
549 5422 692 5491 ipsos
716 5420 978 5491 gehennae
999 5422 1254 5491 equuleos
1270 5423 1475 5493 abrepti
1505 5423 1796 5485 trahemur,
1819 5425 2034 5493 quinam

451 5514 613 5569 futuri
642 5514 873 5569 sumus?
901 5512 1017 5568 Non
1061 5512 1203 5568 enim
1236 5513 1443 5569 vincula
1490 5514 1581 5569 illa
1629 5530 1696 5571 ex
1726 5514 1867 5569 ferro
1906 5529 2037 5570 con-

451 5609 589 5663 fecta
639 5614 798 5674 sunt,
829 5607 922 5663 scd
969 5608 1090 5677 igne
1136 5615 1395 5677 perpetuo
1447 5607 1709 5674 ardente;
1738 5622 1838 5663 nec
1882 5608 2037 5663 nobis

450 5701 688 5773 a-quales
726 5702 794 5769 ii,
823 5702 913 5774 qui
943 5700 1246 5757 cruciandis
1288 5699 1443 5754 nobis
1485 5700 1874 5769 praeficientur,
1901 5714 2036 5769 quos

453 5797 617 5851 etiam
642 5810 1011 5869 saepenumero
1056 5796 1268 5869 placare
1295 5808 1496 5866 queas;
1526 5794 1619 5854 sed
1649 5793 1862 5863 angeli,
1891 5809 2028 5860 quos

1101 321 1158 379 8.
1186 318 1465 378 JOANNIS
1500 315 1979 375 CHRYSOSTOMI
2015 314 2334 381 ARCiliEP.
2375 326 2904 388 CONSTANTINOP.

3518 338 3607 393 ιτς

2080 453 2149 493 ne
2187 439 2395 496 obtueri
2420 444 2633 512 quidem
2662 447 2834 516 possis
2856 488 2872 513 ,
2897 458 3117 520 propter
3148 463 3244 505 eas
3262 465 3391 520 quas
3415 450 3607 508 Domino

2094 537 2368 593 intulimus
2382 541 2733 597 contumelias
2754 541 2831 596 ira
2854 542 3158 611 flagrantes.
3188 543 3295 598 Nec
3324 546 3608 607 vero,utin

2078 627 2179 684 hac
2202 630 2308 683 vita
2324 669 2341 696 ,
2374 645 2595 686 cernere
2612 640 2695 686 est
2717 631 2853 687 alios
2870 633 2960 702 qui
2980 632 3279 701 pecuniam,
3303 633 3433 687 alios
3444 636 3522 704 qui
3543 635 3609 688 ci-

2080 723 2229 789 bum,
2245 725 2334 794 qui
2364 725 2755 780 cohortatorios
2773 740 3053 782 sermones
3063 725 3306 789 aferant,
3326 726 3611 779 consolatio-

2085 832 2313 887 nemque
2333 818 2602 886 aliquam;
2642 832 2826 871 verum
2873 818 3051 871 omnia
3090 816 3197 871 illic
3223 816 3373 869 venia
3420 824 3609 870 carent:

2081 910 2289 964 etiamsi
2315 908 2602 976 adsitNoe,
2628 907 2834 964 etiamsi
2854 907 2978 973 Job,
2998 908 3205 962 etiamsi
3234 905 3410 960 Daniel
3432 903 3617 973 (Eucti.

2084 1003 2171 1058 Η.
2195 1003 2281 1072 i5)
2307 1043 2323 1068 ,
2352 1016 2415 1055 ac
2442 1003 2765 1071 pr0pinquos
2793 999 3089 1055 excruciari
3116 996 3295 1051 videat
3316 1037 3332 1063 ,
3361 996 3422 1049 iis
3444 995 3613 1048 auxilio

2084 1112 2207 1152 esse
2235 1112 2340 1149 non
2378 1095 2563 1153 audet.
2585 1093 2717 1148 Nam
2750 1102 2860 1146 tum
2890 1091 3065 1145 omnis
3087 1090 3175 1144 illa
3192 1090 3612 1148 commiseratto.a

2090 1201 2277 1243 natura
2296 1187 2483 1250 indita,
2503 1184 2878 1254 exstinguitur.
2898 1182 3030 1250 Quia
3053 1181 3197 1236 enim
3216 1180 3285 1234 ita
3316 1178 3428 1233 fieri
3454 1184 3617 1247 potest,

2089 1278 2525 1350 utimproborum
2556 1286 2805 1348 parentes
2828 1274 2958 1344 justi
2988 1274 3093 1329 sint
3117 1273 3497 1333 liberorum,ac
3513 1283 3618 1323 eon-

2093 1383 2171 1426 tra
2203 1370 2566 1441 improborum
2596 1376 2877 1438 parentum
2911 1363 3036 1434 justi
3064 1363 3194 1427 lilii;
3224 1370 3283 1417 ut
3330 1373 3456 1430 pura
3491 1366 3621 1425 atque

2089 1464 2232 1517 omni
2264 1476 2509 1518 mmrore
2527 1474 2692 1514 vacua
2738 1456 2918 1512 laetitia
2960 1456 3064 1521 sit,
3118 1467 3219 1508 nec
3275 1451 3311 1505 ii
3361 1450 3448 1518 qui
3497 1442 3624 1502 bouis

2094 1556 2197 1609 illis
2222 1553 2489 1618 fruuntur,
2522 1544 3007 1606 commiserationis
3034 1542 3351 1598 necessitate
3379 1548 3625 1607 torquean-

2095 1655 2218 1701 tur:
2246 1644 2388 1699 hunc
2435 1656 2646 1713 quoque
2687 1633 3173 1695 commiserationis
3214 1630 3457 1687 allectum
3486 1628 3530 1681 in
3562 1627 3627 1680 eis

2094 1734 2359 1805 exstingui
2382 1747 2569 1789 assero
2588 1774 2605 1800 ,
2634 1732 2885 1801 ipsosque
2926 1742 3027 1781 una
3057 1740 3178 1779 cum
3209 1721 3435 1777 Domino
3464 1718 3625 1771 adver-

2094 1846 2187 1885 sus
2214 1829 2418 1883 viscera
2464 1840 2560 1881 sua
2609 1820 2880 1879 iracundia
2910 1817 3143 1873 incendi.
3171 1814 3303 1870 Nam
3333 1812 3378 1867 si
3420 1811 3630 1878 vulgares

2095 1924 2257 1981 etiam
2287 1920 2551 1984 homines,
2571 1932 2691 1973 cum
2720 1914 2857 1969 filios
2872 1926 2997 1967 suos
3026 1908 3295 1979 improbos
3316 1920 3436 1960 esse
3461 1901 3629 1959 vident.

2098 2030 2195 2072 eos
2249 2013 2495 2068 abdicant
2549 2018 2708 2079 atque
2752 2021 2780 2060 a
2834 2002 3034 2059 familia
3089 1999 3445 2060 exseindunt;
3492 1992 3632 2047 inulto

2097 2120 2226 2161 sane
2254 2103 2422 2172 magis
2448 2100 2501 2155 id
2533 2109 2642 2154 tum
2665 2096 2823 2167 justis
2846 2108 2945 2149 usu
2972 2100 3252 2147 venturum
3281 2096 3383 2144 est.
3407 2082 3633 2153 Quocirca

2099 2211 2257 2254 nemo
2298 2195 2398 2250 sibi
2449 2194 2587 2249 bona
2640 2190 2989 2261 polliceatur,
3019 2185 3062 2240 si
3112 2182 3245 2238 nihil
3271 2180 3399 2235 boni
3446 2174 3633 2237 fecerit,

2102 2289 2345 2362 quamvis
2366 2293 2649 2343 sexcentos
2675 2283 2837 2338 etiam
2858 2280 3035 2350 justos
3064 2291 3190 2330 avos
3221 2273 3416 2328 habeat
3446 2288 3461 2323 :
3492 2268 3636 2362 Unas-

2103 2358 2314 2454 quisque
2358 2379 2492 2433 enim
2540 2375 2744 2445 referet,
2794 2380 2943 2441 prout
2969 2368 3158 2440 gessit,
3186 2358 3636 2454 prapriaeorpon's.

2104 2452 2278 2547 Atque
2307 2474 2393 2529 hic
2414 2478 2737 2526 scortatores
2762 2465 2892 2521 mihi
2937 2460 3292 2533 perstringere
3341 2452 3564 2547 videtur.
3589 2462 3637 2501 ac

2107 2546 2405 2625 futurorum
2446 2561 2827 2633 suppliciorum
2874 2564 3073 2611 metum
3107 2549 3237 2620 ipsis
3284 2546 3638 2633 injicere;ncc

2106 2662 2235 2731 ipsis
2260 2631 2567 2720 dumtaxat,
2597 2651 2692 2707 sed
2720 2658 2776 2705 et
2815 2645 3063 2703 omnibus
3083 2640 3171 2712 qui
3222 2640 3277 2692 in
3320 2631 3642 2731 aiio-scelere

2108 2724 2230 2805 sese
2257 2746 2587 2803 devinciunt.
2620 2740 2745 2796 Hazc
2772 2739 2932 2810 igitur
2975 2748 3074 2789 nos
3098 2743 3308 2801 quoque
3356 2724 3640 2780 audiamus:

2112 2845 2158 2899 si
2186 2840 2419 2897 libidinis
2446 2838 2569 2908 igne
2593 2835 2786 2905 flagras
2804 2872 2821 2895 ,
2850 2830 3028 2899 ignem
3072 2824 3218 2879 illum
3244 2832 3489 2890 Oppone;
3513 2824 3643 2908 atque

2111 2937 2197 2991 hic
2246 2904 2529 2989 confestim
2578 2904 2947 2994 exstinguetur
2989 2927 3043 2975 et
3084 2920 3371 2972 evanescet
3398 2927 3412 2964 :
3441 2904 3643 2976 siquid.

2111 3027 2250 3098 quod
2296 3025 2552 3079 absonum
2581 3020 2679 3082 sit,
2710 3014 2853 3085 loqui
2895 3010 3093 3083 gestis,
3124 3005 3371 3063 dentium
3400 2998 3643 3098 stridorem

2112 3093 2326 3189 cogita;
2356 3124 2411 3171 et
2452 3113 2587 3168 freni
2640 3110 2809 3163 instar
2866 3104 2959 3159 tibi
3004 3100 3093 3155 hic
3139 3093 3465 3189 metus_erit
3492 3093 3645 3189 :Sll‘tS

2113 3186 2339 3281 cuipiam
2364 3202 2561 3276 aliquid
2593 3201 2805 3270 eripere
2830 3238 2846 3264 ,
2873 3192 2995 3249 audi
3041 3190 3301 3281 iudicem
3337 3186 3645 3281 inperanteat

2115 3319 2179 3359 ac
2202 3275 2491 3363 dicentem,
2523 3294 2701 3363 Ligate
2751 3303 2931 3343 manus
2976 3285 3087 3355 ejus
3115 3297 3179 3335 ac
3205 3278 3359 3349 pedes
3382 3316 3399 3339 ,
3430 3283 3472 3327 et
3515 3275 3647 3339 (βείω

2117 3413 2230 3451 eum
2281 3395 2345 3448 in~
2376 3362 2604 3447 tenebras
2650 3382 2917 3440 exteriores
2942 3375 3152 3450 (Matth.
3177 3372 3266 3426 22.
3299 3371 3391 3439 15)
3422 3366 3524 3420 :ita
3548 3362 3646 3421 lict,

2119 3499 2178 3545 ut
2215 3488 2355 3542 hanc
2400 3481 2747 3553 cupiditatem
2799 3472 3070 3532 exturbes.
3102 3468 3160 3524 Si
3189 3466 3315 3520 vino
3360 3461 3555 3555 deditus
3575 3467 3646 3555 ei.

2120 3544 2219 3637 nec
2245 3595 2276 3635 a
2297 3544 2512 3648 crapula
2542 3570 2777 3628 abstrahi
2807 3576 2984 3639 potes,
3011 3561 3132 3617 audi
3160 3558 3390 3614 divitem
3417 3554 3549 3607 illum
3572 3544 3647 3650 ldi-

2121 3687 2351 3736 centcm,
2381 3640 2528 3726 hlitte
2550 3668 2807 3722 Lazarum
2828 3704 2843 3729 ,
2870 3669 2930 3716 ut
2956 3665 3200 3714 extremo
3232 3651 3403 3721 digito
3450 3659 3539 3736 suo
3572 3640 3651 3736 lius

2120 3782 2279 3839 gnam
2332 3732 2505 3818 meam
2546 3758 2682 3831 ignis
2710 3753 2903 3809 ardore
2956 3746 3376 3839 conflagrantem

2123 3820 2277 3929 ἵιασ.
2307 3855 2395 3911 16.
2422 3820 2682 3924 24),ἶιεο
2723 3856 2898 3902 tamen
2948 3839 3002 3896 id
3053 3835 3428 3893 obtinentem:
3476 3826 3539 3880 ita
3575 3820 3653 3929 hoc

2124 3926 2254 4009 vitio
2279 3951 2524 4006 laborare
2549 3944 2783 4001 desines.
2811 3938 2867 3995 Si
2893 3932 3198 3991 deliciarum
3249 3937 3436 3979 amore
3460 3926 3653 3974 tenere.

2124 4048 2468 4103 aﬂlictionem
2495 4042 2635 4096 illam
2664 4046 2719 4092 et
2743 4031 3038 4103 angustiam
3065 4024 3257 4094 cogita,
3288 4028 3346 4076 et
3386 4013 3585 4115 delicias
3605 4018 3656 4059 ne

2127 4140 2344 4212 quidem
2371 4132 2631 4204 cogitabis
2655 4148 2671 4183 :
2701 4129 2745 4184 si
2775 4138 2948 4182 saevus
2976 4130 3031 4177 et
3055 4115 3290 4173 crudelis
3316 4128 3397 4212 es,

2130 4201 2338 4288 illarum
2368 4201 2463 4282 tibi
2507 4226 2559 4280 in
2597 4229 2832 4278 mentem
2884 4213 3097 4276 veniat,
3127 4222 3245 4277 qua:
3292 4202 3369 4257 ob
3408 4201 3657 4288 exstinctis

2128 4286 2400 4389 lampadas
2425 4316 2492 4373 ad
2541 4313 2829 4369 thalamum
2876 4304 3094 4361 minime
3136 4294 3387 4389 admissa
3436 4286 3659 4389 suum:

2130 4379 2514 4471 humanitatem
2546 4419 2706 4476 quam
2734 4400 2967 4471 primum
2991 4391 3198 4447 indues.
3226 4384 3335 4440 Sed
3388 4379 3660 4476 segnitieac

2131 4467 2386 4575 ἧιηςιιοτο
2431 4467 2652 4568 ιοτικέεἳ
2681 4467 2865 4560 Casiu-
2911 4500 3033 4542 ευιη
3078 4480 3167 4575 at“
3195 4477 3454 4575 WE“?
3476 4467 3660 4575 f‘i‘tf‘fi‘:

2131 4561 2252 4661 dit;
2282 4604 2338 4651 et
2365 4561 2538 4663 ignem
2570 4588 2745 4659 ipsum
2773 4575 3065 4636 acrimonia
3089 4563 3433 4663 vinces-“Sed
3476 4561 3660 4663 Ῑοτξξδξ

2132 4644 2612 4753 opum
2639 4674 2899 4746 cupiditas
2929 4679 2982 4724 te
3010 4660 3252 4753 arrodit?
3277 4657 3520 4753 γει-ξηαπ
3546 4644 3660 4753 illo?!

2134 4745 2572 4837 immortalem-in
2600 4777 2779 4825 mente
2806 4762 2976 4824 habe;
3005 4772 3067 4812 ac
3093 4749 3350 4827 perfacile
3391 4746 3524 4801 hunc
3548 4745 3661 4837 Incr-

2650 4868 2705 4916 et
2727 4858 2830 4913 alia
2860 4850 3037 4907 omnia
3067 4824 3161 4941 Dei
3210 4845 3475 4912 praecepta
3496 4824 3658 4941 expia:

2284 4919 2629 5031 nequeucuim
2659 4951 2749 5007 ille
2776 4944 3061 5019 quidquam
3102 4936 3294 5031 durum
3315 4946 3380 5031 ac
3402 4919 3659 5031 gravabit:

2138 5008 2544 5126 peravitflinde
2576 5046 2647 5100 fit
2698 5008 2898 5113 igitur,
2947 5041 3006 5126 ut
3051 5043 3169 5100 qua:
3210 5008 3658 5126 edixit,.nt.o‘lesll:

2142 5092 2646 5204 limbis-videantur?
2677 5092 2773 5188 Est
2796 5124 3039 5185 socordia
3084 5126 3265 5175 nostra
3306 5122 3362 5168 et
3402 5092 3660 5204 inertiatlil

2335 5196 2645 5290 sistudium
2675 5238 2738 5280 ac
2769 5216 3099 5289 diligentiam
3120 5208 3498 5304 adhibeamus,

2143 5284 2624 5402 quis-intoleranda
2652 5284 2898 5371 videntur
2921 5349 2936 5374 ,
2977 5304 3150 5362 facilia
3178 5309 3234 5356 et
3255 5296 3390 5402 levia

2142 5370 2440 5477 :iu‘desidia
2482 5412 2787 5467 laboremus
2816 5444 2829 5466 ,
2855 5401 3013 5457 etiam
3068 5409 3186 5465 qua:
3237 5382 3516 5482 tolerabilia
3541 5370 3661 5482 sit":

2143 5468 2566 5568 d-iffieilianobis
2586 5496 2935 5571 apparebunt.
2967 5489 3093 5545 time
3132 5485 3306 5551 itaque
3348 5473 3518 5531 omnia
3552 5468 3663 5571 eos"

2152 5564 2345 5667 tantes,
2381 5615 2489 5656 non
2535 5564 2635 5652 eos
2659 5564 2767 5663 vqui
2819 5584 3026 5643 deliciis
3055 5578 3326 5646 indulgent
3368 5564 3662 5667 speetent-ﬂs‘:

2287 5648 2409 5764 quis
2448 5702 2631 5746 eorum
2681 5648 2751 5739 sit
2797 5680 3005 5740 exitus;
3045 5673 3133 5727 hic
3181 5677 3373 5764 nempe
3412 5648 3663 5764 uerenini:

2153 5746 2394 5856 corporis
2421 5783 2677 5847 obesitas,
2703 5775 2814 5835 illic
2836 5769 3030 5829 vermis
3062 5774 3117 5823 et
3145 5761 3282 5835 ignis
3308 5774 3323 5812 :
3351 5767 3456 5810 non
3482 5757 3564 5804 eos
3596 5746 3663 5805 QN
