3780 6350
176 374 259 431 ΠΙ
1172 378 1237 433 IN
1277 381 1495 440 EPIST.
1539 384 1582 440 ll
1625 384 1716 440 AD
1754 386 1913 444 (ΞΟΠ.
1954 388 2188 447 ιιοδιιι..
2230 387 2299 442 Χ.

171 491 299 554 τοὺς,
314 489 409 543 οὐκ
426 488 723 561 ἐνδιέτριψα
741 490 999 565 τῷλόγῳ,
1018 496 1133 551 ἀλλ’
1155 500 1213 555 ἐν
1231 500 1425 574 βραχεῖ
1437 504 1498 558 τὸ
1519 505 1719 577 στῦφον

174 582 340 648 εἰπὼν,
366 583 655 649 Ἕκαστος
683 586 993 654 κομίσεται
1021 592 1171 658 ,πρὸς
1186 592 1225 647 ἀ
1246 594 1490 663 ἔπραξε,
1512 600 1724 669 ταχέως

172 671 485 742 παρέδραμε.
531 670 861 742 Νομίσωμεν
898 670 993 729 οὖν
1026 678 1159 732 αὐτὸ
1192 684 1448 751 παρεῖναι
1481 682 1597 746 νῦν,
1628 687 1723 737 καὶ

168 762 373 822 ἕκαστος
410 760 466 815 τὸ
517 761 712 815 ἑαυτοῦ
748 765 985 830 συνειδὸς
1034 769 1457 837 ἀναλογιζέσθω,
1495 775 1589 827 καὶ
1621 776 1720 847 ἤδη

168 852 442 922 λογιζέσθω
465 857 720 924 παρεῖναι
743 855 835 909 τὸν
868 859 1159 930 Δικαστὴν,
1189 862 1281 915 καὶ
1316 863 1491 918 πάντα
1515 865 1721 918 ἀνακα·

164 944 435 998 λύπτεσθαι
458 945 550 997 καὶ
574 948 654 1009 εἰς
685 946 848 1016 μέσον
873 948 1135 1015 ἄγεσθαι·
1164 952 1224 1006 ού
1246 953 1354 1025 γάρ
1375 957 1720 1026 παραστῆναι

162 1039 294 1110 ἡμᾶς
324 1036 506 1101 ἁπλῶς
544 1038 647 1101 δεῖ,
684 1039 819 1094 ἀλλά
853 1041 945 1094 καὶ
994 1044 1398 1117 φανερωθῆναι.
1426 1042 1576 1119 Ἀρα
1619 1047 1720 1103 ούκ

159 1128 533 1200 ἠρυθριάσατε;
570 1126 681 1200 ἆρα
704 1132 805 1185 οὐκ
842 1132 1134 1206 ἐξέστητες

219 1326 277 1381 El
314 1327 367 1380 δὲ
399 1327 494 1382 νῦν
537 1327 691 1383 οὔπω
724 1328 819 1384 τοῦ
876 1333 1199 1404 πράγματος
1251 1338 1540 1409 παρόντος,
1578 1338 1717 1394 ἀλλά

156 1419 325 1483 ἁπλῶς
370 1419 489 1473 καθ’
538 1421 795 1475 ὑπόθεσιν
826 1422 1072 1489 δοθέντος
1122 1428 1218 1482 καὶ
1246 1426 1492 1500 λογισμῷ
1528 1447 1715 1485 τυπω-

157 1509 338 1578 θέντος,
357 1511 688 1584 ἀπωλόμεθα
711 1514 821 1567 ύπδ
840 1515 936 1569 τοῦ
960 1517 1291 1582 συνειδότος·
1314 1520 1367 1573 τί
1393 1522 1714 1593 ποιήσομεν,

153 1602 269 1657 ὅταν
311 1604 706 1676 παραγένηται,
740 1606 869 1662 ὅταν
916 1607 951 1679 ἠ
1003 1609 1298 1682 οἰκουμένη
1354 1613 1505 1667 πᾶσα
1539 1614 1712 1686 παρῇ,

152 1696 266 1749 ὅταν
288 1695 502 1765 ἄγγελοι
522 1699 617 1751 καὶ⁸
643 1699 1000 1770 ἀρχάγγελοι,
1026 1703 1155 1757 ὅταν
1185 1704 1477 1777 ἐπάλληλοι
1505 1707 1709 1774 τάξεις,

152 1787 235 1841 καὶ
257 1786 448 1859 δρόμος
478 1789 756 1855 ἁπάντων,
784 1794 878 1846 καὶ
907 1794 1154 1865 ἁρπαγαὶ
1178 1796 1272 1850 ἐπὶ⁵
1305 1797 1414 1851 τῶν
1447 1798 1708 1867 νεφελῶν,

150 1878 231 1933 καὶ
258 1880 558 1951 παράταξις
585 1883 791 1954 τρόμου
817 1885 1100 1957 γέμουσα;
1140 1888 1270 1942 ὅταν
1317 1889 1373 1941 αἱ
1412 1889 1712 1959 σάλπιγγες

148 1970 196 2023 αἱ
224 1971 523 2042 ἐπάλληλοι,
548 1974 606 2027 αἱ
639 1978 879 2047 συνεχεῖς
902 1978 1106 2033 ἐκεῖναι
1137 1979 1347 2046 φωναί;
1384 1982 1449 2037 Εἰ
1482 1985 1592 2055 γάρ
1634 1982 1710 2054 μὴ

146 2061 320 2129 γέεννα
356 2057 444 2133 ἦν,
498 2063 559 2117 τὺ
600 2066 656 2119 ἐν
695 2066 935 2142 τοσαύτῃ
966 2069 1314 2144 λαμπρότητι
1362 2072 1707 2145 ἀπωσθῆναι,

148 2152 228 2208 καὶ
252 2154 439 2224 ἄτιμον
480 2156 856 2229 ἀναχωρῆσαι,
909 2160 1053 2228 πόση
1103 2163 1356 2230 κόλασις;
1388 2166 1500 2219 Καὶ
1525 2166 1633 2236 γὰρ
1660 2168 1709 2221 εί

145 2244 249 2312 νῦν,
299 2246 565 2317 βασιλέως
614 2248 1019 2315 εἰσελαύνοντος
1068 2254 1163 2307 καὶ
1206 2256 1315 2309 τῶν
1361 2257 1478 2325 μετ’
1518 2256 1705 2322 αὑτοῦ,

146 2337 455 2410 θεωροῦντες
487 2341 717 2405 ἕκαστος
748 2342 843 2413 τὴν
876 2343 1068 2398 ἐαυτοῦ
1101 2345 1312 2413 πενίαν,
1345 2348 1406 2401 ού
1437 2349 1708 2420 τοσαύτην

143 2429 238 2483 ἀπὸ
287 2431 382 2502 τῆς
420 2432 553 2496 θέας
610 2432 962 2506 λαμϐάνομεν
1012 2437 1227 2510 ἡδονὴν,
1279 2440 1412 2511 ὅσην
1459 2441 1567 2494 ἀπὸ
1613 2441 1706 2495 τοῦ

145 2521 353 2591 μηδενὸς
380 2524 631 2595 μετέχειν
662 2525 772 2579 τῶν
812 2544 881 2579 πε
892 2527 945 2599 ρὶ
973 2528 1065 2583 τόν
1094 2529 1342 2600 βασιλέα,
1376 2531 1511 2603 μηδὲ
1540 2533 1707 2601 ἐγγὺς

140 2606 268 2667 εἶναι
302 2614 393 2669 τοῦ
435 2616 789 2687 κρατοῦντος,
818 2618 1057 2689 ἀθυμίαν
1088 2622 1434 2695 ὑπομένομεν
1453 2640 1466 2654 ⁸
1496 2626 1551 2679 τί
1584 2627 1706 2680 τότε

142 2706 305 2773 ἔσταις
334 2707 365 2779 ἢ
398 2710 605 2782 μικράν
639 2708 779 2765 εἶναι
824 2714 1067 2784 νομίζεις
1101 2716 1323 2771 κόλασιν
1351 2719 1411 2773 τὸ
1442 2720 1515 2793 μὴ
1542 2740 1709 2776 κατα-

137 2799 407 2855 τάττεσθαι
456 2804 516 2856 ἐν
548 2803 745 2875 ἐκείνῳ
788 2803 867 2875 τῷ
904 2805 1071 2877 χορῷ,
1112 2807 1173 2860 τὸ
1209 2808 1283 2880 μὴ
1319 2812 1707 2877 καταξιοῦσθαι

137 2889 226 2958 τῆς
254 2892 566 2965 ἀπορρήτου
612 2893 789 2965 δόξης,
840 2895 901 2948 τὸ
944 2896 1045 2967 τῆς
1094 2897 1458 2972 πανηγύρεως
1490 2901 1707 2975 ἐκείνης

136 2980 343 3035 καὶτῶν
388 2984 691 3055 ἀφράστων
726 2985 948 3054 ἀγαθῶν
981 2987 1174 3060 πόρρω
1204 3007 1306 3042 που
1342 2991 1437 3045 καὶ
1487 2992 1706 3064 μακρὰν

136 3072 488 3146 ἀπερῥῖφθαις
542 3076 713 3131 Ὀταν
755 3078 814 3131 δὲ
864 3078 958 3132 καὶ
994 3080 1184 3143 σκότος
1332 3083 1425 3135 καὶ
1460 3081 1706 3155 βρυγμὸς

135 3162 362 3233 ὀδόντων,
387 3169 490 3223 καὶ
520 3168 695 3241 δεσμά
724 3170 915 3235 άλυτα,
950 3173 1045 3226 καὶ
1076 3172 1293 3243 σκώληξ
1323 3175 1701 3248 ἀτελεύτητος,

135 3257 216 3310 καὶ
255 3259 361 3332 πῦρ
406 3261 699 3327 ἄσϐεστον,
753 3265 847 3317 καὶ
881 3264 1061 3334 θλῖψις
1091 3264 1183 3318 καὶ
1216 3266 1563 3339 στενοχωρία.
1608 3267 1705 3323 καὶ

134 3346 357 3415 γλῶσσαι
397 3353 853 3425 τηγανιζόμεναι,
904 3356 1160 3427 καθάπερ
1203 3357 1237 3429 ἡ
1272 3357 1367 3412 τοῦ
1422 3359 1699 3426 πλουσίου,

132 3438 214 3491 καὶ
238 3439 646 3514 όλοφυρώμεθα,
679 3446 773 3498 καὶ
818 3446 1010 3516 μηδεὶς
1050 3448 1246 3520 ἀκούῃ,
1299 3450 1393 3504 καὶ
1427 3452 1704 3523 στένωμεν

132 3530 211 3582 καὶ
240 3530 532 3605 βρύχωμεν
553 3535 659 3589 ὑπὸ
684 3536 791 3590 τῶν
820 3537 1153 3609 ἀλγηδόνων,
1187 3540 1282 3595 καὶ
1315 3542 1505 3613 μηδεὶς
1535 3560 1703 3615 προσ-

130 3624 233 3695 έχῃ,
264 3626 357 3680 καὶ
386 3628 669 3700 πανταχοῦ
702 3629 1013 3702 βλέπωμεν,
1042 3633 1136 3685 καὶ
1168 3633 1421 3704 μηδαμοῦ
1460 3634 1648 3706 μηδεὶς
1674 3638 1702 3691 ό

130 3717 615 3791 παραμυθούμενος
771 3722 875 3776 ποῦ
908 3722 1142 3795 τάξομεν
1188 3726 1315 3789 τοὺς
1368 3727 1427 3779 ἐν
1485 3726 1699 3793 τούτοις

128 3805 305 3873 δνταςι
347 3812 488 3867 τίδὲ
530 3815 753 3869 ἐκείνων
798 3815 1131 3890 ἀθλιώτερον
1168 3818 1277 3873 τῶν
1303 3818 1527 3890 ψυχῶν;
1553 3822 1605 3875 τί
1640 3822 1698 3876 δέ

127 3896 463 3975 ἐλεεινότερον
486 3921 504 3973 ;

189 4080 248 4137 δ’.
279 4085 340 4137 Εἰ
378 4086 489 4159 γὰρ
514 4088 593 4151 είς
614 4089 986 4163 δεσμωτήριον
1009 4094 1290 4161 εἰσιόντες,
1326 4096 1420 4151 καὶ
1452 4097 1576 4161 τοὺς
1598 4099 1697 4169 μὲν

124 4173 432 4247 αὐχμῶντας
459 4178 719 4250 δρῶντες,
744 4182 871 4245 τοὺς
902 4182 959 4235 δὲ
990 4182 1310 4253 δεδεμένους
1339 4187 1432 4241 καὶ
1463 4189 1693 4242 πεινῶν-

122 4280 228 4335 τας,
271 4271 399 4335 τοὺς
434 4271 495 4324 δὲ
536 4272 593 4325 ἐν
621 4273 799 4344 σκότῳ
842 4276 1475 4350 κατακεκλεισμένουςα,
1522 4298 1695 4336 κατα-

122 4356 381 4431 κλώμεθα,
421 4363 746 4435 φρίττομεν,
776 4367 956 4419 πάντα
991 4367 1134 4439 ὑπὲρ
1163 4369 1257 4423 τοῦ
1286 4373 1494 4442 μήποτε
1520 4375 1691 4445 ἐμπε-

122 4448 222 4500 σεῖν
254 4451 436 4505 ἐκεῖσε
481 4451 799 4523 πράττομεν
820 4472 833 4485 ·
868 4456 997 4509 ὅταν
1028 4457 1373 4529 ἀπαγώμεθα
1406 4462 1693 4534 συρόμενοι

120 4541 189 4602 εἰς
220 4541 355 4595 αὑτά
400 4546 507 4615 τῆς
548 4544 774 4615 γεέννης
822 4545 891 4599 τά
932 4546 1349 4620 βασανιστήρια,
1400 4552 1540 4616 τίνες
1571 4553 1692 4607 ἐσό⁴

125 4632 278 4698 μέθας
307 4635 381 4688 Οὐ
412 4635 525 4706 γάρ
557 4636 621 4690 ἐκ
646 4637 864 4709 σιδήρου
898 4639 964 4692 τά
1001 4639 1175 4709 δεσμά
1204 4642 1408 4706 ἐκεῖνα,
1436 4643 1553 4698 ἀλλ’
1582 4646 1692 4699 ἀπὸ

122 4716 255 4795 [5H]
288 4726 463 4796 πυρὸς
507 4726 763 4781 οὐδέποτε
823 4728 1223 4800 σϐεννυμένου·
1266 4733 1389 4785 οὐδὲ
1435 4734 1691 4808 ὁμότιμοι

118 4812 159 4863 οί
200 4815 505 4883 ἐφεστῶτες
551 4820 703 4889 ἡμῖν,
734 4818 830 4883 οὓς
859 4822 951 4875 καὶ
995 4822 1401 4894 ἐκμειλίξασθαι
1432 4827 1690 4894 πολλάκις

118 4904 205 4969 ἔνι,
236 4908 351 4963 ἀλλ’
385 4910 634 4979 ἄγγελοι,
686 4906 767 4975 οἷς
804 4915 925 4967 ούδέ
971 4917 1310 4987 προσϐλέψαι
1341 4917 1517 4989 θέμις,
1562 4937 1690 4992 σφο-

117 4996 243 5066 δρῶς
271 5002 411 5073 ὑπὲρ
441 4996 519 5056 ὧν
546 5004 639 5055 τὸν
670 5005 949 5076 Δεσπότην
980 5005 1283 5078 ύϐρίκαμεν
1315 5008 1683 5082 ὀργιζόμενοι.

117 5086 217 5141 Οὔκ
238 5090 372 5159 ἔστι,
398 5093 934 5169 καθάπερένταῦθα,
970 5096 1096 5160 τοὺς
1132 5098 1229 5166 μὲν
1254 5099 1537 5171 ἀργύριον,
1560 5102 1687 5167 τοὺς

116 5177 163 5231 δὲ
185 5184 407 5252 τροφάς,
429 5186 557 5248 τοὺς,
585 5185 640 5237 δὲ
669 5185 862 5254 λόγους
884 5189 1204 5256 εἰσάγοντας
1241 5193 1688 5265 παρακλητικοὺς

119 5270 249 5339 ἰδεῖν,
299 5277 394 5329 καὶ
446 5277 803 5348 παραμυθίας
842 5283 1057 5351 τυχεῖν·
1103 5282 1239 5337 ἀλλά
1289 5284 1463 5338 πάντα
1516 5287 1685 5357 ἀσύγ-

114 5379 313 5429 γνωστα
344 5370 498 5422 ἐκεῖ·
528 5369 629 5423 κάν
655 5370 776 5423 Νῶε
811 5366 867 5445 ᾖ,
894 5372 1000 5425 κᾶν
1037 5372 1178 5437 Ἰὼϐ,
1212 5373 1316 5429 κάν
1345 5376 1562 5448 Δανιὴλ,
1593 5381 1685 5434 καὶ

116 5458 227 5521 τοὺς
255 5461 493 5525 οἰκείους
525 5462 606 5533 ι’δῃ
635 5462 1055 5534 κολαζομένους,
1096 5465 1156 5518 οὐ
1190 5466 1363 5540 τολμᾷ
1398 5472 1681 5544 παραστῆ-

116 5564 211 5603 ναι.
231 5552 343 5606 Καὶ
364 5554 478 5627 γὰρ
500 5556 592 5608 καὶ
612 5557 710 5626 τὴν
740 5557 803 5610 ἐκ
825 5560 924 5628 τῆς
950 5558 1163 5626 φύσεως
1194 5562 1539 5633 συμπάθειαν
1558 5566 1679 5620 τότε

117 5638 439 5710 ἀναιρεῖσθαι
490 5647 797 5717 συμϐαίνει.
842 5649 1061 5720 Ἐπειδὴ
1098 5650 1207 5723 γάρ
1255 5653 1541 5726 συμϐαίνει
1600 5658 1678 5712 δι-

117 5732 287 5798 καίους
324 5732 465 5792 εἶναι
509 5740 715 5794 παίδων
754 5741 999 5813 πατέρας
1050 5746 1322 5817 πονηρῶν,
1360 5750 1452 5803 καὶ
1485 5751 1678 5816 παῖδας

172 5872 190 5915 ί
216 5878 344 5931 δᾶνίι
392 5884 443 5932 in
467 5898 602 5947 marg
628 5923 641 5945 ,
668 5886 1114 5947 κατακεκλιμένους.

3296 386 3405 441 472

1830 512 2114 584 πατέρων·
2139 509 2281 563 ῶστε
2310 504 2555 576 καθαράν
2589 499 2850 568 εἶναιτὴν
2875 503 3066 575 ἡδονὴν
3101 504 3195 558 καὶ
3231 504 3306 575 μὴ
3335 508 3403 577 τῇ

1823 600 1922 672 τῆς
1951 598 2294 670 συμπαθείας
2322 597 2536 668 ἀνάγκῃ
2558 593 2933 648 κατακλᾶσθαι
2952 595 3079 657 τοὺς
3105 594 3404 649 ἀπολαύον-

1823 709 1924 755 τας
1972 692 2080 746 τῶν
2129 689 2367 760 ἀγαθῶν,
2416 688 2509 742 καὶ
2538 687 2745 757 ταύτην
2779 686 3102 740 σϐέννυσθαι
3132 687 3229 757 τὴν
3266 705 3405 756 συμ-

1825 784 2056 839 πάθειάν
2080 802 2245 855 φημι,
2269 784 2360 837 καὶ
2385 782 2581 845 αὐτοὺς
2608 782 3033 849 συναγανακτεῖν
3060 780 3138 850 τῷ
3159 781 3406 853 Δεσπότῃ

1824 876 1964 930 κατά
1995 875 2104 930 τῶν
2148 874 2367 929 οἰκείων
2397 872 2739 941 σπλάγχνων.
2793 873 2855 925 Εἰ
2887 871 2997 942 γὰρ
3029 870 3307 942 ἄνθρωποι
3353 874 3403 925 oi

1822 968 2096 1037 τυχόντες,
2132 968 2260 1021 ὅταν
2311 965 2461 1018 ἴδωσι
2493 963 2730 1033 φαύλους
2776 964 2901 1025 τοὺς
2951 962 3132 1015 αὐτῶν
3186 964 3402 1025 παῖδας,

1820 1056 2257 1127 ἀποκηρύττουσι
2274 1055 2368 1109 καὶ
2384 1054 2481 1124 τῆς
2503 1051 2823 1121 συγγενείας
2844 1050 3166 1120 ἐκτέμνουσι
3186 1068 3199 1081 ·
3224 1050 3404 1121 πολλῷ

1825 1150 2024 1219 μᾶλλον
2058 1149 2107 1202 οἱ
2153 1149 2350 1203 δίκαιοι
2387 1146 2530 1200 τότε.
2585 1142 2886 1216 Τοιγαροῦν
2925 1144 3110 1214 μηδεὶς
3138 1142 3404 1208 ἐλπιζέτω

1820 1241 2057 1311 χρηστὰ,
2103 1240 2179 1312 μὴ
2233 1237 2610 1312 ἐργασάμενός
2651 1254 2704 1290 τι
2754 1235 3008 1309 χρηστὸν,
3040 1234 3143 1289 κᾶν
3176 1235 3403 1307 μυρίους

1819 1333 1917 1404 ἔχῃ
1958 1332 2258 1404 προγόνους
2300 1329 2570 1394 δικαίους·
2608 1328 2903 1392 Ἕκαστος
2936 1326 3047 1396 γὰρ
3091 1327 3403 1395 κομίσεται

1817 1425 1968 1493 πρὸς
1998 1424 2036 1479 ἁ
2062 1424 2285 1492 ἔπραξε
2305 1425 2379 1477 τὰ
2405 1421 2502 1476 διὰ
2536 1420 2642 1475 τοῦ
2671 1419 2969 1489 σώματος.
3009 1417 3279 1472 Ἐνταῦθά
3309 1436 3402 1489 μοι

1816 1516 1964 1569 δοκεῖ
1986 1516 2079 1569 καὶ
2102 1516 2226 1579 τοὺς
2256 1513 2619 1586 πορνεύοντας
2647 1511 3001 1574 αἰνίττεσθαι,
3024 1510 3230 1565 καὶτὸν
3259 1512 3405 1564 ἐκεῖ-

1816 1608 1910 1661 θεν
1938 1606 2284 1677 ἐπιτειχίζων
2306 1605 2468 1675 φόϐον
2501 1604 2711 1668 αὐτοῖς·
2742 1603 2845 1657 οὐκ
2872 1604 3103 1668 ἐκείνοις
3125 1603 3181 1656 δὲ
3213 1604 3399 1674 μόνον,

1814 1699 1951 1754 ἀλλά
1982 1701 2076 1754 καὶ
2105 1702 2240 1753 πᾶσι
2273 1701 2386 1762 τοῖς
2417 1697 2595 1752 ὁτιοῦν
2630 1696 3035 1768 πλημμελοῦσι.
3085 1695 3401 1765 Ἀκούωμεν

1813 1792 1991 1846 τοίνυν
2021 1792 2116 1845 καὶ
2145 1792 2337 1862 ἡμεῖς·
2371 1791 2475 1846 κᾶν
2505 1791 2613 1860 πῦρ
2644 1789 2773 1862 έχῃς
2805 1787 3120 1859 ἐπιθυμίας,
3143 1788 3402 1858 ἀντίστη-
3438 1802 3443 1807 '

1815 1876 1907 1939 σον
1940 1886 2115 1939 ἐκεῖνο
2133 1884 2195 1937 τὸ
2226 1884 2359 1956 πῦρ,
2386 1883 2483 1937 καλ⁵
2509 1883 2668 1936 τοῦτο
2698 1882 2899 1945 εὐθέως
2925 1880 3296 1934 κατασϐεσθὲν
3318 1882 3398 1934 οί-

1812 1978 2071 2048 χήσεται·
2120 1975 2222 2030 κᾶν
2270 1974 2538 2046 βουληθῇς
2584 1992 2636 2027 τι
2675 1971 3010 2043 φθέγξασθαι
3040 1971 3272 2041 ἀπηχὲς,
3310 1972 3401 2023 ὲν..

1811 2071 2005 2141 νόησον
2039 2070 2130 2123 τὸν
2174 2068 2417 2142 βρυγμδν
2451 2068 2558 2121 τῶν
2594 2067 2844 2129 ὀδόντων,
2874 2066 2970 2119 καὶ
2996 2064 3214 2135 χαλινὸς
3243 2063 3399 2118 ἔσται

1812 2180 1895 2217 σοι
1921 2166 1948 2217 ό
1974 2164 2136 2233 φόϐος
2154 2179 2168 2193 ·
2208 2163 2313 2216 κᾶν
2348 2161 2592 2234 ἁρπάσαι
2626 2158 2913 2230 βουληθῇς,
2945 2158 3175 2213 ἄκουσον
3198 2156 3294 2210 τοῦ
3316 2157 3400 2211 διο

1812 2256 2017 2309 καστοῦ
2043 2255 2360 2318 κελεύοντος
2387 2253 2484 2308 καὶ
2510 2252 2781 2321 λέγοντος,
2816 2250 3049 2317 Δήσατε
3075 2250 3260 2304 αὑτοῦ
3278 2249 3400 2330 χεῖ-

1802 2365 1919 2416 ρας
1947 2345 2043 2399 καὶ
2065 2346 2274 2413 πόδας,
2304 2345 2401 2399 καὶ
2427 2343 2713 2399 ἐκϐάλετε
2738 2342 2929 2396 αὑτὸν
2957 2343 3044 2407 εις
3081 2341 3148 2394 τὸ
3176 2343 3399 2407 σκότος

1811 2439 1880 2494 τὸ
1902 2438 2215 2507 ἐξώτερον·
2249 2438 2343 2491 καὶ
2368 2435 2617 2499 ἐκϐαλεῖς
2643 2435 2737 2487 καὶ
2757 2433 2958 2503 ταύτην
2987 2432 3129 2485 οὕτω
3159 2431 3254 2502 τὴν
3280 2432 3400 2485 ἐπι-

1810 2531 2033 2601 θυμίαν.
2059 2528 2179 2583 Κᾶν
2201 2527 2407 2601 μεθύης
2430 2527 2523 2581 καὶ
2540 2524 2859 2598 κραιπαλῶν
2874 2523 3140 2595 διατελῇς,
3169 2523 3402 2578 ἄκουσον

1809 2621 1902 2675 τοῦ
1940 2621 2202 2675 πλουσίου
2246 2620 2519 2690 λέγοντος,
2565 2618 2785 2689 Πέμψον
2815 2616 3085 2688 Λάζαρον,
3129 2616 3218 2669 ἴνα
3242 2614 3399 2685 ἄκρῳ

1809 2713 1887 2783 τῷ
1922 2712 2174 2784 δακτύλῳ
2215 2710 2505 2785 καταψύξῃ
2532 2710 2632 2781 τὴν
2664 2709 3101 2781 τηγανιζομένην
3123 2707 3397 2777 γλῶσσαν,

1809 2804 1903 2858 καὶ
1926 2803 1986 2856 οὐ
2010 2803 2370 2872 τυγχάνοντος
2388 2819 2401 2832 ·
2431 2801 2525 2854 καὶ
2548 2802 2833 2872 ἀποστήσῃ
2861 2799 2955 2854 τοῦ
2984 2800 3213 2864 πάθους.
3250 2801 3311 2853 Εἰ
3340 2799 3398 2853 δὲ

1807 2894 2021 2966 τρυφῆς
2070 2896 2222 2966 ἐρᾷς,
2254 2894 2507 2964 ἐννόησον
2538 2892 2637 2964 τὴν
2681 2893 2796 2946 ἐκεῖ
2823 2892 3001 2963 θλίψιν
3028 2892 3123 2946 καὶ
3147 2893 3246 2962 τὴν
3280 2908 3400 2944 στε-

1808 2985 2095 3057 νοχωρίαν,
2130 2985 2225 3040 καὶ
2258 2985 2413 3039 οὐδὲν
2445 2986 2722 3057 ἐννοήσεις
2748 2984 2951 3055 ταύτην
2973 3003 2985 3015 ο
3020 2987 3067 3039 εἰ
3096 2985 3153 3038 δέ
3181 2982 3400 3055 ἀπηνὴς

1806 3079 1861 3136 εἴ
1890 3084 1979 3137 καὶ
2032 3082 2204 3153 ὠμὸς,
2255 3081 2635 3153 ἀναμνήσθητι
2684 3081 2791 3134 τῶν
2823 3080 3109 3151 παρθένων
3149 3070 3395 3145 ἐκείνων,

1805 3174 1882 3236 αἳ,
1942 3174 2050 3229 τῶν
2096 3173 2396 3245 λαμπάδων
2448 3172 2643 3236 αὑταῖς
2696 3170 3048 3235 σϐεσθεισῶν,
3104 3170 3246 3223 οὓτω
3299 3168 3395 3222 τοῦ

1805 3266 2094 3336 νυμφῶνος
2143 3264 2424 3330 ἐξέπεσον,
2462 3265 2556 3318 καὶ
2598 3263 2807 3333 ταχέως
2842 3261 2941 3335 ἔσῃ
2989 3261 3393 3331 φιλάνθρωπος.

1817 3360 1980 3414 Ἀλλά
2012 3360 2215 3430 νωθρὸς
2245 3354 2296 3412 εἴ
2323 3360 2417 3413 καὶ
2442 3358 2807 3430 παρειμένος;
2834 3354 3062 3425 Λογίζου
3101 3354 3190 3407 τὸν
3220 3352 3281 3406 τὸ
3304 3354 3396 3407 τά·

1804 3453 1998 3507 λαντον
2027 3451 2483 3524 κατακρύψαντα,
2521 3450 2617 3506 καὶ
2649 3450 2748 3525 έσῃ
2794 3450 2966 3522 πυρὸς
3016 3448 3391 3519 σφοδρότερος.

1817 3544 1978 3600 Ἀλλά
2022 3545 2301 3599 κατεσθίει
2342 3561 2401 3597 σε
2431 3545 2464 3615 ἡ
2489 3545 2588 3614 τῆς
2617 3540 2711 3596 τοῦ
2752 3540 2980 3613 πλησίον
3005 3539 3193 3603 οὐσίας
3213 3539 3240 3579 δ
3268 3541 3391 3593 ἐπι-

1804 3636 2002 3710 θυμίας
2043 3635 2277 3706 Λογίζου
2325 3635 2417 3689 τὸν
2451 3635 2709 3706 σκώληκα
2749 3632 2843 3688 τδν
2886 3631 3264 3701 ἀτελεύτητον,
3297 3632 3395 3685 καὶ

1803 3731 2042 3794 εὐκόλως
2080 3731 2173 3783 καὶ
2199 3729 2357 3783 τοῦτο
2386 3728 2639 3800 ἀποθήσῃ
2669 3727 2730 3780 τὸ
2758 3727 2993 3797 νόσημα,
3021 3725 3116 3779 καὶ
3148 3724 3217 3778 τά
3258 3725 3397 3779 ἄλλα

1802 3825 1980 3880 πάντα
2011 3823 2407 3892 κατορθώσεις·
2454 3818 2607 3875 οὐδὲν
2652 3821 2759 3893 γὰρ
2799 3818 3054 3890 φορτικὸν
3108 3817 3231 3871 οὐδὲ
3295 3819 3393 3871 ἐπ-

1802 3911 1967 3983 αχθὲς
1998 3910 2251 3976 ἐπέταξε.
2278 3909 2448 3963 Πόθεν
2482 3905 2574 3964 οὖν
2607 3911 2739 3981 ἡμῖν
2784 3907 3019 3979 φορτικά
3050 3907 3297 3977 φαίνεται
3328 3907 3398 3964 τὰ

1800 4001 2188 4072 ὲπιτάγματας
2232 4000 2365 4055 Ἀπὸ
2410 4001 2509 4071 τῆς
2543 3999 2820 4072 ἡμετέρας
2849 3998 3143 4070 ῥᾳθυμίας,
3179 3999 3397 4067 Ὥσπερ

1799 4087 1891 4146 οῦν
1940 4091 2037 4146 ὲὰν
2089 4089 2503 4161 σπουδάζωμεν,
2560 4089 2658 4142 καὶ
2704 4088 2772 4142 τὰ
2831 4087 3093 4142 δοκοῦντα
3143 4088 3395 4159 ἀφόρητα

1800 4182 1958 4250 εἷναι,
1984 4182 2135 4256 [512]
2169 4182 2349 4252 κοῦφα
2376 4182 2529 4235 ἐσται
2562 4181 2655 4235 καὶ
2691 4182 2874 4252 ῥᾴδια·
2906 4179 3079 4240 οὕτως
3101 4179 3196 4233 ἐὰν
3233 4179 3397 4250 ρᾳθυ-

1803 4276 2014 4348 μῶμεν,
2045 4276 2139 4329 καὶ
2163 4275 2232 4329 τά
2260 4273 2474 4346 φορητά
2495 4272 2731 4327 δύσκολα
2758 4274 2889 4343 ἡμῖν
2914 4273 3161 4341 φανεῖται
3187 4313 3200 4325 .
3226 4261 3396 4324 Ταῦτ’

1752 4393 1758 4400 -
1798 4365 1893 4423 οῦν
1940 4368 2158 4422 ἅπαντα
2187 4365 2559 4435 λογισάμενοι,
2596 4363 2671 4437 μὴ
2721 4364 3046 4434 τρυφῶντας
3096 4361 3390 4431 ἐννοῶμεν,

1798 4460 1934 4517 ἀλλά
1956 4460 2010 4514 τε
2043 4459 2105 4513 τὸ
2132 4459 2284 4522 τέλος
2307 4457 2489 4512 αὐτῶν
2510 4473 2524 4487 ·
2553 4456 2787 4511 ἐνταῦθα
2822 4458 2920 4527 μὲν
2946 4456 3150 4527 κόπρος
3172 4457 3263 4509 καὶ
3296 4471 3394 4507 πο‹

1799 4552 2092 4623 λυσαρκία,
2136 4551 2253 4605 ἐκεῖ
2292 4551 2347 4604 δὲ
2378 4548 2595 4621 σκώληξ
2624 4550 2716 4602 καὶ
2746 4549 2893 4621 πῦρ·
2935 4549 3011 4621 μὴ
3048 4549 3176 4612 τοὺς
3208 4547 3393 4618 ἁρπά-

1801 4643 2015 4708 ζοντας,
2046 4642 2182 4697 ἀλλά
2217 4645 2271 4695 τί
2301 4641 2363 4695 τὸ
2403 4641 2557 4705 τέλος
2591 4640 2771 4694 αὐτῶν
2794 4656 2808 4671 ·
2846 4640 3127 4711 φροντίδες
3157 4638 3391 4693 ἐνταῦθα

1799 4736 1894 4791 καὶ
1934 4735 2089 4804 φόϐοι
2149 4735 2244 4790 καὶ
2287 4733 2538 4804 ἀγωνίαι,
2590 4736 2708 4787 ἐκεῖ
2749 4733 2805 4788 δὲ
2853 4733 3027 4805 δεσμά
3072 4733 3278 4786 ἄλυτα·
3316 4732 3392 4804 μὴ

1796 4829 1924 4892 τοὺς
1970 4826 2129 4899 δόξης
2175 4827 2442 4899 ἐρῶντας,
2496 4826 2631 4881 ἀλλά
2662 4826 2713 4879 τί
2747 4827 2808 4881 τὸ
2862 4828 2927 4880 ἐκ
2956 4826 3161 4879 τούτων
3205 4825 3389 4878 τικτό-

1800 4934 1995 4989 μενον·
2043 4917 2278 4972 δουλεῖαι
2328 4916 2563 4972 ἐνταῦθα
2609 4918 2703 4971 καὶ
2745 4920 3040 4989 εἰρωνεῖαι,
3068 4917 3265 4970 ἐκεῖδέ
3293 4917 3390 4970 καὶ

1795 5012 1970 5082 ζημία
1998 5011 2279 5083 ἀφόρητος
2310 5013 2403 5064 καὶ
2441 5010 2502 5063 τὺ
2533 5010 2930 5080 ἐμπυρίζεσθαι
2963 5010 3248 5080 διηνεκῶς.
3288 5011 3389 5073 ΪΑν

1795 5103 1905 5174 γὰρ
1931 5102 2106 5167 οὕτως
2141 5104 2354 5165 ἑαυτοῖς
2398 5100 2794 5171 διαλεγώμεθα,
2830 5101 2924 5156 καὶ
2972 5102 3141 5156 ταῦτα
3185 5101 3279 5156 καὶ
3316 5103 3388 5158 τά

1793 5194 2018 5248 τοιαῦτα
2057 5195 2345 5265 ἐπᾴδωμεν
2375 5192 2614 5263 συνεχῶς
2635 5196 2756 5258 ταῖς
2788 5197 3055 5267 πονηραῖς
3076 5194 3235 5265 ἡμῶν
3264 5196 3387 5249 ἐπι-

1794 5285 2037 5356 θυμίαις,
2064 5285 2274 5355 ταχέως
2318 5286 2414 5339 καὶ
2443 5284 2534 5338 τὸν
2565 5285 2676 5339 τῶν
2721 5287 3005 5357 παρόντων
3039 5286 3383 5357 ἐκϐαλοῦμεν

1792 5376 1991 5448 ἔρωτα,
2028 5378 2121 5430 καὶ
2143 5377 2234 5430 τὸν
2252 5375 2362 5429 τῶν
2390 5375 2694 5447 μελλόντων
2726 5377 3025 5448 ἀνάψομεν.
3056 5378 3381 5449 Ἀνάψωμεν
3478 5431 3488 5441 ,

1791 5470 1973 5524 τοίνυν
2012 5469 2196 5534 αὐτὸν,
2231 5470 2327 5522 καὶ
2358 5469 2739 5539 ἐκκαύσωμεν.
2773 5470 2836 5523 Et
2864 5472 3029 5541 γάρὴ
3066 5470 3243 5524 ἔννοια
3274 5470 3377 5523 αύ-

1789 5563 1920 5625 τῶν.
1956 5563 2133 5617 καίτοι
2182 5578 2244 5630 γε
2277 5560 2496 5633 ἀμυδρά
2518 5578 2603 5625 τις
2627 5558 2793 5628 οὖσα,
2839 5564 3112 5631 τοσαύτην
3144 5561 3373 5632 παρέχει

1786 5654 1887 5724 τὴν
1903 5653 2119 5722 ἡδονήν·
2143 5651 2396 5723 ἐννόησον
2415 5653 2547 5725 ὅσην
2562 5651 2704 5724 αὕτη
2728 5656 2761 5724 ἡ
2783 5655 2949 5724 πεῖρα
2977 5654 3010 5723 ἡ
3034 5651 3207 5722 σαφὴς
3229 5648 3370 5704 οἴσει

1784 5745 1886 5815 τὴν
1934 5742 2274 5815 εὐφροσύνην
2320 5746 2473 5817 ἡμῖν.
2520 5744 2798 5817 Μακάριοι
2848 5745 2942 5801 καὶ
2979 5742 3368 5815 τρισμακάριοι

1850 5892 1874 5933 h
1900 5894 2049 5945 Savil.
2075 5909 2121 5946 1n
2145 5910 2320 5962 marg,
2342 5904 2628 5962 περιουσίας.
