3780 6328
194 307 300 362 473

1259 319 1324 376 ΙΝ
1363 322 1579 382 EPIST.
1620 325 1663 381 ll
1725 329 1819 385 AD
1856 331 2012 391 COR.
2053 338 2282 402 HOMIL.
2326 349 2417 405 Xl.

190 421 368 476 aliena
398 420 627 491 rapiunt,
658 424 752 479 sed
781 425 902 495 quis
921 440 1109 484 eorum
1135 430 1204 485 sit
1227 432 1383 500 linis;
1413 435 1500 493 hic
1526 438 1779 500 videlicet

186 526 333 567 cura:
363 527 427 567 ac
450 521 625 570 metus
652 524 706 570 et
731 531 992 587 angores,
1017 520 1127 577 illic
1152 523 1365 581 vincula
1416 528 1722 589 insolubilia
1755 554 1771 591 :

185 618 293 658 non
321 617 419 659 eos
442 607 532 676 qui
560 606 746 678 gloriae
789 610 969 666 studio
1010 612 1280 671 ducuntur
1300 658 1316 683 ,
1345 619 1441 675 sed
1466 622 1594 691 quid
1615 640 1679 680 ex
1708 642 1771 683 ea

181 705 471 759 nascatur;
504 696 606 753 hoc
627 708 730 765 est,
757 704 987 759 servitus
1023 704 1109 760 hic
1132 717 1186 762 et
1224 709 1627 783 simulationes,
1659 717 1771 775 illic

178 788 438 844 damnum
466 791 801 850 intolerabile
815 810 879 850 ac
906 808 1194 868 perpetuus
1220 800 1449 860 ﬂamma:
1474 808 1763 867 cruciatus.

174 878 309 934 Nam
350 881 397 935 si
440 882 554 937 hinc
580 899 702 938 cum
749 887 943 943 animis
972 891 1170 946 nostris
1201 892 1562 966 disseramus,
1604 909 1661 957 et
1687 903 1763 957 si-

176 971 321 1027 milia
374 974 552 1043 pravis
600 976 980 1046 cupiditatibus
1030 984 1231 1039 nostris
1282 987 1623 1056 occinamus,
1655 993 1762 1050 cito

172 1067 516 1132 praesentium
549 1084 731 1124 rerum
773 1086 1012 1128 amorem
1059 1078 1427 1146 expellemus,
1458 1092 1512 1136 et
1559 1083 1763 1139 futura-

171 1171 287 1210 rum
319 1156 686 1216 incendcmus.
717 1160 1067 1221 incendamus
1112 1168 1271 1239 igitur
1308 1188 1431 1227 eum
1475 1184 1635 1246 atque
1680 1176 1760 1231 in-

167 1244 525 1304 flammemus.
550 1249 681 1306 Nam
714 1253 759 1308 si
784 1254 973 1311 harum
1005 1272 1183 1313 rerum
1211 1262 1485 1331 cogitatio,
1513 1267 1755 1336 quamvis

162 1338 391 1393 obscura
413 1342 503 1408 sit,
535 1351 734 1399 tantam
763 1344 917 1401 affert
937 1344 1264 1419 voluptatem
1289 1356 1517 1425 :cogita,
1545 1372 1749 1427 qumso,

3368 390 3472 449 476

1882 461 2140 516 quantum
2185 460 2565 528 oblectamenti
2588 478 2867 550 perspicua
2892 500 3075 548 carum
3109 493 3290 555 fruitio
3308 506 3468 566 nobis

1882 542 2095 566 All----—-
2140 550 2197 566 —'-
2252 554 2292 566 "
2388 561 2399 566 ·

1880 542 2103 631 allatura
2132 550 2221 607 sit.
2251 554 2402 614 Beati
2423 576 2487 619 ac
2510 542 2665 626 ter-et
2685 542 2883 644 sicpius
2908 579 3073 653 beati,
3096 590 3291 659 quibus
3311 542 3466 655 boni;

1880 632 2141 659 "mh-
2230 647 2261 659 ,.
2303 649 2314 659 .

2764 632 2779 644 .
2908 632 3073 653 η-ν---ν
3134 632 3291 650 ἰ’-ἰη’
3311 632 3466 655 ννιυθ

1877 632 1985 691 illis
1998 636 2100 695 frui
2118 647 2369 719 contigit:
2394 660 2845 725 quemadmodum
2872 687 3059 733 contra
3088 632 3269 743 miseri
3298 705 3363 747 ac
3384 701 3467 750 ter

2886 726 2893 727 ,
2912 726 3059 733 ,μ--ν-
3090 726 3269 743 --ιιυνιι
3298 726 3363 747 ειν
3384 726 3456 750 *σι

1877 726 2080 797 miseri,
2112 737 2200 804 qui
2224 747 2494 803 contraria
2520 750 2602 808 his
2632 758 2771 813 mala
2800 766 3094 831 patiuntur.
3126 773 3195 830 Ut
3228 793 3357 851 ergo
3395 799 3461 841 est

1877 815 2086 851 ἰΙΙη-..η-
2146 842 2246 851 ..ηιμ
2281 847 2333 851 λη
2372 835 2384 851 ¹

2801 815 3094 831 [ﬁn—"un.
3130 815 3195 830 υ-
3228 815 3357 851 uisu
3395 815 3458 841 σπι

1875 815 2110 891 illorum,
2144 842 2250 884 non
2273 847 2339 889 ex
2368 835 2560 897 horum
2592 862 2818 908 numero
2846 857 3015 916 simus
3035 903 3052 929 ,
3083 866 3295 926 virtutis
3338 884 3458 932 stu-

1875 905 2013 932 At--.“
2054 929 2096 932 -ς

2734 905 2810 908 ν--
2847 905 3052 929 -----υ-υ,
3091 905 3295 926 νιιιυιιῦ
3338 905 3455 932 δια·-

1872 905 2018 967 dium
2043 929 2426 987 capessamus:
2456 933 2535 989 sic
2583 940 2727 996 enim
2755 946 2823 1000 ad
2862 947 3036 1008 futura
3078 956 3217 1013 bona
3266 979 3455 1034 perve«

1875 1003 2077 1034 ηἷηιηιι--Α
2108 1027 2121 1034 -
2152 1013 2215 1034 AJ
2280 1033 2283 1034 ν
2499 1026 2511 1034 ⁵

2949 1003 3036 1008 _-_
3078 1003 3217 1013 --....
3267 1003 3455 1034 ...μσς

1870 1003 2079 1117 niemus
2108 1027 2121 1064 :
2149 1013 2215 1069 ad
2266 1033 2387 1088 qua:
2437 1026 2639 1087 utinam
2683 1042 2965 1105 pervenire
3018 1050 3172 1106 nobis
3208 1060 3456 1117 omnibus

1834 1101 2058 1209 vitetur,
2089 1115 2184 1169 per
2223 1112 2447 1177 gratiam
2501 1130 2556 1175 et
2598 1101 2981 1199 benignitatem
3025 1140 3239 1202 Domini
3273 1156 3445 1209 nostri

2723 1182 2981 1199 ,Γπ---.η
3025 1182 3239 1202 "unum
3273 1182 3445 1209 uuaer

1861 1182 1993 1310 Jlesu
2036 1191 2271 1293 Christi,
2320 1206 2406 1261 cui
2450 1224 2569 1268 eum
2617 1217 2775 1278 Patre
2815 1235 2870 1281 et
2918 1238 3106 1289 Sancto
3156 1237 3358 1310 Spiritu
3382 1248 3454 1303 sit

2754 1275 2770 1278 -
2821 1275 2868 1281 --
2919 1275 3105 1289 -..ην-ν
3156 1275 3195 1294 υ
3235 1275 3357 1298 "Iul
3382 1275 3449 1303 au

1859 1275 2049 1395 glqria,
2076 1282 2388 1360 imperium,
2423 1297 2628 1374 honor,
2657 1324 2801 1369 nunc
2828 1327 2882 1372 ct
2905 1334 3120 1395 semper
3140 1369 3154 1392 ,
3184 1275 3239 1386 ert
3265 1332 3318 1389 in
3349 1350 3449 1391 εω-

1858 1367 1978 1423 eula
2001 1376 2343 1439 sreculorum.
2372 1389 2568 1450 Amen.

166 1493 3444 1599 “\xﬁ

1563 1609 1913 1679 HOMILIA
1956 1619 2069 1685 XI.

154 1782 277 1837 Car.
311 1785 366 1841 5.
399 1802 450 1840 ν.
480 1788 564 1842 Η.
599 1788 828 1847 Scientes
872 1809 992 1865 ergo
1030 1794 1258 1849 timorem
1296 1796 1542 1862 Domini,
1577 1797 1743 1853 Immi-

227 1881 378 1935 nibus
402 1882 692 1946 suademus,
722 1882 834 1939 Deo
860 1895 1029 1939 autem
1061 1888 1318 1959 manifesti
1341 1906 1517 1944 sumus
1544 1905 1563 1944 .'
1590 1907 1738 1960 spero

213 1987 388 2030 autem
438 1994 530 2030 nos
567 1986 613 2031 et
640 1979 691 2030 in
723 1980 1045 2043 conscientiis
1074 1982 1250 2036 vestris
1277 1983 1572 2053 manifestos
1608 2000 1735 2039 esse.

218 2070 266 2123 i.
298 2069 427 2124 llaec
458 2070 620 2140 igitur
662 2071 895 2127 scientes
919 2113 934 2137 ,
985 2072 1191 2143 inquit,
1219 2073 1322 2130 hoc
1365 2086 1479 2144 est,
1511 2076 1737 2132 horren-

143 2161 264 2217 dum
291 2162 423 2217 illud
476 2163 744 2231 tribunal,
786 2180 999 2221 omnem
1031 2182 1248 2237 operam
1291 2170 1608 2226 adhibemus
1632 2212 1648 2235 ,
1677 2181 1737 2227 ut

144 2271 207 2308 ne
247 2271 435 2309 ansam
492 2256 654 2311 ullam
701 2259 854 2313 vobis
877 2259 1068 2315 demus
1095 2272 1186 2316 aut
1233 2261 1612 2319 oliendiculum
1643 2276 1735 2321 aut

141 2347 323 2402 falsam
371 2348 609 2419 aliquam
642 2349 926 2406 adversum
957 2369 1056 2408 nos
1094 2355 1247 2409 mala:
1290 2356 1517 2412 actionis
1557 2358 1733 2428 suspi-

138 2441 364 2493 cionem.
393 2440 587 2497 Viden‘
612 2452 918 2499 accuratum
964 2446 1088 2501 vita:
1134 2447 1432 2503 institutum
1462 2450 1730 2505 studium-

136 2548 234 2603 quc
273 2522 469 2587 animae
512 2535 801 2591 sollicitas?
828 2537 1010 2609 Neque
1036 2538 1179 2593 enim
1212 2548 1323 2594 tum
1369 2542 1541 2597 solum
1568 2559 1728 2599 accu~

134 2641 344 2693 sannur,
374 2641 498 2681 cum
531 2628 657 2698 quid
689 2631 811 2684 mali
845 2633 1308 2701 perpetravimus;
1341 2634 1433 2692 sed
1480 2638 1722 2707 quamvis

133 2717 285 2772 etiam
319 2718 457 2773 nihil
507 2730 916 2791 perpetremus,
960 2733 1137 2781 tamen
1184 2726 1228 2781 si
1260 2727 1313 2783 in
1361 2730 1721 2799 suspicionem

133 2808 431 2875 veniamus,
465 2827 563 2867 nec
588 2827 705 2867 eam
748 2814 999 2883 amoliri,
1048 2832 1170 2872 cum
1202 2818 1359 2875 liceat
1382 2862 1399 2888 ,
1426 2836 1677 2875 curemus
1700 2862 1716 2888 ,

132 2916 309 2967 prunas
337 2904 523 2975 utique
551 2906 777 2961 subituri
822 2923 1028 2965 sumus.
1062 2908 1150 2966 1'2.
1180 2910 1301 2967 Non
1350 2914 1530 2968 iterant
1573 2932 1715 2970 com-

131 2994 424 3052 mendamus
470 3015 564 3052 nos
620 2998 793 3065 vobis,
848 3002 939 3058 sed
984 3005 1299 3061 occasionem
1337 3008 1474 3064 vobis
1531 3010 1715 3065 damus

134 3084 381 3153 gloriandi
410 3106 506 3158 pro
534 3090 698 3146 nobis.
729 3091 862 3149 Vide
901 3096 1173 3166 quomodo
1221 3098 1531 3170 frequenter
1571 3102 1714 3174 ejus-

135 3178 267 3233 modi
296 3181 660 3250 suSpicionem
712 3200 741 3238 a
785 3202 844 3242 se
874 3198 1186 3256 removeat,
1236 3194 1388 3263 quasi
1440 3210 1566 3252 suas
1597 3197 1711 3268 ipse

128 3269 301 3326 laudes
328 3288 528 3329 canere
576 3275 842 3336 videatur.
870 3280 1013 3336 Nihil
1041 3283 1186 3338 enim
1235 3286 1453 3355 perinde
1499 3289 1709 3345 audito-

127 3374 233 3414 rum
255 3362 466 3418 animos
493 3364 739 3433 offendit,
772 3378 831 3424 ut
858 3384 977 3426 cum
1006 3374 1129 3443 quis
1176 3390 1366 3447 magna
1398 3388 1451 3435 et
1499 3383 1698 3438 eximia

126 3454 355 3521 quredam
406 3456 476 3511 de
515 3474 575 3512 se
622 3460 894 3528 praedicat.
926 3463 1188 3531 Quoniam
1232 3469 1393 3540 igitur
1438 3472 1489 3527 in
1536 3474 1694 3546 hujus

125 3549 416 3614 argumenti
476 3565 781 3608 sermonem
835 3554 1072 3613 incidere
1136 3575 1359 3618 necesse
1407 3563 1698 3634 habuerat,

122 3640 503 3695 correctionem
560 3642 802 3700 adhibuit
848 3647 1085 3704 dicens:
1147 3652 1262 3707 lloc
1309 3656 1471 3711 vestri
1537 3674 1699 3716 causa

124 3726 212 3780 frt‘i
239 3770 251 3793 ,
285 3746 389 3785 non
424 3743 609 3788 nostra
635 3776 650 3801 ,
685 3744 744 3791 ut
774 3736 1014 3795 habeatis
1042 3741 1184 3800 unde
1211 3743 1516 3815 gloriemini
1539 3792 1554 3817 ,
1586 3766 1692 3806 non

121 3832 210 3873 uos
241 3838 255 3875 :
286 3838 464 3893 neque
506 3825 557 3880 id
607 3827 954 3898 simpliciter,
987 3834 1081 3889 sed
1108 3846 1329 3908 propter
1358 3837 1524 3897 falsos
1560 3857 1693 3913 apo-

120 3910 294 3967 stolos.
326 3912 482 3971 Unde
511 3917 671 3972 etiam
699 3920 953 3990 subdidit,
985 3925 1064 3979 Ad
1101 3943 1186 3983 eos
1216 3932 1302 3999 qui
1334 3931 1385 3985 in
1416 3935 1549 4004 facie
1575 3910 1691 4005 gila-

118 4004 339 4072 rimimr,
398 4017 447 4060 et
501 4025 601 4063 non
651 4012 704 4066 in
749 4014 920 4069 corde.
952 4016 1180 4075 Videsne
1224 4033 1281 4076 ut
1327 4022 1426 4079 hos
1471 4026 1539 4081 ab
1587 4027 1692 4082 illis

117 4092 421 4163 abduxerit,
477 4109 635 4171 atque
675 4103 742 4158 ad
785 4122 909 4163 suas
952 4121 1134 4179 partes
1173 4117 1529 4183 pertraxcrit,
1563 4133 1684 4174 cum

110 4182 231 4241 illud
254 4190 510 4259 ostendit,
538 4194 678 4263 quod
705 4196 804 4267 ipsi
831 4215 1043 4272 quoque
1063 4182 1326 4261 Corinthii
1352 4211 1685 4269 occasionem

115 4277 328 4348 aliquam
359 4286 601 4356 arripere
646 4292 893 4361 cupiant,
922 4312 1025 4366 qua
1053 4297 1218 4368 ipsius
1259 4316 1473 4358 causam
1508 4309 1642 4362 tueri
1667 4351 1682 4377 ,

116 4366 269 4440 iisque
319 4390 348 4427 a
400 4378 594 4447 quibus
637 4381 691 4436 in
752 4387 955 4442 crimen
1011 4391 1301 4448 vocabatur
1359 4400 1683 4467 respondere

113 4470 331 4531 queant?
353 4468 473 4526 Non
504 4474 678 4543 enim,
734 4476 938 4550 inquit,
965 4483 1079 4540 haec
1112 4501 1178 4541 eo
1208 4486 1470 4560 dicimus,
1495 4502 1553 4549 ut
1577 4495 1678 4566 ipsi

111 4554 409 4629 gloriemur,
441 4564 537 4619 sed
564 4578 622 4621 ut
652 4584 749 4624 vos
778 4587 876 4642 pro
912 4575 1064 4631 nobis
1094 4578 1314 4634 liberam
1342 4597 1527 4639 vocem
1552 4587 1680 4642 mit-

112 4656 211 4705 tere
241 4658 457 4723 possitis
496 4676 511 4715 :
555 4660 607 4717 id
635 4665 777 4733 quod
821 4666 1061 4727 hominis
1111 4685 1227 4731 erat
1269 4678 1538 4749 ingentem
1569 4683 1677 4739 illis

110 4755 219 4811 erga
244 4760 302 4801 se
349 4763 592 4807 amorem
645 4758 1023 4818 testificantis:
1058 4782 1157 4822 nec
1198 4784 1325 4825 vero
1370 4782 1428 4829 ut
1468 4784 1673 4833 tantum

108 4831 429 4909 gloriemini,
461 4843 557 4897 sed
608 4847 768 4903 etiam
820 4860 876 4907 ut
926 4870 993 4909 ne
1027 4857 1095 4911 ab
1139 4860 1270 4929 ipsis
1322 4863 1374 4917 in
1425 4866 1670 4926 fraudem

110 4922 457 4993 impellamini.
485 4934 616 4992 illud
647 4946 825 4998 tamen
875 4944 1015 5002 haud
1056 4922 1241 5020 aperte
1293 4955 1450 5025 dicit,
1485 4976 1669 5018 verum

1852 1804 1916 1862 In
1958 1812 2138 1882 facie?
2181 1822 2237 1879 lu
2268 1828 2373 1899 iis,
2423 1853 2543 1905 quae
2574 1849 2743 1906 oculis
2783 1870 3121 1933 cernuntur,
3150 1879 3313 1943 atque
3356 1878 3423 1934 ad

1852 1913 2259 1943 nclnnlnlinnn...
2312 1933 2355 1943 ..
2421 1927 2433 1943 ι
2522 1941 2529 1943 ξ
2588 1936 2630 1943 _
2670 1940 2699 1943 _,

2940 1913 3070 1920 ""—‘
3103 1913 3121 1933 ν
3150 1913 3203 1924 -ι
3248 1913 3313 1929 ην
3356 1913 3423 1934 II“

1848 1913 2264 2035 gstentationem
2310 1927 2555 1987 tendunt.
2588 1936 2701 1994 Tali
2746 1946 2889 2002 enim
2935 1953 3118 2012 animo
3164 1913 3241 2017 illi
3287 1980 3426 2035 pm-

1885 2005 1939 2035 ΙΙΙ
1968 2014 2119 2035 nl‘nnl
2191 2020 2245 2035 ..ι
2304 2017 2386 2035 μη·
2484 2022 2496 2035 ι
2557 2025 2568 2035 ι

2690 1992 2699 1994 -
2750 1992 2889 2002 ---....
2935 1992 3118 2012 uullllU
3164 1992 3239 2017 ιιιι
3325 1992 3426 2023 Γιυο

1845 1992 1940 2050 diti
1968 2014 2158 2071 erant,
2191 2020 2248 2065 ut
2298 2017 2388 2085 qui
2431 2022 2496 2075 ad
2552 2025 2787 2089 honores
2832 2047 2887 2093 ct
2925 2044 3151 2112 gloriam
3192 1992 3433 2117 aeti‘bues

1842 2100 1967 2144 suas
2020 2109 2207 2155 omnes
2258 2105 2524 2169 referrent
2566 2117 2820 2195 intusque
2865 2131 3051 2191 inanes
3088 2153 3307 2212 essent,
3362 2166 3426 2206 ac

1846 2181 2055 2212 ηἷηιι-ιὲη
2087 2194 2168 2212 —--’
2193 2194 2206 2212 ¹
2327 2200 2339 2212 “

2729 2181 2749 2195 .
2802 2181 2809 2182 ,
2867 2181 3050 2191 --νν---νυ
3089 2181 3307 2212 νουυιιι,
3362 2181 3426 2206 ιω

1845 2181 2058 2249 pietatis
2081 2194 2297 2261 quidem
2325 2200 2527 2262 larvam
2573 2226 2828 2281 gererent
2870 2228 3261 2305 gravitatisque
3305 2254 3429 2311 spc-

1845 2272 1976 2311 Diom
2032 2279 2288 2311 ΙιηιιΛ-ιΛ-ιι
2376 2308 2389 2311 A
2452 2306 2463 2311 ‘
2674 2306 2683 2311 -
2788 2310 2793 2311 ⁷

2574 2272 2603 2281 ν
2774 2272 2825 2274 νη
2871 2272 3261 2305 0.-...υυριιιιῠ
3305 2272 3331 2294 ο
3356 2272 3423 2297 Ιυ·

1840 2272 1978 2330 ciem
2030 2279 2322 2357 haberent,
2366 2306 2622 2375 caeterum
2669 2306 2828 2367 bonis
2857 2318 3110 2385 operibus
3153 2272 3423 2388 carerelnt.

1845 2364 1910 2388 ιη
1983 2370 2038 2388 ι“⁶
2210 2380 2221 2388 ¹

2430 2372 2433 2375 Ι
2786 2364 2822 2367 κ,
2865 2364 3110 2385 w‘..--uuu
3153 2364 3423 2388 ιυιυιῦιιιι

1843 2364 1931 2421 15.
1975 2370 2096 2426 Sive
2138 2380 2271 2434 enim
2319 2398 2481 2444 mente
2541 2400 2870 2473 excedimus,
2923 2407 3030 2465 Deo
3052 2431 3072 2477 ;
3115 2417 3220 2472 sive
3271 2422 3427 2479 sobrii

1834 2475 2041 2528 smmis,
2075 2469 2231 2526 vobis.
2255 2474 2379 2534 Sive
2420 2484 2563 2541 enim
2588 2528 2603 2552 ,
2637 2491 2846 2565 inquit,
2877 2505 3056 2573 magni
3094 2509 3295 2580 aliquid
3335 2516 3418 2570 lo-

1832 2567 2061 2622 quamur
2092 2561 2254 2633 (nam
2300 2570 2405 2629 hoc
2454 2583 2650 2639 mentis
2699 2602 2983 2651 excessum
3026 2612 3218 2672 vocat,
3271 2617 3419 2665 utet

1832 2645 1932 2672 ηΙΣΑ
1957 2648 2066 2672 Ι---
2092 2654 2102 2666 '
2177 2658 2187 2668 ‘
2232 2660 2243 2670 ⁸
2345 2665 2356 2672 ·

2813 2645 2823 2646 γ
2845 2645 2851 2646 ,
2869 2645 2983 2651 Vw---
3036 2645 3179 2657 .vvu-
3201 2646 3218 2672 θ
3272 2645 3330 2662 ul
3365 2645 3412 2665 υ.

1828 2645 1935 2702 alio
1955 2648 2073 2707 loco
2089 2654 2491 2738 insipientiam),
2516 2672 2606 2729 Dei
2625 2691 2785 2749 causa
2799 2682 3040 2756 facimus,
3064 2708 3132 2750 ne
3153 2711 3265 2764 vos,
3286 2700 3412 2758 dum

1829 2736 1893 2764 ιιι.
1921 2740 2071 2764 ..ιιι-ἓ-
2102 2756 2152 2764 υ·
2216 2751 2285 2764 ⁸⁵⁸⁸
2463 2761 2471 2764 “
2536 2763 2539 2764 ⁷

2449 2736 2455 2738 γ
2756 2746 2757 2749 η
2801 2736 3040 2756 ,,_____-,
3064 2736 3132 2750 ..ν
3160 2736 3265 2764 ...η
3286 2736 3412 2758 ιη...-

1828 2736 1894 2792 de
1918 2740 2073 2799 nobis
2101 2756 2158 2801 ut
2179 2751 2369 2812 vilibus
2389 2761 2727 2836 existimatis,
2749 2784 3078 2850 contemptui
3096 2800 3194 2841 nos
3214 2789 3413 2848 habea-

1828 2831 1894 2885 tis
1921 2848 1985 2890 ac
2011 2844 2241 2906 pereatis
2266 2865 2281 2902 :
2307 2849 2419 2906 sive
2446 2851 2645 2915 humile
2669 2864 2868 2937 aliquid
2889 2886 2952 2927 ac
2978 2874 3290 2951 demissum,
3316 2901 3409 2941 ve-

2758 2925 2774 2937 _
2933 2925 2945 2927 -
2984 2925 3290 2951 a-_--_--__...,
3325 2925 3409 2941 ,ν-

1822 2925 1919 2980 stri
1965 2932 2135 2998 gratia
2186 2936 2287 2994 hoc
2314 2942 2556 3012 facimus.
2589 2964 2645 3008 ut
2673 2958 2918 3018 modeste
2946 2964 3014 3021 de
3036 2970 3186 3026 vobis
3206 2977 3409 3034 sentire

1820 3016 2057 3079 discetis.
2103 3027 2197 3085 Vel
2223 3034 2384 3092 etiam
2423 3038 2527 3098 hoc
2554 3046 2648 3114 ait,
2680 3049 2736 3105 Si
2762 3056 2883 3123 quis
2911 3074 3008 3115 nos
3035 3062 3267 3123 insanire
3292 3073 3407 3129 exi-

1817 3115 2017 3182 stimat,
2072 3134 2102 3173 a
2144 3122 2254 3179 Deo
2297 3142 2516 3202 propter
2558 3154 2718 3208 quem
2776 3146 2831 3203 in
2863 3150 3000 3209 hanc
3037 3160 3401 3228 suspicionem

1816 3209 2083 3279 venimus,
2127 3224 2433 3280 mercedem
2460 3230 2815 3304 elllagitamus
2841 3260 2854 3297 :
2882 3245 2965 3300 sin
2994 3259 3173 3306 autem
3200 3270 3300 3311 nos
3318 3274 3406 3314 sa-

1815 3312 1898 3352 na:
1942 3306 2139 3361 mentis
2180 3324 2300 3367 esse
2346 3329 2551 3385 censet,
2584 3324 2791 3385 fruatur
2830 3333 2920 3390 ille
2945 3352 3075 3395 sane
3101 3354 3284 3401 nostra
3314 3363 3404 3405 so-

1811 3387 2056 3449 brietate.
2100 3398 2181 3455 Ac
2201 3417 2392 3463 rursus
2415 3411 2592 3483 aliter,
2626 3415 2866 3481 lnsanire
2896 3443 2994 3485 nos
3022 3435 3284 3504 quispiam
3311 3441 3397 3497 di-

1811 3480 1875 3504 ..z.
1901 3482 1925 3504 ι)
1970 3483 2063 3504 ILA
2116 3498 2126 3504 -
2239 3494 2271 3504 ’λ
2458 3501 2469 3504 λ

1808 3480 1925 3535 cit?
1968 3483 2194 3558 Propter
2235 3494 2405 3554 Deum
2455 3480 2760 3574 hujusmodi
2805 3514 3010 3574 insania
3039 3480 3348 3587 laboramus
3381 3551 3394 3588 :

1808 3573 1951 3630 unde
1997 3580 2160 3638 etiam
2201 3588 2403 3655 subdit,
2449 3596 2535 3651 M.
2581 3599 2780 3660 Caritas
2808 3610 2942 3665 enim
2972 3612 3069 3669 Dei
3097 3632 3238 3689 urget
3262 3640 3354 3680 nos
3377 3643 3398 3683 :

3054 3668 3059 3669 ,
3100 3668 3235 3689 _-_,--
3264 3668 3354 3680 η-..
3377 3669 3391 3683 .

1803 3668 2108 3727 wstimantes
2126 3675 2240 3732 hoc.
2270 3680 2388 3738 Non
2419 3690 2602 3758 modo,
2634 3694 2827 3767 inquit,
2850 3700 3152 3766 futurorum
3194 3726 3391 3785 metus,

1803 3759 1895 3785 ..ηλι
1932 3764 2082 3785 -12---
2130 3784 2133 3785 ν
2266 3773 2278 3785 ⁸
2530 3782 2540 3785 ⁴

2707 3759 2720 3767 ,
2814 3759 2824 3767 ,
2943 3759 2949 3760 κ
2974 3759 2981 3760 κ
3005 3759 3047 3763 —-
3068 3759 3152 3766 —--
3194 3759 3391 3785 κων-ιη

1801 3759 1896 3814 sed
1927 3764 2087 3820 etiam
2116 3784 2235 3840 qua:
2256 3773 2367 3844 jam
2395 3782 2758 3857 contigerunt,
2783 3808 2890 3850 non
2920 3797 3105 3857 sinunt
3133 3819 3231 3861 uos
3250 3807 3393 3865 desi~

1799 3852 1885 3908 dia
1916 3864 2126 3929 torpere
2141 3874 2302 3937 atque
2327 3871 2763 3951 obdormiscere;
2795 3903 2978 3946 verum
3004 3894 3070 3950 ad
3092 3900 3391 3971 suscipien-

1799 3944 1894 3971 ΑΛ,
2280 3970 2283 3971 ν

2749 3944 2762 3951 ,
3006 3944 3386 3971 __-_--.,,.....—

1796 3944 1897 4002 dos
1938 3951 2128 4009 salutis
2172 3970 2367 4019 vestrae
2411 3980 2571 4026 causa
2616 3973 2827 4057 labores
2858 3988 3189 4045 exsuscitant
3221 4002 3386 4065 atque

1799 4036 2072 4065 :n....,ll___-
2128 4049 2167 4065 Λ

2908 4036 3189 4045 ξηαπ..-
3221 4036 3381 4065 -..μω

1798 4036 2094 4109 impellunt.
2124 4049 2379 4117 Quaenam
2428 4074 2606 4119 autem
2644 4079 2770 4126 sunt
2798 4054 2896 4138 ea,
2925 4092 3045 4147 qum
3070 4080 3180 4151 jam
3208 4090 3381 4144 conti-

1793 4137 2024 4201 gerunt?
2048 4139 2300 4206 Quoniam
2323 4151 2369 4203 si
2386 4168 2518 4208 unus
2534 4174 2626 4224 pro
2640 4166 2873 4220 omnibus
2894 4181 3122 4228 mortuus
3133 4186 3229 4245 est,
3258 4196 3379 4252 ergo

1792 4238 1963 4280 omnes
2002 4235 2187 4289 mortui
2223 4249 2361 4297 sunt.
2390 4243 2531 4315 Ergo
2559 4248 2634 4303 ita
2671 4251 2905 4324 loquitur
2945 4261 3160 4332 Paulus,
3218 4284 3283 4324 ac
3335 4273 3381 4327 si

1790 4331 1978 4374 omnes
2006 4325 2314 4392 periissent.
2342 4332 2529 4404 Neque
2558 4343 2700 4398 enim
2727 4361 2825 4415 pro
2849 4354 3101 4410 omnibus
3130 4358 3379 4418 Christus

1787 4420 2015 4468 mortem
2042 4421 2375 4493 oppetiisset,
2400 4430 2500 4485 nisi
2522 4447 2710 4491 omnes
2729 4451 2958 4499 mortem
2979 4447 3259 4509 obiisseut.
3281 4453 3395 4531 Hie

1786 4504 1927 4559 enim
1949 4518 2076 4564 sunt
2122 4516 2312 4572 salutis
2338 4525 2679 4596 occasiones,
2711 4530 2820 4588 illic
2850 4548 3028 4594 autem
3066 4558 3173 4599 non
3220 4528 3401 4604 item.‘

1784 4599 2014 4658 Proinde
2039 4604 2258 4679 Caritas,
2291 4613 2480 4685 inquit,
2514 4619 2614 4675 Dei
2638 4636 2784 4694 urget
2808 4644 2919 4695 nos,
2958 4648 3056 4689 nec
3082 4636 3211 4691 sinit
3234 4653 3370 4695 con-

1782 4691 2082 4761 quiescere.
2114 4698 2384 4761 Extrema:
2419 4711 2563 4767 enim
2591 4714 2823 4774 miseriae
2848 4719 3032 4791 fuerit,
3068 4740 3131 4781 ac
3159 4728 3244 4784 vel
3272 4745 3369 4798 ge-

1781 4780 1959 4839 henna
1988 4786 2100 4857 ipsa
2122 4794 2380 4865 atrocius,
2414 4814 2536 4856 cum
2565 4803 2655 4860 ille
2684 4816 2788 4863 tam
2818 4813 3135 4879 praeclarum
3158 4818 3371 4885 facinus

1779 4875 2029 4949 ediderit,
2067 4883 2294 4944 inveniri
2336 4894 2595 4959 quosdam
2642 4900 2731 4970 qui
2757 4918 2823 4958 ex
2860 4912 3009 4962 tanta
3040 4909 3207 4980 ipsius
3237 4928 3365 4971 cura

1776 4970 1978 5027 nullum
2003 4973 2231 5035 fructum
2248 4985 2480 5054 capiant.
2504 4988 2706 5061 Magna:
2726 4997 2871 5052 enim
2890 5013 2952 5055 ac
2968 5001 3252 5073 singularis
3272 5022 3367 5063 eu-

1772 5062 1988 5134 jusdam
2013 5079 2095 5126 est
2138 5076 2400 5145 caritatis,
2434 5097 2531 5151 pro
2556 5093 2702 5141 tanto
2733 5098 2995 5147 terrarum
3018 5095 3169 5164 orbe,
3202 5108 3363 5170 atque

1780 5155 1848 5210 ita
1875 5158 2088 5228 affecto,
2122 5178 2353 5223 mortem
2393 5172 2639 5231 subiisse.
2675 5179 2761 5234 i5.
2802 5178 2871 5237 Ut
2896 5185 2981 5254 qui
3018 5186 3209 5254 vivunt,
3256 5205 3361 5244 non

1761 5248 1874 5319 jam
1897 5250 1992 5305 sibi
2021 5255 2210 5324 vivant,
2248 5264 2338 5315 sed
2376 5263 2423 5317 ei
2445 5266 2533 5335 qui
2571 5285 2664 5338 pro
2693 5272 2819 5343 ipsis
2847 5286 3075 5333 mortuus
3100 5290 3175 5335 est
3195 5297 3257 5335 ac
3277 5299 3359 5337 re-

1766 5344 2004 5396 surrexit.
2036 5345 2091 5401 Si
2120 5348 2299 5420 itaque
2324 5367 2423 5409 nos
2450 5357 2743 5432 nobisipsis
2775 5365 2955 5423 vivere
2985 5385 3090 5427 non
3116 5383 3353 5442 Oportet,

1765 5444 1835 5484 ne
1863 5434 2171 5507 turbemini,
2202 5441 2394 5513 inquit,
2428 5463 2599 5519 neque
2649 5457 3066 5529 lumultuemini,
3105 5462 3354 5519 instanti-

1763 5523 1862 5577 bus
1910 5527 2160 5594 periculis
2205 5542 2260 5589 et
2305 5550 2496 5596 morte.
2556 5544 2635 5599 Ac
2663 5550 2928 5607 rationem
2958 5523 3103 5610 haud
3127 5554 3349 5615 dubiam

1760 5612 1936 5682 affert,
1968 5621 2317 5687 quamobrem
2347 5628 2398 5683 id
2423 5629 2599 5689 facere
2632 5635 2948 5698 debeamus.
2988 5644 3193 5699 Etenim
3221 5662 3346 5706 cum

1759 5720 1858 5775 per
1898 5706 2070 5778 ipsum
2113 5726 2288 5773 morte
2340 5720 2583 5780 functum
2634 5730 2895 5799 vivamus,
2927 5735 2974 5788 ei
3006 5736 3212 5805 utique,
3243 5753 3342 5810 per

1757 5815 1915 5870 quem
1945 5803 2190 5877 vivimus,
2223 5810 2401 5869 vivere
2428 5815 2705 5877 debemus.
2740 5825 2916 5895 Atque
2936 5843 3096 5883 unum
3120 5837 3173 5886 et
3200 5830 3341 5891 idem

108 5016 387 5078 mitioribus
415 5026 538 5084 aliis
584 5032 762 5088 verbis
790 5037 1031 5094 eamdem
1073 5058 1186 5098 rem
1231 5050 1573 5119 aggreditur,
1605 5071 1669 5112 ac

105 5108 219 5165 citra
267 5115 478 5173 illorum
542 5126 971 5193 perstrictionem
1028 5134 1215 5192 dicens
1254 5160 1267 5194 :
1314 5139 1381 5195 Ut
1431 5144 1660 5203 [tabentis

105 5202 220 5253 unde
241 5207 524 5274 gloriemini
546 5216 615 5269 ad
642 5234 727 5271 eos
749 5259 765 5285 ,
792 5223 879 5292 qui
905 5224 957 5278 in
982 5229 1114 5295 facie
1131 5230 1438 5299 gloriantur.
1465 5239 1543 5294 Ac
1592 5255 1661 5296 ne

106 5289 191 5347 hoc
216 5300 423 5366 quidem
453 5314 654 5363 temere
676 5312 864 5369 et‘sine
883 5330 1041 5373 causa
1073 5320 1141 5375 ab
1166 5322 1230 5376 iis
1259 5325 1370 5380 fieri
1400 5329 1530 5394 vult,
1562 5333 1657 5387 sed

104 5393 197 5439 tum
224 5389 432 5450 demum
453 5440 468 5464 ,
496 5414 621 5455 eum
667 5419 761 5459 eos
810 5406 1124 5468 insolentius
1169 5431 1291 5473 sese
1319 5419 1511 5477 efferre
1531 5440 1662 5481 con-

104 5484 350 5540 spexerint
391 5504 404 5540 :
448 5489 643 5561 ubique
685 5497 829 5552 cnim
872 5503 1207 5561 occasionem
1255 5512 1505 5580 exquirit.
1535 5515 1651 5572 Non

102 5561 257 5634 iuitur,
286 5584 341 5629 ut
379 5580 613 5650 seipsum
655 5586 915 5646 illustrem
955 5596 1236 5664 ostendat,
1267 5601 1361 5656 scd
1405 5614 1463 5658 ut
1492 5606 1613 5663 illos
1638 5650 1652 5674 ,

102 5664 398 5726 llunpostere
425 5680 583 5742 atque
610 5673 660 5729 in
687 5674 1085 5739 Corinthiorum
1116 5688 1497 5751 detrimentum
1522 5712 1645 5757 sese

102 5746 401 5814 \euiilutttes
421 5802 435 5828 ,
467 5778 769 5838 compescat
797 5814 808 5839 ,
845 5774 945 5831 hoc
971 5777 1115 5836 facit.
1140 5783 1275 5850 Quid
1298 5796 1479 5843 autem
1522 5806 1604 5847 ρει
1624 5836 1638 5863 ,
