3780 6348
1188 206 1215 235 κ

396 347 493 403 Πὸ

1117 335 1175 393 S.
1212 333 1491 394 JOANNIS
1513 326 1984 392 CHRYSOSTUMI
2024 326 2340 387 ABCHIEP.
2379 326 2890 387 GONSTANTINUP
3543 334 3624 391 476

390 477 513 520 esse
540 459 751 517 videtur
778 458 829 513 id
853 458 998 529 quod
1026 456 1227 514 dictum
1255 463 1341 512 est
1367 472 1382 511 :
1408 464 1664 511 caeterum
1694 452 1739 506 si
1766 448 1886 520 quis
1915 461 2007 503 ac-.
2090 447 2459 517 appellandam
2481 452 2725 517 censuitr
2740 458 2798 505 ut
2828 464 3077 521 magnam
3106 450 3465 522 migrationem
3485 469 3541 509 ac
3564 458 3624 508 vi.

392 564 580 610 curate
601 568 717 608 rem
738 549 1028 621 expendat,
1045 548 1153 605 duo
1178 546 1297 603 haec
1315 560 1439 602 esse
1456 542 1783 614 comperiet;
1815 554 1980 594 unum

395 647 674 712 nimirum,
702 643 843 714 quod
872 650 1089 713 propter
1117 640 1292 710 ipsum
1325 638 1577 697 vivimus.
1605 635 1830 689 alterum
1854 630 1979 702 quia

393 739 508 809 ipse
553 737 722 793 nostri
764 751 925 792 causa
965 742 1211 789 mortuus
1251 740 1356 787 est.
1387 730 1626 798 Quorum
1669 737 1975 795 utrumque,

394 832 478 888 vel
521 830 748 887 seorsitn
791 827 1214 892 consideratum,
1256 839 1356 881 nos
1384 824 1434 878 ei
1465 820 1727 878 obnoxios
1753 817 1980 875 reddere

393 933 557 994 queat
584 941 598 979 :
626 939 747 978 cum
773 932 954 978 autem
985 921 1147 975 ambo
1176 920 1229 973 in
1262 932 1428 972 unum
1453 914 1747 981 conﬂuant,
1777 915 1980 983 cogites

394 1016 557 1072 velim
586 1024 786 1085 quanto
810 1015 860 1069 ei
888 1012 1151 1069 beneﬁcio
1171 1012 1246 1067 sis
1261 1008 1569 1065 devinctus.
1601 1006 1714 1061 lmo
1739 1005 1839 1060 tria
1866 1005 1981 1059 haec

394 1117 540 1165 sunt.
573 1106 784 1162 Etenim
815 1106 1077 1176 primitias
1106 1113 1323 1174 propter
1361 1110 1414 1157 te
1435 1099 1710 1167 excitavit,
1736 1108 1896 1168 atque
1927 1096 1978 1150 in

396 1201 589 1256 emittm
634 1199 814 1255 evexit
842 1216 857 1252 :
892 1197 1037 1253 unde
1070 1198 1230 1252 ctiam
1267 1193 1492 1259 addidit,
1524 1190 1589 1245 Ei
1609 1192 1697 1262 qui
1718 1206 1811 1260 pro
1837 1188 1980 1243 nobis

396 1303 631 1348 mortuus
670 1301 743 1347 est
779 1308 841 1345 ac
874 1292 1166 1346 resurrexit.
1198 1288 1287 1343 16.
1317 1286 1500 1355 Itaque
1541 1302 1633 1338 nos
1663 1300 1727 1337 ea:
1756 1284 1852 1337 hoc
1867 1285 1982 1352 jam

400 1386 651 1438 neminem
695 1385 927 1438 nouimus
968 1384 1243 1437 secundum
1286 1394 1511 1433 carnem.
1559 1376 1690 1431 Nam
1718 1376 1763 1429 si
1793 1390 1982 1429 omnes

401 1477 599 1533 mortui
628 1485 773 1541 sunt,
802 1485 855 1530 et
880 1489 1070 1529 omnes
1099 1479 1533 1537 resurrcxerunt,
1556 1480 1714 1539 atque
1742 1468 1813 1523 ita
1842 1484 1984 1521 mar-

398 1569 476 1622 tui
508 1576 652 1632 suut,
695 1576 751 1621 ut
786 1565 989 1637 peccati
1036 1564 1277 1635 tyrannis
1302 1577 1397 1617 eos
1427 1559 1863 1623 condemnabat;
1896 1574 1981 1613 re-

402 1669 751 1717 surrexerunt
796 1668 973 1713 autem
1017 1672 1118 1728 per
1164 1654 1593 1728 regenerationis
1632 1654 1899 1707 lavacrum
1930 1660 1983 1705 et

399 1754 630 1824 Spiritus
656 1752 825 1807 sancti
852 1751 1292 1813 renovationem;
1320 1748 1442 1818 jure
1470 1745 1897 1813 dicit,Neminem
1925 1743 1985 1798 ﬁ-

398 1848 599 1902 delium
630 1846 857 1900 novimus
881 1844 1158 1899 secundant
1183 1859 1407 1898 carnem.
1440 1840 1555 1895 Etsi
1575 1841 1716 1895 enim
1744 1839 1798 1893 in
1824 1853 1984 1892 carne

401 1948 548 2004 sunt,
591 1938 719 2009 quid
768 1938 923 1992 tum?
962 1936 1092 1992 Nam
1124 1934 1356 1991 carnalis
1383 1933 1472 1990 illa
1499 1934 1605 1988 vita
1650 1931 1885 1986 interiit:
1920 1945 1984 1986 ac

398 2032 635 2101 desuper
684 2031 737 2085 in
784 2029 985 2100 Spiritu
1032 2028 1198 2099 geniti
1243 2041 1450 2093 sumus,
1483 2033 1646 2095 atque
1674 2024 1834 2079 aliam
1863 2024 1984 2078 vitae

399 2124 664 2178 rationem
694 2122 969 2192 aliumque
995 2120 1116 2175 vita:
1139 2129 1358 2185 statum,
1388 2118 1638 2173 nimirum
1662 2132 1785 2172 eum
1816 2118 1905 2187 qui
1930 2117 1984 2173 in

402 2216 553 2271 cmlis
579 2224 683 2275 est,
716 2214 982 2269 novimus.
1016 2214 1095 2269 Ac
1122 2228 1331 2269 rursum
1352 2211 1509 2281 huius
1527 2208 1775 2266 beneﬁcii
1796 2218 1983 2264 aucto-

405 2325 523 2364 rem
553 2308 822 2363 Christum
842 2320 963 2361 esse
984 2305 1241 2370 ostendit,
1272 2319 1335 2359 ac
1362 2312 1647 2374 propterea
1666 2301 1944 2370 subiunxit
1968 2318 1983 2355 :

403 2399 516 2453 Etsi
545 2399 870 2469 cognovimus
896 2395 1151 2451 Christum
1175 2393 1451 2451 secundum
1478 2409 1703 2460 carnem,
1734 2392 1825 2448 sed
1849 2407 1988 2447 nunc

392 2498 507 2568 jam
536 2512 635 2550 non
663 2494 912 2549 novimus.

472 2588 527 2642 2.
557 2587 699 2655 Quid
735 2584 935 2657 igitur?
980 2583 1129 2640 dlces
1152 2626 1167 2650 ,
1199 2598 1266 2639 an
1296 2598 1515 2639 carnem
1545 2581 1713 2647 exuit,
1746 2594 1811 2637 ac
1839 2594 1986 2635 nunc

402 2680 647 2750 corporis
691 2687 776 2734 est
817 2677 1054 2747 expers?
1095 2676 1316 2747 Apage:
1364 2690 1487 2731 nam
1518 2689 1659 2730 nunc
1688 2688 1902 2747 quoque
1932 2674 1985 2728 in

400 2786 567 2827 carne
591 2779 693 2827 est.
723 2768 822 2823 Hic
847 2770 989 2825 enim
1011 2767 1181 2833 Iesus,
1199 2768 1285 2836 qui
1306 2784 1336 2819 a
1353 2768 1490 2822 vobis
1524 2776 1813 2837 assumptus
1833 2776 1907 2820 est
1934 2766 1988 2820 iu

403 2864 606 2929 ctutum,
637 2863 711 2917 sic
736 2862 900 2916 veniet
920 2860 1056 2933 (Act.
1088 2861 1141 2915 t.
1170 2860 1283 2930 Η).
1312 2858 1616 2925 Quomodo,
1645 2859 1765 2914 sic?
1792 2858 1850 2914 in
1874 2874 1991 2913 car-

406 2971 479 3012 ne
507 2954 774 3020 videlicet,
799 2962 853 3008 et
880 2966 1002 3007 cum
1033 2966 1280 3022 corpore.
1310 2950 1420 3005 Cur
1442 2966 1570 3021 ergo
1598 2950 1750 3016 dicit,
1771 2948 1882 3004 Etsi
1904 2966 1993 3003 co-

403 3047 666 3120 gnovimus
679 3043 939 3100 Christum
958 3042 1233 3098 secundum
1250 3059 1470 3107 carnem,
1495 3042 1585 3097 sed
1610 3059 1745 3096 nunc
1759 3043 1873 3114 jam
1890 3058 1989 3095 non

406 3139 680 3193 novimus?
708 3138 842 3192 Cum
862 3135 930 3191 de
956 3135 1110 3190 nobis
1130 3148 1308 3190 sermo
1324 3144 1425 3200 e5t,
1450 3132 1742 3189 Secundum
1764 3149 1988 3199 carnem,

405 3231 547 3286 idem
575 3238 677 3298 est,
708 3228 850 3300 quod
880 3230 935 3283 in
975 3228 1206 3299 peccatis
1232 3241 1388 3293 esse;
1420 3236 1629 3293 contra,
1664 3244 1765 3281 non
1812 3243 1991 3280 secun-

406 3324 529 3377 dum
548 3338 772 3389 carnem,
796 3321 935 3377 idem
965 3319 1107 3391 quod
1138 3319 1191 3374 in
1215 3318 1446 3390 peccatis
1470 3333 1576 3373 non
1606 3333 1727 3374 esse
1750 3336 1762 3370 :
1790 3326 1844 3371 at
1867 3333 1989 3372 cum

404 3415 475 3469 de
503 3414 719 3469 Christo
765 3426 945 3467 sermo
986 3410 1236 3477 habetur,
1268 3407 1559 3465 secundum
1598 3424 1813 3463 carnem
1858 3408 1991 3462 nihil

405 3507 552 3561 aliud
583 3506 865 3576 signiﬁcat,
893 3517 1053 3574 quam
1092 3502 1145 3557 in
1182 3508 1391 3557 naturae
1431 3499 1801 3555 aﬁ’ectionihus
1848 3514 1989 3567 esse,

405 3599 537 3653 utin
560 3597 718 3660 fame,
749 3596 805 3650 in
831 3596 942 3661 siti,
972 3595 1027 3648 in
1049 3592 1374 3664 fatigatione,
1400 3591 1452 3646 in
1472 3605 1685 3646 somno.
1719 3589 1994 3644 Peccatum

406 3690 553 3747 enitn
576 3706 678 3744 non
704 3689 843 3760 fecit,
865 3704 956 3742 nec
975 3688 1203 3741 inventus
1231 3694 1305 3740 est
1325 3685 1474 3739 dolus
1499 3684 1553 3738 in
1582 3699 1669 3737 ore
1696 3683 1805 3754 ejus
1835 3681 1990 3753 (Isai.

408 3785 498 3839 55.
547 3782 623 3852 9).
668 3782 843 3850 Atque
887 3779 1093 3834 idcirco
1123 3777 1356 3845 dicebat,
1401 3777 1526 3845 Quis
1558 3791 1624 3830 ea:
1651 3775 1790 3832 vobis
1818 3785 1995 3847 arguet

406 3891 488 3928 me
515 3877 578 3927 de
606 3873 847 3943 peccato?
870 3881 927 3926 et
951 3885 1137 3927 rursus
1164 3870 1337 3927 :Venit
1364 3872 1599 3941 princeps
1628 3870 1804 3923 mundi
1817 3869 1990 3940 hujus,

408 3978 455 4021 et
477 3965 529 4019 in
559 3982 638 4018 me
662 3981 769 4018 non
792 3963 938 4019 habet
961 3964 1236 4037 quidquam
1266 3963 1448 4037 (Joan.
1472 3964 1526 4020 8.
1559 3963 1650 4019 46.
1684 3974 1729 4017 et
1756 3963 1844 4018 Μ.
1877 3961 1993 4034 50).

413 4056 547 4111 lllud
576 4070 723 4119 vero,
753 4071 854 4110 non
880 4056 1159 4109 secundum
1186 4072 1412 4123 carnem,
1442 4054 1579 4110 nihil
1601 4054 1745 4109 aliud
1773 4054 1993 4124 indicat,

409 4164 569 4219 quam
596 4163 717 4202 eum
752 4147 1057 4218 huiusmodi
1098 4147 1471 4203 affectionibus
1505 4148 1616 4217 iam
1644 4163 1857 4213 vacare,
1886 4164 1996 4205 non

408 4241 753 4313 autemquod
780 4250 932 4297 extra
959 4256 1183 4297 carnem
1206 4241 1295 4296 sit.
1327 4241 1458 4297 Nam
1479 4256 1599 4297 cum
1631 4241 1733 4298 hac
1757 4256 1992 4314 quoque,

413 4335 693 4406 impatihili
718 4334 828 4405 iam
856 4343 1020 4406 atque
1054 4333 1365 4400 immortali,
1393 4333 1460 4388 ad
1483 4333 1745 4405 judicium
1773 4333 1841 4389 de
1864 4334 1998 4390 orbe

411 4427 695 4483 ferendum
736 4438 994 4485 venturus
1036 4436 1139 4484 est.
1190 4428 1271 4483 Ad
1301 4442 1463 4499 quam
1489 4427 1649 4482 etiam
1679 4426 1996 4497 dignitatem

414 4538 515 4577 nos
542 4522 965 4593 proﬁciscemur,
990 4538 1110 4578 cum
1136 4537 1333 4590 corpus
1354 4529 1596 4577 nostrum
1617 4520 1891 4576 conlorme
1917 4520 1998 4575 ef-

413 4615 613 4669 fectum
638 4613 798 4669 fuerit
826 4614 1040 4685 corpori
1066 4614 1323 4670 claritatis
1340 4611 1783 4687 ipsius(Phitipp,
1803 4613 1857 4668 '5.
1878 4612 1997 4685 21).

412 4707 502 4762 i7.
531 4705 712 4777 Itaque
738 4707 783 4761 si
809 4723 909 4777 qua
947 4707 1002 4761 in
1032 4705 1234 4761 Christo
1270 4722 1401 4761 nova
1430 4716 1681 4761 creatura.
1710 4707 1998 4779 Postquam

417 4798 561 4853 enim
589 4813 620 4852 a
648 4799 873 4855 caritate
919 4798 987 4854 ad
1031 4798 1283 4854 virtutem
1328 4798 1585 4865 incitavit,
1612 4798 1721 4869 iam
1765 4800 1835 4854 ab
1869 4801 2002 4871 ipsis

418 4906 634 4961 quoque
679 4892 843 4948 rebus
887 4891 955 4948 ad
983 4906 1102 4948 eam
1125 4906 1224 4947 nos
1251 4891 1560 4947 exstimulat
1587 4908 1599 4944 :
1624 4906 1691 4947 ac
1719 4903 2001 4962 propterea

416 4982 712 5054 subiungit,
757 4984 940 5056 Itaque
982 4986 1026 5039 si
1053 5001 1155 5055 qua
1181 4985 1235 5039 in
1264 4981 1466 5041 Christo
1493 5000 1624 5038 nova
1660 4994 1914 5039 creatura.
1943 4984 2001 5041 Si

416 5074 541 5141 quis
586 5074 754 5145 ipsius
794 5075 953 5129 iidem
985 5077 1265 5145 amplexus
1307 5084 1410 5138 est,
1454 5074 1648 5145 inquit,
1678 5075 1746 5131 ad
1774 5076 2002 5131 alterum

418 5166 616 5237 opiﬁcii
645 5183 812 5238 genus
834 5167 1017 5224 venit:
1040 5170 1237 5225 ctenim
1259 5184 1491 5240 superne
1517 5184 1611 5239 per
1628 5168 1882 5238 Spiritum
1904 5183 2003 5239 εει

422 5259 569 5313 nitus
617 5268 723 5315 est.
772 5260 947 5330 Atque
993 5260 1113 5315 ideo
1137 5277 1233 5330 par
1260 5270 1344 5318 est
1383 5271 1443 5316 ut
1468 5262 1567 5332 ipsi
1594 5261 1861 5327 vivamus,
1895 5275 2001 5316 non

422 5359 632 5405 tantum
674 5350 797 5422 quia
844 5352 1013 5407 nostri
1056 5352 1193 5421 juris
1240 5367 1345 5406 non
1376 5366 1582 5416 sumus,
1619 5360 1712 5407 aut
1739 5353 1860 5421 quia
1889 5352 2003 5422 ipse

424 5458 525 5514 pro
560 5441 715 5499 nobis
740 5452 966 5499 mortem
993 5443 1237 5513 oppetiit,
1259 5452 1351 5498 aut
1369 5445 1491 5514 quia
1514 5445 1774 5513 primitias
1795 5444 2007 5515 generis

428 5536 599 5590 nostri
625 5550 655 5589 a
681 5545 854 5589 morte
882 5533 949 5589 ad
975 5534 1136 5589 vitam
1164 5534 1455 5601 revocavit,
1486 5535 1580 5589 sed
1603 5534 1768 5590 etiam
1790 5535 1913 5604 quia
1939 5536 2005 5590 ad

426 5628 652 5683 alteram
685 5627 846 5683 vitam
874 5626 1220 5683 accessimus.
1249 5626 1383 5681 Vide
1410 5636 1538 5697 quot
1568 5641 1749 5697 mquas
1770 5626 2009 5681 rationes

428 5721 637 5787 atterat,
663 5736 760 5776 cur
786 5730 932 5778 recte
978 5720 1133 5777 nobis
1157 5719 1400 5777 ducenda
1440 5720 1547 5774 vita
1576 5720 1663 5775 sit.
1699 5718 1829 5773 Nam
1858 5718 1929 5771 oh
1958 5717 2010 5773 id

429 5831 641 5888 quoque
681 5831 943 5893 crassiore
968 5816 1230 5876 vocabulo
1271 5816 1666 5875 correctionem
1704 5812 2007 5885 huiusmodi

2094 548 2162 595 ta:
2188 544 2662 600 commutationem
2706 544 2978 601 ostendat.
3004 544 3196 602 Postea
3226 546 3447 603 ulterius
3474 565 3625 619 prose.

2085 648 2256 704 quens
2284 636 2335 690 id
2362 637 2505 707 quod
2533 638 2687 704 dixit,
2718 647 2881 710 atque
2908 640 3203 696 ostendens
3231 642 3492 711 quomodo
3518 657 3627 696 nova

2085 739 2330 784 creatura
2360 732 2547 798 simus,
2602 731 2786 787 Vetera
2822 734 3150 798 transierunt,
3180 735 3371 806 inquit;
3398 754 3499 791 erce
3519 739 3627 808 facta

2087 831 2207 876 sunt
2233 824 2407 877 omnia
2431 840 2578 879 nova.
2611 824 2870 892 Quanam
2904 827 3132 882 vetera?
3163 827 3384 883 Peccata
3404 839 3455 883 et
3478 830 3627 899 impie-

2087 923 2226 970 tates
2250 933 2265 981 ;
2294 915 2375 970 vel
2402 916 2563 971 etiam
2584 916 2821 974 Judaicze
2842 932 3034 973 omnes
3059 921 3415 986 cercmonim;
3456 922 3531 976 vel
3554 936 3629 990 po-

2089 1008 2195 1062 tius
2224 1007 2339 1063 hzec
2362 1009 2520 1064 simul
2544 1018 2598 1064 ct
2626 1009 2739 1063 itla.
2772 1008 2906 1063 Ecce
2924 1014 3059 1079 facta
3074 1020 3190 1065 sunt
3210 1012 3381 1064 onutia
3407 1028 3538 1065 nam.
3560 1014 3629 1068 i8.

2091 1098 2278 1154 Omnia
2318 1110 2486 1154 autem
2519 1117 2581 1155 ea:
2609 1100 2739 1156 Deo.
2780 1100 2924 1156 Nihil
2971 1118 3000 1155 a
3051 1103 3204 1158 nobis
3242 1104 3527 1172 profectum
3550 1116 3630 1158 est.

2087 1189 2219 1245 Nam
2246 1199 2301 1245 et
2350 1201 2693 1260 peccatorum
2719 1191 3040 1247 condonatio
3066 1201 3121 1248 et
3145 1193 3423 1265 adaptatio
3456 1204 3505 1251 et
3539 1195 3632 1264 glo-

2089 1285 2168 1338 ria
2198 1286 2505 1354 incorrupta
2534 1285 2702 1355 ipsius
2730 1301 2951 1341 munere
2973 1286 3126 1343 nobis
3144 1301 3399 1343 concessa
3429 1298 3521 1343 est.
3541 1288 3633 1343 Non

2090 1377 2231 1430 enim
2253 1376 2362 1446 iam
2384 1391 2414 1430 a
2438 1376 2631 1432 futuris
2664 1387 2889 1445 tantum,
2916 1378 3009 1433 sed
3037 1393 3066 1432 a
3086 1381 3443 1449 przcsentibus
3461 1396 3636 1450 quoque

2090 1471 2210 1525 illos
2255 1470 2593 1525 cohortatur.
2638 1470 2873 1526 Attende
2900 1472 3044 1527 enim
3075 1488 3092 1525 :
3118 1472 3330 1528 dixerat
3356 1473 3468 1528 [ore
3493 1483 3543 1527 ut
3565 1490 3636 1528 re-

2088 1578 2451 1632 surgeremus,
2475 1572 2632 1633 atque
2651 1563 2719 1617 ad
2751 1564 3204 1634 incorruptionem
3235 1566 3637 1631 veniremus,do.

2089 1672 2343 1728 mutnque
2381 1658 2761 1727 sempiternam
2808 1657 3377 1714 haberemus:verum
3418 1660 3635 1730 quoniam

2088 1747 2232 1819 apud
2256 1762 2373 1812 eos,
2403 1749 2497 1818 qui
2522 1748 2698 1804 futura
2717 1765 2823 1804 non
2848 1750 3069 1820 perinde
3100 1758 3158 1806 ut
3184 1760 3398 1819 oportet
3423 1751 3635 1813 credmu,

2089 1842 2371 1914 praesentia
2401 1842 2661 1911 majorem
2685 1841 2750 1897 ad
2790 1841 3099 1898 excitandos
3114 1843 3325 1898 animos
3347 1844 3452 1896 vim
3476 1843 3641 1897 habent

2090 1952 2250 2007 quam
2300 1936 2499 2004 futura,
2545 1946 2743 2006 quanta
2767 1936 2875 2005 iam
2902 1936 3206 2006 acceperint
3239 1936 3575 1997 demonstrat,
3600 1945 3642 1987 ct

2088 2028 2177 2099 qui
2209 2038 2321 2084 tum
2344 2036 2689 2096 essent,cum
2712 2027 3015 2096 huiusmodi
3046 2027 3320 2083 beneﬁciis
3337 2029 3507 2081 ornati
3526 2038 3644 2081 Sunt-

2089 2118 2316 2186 Quiuam
2362 2134 2490 2189 ergo
2533 2119 2730 2173 erant?
2770 2118 2963 2173 Mortui
3009 2119 3193 2189 utique
3234 2135 3424 2176 omnes
3464 2119 3643 2189 (Omnes

2090 2210 2232 2267 enim
2284 2210 2469 2265 mortui
2496 2220 2649 2276 sunt;
2677 2219 2731 2264 et
2760 2227 2851 2280 pro
2878 2209 3107 2289 omnibus
3130 2221 3361 2264 mortuus
3385 2220 3456 2266 est
3484 2226 3502 2265 :
3527 2221 3645 2264 tanta

2090 2318 2215 2374 erga
2241 2317 2429 2358 omnes
2454 2316 2639 2358 amore
2666 2302 2920 2373 ﬂagrabat
2946 2302 2992 2372 ),
3014 2317 3077 2358 ac
3103 2304 3217 2358 vitii
3252 2304 3407 2359 senio
3446 2312 3499 2359 et
3522 2314 3645 2357 vetu-

2090 2406 2228 2451 state
2248 2411 2435 2451 omnes
2461 2394 2709 2451 confecti.
3238 2446 3249 2455 .

2166 2487 2350 2542 Omnia
2377 2488 2492 2557 jam
2534 2504 2664 2541 nova
2706 2495 2843 2553 sunt,
2882 2487 3155 2558 quomodo.
3197 2488 3554 2558 Apostolorum
3586 2487 3648 2539 di-

2093 2581 2428 2652 guitas.—At
2448 2594 2577 2635 ecce
2600 2580 2707 2650 iam
2730 2579 2904 2634 anima
2930 2597 3063 2634 nova
3094 2581 3352 2652 (purgata
3377 2582 3517 2637 enim
3542 2582 3643 2647 esti,

2092 2684 2148 2731 et
2191 2690 2390 2746 corpus
2436 2690 2656 2740 novum,
2708 2683 2763 2730 et
2798 2689 2992 2729 novum
3036 2674 3366 2730 adorationis
3405 2691 3581 2747 genus,
3607 2682 3649 2726 et

2092 2767 2512 2840 pollicitationes
2556 2782 2732 2833 novm,
2782 2777 2839 2823 et
2880 2767 3307 2831 Testamentum,
3359 2778 3417 2823 et
3462 2770 3578 2828 vita.
3608 2776 3651 2821 et

2094 2874 2301 2927 mensa,
2338 2869 2394 2915 et
2436 2859 2623 2927 vestis,
2666 2868 2721 2915 et
2760 2858 2940 2913 omnia
2977 2874 3113 2913 nova
3158 2868 3301 2913 sunt.
3341 2860 3547 2914 Etenim
3574 2872 3651 2927 pro

2093 2962 2305 3009 terrena
2353 2951 2654 3008 Jerusalem
2672 2952 2939 3007 cariestem
2968 2952 3303 3021 metropolim
3333 2954 3650 3022 accepimus;

2093 3060 2191 3115 pro
2220 3044 2416 3099 visibili
2449 3044 2647 3115 templo
2676 3044 2934 3115 templum
2957 3046 3234 3114 spirituale
3259 3048 3550 3112 cernimus,
3575 3060 3651 3116 pro

2094 3136 2318 3208 lapideis
2332 3136 2524 3191 tabulis
2535 3151 2777 3200 carneas,
2797 3151 2894 3207 pro
2914 3138 3318 3192 circumcisione
3334 3139 3651 3209 baptismum,

2094 3247 2191 3303 pro
2244 3246 2437 3286 manna
2486 3246 2685 3302 corpus
2733 3230 3089 3297 Dominicum,
3136 3249 3229 3303 pro
3271 3250 3413 3305 aqua
3459 3250 3490 3289 e
3531 3244 3653 3304 petra

2095 3338 2342 3379 cruorem
2391 3338 2422 3381 e
2460 3323 2628 3379 latere
2668 3323 3038 3394 proﬂuentem,
3080 3341 3177 3395 pro
3218 3324 3367 3397 virga
3408 3326 3561 3382 Mosis
3581 3334 3653 3378 aut

2094 3415 2323 3470 Aaronis
2348 3430 2585 3485 crucem,
2618 3431 2714 3487 pro
2743 3426 2882 3472 terra
2906 3416 2992 3471 illa
3016 3417 3214 3472 .ludmis
3237 3419 3501 3487 promissa
3525 3417 3655 3471 (zelo-

2095 3524 2212 3563 rum
2235 3524 2478 3579 regnum,
2510 3523 2608 3578 pro
2633 3510 2898 3564 sexcentis
2918 3509 3281 3565 sacerdotibus
3305 3527 3473 3566 unum
3501 3509 3652 3581 ponti-

2096 3600 2269 3668 ﬁcem,
2304 3616 2403 3671 pro
2427 3615 2564 3671 agno
2592 3600 2814 3656 rationis
2842 3612 3059 3671 experte
3086 3616 3280 3673 agnum
3324 3603 3654 3671 spiritualcm.

2099 3694 2224 3749 Haec
2270 3693 2477 3761 aliaque
2510 3692 2710 3749 Paulus
2751 3692 2929 3748 animo
2971 3694 3209 3758 volvens,
3254 3692 3493 3759 dicebat,
3536 3690 3657 3746 Nora

2099 3785 2235 3855 facta
2262 3794 2375 3839 sunt
2397 3784 2586 3839 omnia.
2623 3784 2809 3838 Omnia
2834 3793 3000 3838 autem
3026 3801 3089 3839 ea:
3114 3783 3226 3839 Deo
3246 3803 3266 3839 :
3296 3801 3399 3855 per
3421 3786 3656 3842 Christum

2099 3877 2370 3941 videlicet,
2402 3892 2464 3932 ac
2490 3891 2586 3947 per
2625 3876 2941 3932 beneﬁcium
2987 3877 3056 3931 ab
3088 3891 3153 3932 eo
3197 3891 3501 3948 acceptum.
3529 3875 3658 3932 Unde

2100 3971 2263 4026 etiam
2287 3967 2579 4039 subiungit,
2600 3967 2701 4033 Qui
2719 3984 2809 4022 nos
2830 3967 3159 4022 reconcilians
3182 3969 3276 4021 sibi
3292 3986 3387 4036 per
3407 3969 3656 4029 Christum,

2099 4071 2147 4117 et
2172 4062 2308 4117 dedit
2329 4061 2470 4115 nobis
2493 4061 2826 4115 ministerium
2852 4061 3290 4115 reconciliationis.
3312 4062 3397 4116 Ex
3424 4062 3521 4116 hoc
3539 4059 3657 4113 enim

2100 4157 2277 4210 omnia
2306 4154 2467 4209 bona.
2500 4153 2630 4208 Nam
2663 4154 2712 4209 ei
2757 4153 2847 4224 qui
2878 4168 2974 4209 nos
3004 4154 3204 4209 amicos
3230 4154 3486 4219 reddidit,
3512 4154 3660 4207 cidem

2101 4262 2317 4318 quoque
2335 4246 2437 4301 alia
2478 4252 2695 4316 accepta
2721 4244 3000 4300 referenda
3044 4256 3189 4309 sunt,
3221 4262 3345 4316 quia:
3372 4248 3510 4301 Deus
3533 4242 3661 4298 nobis

2102 4339 2157 4395 in
2197 4338 2483 4394 amicitiam
2527 4338 2757 4407 receptis
2797 4337 3017 4408 largitus
3065 4346 3167 4392 est.
3208 4337 3396 4408 Neque
3421 4338 3557 4394 enim
3584 4351 3663 4389 nos

2103 4434 2290 4489 hostes
2318 4445 2538 4487 manere
2566 4431 2750 4487 sinens
2778 4428 3082 4500 huiusmodi
3115 4446 3335 4485 munere
3361 4430 3555 4493 aﬁ'ecit,
3584 4425 3659 4481 sed

2105 4524 2253 4594 prius
2294 4523 2347 4577 in
2386 4521 2676 4576 amicitiam
2719 4521 2888 4592 ipsius
2924 4521 3222 4576 restitutos.
3258 4521 3434 4576 Porro
3453 4536 3565 4576 cum
3590 4519 3659 4572 aio

2104 4615 2375 4672 Christum
2424 4613 2879 4669 reconciliationis
2906 4612 3059 4667 nobis
3087 4621 3363 4667 auctorem
3394 4611 3659 4671 exstitisse.

2104 4706 2319 4763 Patrem
2343 4720 2554 4776 quoque
2579 4704 2701 4760 dico
2726 4723 2740 4760 :
2771 4719 2895 4759 cum
2936 4704 3058 4759 dico
3084 4704 3294 4759 Patrem
3328 4704 3562 4769 dedisse,
3587 4701 3663 4757 Fi-

2106 4799 2237 4855 lium
2279 4812 2491 4869 quoque
2531 4796 2672 4863 dico,
2724 4795 2912 4851 Omnia
2948 4797 3090 4851 enim
3130 4814 3218 4866 per
3254 4813 3372 4850 eum
3407 4799 3541 4862 facta
3570 4800 3664 4849 sunt

2112 4890 2291 4963 (Joan.
2344 4892 2395 4945 i.
2446 4889 2574 4962 i5):
2604 4899 2763 4959 atque
2803 4890 2919 4960 ipse
2956 4889 3112 4959 huius
3141 4889 3216 4945 rei
3246 4899 3439 4946 auctor
3464 4887 3660 4945 exsistit.

2108 4981 2295 5054 Neque
2323 4982 2465 5038 enim
2496 4996 2595 5036 nos
2619 4980 2684 5036 ad
2698 4996 2821 5036 eum
2844 4982 3192 5045 accurrimus,
3216 4981 3311 5035 sed
3337 4983 3455 5052 ipse
3484 4996 3573 5035 nos
3591 4993 3663 5030 vo—

2109 5075 2269 5131 cavit.
2293 5074 2537 5141 Quonam
2564 5072 2725 5129 modo
2752 5074 3000 5128 vocavit?
3021 5074 3121 5129 Per
3136 5073 3334 5129 Christi
3352 5089 3554 5130 necem.
3583 5068 3661 5137 Qui

2110 5169 2253 5223 nobis
2302 5167 2441 5221 dedit
2493 5168 2825 5222 ministerium
2875 5170 3315 5223 reconciliationis.
3364 5171 3463 5225 llic
3510 5180 3663 5223 rursus

2111 5258 2475 5331 apostolorum
2491 5255 2802 5329 dignitatem
2820 5259 3355 5325 ostendit,declarans
3372 5270 3428 5317 ct
3443 5270 3662 5333 quantum

2113 5366 2308 5406 munus
2334 5351 2569 5421 ipsorum
2593 5352 2711 5407 ﬁdei
2738 5354 3082 5409 commissum
3109 5355 3197 5421 sit,
3216 5366 3447 5425 etquam
3472 5354 3664 5411 eximius

2114 5460 2177 5501 ac
2207 5445 2494 5517 singularis
2518 5447 2588 5500 sit
2634 5447 2724 5501 Dei
2749 5461 2875 5517 erga
2908 5461 3007 5501 nos
3034 5462 3204 5502 amor.
3235 5447 3351 5503 Non
3378 5450 3519 5504 enim
3549 5452 3665 5518 post—

2116 5552 2278 5608 quam
2321 5538 2476 5607 legati
2506 5538 2666 5604 illius,
2695 5540 2784 5609 qui
2822 5548 3061 5605 venerat,
3090 5553 3278 5593 vocem
3302 5540 3491 5595 audire
3515 5538 3663 5606 negle-

2118 5637 2331 5696 xerunt,
2357 5629 2434 5683 ira
2466 5629 2717 5685 incensus
2742 5638 2825 5685 cst
2852 5645 3051 5700 eosque
3079 5630 3331 5693 deseruit,
3378 5631 3470 5685 sed
3498 5632 3662 5701 penu!

2120 5720 2317 5784 adhuc,
2352 5730 2460 5774 tum
2487 5736 2582 5791 per
2604 5735 2662 5776 se
2692 5729 2801 5775 tum
2833 5739 2927 5792 per
2950 5723 3083 5778 alios
3104 5724 3399 5777 admonens
3419 5732 3473 5778 et
3503 5720 3665 5776 exhor-

2123 5821 2259 5871 tans.
2290 5813 2489 5886 Ecquis
2515 5821 2597 5871 est
2624 5816 2711 5885 qui
2742 5823 2941 5871 tantam
2968 5814 3152 5873 salutis
3172 5825 3370 5873 nostra:
3395 5828 3572 5872 curam
3590 5821 3664 5882 pro
