3696 6212
98 234 176 290 2.Ἰῦ
1012 221 1081 276 IN
1119 220 1337 276 EPIST.
1393 220 1437 277 ιι
1495 220 1587 274 AD

1795 259 1802 276 .
1844 220 2083 277 HOMIL.
2126 221 2216 277 XI.

101 344 268 411 σάρκα.
312 336 364 391 Ei
395 340 501 408 γὰρ
543 353 745 400 παντες
787 334 1082 398 ἀπέθανον,
1133 337 1228 389 καὶ
1268 336 1470 399 πάντες
1506 336 1601 388 ἀν-

98 446 298 512 έστησαν,
327 436 407 489 καὶ
438 434 707 489 ἀπέθανον
732 435 834 506 μὲν
867 433 1040 498 οὕτως
1068 435 1145 498 ῶς
1186 435 1287 505 τῆς
1330 433 1603 505 ἁμαρτίας

94 540 351 613 ὴτυραννὶς
390 535 769 600 κατεδίκαζεν,
800 536 1106 607 ἀνέστησαν
1152 535 1209 588 δὲ
1245 533 1334 590 διά
1377 532 1602 604 λουτροῦ

86 636 463 708 παλιγγενεσίας,
491 636 586 690 καὶ¹
607 634 1029 699 ἀνακαινώσεως
1053 633 1196 688 Πνεύ
1206 650 1376 704 ματος
1407 633 1566 701 ἁγίου
1588 648 1602 663 ·

84 736 268 798 είκότως
298 734 469 806 φησὶν,
504 733 735 791 Οὐδένα
781 733 1030 803 οἴδαμεν
1063 732 1215 786 κατὰ
1265 733 1473 801 σαρκὰ
1498 732 1606 785 τῶν

81 836 270 893 πιστῶν.
293 836 347 888 Τί
378 835 506 905 7&9,
531 835 580 887 εί
610 834 703 888 καὶ
729 836 788 888 ἐν
830 833 993 904 σαρκί
1024 834 1162 889 είσιν
1187 851 1203 901 ;
1243 832 1405 886 Ἀλλά
1433 834 1466 903 ἡ
1492 830 1606 903 ζωὴ

75 940 230 1010 ἐκείνη
253 939 281 1008 η
308 937 536 1008 σαρκικὴ
564 935 837 1000 ἀπώλετο,
864 936 960 989 καὶ
994 935 1201 991 ἀνωθεν
1233 934 1606 1007 ἐγεννήθημεν

74 1040 123 1089 ὲν
148 1033 410 1105 Πνεύματι,
443 1036 537 1088 καὶ
583 1034 779 1105 ἑτέραν
821 1033 1043 1105 οῐδαμεν
1079 1032 1356 1087 πολιτείαν
1393 1032 1489 1086 καὶ
1529 1031 1607 1084 δι-

68 1136 262 1207 αγωγὴν
276 1137 358 1189 καὶ
379 1135 526 1205 ζωὴν
546 1136 640 1188 καὶ
659 1135 995 1190 κατάστασιν
1008 1135 1109 1206 τὴν
1132 1136 1191 1188 ἐν
1207 1136 1318 1197 τοῖς
1332 1133 1599 1204 οὐρανοῖς.

67 1238 160 1292 Καὶ
199 1237 341 1290 πάλιν
366 1236 557 1290 τούτου
587 1234 751 1290 αὐτοῦ
792 1235 1036 1308 ἀρχηγὸν
1073 1235 1167 1290 τὸν
1204 1234 1441 1306 Χριστὸν
1473 1234 1603 1287 ὅντα

58 1340 273 1393 δείκνυσι
299 1354 312 1369 ’
347 1337 425 1390 διὸ
455 1337 548 1390 καὶ
589 1338 893 1407 ἐπήγαγεν,
930 1338 1000 1390 El
1034 1335 1103 1389 δὲ
1131 1336 1231 1389 καὶ
1259 1336 1605 1406 ἐγνώκαμεν

58 1440 191 1493 κατὰ
216 1437 398 1506 σάρκα
423 1437 704 1506 Χριστὸν,
744 1436 909 1492 ἀλλὰ
937 1436 1055 1491 νῦν
1082 1436 1281 1490 οὐκέτι
1312 1436 1603 1507 γινώσκο-

57 1556 169 1606 μεν.

108 1703 173 1774 β’.
190 1703 252 1756 Τί
279 1699 384 1768 οὖν,
406 1702 525 1757 εἰπέ
546 1721 636 1776 μοι
652 1720 667 1771 ;
685 1702 786 1775 τὴν
803 1704 980 1779 σάρκα
993 1704 1245 1769 ἀπέθετο,
1262 1704 1358 1758 καὶ
1383 1702 1478 1759 νῦν
1502 1703 1603 1757 οὐκ

57 1809 154 1860 ἐστι
180 1804 313 1877 μετά
330 1803 420 1858 τοῦ
449 1806 703 1877 σώματος
724 1822 740 1872 ;
773 1806 987 1875 ’Λπαγε
1008 1824 1023 1839 ·
1054 1806 1147 1861 καὶ
1171 1806 1281 1879 7&9
1302 1805 1398 1858 καὶ
1426 1803 1521 1858 νῦν
1545 1804 1601 1856 ἐν

57 1907 193 1981 rapx!
223 1909 382 1962 ἐστιν.
414 1904 603 1975 Οὗτος
650 1907 759 1980 γὰρ
794 1911 827 1963 ό
882 1907 1123 1978 Ἰησοῦς
1165 1910 1197 1962 ό
1229 1906 1602 1976 ἀναληφθεὶς

57 2008 129 2077 ἱρ*
162 2005 322 2075 ὐμῶν
348 2009 432 2073 εὶς
456 2006 565 2060 τόν
590 2005 875 2075 οὐρανὸν,
903 2006 1087 2070 οὕτως
1116 2006 1452 2061 ἐλεύσεται.
1488 2004 1603 2057 Οὗ-

60 2126 105 2162 ω
130 2124 145 2139 '
181 2108 334 2175 πῶς;
372 2108 461 2162 Ἐν
504 2109 688 2180 σαρκὶ,
734 2108 873 2180 μετά
908 2107 1002 2162 τοῦ
1037 2107 1308 2179 σώματος.
1345 2106 1469 2171 Πῶς
1509 2101 1602 2161 οὖν

58 2227 206 2281 ησιν,
232 2212 302 2264 El
330 2210 395 2263 δὲ
424 2211 524 2264 καὶ
555 2204 903 2280 ἐγνώκαμεν
926 2210 1075 2265 κατὰ
1094 2209 1294 2278 σάρκα
1319 2208 1600 2278 Χριστὸν,

57 2311 177 2365 λλὰ
202 2310 322 2365 νῦν
351 2308 588 2377 οὐκέτι;
622 2309 809 2381 Ἦμῶν
842 2309 941 2381 μέν
972 2308 1083 2380 γὰρ
1106 2309 1167 2362 τὸ
1193 2308 1356 2363 Κατὰ
1380 2306 1599 2375 σάρκα,

57 2413 154 2465 δέν
178 2411 477 2483 ἁμαρτίαις
507 2408 667 2477 εἶναι,
699 2411 760 2465 τὸ
792 2411 850 2465 δὲ
880 2410 976 2480 Μὴ
1004 2410 1157 2466 κατὰ
1188 2408 1407 2479 σάρκα,
1438 2409 1501 2463 τὸ
1527 2409 1602 2482 μὴ

57 2532 68 2560 ρ
99 2512 405 2583 ἁμαρτίαις
436 2507 597 2567 εἶναι.
629 2510 866 2583 Χριστοῦ
889 2510 947 2565 δέ
972 2511 1033 2564 τὸ
1061 2510 1203 2565 κατά
1231 2509 1433 2582 σάρκα,
1458 2510 1521 2563 τὸ
1546 2513 1602 2567 ἐν

57 2616 121 2677 λῖς
146 2612 472 2683 παθήμασιν
500 2608 640 2666 εἶναι
663 2611 762 2683 τῆς
793 2610 1029 2680 φύσεως,
1063 2604 1198 2676 οἷον,
1233 2611 1292 2663 ἐν
1316 2608 1397 2681 τῷ
1419 2608 1600 2680 sum,

58 2713 163 2785 ντῷ
189 2716 408 2785 πεινῇν,
436 2714 495 2765 ἐν
518 2711 597 2783 τῷ
625 2713 847 2782 κοπιᾷν,
877 2712 935 2765 ἐν
960 2708 1037 2781 τῷ
1062 2708 1346 2763 καθεύδειν
1370 2708 1605 2781 (Ἃμαρο

58 2832 137 2867 αν
162 2814 280 2885 7&9
313 2815 425 2867 οὐκ
454 2813 763 2881 ἐποίησεν,
788 2811 931 2867 οὐδὲ
963 2810 1177 2881 εὑρέθη
1209 2810 1394 2875 δόλος
1431 2810 1502 2863 ἐν
1524 2808 1604 2875 τῷ

57 2916 259 2983 τόματι
288 2911 498 2966 αὑτοῦ.
529 2912 620 2964 Διὸ
640 2913 736 2964 καὶ
760 2910 939 2979 ἔλεγε,
974 2910 1068 2977 Τίς
1091 2910 1160 2974 ἐξ
1182 2906 1352 2975 ὑμῶν
1371 2906 1602 2979 ἐλέγχει

57 3032 65 3063 τ
98 3013 243 3082 περὶ
279 3012 611 3083 ἀμαρτίας;
659 3012 756 3065 καὶ
806 3011 992 3077 πάλιν,
1023 3013 1306 3079 Ἔρχεται
1338 3011 1370 3064 ὁ
1405 3009 1605 3081 ἅρχων

62 3113 97 3167 ῦ
133 3113 385 3184 κόσμου
418 3114 656 3179 τούτου,
692 3113 791 3166 καί
816 3112 887 3165 ὲν
919 3110 1049 3181 ἐμοὶ
1073 3112 1184 3165 οὐκ
1209 3112 1332 3180 ἔχει
1362 3109 1562 3181 οὐδέν)
1584 3125 1600 3140 ’

74 3216 134 3269 δὲ
176 3214 262 3287 μὴ
316 3214 461 3267 κατὰ
512 3214 711 3285 σάρκα,
763 3213 824 3266 τὸ
870 3212 966 3266 καὶ
1008 3211 1214 3267 τούτων
1261 3212 1603 3284 ἀπηλλάχθαι

58 3317 201 3383 στὸν,
250 3317 320 3370 ού
381 3316 442 3369 τὸ
499 3316 654 3379 ἐκτὸς
708 3313 912 3387 σαρκὸς
960 3309 1122 3370 εἶναι.
1159 3314 1267 3367 Καὶ
1319 3312 1425 3383 7&9
1465 3311 1605 3384 μετά

57 3419 199 3490 ύτης
234 3418 470 3490 ἔρχεται
513 3419 715 3490 κρίνων
749 3418 849 3490 τὴν
896 3417 1244 3488 οἰκουμένην,
1275 3415 1463 3487 άπαθῆ
1503 3415 1602 3469 αὐ-

57 3541 71 3573 ;
100 3521 266 3591 ἔχων
302 3522 403 3575 καὶ
432 3521 712 3591 ἀκήρατον
734 3534 747 3547 ·
781 3521 861 3582 εἰς
889 3518 919 3571 ὃ
945 3520 1041 3572 καὶ
1060 3521 1220 3590 ἡμεῖς
1246 3502 1600 3603 βαδιούμεθα,

57 3623 342 3693 ιμόρφου
379 3621 476 3675 τοῦ
512 3619 762 3692 σώματος
787 3622 920 3691 ἡμῖν
955 3618 1249 3690 γενομένου
1276 3617 1355 3689 τῷ
1389 3616 1602 3688 σώματι

57 3744 65 3785 ς
107 3724 300 3795 δόξης
365 3722 552 3777 αὐτοῦ.
611 3722 795 3777 Ὥστε
832 3721 887 3774 sl
918 3738 1009 3788 τις
1052 3720 1126 3773 ἐν
1156 3718 1385 3787 Χριστῷ
1422 3716 1599 3787 καινὴ

58 3832 205 3894 σις’.
256 3824 493 3896 Ἐπειδὴ
522 3823 630 3895 7&9
653 3822 761 3876 ἀπὸ
792 3822 890 3893 τῆς
912 3821 1135 3890 ἀγάπης
1163 3818 1501 3892 προέτρεψεν
1521 3819 1601 3882 είς

81 3928 357 4000 ἀρετὴν,
384 3925 570 3979 λοιπὸν
595 3924 689 3977 καὶ
716 3923 776 3989 ἐξ
801 3921 981 3974 αὐτῶν
1009 3921 1119 3974 τῶν
1143 3922 1494 3993 πραγμάτων
1520 3922 1600 3984 είς

57 4049 126 4084 το
159 4032 383 4098 ἐνάγει
403 4043 419 4057 ·
450 4025 531 4079 διδ
565 4024 661 4078 καὶ
689 4024 990 4093 ἐπήγαγεν,
1036 4021 1108 4075 ΕΖ
1136 4039 1228 4087 τις
1251 4022 1323 4075 ἐν
1364 4020 1601 4090 Χριστῷ

57 4133 146 4200 νὴ
184 4131 440 4193 κτίσις.
471 4126 540 4179 Εἴ
558 4143 639 4189 τις
670 4123 820 4197 [515]
849 4125 1170 4177 ἐπίστευσεν
1200 4123 1372 4195 αὐτῷ,
1409 4126 1595 4196 φησὶν,

58 4234 280 4306 τέραν
299 4226 443 4301 ἦλθε
462 4225 843 4298 δημιουργίαν*
868 4224 963 4277 καὶ
974 4223 1082 4295 γὰρ
1105 4223 1312 4278 ἀνωθεν
1334 4226 1596 4300 ἐγεννήθη

66 4331 252 4387 Πνεύ
264 4347 476 4401 ματος.
520 4328 686 4380 Ὥστε
710 4325 805 4379 καὶ
839 4324 929 4379 διὰ
956 4323 1136 4392 τοῦτο,
1161 4326 1347 4395 φησὶν,
1379 4326 1595 4396 ὀφείλο-

91 4431 295 4503 αὐτῷ
356 4430 479 4500 ζῇν,
528 4427 627 4497 οὐχ
674 4428 757 4481 ὃτι
804 4427 905 4480 οὐκ
948 4427 1113 4497 ἐσμὲν
1157 4427 1366 4481 ἑαυτῶν
1412 4428 1594 4499 μόνον,

67 4537 178 4589 ὅτι
246 4530 548 4586 ἀπέθανεν
602 4528 741 4598 ὑπὲρ
799 4526 962 4599 ἡμῶν
1004 4528 1184 4599 μόνον,
1225 4528 1334 4582 οὐδ’
1375 4529 1458 4583 ὅτι
1494 4531 1594 4584 ἀν·-

61 4657 186 4693 σεν
233 4633 428 4707 ἡμῶν
461 4632 560 4702 τὴν
588 4630 842 4701 ἀπαρχὴν
879 4629 1062 4699 μόνον,
1114 4629 1228 4684 ἀλλ’
1257 4630 1340 4684 ὅτι
1370 4632 1467 4686 καὶ
1511 4633 1595 4698 είς

60 4761 100 4795 ν
137 4738 438 4812 ἧλθομεν
459 4734 625 4803 ζωήν.
661 4732 806 4803 Ὅρα
837 4731 980 4786 πόσα
1004 4729 1348 4802 δικαιώματα
1371 4732 1464 4786 τοῦ
1496 4752 1595 4788 κα-

57 4840 186 4911 ζῇν
217 4834 467 4905 τίθησι.
501 4831 599 4885 Διά
624 4829 734 4901 γάρ
764 4829 922 4883 τοῦτο
954 4830 1048 4882 καὶ
1076 4828 1370 4902 παχυτέρῳ
1394 4832 1595 4904 ὀνόμαο

57 4942 203 4994 1.λεῖ
239 4936 378 5007 τὴν
413 4930 730 5004 διόρθωσιν,
764 4930 854 4984 ἵνα
880 4928 1080 5002 πολλὴν
1108 4929 1258 5003 δείξῃ
1295 4932 1394 5004 τὴν
1423 4938 1591 5005 μετά-

57 5061 115 5097 ιν
159 5037 300 5094 καὶ
346 5034 450 5107 τὴν
485 5031 810 5105 μεταϐολήν.
849 5026 986 5086 Εἶτα
1016 5033 1327 5105 περαιτέρω
1356 5035 1590 5101 ἐπεξιὼν

57 5150 173 5216 ίρη
184 5139 411 5213 μένῳ,
442 5134 539 5189 καὶ
561 5133 775 5196 δεικνὺς
800 5130 915 5196 πῶς
947 5132 1110 5203 καινὴ
1145 5132 1345 5198 κτίσις,
1383 5137 1458 5189 Τὰ
1486 5138 1590 5206 ἀρ-

78 5237 474 5311 παρῆλθε,
502 5233 668 5307 φησὶν
691 5274 705 5299 ,
736 5231 864 5288 ἰδοὺ
892 5232 1101 5303 γέγονε
1132 5234 1308 5289 καινὰ
1338 5237 1412 5290 τὰ
1438 5237 1590 5298 πᾶν-

57 5349 216 5401 [οἶα.
283 5340 552 5411 ἀρχαῑα;
580 5337 739 5390 Ἤτοι
787 5334 855 5388 τὰ
892 5334 1265 5406 ἁμαρτήματά
1292 5353 1446 5409 φησι»
1494 5340 1591 5403 καὶ

65 5443 416 5505 σεὸείας,
439 5440 474 5512 ἢ
510 5439 579 5493 τά
622 5437 886 5492 Ἰουδαϊκὰ
917 5437 1126 5491 πάντα·
1164 5438 1365 5508 μᾶλλον
1403 5439 1460 5494 δὲ
1494 5441 1591 5496 καὶ

57 5570 75 5603 ι
108 5544 436 5603 κάκεῖνά
457 5561 643 5615 φησιν.
692 5544 848 5599 Ἰδοὺ
884 5546 1089 5616 γέγονε
1119 5547 1192 5601 τὰ
1226 5548 1427 5611 πάντα
1463 5568 1587 5609 και.

58 5658 123 5714 τι
162 5654 277 5709 δὲ
318 5650 539 5707 πάντα
558 5650 627 5705 ἐκ
659 5651 764 5705 τοῦ
803 5650 969 5708 Θεοῦ.
998 5652 1162 5710 Οὐδὲν
1184 5653 1244 5721 ἐξ
1269 5656 1443 5727 ἡμῶν.
1477 5658 1586 5713 Καὶ

3185 224 3298 281 478

1719 336 1830 407 7&9
1859 335 2054 406 ἄφεσις
2092 336 2508 407 ἁμαρτημάτων
2540 334 2634 388 καὶ
2672 334 2913 389 υἱοθεσία
2959 333 3051 389 καὶ
3089 337 3121 406 ὴ
3164 336 3293 403 δόξα

1709 435 1981 506 ἄφθαρτος
2009 434 2067 500 ἐξ
2102 434 2267 489 αὐτοῦ
2300 435 2432 506 ἡμῖν
2469 433 2789 506 δεδώρηται.
2822 433 3020 488 Οὐκέτι
3049 434 3159 507 γὰρ
3187 437 3295 489 ἀπὸ

1710 535 1819 588 τῶν
1853 535 2153 606 μελλόντων
2185 537 2367 607 μόνον,
2405 535 2541 590 ἀλλά
2588 536 2682 588 καὶ
2724 534 2832 591 ἀπὸ
2860 536 2968 589 τῶν
3009 537 3295 610 παρόντων

1713 636 1912 701 αὐτοὺς
1944 637 2267 709 προτρέπει.
2297 638 2497 691 Σκόπει
2539 637 2597 691 δέ
2631 655 2645 669 ·
2673 631 2827 690 εἶπεν
2855 678 2871 703 ,
2903 638 2986 691 ὅτι
3027 638 3295 708 μέλλομεν

1712 738 2055 805 ἀνίστασθαι,
2103 739 2199 793 καὶ
2244 739 2322 803 είς
2368 738 2678 809 ἀφθαρσίαν
2729 741 2950 811 χωρεῖν,
2995 740 3089 793 καὶ
3118 738 3295 793 οίκίαν

1713 838 1858 909 ἐχειν
1885 839 2103 893 αἰώνιον
2126 854 2141 869 ·
2165 837 2282 892 ἀλλ’
2310 837 2500 909 ἐπειδὴ
2527 838 2751 909 μείζονα
2780 838 2932 908 ίσχύν
2964 839 3044 903 είς
3070 838 3131 891 τὸ
3160 855 3296 909 προ-

1712 938 1908 1010 τρέψαι
1939 938 2053 1009 ἔχει
2071 939 2140 993 τὰ
2162 938 2405 1010 παρόντα
2431 938 2540 992 τῶν
2569 938 2873 1009 μελλόντων
2902 938 3038 1009 πρὸς
3065 939 3193 1003 τοὺς
3219 938 3297 1010 μὴ

1713 1034 2065 1100 πιστεύοντας
2095 1036 2328 1101 τούτοις,
2365 1036 2442 1099 ὠς
2464 1037 2551 1089 δεῖ
2568 1036 2872 1106 πιστεύειν,
2899 1035 3170 1091 δείκνυσιν
3196 1039 3297 1092 ὅσα

1712 1134 1807 1187 καὶ
1826 1133 1930 1205 ήδη
1962 1132 2176 1201 ἐλαὸον,
2209 1134 2305 1190 καὶ
2323 1134 2469 1199 τίνες
2498 1134 2673 1197 ὄντες.
2705 1134 2862 1198 Τίνες
2881 1131 2974 1191 οὖν
2994 1135 3147 1199 ὄντες
3171 1136 3297 1190 ἐλα-

1712 1232 1845 1299 σονς
1881 1234 2087 1307 Νεκροί
2117 1235 2318 1299 πάντες
2350 1234 2581 1306 (Πάντες
2613 1236 2742 1308 γὰρ,
2778 1236 2964 1306 φησὶν,
3001 1236 3294 1301 ἀπέθανον,

1712 1330 1809 1385 καὶ
1861 1330 2003 1405 ὑπὲρ
2045 1333 2263 1388 πάντων
2308 1334 2605 1388 ἀπέθανενο
2654 1335 2800 1390 οὕτω
2841 1336 3050 1401 πάντας
3093 1338 3296 1409 ὁμοίως

1709 1431 1942 1505 ἠγάπα),
1970 1434 2415 1507 πεπαλαιωμένοι
2441 1475 2456 1501 ,
2495 1436 2871 1508 γεγηρακότες
2908 1437 3146 1502 ἅπαντες
3186 1440 3298 1501 τοῖς

1710 1536 1919 1599 κακοῖς.

1795 1700 1935 1754 Ἀλλ’
1988 1701 2098 1756 ἰδοῦ
2145 1702 2242 1755 καὶ
2290 1702 2441 1774 ψυχὴ
2470 1703 2633 1775 καινὴ
2662 1701 2965 1776 (ἐκαθάρθη
3001 1702 3166 1777 γὰρ),
3201 1702 3299 1760 καί

1712 1801 1874 1871 σῶμα
1917 1801 2125 1868 καινὸν,
2181 1803 2277 1856 καὶ
2324 1802 2553 1875 λατρεία
2590 1805 2775 1877 καινὴ,
2834 1805 2930 1860 καὶ
2974 1805 3297 1875 ἐπαγγελίαι

1713 1903 1925 1971 καιναὶ,
1978 1904 2074 1958 καὶ
2124 1903 2383 1975 διαθήκη,
2438 1905 2531 1958 καὶ
2563 1904 2698 1977 ζωὴ,
2762 1906 2858 1959 καὶ
2898 1905 3171 1979 τράπεζα,
3202 1907 3298 1960 καὶ

1712 2002 1911 2075 στολὴ,
1956 2003 2054 2058 καὶ
2084 2003 2265 2058 πάντα
2310 2004 2474 2058 καινά
2512 2003 2720 2067 ἁπλῶς.
2763 2005 2875 2058 Καὶ
2907 2005 3018 2079 7&9
3047 2006 3170 2059 ἀντὶ
3196 2006 3298 2077 τῆς

1710 2111 1862 2164 κάτω
1893 2110 2252 2183 Ἰερουσαλὴμ
2277 2110 2543 2183 ἐλάϐομεν
2566 2111 2666 2182 τὴν
2692 2110 2804 2165 ἀνω
2832 2110 3185 2183 μητρόπολιν,
3204 2112 3300 2165 καὶ

1708 2210 1832 2265 ἀντὶ
1859 2212 1990 2266 ναοῦ
2033 2211 2297 2283 αἰσθητοῦ
2332 2212 2460 2267 ναὸν
2501 2212 2715 2283 είδομεν
2744 2212 3140 2282 πνευματικὸν,
3176 2212 3300 2266 ἀντὶ

1668 2299 1672 2304 ’
1711 2309 1940 2366 πλακῶν
1988 2310 2208 2366 λιθίνων
2250 2311 2547 2383 σαρκίνας,
2576 2311 2702 2365 ἀντὶ
2753 2313 3063 2383 περιτομῆς
3104 2310 3299 2380 βάπτι-

1712 2430 1847 2486 σμα,
1897 2414 2022 2469 ἀντὶ
2050 2414 2148 2469 τοῦ
2184 2415 2361 2486 μάννα
2385 2415 2546 2486 σῶμα
2576 2414 2935 2480 Λεσποτικὸν,
2961 2415 3083 2469 ἀντὶ
3107 2414 3300 2479 ὓδατος

1709 2514 1818 2568 ἀπὸ
1844 2516 2050 2587 πέτρας
2066 2511 2207 2586 αἷμα
2225 2515 2334 2569 ἀπὸ
2362 2493 2626 2588 πλευρᾶς,
2644 2518 2767 2572 ἀντὶ
2801 2516 2998 2589 ῥάϐδου
3018 2515 3301 2579 Μωῦσέως

1708 2618 1743 2689 ἢ
1787 2616 2001 2688 Ἀαρὼν
2021 2618 2113 2673 τὸν
2146 2621 2381 2691 σταυρὸν
2407 2659 2423 2683 ,
2453 2619 2576 2673 ἀντὶ
2615 2619 2723 2690 γῆς
2756 2618 2856 2689 τῆς
2900 2617 3239 2688 ἐπαγγελίας
3268 2630 3294 2658 ι

1709 2721 1809 2794 τὴν
1855 2722 2133 2792 βασιλείαν
2200 2721 2310 2775 τῶν
2359 2721 2626 2793 οὐρανῶν,
2677 2722 2798 2775 ἀντὶ
2846 2720 3057 2793 μυρίων
3107 2721 3300 2791 ἱερέων

1708 2824 1806 2877 ἕνα
1844 2823 2144 2896 ἀρχιερέα,
2177 2824 2303 2877 ἀντὶ
2341 2822 2518 2893 ἀμνοῦ
2553 2822 2752 2892 ἀλόγου
2796 2822 2969 2894 ἀμνὸν
2994 2838 3298 2893 πνευματι-

1711 2925 1826 2979 κόν.
1854 2924 2042 2979 Ταῦτα
2073 2924 2165 2979 καὶ
2185 2923 2490 2979 τὰτοιαῦτα
2520 2923 2866 2995 λογιζόμενος
2894 2922 3070 2992 ἔλεγε,
3112 2925 3302 2977 Καινὰ

1710 3026 1785 3081 τὰ
1812 3024 2033 3079 πάντα.
2084 3026 2276 3080 Ταῦτα
2305 3025 2374 3079 δὲ
2408 3023 2609 3080 πάντα
2633 3025 2701 3079 ἐκ
2729 3025 2840 3079 τοῦ
2871 3023 3020 3079 Θεοῦ
3043 3022 3132 3078 διὰ
3167 3023 3302 3094 Χρι-

1713 3125 1844 3179 στοῦ
1892 3126 1990 3181 καὶ
2030 3126 2133 3197 τῆς
2162 3127 2330 3181 αὐτοῦ
2358 3127 2590 3198 δωρεᾶς.
2618 3126 2711 3181 Διδ
2736 3126 2832 3180 καὶ
2854 3126 3106 3197 ἐπήγαγε
3128 3140 3143 3155 ·
3187 3124 3299 3178 Τοῦ

1709 3229 2208 3295 καταλλάξαντος
2231 3229 2391 3298 ἡμᾶς
2412 3228 2608 3295 ἐαυτῷ
2633 3228 2733 3282 διὰ
2754 3227 2860 3282 τοῦ
2889 3225 3174 3295 Χριστοῦ,
3198 3224 3298 3278 καί

1709 3330 1932 3397 δόντος
1977 3329 2126 3398 ἡμῖν
2183 3327 2300 3397 τὴν
2349 3327 2671 3383 διακονίαν
2711 3326 2824 3395 τῆς
2872 3323 3296 3395 καταλλαγῆς.

1722 3432 1859 3486 Ἀπὸ
1906 3430 2016 3502 γάρ
2057 3430 2248 3484 τούτου
2303 3430 2483 3485 πάντα
2512 3428 2583 3482 τὰ
2614 3428 2819 3499 ἀγαθά.
2863 3428 2923 3482 '0
2961 3428 3070 3499 7&9
3109 3427 3299 3498 φίλους

1708 3536 1742 3603 ἡ
1753 3535 1859 3605 μᾶς
1885 3534 2157 3604 ποιήσας,
2190 3533 2357 3597 αὐτὸς
2400 3533 2498 3586 καὶ
2541 3531 2653 3585 τῶν
2683 3531 2860 3585 ἀλλων
2888 3530 3088 3596 αίτιος,
3125 3530 3161 3585 ἃ
3181 3531 3294 3593 τοῖς

1710 3635 1887 3705 φίλοις
1910 3634 2110 3688 ἔδωκεν
2136 3636 2164 3688 ό
2200 3633 2354 3698 Θεός.
2391 3633 2469 3689 Οὐ
2500 3632 2612 3705 7&9
2646 3634 2806 3703 ἀφεὶς
2834 3634 3017 3705 μένειν
3046 3631 3293 3703 ἐχθροὺς,

1709 3735 1883 3800 οὕτως
1915 3735 2068 3807 ἡμᾶς
2096 3733 2391 3805 ⁴ίγμεείψατο,
2430 3731 2568 3787 ἀλλά
2602 3733 2795 3803 φίλους
2824 3733 3059 3801 ποιήσας
3095 3729 3290 3799 ἐαυτῷ.

1713 3839 1887 3893 Ὅταν
1913 3836 1969 3891 δὲ
1999 3837 2166 3902 είπω,
2205 3836 2286 3890 ὅτι
2317 3835 2559 3907 Χριστὸς
2588 3836 2763 3898 αἴτιος
2800 3834 2898 3903 τῆς
2925 3831 3292 3902 καταλλαγῆς,

1708 3940 1804 3993 καὶ
1835 3938 1927 3991 τὸν
1962 3936 2189 4009 Πατέρα
2210 3935 2355 4004 λέγω
2381 3952 2395 3968 ⁸
2431 3936 2560 3989 ὅταν
2588 3936 2729 3989 εἴπω
2762 3933 2852 3987 τδν
2878 3933 3099 4005 Πατέρα
3132 3931 3295 3986 δεδω-

1706 4039 1883 4103 κέναι,
1928 4038 2019 4092 καὶ
2068 4037 2160 4091 τὸν
2206 4036 2336 4090 Υίὸν
2372 4037 2537 4107 λέγω.
2587 4037 2791 4090 Πάντα
2834 4035 2944 4107 7&9
3001 4035 3075 4089 δι’
3102 4034 3292 4095 αὐτοῦ

1704 4136 1973 4207 ἐγένετο·
2010 4133 2106 4188 καὶ
2139 4134 2329 4188 τούτου
2372 4134 2429 4188 δέ
2472 4134 2634 4198 αὐτὸς
2659 4133 2814 4208 [516]
2838 4133 3028 4196 αἴτιος.
3066 4132 3141 4187 Οὐ
3184 4131 3295 4204 7&9

1707 4240 1870 4310 ἡμεῖς
1886 4234 2036 4307 αὐτῷ
2056 4234 2538 4308 προσεδράμομεν,
2555 4235 2671 4289 ἀλλ’
2688 4234 2854 4297 αὐτὸς
2872 4234 3017 4304 ἡμᾶς
3035 4232 3288 4291 ἐκάλεσε.

1705 4339 1831 4404 Πῶς
1853 4338 2110 4407 ἐκάλεσε;
2139 4339 2241 4393 Διά
2256 4339 2352 4409 τῆς
2369 4337 2463 4391 τοῦ
2485 4337 2723 4409 Χριστοῦ
2741 4337 2987 4407 σφαγῆς..
3005 4336 3114 4390 Καὶ
3149 4335 3291 4389 δόνυ

1702 4460 1807 4509 τος
1849 4442 1997 4512 ἡμῖν
2024 4440 2141 4511 τὴν
2161 4441 2484 4495 διακονίαν
2530 4439 2641 4507 τῆς
2673 4436 3083 4508 καταλλαγῆς.
3119 4436 3292 4491 Πάλιν

1702 4542 1937 4597 ἐνταῦθα
1971 4541 2216 4595 δείκνυσι
2265 4540 2326 4593 τὸ
2365 4539 2478 4593 τῶν
2527 4538 2843 4593 ἀποστόλων
2884 4538 3126 4608 ἀξίωμα,
3174 4536 3288 4589 δει-

1700 4642 1835 4707 κνὺς
1855 4620 2046 4714 ἡλίκον
2072 4643 2307 4712 πρᾶγμα
2328 4640 2800 4713 ἐνεχειρίσθησαν,
2836 4640 2930 4691 καὶ
2951 4638 3049 4707 τῆς
3066 4637 3290 4708 ἀγάπης

1698 4742 1797 4798 τοῦ
1847 4742 1981 4798 Θεοῦ
2041 4743 2142 4815 τὴν
2184 4741 2516 4815 ὐπερόολήν.
2564 4740 2700 4795 Οὐδὲ
2727 4740 2875 4811 γὰρ,
2912 4737 3099 4809 ἐπειδὴ
3140 4755 3285 4805 παρ·-

1699 4846 1944 4918 ήκουσαν
1995 4843 2090 4898 τοῦ
2140 4843 2387 4908 ἐλθόντος
2416 4840 2781 4912 πρεσϐευτοῦ,
2818 4839 3143 4911 παρωξύνθη
3189 4841 3284 4893 καὶ

1699 4946 1913 5017 ἀφῆκεν
1954 4946 2175 5010 αὐτοὺς,
2226 4943 2345 4999 ἀλλ’
2397 4944 2652 5015 ἐπιμένει
2698 4926 3039 5015 παρακαλῶν
3070 4943 3165 4996 καὶ
3212 4938 3283 4995 δι’

1699 5047 1896 5107 ἑαυτοῦ
1933 5047 2028 5103 καὶ
2056 5046 2125 5100 δι’
2158 5045 2387 5116 ἐτέρων.
2425 5045 2524 5110 Τίς
2554 5045 2621 5100 ἂν
2652 5044 2861 5115 ταύτην
2878 5044 3044 5112 ἀξίως
3072 5044 3279 5098 ἐκπλαο

1697 5148 1823 5219 γείη
1858 5149 1957 5218 τὴν
1989 5147 2357 5219 κηδεμονίαν;
2406 5146 2654 5218 Ἐσφάγη
2682 5147 2711 5200 ό
2741 5146 2868 5211 Υἱὸς
2894 5147 2985 5201 ἐπὶ
3009 5148 3282 5202 καταλλα-

1696 5250 1799 5319 γὰς
1827 5247 2016 5317 ἐλθὼν,
2044 5248 2074 5301 ό
2100 5249 2322 5320 γνήσιος
2352 5248 2446 5301 καὶ
2474 5248 2792 5322 μονογενὴς,
2824 5249 2922 5304 καὶ
2949 5248 3072 5302 οὐδὲ
3103 5248 3279 5317 οὕτως

1695 5348 2026 5420 ἀπεστράφη
2069 5347 2198 5412 τοὺς
2245 5351 2596 5426 ἀνῃρηκότας
2619 5355 2648 5407 ό
2677 5355 2870 5426 Πατὴρ
2890 5394 2906 5421 ,
2937 5353 3061 5409 οὐδὲ
3098 5348 3275 5416 εἶπεν,

1699 5447 1965 5518 Ἔπεμψα
2002 5445 2096 5500 τὸν
2138 5447 2266 5502 Υίόν
2312 5466 2416 5521 μου
2469 5453 2969 5526 πρεσϐευσόμενον,
3005 5455 3059 5508 οί
3111 5453 3169 5508 δέ
3210 5454 3272 5513 οὐ

1755 5700 1783 5732 ⁸
1814 5696 2074 5761 Legebamr
2098 5700 2199 5750 ἀντὶ
2239 5707 2320 5760 τῆς
2361 5699 2653 5763 ἐπαγγελίας.
