3696 6212
68 243 152 302 “7
1061 228 1125 286 ΙΝ
1165 229 1379 287 EPIST.
1411 229 1456 285 ll
1519 227 1610 284 AD
1645 228 1803 284 COR.
1845 228 2071 286 HOMIL.
2114 228 2209 287 XI.

63 354 277 425 dignitate
290 343 538 401 admirari
553 343 763 414 possit?
793 341 1150 413 lnteremptus
1171 351 1256 397 est
1284 341 1472 408 Filius,
1493 340 1582 410 qui

64 440 328 503 dirimenda:
371 436 582 506 injuria:
623 451 782 491 causa
828 444 1077 501 venerat;
1116 434 1302 500 Filius,
1345 436 1582 504 inquam,

63 550 189 590 verus
211 540 353 599 atque
383 528 685 598 unigenitus
714 567 727 580 .
759 542 823 581 ac
844 542 911 581 ne
936 527 1014 581 sic
1034 526 1249 595 quidem
1281 524 1440 580 Pater
1468 537 1583 584 eos,

63 628 132 698 qui
160 623 245 693 ipsi
277 635 454 675 necem
482 619 795 685 intulerunt,
823 628 1098 673 aversatus
1134 627 1239 680 est.
1289 632 1388 672 nec
1430 615 1581 681 dixit,

61 720 152 775 Misi
191 713 452 785 legationis
493 727 651 768 causa
681 710 878 767 Filium
906 726 1117 775 meum;
1151 710 1226 764 illi
1267 718 1445 765 autem
1479 724 1585 763 non

62 808 189 864 modo
231 806 391 875 ipsum
418 801 603 857 audire
633 809 970 867 recusarunt,
1002 800 1099 855 sed
1125 800 1283 855 etiam
1313 797 1382 853 de
1407 798 1587 854 medio

61 900 361 959 sustulerunt,
380 895 612 965 atquein
628 909 840 949 crucem
866 902 1090 963 egerunt
1111 908 1125 946 :
1150 908 1358 962 aequum
1379 900 1459 947 cst
1475 890 1584 960 jam

62 1007 127 1047 ξοδ
171 988 531 1056 derelinquere
561 1003 577 1040 :
605 1000 793 1041 verum
834 993 1020 1038 contra
1070 983 1291 1037 omnino
1332 982 1486 1046 fecit;
1533 989 1589 1035 et

61 1084 149 1153 juia
177 1080 257 1134 ille
281 1076 561 1141 abscessit,
590 1076 748 1130 nobis
769 1075 906 1130 hanc
933 1074 1261 1143 provinciam
1289 1068 1585 1129 manoavit.

59 1174 129 1239 Qui
158 1170 283 1224 dedit
308 1168 449 1222 nobis
472 1168 803 1222 ministerium
848 1166 1269 1220 reconciliationis
1290 1180 1309 1219 :
1338 1164 1427 1219 i9.
1454 1180 1584 1235 quo-

59 1264 159 1315 tiam
185 1260 373 1331 quidem
400 1257 539 1313 Deus
560 1266 667 1311 erat
694 1259 748 1311 in
776 1255 976 1313 Christo
996 1257 1239 1310 mundum
1256 1256 1587 1311 reconcilians

59 1355 136 1417 ibi,
164 1368 259 1405 non
281 1359 521 1422 reputans
545 1349 648 1404 illis
677 1348 863 1403 delicta
898 1349 1147 1419 ipsorum.
1180 1346 1413 1403 Videsne
1441 1348 1586 1402 cari—

59 1456 202 1508 atem,
232 1444 333 1497 vim
364 1457 580 1497 omnem
628 1441 935 1507 verborum,
966 1439 1346 1510 cogitationem
1371 1454 1584 1493 omnem

61 1534 397 1592 xcedentem?
429 1533 685 1602 Quisnam
713 1540 850 1597 erat,
878 1532 968 1602 qui
995 1531 1241 1600 injuriam
1270 1530 1587 1599 acceperat?

57 1646 151 1700 pse.
180 1629 432 1698 Quisnam
463 1627 581 1691 fuit,
609 1627 698 1697 qui
728 1626 930 1696 primus
954 1623 1021 1679 ad
1045 1622 1326 1679 delendam
1355 1622 1586 1677 inimici-

60 1738 137 1775 am
176 1719 361 1774 venit?
392 1718 527 1788 Ipse.
555 1718 646 1783 At,
685 1716 918 1787 inquies,
949 1714 1143 1769 Filium
1168 1714 1336 1781 misit,
1359 1727 1465 1768 non
1494 1727 1589 1767 au-

57 1829 120 1867 em
146 1812 256 1879 ipse
281 1810 452 1868 venit.
480 1806 676 1863 Filium
711 1807 929 1877 quidem
959 1807 1125 1871 misit,
1156 1804 1251 1861 sed
1276 1814 1452 1859 tamen
1481 1819 1584 1859 non

78 1908 247 1959 solum
271 1900 607 1967 hortabatur,
640 1898 736 1955 sed
764 1899 920 1954 Pater
946 1912 1182 1969 quoque,
1209 1908 1264 1952 et
1288 1912 1409 1952 cum
1438 1912 1505 1952 eo
1533 1907 1589 1951 et

58 2011 103 2050 :r
146 2009 266 2048 eum
299 2009 313 2045 :
358 1992 429 2045 ob
471 1990 632 2061 idque
662 1990 825 2045 etiam
866 1988 1076 2043 dicebat
1107 1987 1417 2058 Apostolus,
1451 1984 1587 2040 Deus

57 2097 111 2140 ἀι
141 2083 387 2138 mundum
412 2084 509 2137 sibi
534 2082 867 2136 reconcilians
892 2081 943 2134 in
972 2079 1192 2134 Christo.
1221 2078 1333 2135 Hoc
1358 2087 1460 2143 est,
1493 2092 1588 2146 per

55 2178 291 2231 ltristum.
322 2173 588 2241 Quoniam
612 2173 754 2229 enim
777 2172 1013 2237 dixerat,
1048 2171 1146 2237 Qui
1172 2170 1309 2225 dedit
1336 2171 1478 2224 nobis
1499 2171 1589 2223 mi-

58 2271 262 2325 sterium
287 2267 738 2335 reconciliationis,
773 2276 1193 2337 temperamento
1218 2263 1444 2335 quodam
1471 2263 1589 2318 uti-

57 2378 101 2426 r,
134 2360 324 2415 dicens
348 2377 361 2411 :
394 2359 471 2414 Ne
496 2357 813 2414 existimetis
827 2371 1086 2411 summam
1111 2356 1270 2426 hujus
1294 2356 1370 2410 rei
1392 2363 1577 2409 aucto-

55 2465 213 2509 tatem
270 2469 441 2524 penes
485 2468 584 2507 nos
633 2467 791 2519 esse;
841 2449 1071 2506 ministri
1116 2458 1322 2504 tantum
1364 2466 1582 2504 sumus:

54 2561 133 2601 :us
176 2560 263 2601 εει
308 2547 402 2617 qui
438 2555 605 2600 totum
639 2545 740 2600 hoc
785 2542 965 2609 efﬁcit,
1001 2543 1088 2614 qui
1121 2560 1214 2614 per
1247 2542 1584 2613 Unigenitum

53 2656 259 2694 rrarum
290 2640 483 2695 orbem
512 2638 903 2694 reconciliavit.
933 2636 1051 2705 Quo
1072 2635 1282 2691 tandem
1313 2636 1362 2690 id
1383 2635 1586 2690 modo?

58 2751 108 2787 m
162 2734 270 2788 hoc
326 2742 415 2787 est
453 2730 791 2793 admirabile,
835 2744 942 2784 non
970 2728 1144 2783 solum
1187 2726 1329 2798 quod
1378 2727 1585 2781 amicus

54 2824 212 2880 'ettus
244 2823 342 2889 sit,
378 2823 475 2878 sed
500 2824 662 2878 etiam
706 2820 849 2893 quod
877 2822 953 2876 sic
978 2822 1200 2875 amicus.
1232 2819 1341 2884 Sic,
1365 2833 1589 2888 quomo-

70 2917 96 2970 ?
142 2917 384 2971 Peccata
443 2914 575 2985 ipsis
619 2914 940 2978 remittens;
989 2928 1113 2967 nam
1151 2911 1306 2966 aliter
1355 2909 1587 2965 amicitia

52 3009 232 3062 ntrahi
278 3024 395 3062 non
425 3015 635 3079 poterat
666 3024 680 3061 :
711 3005 853 3062 unde
883 3005 1044 3061 etiam
1072 3004 1327 3068 subdidit,
1359 3002 1478 3057 Non
1503 3018 1586 3056 re-

54 3109 174 3153 tans
212 3099 327 3153 illis
367 3098 552 3152 delicta
592 3098 841 3168 ipsorum.
887 3095 1099 3151 Etenim
1138 3097 1184 3151 si
1231 3094 1585 3149 admissurum

51 3200 345 3245 ccatorum
404 3190 669 3244 rationem
718 3202 1012 3258 exposcere
1066 3187 1366 3250 voluisset,
1396 3199 1587 3243 omnes

52 3284 350 3338 ~iissemus
379 3300 391 3335 :
426 3296 613 3336 omnes
642 3280 838 3352 quippe
868 3278 1063 3334 mortui
1086 3289 1259 3335 erant.
1286 3278 1389 3334 Sed
1411 3288 1587 3333 tamen

56 3390 93 3427 n
146 3381 349 3426 tantus
401 3380 738 3441 peccatorum
778 3384 1033 3425 numerus
1072 3378 1235 3435 esset,
1284 3385 1391 3423 non
1427 3369 1588 3424 modo

51 3466 146 3520 'las
186 3480 219 3517 a
268 3464 440 3518 nobis
481 3478 667 3534 poenas
697 3462 970 3532 expetivit,
999 3461 1094 3517 sed
1124 3462 1281 3517 etiam
1309 3461 1586 3516 nobiscum

51 3556 303 3624 gratiam
340 3554 531 3619 rediit;
567 3570 671 3608 non
706 3554 866 3608 modo
894 3553 1118 3617 remisit,
1144 3552 1235 3607 sed
1271 3568 1369 3608 nec
1411 3552 1586 3622 impu-

52 3651 115 3701 it.
154 3646 260 3702 Sic
292 3654 355 3700 et
387 3644 544 3700 nobis
570 3644 875 3700 faciendum
901 3654 1004 3711 est,
1042 3654 1100 3699 ut
1128 3643 1357 3699 inimicis
1388 3644 1587 3698 nostris

51 3755 186 3795 osca
198 3755 361 3804 mus,
388 3754 494 3807 quo
512 3739 753 3793 eamdem
776 3739 982 3794 veniam
1003 3739 1372 3808 impetremus.
1404 3736 1470 3791 Et
1489 3753 1586 3808 ρο-

51 3846 57 3860 ’
87 3837 149 3888 in
199 3834 369 3887 nobis
395 3834 596 3887 verbum
640 3832 1078 3887 reconciliationis.
1108 3831 1288 3903 Neque
1313 3833 1455 3887 enim
1488 3846 1587 3886 nos

62 3942 258 3997 grave
312 3925 538 3993 aliquod
583 3924 850 3993 negotium
893 3923 1155 3988 venimus,
1194 3924 1288 3978 sed
1318 3933 1374 3977 ut
1398 3937 1586 3977 omnes

52 4034 69 4071 ›
105 4016 353 4071 amicos
378 4014 695 4070 efﬁciamus.
716 4014 999 4081 Quoniam,
1032 4014 1224 4084 inquit,
1250 4014 1427 4068 verbis
1453 4015 1586 4069 meis

54 4128 113 4165 m
150 4126 280 4166 non
336 4109 725 4174 adhibuerunt,
758 4107 809 4161 in
841 4105 1175 4162 exhortando
1204 4107 1299 4176 ipsi
1330 4118 1584 4176 perstate,

53 4220 127 4258 cc
164 4202 603 4273 persuaseritis.
630 4199 756 4254 Ideo
784 4198 1060 4268 subjunxit
1092 4216 1107 4252 :
1137 4196 1227 4253 20.
1254 4197 1360 4252 Pro
1387 4198 1586 4254 Christo

52 4298 217 4349 tione
269 4292 576 4365 fungimur,
607 4301 862 4361 tamquam
890 4287 1001 4344 Deo
1031 4292 1329 4345 exhortante
1353 4308 1443 4362 per
1471 4308 1582 4347 nos.

52 4402 329 4440 ecramus
368 4400 462 4455 pro
487 4382 705 4447 Christo,
736 4380 1131 4437 reconciliamini
1157 4380 1286 4437 Deo.

90 4478 296 4533 Vides
328 4474 611 4546 quomodo
655 4474 756 4530 hoc
804 4473 1076 4544 negotium
1119 4474 1411 4540 extulerit,
1456 4491 1577 4532 cum

59 4582 241 4628 stum
312 4571 503 4639 ipsum
556 4568 942 4637 supplicantem
989 4566 1233 4632 induxit;
1298 4568 1407 4623 imo
1475 4585 1582 4624 non

53 4674 233 4717 stum
276 4660 513 4723 solum,
555 4658 647 4714 sed
687 4658 849 4713 etiam
890 4656 1148 4712 Patrem?
1194 4657 1393 4713 Horum
1438 4661 1581 4715 enim

52 4769 249 4809 orum
302 4752 410 4805 hic
434 4764 621 4804 sensus
651 4758 776 4805 est:
821 4749 978 4803 Pater
1021 4746 1215 4802 Filium
1266 4750 1444 4814 misit,
1490 4752 1579 4821 qui

56 4864 89 4902 s
148 4844 430 4901 nomine
470 4842 872 4907 exhortaretur,
913 4852 1072 4912 atque
1119 4841 1258 4914 apud
1306 4842 1579 4898 hominum

55 4956 86 4992 s
124 4934 477 5007 legationis
502 4948 694 4987 munus
724 4933 1019 5001 susciperet
1049 4950 1062 4985 :
1093 4932 1188 4988 sed
1218 4935 1467 5003 quoniam
1491 4934 1581 4991 ille

51 5039 153 5083 tus
222 5025 570 5087 abscessit,
629 5039 725 5077 nos
768 5023 1018 5093 legationi
1064 5024 1138 5079 illi
1182 5026 1576 5091 successimus,

52 5139 71 5177 ξ
145 5131 222 5175 et
291 5119 460 5173 illius
504 5127 557 5171 et
600 5117 771 5173 Patris
816 5116 1030 5171 nomine
1075 5132 1170 5173 vos
1211 5118 1575 5173 exhortamur.

52 5232 78 5267 3
119 5210 447 5266 nimirum
475 5209 527 5261 in
556 5210 725 5275 pretio
753 5219 834 5263 est
863 5209 1002 5279 apud
1033 5224 1153 5263 eum
1181 5209 1453 5265 hominum
1481 5228 1576 5281 ge-

76 5313 154 5359 nt
187 5313 262 5359 et
298 5301 520 5357 Filium
552 5299 777 5366 dederit,
811 5299 969 5371 idque
994 5314 1112 5355 cum
1140 5316 1259 5355 eum
1288 5310 1573 5357 mactatum

52 5401 188 5453 iret
209 5439 231 5464 ,
284 5403 364 5449 et
403 5403 577 5447 vestra
609 5408 767 5446 causa
800 5407 895 5446 nos
918 5393 1189 5463 apostolos
1218 5396 1429 5448 crearit.
1474 5395 1577 5449 Ita-

56 5507 172 5543 mn
245 5487 383 5539 abs
442 5502 498 5539 rc
547 5484 789 5547 diccbat,
839 5482 1023 5539 Omnia
1065 5496 1271 5556 promer
1310 5502 1413 5541 vos.
1470 5486 1574 5541 Pro

52 5593 98 5634 ’θ
135 5580 357 5650 igitur
383 5574 636 5645 legatione
652 5576 946 5646 fungimur;
966 5591 1027 5630 ac
1057 5577 1101 5632 si
1129 5577 1352 5640 diceret,
1376 5578 1571 5633 Christi

90 5685 237 5725 nou
278 5664 461 5722 enim
491 5665 654 5737 ipsius
682 5664 890 5720 muneri
922 5667 1298 5725 successimus.
1329 5668 1480 5736 Quod
1522 5670 1566 5723 si

3172 233 3276 289 £78

1697 341 1800 395 hoc
1855 342 2280 412 magniﬁcentius
2321 342 2592 413 aliquanto
2642 344 2737 400 tibi
2782 344 2985 402 dictum
3030 347 3272 418 videtur,

1691 432 1816 487 audi
1843 448 1964 503 quae
1993 442 2288 503 sequuntur
2309 473 2325 495 ,
2354 449 2421 487 ex
2446 434 2639 503 quibus
2667 435 2931 499 ostendit,
2980 438 3120 507 quod
3168 455 3274 494 non

1693 523 1912 579 Christo
1953 524 2262 588 dumtaxat,
2307 525 2401 578 sed
2444 525 2588 579 Patri
2635 541 2848 595 quoque
2892 526 2993 582 boc
3057 527 3274 585 faciant.

1693 613 1825 669 Nam
1851 614 1923 669 ob
1948 614 2000 669 id
2028 615 2186 669 etiam
2213 615 2472 684 adjuuxit,
2502 615 2778 686 Tamquam
2805 616 2912 671 Deo
2943 634 3033 686 per
3053 634 3146 674 nos
3190 637 3279 674 ea:-

1695 707 1948 761 hortante.
1978 706 2095 762 Non
2125 708 2267 761 enim
2300 723 2395 777 per
2437 706 2630 762 Filium
2684 716 2888 764 tantum
2933 725 3125 778 suum,
3178 712 3276 766 scd

1694 806 1747 851 et
1776 812 1875 867 per
1904 813 2001 852 nos
2025 812 2236 867 quoque
2261 838 2274 863 ,
2308 798 2396 866 qui
2429 797 2597 866 ipsius
2635 799 2842 853 muneri
2886 800 3274 866 successimus,

1694 888 2059 942 exhortamur.
2091 887 2450 955 Quamobrem
2476 904 2544 943 ne
2568 889 2886 945 existimetis
2912 906 3006 947 vos
3052 907 3080 945 a
3120 892 3277 949 nobis

1694 981 1870 1052 rogari
1901 998 1917 1035 :
1945 981 2190 1037 Christus
2218 982 2333 1051 ipse
2363 996 2457 1036 vos
2477 990 2666 1051 rogat,
2696 981 2858 1038 Pater
2896 983 3011 1055 ipse
3038 1000 3135 1054 per
3173 999 3275 1039 nos

1694 1086 1790 1126 vos
1816 1083 1952 1126 orat.
1982 1072 2188 1149 Ecquid
2216 1083 2298 1127 est
2321 1072 2464 1143 quod
2490 1087 2615 1127 cum
2652 1082 2757 1127 tam
2793 1074 2988 1129 eximia
3031 1075 3278 1147 benigni-

1695 1172 1803 1219 tate
1825 1163 2298 1241 conferri'possit?
2340 1163 2459 1234 Ipse
2500 1164 2643 1219 enim
2689 1174 2809 1234 post
2852 1165 3130 1222 innumera
3175 1183 3272 1224 sua

1691 1255 1951 1311 beneﬁcia
1975 1256 2313 1313 contumeliis
2336 1255 2577 1320 aﬁ‘ectus,
2616 1271 2721 1313 non
2749 1257 2909 1313 modo
2953 1259 3123 1315 nullas
3161 1274 3279 1331 pte.

1695 1363 1792 1404 nas
1818 1349 2067 1417 sumpsit,
2104 1364 2286 1405 verum
2311 1348 2471 1404 etiam
2495 1349 2688 1404 Filium
2709 1366 2863 1406 suum
2893 1350 3062 1419 dedit,
3087 1362 3145 1407 ut
3171 1352 3275 1423 ipsi

1694 1440 2124 1497 reconciliemur.
2151 1441 2253 1511 Qui
2277 1450 2455 1497 autem
2484 1456 2608 1497 eum
2653 1452 3011 1512 acceperunt,
3056 1444 3190 1501 adeo
3218 1445 3272 1499 in

1689 1534 1915 1603 gratiam
1944 1532 2125 1588 reduci
2151 1550 2257 1589 non
2298 1543 2584 1599 curarunt,
2633 1543 2692 1589 ut
2728 1535 2889 1590 etiam
2929 1549 3052 1591 eum
3102 1544 3276 1591 morte

1690 1622 1988 1679 aﬁ‘ecerint.
2017 1624 2249 1679 Rursum
2278 1626 2414 1679 alios
2454 1624 2833 1693 deprecatores
2875 1625 3051 1691 misit,
3101 1627 3273 1697 iisque

1692 1717 1893 1782 missis,
1924 1716 2040 1786 ipse
2067 1725 2151 1771 est
2177 1717 2268 1787 qui
2297 1726 2469 1787 rogat.
2496 1715 2632 1785 Quid
2660 1725 2835 1772 autem
2857 1716 3043 1787 rogat?
3073 1716 3275 1773 Recon-

1690 1807 1937 1861 ciliamini
1966 1806 2093 1862 Deo.
2140 1807 2256 1861 Non
2300 1809 2466 1872 dixit,
2510 1809 2604 1865 Dei
2650 1809 2877 1879 gratiam
2924 1819 3272 1881 recuperate;

1694 1914 1871 1970 neque
1899 1900 2041 1955 enim
2070 1900 2185 1970 ipse
2207 1908 2293 1954 est
2315 1900 2405 1970 qui
2432 1899 2740 1956 inimicitias
2776 1902 2955 1971 gerit,
2997 1901 3091 1957 sed
3129 1919 3265 1958 vos:

1694 1992 1833 2048 Deus
1858 1993 2053 2063 quippe
2082 2007 2368 2063 numquam
2397 1992 2702 2047 inimicitias
2730 1995 2887 2064 gerit.
2917 1995 3093 2065 Atque
3112 1996 3273 2051 etiam

1694 2091 1751 2137 ut
1779 2083 1985 2152 legatus
2007 2082 2223 2149 missus,
2246 2098 2463 2139 causam
2484 2083 2811 2155 disceptans.
2841 2085 2931 2140 21.
2962 2085 3097 2140 Eum
3118 2088 3274 2154 enim,

1692 2174 1882 2244 inquit,
1910 2175 1997 2245 qui
2020 2191 2120 2229 non
2147 2185 2352 2230 noverat
2380 2186 2673 2249 peccatum,
2712 2192 2805 2247 pro
2834 2177 2974 2231 nobis
3015 2189 3276 2247 peccatum

1692 2266 1829 2336 fecit.
1854 2264 1969 2320 Non
1997 2265 2175 2334 priora
2204 2266 2346 2332 dico,
2380 2266 2583 2338 inquit,
2613 2282 2807 2337 nempe
2830 2267 2974 2338 quod
2999 2278 3279 2325 contumeo

1692 2357 1761 2412 lia
1788 2373 1912 2413 eum
1941 2357 2236 2422 aﬁ‘ecistis,
2283 2358 2427 2429 quod
2478 2375 2601 2414 eum
2648 2375 2679 2413 a
2727 2374 2835 2429 quo
2885 2360 3017 2415 nihil
3063 2361 3276 2432 injuriae

1691 2449 2047 2519 aceeperatis,
2080 2448 2224 2520 quod
2252 2450 2508 2520 praeclare
2530 2452 2599 2507 de
2628 2452 2780 2506 vobis
2810 2454 3058 2507 meritum
3085 2494 3099 2517 ,
3130 2453 3275 2524 quod

1693 2541 1863 2595 nullas
1890 2556 1920 2594 a
1950 2541 2104 2596 vobis
2135 2555 2320 2609 poenas
2354 2542 2650 2614 expetivit,
2698 2541 2841 2612 quod
2894 2544 3041 2613 prior
3083 2544 3273 2613 injuria

1691 2632 1917 2689 aﬁ‘ectus
1938 2672 1954 2697 ,
1984 2632 2129 2703 prior
2158 2642 2310 2704 rogat
2337 2648 2355 2688 :
2385 2633 2517 2690 nihil
2548 2633 2736 2689 borum
2765 2651 2907 2691 nunc
2950 2650 3278 2692 commemo-

1691 2736 1861 2782 retur.
1888 2728 2081 2783 Annon
2105 2729 2192 2783 vel
2238 2728 2309 2783 oh
2353 2743 2519 2783 unum
2574 2728 2676 2784 hoc
2720 2729 3081 2799 beneﬁcium,
3130 2732 3272 2803 quod

1692 2833 1834 2873 nunc
1863 2818 1915 2873 in
1943 2833 2038 2874 vos
2065 2820 2329 2888 contulit,
2361 2835 2570 2890 :equum
2606 2819 2765 2876 fuerit
2809 2830 2869 2877 ut
2890 2839 3012 2878 cum
3056 2824 3173 2893 ipso
3221 2826 3273 2879 in

1690 2914 1915 2983 gratiam
1944 2912 2211 2967 redeatis?
2241 2913 2305 2967 Et
2324 2912 2468 2982 quod
2497 2912 2749 2967 tandem?
2775 2914 2909 2967 Eum
2937 2915 3025 2984 qui
3050 2932 3151 2970 non
3186 2933 3278 2970 ne-

1691 3014 1828 3059 verat
1854 3014 2114 3074 peccatum
2132 3045 2147 3068 ,
2176 3019 2269 3074 pro
2296 3003 2434 3058 vobis
2455 3014 2715 3076 peccatum
2744 3006 2879 3075 fecit.
2904 3005 3036 3061 Nam
3062 3008 3272 3063 etiamsi

1693 3096 1823 3149 nihil
1853 3095 2073 3151 omnino
2102 3096 2463 3166 praestitisset,
2490 3095 2583 3151 sed
2610 3095 2713 3151 hoc
2740 3096 3017 3154 dumtaxat
3038 3100 3253 3155 fecisset

1691 3188 1886 3259 cogita,
1917 3204 2122 3259 qnzeso,
2151 3186 2337 3260 quanti
2363 3188 2493 3245 illud
2515 3188 2887 3244 :estimandum
2930 3203 3046 3246 erat
3072 3231 3089 3257 ,
3130 3192 3273 3262 quod

1693 3280 1886 3335 Filium
1911 3296 2063 3334 suum
2093 3296 2192 3352 pro
2220 3281 2318 3347 iis,
2364 3295 2395 3335 a
2440 3280 2633 3351 quibus
2676 3282 2999 3337 contumelia
3054 3281 3277 3338 affectus

1693 3374 1886 3439 fuerat,
1913 3371 2172 3427 dedisset.
2200 3372 2350 3427 Nune
2385 3387 2515 3427 vero
2557 3380 2612 3427 et
2658 3386 2847 3444 magna
2893 3374 3177 3443 praestitit.
3219 3385 3276 3431 et

1695 3475 1951 3534 prmterea
1983 3480 2105 3519 eum
2135 3464 2225 3534 qui
2250 3464 2410 3519 lmsus
2433 3463 2635 3531 fuerat,
2665 3480 2765 3534 pro
2792 3465 2857 3520 iis
2882 3466 2974 3536 qui
3001 3466 3270 3532 laeserant,

1691 3554 1919 3609 cruciari
1948 3554 2210 3625 permisit.
2240 3555 2309 3610 At
2338 3553 2444 3622 hoc
2464 3554 2681 3611 minime
2709 3556 2921 3626 quidem
2963 3557 3097 3613 dixit
3130 3563 3276 3628 Apo-

1693 3647 1883 3713 stolus,
1909 3647 2026 3713 sed,
2055 3648 2197 3718 quod
2219 3648 2385 3702 multo
2409 3646 2493 3703 his
2518 3646 2689 3719 majus
2714 3657 2849 3713 erat,
2882 3652 3076 3721 posuit.
3108 3652 3277 3720 Quid-

1692 3753 1814 3793 nam
1843 3738 2065 3793 autem?
2092 3736 2251 3806 Eum,
2279 3738 2473 3809 inquit,
2499 3740 2586 3809 qui
2604 3754 2703 3793 non
2730 3750 2936 3795 noverat
2979 3754 3237 3813 peccatum
3255 3784 3273 3811 ,

1690 3829 1781 3900 qui
1808 3829 2032 3899 ipsamet
2058 3829 2260 3899 justitia
2284 3839 2429 3898 erat,
2458 3840 2726 3901 peccatum
2745 3831 2904 3901 fecit;
2934 3832 3035 3889 hoc
3063 3845 3183 3901 est,
3213 3847 3274 3891 ut

1693 3932 2024 3992 peccatorem
2051 3922 2392 3979 condemnari
2436 3938 2624 3994 passus
2670 3938 2787 3990 est,
2834 3936 2893 3981 ut
2933 3927 3273 3984 maledictum

1692 4013 1961 4069 hominem
1993 4015 2127 4070 mori
2163 4033 2174 4068 :
2211 4013 2514 4069 .ilaledictus
2539 4015 2679 4071 enim
2700 4059 2716 4083 ,
2747 4018 2835 4088 qui
2880 4019 3062 4087 pendet
3104 4020 3157 4075 in
3201 4023 3270 4075 li-

1689 4121 1789 4175 gno
1819 4104 1837 4174 (
1857 4104 2005 4159 Deut.
2029 4105 2120 4161 21.
2150 4105 2223 4161 23
2247 4108 2285 4176 ).
2316 4106 2482 4162 Multo
2524 4107 2723 4178 quippe
2765 4110 2998 4165 atrocius
3041 4122 3156 4167 erat
3201 4114 3271 4169 ita

1691 4198 1825 4251 mori
1851 4239 1865 4263 ,
1898 4213 2056 4267 quam
2084 4198 2367 4254 dumtaxat
2393 4201 2525 4254 mori
2558 4217 2571 4253 :
2605 4201 2744 4271 quod
2774 4202 2888 4272 ipse
2911 4220 3125 4275 quoque
3167 4208 3273 4261 alio

1690 4287 1808 4343 loco
1850 4289 2178 4355 subiudicat,
2214 4289 2426 4357 dicens,
2477 4290 2669 4345 Factus
2708 4295 2940 4349 obediens
2983 4312 3140 4366 usque
3202 4299 3272 4352 ad

1689 4390 1897 4435 mortem
1916 4422 1931 4447 ,
1964 4392 2172 4436 mortem
2199 4392 2365 4437 autem
2388 4384 2552 4438 crucis
2584 4382 2857 4458 (Philipp.
2878 4388 2931 4442 2.
2965 4391 3056 4460 8).
3085 4390 3273 4461 Neque

1688 4474 1830 4528 enim
1862 4475 2155 4529 cruciatum
2192 4474 2468 4531 dumtaxat
2511 4490 2574 4532 ea
2623 4492 2712 4534 res
2753 4478 3022 4546 habebat,
3069 4483 3166 4538 sed
3212 4495 3268 4540 et

1688 4565 2050 4636 ignominiam.
2076 4566 2451 4623 Animadverte
2468 4567 2645 4639 itaque
2672 4580 2801 4640 quot
2824 4570 2893 4627 ab
2919 4587 2985 4627 eo
3013 4574 3274 4631 beneﬁcia

1687 4659 1977 4730 acceperis.
2010 4658 2257 4730 Magnum
2285 4660 2427 4713 enim
2456 4660 2783 4718 censendum
2814 4671 2898 4718 est
2919 4703 2938 4728 ,
2966 4678 3087 4719 eum
3116 4669 3267 4737 quis,

1687 4751 1847 4808 etiam
1875 4760 2149 4821 peccator,
2180 4765 2276 4820 pro
2300 4750 2407 4807 alio
2432 4752 2753 4823 quicumque
2781 4752 2851 4808 sit
2890 4764 3118 4830 mortem
3163 4772 3267 4829 0p—

1689 4844 1860 4914 petit:
1893 4850 1948 4897 at
1975 4858 2092 4898 cum
2116 4842 2291 4911 justus
2310 4844 2472 4899 etiam
2523 4852 2606 4899 est
2651 4842 2742 4915 qui
2785 4844 3023 4915 patitur,
3074 4856 3130 4903 et
3168 4863 3274 4918 pro

1688 4935 2057 5005 peccatoribus
2082 4936 2341 5003 moritur;
2373 4951 2473 4992 nec
2500 4937 2674 4991 solum
2703 4938 2947 5006 moritur,
2978 4940 3073 4996 sed
3100 4942 3263 4999 etiam

1687 5034 1743 5080 ut
1772 5024 2153 5091 exsecrandus,
2180 5040 2280 5081 nec
2305 5033 2362 5080 ut
2380 5027 2738 5083 exsecrandus
2767 5037 2967 5084 tantum
2996 5033 3258 5101 moritur,

1684 5132 1870 5170 verum
1901 5117 2059 5170 etiam
2084 5116 2313 5186 ingentia
2343 5114 2469 5171 hinc
2487 5156 2505 5180 ,
2532 5126 2587 5173 et
2617 5134 2733 5189 quae
2760 5134 3044 5189 numquam
3071 5136 3264 5193 exspe-

1683 5216 2039 5272 ctaveramus,
2067 5208 2205 5263 bona
2233 5206 2387 5263 nobis
2405 5207 2693 5280 conciliat(
2717 5207 2787 5267 Ut
2805 5212 2949 5266 enim
2980 5214 3266 5283 efﬁciamur

1683 5299 1777 5354 Dei
1799 5301 2004 5371 justitia
2032 5302 2086 5354 in
2114 5300 2223 5371 ipso
2246 5339 2263 5365 ,
2309 5298 2520 5371 inquit)
2549 5316 2563 5353 :
2593 5315 2839 5372 quaenam
2887 5302 3001 5359 haec
3042 5307 3261 5379 oratio,

1682 5411 1923 5464 quamam
1953 5411 2102 5449 mens
2125 5394 2237 5449 lucc
2266 5396 2515 5466 consequi
2545 5405 2703 5466 atque
2736 5399 3036 5468 exprimere
3064 5402 3268 5471 queat?

1683 5487 1815 5541 Eum
1844 5487 2007 5553 enim,
2031 5487 2118 5556 qui
2151 5487 2327 5555 justus
2357 5497 2492 5550 erat,
2524 5486 2713 5556 inquit,
2743 5498 3076 5558 peccatorem
3098 5490 3261 5556 fecit,

1682 5588 1732 5630 ut
1760 5585 2069 5646 peccatores
2094 5577 2268 5646 justos
2297 5576 2520 5633 efﬁciat.
2551 5576 2661 5633 imo
2707 5594 2773 5633 ne
2811 5581 2890 5634 sic
2927 5579 3141 5649 quidem
3172 5581 3257 5633 lo-

1683 5680 1873 5742 quutus
1904 5679 2004 5738 est,
2039 5669 2130 5725 scd
2178 5669 2318 5741 quod
2360 5670 2516 5741 longe
2558 5662 2839 5726 sublimius
2885 5680 3035 5742 erat,
3083 5671 3257 5730 dixit.
