  <div class='ocr_page' id='page_1' title='image "/cluster/home/n/w/nwhite01/storage/ocr_20150623/61/hvd.32044019190461/485.png"; bbox 0 0 3780 6308; ppageno 0'>
   <div class='ocr_carea' id='block_1_1' title="bbox 347 277 455 333">
    <p class='ocr_par' dir='ltr' id='par_1_1' title="bbox 347 277 455 333">
     <span class='ocr_line' id='line_1_1' title="bbox 347 277 455 333; baseline 0 0"><span class='ocrx_word' id='word_1_1' title='bbox 347 277 455 333; x_wconf 70' lang='grc' dir='ltr'><strong>ιἹῦ</strong></span> 
     </span>
    </p>
   </div>
   <div class='ocr_carea' id='block_1_2' title="bbox 349 361 1933 460">
    <p class='ocr_par' dir='ltr' id='par_1_2' title="bbox 349 361 1933 460">
     <span class='ocr_line' id='line_1_2' title="bbox 349 361 1933 460; baseline -0.023 -11"><span class='ocrx_word' id='word_1_2' title='bbox 349 388 683 460; x_wconf 75' lang='lat' dir='ltr'><strong>nequeenim</strong></span> <span class='ocrx_word' id='word_1_3' title='bbox 706 382 1064 446; x_wconf 80' lang='lat' dir='ltr'><strong>affectionem,</strong></span> <span class='ocrx_word' id='word_1_4' title='bbox 1087 377 1182 433; x_wconf 82' lang='lat' dir='ltr'><strong>sed</strong></span> <span class='ocrx_word' id='word_1_5' title='bbox 1209 375 1516 446; x_wconf 86' lang='lat' dir='ltr'><strong>qualitatem</strong></span> <span class='ocrx_word' id='word_1_6' title='bbox 1539 370 1718 460; x_wconf 12' lang='lat' dir='ltr'><strong>ips—amr</strong></span> <span class='ocrx_word' id='word_1_7' title='bbox 1736 361 1933 434; x_wconf 98' lang='lat' dir='ltr'><strong>posuit.</strong></span> 
     </span>
    </p>
   </div>
   <div class='ocr_carea' id='block_1_3' title="bbox 356 458 1941 542">
    <p class='ocr_par' dir='ltr' id='par_1_3' title="bbox 356 458 1941 542">
     <span class='ocr_line' id='line_1_3' title="bbox 356 458 1941 542; baseline -0.022 -3"><span class='ocrx_word' id='word_1_8' title='bbox 356 458 470 540; x_wconf 85' lang='lat' dir='ltr'><strong>Non</strong></span> <span class='ocrx_word' id='word_1_9' title='bbox 502 483 644 537; x_wconf 90' lang='lat' dir='ltr'><strong>enim</strong></span> <span class='ocrx_word' id='word_1_10' title='bbox 676 479 844 541; x_wconf 90' lang='lat' dir='ltr'><strong>dixit,</strong></span> <span class='ocrx_word' id='word_1_11' title='bbox 872 474 1025 531; x_wconf 82' lang='lat' dir='ltr'><strong>Fecit</strong></span> <span class='ocrx_word' id='word_1_12' title='bbox 1053 476 1411 542; x_wconf 88' lang='lat' dir='ltr'><strong>peccatorem,</strong></span> <span class='ocrx_word' id='word_1_13' title='bbox 1431 462 1525 517; x_wconf 91' lang='lat' dir='ltr'><strong>sed</strong></span> <span class='ocrx_word' id='word_1_14' title='bbox 1548 504 1563 527; x_wconf 90' lang='lat'><strong>,</strong></span> <span class='ocrx_word' id='word_1_15' title='bbox 1598 458 1741 513; x_wconf 80' lang='lat' dir='ltr'><strong>Fecit</strong></span> <span class='ocrx_word' id='word_1_16' title='bbox 1764 469 1941 525; x_wconf 83' lang='lat' dir='ltr'><strong>pecea-</strong></span> 
     </span>
    </p>
   </div>
   <div class='ocr_carea' id='block_1_4' title="bbox 354 543 1937 639">
    <p class='ocr_par' dir='ltr' id='par_1_4' title="bbox 354 543 1937 639">
     <span class='ocr_line' id='line_1_4' title="bbox 354 543 1937 639; baseline -0.02 -10"><span class='ocrx_word' id='word_1_17' title='bbox 354 589 460 629; x_wconf 82' lang='lat' dir='ltr'><strong>tum</strong></span> <span class='ocrx_word' id='word_1_18' title='bbox 486 592 503 639; x_wconf 87' lang='lat'><strong><em>;</em></strong></span> <span class='ocrx_word' id='word_1_19' title='bbox 537 588 667 637; x_wconf 91' lang='lat' dir='ltr'><strong>non,</strong></span> <span class='ocrx_word' id='word_1_20' title='bbox 699 569 836 624; x_wconf 83' lang='lat' dir='ltr'><strong>Eum</strong></span> <span class='ocrx_word' id='word_1_21' title='bbox 859 567 947 636; x_wconf 92' lang='lat' dir='ltr'><strong>qui</strong></span> <span class='ocrx_word' id='word_1_22' title='bbox 975 570 1252 634; x_wconf 90' lang='lat' dir='ltr'><strong>peccatum</strong></span> <span class='ocrx_word' id='word_1_23' title='bbox 1281 572 1389 613; x_wconf 88' lang='lat' dir='ltr'><strong>non</strong></span> <span class='ocrx_word' id='word_1_24' title='bbox 1412 558 1745 625; x_wconf 89' lang='lat' dir='ltr'><strong>perpetrarat</strong></span> <span class='ocrx_word' id='word_1_25' title='bbox 1766 588 1781 612; x_wconf 94' lang='lat'><strong>,</strong></span> <span class='ocrx_word' id='word_1_26' title='bbox 1819 543 1937 608; x_wconf 90' lang='lat' dir='ltr'><strong>sed,</strong></span> 
     </span>
    </p>
   </div>
   <div class='ocr_carea' id='block_1_5' title="bbox 354 641 1939 735">
    <p class='ocr_par' dir='ltr' id='par_1_5' title="bbox 354 641 1939 735">
     <span class='ocr_line' id='line_1_5' title="bbox 354 641 1939 735; baseline -0.021 -13"><span class='ocrx_word' id='word_1_27' title='bbox 354 670 455 734; x_wconf 80' lang='lat' dir='ltr'><strong>Qui</strong></span> <span class='ocrx_word' id='word_1_28' title='bbox 481 681 548 720; x_wconf 94' lang='lat' dir='ltr'><strong>ne</strong></span> <span class='ocrx_word' id='word_1_29' title='bbox 581 670 854 733; x_wconf 88' lang='lat' dir='ltr'><strong>peccatum</strong></span> <span class='ocrx_word' id='word_1_30' title='bbox 881 657 1095 728; x_wconf 84' lang='lat' dir='ltr'><strong>quidem</strong></span> <span class='ocrx_word' id='word_1_31' title='bbox 1121 659 1275 709; x_wconf 90' lang='lat' dir='ltr'><strong>norat</strong></span> <span class='ocrx_word' id='word_1_32' title='bbox 1301 668 1315 704; x_wconf 91' lang='lat'>:</span> <span class='ocrx_word' id='word_1_33' title='bbox 1350 657 1407 702; x_wconf 91' lang='lat' dir='ltr'><strong>ut</strong></span> <span class='ocrx_word' id='word_1_34' title='bbox 1431 656 1480 701; x_wconf 93' lang='lat' dir='ltr'><strong>et</strong></span> <span class='ocrx_word' id='word_1_35' title='bbox 1508 658 1608 735; x_wconf 78' lang='lat' dir='ltr'><strong>nos</strong></span> <span class='ocrx_word' id='word_1_36' title='bbox 1623 641 1939 735; x_wconf 81' lang='lat' dir='ltr'><strong>efﬁciamur,</strong></span> 
     </span>
    </p>
   </div>
   <div class='ocr_carea' id='block_1_6' title="bbox 355 730 1941 824">
    <p class='ocr_par' dir='ltr' id='par_1_6' title="bbox 355 730 1941 824">
     <span class='ocr_line' id='line_1_6' title="bbox 355 730 1941 824; baseline -0.021 -12"><span class='ocrx_word' id='word_1_37' title='bbox 355 730 463 812; x_wconf 71' lang='lat' dir='ltr'><strong>non</strong></span> <span class='ocrx_word' id='word_1_38' title='bbox 487 730 638 824; x_wconf 84' lang='lat' dir='ltr'><strong>justi,</strong></span> <span class='ocrx_word' id='word_1_39' title='bbox 662 751 755 806; x_wconf 86' lang='lat' dir='ltr'><strong>sed</strong></span> <span class='ocrx_word' id='word_1_40' title='bbox 781 748 986 819; x_wconf 84' lang='lat' dir='ltr'><strong>justitia</strong></span> <span class='ocrx_word' id='word_1_41' title='bbox 1018 746 1131 815; x_wconf 91' lang='lat' dir='ltr'><strong>ipsa</strong></span> <span class='ocrx_word' id='word_1_42' title='bbox 1153 786 1168 806; x_wconf 89' lang='lat'><strong>,</strong></span> <span class='ocrx_word' id='word_1_43' title='bbox 1200 752 1360 812; x_wconf 91' lang='lat' dir='ltr'><strong>atque</strong></span> <span class='ocrx_word' id='word_1_44' title='bbox 1403 736 1538 791; x_wconf 88' lang='lat' dir='ltr'><strong>adeo</strong></span> <span class='ocrx_word' id='word_1_45' title='bbox 1582 733 1677 787; x_wconf 97' lang='lat' dir='ltr'><strong>Dei</strong></span> <span class='ocrx_word' id='word_1_46' title='bbox 1714 730 1941 824; x_wconf 78' lang='lat' dir='ltr'><strong>justitia.</strong></span> 
     </span>
    </p>
   </div>
   <div class='ocr_carea' id='block_1_7' title="bbox 358 822 1947 912">
    <p class='ocr_par' dir='ltr' id='par_1_7' title="bbox 358 822 1947 912">
     <span class='ocr_line' id='line_1_7' title="bbox 358 822 1947 912; baseline -0.017 -10"><span class='ocrx_word' id='word_1_47' title='bbox 358 849 451 904; x_wconf 88' lang='lat' dir='ltr'><strong>Dei</strong></span> <span class='ocrx_word' id='word_1_48' title='bbox 473 822 615 901; x_wconf 82' lang='lat' dir='ltr'><strong>enim</strong></span> <span class='ocrx_word' id='word_1_49' title='bbox 649 844 762 912; x_wconf 90' lang='lat' dir='ltr'><strong>ipsa</strong></span> <span class='ocrx_word' id='word_1_50' title='bbox 792 850 897 903; x_wconf 89' lang='lat' dir='ltr'><strong>est,</strong></span> <span class='ocrx_word' id='word_1_51' title='bbox 927 852 1047 894; x_wconf 91' lang='lat' dir='ltr'><strong>cum</strong></span> <span class='ocrx_word' id='word_1_52' title='bbox 1075 852 1181 891; x_wconf 90' lang='lat' dir='ltr'><strong>non</strong></span> <span class='ocrx_word' id='word_1_53' title='bbox 1208 851 1273 890; x_wconf 87' lang='lat' dir='ltr'><strong>ex</strong></span> <span class='ocrx_word' id='word_1_54' title='bbox 1297 832 1548 904; x_wconf 85' lang='lat' dir='ltr'><strong>operibus</strong></span> <span class='ocrx_word' id='word_1_55' title='bbox 1595 829 1757 899; x_wconf 87' lang='lat' dir='ltr'><strong>(nam</strong></span> <span class='ocrx_word' id='word_1_56' title='bbox 1792 824 1845 877; x_wconf 92' lang='lat' dir='ltr'><strong>in</strong></span> <span class='ocrx_word' id='word_1_57' title='bbox 1882 822 1947 876; x_wconf 88' lang='lat' dir='ltr'><strong>iis</strong></span> 
     </span>
    </p>
   </div>
   <div class='ocr_carea' id='block_1_8' title="bbox 358 917 1943 996">
    <p class='ocr_par' dir='ltr' id='par_1_8' title="bbox 358 917 1943 996">
     <span class='ocr_line' id='line_1_8' title="bbox 358 917 1943 996; baseline -0.018 -1"><span class='ocrx_word' id='word_1_58' title='bbox 358 941 561 996; x_wconf 88' lang='lat' dir='ltr'><strong>nullam</strong></span> <span class='ocrx_word' id='word_1_59' title='bbox 592 937 769 993; x_wconf 80' lang='lat' dir='ltr'><strong>labem</strong></span> <span class='ocrx_word' id='word_1_60' title='bbox 799 932 1025 988; x_wconf 83' lang='lat' dir='ltr'><strong>inveniri</strong></span> <span class='ocrx_word' id='word_1_61' title='bbox 1058 944 1279 986; x_wconf 90' lang='lat' dir='ltr'><strong>necesse</strong></span> <span class='ocrx_word' id='word_1_62' title='bbox 1305 929 1507 993; x_wconf 88' lang='lat' dir='ltr'><strong>esset),</strong></span> <span class='ocrx_word' id='word_1_63' title='bbox 1535 921 1629 977; x_wconf 88' lang='lat' dir='ltr'><strong>sed</strong></span> <span class='ocrx_word' id='word_1_64' title='bbox 1660 936 1725 976; x_wconf 89' lang='lat' dir='ltr'><strong>ex</strong></span> <span class='ocrx_word' id='word_1_65' title='bbox 1752 917 1943 989; x_wconf 87' lang='lat' dir='ltr'><strong>gratia,</strong></span> 
     </span>
    </p>
   </div>
   <div class='ocr_carea' id='block_1_9' title="bbox 361 1010 1950 1102">
    <p class='ocr_par' dir='ltr' id='par_1_9' title="bbox 361 1010 1950 1102">
     <span class='ocr_line' id='line_1_9' title="bbox 361 1010 1950 1102; baseline -0.014 -17"><span class='ocrx_word' id='word_1_66' title='bbox 361 1048 483 1102; x_wconf 78' lang='lat' dir='ltr'><strong>qua:</strong></span> <span class='ocrx_word' id='word_1_67' title='bbox 511 1038 787 1100; x_wconf 86' lang='lat' dir='ltr'><strong>peceatum</strong></span> <span class='ocrx_word' id='word_1_68' title='bbox 816 1040 974 1080; x_wconf 91' lang='lat' dir='ltr'><strong>omne</strong></span> <span class='ocrx_word' id='word_1_69' title='bbox 1007 1036 1223 1093; x_wconf 84' lang='lat' dir='ltr'><strong>prorsus</strong></span> <span class='ocrx_word' id='word_1_70' title='bbox 1250 1019 1410 1080; x_wconf 85' lang='lat' dir='ltr'><strong>delet.</strong></span> <span class='ocrx_word' id='word_1_71' title='bbox 1440 1014 1811 1086; x_wconf 88' lang='lat' dir='ltr'><strong>justiﬁcamur.</strong></span> <span class='ocrx_word' id='word_1_72' title='bbox 1838 1010 1950 1064; x_wconf 86' lang='lat' dir='ltr'><strong>Hoc</strong></span> 
     </span>
    </p>
   </div>
   <div class='ocr_carea' id='block_1_10' title="bbox 362 1103 1949 1193">
    <p class='ocr_par' dir='ltr' id='par_1_10' title="bbox 362 1103 1949 1193">
     <span class='ocr_line' id='line_1_10' title="bbox 362 1103 1949 1193; baseline -0.013 -18"><span class='ocrx_word' id='word_1_73' title='bbox 362 1138 528 1193; x_wconf 88' lang='lat' dir='ltr'><strong>porro</strong></span> <span class='ocrx_word' id='word_1_74' title='bbox 558 1120 717 1175; x_wconf 85' lang='lat' dir='ltr'><strong>simul</strong></span> <span class='ocrx_word' id='word_1_75' title='bbox 748 1132 845 1172; x_wconf 91' lang='lat' dir='ltr'><strong>nec</strong></span> <span class='ocrx_word' id='word_1_76' title='bbox 874 1115 1065 1170; x_wconf 89' lang='lat' dir='ltr'><strong>animis</strong></span> <span class='ocrx_word' id='word_1_77' title='bbox 1094 1112 1271 1168; x_wconf 77' lang='lat' dir='ltr'><strong>efferri</strong></span> <span class='ocrx_word' id='word_1_78' title='bbox 1300 1125 1397 1164; x_wconf 90' lang='lat' dir='ltr'><strong>nos</strong></span> <span class='ocrx_word' id='word_1_79' title='bbox 1425 1108 1582 1170; x_wconf 91' lang='lat' dir='ltr'><strong>sinit,</strong></span> <span class='ocrx_word' id='word_1_80' title='bbox 1625 1103 1765 1175; x_wconf 90' lang='lat' dir='ltr'><strong>quod</strong></span> <span class='ocrx_word' id='word_1_81' title='bbox 1812 1104 1949 1157; x_wconf 91' lang='lat' dir='ltr'><strong>Deus</strong></span> 
     </span>
    </p>
   </div>
   <div class='ocr_carea' id='block_1_11' title="bbox 364 1195 1949 1270">
    <p class='ocr_par' dir='ltr' id='par_1_11' title="bbox 364 1195 1949 1270">
     <span class='ocr_line' id='line_1_11' title="bbox 364 1195 1949 1270; baseline -0.012 -2"><span class='ocrx_word' id='word_1_82' title='bbox 364 1215 417 1269; x_wconf 91' lang='lat' dir='ltr'><strong>id</strong></span> <span class='ocrx_word' id='word_1_83' title='bbox 450 1221 619 1268; x_wconf 90' lang='lat' dir='ltr'><strong>totum</strong></span> <span class='ocrx_word' id='word_1_84' title='bbox 651 1210 803 1265; x_wconf 89' lang='lat' dir='ltr'><strong>nobis</strong></span> <span class='ocrx_word' id='word_1_85' title='bbox 831 1207 1109 1270; x_wconf 86' lang='lat' dir='ltr'><strong>tribuerit,</strong></span> <span class='ocrx_word' id='word_1_86' title='bbox 1144 1213 1199 1260; x_wconf 92' lang='lat' dir='ltr'><strong>et</strong></span> <span class='ocrx_word' id='word_1_87' title='bbox 1239 1200 1481 1257; x_wconf 83' lang='lat' dir='ltr'><strong>beneficii</strong></span> <span class='ocrx_word' id='word_1_88' title='bbox 1534 1195 1949 1268; x_wconf 80' lang='lat' dir='ltr'><strong>magnitudinem</strong></span> 
     </span>
    </p>
   </div>
   <div class='ocr_carea' id='block_1_12' title="bbox 365 1287 1952 1364">
    <p class='ocr_par' dir='ltr' id='par_1_12' title="bbox 365 1287 1952 1364">
     <span class='ocr_line' id='line_1_12' title="bbox 365 1287 1952 1364; baseline -0.014 -2"><span class='ocrx_word' id='word_1_89' title='bbox 365 1304 624 1363; x_wconf 82' lang='lat' dir='ltr'><strong>ostendit.</strong></span> <span class='ocrx_word' id='word_1_90' title='bbox 658 1304 811 1358; x_wconf 86' lang='lat' dir='ltr'><strong>Prior</strong></span> <span class='ocrx_word' id='word_1_91' title='bbox 836 1301 981 1355; x_wconf 89' lang='lat' dir='ltr'><strong>enim</strong></span> <span class='ocrx_word' id='word_1_92' title='bbox 1008 1298 1097 1353; x_wconf 89' lang='lat' dir='ltr'><strong>illa</strong></span> <span class='ocrx_word' id='word_1_93' title='bbox 1133 1294 1265 1364; x_wconf 82' lang='lat' dir='ltr'><strong>legis</strong></span> <span class='ocrx_word' id='word_1_94' title='bbox 1293 1302 1453 1363; x_wconf 90' lang='lat' dir='ltr'><strong>atque</strong></span> <span class='ocrx_word' id='word_1_95' title='bbox 1481 1304 1702 1360; x_wconf 83' lang='lat' dir='ltr'><strong>operum</strong></span> <span class='ocrx_word' id='word_1_96' title='bbox 1748 1287 1952 1357; x_wconf 89' lang='lat' dir='ltr'><strong>justitia</strong></span> 
     </span>
    </p>
   </div>
   <div class='ocr_carea' id='block_1_13' title="bbox 367 1380 1952 1462">
    <p class='ocr_par' dir='ltr' id='par_1_13' title="bbox 367 1380 1952 1462">
     <span class='ocr_line' id='line_1_13' title="bbox 367 1380 1952 1462; baseline -0.015 -9"><span class='ocrx_word' id='word_1_97' title='bbox 367 1406 487 1462; x_wconf 91' lang='lat' dir='ltr'><strong>est,</strong></span> <span class='ocrx_word' id='word_1_98' title='bbox 514 1396 629 1450; x_wconf 64' lang='lat' dir='ltr'><strong>haec</strong></span> <span class='ocrx_word' id='word_1_99' title='bbox 659 1409 786 1450; x_wconf 85' lang='lat' dir='ltr'><strong>vero</strong></span> <span class='ocrx_word' id='word_1_100' title='bbox 823 1392 915 1447; x_wconf 88' lang='lat' dir='ltr'><strong>Dei</strong></span> <span class='ocrx_word' id='word_1_101' title='bbox 959 1388 1187 1460; x_wconf 91' lang='lat' dir='ltr'><strong>justitia.</strong></span> <span class='ocrx_word' id='word_1_102' title='bbox 1240 1386 1367 1440; x_wconf 65' lang='lat' dir='ltr'><strong>Ilaec</strong></span> <span class='ocrx_word' id='word_1_103' title='bbox 1418 1384 1576 1453; x_wconf 81' lang='lat' dir='ltr'><strong>igitur</strong></span> <span class='ocrx_word' id='word_1_104' title='bbox 1620 1380 1952 1451; x_wconf 88' lang='lat' dir='ltr'><strong>cogitantes,</strong></span> 
     </span>
    </p>
   </div>
   <div class='ocr_carea' id='block_1_14' title="bbox 369 1471 1956 1558">
    <p class='ocr_par' dir='ltr' id='par_1_14' title="bbox 369 1471 1956 1558">
     <span class='ocr_line' id='line_1_14' title="bbox 369 1471 1956 1558; baseline -0.011 -14"><span class='ocrx_word' id='word_1_105' title='bbox 369 1489 539 1558; x_wconf 88' lang='lat' dir='ltr'><strong>magis</strong></span> <span class='ocrx_word' id='word_1_106' title='bbox 565 1486 723 1542; x_wconf 81' lang='lat' dir='ltr'><strong>verba</strong></span> <span class='ocrx_word' id='word_1_107' title='bbox 756 1486 853 1540; x_wconf 90' lang='lat' dir='ltr'><strong>ista</strong></span> <span class='ocrx_word' id='word_1_108' title='bbox 875 1525 891 1550; x_wconf 93' lang='lat'><strong>,</strong></span> <span class='ocrx_word' id='word_1_109' title='bbox 921 1497 1079 1552; x_wconf 91' lang='lat' dir='ltr'><strong>quam</strong></span> <span class='ocrx_word' id='word_1_110' title='bbox 1107 1480 1404 1550; x_wconf 77' lang='lat' dir='ltr'><strong>gehennam</strong></span> <span class='ocrx_word' id='word_1_111' title='bbox 1435 1476 1717 1531; x_wconf 86' lang='lat' dir='ltr'><strong>timeamus</strong></span> <span class='ocrx_word' id='word_1_112' title='bbox 1742 1489 1757 1538; x_wconf 89' lang='lat'><strong>;</strong></span> <span class='ocrx_word' id='word_1_113' title='bbox 1787 1471 1956 1541; x_wconf 86' lang='lat' dir='ltr'><strong>magis</strong></span> 
     </span>
    </p>
   </div>
   <div class='ocr_carea' id='block_1_15' title="bbox 374 1566 1954 1650">
    <p class='ocr_par' dir='ltr' id='par_1_15' title="bbox 374 1566 1954 1650">
     <span class='ocr_line' id='line_1_15' title="bbox 374 1566 1954 1650; baseline -0.011 -14"><span class='ocrx_word' id='word_1_114' title='bbox 374 1584 471 1637; x_wconf 88' lang='lat' dir='ltr'><strong>has</strong></span> <span class='ocrx_word' id='word_1_115' title='bbox 491 1596 606 1644; x_wconf 89' lang='lat' dir='ltr'><strong>res,</strong></span> <span class='ocrx_word' id='word_1_116' title='bbox 632 1594 792 1650; x_wconf 90' lang='lat' dir='ltr'><strong>quam</strong></span> <span class='ocrx_word' id='word_1_117' title='bbox 823 1577 993 1647; x_wconf 90' lang='lat' dir='ltr'><strong>ipsum</strong></span> <span class='ocrx_word' id='word_1_118' title='bbox 1020 1573 1271 1629; x_wconf 53' lang='lat' dir='ltr'><strong>calorum</strong></span> <span class='ocrx_word' id='word_1_119' title='bbox 1317 1585 1540 1639; x_wconf 90' lang='lat' dir='ltr'><strong>regnum</strong></span> <span class='ocrx_word' id='word_1_120' title='bbox 1585 1566 1911 1623; x_wconf 87' lang='lat' dir='ltr'><strong>admiremur</strong></span> <span class='ocrx_word' id='word_1_121' title='bbox 1936 1581 1954 1631; x_wconf 91' lang='lat'><strong>;</strong></span> 
     </span>
    </p>
   </div>
   <div class='ocr_carea' id='block_1_16' title="bbox 374 1659 1955 1742">
    <p class='ocr_par' dir='ltr' id='par_1_16' title="bbox 374 1659 1955 1742">
     <span class='ocr_line' id='line_1_16' title="bbox 374 1659 1955 1742; baseline -0.011 -15"><span class='ocrx_word' id='word_1_122' title='bbox 374 1687 476 1727; x_wconf 88' lang='lat' dir='ltr'><strong>nec</strong></span> <span class='ocrx_word' id='word_1_123' title='bbox 503 1685 663 1742; x_wconf 88' lang='lat' dir='ltr'><strong>grave</strong></span> <span class='ocrx_word' id='word_1_124' title='bbox 692 1683 813 1724; x_wconf 89' lang='lat' dir='ltr'><strong>esse</strong></span> <span class='ocrx_word' id='word_1_125' title='bbox 836 1666 1136 1737; x_wconf 73' lang='lat' dir='ltr'><strong>iudicemus</strong></span> <span class='ocrx_word' id='word_1_126' title='bbox 1168 1677 1323 1733; x_wconf 57' lang='lat' dir='ltr'><strong>paena</strong></span> <span class='ocrx_word' id='word_1_127' title='bbox 1361 1660 1533 1721; x_wconf 75' lang='lat' dir='ltr'><strong>afﬁci,</strong></span> <span class='ocrx_word' id='word_1_128' title='bbox 1574 1659 1665 1714; x_wconf 90' lang='lat' dir='ltr'><strong>sed</strong></span> <span class='ocrx_word' id='word_1_129' title='bbox 1715 1672 1955 1727; x_wconf 86' lang='lat' dir='ltr'><strong>peccare.</strong></span> 
     </span>
    </p>
   </div>
   <div class='ocr_carea' id='block_1_17' title="bbox 375 1751 1959 1830">
    <p class='ocr_par' dir='ltr' id='par_1_17' title="bbox 375 1751 1959 1830">
     <span class='ocr_line' id='line_1_17' title="bbox 375 1751 1959 1830; baseline -0.01 -7"><span class='ocrx_word' id='word_1_130' title='bbox 375 1768 507 1824; x_wconf 81' lang='lat' dir='ltr'><strong>Nam</strong></span> <span class='ocrx_word' id='word_1_131' title='bbox 526 1764 732 1821; x_wconf 89' lang='lat' dir='ltr'><strong>etiamsi</strong></span> <span class='ocrx_word' id='word_1_132' title='bbox 765 1762 879 1830; x_wconf 85' lang='lat' dir='ltr'><strong>ipse</strong></span> <span class='ocrx_word' id='word_1_133' title='bbox 908 1762 959 1815; x_wconf 92' lang='lat' dir='ltr'><strong>in</strong></span> <span class='ocrx_word' id='word_1_134' title='bbox 991 1774 1087 1813; x_wconf 91' lang='lat' dir='ltr'><strong>nos</strong></span> <span class='ocrx_word' id='word_1_135' title='bbox 1115 1757 1334 1812; x_wconf 91' lang='lat' dir='ltr'><strong>minime</strong></span> <span class='ocrx_word' id='word_1_136' title='bbox 1363 1751 1832 1818; x_wconf 88' lang='lat' dir='ltr'><strong>animadverteret,</strong></span> <span class='ocrx_word' id='word_1_137' title='bbox 1861 1766 1959 1807; x_wconf 90' lang='lat' dir='ltr'><strong>nos</strong></span> 
     </span>
    </p>
   </div>
   <div class='ocr_carea' id='block_1_18' title="bbox 377 1845 1960 1922">
    <p class='ocr_par' dir='ltr' id='par_1_18' title="bbox 377 1845 1960 1922">
     <span class='ocr_line' id='line_1_18' title="bbox 377 1845 1960 1922; baseline -0.009 -9"><span class='ocrx_word' id='word_1_138' title='bbox 377 1869 555 1913; x_wconf 89' lang='lat' dir='ltr'><strong>tamen</strong></span> <span class='ocrx_word' id='word_1_139' title='bbox 584 1856 651 1911; x_wconf 91' lang='lat' dir='ltr'><strong>de</strong></span> <span class='ocrx_word' id='word_1_140' title='bbox 677 1854 829 1909; x_wconf 92' lang='lat' dir='ltr'><strong>nobis</strong></span> <span class='ocrx_word' id='word_1_141' title='bbox 858 1852 986 1922; x_wconf 87' lang='lat' dir='ltr'><strong>ipsis</strong></span> <span class='ocrx_word' id='word_1_142' title='bbox 1019 1863 1205 1921; x_wconf 55' lang='lat' dir='ltr'><strong>poenas</strong></span> <span class='ocrx_word' id='word_1_143' title='bbox 1230 1862 1442 1903; x_wconf 84' lang='lat' dir='ltr'><strong>sumere</strong></span> <span class='ocrx_word' id='word_1_144' title='bbox 1463 1847 1781 1901; x_wconf 84' lang='lat' dir='ltr'><strong>deberemus</strong></span> <span class='ocrx_word' id='word_1_145' title='bbox 1805 1887 1819 1911; x_wconf 90' lang='lat'><strong>,</strong></span> <span class='ocrx_word' id='word_1_146' title='bbox 1871 1845 1960 1914; x_wconf 90' lang='lat' dir='ltr'><strong>qui</strong></span> 
     </span>
    </p>
   </div>
   <div class='ocr_carea' id='block_1_19' title="bbox 381 1934 1959 2016">
    <p class='ocr_par' dir='ltr' id='par_1_19' title="bbox 381 1934 1959 2016">
     <span class='ocr_line' id='line_1_19' title="bbox 381 1934 1959 2016; baseline -0.01 -14"><span class='ocrx_word' id='word_1_147' title='bbox 381 1958 486 2003; x_wconf 91' lang='lat' dir='ltr'><strong>tam</strong></span> <span class='ocrx_word' id='word_1_148' title='bbox 536 1946 727 2016; x_wconf 89' lang='lat' dir='ltr'><strong>ingrati</strong></span> <span class='ocrx_word' id='word_1_149' title='bbox 758 1946 809 1998; x_wconf 92' lang='lat' dir='ltr'><strong>in</strong></span> <span class='ocrx_word' id='word_1_150' title='bbox 859 1945 997 1997; x_wconf 89' lang='lat' dir='ltr'><strong>bene</strong></span> <span class='ocrx_word' id='word_1_151' title='bbox 1039 1941 1106 1995; x_wconf 93' lang='lat' dir='ltr'><strong>de</strong></span> <span class='ocrx_word' id='word_1_152' title='bbox 1146 1938 1301 1993; x_wconf 90' lang='lat' dir='ltr'><strong>nobis</strong></span> <span class='ocrx_word' id='word_1_153' title='bbox 1342 1938 1592 1993; x_wconf 85' lang='lat' dir='ltr'><strong>meritum</strong></span> <span class='ocrx_word' id='word_1_154' title='bbox 1638 1934 1959 1991; x_wconf 88' lang='lat' dir='ltr'><strong>exstitimus.</strong></span> 
     </span>
    </p>
   </div>
   <div class='ocr_carea' id='block_1_20' title="bbox 382 2028 1962 2111">
    <p class='ocr_par' dir='ltr' id='par_1_20' title="bbox 382 2028 1962 2111">
     <span class='ocr_line' id='line_1_20' title="bbox 382 2028 1962 2111; baseline -0.009 -16"><span class='ocrx_word' id='word_1_155' title='bbox 382 2040 452 2095; x_wconf 85' lang='lat' dir='ltr'><strong>Et</strong></span> <span class='ocrx_word' id='word_1_156' title='bbox 479 2040 697 2111; x_wconf 87' lang='lat' dir='ltr'><strong>quidem</strong></span> <span class='ocrx_word' id='word_1_157' title='bbox 723 2078 737 2102; x_wconf 95' lang='lat'><strong>,</strong></span> <span class='ocrx_word' id='word_1_158' title='bbox 764 2035 1019 2091; x_wconf 88' lang='lat' dir='ltr'><strong>amasiam</strong></span> <span class='ocrx_word' id='word_1_159' title='bbox 1047 2032 1310 2103; x_wconf 89' lang='lat' dir='ltr'><strong>quispiam</strong></span> <span class='ocrx_word' id='word_1_160' title='bbox 1339 2030 1543 2084; x_wconf 88' lang='lat' dir='ltr'><strong>habens</strong></span> <span class='ocrx_word' id='word_1_161' title='bbox 1569 2071 1581 2093; x_wconf 89' lang='lat'><strong>,</strong></span> <span class='ocrx_word' id='word_1_162' title='bbox 1614 2044 1757 2098; x_wconf 68' lang='lat' dir='ltr'><strong>sa&#39;pe</strong></span> <span class='ocrx_word' id='word_1_163' title='bbox 1801 2028 1962 2082; x_wconf 91' lang='lat' dir='ltr'><strong>etiam</strong></span> 
     </span>
    </p>
   </div>
   <div class='ocr_carea' id='block_1_21' title="bbox 381 2120 1962 2195">
    <p class='ocr_par' dir='ltr' id='par_1_21' title="bbox 381 2120 1962 2195">
     <span class='ocr_line' id='line_1_21' title="bbox 381 2120 1962 2195; baseline -0.009 -8"><span class='ocrx_word' id='word_1_164' title='bbox 381 2133 483 2187; x_wconf 84' lang='lat' dir='ltr'><strong>sibi</strong></span> <span class='ocrx_word' id='word_1_165' title='bbox 513 2140 737 2185; x_wconf 88' lang='lat' dir='ltr'><strong>mortem</strong></span> <span class='ocrx_word' id='word_1_166' title='bbox 770 2126 1046 2189; x_wconf 87' lang='lat' dir='ltr'><strong>conscivit,</strong></span> <span class='ocrx_word' id='word_1_167' title='bbox 1079 2124 1219 2195; x_wconf 90' lang='lat' dir='ltr'><strong>quod</strong></span> <span class='ocrx_word' id='word_1_168' title='bbox 1245 2139 1306 2178; x_wconf 90' lang='lat' dir='ltr'><strong>ea</strong></span> <span class='ocrx_word' id='word_1_169' title='bbox 1330 2122 1486 2193; x_wconf 90' lang='lat' dir='ltr'><strong>potiri</strong></span> <span class='ocrx_word' id='word_1_170' title='bbox 1519 2137 1623 2176; x_wconf 92' lang='lat' dir='ltr'><strong>non</strong></span> <span class='ocrx_word' id='word_1_171' title='bbox 1670 2120 1962 2191; x_wconf 81' lang='lat' dir='ltr'><strong>potuisset;</strong></span> 
     </span>
    </p>
   </div>
   <div class='ocr_carea' id='block_1_22' title="bbox 380 2213 1967 2294">
    <p class='ocr_par' dir='ltr' id='par_1_22' title="bbox 380 2213 1967 2294">
     <span class='ocr_line' id='line_1_22' title="bbox 380 2213 1967 2294; baseline -0.009 -15"><span class='ocrx_word' id='word_1_172' title='bbox 380 2233 543 2294; x_wconf 85' lang='lat' dir='ltr'><strong>atque</strong></span> <span class='ocrx_word' id='word_1_173' title='bbox 572 2223 733 2277; x_wconf 92' lang='lat' dir='ltr'><strong>etiam</strong></span> <span class='ocrx_word' id='word_1_174' title='bbox 762 2219 981 2289; x_wconf 88' lang='lat' dir='ltr'><strong>potitus,</strong></span> <span class='ocrx_word' id='word_1_175' title='bbox 1008 2217 1053 2272; x_wconf 92' lang='lat' dir='ltr'><strong>si</strong></span> <span class='ocrx_word' id='word_1_176' title='bbox 1078 2215 1202 2285; x_wconf 90' lang='lat' dir='ltr'><strong>quid</strong></span> <span class='ocrx_word' id='word_1_177' title='bbox 1233 2216 1285 2269; x_wconf 91' lang='lat' dir='ltr'><strong>in</strong></span> <span class='ocrx_word' id='word_1_178' title='bbox 1310 2230 1426 2270; x_wconf 90' lang='lat' dir='ltr'><strong>eam</strong></span> <span class='ocrx_word' id='word_1_179' title='bbox 1457 2213 1725 2283; x_wconf 86' lang='lat' dir='ltr'><strong>peccarit,</strong></span> <span class='ocrx_word' id='word_1_180' title='bbox 1755 2228 1822 2267; x_wconf 90' lang='lat' dir='ltr'><strong>ne</strong></span> <span class='ocrx_word' id='word_1_181' title='bbox 1850 2213 1967 2265; x_wconf 89' lang='lat' dir='ltr'><strong>luce</strong></span> 
     </span>
    </p>
   </div>
   <div class='ocr_carea' id='block_1_23' title="bbox 384 2306 1969 2388">
    <p class='ocr_par' dir='ltr' id='par_1_23' title="bbox 384 2306 1969 2388">
     <span class='ocr_line' id='line_1_23' title="bbox 384 2306 1969 2388; baseline -0.007 -18"><span class='ocrx_word' id='word_1_182' title='bbox 384 2316 599 2388; x_wconf 88' lang='lat' dir='ltr'><strong>quidem</strong></span> <span class='ocrx_word' id='word_1_183' title='bbox 626 2329 684 2369; x_wconf 89' lang='lat' dir='ltr'><strong>sc</strong></span> <span class='ocrx_word' id='word_1_184' title='bbox 712 2312 927 2382; x_wconf 85' lang='lat' dir='ltr'><strong>dignum</strong></span> <span class='ocrx_word' id='word_1_185' title='bbox 957 2310 1225 2364; x_wconf 83' lang='lat' dir='ltr'><strong>existimat</strong></span> <span class='ocrx_word' id='word_1_186' title='bbox 1255 2326 1269 2362; x_wconf 87' lang='lat'>:</span> <span class='ocrx_word' id='word_1_187' title='bbox 1319 2323 1417 2362; x_wconf 91' lang='lat' dir='ltr'><strong>nos</strong></span> <span class='ocrx_word' id='word_1_188' title='bbox 1460 2316 1637 2361; x_wconf 90' lang='lat' dir='ltr'><strong>autem</strong></span> <span class='ocrx_word' id='word_1_189' title='bbox 1670 2316 1775 2359; x_wconf 89' lang='lat' dir='ltr'><strong>tam</strong></span> <span class='ocrx_word' id='word_1_190' title='bbox 1820 2306 1969 2359; x_wconf 92' lang='lat' dir='ltr'><strong>beni-</strong></span> 
     </span>
    </p>
   </div>
   <div class='ocr_carea' id='block_1_24' title="bbox 386 2397 1985 2479">
    <p class='ocr_par' dir='ltr' id='par_1_24' title="bbox 386 2397 1985 2479">
     <span class='ocr_line' id='line_1_24' title="bbox 386 2397 1985 2479; baseline -0.004 -18"><span class='ocrx_word' id='word_1_191' title='bbox 386 2423 547 2479; x_wconf 90' lang='lat' dir='ltr'><strong>gnmn</strong></span> <span class='ocrx_word' id='word_1_192' title='bbox 571 2404 850 2460; x_wconf 84' lang='lat' dir='ltr'><strong>Dominum</strong></span> <span class='ocrx_word' id='word_1_193' title='bbox 873 2399 1210 2458; x_wconf 86' lang='lat' dir='ltr'><strong>contumeliis</strong></span> <span class='ocrx_word' id='word_1_194' title='bbox 1232 2399 1585 2467; x_wconf 89' lang='lat' dir='ltr'><strong>incessentes,</strong></span> <span class='ocrx_word' id='word_1_195' title='bbox 1606 2411 1713 2453; x_wconf 85' lang='lat' dir='ltr'><strong>non</strong></span> <span class='ocrx_word' id='word_1_196' title='bbox 1734 2397 1985 2470; x_wconf 88' lang='lat' dir='ltr'><strong>nosipsos</strong></span> 
     </span>
    </p>
   </div>
   <div class='ocr_carea' id='block_1_25' title="bbox 386 2490 1970 2569">
    <p class='ocr_par' dir='ltr' id='par_1_25' title="bbox 386 2490 1970 2569">
     <span class='ocr_line' id='line_1_25' title="bbox 386 2490 1970 2569; baseline -0.006 -14"><span class='ocrx_word' id='word_1_197' title='bbox 386 2502 441 2555; x_wconf 92' lang='lat' dir='ltr'><strong>in</strong></span> <span class='ocrx_word' id='word_1_198' title='bbox 487 2498 743 2569; x_wconf 57' lang='lat' dir='ltr'><strong>gehennae</strong></span> <span class='ocrx_word' id='word_1_199' title='bbox 799 2494 1067 2549; x_wconf 82' lang='lat' dir='ltr'><strong>ﬂammam</strong></span> <span class='ocrx_word' id='word_1_200' title='bbox 1113 2492 1451 2563; x_wconf 85' lang='lat' dir='ltr'><strong>injiciemus?</strong></span> <span class='ocrx_word' id='word_1_201' title='bbox 1491 2490 1678 2546; x_wconf 82' lang='lat' dir='ltr'><strong>Mirum</strong></span> <span class='ocrx_word' id='word_1_202' title='bbox 1727 2491 1923 2561; x_wconf 91' lang='lat' dir='ltr'><strong>aliquid</strong></span> <span class='ocrx_word' id='word_1_203' title='bbox 1954 2533 1970 2559; x_wconf 88' lang='lat'><strong>,</strong></span> 
     </span>
    </p>
   </div>
   <div class='ocr_carea' id='block_1_26' title="bbox 388 2582 1971 2661">
    <p class='ocr_par' dir='ltr' id='par_1_26' title="bbox 388 2582 1971 2661">
     <span class='ocr_line' id='line_1_26' title="bbox 388 2582 1971 2661; baseline -0.007 -15"><span class='ocrx_word' id='word_1_204' title='bbox 388 2591 681 2661; x_wconf 84' lang='lat' dir='ltr'><strong>singulare,</strong></span> <span class='ocrx_word' id='word_1_205' title='bbox 712 2586 961 2657; x_wconf 86' lang='lat' dir='ltr'><strong>quodque</strong></span> <span class='ocrx_word' id='word_1_206' title='bbox 1002 2585 1272 2656; x_wconf 89' lang='lat' dir='ltr'><strong>plerisque</strong></span> <span class='ocrx_word' id='word_1_207' title='bbox 1319 2583 1632 2639; x_wconf 88' lang='lat' dir='ltr'><strong>incredibile</strong></span> <span class='ocrx_word' id='word_1_208' title='bbox 1671 2582 1971 2648; x_wconf 89' lang='lat' dir='ltr'><strong>videbitur,</strong></span> 
     </span>
    </p>
   </div>
   <div class='ocr_carea' id='block_1_27' title="bbox 390 2675 1974 2749">
    <p class='ocr_par' dir='ltr' id='par_1_27' title="bbox 390 2675 1974 2749">
     <span class='ocr_line' id='line_1_27' title="bbox 390 2675 1974 2749; baseline -0.005 -12"><span class='ocrx_word' id='word_1_209' title='bbox 390 2682 565 2737; x_wconf 85' lang='lat' dir='ltr'><strong>dicam</strong></span> <span class='ocrx_word' id='word_1_210' title='bbox 599 2698 613 2735; x_wconf 75' lang='grc' dir='ltr'><strong><em>τ</em></strong></span> <span class='ocrx_word' id='word_1_211' title='bbox 651 2680 823 2749; x_wconf 86' lang='lat' dir='ltr'><strong>major</strong></span> <span class='ocrx_word' id='word_1_212' title='bbox 849 2678 898 2733; x_wconf 92' lang='lat' dir='ltr'><strong>ei</strong></span> <span class='ocrx_word' id='word_1_213' title='bbox 925 2677 1015 2747; x_wconf 93' lang='lat' dir='ltr'><strong>qui</strong></span> <span class='ocrx_word' id='word_1_214' title='bbox 1041 2718 1056 2741; x_wconf 90' lang='lat'><strong>,</strong></span> <span class='ocrx_word' id='word_1_215' title='bbox 1088 2691 1209 2732; x_wconf 93' lang='lat' dir='ltr'><strong>cum</strong></span> <span class='ocrx_word' id='word_1_216' title='bbox 1238 2684 1342 2730; x_wconf 91' lang='lat' dir='ltr'><strong>tam</strong></span> <span class='ocrx_word' id='word_1_217' title='bbox 1372 2675 1659 2745; x_wconf 89' lang='lat' dir='ltr'><strong>benignum</strong></span> <span class='ocrx_word' id='word_1_218' title='bbox 1690 2675 1974 2729; x_wconf 90' lang='lat' dir='ltr'><strong>Dominum</strong></span> 
     </span>
    </p>
   </div>
   <div class='ocr_carea' id='block_1_28' title="bbox 392 2768 1975 2841">
    <p class='ocr_par' dir='ltr' id='par_1_28' title="bbox 392 2768 1975 2841">
     <span class='ocr_line' id='line_1_28' title="bbox 392 2768 1975 2841; baseline -0.004 -14"><span class='ocrx_word' id='word_1_219' title='bbox 392 2772 724 2838; x_wconf 90' lang='lat' dir='ltr'><strong>ostenderit,</strong></span> <span class='ocrx_word' id='word_1_220' title='bbox 755 2783 942 2841; x_wconf 88' lang='lat' dir='ltr'><strong>poenas</strong></span> <span class='ocrx_word' id='word_1_221' title='bbox 973 2769 1089 2835; x_wconf 89' lang='lat' dir='ltr'><strong>luit,</strong></span> <span class='ocrx_word' id='word_1_222' title='bbox 1112 2768 1408 2824; x_wconf 87' lang='lat' dir='ltr'><strong>consolatio</strong></span> <span class='ocrx_word' id='word_1_223' title='bbox 1431 2768 1602 2822; x_wconf 89' lang='lat' dir='ltr'><strong>futura</strong></span> <span class='ocrx_word' id='word_1_224' title='bbox 1629 2778 1710 2822; x_wconf 91' lang='lat' dir='ltr'><strong>est</strong></span> <span class='ocrx_word' id='word_1_225' title='bbox 1731 2808 1744 2830; x_wconf 88' lang='lat'><strong>,</strong></span> <span class='ocrx_word' id='word_1_226' title='bbox 1774 2768 1818 2822; x_wconf 91' lang='lat' dir='ltr'><strong>si</strong></span> <span class='ocrx_word' id='word_1_227' title='bbox 1848 2782 1975 2821; x_wconf 88' lang='lat' dir='ltr'><strong>sana</strong></span> 
     </span>
    </p>
   </div>
   <div class='ocr_carea' id='block_1_29' title="bbox 393 2859 1979 2933">
    <p class='ocr_par' dir='ltr' id='par_1_29' title="bbox 393 2859 1979 2933">
     <span class='ocr_line' id='line_1_29' title="bbox 393 2859 1979 2933; baseline -0.004 -13"><span class='ocrx_word' id='word_1_228' title='bbox 393 2873 574 2920; x_wconf 89' lang='lat' dir='ltr'><strong>mente</strong></span> <span class='ocrx_word' id='word_1_229' title='bbox 598 2863 686 2929; x_wconf 90' lang='lat' dir='ltr'><strong>sit,</strong></span> <span class='ocrx_word' id='word_1_230' title='bbox 716 2876 968 2933; x_wconf 88' lang='lat' dir='ltr'><strong>eumque,</strong></span> <span class='ocrx_word' id='word_1_231' title='bbox 1000 2868 1057 2915; x_wconf 92' lang='lat' dir='ltr'><strong>ut</strong></span> <span class='ocrx_word' id='word_1_232' title='bbox 1082 2876 1177 2931; x_wconf 88' lang='lat' dir='ltr'><strong>par</strong></span> <span class='ocrx_word' id='word_1_233' title='bbox 1204 2869 1309 2929; x_wconf 91' lang='lat' dir='ltr'><strong>est,</strong></span> <span class='ocrx_word' id='word_1_234' title='bbox 1340 2867 1505 2929; x_wconf 89' lang='lat' dir='ltr'><strong>amet,</strong></span> <span class='ocrx_word' id='word_1_235' title='bbox 1532 2875 1691 2931; x_wconf 86' lang='lat' dir='ltr'><strong>quam</strong></span> <span class='ocrx_word' id='word_1_236' title='bbox 1715 2860 1762 2916; x_wconf 91' lang='lat' dir='ltr'><strong>ei</strong></span> <span class='ocrx_word' id='word_1_237' title='bbox 1785 2859 1853 2915; x_wconf 90' lang='lat' dir='ltr'><strong>de</strong></span> <span class='ocrx_word' id='word_1_238' title='bbox 1873 2875 1979 2930; x_wconf 86' lang='lat' dir='ltr'><strong>quo</strong></span> 
     </span>
    </p>
   </div>
   <div class='ocr_carea' id='block_1_30' title="bbox 394 2952 1123 3027">
    <p class='ocr_par' dir='ltr' id='par_1_30' title="bbox 394 2952 1123 3027">
     <span class='ocr_line' id='line_1_30' title="bbox 394 2952 1123 3027; baseline -0.007 -16"><span class='ocrx_word' id='word_1_239' title='bbox 394 2955 713 3027; x_wconf 86' lang='lat' dir='ltr'><strong>supplicium</strong></span> <span class='ocrx_word' id='word_1_240' title='bbox 741 2970 845 3008; x_wconf 92' lang='lat' dir='ltr'><strong>non</strong></span> <span class='ocrx_word' id='word_1_241' title='bbox 878 2952 1123 3007; x_wconf 89' lang='lat' dir='ltr'><strong>sumitur.</strong></span> 
     </span>
    </p>
   </div>
   <div class='ocr_carea' id='block_1_31' title="bbox 469 3041 1981 3115">
    <p class='ocr_par' dir='ltr' id='par_1_31' title="bbox 469 3041 1981 3115">
     <span class='ocr_line' id='line_1_31' title="bbox 469 3041 1981 3115; baseline -0.003 -14"><span class='ocrx_word' id='word_1_242' title='bbox 469 3047 524 3101; x_wconf 77' lang='grc'><strong>4.</strong></span> <span class='ocrx_word' id='word_1_243' title='bbox 552 3048 727 3115; x_wconf 79' lang='lat' dir='ltr'><strong>Atque</strong></span> <span class='ocrx_word' id='word_1_244' title='bbox 749 3044 850 3099; x_wconf 90' lang='lat' dir='ltr'><strong>hoc</strong></span> <span class='ocrx_word' id='word_1_245' title='bbox 866 3044 949 3099; x_wconf 87' lang='lat' dir='ltr'><strong>vel</strong></span> <span class='ocrx_word' id='word_1_246' title='bbox 967 3058 1032 3097; x_wconf 86' lang='lat' dir='ltr'><strong>ex</strong></span> <span class='ocrx_word' id='word_1_247' title='bbox 1055 3042 1324 3098; x_wconf 90' lang='lat' dir='ltr'><strong>communi</strong></span> <span class='ocrx_word' id='word_1_248' title='bbox 1347 3041 1732 3099; x_wconf 89' lang='lat' dir='ltr'><strong>consuetudine</strong></span> <span class='ocrx_word' id='word_1_249' title='bbox 1751 3042 1981 3113; x_wconf 86' lang='lat' dir='ltr'><strong>perspici</strong></span> 
     </span>
    </p>
   </div>
   <div class='ocr_carea' id='block_1_32' title="bbox 399 3135 1980 3209">
    <p class='ocr_par' dir='ltr' id='par_1_32' title="bbox 399 3135 1980 3209">
     <span class='ocr_line' id='line_1_32' title="bbox 399 3135 1980 3209; baseline -0.002 -16"><span class='ocrx_word' id='word_1_250' title='bbox 399 3148 593 3209; x_wconf 88' lang='lat' dir='ltr'><strong>potest.</strong></span> <span class='ocrx_word' id='word_1_251' title='bbox 616 3136 749 3192; x_wconf 85' lang='lat' dir='ltr'><strong>Nam</strong></span> <span class='ocrx_word' id='word_1_252' title='bbox 779 3137 868 3208; x_wconf 91' lang='lat' dir='ltr'><strong>qui</strong></span> <span class='ocrx_word' id='word_1_253' title='bbox 901 3136 1169 3191; x_wconf 87' lang='lat' dir='ltr'><strong>hominem</strong></span> <span class='ocrx_word' id='word_1_254' title='bbox 1196 3135 1295 3191; x_wconf 86' lang='lat' dir='ltr'><strong>sibi</strong></span> <span class='ocrx_word' id='word_1_255' title='bbox 1322 3136 1655 3191; x_wconf 87' lang='lat' dir='ltr'><strong>carissimum</strong></span> <span class='ocrx_word' id='word_1_256' title='bbox 1686 3136 1841 3201; x_wconf 77' lang='lat' dir='ltr'><strong>la-sit,</strong></span> <span class='ocrx_word' id='word_1_257' title='bbox 1872 3148 1980 3191; x_wconf 82' lang='grc' dir='ltr'>ιιιιη</span> 
     </span>
    </p>
   </div>
   <div class='ocr_carea' id='block_1_33' title="bbox 399 3229 1983 3301">
    <p class='ocr_par' dir='ltr' id='par_1_33' title="bbox 399 3229 1983 3301">
     <span class='ocr_line' id='line_1_33' title="bbox 399 3229 1983 3301; baseline -0.002 -14"><span class='ocrx_word' id='word_1_258' title='bbox 399 3233 631 3287; x_wconf 78' lang='lat' dir='ltr'><strong>maxime</strong></span> <span class='ocrx_word' id='word_1_259' title='bbox 656 3231 905 3301; x_wconf 89' lang='lat' dir='ltr'><strong>quiescit,</strong></span> <span class='ocrx_word' id='word_1_260' title='bbox 937 3244 1060 3284; x_wconf 90' lang='lat' dir='ltr'><strong>cum</strong></span> <span class='ocrx_word' id='word_1_261' title='bbox 1087 3244 1116 3283; x_wconf 90' lang='lat' dir='ltr'><strong>a</strong></span> <span class='ocrx_word' id='word_1_262' title='bbox 1147 3229 1326 3298; x_wconf 88' lang='lat' dir='ltr'><strong>seipse</strong></span> <span class='ocrx_word' id='word_1_263' title='bbox 1372 3244 1558 3299; x_wconf 76' lang='lat' dir='ltr'><strong>poenas</strong></span> <span class='ocrx_word' id='word_1_264' title='bbox 1600 3231 1873 3300; x_wconf 75' lang='lat' dir='ltr'><strong>exegerit,</strong></span> <span class='ocrx_word' id='word_1_265' title='bbox 1920 3245 1983 3285; x_wconf 91' lang='lat' dir='ltr'><strong>ac</strong></span> 
     </span>
    </p>
   </div>
   <div class='ocr_carea' id='block_1_34' title="bbox 401 3318 1980 3393">
    <p class='ocr_par' dir='ltr' id='par_1_34' title="bbox 401 3318 1980 3393">
     <span class='ocr_line' id='line_1_34' title="bbox 401 3318 1980 3393; baseline -0.003 -14"><span class='ocrx_word' id='word_1_266' title='bbox 401 3325 529 3379; x_wconf 88' lang='lat' dir='ltr'><strong>mali</strong></span> <span class='ocrx_word' id='word_1_267' title='bbox 559 3322 757 3393; x_wconf 90' lang='lat' dir='ltr'><strong>aliquid</strong></span> <span class='ocrx_word' id='word_1_268' title='bbox 791 3334 1075 3392; x_wconf 90' lang='lat' dir='ltr'><strong>perpessus</strong></span> <span class='ocrx_word' id='word_1_269' title='bbox 1102 3318 1261 3374; x_wconf 86' lang='lat' dir='ltr'><strong>fuerit</strong></span> <span class='ocrx_word' id='word_1_270' title='bbox 1293 3336 1304 3371; x_wconf 92' lang='lat'>:</span> <span class='ocrx_word' id='word_1_271' title='bbox 1336 3328 1393 3373; x_wconf 91' lang='lat' dir='ltr'><strong>ut</strong></span> <span class='ocrx_word' id='word_1_272' title='bbox 1431 3332 1483 3375; x_wconf 91' lang='lat' dir='ltr'><strong>et</strong></span> <span class='ocrx_word' id='word_1_273' title='bbox 1528 3320 1691 3375; x_wconf 85' lang='lat' dir='ltr'><strong>David</strong></span> <span class='ocrx_word' id='word_1_274' title='bbox 1734 3321 1980 3387; x_wconf 84' lang='lat' dir='ltr'><strong>dicebat,</strong></span> 
     </span>
    </p>
   </div>
   <div class='ocr_carea' id='block_1_35' title="bbox 404 3413 1987 3489">
    <p class='ocr_par' dir='ltr' id='par_1_35' title="bbox 404 3413 1987 3489">
     <span class='ocr_line' id='line_1_35' title="bbox 404 3413 1987 3489; baseline -0.003 -17"><span class='ocrx_word' id='word_1_275' title='bbox 404 3418 514 3489; x_wconf 79' lang='lat' dir='ltr'><strong>Ego</strong></span> <span class='ocrx_word' id='word_1_276' title='bbox 539 3418 625 3488; x_wconf 84' lang='lat' dir='ltr'><strong>qui</strong></span> <span class='ocrx_word' id='word_1_277' title='bbox 647 3425 819 3487; x_wconf 76' lang='lat' dir='ltr'><strong>pastor</strong></span> <span class='ocrx_word' id='word_1_278' title='bbox 846 3430 989 3481; x_wconf 84' lang='lat' dir='ltr'><strong>sum,</strong></span> <span class='ocrx_word' id='word_1_279' title='bbox 1033 3413 1259 3483; x_wconf 82' lang='lat' dir='ltr'><strong>peccavi;</strong></span> <span class='ocrx_word' id='word_1_280' title='bbox 1278 3428 1367 3482; x_wconf 85' lang='lat' dir='ltr'><strong>ego</strong></span> <span class='ocrx_word' id='word_1_281' title='bbox 1394 3414 1481 3483; x_wconf 87' lang='lat' dir='ltr'><strong>qui</strong></span> <span class='ocrx_word' id='word_1_282' title='bbox 1510 3424 1682 3482; x_wconf 77' lang='lat' dir='ltr'><strong>pastor</strong></span> <span class='ocrx_word' id='word_1_283' title='bbox 1708 3431 1817 3466; x_wconf 81' lang='lat' dir='ltr'><strong>sum</strong></span> <span class='ocrx_word' id='word_1_284' title='bbox 1842 3457 1857 3480; x_wconf 88' lang='lat'><strong>,</strong></span> <span class='ocrx_word' id='word_1_285' title='bbox 1889 3416 1987 3468; x_wconf 84' lang='lat' dir='ltr'><strong>ini-</strong></span> 
     </span>
    </p>
   </div>
   <div class='ocr_carea' id='block_1_36' title="bbox 402 3502 1983 3579">
    <p class='ocr_par' dir='ltr' id='par_1_36' title="bbox 402 3502 1983 3579">
     <span class='ocr_line' id='line_1_36' title="bbox 402 3502 1983 3579; baseline -0.003 -17"><span class='ocrx_word' id='word_1_286' title='bbox 402 3526 498 3579; x_wconf 79' lang='lat' dir='ltr'><strong>que</strong></span> <span class='ocrx_word' id='word_1_287' title='bbox 520 3510 595 3578; x_wconf 80' lang='lat' dir='ltr'><strong>egi</strong></span> <span class='ocrx_word' id='word_1_288' title='bbox 618 3524 637 3560; x_wconf 92' lang='lat'><strong><em>:</em></strong></span> <span class='ocrx_word' id='word_1_289' title='bbox 658 3508 739 3560; x_wconf 77' lang='lat' dir='ltr'><strong>isti</strong></span> <span class='ocrx_word' id='word_1_290' title='bbox 768 3505 854 3574; x_wconf 81' lang='lat' dir='ltr'><strong>qui</strong></span> <span class='ocrx_word' id='word_1_291' title='bbox 890 3520 1002 3557; x_wconf 86' lang='lat' dir='ltr'><strong>oves</strong></span> <span class='ocrx_word' id='word_1_292' title='bbox 1036 3512 1151 3557; x_wconf 76' lang='lat' dir='ltr'><strong>sunt</strong></span> <span class='ocrx_word' id='word_1_293' title='bbox 1172 3545 1188 3569; x_wconf 93' lang='lat'><strong>,</strong></span> <span class='ocrx_word' id='word_1_294' title='bbox 1223 3502 1346 3571; x_wconf 87' lang='lat' dir='ltr'><strong>quid</strong></span> <span class='ocrx_word' id='word_1_295' title='bbox 1389 3505 1661 3574; x_wconf 77' lang='lat' dir='ltr'><strong>fecerunt?</strong></span> <span class='ocrx_word' id='word_1_296' title='bbox 1708 3503 1944 3559; x_wconf 82' lang='lat' dir='ltr'><strong>Vertatur</strong></span> <span class='ocrx_word' id='word_1_297' title='bbox 1970 3549 1983 3571; x_wconf 90' lang='lat'><strong>,</strong></span> 
     </span>
    </p>
   </div>
   <div class='ocr_carea' id='block_1_37' title="bbox 406 3596 1987 3668">
    <p class='ocr_par' dir='ltr' id='par_1_37' title="bbox 406 3596 1987 3668">
     <span class='ocr_line' id='line_1_37' title="bbox 406 3596 1987 3668; baseline -0.001 -14"><span class='ocrx_word' id='word_1_298' title='bbox 406 3600 611 3655; x_wconf 78' lang='lat' dir='ltr'><strong>obsecro</strong></span> <span class='ocrx_word' id='word_1_299' title='bbox 637 3640 652 3663; x_wconf 94' lang='lat'><strong>,</strong></span> <span class='ocrx_word' id='word_1_300' title='bbox 682 3613 863 3650; x_wconf 78' lang='lat' dir='ltr'><strong>manus</strong></span> <span class='ocrx_word' id='word_1_301' title='bbox 887 3605 972 3648; x_wconf 87' lang='lat' dir='ltr'><strong>tua</strong></span> <span class='ocrx_word' id='word_1_302' title='bbox 996 3604 1171 3647; x_wconf 86' lang='lat' dir='ltr'><strong>contra</strong></span> <span class='ocrx_word' id='word_1_303' title='bbox 1202 3610 1282 3648; x_wconf 86' lang='lat' dir='ltr'><strong>me</strong></span> <span class='ocrx_word' id='word_1_304' title='bbox 1304 3604 1349 3648; x_wconf 81' lang='lat' dir='ltr'><strong>et</strong></span> <span class='ocrx_word' id='word_1_305' title='bbox 1380 3605 1553 3648; x_wconf 86' lang='lat' dir='ltr'><strong>contra</strong></span> <span class='ocrx_word' id='word_1_306' title='bbox 1591 3596 1795 3650; x_wconf 87' lang='lat' dir='ltr'><strong>domum</strong></span> <span class='ocrx_word' id='word_1_307' title='bbox 1829 3599 1987 3668; x_wconf 78' lang='lat' dir='ltr'><strong>patris</strong></span> 
     </span>
    </p>
   </div>
   <div class='ocr_carea' id='block_1_38' title="bbox 396 3684 1988 3762">
    <p class='ocr_par' dir='ltr' id='par_1_38' title="bbox 396 3684 1988 3762">
     <span class='ocr_line' id='line_1_38' title="bbox 396 3684 1988 3762; baseline -0.003 -17"><span class='ocrx_word' id='word_1_308' title='bbox 396 3686 503 3745; x_wconf 71' lang='grc' dir='ltr'><strong>ἐπεὶ</strong></span> <span class='ocrx_word' id='word_1_309' title='bbox 529 3688 618 3762; x_wconf 67' lang='lat'><strong>(2.</strong></span> <span class='ocrx_word' id='word_1_310' title='bbox 648 3687 774 3759; x_wconf 79' lang='lat' dir='ltr'><strong>(leg.</strong></span> <span class='ocrx_word' id='word_1_311' title='bbox 800 3687 889 3741; x_wconf 75' lang='grc'><strong>24.</strong></span> <span class='ocrx_word' id='word_1_312' title='bbox 918 3686 983 3739; x_wconf 83' lang='lat' dir='ltr'><strong>l7</strong></span> <span class='ocrx_word' id='word_1_313' title='bbox 1008 3686 1048 3755; x_wconf 90' lang='lat'><strong>).</strong></span> <span class='ocrx_word' id='word_1_314' title='bbox 1080 3684 1159 3739; x_wconf 87' lang='lat' dir='ltr'><strong>Ad</strong></span> <span class='ocrx_word' id='word_1_315' title='bbox 1192 3684 1308 3740; x_wconf 76' lang='lat' dir='ltr'><strong>bzec</strong></span> <span class='ocrx_word' id='word_1_316' title='bbox 1332 3701 1451 3741; x_wconf 92' lang='lat' dir='ltr'><strong>cum</strong></span> <span class='ocrx_word' id='word_1_317' title='bbox 1490 3686 1811 3742; x_wconf 85' lang='lat' dir='ltr'><strong>Absalonem</strong></span> <span class='ocrx_word' id='word_1_318' title='bbox 1855 3689 1988 3741; x_wconf 89' lang='lat' dir='ltr'><strong>ami-</strong></span> 
     </span>
    </p>
   </div>
   <div class='ocr_carea' id='block_1_39' title="bbox 405 3781 1991 3852">
    <p class='ocr_par' dir='ltr' id='par_1_39' title="bbox 405 3781 1991 3852">
     <span class='ocr_line' id='line_1_39' title="bbox 405 3781 1991 3852; baseline -0.002 -14"><span class='ocrx_word' id='word_1_319' title='bbox 405 3786 477 3839; x_wconf 88' lang='lat' dir='ltr'><strong>sit</strong></span> <span class='ocrx_word' id='word_1_320' title='bbox 501 3824 515 3847; x_wconf 85' lang='lat'><strong>.</strong></span> <span class='ocrx_word' id='word_1_321' title='bbox 560 3781 902 3852; x_wconf 84' lang='lat' dir='ltr'><strong>gravissimas</strong></span> <span class='ocrx_word' id='word_1_322' title='bbox 930 3795 959 3834; x_wconf 89' lang='lat' dir='ltr'><strong>a</strong></span> <span class='ocrx_word' id='word_1_323' title='bbox 990 3781 1167 3851; x_wconf 91' lang='lat' dir='ltr'><strong>seipso</strong></span> <span class='ocrx_word' id='word_1_324' title='bbox 1200 3795 1382 3852; x_wconf 68' lang='lat' dir='ltr'><strong>peanas</strong></span> <span class='ocrx_word' id='word_1_325' title='bbox 1408 3781 1729 3851; x_wconf 84' lang='lat' dir='ltr'><strong>exposcebat</strong></span> <span class='ocrx_word' id='word_1_326' title='bbox 1757 3798 1771 3834; x_wconf 88' lang='lat'><strong>:</strong></span> <span class='ocrx_word' id='word_1_327' title='bbox 1805 3798 1991 3852; x_wconf 89' lang='lat' dir='ltr'><strong>quam-</strong></span> 
     </span>
    </p>
   </div>
   <div class='ocr_carea' id='block_1_40' title="bbox 409 3872 1988 3945">
    <p class='ocr_par' dir='ltr' id='par_1_40' title="bbox 409 3872 1988 3945">
     <span class='ocr_line' id='line_1_40' title="bbox 409 3872 1988 3945; baseline 0.003 -20"><span class='ocrx_word' id='word_1_328' title='bbox 409 3889 567 3944; x_wconf 89' lang='lat' dir='ltr'><strong>quam</strong></span> <span class='ocrx_word' id='word_1_329' title='bbox 595 3888 699 3927; x_wconf 92' lang='lat' dir='ltr'><strong>non</strong></span> <span class='ocrx_word' id='word_1_330' title='bbox 728 3872 841 3942; x_wconf 91' lang='lat' dir='ltr'><strong>ipse</strong></span> <span class='ocrx_word' id='word_1_331' title='bbox 866 3880 983 3927; x_wconf 91' lang='lat' dir='ltr'><strong>erat</strong></span> <span class='ocrx_word' id='word_1_332' title='bbox 1006 3915 1018 3935; x_wconf 88' lang='lat'><strong>.</strong></span> <span class='ocrx_word' id='word_1_333' title='bbox 1052 3873 1139 3941; x_wconf 87' lang='lat' dir='ltr'><strong>qui</strong></span> <span class='ocrx_word' id='word_1_334' title='bbox 1170 3873 1419 3942; x_wconf 88' lang='lat' dir='ltr'><strong>injuriam</strong></span> <span class='ocrx_word' id='word_1_335' title='bbox 1446 3873 1731 3938; x_wconf 86' lang='lat' dir='ltr'><strong>intulerat,</strong></span> <span class='ocrx_word' id='word_1_336' title='bbox 1761 3874 1855 3929; x_wconf 88' lang='lat' dir='ltr'><strong>sed</strong></span> <span class='ocrx_word' id='word_1_337' title='bbox 1900 3876 1988 3945; x_wconf 88' lang='lat' dir='ltr'><strong>qui</strong></span> 
     </span>
    </p>
   </div>
   <div class='ocr_carea' id='block_1_41' title="bbox 411 3964 1991 4036">
    <p class='ocr_par' dir='ltr' id='par_1_41' title="bbox 411 3964 1991 4036">
     <span class='ocr_line' id='line_1_41' title="bbox 411 3964 1991 4036; baseline 0.001 -17"><span class='ocrx_word' id='word_1_338' title='bbox 411 3975 729 4035; x_wconf 88' lang='lat' dir='ltr'><strong>acceperat;</strong></span> <span class='ocrx_word' id='word_1_339' title='bbox 761 3964 855 4019; x_wconf 89' lang='lat' dir='ltr'><strong>sed</strong></span> <span class='ocrx_word' id='word_1_340' title='bbox 886 3974 1059 4018; x_wconf 83' lang='lat' dir='ltr'><strong>tamen</strong></span> <span class='ocrx_word' id='word_1_341' title='bbox 1083 3965 1204 4036; x_wconf 89' lang='lat' dir='ltr'><strong>quia</strong></span> <span class='ocrx_word' id='word_1_342' title='bbox 1232 3964 1431 4032; x_wconf 86' lang='lat' dir='ltr'><strong>ingenti</strong></span> <span class='ocrx_word' id='word_1_343' title='bbox 1458 3982 1642 4021; x_wconf 90' lang='lat' dir='ltr'><strong>amore</strong></span> <span class='ocrx_word' id='word_1_344' title='bbox 1688 3966 1854 4020; x_wconf 91' lang='lat' dir='ltr'><strong>ﬁlium</strong></span> <span class='ocrx_word' id='word_1_345' title='bbox 1896 3968 1991 4021; x_wconf 87' lang='lat' dir='ltr'><strong>de-</strong></span> 
     </span>
    </p>
   </div>
   <div class='ocr_carea' id='block_1_42' title="bbox 412 4057 1987 4127">
    <p class='ocr_par' dir='ltr' id='par_1_42' title="bbox 412 4057 1987 4127">
     <span class='ocr_line' id='line_1_42' title="bbox 412 4057 1987 4127; baseline 0 -14"><span class='ocrx_word' id='word_1_346' title='bbox 412 4059 649 4114; x_wconf 89' lang='lat' dir='ltr'><strong>functum</strong></span> <span class='ocrx_word' id='word_1_347' title='bbox 678 4057 1137 4127; x_wconf 86' lang='lat' dir='ltr'><strong>complectebatur</strong></span> <span class='ocrx_word' id='word_1_348' title='bbox 1160 4099 1175 4123; x_wconf 97' lang='lat'><strong>,</strong></span> <span class='ocrx_word' id='word_1_349' title='bbox 1203 4057 1477 4112; x_wconf 90' lang='lat' dir='ltr'><strong>doloribus</strong></span> <span class='ocrx_word' id='word_1_350' title='bbox 1501 4074 1620 4114; x_wconf 89' lang='lat' dir='ltr'><strong>sese</strong></span> <span class='ocrx_word' id='word_1_351' title='bbox 1641 4059 1987 4126; x_wconf 84' lang='lat' dir='ltr'><strong>conﬁciebat,</strong></span> 
     </span>
    </p>
   </div>
   <div class='ocr_carea' id='block_1_43' title="bbox 416 4148 1993 4220">
    <p class='ocr_par' dir='ltr' id='par_1_43' title="bbox 416 4148 1993 4220">
     <span class='ocr_line' id='line_1_43' title="bbox 416 4148 1993 4220; baseline 0.001 -15"><span class='ocrx_word' id='word_1_352' title='bbox 416 4150 516 4205; x_wconf 91' lang='lat' dir='ltr'><strong>hac</strong></span> <span class='ocrx_word' id='word_1_353' title='bbox 543 4150 751 4205; x_wconf 88' lang='lat' dir='ltr'><strong>ratione</strong></span> <span class='ocrx_word' id='word_1_354' title='bbox 780 4149 1032 4205; x_wconf 89' lang='lat' dir='ltr'><strong>leviorem</strong></span> <span class='ocrx_word' id='word_1_355' title='bbox 1060 4150 1160 4204; x_wconf 91' lang='lat' dir='ltr'><strong>sibi</strong></span> <span class='ocrx_word' id='word_1_356' title='bbox 1203 4148 1319 4220; x_wconf 85' lang='lat' dir='ltr'><strong>ejus</strong></span> <span class='ocrx_word' id='word_1_357' title='bbox 1364 4165 1545 4204; x_wconf 90' lang='lat' dir='ltr'><strong>casum</strong></span> <span class='ocrx_word' id='word_1_358' title='bbox 1593 4150 1848 4207; x_wconf 82' lang='lat' dir='ltr'><strong>efﬁciens.</strong></span> <span class='ocrx_word' id='word_1_359' title='bbox 1904 4152 1993 4207; x_wconf 89' lang='lat' dir='ltr'><strong>Sic</strong></span> 
     </span>
    </p>
   </div>
   <div class='ocr_carea' id='block_1_44' title="bbox 414 4241 1995 4313">
    <p class='ocr_par' dir='ltr' id='par_1_44' title="bbox 414 4241 1995 4313">
     <span class='ocr_line' id='line_1_44' title="bbox 414 4241 1995 4313; baseline 0.004 -18"><span class='ocrx_word' id='word_1_360' title='bbox 414 4256 512 4296; x_wconf 89' lang='lat' dir='ltr'><strong>nos</strong></span> <span class='ocrx_word' id='word_1_361' title='bbox 534 4242 712 4311; x_wconf 84' lang='lat' dir='ltr'><strong>igitur,</strong></span> <span class='ocrx_word' id='word_1_362' title='bbox 745 4255 866 4295; x_wconf 89' lang='lat' dir='ltr'><strong>cum</strong></span> <span class='ocrx_word' id='word_1_363' title='bbox 897 4241 949 4295; x_wconf 94' lang='lat' dir='ltr'><strong>in</strong></span> <span class='ocrx_word' id='word_1_364' title='bbox 974 4256 1095 4295; x_wconf 91' lang='lat' dir='ltr'><strong>eum</strong></span> <span class='ocrx_word' id='word_1_365' title='bbox 1126 4256 1407 4311; x_wconf 87' lang='lat' dir='ltr'><strong>peccamus</strong></span> <span class='ocrx_word' id='word_1_366' title='bbox 1431 4282 1444 4303; x_wconf 87' lang='lat'><strong><em>.</em></strong></span> <span class='ocrx_word' id='word_1_367' title='bbox 1481 4244 1533 4296; x_wconf 94' lang='lat' dir='ltr'><strong>in</strong></span> <span class='ocrx_word' id='word_1_368' title='bbox 1567 4258 1725 4313; x_wconf 89' lang='lat' dir='ltr'><strong>quem</strong></span> <span class='ocrx_word' id='word_1_369' title='bbox 1772 4259 1995 4313; x_wconf 87' lang='lat' dir='ltr'><strong>peccare</strong></span> 
     </span>
    </p>
   </div>
   <div class='ocr_carea' id='block_1_45' title="bbox 413 4332 1993 4404">
    <p class='ocr_par' dir='ltr' id='par_1_45' title="bbox 413 4332 1993 4404">
     <span class='ocr_line' id='line_1_45' title="bbox 413 4332 1993 4404; baseline 0.003 -16"><span class='ocrx_word' id='word_1_370' title='bbox 413 4333 634 4388; x_wconf 89' lang='lat' dir='ltr'><strong>minime</strong></span> <span class='ocrx_word' id='word_1_371' title='bbox 662 4332 974 4403; x_wconf 86' lang='lat' dir='ltr'><strong>oportebat,</strong></span> <span class='ocrx_word' id='word_1_372' title='bbox 1005 4347 1213 4402; x_wconf 65' lang='lat' dir='ltr'><strong>pinnam</strong></span> <span class='ocrx_word' id='word_1_373' title='bbox 1259 4332 1327 4388; x_wconf 91' lang='lat' dir='ltr'><strong>de</strong></span> <span class='ocrx_word' id='word_1_374' title='bbox 1366 4333 1651 4404; x_wconf 89' lang='lat' dir='ltr'><strong>nobisipsis</strong></span> <span class='ocrx_word' id='word_1_375' title='bbox 1699 4351 1993 4392; x_wconf 88' lang='lat' dir='ltr'><strong>sumamus.</strong></span> 
     </span>
    </p>
   </div>
   <div class='ocr_carea' id='block_1_46' title="bbox 413 4424 1992 4496">
    <p class='ocr_par' dir='ltr' id='par_1_46' title="bbox 413 4424 1992 4496">
     <span class='ocr_line' id='line_1_46' title="bbox 413 4424 1992 4496; baseline 0.003 -17"><span class='ocrx_word' id='word_1_376' title='bbox 413 4426 607 4479; x_wconf 82' lang='lat' dir='ltr'><strong>Annon</strong></span> <span class='ocrx_word' id='word_1_377' title='bbox 630 4440 722 4479; x_wconf 89' lang='lat' dir='ltr'><strong>eos</strong></span> <span class='ocrx_word' id='word_1_378' title='bbox 748 4424 938 4479; x_wconf 81' lang='lat' dir='ltr'><strong>videtis</strong></span> <span class='ocrx_word' id='word_1_379' title='bbox 959 4465 974 4490; x_wconf 95' lang='lat'><strong>,</strong></span> <span class='ocrx_word' id='word_1_380' title='bbox 1007 4424 1097 4495; x_wconf 92' lang='lat' dir='ltr'><strong>qui</strong></span> <span class='ocrx_word' id='word_1_381' title='bbox 1126 4424 1440 4481; x_wconf 86' lang='lat' dir='ltr'><strong>clarissimis</strong></span> <span class='ocrx_word' id='word_1_382' title='bbox 1466 4424 1589 4481; x_wconf 89' lang='lat' dir='ltr'><strong>ﬁliis</strong></span> <span class='ocrx_word' id='word_1_383' title='bbox 1617 4427 1789 4482; x_wconf 88' lang='lat' dir='ltr'><strong>orbati</strong></span> <span class='ocrx_word' id='word_1_384' title='bbox 1830 4438 1992 4496; x_wconf 86' lang='lat' dir='ltr'><strong>sunt,</strong></span> 
     </span>
    </p>
   </div>
   <div class='ocr_carea' id='block_1_47' title="bbox 413 4514 1995 4590">
    <p class='ocr_par' dir='ltr' id='par_1_47' title="bbox 413 4514 1995 4590">
     <span class='ocr_line' id='line_1_47' title="bbox 413 4514 1995 4590; baseline 0.002 -19"><span class='ocrx_word' id='word_1_385' title='bbox 413 4514 682 4586; x_wconf 87' lang='lat' dir='ltr'><strong>quomodo</strong></span> <span class='ocrx_word' id='word_1_386' title='bbox 711 4514 1104 4571; x_wconf 76' lang='lat' dir='ltr'><strong>discrucientur</strong></span> <span class='ocrx_word' id='word_1_387' title='bbox 1128 4530 1191 4570; x_wconf 91' lang='lat' dir='ltr'><strong>ac</strong></span> <span class='ocrx_word' id='word_1_388' title='bbox 1212 4515 1433 4585; x_wconf 91' lang='lat' dir='ltr'><strong>capillos</strong></span> <span class='ocrx_word' id='word_1_389' title='bbox 1459 4517 1697 4584; x_wconf 89' lang='lat' dir='ltr'><strong>vellant,</strong></span> <span class='ocrx_word' id='word_1_390' title='bbox 1742 4519 1995 4590; x_wconf 90' lang='lat' dir='ltr'><strong>quoniam</strong></span> 
     </span>
    </p>
   </div>
   <div class='ocr_carea' id='block_1_48' title="bbox 413 4607 1999 4677">
    <p class='ocr_par' dir='ltr' id='par_1_48' title="bbox 413 4607 1999 4677">
     <span class='ocr_line' id='line_1_48' title="bbox 413 4607 1999 4677; baseline 0.003 -14"><span class='ocrx_word' id='word_1_391' title='bbox 413 4607 590 4663; x_wconf 83' lang='lat' dir='ltr'><strong>solatii</strong></span> <span class='ocrx_word' id='word_1_392' title='bbox 617 4608 737 4663; x_wconf 92' lang='lat' dir='ltr'><strong>loco</strong></span> <span class='ocrx_word' id='word_1_393' title='bbox 764 4607 868 4662; x_wconf 93' lang='lat' dir='ltr'><strong>illis</strong></span> <span class='ocrx_word' id='word_1_394' title='bbox 893 4616 1015 4675; x_wconf 88' lang='lat' dir='ltr'><strong>est,</strong></span> <span class='ocrx_word' id='word_1_395' title='bbox 1047 4622 1143 4677; x_wconf 90' lang='lat' dir='ltr'><strong>pro</strong></span> <span class='ocrx_word' id='word_1_396' title='bbox 1188 4608 1253 4662; x_wconf 87' lang='lat' dir='ltr'><strong>iis</strong></span> <span class='ocrx_word' id='word_1_397' title='bbox 1287 4622 1420 4677; x_wconf 93' lang='lat' dir='ltr'><strong>quos</strong></span> <span class='ocrx_word' id='word_1_398' title='bbox 1465 4621 1646 4663; x_wconf 89' lang='lat' dir='ltr'><strong>amant</strong></span> <span class='ocrx_word' id='word_1_399' title='bbox 1690 4626 1809 4667; x_wconf 82' lang='lat' dir='ltr'><strong>sese</strong></span> <span class='ocrx_word' id='word_1_400' title='bbox 1860 4612 1999 4667; x_wconf 84' lang='lat' dir='ltr'><strong>afﬂi-</strong></span> 
     </span>
    </p>
   </div>
   <div class='ocr_carea' id='block_1_49' title="bbox 413 4698 1999 4767">
    <p class='ocr_par' dir='ltr' id='par_1_49' title="bbox 413 4698 1999 4767">
     <span class='ocr_line' id='line_1_49' title="bbox 413 4698 1999 4767; baseline 0.002 -13"><span class='ocrx_word' id='word_1_401' title='bbox 413 4699 600 4755; x_wconf 80' lang='lat' dir='ltr'><strong>ctare?</strong></span> <span class='ocrx_word' id='word_1_402' title='bbox 625 4698 776 4767; x_wconf 82' lang='lat' dir='ltr'><strong>Quod</strong></span> <span class='ocrx_word' id='word_1_403' title='bbox 805 4699 849 4753; x_wconf 91' lang='lat' dir='ltr'><strong>si</strong></span> <span class='ocrx_word' id='word_1_404' title='bbox 873 4739 889 4762; x_wconf 93' lang='lat'><strong>,</strong></span> <span class='ocrx_word' id='word_1_405' title='bbox 918 4714 1039 4753; x_wconf 90' lang='lat' dir='ltr'><strong>cum</strong></span> <span class='ocrx_word' id='word_1_406' title='bbox 1067 4698 1199 4753; x_wconf 92' lang='lat' dir='ltr'><strong>nihil</strong></span> <span class='ocrx_word' id='word_1_407' title='bbox 1222 4699 1343 4753; x_wconf 89' lang='lat' dir='ltr'><strong>mali</strong></span> <span class='ocrx_word' id='word_1_408' title='bbox 1370 4699 1422 4754; x_wconf 92' lang='lat' dir='ltr'><strong>in</strong></span> <span class='ocrx_word' id='word_1_409' title='bbox 1446 4699 1691 4756; x_wconf 90' lang='lat' dir='ltr'><strong>homines</strong></span> <span class='ocrx_word' id='word_1_410' title='bbox 1722 4704 1876 4759; x_wconf 89' lang='lat' dir='ltr'><strong>nobis</strong></span> <span class='ocrx_word' id='word_1_411' title='bbox 1905 4719 1999 4760; x_wconf 86' lang='lat' dir='ltr'><strong>ca-</strong></span> 
     </span>
    </p>
   </div>
   <div class='ocr_carea' id='block_1_50' title="bbox 414 4789 1997 4858">
    <p class='ocr_par' dir='ltr' id='par_1_50' title="bbox 414 4789 1997 4858">
     <span class='ocr_line' id='line_1_50' title="bbox 414 4789 1997 4858; baseline 0.004 -14"><span class='ocrx_word' id='word_1_412' title='bbox 414 4790 658 4845; x_wconf 90' lang='lat' dir='ltr'><strong>rissimos</strong></span> <span class='ocrx_word' id='word_1_413' title='bbox 678 4789 1070 4852; x_wconf 85' lang='lat' dir='ltr'><strong>admiserimus.</strong></span> <span class='ocrx_word' id='word_1_414' title='bbox 1099 4790 1339 4846; x_wconf 84' lang='lat' dir='ltr'><strong>levamur</strong></span> <span class='ocrx_word' id='word_1_415' title='bbox 1364 4800 1559 4858; x_wconf 89' lang='lat' dir='ltr'><strong>tamen,</strong></span> <span class='ocrx_word' id='word_1_416' title='bbox 1583 4808 1702 4847; x_wconf 89' lang='lat' dir='ltr'><strong>eum</strong></span> <span class='ocrx_word' id='word_1_417' title='bbox 1724 4810 1788 4849; x_wconf 86' lang='lat' dir='ltr'><strong>ex</strong></span> <span class='ocrx_word' id='word_1_418' title='bbox 1810 4812 1997 4851; x_wconf 91' lang='lat' dir='ltr'><strong>eorum</strong></span> 
     </span>
    </p>
   </div>
   <div class='ocr_carea' id='block_1_51' title="bbox 416 4883 1998 4961">
    <p class='ocr_par' dir='ltr' id='par_1_51' title="bbox 416 4883 1998 4961">
     <span class='ocr_line' id='line_1_51' title="bbox 416 4883 1998 4961; baseline 0.006 -25"><span class='ocrx_word' id='word_1_419' title='bbox 416 4883 806 4939; x_wconf 87' lang='lat' dir='ltr'><strong>calamitatibus</strong></span> <span class='ocrx_word' id='word_1_420' title='bbox 826 4884 1015 4940; x_wconf 89' lang='lat' dir='ltr'><strong>dolore</strong></span> <span class='ocrx_word' id='word_1_421' title='bbox 1052 4884 1151 4954; x_wconf 92' lang='lat' dir='ltr'><strong>ipsi</strong></span> <span class='ocrx_word' id='word_1_422' title='bbox 1180 4883 1474 4949; x_wconf 90' lang='lat' dir='ltr'><strong>afﬁcimur;</strong></span> <span class='ocrx_word' id='word_1_423' title='bbox 1502 4902 1679 4941; x_wconf 91' lang='lat' dir='ltr'><strong>annon</strong></span> <span class='ocrx_word' id='word_1_424' title='bbox 1725 4904 1846 4943; x_wconf 92' lang='lat' dir='ltr'><strong>cum</strong></span> <span class='ocrx_word' id='word_1_425' title='bbox 1898 4891 1998 4961; x_wconf 90' lang='lat' dir='ltr'><strong>ipsi</strong></span> 
     </span>
    </p>
   </div>
   <div class='ocr_carea' id='block_1_52' title="bbox 418 4976 2000 5052">
    <p class='ocr_par' dir='ltr' id='par_1_52' title="bbox 418 4976 2000 5052">
     <span class='ocr_line' id='line_1_52' title="bbox 418 4976 2000 5052; baseline 0.005 -23"><span class='ocrx_word' id='word_1_426' title='bbox 418 4989 625 5041; x_wconf 89' lang='lat' dir='ltr'><strong>sumus,</strong></span> <span class='ocrx_word' id='word_1_427' title='bbox 671 4976 760 5045; x_wconf 91' lang='lat' dir='ltr'><strong>qui</strong></span> <span class='ocrx_word' id='word_1_428' title='bbox 790 4990 884 5031; x_wconf 92' lang='lat' dir='ltr'><strong>eos</strong></span> <span class='ocrx_word' id='word_1_429' title='bbox 904 4976 969 5031; x_wconf 89' lang='lat' dir='ltr'><strong>ad</strong></span> <span class='ocrx_word' id='word_1_430' title='bbox 1000 4976 1325 5032; x_wconf 90' lang='lat' dir='ltr'><strong>iracundiam</strong></span> <span class='ocrx_word' id='word_1_431' title='bbox 1355 4978 1741 5035; x_wconf 90' lang='lat' dir='ltr'><strong>concitavimus</strong></span> <span class='ocrx_word' id='word_1_432' title='bbox 1774 4989 1827 5035; x_wconf 90' lang='lat' dir='ltr'><strong>et</strong></span> <span class='ocrx_word' id='word_1_433' title='bbox 1857 4982 2000 5052; x_wconf 89' lang='lat' dir='ltr'><strong>inju-</strong></span> 
     </span>
    </p>
   </div>
   <div class='ocr_carea' id='block_1_53' title="bbox 426 5062 2000 5142">
    <p class='ocr_par' dir='ltr' id='par_1_53' title="bbox 426 5062 2000 5142">
     <span class='ocr_line' id='line_1_53' title="bbox 426 5062 2000 5142; baseline 0.007 -23"><span class='ocrx_word' id='word_1_434' title='bbox 426 5064 560 5119; x_wconf 83' lang='lat' dir='ltr'><strong>riam</strong></span> <span class='ocrx_word' id='word_1_435' title='bbox 588 5062 897 5131; x_wconf 83' lang='lat' dir='ltr'><strong>lntulimus,</strong></span> <span class='ocrx_word' id='word_1_436' title='bbox 945 5067 1113 5121; x_wconf 92' lang='lat' dir='ltr'><strong>multo</strong></span> <span class='ocrx_word' id='word_1_437' title='bbox 1158 5067 1328 5137; x_wconf 86' lang='lat' dir='ltr'><strong>magis</strong></span> <span class='ocrx_word' id='word_1_438' title='bbox 1370 5083 1468 5123; x_wconf 89' lang='lat' dir='ltr'><strong>nos</strong></span> <span class='ocrx_word' id='word_1_439' title='bbox 1504 5070 1769 5125; x_wconf 90' lang='lat' dir='ltr'><strong>recreabit</strong></span> <span class='ocrx_word' id='word_1_440' title='bbox 1812 5086 2000 5142; x_wconf 74' lang='lat' dir='ltr'><strong>ptenas</strong></span> 
     </span>
    </p>
   </div>
   <div class='ocr_carea' id='block_1_54' title="bbox 420 5154 2000 5224">
    <p class='ocr_par' dir='ltr' id='par_1_54' title="bbox 420 5154 2000 5224">
     <span class='ocr_line' id='line_1_54' title="bbox 420 5154 2000 5224; baseline 0.011 -18"><span class='ocrx_word' id='word_1_441' title='bbox 420 5154 572 5217; x_wconf 91' lang='lat' dir='ltr'><strong>dare,</strong></span> <span class='ocrx_word' id='word_1_442' title='bbox 602 5170 759 5224; x_wconf 87' lang='lat' dir='ltr'><strong>quam</strong></span> <span class='ocrx_word' id='word_1_443' title='bbox 782 5171 936 5224; x_wconf 74' lang='lat' dir='ltr'><strong>pmna</strong></span> <span class='ocrx_word' id='word_1_444' title='bbox 964 5172 1068 5211; x_wconf 92' lang='lat' dir='ltr'><strong>non</strong></span> <span class='ocrx_word' id='word_1_445' title='bbox 1095 5158 1272 5215; x_wconf 84' lang='lat' dir='ltr'><strong>afﬁci?</strong></span> <span class='ocrx_word' id='word_1_446' title='bbox 1295 5158 1502 5215; x_wconf 86' lang='lat' dir='ltr'><strong>Nemini</strong></span> <span class='ocrx_word' id='word_1_447' title='bbox 1542 5162 1594 5216; x_wconf 93' lang='lat' dir='ltr'><strong>id</strong></span> <span class='ocrx_word' id='word_1_448' title='bbox 1640 5163 1857 5221; x_wconf 91' lang='lat' dir='ltr'><strong>dubium</strong></span> <span class='ocrx_word' id='word_1_449' title='bbox 1897 5177 2000 5223; x_wconf 78' lang='lat' dir='ltr'><strong>est.</strong></span> 
     </span>
    </p>
   </div>
   <div class='ocr_carea' id='block_1_55' title="bbox 422 5244 2001 5329">
    <p class='ocr_par' dir='ltr' id='par_1_55' title="bbox 422 5244 2001 5329">
     <span class='ocr_line' id='line_1_55' title="bbox 422 5244 2001 5329; baseline 0.011 -30"><span class='ocrx_word' id='word_1_450' title='bbox 422 5244 478 5299; x_wconf 87' lang='lat' dir='ltr'><strong>Si</strong></span> <span class='ocrx_word' id='word_1_451' title='bbox 502 5244 622 5314; x_wconf 88' lang='lat' dir='ltr'><strong>quis</strong></span> <span class='ocrx_word' id='word_1_452' title='bbox 652 5260 774 5315; x_wconf 88' lang='lat' dir='ltr'><strong>erga</strong></span> <span class='ocrx_word' id='word_1_453' title='bbox 805 5246 1072 5302; x_wconf 85' lang='lat' dir='ltr'><strong>Christum</strong></span> <span class='ocrx_word' id='word_1_454' title='bbox 1100 5264 1167 5305; x_wconf 90' lang='lat' dir='ltr'><strong>eo</strong></span> <span class='ocrx_word' id='word_1_455' title='bbox 1190 5266 1371 5308; x_wconf 91' lang='lat' dir='ltr'><strong>amore</strong></span> <span class='ocrx_word' id='word_1_456' title='bbox 1396 5265 1499 5320; x_wconf 90' lang='lat' dir='ltr'><strong>est,</strong></span> <span class='ocrx_word' id='word_1_457' title='bbox 1532 5270 1639 5326; x_wconf 88' lang='lat' dir='ltr'><strong>quo</strong></span> <span class='ocrx_word' id='word_1_458' title='bbox 1667 5255 1850 5325; x_wconf 89' lang='lat' dir='ltr'><strong>debet,</strong></span> <span class='ocrx_word' id='word_1_459' title='bbox 1874 5260 2001 5329; x_wconf 91' lang='lat' dir='ltr'><strong>quid</strong></span> 
     </span>
    </p>
   </div>
   <div class='ocr_carea' id='block_1_56' title="bbox 423 5334 1999 5422">
    <p class='ocr_par' dir='ltr' id='par_1_56' title="bbox 423 5334 1999 5422">
     <span class='ocr_line' id='line_1_56' title="bbox 423 5334 1999 5422; baseline 0.013 -36"><span class='ocrx_word' id='word_1_460' title='bbox 423 5334 599 5389; x_wconf 84' lang='lat' dir='ltr'><strong>dicam</strong></span> <span class='ocrx_word' id='word_1_461' title='bbox 643 5334 923 5409; x_wconf 83' lang='lat' dir='ltr'><strong>intelligit,</strong></span> <span class='ocrx_word' id='word_1_462' title='bbox 969 5339 1259 5407; x_wconf 90' lang='lat' dir='ltr'><strong>quomodo,</strong></span> <span class='ocrx_word' id='word_1_463' title='bbox 1314 5357 1382 5399; x_wconf 91' lang='lat' dir='ltr'><strong>ne</strong></span> <span class='ocrx_word' id='word_1_464' title='bbox 1422 5344 1537 5415; x_wconf 87' lang='lat' dir='ltr'><strong>ipso</strong></span> <span class='ocrx_word' id='word_1_465' title='bbox 1581 5348 1794 5417; x_wconf 87' lang='lat' dir='ltr'><strong>quidem</strong></span> <span class='ocrx_word' id='word_1_466' title='bbox 1842 5351 1999 5422; x_wconf 87' lang='lat' dir='ltr'><strong>igno-</strong></span> 
     </span>
    </p>
   </div>
   <div class='ocr_carea' id='block_1_57' title="bbox 426 5426 1996 5500">
    <p class='ocr_par' dir='ltr' id='par_1_57' title="bbox 426 5426 1996 5500">
     <span class='ocr_line' id='line_1_57' title="bbox 426 5426 1996 5500; baseline 0.01 -19"><span class='ocrx_word' id='word_1_467' title='bbox 426 5432 607 5481; x_wconf 76' lang='lat' dir='ltr'><strong>scente</strong></span> <span class='ocrx_word' id='word_1_468' title='bbox 628 5464 645 5495; x_wconf 89' lang='lat'><strong>,</strong></span> <span class='ocrx_word' id='word_1_469' title='bbox 691 5426 819 5499; x_wconf 88' lang='lat' dir='ltr'><strong>quin</strong></span> <span class='ocrx_word' id='word_1_470' title='bbox 847 5428 1081 5500; x_wconf 90' lang='lat' dir='ltr'><strong>seipsum</strong></span> <span class='ocrx_word' id='word_1_471' title='bbox 1105 5434 1309 5490; x_wconf 89' lang='lat' dir='ltr'><strong>cruciet</strong></span> <span class='ocrx_word' id='word_1_472' title='bbox 1334 5450 1440 5493; x_wconf 87' lang='lat' dir='ltr'><strong>non</strong></span> <span class='ocrx_word' id='word_1_473' title='bbox 1470 5439 1752 5497; x_wconf 74' lang='lat' dir='ltr'><strong>suatiuebit</strong></span> <span class='ocrx_word' id='word_1_474' title='bbox 1778 5457 1792 5497; x_wconf 88' lang='lat'><strong>:</strong></span> <span class='ocrx_word' id='word_1_475' title='bbox 1822 5444 1996 5499; x_wconf 86' lang='lat' dir='ltr'><strong>maxi-</strong></span> 
     </span>
    </p>
   </div>
   <div class='ocr_carea' id='block_1_58' title="bbox 1094 235 3601 321">
    <p class='ocr_par' dir='ltr' id='par_1_58' title="bbox 1094 235 3601 321">
     <span class='ocr_line' id='line_1_58' title="bbox 1094 235 3601 321; baseline -0.016 0"><span class='ocrx_word' id='word_1_476' title='bbox 1094 263 1152 321; x_wconf 89' lang='lat' dir='ltr'><strong>S.</strong></span> <span class='ocrx_word' id='word_1_477' title='bbox 1193 256 1472 319; x_wconf 75' lang='lat' dir='ltr'><strong>JOANNIS</strong></span> <span class='ocrx_word' id='word_1_478' title='bbox 1508 239 1981 310; x_wconf 72' lang='lat' dir='ltr'><strong>ClIRYSOSTOMI</strong></span> <span class='ocrx_word' id='word_1_479' title='bbox 2018 239 2337 299; x_wconf 79' lang='lat' dir='ltr'><strong>ARCIIIEP.</strong></span> <span class='ocrx_word' id='word_1_480' title='bbox 2377 238 2909 298; x_wconf 71' lang='lat' dir='ltr'><strong>CONSTANTINOP.</strong></span> <span class='ocrx_word' id='word_1_481' title='bbox 3517 235 3601 297; x_wconf 63' lang='lat'><strong>:30</strong></span> 
     </span>
    </p>
   </div>
   <div class='ocr_carea' id='block_1_59' title="bbox 2045 354 3597 427">
    <p class='ocr_par' dir='ltr' id='par_1_59' title="bbox 2045 354 3597 427">
     <span class='ocr_line' id='line_1_59' title="bbox 2045 354 3597 427; baseline 0.001 -17"><span class='ocrx_word' id='word_1_482' title='bbox 2045 371 2192 411; x_wconf 91' lang='lat' dir='ltr'><strong>mum</strong></span> <span class='ocrx_word' id='word_1_483' title='bbox 2217 356 2361 412; x_wconf 89' lang='lat' dir='ltr'><strong>enim</strong></span> <span class='ocrx_word' id='word_1_484' title='bbox 2390 355 2707 427; x_wconf 89' lang='lat' dir='ltr'><strong>supplicium</strong></span> <span class='ocrx_word' id='word_1_485' title='bbox 2734 371 2799 411; x_wconf 90' lang='lat' dir='ltr'><strong>eo</strong></span> <span class='ocrx_word' id='word_1_486' title='bbox 2824 356 2941 425; x_wconf 88' lang='lat' dir='ltr'><strong>ipso</strong></span> <span class='ocrx_word' id='word_1_487' title='bbox 2968 354 3170 425; x_wconf 87' lang='lat' dir='ltr'><strong>pendit,</strong></span> <span class='ocrx_word' id='word_1_488' title='bbox 3200 355 3335 426; x_wconf 88' lang='lat' dir='ltr'><strong>quod</strong></span> <span class='ocrx_word' id='word_1_489' title='bbox 3362 356 3527 426; x_wconf 85' lang='lat' dir='ltr'><strong>ipsum</strong></span> <span class='ocrx_word' id='word_1_490' title='bbox 3543 360 3597 411; x_wconf 83' lang='lat' dir='ltr'><strong>ad</strong></span> 
     </span>
    </p>
   </div>
   <div class='ocr_carea' id='block_1_60' title="bbox 2047 446 3603 516">
    <p class='ocr_par' dir='ltr' id='par_1_60' title="bbox 2047 446 3603 516">
     <span class='ocr_line' id='line_1_60' title="bbox 2047 446 3603 516; baseline -0.001 -14"><span class='ocrx_word' id='word_1_491' title='bbox 2047 447 2373 503; x_wconf 87' lang='lat' dir='ltr'><strong>iracundiam</strong></span> <span class='ocrx_word' id='word_1_492' title='bbox 2402 448 2783 503; x_wconf 86' lang='lat' dir='ltr'><strong>exstimulavit.</strong></span> <span class='ocrx_word' id='word_1_493' title='bbox 2814 446 2925 503; x_wconf 85' lang='lat' dir='ltr'><strong>Nec</strong></span> <span class='ocrx_word' id='word_1_494' title='bbox 2949 461 3077 501; x_wconf 83' lang='lat' dir='ltr'><strong>vero</strong></span> <span class='ocrx_word' id='word_1_495' title='bbox 3104 461 3192 501; x_wconf 91' lang='lat' dir='ltr'><strong>me</strong></span> <span class='ocrx_word' id='word_1_496' title='bbox 3220 446 3345 516; x_wconf 88' lang='lat' dir='ltr'><strong>fugit</strong></span> <span class='ocrx_word' id='word_1_497' title='bbox 3388 448 3603 501; x_wconf 86' lang='lat' dir='ltr'><strong>incredi-</strong></span> 
     </span>
    </p>
   </div>
   <div class='ocr_carea' id='block_1_61' title="bbox 2048 539 3601 610">
    <p class='ocr_par' dir='ltr' id='par_1_61' title="bbox 2048 539 3601 610">
     <span class='ocr_line' id='line_1_61' title="bbox 2048 539 3601 610; baseline 0.001 -17"><span class='ocrx_word' id='word_1_498' title='bbox 2048 540 2171 594; x_wconf 90' lang='lat' dir='ltr'><strong>bilia</strong></span> <span class='ocrx_word' id='word_1_499' title='bbox 2197 540 2469 609; x_wconf 90' lang='lat' dir='ltr'><strong>plerisque</strong></span> <span class='ocrx_word' id='word_1_500' title='bbox 2489 540 2656 595; x_wconf 90' lang='lat' dir='ltr'><strong>videri</strong></span> <span class='ocrx_word' id='word_1_501' title='bbox 2685 556 2804 610; x_wconf 71' lang='lat' dir='ltr'><strong>qua:</strong></span> <span class='ocrx_word' id='word_1_502' title='bbox 2829 542 2949 595; x_wconf 85' lang='lat' dir='ltr'><strong>dico</strong></span> <span class='ocrx_word' id='word_1_503' title='bbox 2973 557 2989 604; x_wconf 86' lang='lat'><strong>;</strong></span> <span class='ocrx_word' id='word_1_504' title='bbox 3021 539 3115 595; x_wconf 91' lang='lat' dir='ltr'><strong>sed</strong></span> <span class='ocrx_word' id='word_1_505' title='bbox 3144 548 3317 595; x_wconf 88' lang='lat' dir='ltr'><strong>tamen</strong></span> <span class='ocrx_word' id='word_1_506' title='bbox 3340 541 3406 593; x_wconf 88' lang='lat' dir='ltr'><strong>ita</strong></span> <span class='ocrx_word' id='word_1_507' title='bbox 3432 555 3490 595; x_wconf 89' lang='lat' dir='ltr'><strong>se</strong></span> <span class='ocrx_word' id='word_1_508' title='bbox 3526 556 3601 596; x_wconf 85' lang='lat' dir='ltr'><strong>res</strong></span> 
     </span>
    </p>
   </div>
   <div class='ocr_carea' id='block_1_62' title="bbox 2050 631 3603 698">
    <p class='ocr_par' dir='ltr' id='par_1_62' title="bbox 2050 631 3603 698">
     <span class='ocr_line' id='line_1_62' title="bbox 2050 631 3603 698; baseline -0.001 -13"><span class='ocrx_word' id='word_1_509' title='bbox 2050 631 2247 698; x_wconf 91' lang='lat' dir='ltr'><strong>habet,</strong></span> <span class='ocrx_word' id='word_1_510' title='bbox 2276 640 2335 686; x_wconf 92' lang='lat' dir='ltr'><strong>ut</strong></span> <span class='ocrx_word' id='word_1_511' title='bbox 2353 632 2483 686; x_wconf 85' lang='lat' dir='ltr'><strong>dixi.</strong></span> <span class='ocrx_word' id='word_1_512' title='bbox 2513 631 2772 698; x_wconf 84' lang='lat' dir='ltr'><strong>Quocirca</strong></span> <span class='ocrx_word' id='word_1_513' title='bbox 2799 632 2844 685; x_wconf 87' lang='lat' dir='ltr'><strong>si</strong></span> <span class='ocrx_word' id='word_1_514' title='bbox 2868 631 3138 685; x_wconf 76' lang='lat' dir='ltr'><strong>Christum</strong></span> <span class='ocrx_word' id='word_1_515' title='bbox 3163 631 3230 684; x_wconf 92' lang='lat' dir='ltr'><strong>ita</strong></span> <span class='ocrx_word' id='word_1_516' title='bbox 3259 644 3493 684; x_wconf 88' lang='lat' dir='ltr'><strong>amemus</strong></span> <span class='ocrx_word' id='word_1_517' title='bbox 3514 672 3528 691; x_wconf 87' lang='lat'><strong>.</strong></span> <span class='ocrx_word' id='word_1_518' title='bbox 3554 642 3603 685; x_wconf 92' lang='lat' dir='ltr'><strong>ut</strong></span> 
     </span>
    </p>
   </div>
   <div class='ocr_carea' id='block_1_63' title="bbox 2048 723 3606 793">
    <p class='ocr_par' dir='ltr' id='par_1_63' title="bbox 2048 723 3606 793">
     <span class='ocr_line' id='line_1_63' title="bbox 2048 723 3606 793; baseline -0.001 -14"><span class='ocrx_word' id='word_1_519' title='bbox 2048 725 2311 779; x_wconf 86' lang='lat' dir='ltr'><strong>amandus</strong></span> <span class='ocrx_word' id='word_1_520' title='bbox 2336 733 2436 789; x_wconf 91' lang='lat' dir='ltr'><strong>est,</strong></span> <span class='ocrx_word' id='word_1_521' title='bbox 2463 736 2802 793; x_wconf 87' lang='lat' dir='ltr'><strong>peccatorum</strong></span> <span class='ocrx_word' id='word_1_522' title='bbox 2830 734 3140 778; x_wconf 86' lang='lat' dir='ltr'><strong>nostrorum</strong></span> <span class='ocrx_word' id='word_1_523' title='bbox 3164 724 3371 793; x_wconf 87' lang='lat' dir='ltr'><strong>ipsimet</strong></span> <span class='ocrx_word' id='word_1_524' title='bbox 3385 723 3606 778; x_wconf 77' lang='lat' dir='ltr'><strong>vindices</strong></span> 
     </span>
    </p>
   </div>
   <div class='ocr_carea' id='block_1_64' title="bbox 2050 814 3609 886">
    <p class='ocr_par' dir='ltr' id='par_1_64' title="bbox 2050 814 3609 886">
     <span class='ocr_line' id='line_1_64' title="bbox 2050 814 3609 886; baseline -0.002 -15"><span class='ocrx_word' id='word_1_525' title='bbox 2050 816 2270 871; x_wconf 89' lang='lat' dir='ltr'><strong>erimus.</strong></span> <span class='ocrx_word' id='word_1_526' title='bbox 2319 817 2388 872; x_wconf 87' lang='lat' dir='ltr'><strong>lis</strong></span> <span class='ocrx_word' id='word_1_527' title='bbox 2434 818 2616 880; x_wconf 92' lang='lat' dir='ltr'><strong>enim,</strong></span> <span class='ocrx_word' id='word_1_528' title='bbox 2664 817 2754 886; x_wconf 90' lang='lat' dir='ltr'><strong>qui</strong></span> <span class='ocrx_word' id='word_1_529' title='bbox 2798 816 3033 885; x_wconf 88' lang='lat' dir='ltr'><strong>cujusvis</strong></span> <span class='ocrx_word' id='word_1_530' title='bbox 3070 816 3302 869; x_wconf 86' lang='lat' dir='ltr'><strong>hominis</strong></span> <span class='ocrx_word' id='word_1_531' title='bbox 3326 830 3503 868; x_wconf 89' lang='lat' dir='ltr'><strong>amore</strong></span> <span class='ocrx_word' id='word_1_532' title='bbox 3526 814 3609 868; x_wconf 82' lang='lat' dir='ltr'><strong>lla-</strong></span> 
     </span>
    </p>
   </div>
   <div class='ocr_carea' id='block_1_65' title="bbox 2051 905 3610 977">
    <p class='ocr_par' dir='ltr' id='par_1_65' title="bbox 2051 905 3610 977">
     <span class='ocr_line' id='line_1_65' title="bbox 2051 905 3610 977; baseline 0.001 -17"><span class='ocrx_word' id='word_1_533' title='bbox 2051 916 2226 977; x_wconf 86' lang='lat' dir='ltr'><strong>graut,</strong></span> <span class='ocrx_word' id='word_1_534' title='bbox 2252 923 2358 964; x_wconf 90' lang='lat' dir='ltr'><strong>non</strong></span> <span class='ocrx_word' id='word_1_535' title='bbox 2388 908 2513 963; x_wconf 89' lang='lat' dir='ltr'><strong>illud</strong></span> <span class='ocrx_word' id='word_1_536' title='bbox 2542 908 2823 963; x_wconf 90' lang='lat' dir='ltr'><strong>molestum</strong></span> <span class='ocrx_word' id='word_1_537' title='bbox 2852 918 2953 973; x_wconf 79' lang='lat' dir='ltr'><strong>e5t,</strong></span> <span class='ocrx_word' id='word_1_538' title='bbox 2983 906 3123 977; x_wconf 89' lang='lat' dir='ltr'><strong>quod</strong></span> <span class='ocrx_word' id='word_1_539' title='bbox 3157 923 3252 976; x_wconf 88' lang='lat' dir='ltr'><strong>pro</strong></span> <span class='ocrx_word' id='word_1_540' title='bbox 3286 905 3488 960; x_wconf 78' lang='lat' dir='ltr'><strong>oﬂ‘enso</strong></span> <span class='ocrx_word' id='word_1_541' title='bbox 3510 908 3610 976; x_wconf 82' lang='lat' dir='ltr'><strong>ejus</strong></span> 
     </span>
    </p>
   </div>
   <div class='ocr_carea' id='block_1_66' title="bbox 2053 998 3611 1069">
    <p class='ocr_par' dir='ltr' id='par_1_66' title="bbox 2053 998 3611 1069">
     <span class='ocr_line' id='line_1_66' title="bbox 2053 998 3611 1069; baseline 0.001 -19"><span class='ocrx_word' id='word_1_542' title='bbox 2053 1013 2211 1068; x_wconf 90' lang='lat' dir='ltr'><strong>quem</strong></span> <span class='ocrx_word' id='word_1_543' title='bbox 2235 1008 2417 1053; x_wconf 89' lang='lat' dir='ltr'><strong>amant</strong></span> <span class='ocrx_word' id='word_1_544' title='bbox 2448 1000 2663 1069; x_wconf 88' lang='lat' dir='ltr'><strong>gravius</strong></span> <span class='ocrx_word' id='word_1_545' title='bbox 2688 999 2885 1068; x_wconf 75' lang='lat' dir='ltr'><strong>aliquid</strong></span> <span class='ocrx_word' id='word_1_546' title='bbox 2914 999 3201 1068; x_wconf 88' lang='lat' dir='ltr'><strong>patiantur.</strong></span> <span class='ocrx_word' id='word_1_547' title='bbox 3232 998 3325 1053; x_wconf 88' lang='lat' dir='ltr'><strong>sed</strong></span> <span class='ocrx_word' id='word_1_548' title='bbox 3357 998 3480 1054; x_wconf 89' lang='lat' dir='ltr'><strong>illud</strong></span> <span class='ocrx_word' id='word_1_549' title='bbox 3502 1011 3611 1052; x_wconf 89' lang='lat' dir='ltr'><strong>ante</strong></span> 
     </span>
    </p>
   </div>
   <div class='ocr_carea' id='block_1_67' title="bbox 2052 1089 3611 1160">
    <p class='ocr_par' dir='ltr' id='par_1_67' title="bbox 2052 1089 3611 1160">
     <span class='ocr_line' id='line_1_67' title="bbox 2052 1089 3611 1160; baseline 0 -18"><span class='ocrx_word' id='word_1_550' title='bbox 2052 1090 2253 1152; x_wconf 90' lang='lat' dir='ltr'><strong>omnia,</strong></span> <span class='ocrx_word' id='word_1_551' title='bbox 2283 1090 2424 1160; x_wconf 87' lang='lat' dir='ltr'><strong>quod</strong></span> <span class='ocrx_word' id='word_1_552' title='bbox 2456 1104 2579 1145; x_wconf 86' lang='lat' dir='ltr'><strong>eum</strong></span> <span class='ocrx_word' id='word_1_553' title='bbox 2608 1106 2764 1159; x_wconf 89' lang='lat' dir='ltr'><strong>quem</strong></span> <span class='ocrx_word' id='word_1_554' title='bbox 2797 1089 3024 1158; x_wconf 85' lang='lat' dir='ltr'><strong>diligunt</strong></span> <span class='ocrx_word' id='word_1_555' title='bbox 3069 1089 3408 1144; x_wconf 79' lang='lat' dir='ltr'><strong>offenderint.</strong></span> <span class='ocrx_word' id='word_1_556' title='bbox 3457 1092 3531 1144; x_wconf 78' lang='lat' dir='ltr'><strong>Ac</strong></span> <span class='ocrx_word' id='word_1_557' title='bbox 3575 1092 3611 1143; x_wconf 80' lang='lat' dir='ltr'><strong>si</strong></span> 
     </span>
    </p>
   </div>
   <div class='ocr_carea' id='block_1_68' title="bbox 2055 1181 3614 1251">
    <p class='ocr_par' dir='ltr' id='par_1_68' title="bbox 2055 1181 3614 1251">
     <span class='ocr_line' id='line_1_68' title="bbox 2055 1181 3614 1251; baseline -0.001 -16"><span class='ocrx_word' id='word_1_558' title='bbox 2055 1182 2142 1235; x_wconf 91' lang='lat' dir='ltr'><strong>ille</strong></span> <span class='ocrx_word' id='word_1_559' title='bbox 2172 1182 2249 1235; x_wconf 90' lang='lat' dir='ltr'><strong>ira</strong></span> <span class='ocrx_word' id='word_1_560' title='bbox 2272 1189 2593 1247; x_wconf 91' lang='lat' dir='ltr'><strong>commotus,</strong></span> <span class='ocrx_word' id='word_1_561' title='bbox 2618 1181 2861 1251; x_wconf 88' lang='lat' dir='ltr'><strong>injuriam</strong></span> <span class='ocrx_word' id='word_1_562' title='bbox 2893 1189 3165 1251; x_wconf 86' lang='lat' dir='ltr'><strong>acceptam</strong></span> <span class='ocrx_word' id='word_1_563' title='bbox 3195 1197 3300 1237; x_wconf 91' lang='lat' dir='ltr'><strong>non</strong></span> <span class='ocrx_word' id='word_1_564' title='bbox 3326 1181 3614 1246; x_wconf 81' lang='lat' dir='ltr'><strong>ulciscatur,</strong></span> 
     </span>
    </p>
   </div>
   <div class='ocr_carea' id='block_1_69' title="bbox 2058 1272 3617 1344">
    <p class='ocr_par' dir='ltr' id='par_1_69' title="bbox 2058 1272 3617 1344">
     <span class='ocr_line' id='line_1_69' title="bbox 2058 1272 3617 1344; baseline 0.001 -18"><span class='ocrx_word' id='word_1_565' title='bbox 2058 1272 2160 1327; x_wconf 92' lang='lat' dir='ltr'><strong>hoc</strong></span> <span class='ocrx_word' id='word_1_566' title='bbox 2182 1273 2297 1341; x_wconf 89' lang='lat' dir='ltr'><strong>ipso</strong></span> <span class='ocrx_word' id='word_1_567' title='bbox 2322 1273 2553 1327; x_wconf 89' lang='lat' dir='ltr'><strong>amicum</strong></span> <span class='ocrx_word' id='word_1_568' title='bbox 2576 1273 2791 1344; x_wconf 84' lang='lat' dir='ltr'><strong>gravius</strong></span> <span class='ocrx_word' id='word_1_569' title='bbox 2817 1274 3089 1329; x_wconf 89' lang='lat' dir='ltr'><strong>excruciat</strong></span> <span class='ocrx_word' id='word_1_570' title='bbox 3117 1290 3131 1327; x_wconf 90' lang='lat'>:</span> <span class='ocrx_word' id='word_1_571' title='bbox 3160 1283 3345 1330; x_wconf 84' lang='lat' dir='ltr'><strong>contra</strong></span> <span class='ocrx_word' id='word_1_572' title='bbox 3366 1316 3383 1339; x_wconf 90' lang='lat'><strong>,</strong></span> <span class='ocrx_word' id='word_1_573' title='bbox 3433 1275 3476 1329; x_wconf 90' lang='lat' dir='ltr'><strong>si</strong></span> <span class='ocrx_word' id='word_1_574' title='bbox 3506 1276 3617 1344; x_wconf 83' lang='lat' dir='ltr'><strong>quid</strong></span> 
     </span>
    </p>
   </div>
   <div class='ocr_carea' id='block_1_70' title="bbox 2058 1365 3622 1436">
    <p class='ocr_par' dir='ltr' id='par_1_70' title="bbox 2058 1365 3622 1436">
     <span class='ocr_line' id='line_1_70' title="bbox 2058 1365 3622 1436; baseline 0.003 -19"><span class='ocrx_word' id='word_1_575' title='bbox 2058 1379 2336 1435; x_wconf 67' lang='lat' dir='ltr'><strong>pinnarum</strong></span> <span class='ocrx_word' id='word_1_576' title='bbox 2366 1373 2562 1428; x_wconf 88' lang='lat' dir='ltr'><strong>sumat,</strong></span> <span class='ocrx_word' id='word_1_577' title='bbox 2596 1365 2712 1434; x_wconf 86' lang='lat' dir='ltr'><strong>plus</strong></span> <span class='ocrx_word' id='word_1_578' title='bbox 2737 1365 2784 1420; x_wconf 92' lang='lat' dir='ltr'><strong>ei</strong></span> <span class='ocrx_word' id='word_1_579' title='bbox 2814 1366 3092 1422; x_wconf 87' lang='lat' dir='ltr'><strong>levationis</strong></span> <span class='ocrx_word' id='word_1_580' title='bbox 3134 1366 3310 1421; x_wconf 76' lang='lat' dir='ltr'><strong>aﬁ‘ert.</strong></span> <span class='ocrx_word' id='word_1_581' title='bbox 3352 1366 3433 1421; x_wconf 79' lang='lat' dir='ltr'><strong>Ne</strong></span> <span class='ocrx_word' id='word_1_582' title='bbox 3480 1367 3622 1436; x_wconf 81' lang='lat' dir='ltr'><strong>igitur</strong></span> 
     </span>
    </p>
   </div>
   <div class='ocr_carea' id='block_1_71' title="bbox 2057 1456 3624 1529">
    <p class='ocr_par' dir='ltr' id='par_1_71' title="bbox 2057 1456 3624 1529">
     <span class='ocr_line' id='line_1_71' title="bbox 2057 1456 3624 1529; baseline 0.002 -18"><span class='ocrx_word' id='word_1_583' title='bbox 2057 1458 2357 1527; x_wconf 89' lang='lat' dir='ltr'><strong>gehennam</strong></span> <span class='ocrx_word' id='word_1_584' title='bbox 2381 1456 2857 1527; x_wconf 85' lang='lat' dir='ltr'><strong>perhorrescamus</strong></span> <span class='ocrx_word' id='word_1_585' title='bbox 2878 1499 2897 1527; x_wconf 93' lang='lat'><strong>,</strong></span> <span class='ocrx_word' id='word_1_586' title='bbox 2929 1458 3023 1514; x_wconf 88' lang='lat' dir='ltr'><strong>sed</strong></span> <span class='ocrx_word' id='word_1_587' title='bbox 3054 1458 3107 1514; x_wconf 92' lang='lat' dir='ltr'><strong>id</strong></span> <span class='ocrx_word' id='word_1_588' title='bbox 3153 1460 3328 1529; x_wconf 81' lang='lat' dir='ltr'><strong>potius</strong></span> <span class='ocrx_word' id='word_1_589' title='bbox 3354 1460 3624 1515; x_wconf 80' lang='lat' dir='ltr'><strong>timeamus</strong></span> 
     </span>
    </p>
   </div>
   <div class='ocr_carea' id='block_1_72' title="bbox 2060 1549 3625 1619">
    <p class='ocr_par' dir='ltr' id='par_1_72' title="bbox 2060 1549 3625 1619">
     <span class='ocr_line' id='line_1_72' title="bbox 2060 1549 3625 1619; baseline 0 -13"><span class='ocrx_word' id='word_1_590' title='bbox 2060 1566 2128 1606; x_wconf 92' lang='lat' dir='ltr'><strong>ne</strong></span> <span class='ocrx_word' id='word_1_591' title='bbox 2173 1550 2339 1605; x_wconf 89' lang='lat' dir='ltr'><strong>Deum</strong></span> <span class='ocrx_word' id='word_1_592' title='bbox 2384 1549 2760 1608; x_wconf 77' lang='lat' dir='ltr'><strong>oﬁ‘endamus:</strong></span> <span class='ocrx_word' id='word_1_593' title='bbox 2793 1550 2894 1606; x_wconf 93' lang='lat' dir='ltr'><strong>hoc</strong></span> <span class='ocrx_word' id='word_1_594' title='bbox 2935 1551 3077 1606; x_wconf 90' lang='lat' dir='ltr'><strong>enim</strong></span> <span class='ocrx_word' id='word_1_595' title='bbox 3118 1552 3207 1607; x_wconf 91' lang='lat' dir='ltr'><strong>illo</strong></span> <span class='ocrx_word' id='word_1_596' title='bbox 3242 1552 3477 1607; x_wconf 89' lang='lat' dir='ltr'><strong>atrocius</strong></span> <span class='ocrx_word' id='word_1_597' title='bbox 3517 1562 3625 1619; x_wconf 89' lang='lat' dir='ltr'><strong>est,</strong></span> 
     </span>
    </p>
   </div>
   <div class='ocr_carea' id='block_1_73' title="bbox 2060 1641 3627 1712">
    <p class='ocr_par' dir='ltr' id='par_1_73' title="bbox 2060 1641 3627 1712">
     <span class='ocr_line' id='line_1_73' title="bbox 2060 1641 3627 1712; baseline 0 -15"><span class='ocrx_word' id='word_1_598' title='bbox 2060 1658 2181 1697; x_wconf 90' lang='lat' dir='ltr'><strong>cum</strong></span> <span class='ocrx_word' id='word_1_599' title='bbox 2211 1641 2451 1697; x_wconf 90' lang='lat' dir='ltr'><strong>infensus</strong></span> <span class='ocrx_word' id='word_1_600' title='bbox 2476 1643 2677 1696; x_wconf 92' lang='lat' dir='ltr'><strong>vultum</strong></span> <span class='ocrx_word' id='word_1_601' title='bbox 2702 1658 2856 1698; x_wconf 92' lang='lat' dir='ltr'><strong>suum</strong></span> <span class='ocrx_word' id='word_1_602' title='bbox 2883 1658 2912 1697; x_wconf 88' lang='lat' dir='ltr'><strong>a</strong></span> <span class='ocrx_word' id='word_1_603' title='bbox 2941 1643 3094 1697; x_wconf 89' lang='lat' dir='ltr'><strong>nobis</strong></span> <span class='ocrx_word' id='word_1_604' title='bbox 3122 1643 3349 1710; x_wconf 88' lang='lat' dir='ltr'><strong>avertit;</strong></span> <span class='ocrx_word' id='word_1_605' title='bbox 3385 1643 3487 1698; x_wconf 89' lang='lat' dir='ltr'><strong>hoc</strong></span> <span class='ocrx_word' id='word_1_606' title='bbox 3510 1660 3627 1712; x_wconf 87' lang='lat' dir='ltr'><strong>quo-</strong></span> 
     </span>
    </p>
   </div>
   <div class='ocr_carea' id='block_1_74' title="bbox 2061 1734 3631 1807">
    <p class='ocr_par' dir='ltr' id='par_1_74' title="bbox 2061 1734 3631 1807">
     <span class='ocr_line' id='line_1_74' title="bbox 2061 1734 3631 1807; baseline 0.002 -19"><span class='ocrx_word' id='word_1_607' title='bbox 2061 1735 2144 1789; x_wconf 91' lang='lat' dir='ltr'><strong>vis</strong></span> <span class='ocrx_word' id='word_1_608' title='bbox 2172 1734 2433 1805; x_wconf 91' lang='lat' dir='ltr'><strong>supplicio</strong></span> <span class='ocrx_word' id='word_1_609' title='bbox 2461 1736 2674 1805; x_wconf 79' lang='lat' dir='ltr'><strong>gravius</strong></span> <span class='ocrx_word' id='word_1_610' title='bbox 2699 1743 2857 1807; x_wconf 88' lang='lat' dir='ltr'><strong>atque</strong></span> <span class='ocrx_word' id='word_1_611' title='bbox 2883 1734 3148 1791; x_wconf 90' lang='lat' dir='ltr'><strong>acerbius.</strong></span> <span class='ocrx_word' id='word_1_612' title='bbox 3182 1737 3355 1807; x_wconf 85' lang='lat' dir='ltr'><strong>Atque</strong></span> <span class='ocrx_word' id='word_1_613' title='bbox 3387 1748 3442 1791; x_wconf 92' lang='lat' dir='ltr'><strong>ut</strong></span> <span class='ocrx_word' id='word_1_614' title='bbox 3480 1752 3631 1806; x_wconf 89' lang='lat' dir='ltr'><strong>quau-</strong></span> 
     </span>
    </p>
   </div>
   <div class='ocr_carea' id='block_1_75' title="bbox 2065 1827 3632 1899">
    <p class='ocr_par' dir='ltr' id='par_1_75' title="bbox 2065 1827 3632 1899">
     <span class='ocr_line' id='line_1_75' title="bbox 2065 1827 3632 1899; baseline 0 -16"><span class='ocrx_word' id='word_1_615' title='bbox 2065 1836 2176 1883; x_wconf 91' lang='lat' dir='ltr'><strong>tum</strong></span> <span class='ocrx_word' id='word_1_616' title='bbox 2221 1827 2324 1883; x_wconf 88' lang='lat' dir='ltr'><strong>hoc</strong></span> <span class='ocrx_word' id='word_1_617' title='bbox 2368 1828 2563 1881; x_wconf 89' lang='lat' dir='ltr'><strong>malum</strong></span> <span class='ocrx_word' id='word_1_618' title='bbox 2615 1828 2685 1883; x_wconf 94' lang='lat' dir='ltr'><strong>sit</strong></span> <span class='ocrx_word' id='word_1_619' title='bbox 2737 1827 3044 1898; x_wconf 86' lang='lat' dir='ltr'><strong>intelligas,</strong></span> <span class='ocrx_word' id='word_1_620' title='bbox 3089 1828 3458 1884; x_wconf 75' lang='lat' dir='ltr'><strong>animadverte</strong></span> <span class='ocrx_word' id='word_1_621' title='bbox 3503 1830 3632 1899; x_wconf 83' lang='lat' dir='ltr'><strong>quod</strong></span> 
     </span>
    </p>
   </div>
   <div class='ocr_carea' id='block_1_76' title="bbox 2063 1921 3634 1994">
    <p class='ocr_par' dir='ltr' id='par_1_76' title="bbox 2063 1921 3634 1994">
     <span class='ocr_line' id='line_1_76' title="bbox 2063 1921 3634 1994; baseline -0.001 -17"><span class='ocrx_word' id='word_1_622' title='bbox 2063 1922 2208 1979; x_wconf 90' lang='lat' dir='ltr'><strong>dico.</strong></span> <span class='ocrx_word' id='word_1_623' title='bbox 2233 1923 2288 1978; x_wconf 84' lang='lat' dir='ltr'><strong>Si</strong></span> <span class='ocrx_word' id='word_1_624' title='bbox 2323 1925 2442 1994; x_wconf 90' lang='lat' dir='ltr'><strong>quis</strong></span> <span class='ocrx_word' id='word_1_625' title='bbox 2466 1939 2561 1977; x_wconf 82' lang='lat' dir='ltr'><strong>rex</strong></span> <span class='ocrx_word' id='word_1_626' title='bbox 2599 1924 2861 1979; x_wconf 87' lang='lat' dir='ltr'><strong>latronem</strong></span> <span class='ocrx_word' id='word_1_627' title='bbox 2903 1923 3135 1992; x_wconf 89' lang='lat' dir='ltr'><strong>aliquem</strong></span> <span class='ocrx_word' id='word_1_628' title='bbox 3172 1938 3236 1978; x_wconf 90' lang='lat' dir='ltr'><strong>ac</strong></span> <span class='ocrx_word' id='word_1_629' title='bbox 3283 1921 3634 1978; x_wconf 73' lang='lat' dir='ltr'><strong>facinornsm</strong></span> 
     </span>
    </p>
   </div>
   <div class='ocr_carea' id='block_1_77' title="bbox 2068 2016 3631 2087">
    <p class='ocr_par' dir='ltr' id='par_1_77' title="bbox 2068 2016 3631 2087">
     <span class='ocr_line' id='line_1_77' title="bbox 2068 2016 3631 2087; baseline 0.001 -17"><span class='ocrx_word' id='word_1_630' title='bbox 2068 2016 2339 2073; x_wconf 86' lang='lat' dir='ltr'><strong>hominem</strong></span> <span class='ocrx_word' id='word_1_631' title='bbox 2369 2032 2556 2086; x_wconf 67' lang='lat' dir='ltr'><strong>poenas</strong></span> <span class='ocrx_word' id='word_1_632' title='bbox 2577 2017 2815 2073; x_wconf 91' lang='lat' dir='ltr'><strong>luentem</strong></span> <span class='ocrx_word' id='word_1_633' title='bbox 2843 2017 3202 2087; x_wconf 78' lang='lat' dir='ltr'><strong>conSpicicns,</strong></span> <span class='ocrx_word' id='word_1_634' title='bbox 3233 2032 3417 2071; x_wconf 85' lang='lat' dir='ltr'><strong>carum</strong></span> <span class='ocrx_word' id='word_1_635' title='bbox 3448 2026 3503 2072; x_wconf 90' lang='lat' dir='ltr'><strong>et</strong></span> <span class='ocrx_word' id='word_1_636' title='bbox 3523 2021 3631 2071; x_wconf 83' lang='lat' dir='ltr'><strong>uui-</strong></span> 
     </span>
    </p>
   </div>
   <div class='ocr_carea' id='block_1_78' title="bbox 2068 2111 3641 2184">
    <p class='ocr_par' dir='ltr' id='par_1_78' title="bbox 2068 2111 3641 2184">
     <span class='ocr_line' id='line_1_78' title="bbox 2068 2111 3641 2184; baseline 0.003 -19"><span class='ocrx_word' id='word_1_637' title='bbox 2068 2126 2190 2165; x_wconf 92' lang='lat' dir='ltr'><strong>cum</strong></span> <span class='ocrx_word' id='word_1_638' title='bbox 2222 2126 2283 2165; x_wconf 94' lang='lat' dir='ltr'><strong>ac</strong></span> <span class='ocrx_word' id='word_1_639' title='bbox 2303 2126 2615 2181; x_wconf 87' lang='lat' dir='ltr'><strong>germanum</strong></span> <span class='ocrx_word' id='word_1_640' title='bbox 2649 2111 2813 2165; x_wconf 91' lang='lat' dir='ltr'><strong>ﬁlium</strong></span> <span class='ocrx_word' id='word_1_641' title='bbox 2858 2111 3155 2167; x_wconf 84' lang='lat' dir='ltr'><strong>necandum</strong></span> <span class='ocrx_word' id='word_1_642' title='bbox 3201 2112 3452 2180; x_wconf 90' lang='lat' dir='ltr'><strong>dederit,</strong></span> <span class='ocrx_word' id='word_1_643' title='bbox 3496 2124 3641 2184; x_wconf 86' lang='lat' dir='ltr'><strong>atque</strong></span> 
     </span>
    </p>
   </div>
   <div class='ocr_carea' id='block_1_79' title="bbox 2071 2203 3641 2273">
    <p class='ocr_par' dir='ltr' id='par_1_79' title="bbox 2071 2203 3641 2273">
     <span class='ocr_line' id='line_1_79' title="bbox 2071 2203 3641 2273; baseline 0 -17"><span class='ocrx_word' id='word_1_644' title='bbox 2071 2219 2173 2256; x_wconf 89' lang='lat' dir='ltr'><strong>una</strong></span> <span class='ocrx_word' id='word_1_645' title='bbox 2205 2218 2325 2258; x_wconf 92' lang='lat' dir='ltr'><strong>cum</strong></span> <span class='ocrx_word' id='word_1_646' title='bbox 2356 2212 2527 2258; x_wconf 91' lang='lat' dir='ltr'><strong>morte</strong></span> <span class='ocrx_word' id='word_1_647' title='bbox 2570 2204 2773 2257; x_wconf 90' lang='lat' dir='ltr'><strong>crimen</strong></span> <span class='ocrx_word' id='word_1_648' title='bbox 2823 2218 3035 2273; x_wconf 86' lang='lat' dir='ltr'><strong>quoque</strong></span> <span class='ocrx_word' id='word_1_649' title='bbox 3080 2204 3147 2257; x_wconf 93' lang='lat' dir='ltr'><strong>ab</strong></span> <span class='ocrx_word' id='word_1_650' title='bbox 3191 2203 3285 2258; x_wconf 89' lang='lat' dir='ltr'><strong>illo</strong></span> <span class='ocrx_word' id='word_1_651' title='bbox 3334 2204 3401 2258; x_wconf 92' lang='lat' dir='ltr'><strong>ad</strong></span> <span class='ocrx_word' id='word_1_652' title='bbox 3453 2205 3641 2269; x_wconf 75' lang='lat' dir='ltr'><strong>ﬁliuni,</strong></span> 
     </span>
    </p>
   </div>
   <div class='ocr_carea' id='block_1_80' title="bbox 2073 2295 3643 2367">
    <p class='ocr_par' dir='ltr' id='par_1_80' title="bbox 2073 2295 3643 2367">
     <span class='ocr_line' id='line_1_80' title="bbox 2073 2295 3643 2367; baseline 0.001 -17"><span class='ocrx_word' id='word_1_653' title='bbox 2073 2297 2230 2367; x_wconf 91' lang='lat' dir='ltr'><strong>longe</strong></span> <span class='ocrx_word' id='word_1_654' title='bbox 2255 2296 2320 2351; x_wconf 92' lang='lat' dir='ltr'><strong>ab</strong></span> <span class='ocrx_word' id='word_1_655' title='bbox 2347 2297 2488 2351; x_wconf 92' lang='lat' dir='ltr'><strong>illius</strong></span> <span class='ocrx_word' id='word_1_656' title='bbox 2509 2295 2719 2366; x_wconf 84' lang='lat' dir='ltr'><strong>flagitiis</strong></span> <span class='ocrx_word' id='word_1_657' title='bbox 2748 2306 3030 2361; x_wconf 88' lang='lat' dir='ltr'><strong>remotum,</strong></span> <span class='ocrx_word' id='word_1_658' title='bbox 3056 2297 3405 2363; x_wconf 88' lang='lat' dir='ltr'><strong>transtulerit,</strong></span> <span class='ocrx_word' id='word_1_659' title='bbox 3430 2308 3489 2351; x_wconf 93' lang='lat' dir='ltr'><strong>ut</strong></span> <span class='ocrx_word' id='word_1_660' title='bbox 3512 2313 3643 2352; x_wconf 82' lang='lat' dir='ltr'><strong>reum</strong></span> 
     </span>
    </p>
   </div>
   <div class='ocr_carea' id='block_1_81' title="bbox 2073 2390 3647 2461">
    <p class='ocr_par' dir='ltr' id='par_1_81' title="bbox 2073 2390 3647 2461">
     <span class='ocr_line' id='line_1_81' title="bbox 2073 2390 3647 2461; baseline 0 -17"><span class='ocrx_word' id='word_1_661' title='bbox 2073 2400 2127 2444; x_wconf 90' lang='lat' dir='ltr'><strong>et</strong></span> <span class='ocrx_word' id='word_1_662' title='bbox 2156 2404 2184 2443; x_wconf 91' lang='lat' dir='ltr'><strong>a</strong></span> <span class='ocrx_word' id='word_1_663' title='bbox 2211 2390 2473 2459; x_wconf 88' lang='lat' dir='ltr'><strong>supplicio</strong></span> <span class='ocrx_word' id='word_1_664' title='bbox 2512 2391 2709 2445; x_wconf 87' lang='lat' dir='ltr'><strong>eximat</strong></span> <span class='ocrx_word' id='word_1_665' title='bbox 2734 2398 2788 2444; x_wconf 86' lang='lat' dir='ltr'><strong>et</strong></span> <span class='ocrx_word' id='word_1_666' title='bbox 2818 2390 2883 2445; x_wconf 92' lang='lat' dir='ltr'><strong>ab</strong></span> <span class='ocrx_word' id='word_1_667' title='bbox 2926 2390 3141 2444; x_wconf 86' lang='lat' dir='ltr'><strong>infamia</strong></span> <span class='ocrx_word' id='word_1_668' title='bbox 3189 2392 3456 2458; x_wconf 75' lang='lat' dir='ltr'><strong>vindicet,</strong></span> <span class='ocrx_word' id='word_1_669' title='bbox 3501 2403 3647 2461; x_wconf 90' lang='lat' dir='ltr'><strong>atque</strong></span> 
     </span>
    </p>
   </div>
   <div class='ocr_carea' id='block_1_82' title="bbox 2077 2482 3647 2556">
    <p class='ocr_par' dir='ltr' id='par_1_82' title="bbox 2077 2482 3647 2556">
     <span class='ocr_line' id='line_1_82' title="bbox 2077 2482 3647 2556; baseline 0 -18"><span class='ocrx_word' id='word_1_670' title='bbox 2077 2484 2293 2555; x_wconf 88' lang='lat' dir='ltr'><strong>insuper</strong></span> <span class='ocrx_word' id='word_1_671' title='bbox 2323 2482 2386 2540; x_wconf 89' lang='lat' dir='ltr'><strong>ad</strong></span> <span class='ocrx_word' id='word_1_672' title='bbox 2414 2483 2683 2555; x_wconf 82' lang='lat' dir='ltr'><strong>ingentem</strong></span> <span class='ocrx_word' id='word_1_673' title='bbox 2712 2482 3024 2556; x_wconf 85' lang='lat' dir='ltr'><strong>dignitatem</strong></span> <span class='ocrx_word' id='word_1_674' title='bbox 3047 2483 3317 2551; x_wconf 83' lang='lat' dir='ltr'><strong>evexerit;</strong></span> <span class='ocrx_word' id='word_1_675' title='bbox 3349 2498 3417 2541; x_wconf 90' lang='lat' dir='ltr'><strong>ac</strong></span> <span class='ocrx_word' id='word_1_676' title='bbox 3467 2484 3647 2539; x_wconf 83' lang='lat' dir='ltr'><strong>deinde</strong></span> 
     </span>
    </p>
   </div>
   <div class='ocr_carea' id='block_1_83' title="bbox 2079 2580 3650 2650">
    <p class='ocr_par' dir='ltr' id='par_1_83' title="bbox 2079 2580 3650 2650">
     <span class='ocr_line' id='line_1_83' title="bbox 2079 2580 3650 2650; baseline 0 -18"><span class='ocrx_word' id='word_1_677' title='bbox 2079 2580 2193 2648; x_wconf 91' lang='lat' dir='ltr'><strong>ipse</strong></span> <span class='ocrx_word' id='word_1_678' title='bbox 2215 2590 2332 2649; x_wconf 90' lang='lat' dir='ltr'><strong>post</strong></span> <span class='ocrx_word' id='word_1_679' title='bbox 2352 2580 2566 2633; x_wconf 86' lang='lat' dir='ltr'><strong>allatam</strong></span> <span class='ocrx_word' id='word_1_680' title='bbox 2598 2580 2675 2634; x_wconf 93' lang='lat' dir='ltr'><strong>illi</strong></span> <span class='ocrx_word' id='word_1_681' title='bbox 2706 2580 2967 2649; x_wconf 89' lang='lat' dir='ltr'><strong>ejusmodi</strong></span> <span class='ocrx_word' id='word_1_682' title='bbox 2997 2580 3221 2634; x_wconf 83' lang='lat' dir='ltr'><strong>salutem</strong></span> <span class='ocrx_word' id='word_1_683' title='bbox 3249 2580 3650 2650; x_wconf 84' lang='lat' dir='ltr'><strong>amplissimam-</strong></span> 
     </span>
    </p>
   </div>
   <div class='ocr_carea' id='block_1_84' title="bbox 2078 2671 3651 2742">
    <p class='ocr_par' dir='ltr' id='par_1_84' title="bbox 2078 2671 3651 2742">
     <span class='ocr_line' id='line_1_84' title="bbox 2078 2671 3651 2742; baseline 0.001 -17"><span class='ocrx_word' id='word_1_684' title='bbox 2078 2687 2181 2741; x_wconf 90' lang='lat' dir='ltr'><strong>que</strong></span> <span class='ocrx_word' id='word_1_685' title='bbox 2209 2671 2430 2742; x_wconf 86' lang='lat' dir='ltr'><strong>gloriam</strong></span> <span class='ocrx_word' id='word_1_686' title='bbox 2462 2673 2530 2726; x_wconf 91' lang='lat' dir='ltr'><strong>ab</strong></span> <span class='ocrx_word' id='word_1_687' title='bbox 2554 2688 2619 2728; x_wconf 93' lang='lat' dir='ltr'><strong>eo</strong></span> <span class='ocrx_word' id='word_1_688' title='bbox 2639 2713 2655 2737; x_wconf 94' lang='lat'><strong>,</strong></span> <span class='ocrx_word' id='word_1_689' title='bbox 2690 2673 2741 2726; x_wconf 91' lang='lat' dir='ltr'><strong>in</strong></span> <span class='ocrx_word' id='word_1_690' title='bbox 2774 2688 2931 2742; x_wconf 89' lang='lat' dir='ltr'><strong>quem</strong></span> <span class='ocrx_word' id='word_1_691' title='bbox 2964 2682 3105 2727; x_wconf 86' lang='lat' dir='ltr'><strong>tanta</strong></span> <span class='ocrx_word' id='word_1_692' title='bbox 3138 2672 3390 2727; x_wconf 87' lang='lat' dir='ltr'><strong>beneﬁcia</strong></span> <span class='ocrx_word' id='word_1_693' title='bbox 3421 2672 3651 2729; x_wconf 81' lang='lat' dir='ltr'><strong>contule-</strong></span> 
     </span>
    </p>
   </div>
   <div class='ocr_carea' id='block_1_85' title="bbox 2081 2766 3652 2836">
    <p class='ocr_par' dir='ltr' id='par_1_85' title="bbox 2081 2766 3652 2836">
     <span class='ocr_line' id='line_1_85' title="bbox 2081 2766 3652 2836; baseline 0.002 -16"><span class='ocrx_word' id='word_1_694' title='bbox 2081 2766 2169 2833; x_wconf 87' lang='lat' dir='ltr'><strong>rit,</strong></span> <span class='ocrx_word' id='word_1_695' title='bbox 2193 2767 2529 2822; x_wconf 87' lang='lat' dir='ltr'><strong>contumeliis</strong></span> <span class='ocrx_word' id='word_1_696' title='bbox 2552 2767 2848 2831; x_wconf 91' lang='lat' dir='ltr'><strong>afﬁciatur;</strong></span> <span class='ocrx_word' id='word_1_697' title='bbox 2873 2783 3047 2823; x_wconf 92' lang='lat' dir='ltr'><strong>annon</strong></span> <span class='ocrx_word' id='word_1_698' title='bbox 3077 2768 3193 2836; x_wconf 90' lang='lat' dir='ltr'><strong>ille,</strong></span> <span class='ocrx_word' id='word_1_699' title='bbox 3224 2769 3266 2824; x_wconf 90' lang='lat' dir='ltr'><strong>si</strong></span> <span class='ocrx_word' id='word_1_700' title='bbox 3296 2769 3465 2825; x_wconf 87' lang='lat' dir='ltr'><strong>modo</strong></span> <span class='ocrx_word' id='word_1_701' title='bbox 3486 2782 3652 2825; x_wconf 89' lang='lat' dir='ltr'><strong>meme</strong></span> 
     </span>
    </p>
   </div>
   <div class='ocr_carea' id='block_1_86' title="bbox 2080 2858 3653 2929">
    <p class='ocr_par' dir='ltr' id='par_1_86' title="bbox 2080 2858 3653 2929">
     <span class='ocr_line' id='line_1_86' title="bbox 2080 2858 3653 2929; baseline 0.001 -17"><span class='ocrx_word' id='word_1_702' title='bbox 2080 2867 2324 2923; x_wconf 84' lang='lat' dir='ltr'><strong>constet,</strong></span> <span class='ocrx_word' id='word_1_703' title='bbox 2359 2859 2552 2913; x_wconf 87' lang='lat' dir='ltr'><strong>millies</strong></span> <span class='ocrx_word' id='word_1_704' title='bbox 2577 2868 2801 2913; x_wconf 91' lang='lat' dir='ltr'><strong>mortem</strong></span> <span class='ocrx_word' id='word_1_705' title='bbox 2832 2868 3087 2929; x_wconf 88' lang='lat' dir='ltr'><strong>oppetere</strong></span> <span class='ocrx_word' id='word_1_706' title='bbox 3116 2858 3327 2925; x_wconf 86' lang='lat' dir='ltr'><strong>mallet,</strong></span> <span class='ocrx_word' id='word_1_707' title='bbox 3365 2876 3531 2929; x_wconf 91' lang='lat' dir='ltr'><strong>quam</strong></span> <span class='ocrx_word' id='word_1_708' title='bbox 3558 2871 3653 2913; x_wconf 78' lang='lat' dir='ltr'><strong>tam</strong></span> 
     </span>
    </p>
   </div>
   <div class='ocr_carea' id='block_1_87' title="bbox 2085 2948 3655 3022">
    <p class='ocr_par' dir='ltr' id='par_1_87' title="bbox 2085 2948 3655 3022">
     <span class='ocr_line' id='line_1_87' title="bbox 2085 2948 3655 3022; baseline 0.003 -20"><span class='ocrx_word' id='word_1_709' title='bbox 2085 2948 2273 3018; x_wconf 84' lang='lat' dir='ltr'><strong>ingrati</strong></span> <span class='ocrx_word' id='word_1_710' title='bbox 2320 2950 2483 3004; x_wconf 89' lang='lat' dir='ltr'><strong>animi</strong></span> <span class='ocrx_word' id='word_1_711' title='bbox 2536 2950 2761 3006; x_wconf 87' lang='lat' dir='ltr'><strong>crimine</strong></span> <span class='ocrx_word' id='word_1_712' title='bbox 2809 2950 3094 3006; x_wconf 78' lang='lat' dir='ltr'><strong>laborare?</strong></span> <span class='ocrx_word' id='word_1_713' title='bbox 3132 2950 3245 3006; x_wconf 82' lang='lat' dir='ltr'><strong>Hoc</strong></span> <span class='ocrx_word' id='word_1_714' title='bbox 3292 2952 3477 3022; x_wconf 86' lang='lat' dir='ltr'><strong>itaque</strong></span> <span class='ocrx_word' id='word_1_715' title='bbox 3525 2968 3655 3007; x_wconf 87' lang='lat' dir='ltr'><strong>nunc</strong></span> 
     </span>
    </p>
   </div>
   <div class='ocr_carea' id='block_1_88' title="bbox 2083 3041 3654 3113">
    <p class='ocr_par' dir='ltr' id='par_1_88' title="bbox 2083 3041 3654 3113">
     <span class='ocr_line' id='line_1_88' title="bbox 2083 3041 3654 3113; baseline 0.002 -19"><span class='ocrx_word' id='word_1_716' title='bbox 2083 3056 2295 3111; x_wconf 90' lang='lat' dir='ltr'><strong>quoque</strong></span> <span class='ocrx_word' id='word_1_717' title='bbox 2324 3041 2737 3111; x_wconf 86' lang='lat' dir='ltr'><strong>perpendamus,</strong></span> <span class='ocrx_word' id='word_1_718' title='bbox 2770 3052 2929 3113; x_wconf 90' lang='lat' dir='ltr'><strong>atque</strong></span> <span class='ocrx_word' id='word_1_719' title='bbox 2955 3042 3022 3097; x_wconf 91' lang='lat' dir='ltr'><strong>ob</strong></span> <span class='ocrx_word' id='word_1_720' title='bbox 3047 3041 3308 3098; x_wconf 73' lang='lat' dir='ltr'><strong>offensum</strong></span> <span class='ocrx_word' id='word_1_721' title='bbox 3361 3044 3654 3101; x_wconf 87' lang='lat' dir='ltr'><strong>beneﬁcum</strong></span> 
     </span>
    </p>
   </div>
   <div class='ocr_carea' id='block_1_89' title="bbox 2086 3131 3657 3204">
    <p class='ocr_par' dir='ltr' id='par_1_89' title="bbox 2086 3131 3657 3204">
     <span class='ocr_line' id='line_1_89' title="bbox 2086 3131 3657 3204; baseline 0.003 -18"><span class='ocrx_word' id='word_1_722' title='bbox 2086 3131 2311 3186; x_wconf 89' lang='lat' dir='ltr'><strong>acerbos</strong></span> <span class='ocrx_word' id='word_1_723' title='bbox 2325 3133 2552 3203; x_wconf 89' lang='lat' dir='ltr'><strong>gemitus</strong></span> <span class='ocrx_word' id='word_1_724' title='bbox 2577 3133 2884 3187; x_wconf 80' lang='lat' dir='ltr'><strong>omittamus</strong></span> <span class='ocrx_word' id='word_1_725' title='bbox 2908 3151 2922 3189; x_wconf 89' lang='lat'>:</span> <span class='ocrx_word' id='word_1_726' title='bbox 2955 3148 3053 3188; x_wconf 89' lang='lat' dir='ltr'><strong>nec</strong></span> <span class='ocrx_word' id='word_1_727' title='bbox 3075 3134 3195 3204; x_wconf 90' lang='lat' dir='ltr'><strong>quia</strong></span> <span class='ocrx_word' id='word_1_728' title='bbox 3226 3134 3438 3204; x_wconf 87' lang='lat' dir='ltr'><strong>injuriis</strong></span> <span class='ocrx_word' id='word_1_729' title='bbox 3459 3151 3491 3190; x_wconf 88' lang='lat' dir='ltr'><strong>a</strong></span> <span class='ocrx_word' id='word_1_730' title='bbox 3517 3137 3657 3190; x_wconf 71' lang='lat' dir='ltr'><strong>nobis</strong></span> 
     </span>
    </p>
   </div>
   <div class='ocr_carea' id='block_1_90' title="bbox 2088 3225 3658 3297">
    <p class='ocr_par' dir='ltr' id='par_1_90' title="bbox 2088 3225 3658 3297">
     <span class='ocr_line' id='line_1_90' title="bbox 2088 3225 3658 3297; baseline 0.001 -17"><span class='ocrx_word' id='word_1_731' title='bbox 2088 3225 2365 3280; x_wconf 86' lang='lat' dir='ltr'><strong>lacessitus</strong></span> <span class='ocrx_word' id='word_1_732' title='bbox 2388 3225 2745 3297; x_wconf 87' lang='lat' dir='ltr'><strong>longanimem</strong></span> <span class='ocrx_word' id='word_1_733' title='bbox 2778 3241 2836 3280; x_wconf 90' lang='lat' dir='ltr'><strong>se</strong></span> <span class='ocrx_word' id='word_1_734' title='bbox 2864 3226 3097 3297; x_wconf 74' lang='lat' dir='ltr'><strong>prmbel,</strong></span> <span class='ocrx_word' id='word_1_735' title='bbox 3131 3227 3383 3283; x_wconf 86' lang='lat' dir='ltr'><strong>fidentem</strong></span> <span class='ocrx_word' id='word_1_736' title='bbox 3430 3231 3658 3283; x_wconf 85' lang='lat' dir='ltr'><strong>animum</strong></span> 
     </span>
    </p>
   </div>
   <div class='ocr_carea' id='block_1_91' title="bbox 2088 3318 3660 3393">
    <p class='ocr_par' dir='ltr' id='par_1_91' title="bbox 2088 3318 3660 3393">
     <span class='ocr_line' id='line_1_91' title="bbox 2088 3318 3660 3393; baseline 0.002 -21"><span class='ocrx_word' id='word_1_737' title='bbox 2088 3320 2468 3389; x_wconf 67' lang='lat' dir='ltr'><strong>pra-feramus,</strong></span> <span class='ocrx_word' id='word_1_738' title='bbox 2500 3334 2681 3374; x_wconf 80' lang='lat' dir='ltr'><strong>verum</strong></span> <span class='ocrx_word' id='word_1_739' title='bbox 2712 3318 2783 3374; x_wconf 90' lang='lat' dir='ltr'><strong>ob</strong></span> <span class='ocrx_word' id='word_1_740' title='bbox 2812 3319 2864 3374; x_wconf 91' lang='lat' dir='ltr'><strong>id</strong></span> <span class='ocrx_word' id='word_1_741' title='bbox 2894 3335 3103 3390; x_wconf 89' lang='lat' dir='ltr'><strong>quoque</strong></span> <span class='ocrx_word' id='word_1_742' title='bbox 3129 3320 3301 3390; x_wconf 92' lang='lat' dir='ltr'><strong>ipsum</strong></span> <span class='ocrx_word' id='word_1_743' title='bbox 3330 3320 3660 3393; x_wconf 81' lang='lat' dir='ltr'><strong>distorquea-</strong></span> 
     </span>
    </p>
   </div>
   <div class='ocr_carea' id='block_1_92' title="bbox 2088 3409 3661 3485">
    <p class='ocr_par' dir='ltr' id='par_1_92' title="bbox 2088 3409 3661 3485">
     <span class='ocr_line' id='line_1_92' title="bbox 2088 3409 3661 3485; baseline 0.002 -21"><span class='ocrx_word' id='word_1_744' title='bbox 2088 3426 2226 3465; x_wconf 92' lang='lat' dir='ltr'><strong>mur.</strong></span> <span class='ocrx_word' id='word_1_745' title='bbox 2251 3409 2383 3465; x_wconf 87' lang='lat' dir='ltr'><strong>Nam</strong></span> <span class='ocrx_word' id='word_1_746' title='bbox 2412 3410 2571 3466; x_wconf 91' lang='lat' dir='ltr'><strong>etiam</strong></span> <span class='ocrx_word' id='word_1_747' title='bbox 2598 3411 2739 3481; x_wconf 91' lang='lat' dir='ltr'><strong>apud</strong></span> <span class='ocrx_word' id='word_1_748' title='bbox 2779 3410 3055 3478; x_wconf 87' lang='lat' dir='ltr'><strong>homines,</strong></span> <span class='ocrx_word' id='word_1_749' title='bbox 3102 3428 3224 3466; x_wconf 85' lang='lat' dir='ltr'><strong>cum</strong></span> <span class='ocrx_word' id='word_1_750' title='bbox 3272 3413 3392 3483; x_wconf 91' lang='lat' dir='ltr'><strong>quis</strong></span> <span class='ocrx_word' id='word_1_751' title='bbox 3440 3414 3661 3485; x_wconf 85' lang='lat' dir='ltr'><strong>impacta</strong></span> 
     </span>
    </p>
   </div>
   <div class='ocr_carea' id='block_1_93' title="bbox 2088 3504 3663 3577">
    <p class='ocr_par' dir='ltr' id='par_1_93' title="bbox 2088 3504 3663 3577">
     <span class='ocr_line' id='line_1_93' title="bbox 2088 3504 3663 3577; baseline 0 -18"><span class='ocrx_word' id='word_1_752' title='bbox 2088 3504 2187 3559; x_wconf 89' lang='lat' dir='ltr'><strong>sibi</strong></span> <span class='ocrx_word' id='word_1_753' title='bbox 2229 3504 2283 3558; x_wconf 92' lang='lat' dir='ltr'><strong>in</strong></span> <span class='ocrx_word' id='word_1_754' title='bbox 2329 3504 2571 3560; x_wconf 80' lang='lat' dir='ltr'><strong>dextram</strong></span> <span class='ocrx_word' id='word_1_755' title='bbox 2618 3504 2890 3559; x_wconf 85' lang='lat' dir='ltr'><strong>maxillam</strong></span> <span class='ocrx_word' id='word_1_756' title='bbox 2934 3505 3085 3575; x_wconf 90' lang='lat' dir='ltr'><strong>alapa</strong></span> <span class='ocrx_word' id='word_1_757' title='bbox 3140 3505 3412 3561; x_wconf 89' lang='lat' dir='ltr'><strong>sinistram</strong></span> <span class='ocrx_word' id='word_1_758' title='bbox 3460 3522 3663 3577; x_wconf 86' lang='lat' dir='ltr'><strong>quoque</strong></span> 
     </span>
    </p>
   </div>
   <div class='ocr_carea' id='block_1_94' title="bbox 2090 3596 3663 3669">
    <p class='ocr_par' dir='ltr' id='par_1_94' title="bbox 2090 3596 3663 3669">
     <span class='ocr_line' id='line_1_94' title="bbox 2090 3596 3663 3669; baseline 0.001 -19"><span class='ocrx_word' id='word_1_759' title='bbox 2090 3596 2324 3667; x_wconf 59' lang='lat' dir='ltr'><strong>prabet,</strong></span> <span class='ocrx_word' id='word_1_760' title='bbox 2371 3598 2631 3666; x_wconf 88' lang='lat' dir='ltr'><strong>majorem</strong></span> <span class='ocrx_word' id='word_1_761' title='bbox 2678 3598 2933 3653; x_wconf 90' lang='lat' dir='ltr'><strong>ultionem</strong></span> <span class='ocrx_word' id='word_1_762' title='bbox 2975 3599 3175 3663; x_wconf 87' lang='lat' dir='ltr'><strong>sumit,</strong></span> <span class='ocrx_word' id='word_1_763' title='bbox 3227 3614 3385 3669; x_wconf 87' lang='lat' dir='ltr'><strong>quam</strong></span> <span class='ocrx_word' id='word_1_764' title='bbox 3435 3600 3488 3653; x_wconf 83' lang='lat' dir='ltr'><strong>si</strong></span> <span class='ocrx_word' id='word_1_765' title='bbox 3530 3599 3663 3652; x_wconf 85' lang='lat' dir='ltr'><strong>mille</strong></span> 
     </span>
    </p>
   </div>
   <div class='ocr_carea' id='block_1_95' title="bbox 2090 3688 3664 3760">
    <p class='ocr_par' dir='ltr' id='par_1_95' title="bbox 2090 3688 3664 3760">
     <span class='ocr_line' id='line_1_95' title="bbox 2090 3688 3664 3760; baseline 0 -17"><span class='ocrx_word' id='word_1_766' title='bbox 2090 3690 2272 3759; x_wconf 85' lang='lat' dir='ltr'><strong>plagas</strong></span> <span class='ocrx_word' id='word_1_767' title='bbox 2302 3688 2583 3745; x_wconf 78' lang='lat' dir='ltr'><strong>indixisset</strong></span> <span class='ocrx_word' id='word_1_768' title='bbox 2611 3707 2626 3746; x_wconf 91' lang='lat'><strong>:</strong></span> <span class='ocrx_word' id='word_1_769' title='bbox 2653 3700 2853 3745; x_wconf 90' lang='lat' dir='ltr'><strong>etcum</strong></span> <span class='ocrx_word' id='word_1_770' title='bbox 2885 3689 3181 3746; x_wconf 85' lang='lat' dir='ltr'><strong>maledictis</strong></span> <span class='ocrx_word' id='word_1_771' title='bbox 3210 3691 3486 3760; x_wconf 83' lang='lat' dir='ltr'><strong>intpetitus</strong></span> <span class='ocrx_word' id='word_1_772' title='bbox 3508 3731 3526 3754; x_wconf 88' lang='lat'><strong>,</strong></span> <span class='ocrx_word' id='word_1_773' title='bbox 3566 3706 3664 3744; x_wconf 82' lang='lat' dir='ltr'><strong>non</strong></span> 
     </span>
    </p>
   </div>
   <div class='ocr_carea' id='block_1_96' title="bbox 2092 3781 3664 3852">
    <p class='ocr_par' dir='ltr' id='par_1_96' title="bbox 2092 3781 3664 3852">
     <span class='ocr_line' id='line_1_96' title="bbox 2092 3781 3664 3852; baseline -0.001 -17"><span class='ocrx_word' id='word_1_774' title='bbox 2092 3782 2252 3837; x_wconf 89' lang='lat' dir='ltr'><strong>modo</strong></span> <span class='ocrx_word' id='word_1_775' title='bbox 2282 3781 2560 3836; x_wconf 88' lang='lat' dir='ltr'><strong>maledicta</strong></span> <span class='ocrx_word' id='word_1_776' title='bbox 2593 3798 2699 3836; x_wconf 89' lang='lat' dir='ltr'><strong>non</strong></span> <span class='ocrx_word' id='word_1_777' title='bbox 2727 3783 2956 3852; x_wconf 89' lang='lat' dir='ltr'><strong>regerit,</strong></span> <span class='ocrx_word' id='word_1_778' title='bbox 2985 3782 3077 3836; x_wconf 90' lang='lat' dir='ltr'><strong>sed</strong></span> <span class='ocrx_word' id='word_1_779' title='bbox 3124 3784 3282 3836; x_wconf 83' lang='lat' dir='ltr'><strong>etiam</strong></span> <span class='ocrx_word' id='word_1_780' title='bbox 3324 3782 3664 3837; x_wconf 85' lang='lat' dir='ltr'><strong>conviciatori</strong></span> 
     </span>
    </p>
   </div>
   <div class='ocr_carea' id='block_1_97' title="bbox 2091 3872 3666 3945">
    <p class='ocr_par' dir='ltr' id='par_1_97' title="bbox 2091 3872 3666 3945">
     <span class='ocr_line' id='line_1_97' title="bbox 2091 3872 3666 3945; baseline -0.001 -17"><span class='ocrx_word' id='word_1_781' title='bbox 2091 3888 2189 3928; x_wconf 89' lang='lat' dir='ltr'><strong>suo</strong></span> <span class='ocrx_word' id='word_1_782' title='bbox 2216 3872 2384 3927; x_wconf 88' lang='lat' dir='ltr'><strong>fausta</strong></span> <span class='ocrx_word' id='word_1_783' title='bbox 2411 3882 2663 3943; x_wconf 85' lang='lat' dir='ltr'><strong>precatur</strong></span> <span class='ocrx_word' id='word_1_784' title='bbox 2685 3916 2701 3942; x_wconf 91' lang='lat'><strong>,</strong></span> <span class='ocrx_word' id='word_1_785' title='bbox 2730 3874 2945 3945; x_wconf 86' lang='lat' dir='ltr'><strong>gravius</strong></span> <span class='ocrx_word' id='word_1_786' title='bbox 2973 3889 3094 3928; x_wconf 90' lang='lat' dir='ltr'><strong>eum</strong></span> <span class='ocrx_word' id='word_1_787' title='bbox 3129 3874 3274 3939; x_wconf 84' lang='lat' dir='ltr'><strong>ferit,</strong></span> <span class='ocrx_word' id='word_1_788' title='bbox 3304 3890 3464 3944; x_wconf 90' lang='lat' dir='ltr'><strong>quam</strong></span> <span class='ocrx_word' id='word_1_789' title='bbox 3490 3875 3534 3928; x_wconf 92' lang='lat' dir='ltr'><strong>si</strong></span> <span class='ocrx_word' id='word_1_790' title='bbox 3555 3889 3666 3928; x_wconf 82' lang='lat' dir='ltr'><strong>sex-</strong></span> 
     </span>
    </p>
   </div>
   <div class='ocr_carea' id='block_1_98' title="bbox 2092 3964 3665 4035">
    <p class='ocr_par' dir='ltr' id='par_1_98' title="bbox 2092 3964 3665 4035">
     <span class='ocr_line' id='line_1_98' title="bbox 2092 3964 3665 4035; baseline -0.001 -16"><span class='ocrx_word' id='word_1_791' title='bbox 2092 3964 2263 4019; x_wconf 86' lang='lat' dir='ltr'><strong>centis</strong></span> <span class='ocrx_word' id='word_1_792' title='bbox 2291 3981 2414 4019; x_wconf 88' lang='lat' dir='ltr'><strong>eutn</strong></span> <span class='ocrx_word' id='word_1_793' title='bbox 2443 3966 2651 4034; x_wconf 88' lang='lat' dir='ltr'><strong>probris</strong></span> <span class='ocrx_word' id='word_1_794' title='bbox 2677 3966 3182 4035; x_wconf 86' lang='lat' dir='ltr'><strong>aspersisset.Quod</strong></span> <span class='ocrx_word' id='word_1_795' title='bbox 3199 3966 3241 4019; x_wconf 90' lang='lat' dir='ltr'><strong>si</strong></span> <span class='ocrx_word' id='word_1_796' title='bbox 3270 3967 3321 4018; x_wconf 92' lang='lat' dir='ltr'><strong>in</strong></span> <span class='ocrx_word' id='word_1_797' title='bbox 3346 3966 3665 4029; x_wconf 77' lang='lat' dir='ltr'><strong>hominibus,</strong></span> 
     </span>
    </p>
   </div>
   <div class='ocr_carea' id='block_1_99' title="bbox 2093 4056 3665 4127">
    <p class='ocr_par' dir='ltr' id='par_1_99' title="bbox 2093 4056 3665 4127">
     <span class='ocr_line' id='line_1_99' title="bbox 2093 4056 3665 4127; baseline -0.001 -16"><span class='ocrx_word' id='word_1_798' title='bbox 2093 4071 2212 4111; x_wconf 91' lang='lat' dir='ltr'><strong>cum</strong></span> <span class='ocrx_word' id='word_1_799' title='bbox 2238 4058 2281 4111; x_wconf 91' lang='lat' dir='ltr'><strong>is</strong></span> <span class='ocrx_word' id='word_1_800' title='bbox 2303 4072 2458 4127; x_wconf 91' lang='lat' dir='ltr'><strong>quem</strong></span> <span class='ocrx_word' id='word_1_801' title='bbox 2480 4057 2670 4127; x_wconf 87' lang='lat' dir='ltr'><strong>injuria</strong></span> <span class='ocrx_word' id='word_1_802' title='bbox 2693 4056 2966 4112; x_wconf 80' lang='lat' dir='ltr'><strong>afl’ecimus</strong></span> <span class='ocrx_word' id='word_1_803' title='bbox 2985 4057 3158 4111; x_wconf 79' lang='lat' dir='ltr'><strong>leuem</strong></span> <span class='ocrx_word' id='word_1_804' title='bbox 3183 4071 3241 4112; x_wconf 90' lang='lat' dir='ltr'><strong>se</strong></span> <span class='ocrx_word' id='word_1_805' title='bbox 3268 4057 3424 4113; x_wconf 85' lang='lat' dir='ltr'><strong>nobis</strong></span> <span class='ocrx_word' id='word_1_806' title='bbox 3448 4058 3665 4127; x_wconf 64' lang='lat' dir='ltr'><strong>praebet,</strong></span> 
     </span>
    </p>
   </div>
   <div class='ocr_carea' id='block_1_100' title="bbox 2094 4148 3667 4221">
    <p class='ocr_par' dir='ltr' id='par_1_100' title="bbox 2094 4148 3667 4221">
     <span class='ocr_line' id='line_1_100' title="bbox 2094 4148 3667 4221; baseline -0.003 -17"><span class='ocrx_word' id='word_1_807' title='bbox 2094 4149 2507 4215; x_wconf 86' lang='lat' dir='ltr'><strong>erubescamus;</strong></span> <span class='ocrx_word' id='word_1_808' title='bbox 2540 4160 2739 4221; x_wconf 90' lang='lat' dir='ltr'><strong>quanto</strong></span> <span class='ocrx_word' id='word_1_809' title='bbox 2767 4152 2936 4221; x_wconf 89' lang='lat' dir='ltr'><strong>magis</strong></span> <span class='ocrx_word' id='word_1_810' title='bbox 2961 4149 3011 4203; x_wconf 93' lang='lat' dir='ltr'><strong>in</strong></span> <span class='ocrx_word' id='word_1_811' title='bbox 3043 4148 3151 4205; x_wconf 91' lang='lat' dir='ltr'><strong>Deo</strong></span> <span class='ocrx_word' id='word_1_812' title='bbox 3187 4148 3535 4204; x_wconf 89' lang='lat' dir='ltr'><strong>metuendum</strong></span> <span class='ocrx_word' id='word_1_813' title='bbox 3572 4148 3667 4203; x_wconf 84' lang='lat' dir='ltr'><strong>illis</strong></span> 
     </span>
    </p>
   </div>
   <div class='ocr_carea' id='block_1_101' title="bbox 2097 4243 3666 4316">
    <p class='ocr_par' dir='ltr' id='par_1_101' title="bbox 2097 4243 3666 4316">
     <span class='ocr_line' id='line_1_101' title="bbox 2097 4243 3666 4316; baseline -0.001 -17"><span class='ocrx_word' id='word_1_814' title='bbox 2097 4253 2200 4309; x_wconf 91' lang='lat' dir='ltr'><strong>est,</strong></span> <span class='ocrx_word' id='word_1_815' title='bbox 2234 4245 2323 4315; x_wconf 92' lang='lat' dir='ltr'><strong>qui</strong></span> <span class='ocrx_word' id='word_1_816' title='bbox 2352 4244 2603 4314; x_wconf 89' lang='lat' dir='ltr'><strong>peccandi</strong></span> <span class='ocrx_word' id='word_1_817' title='bbox 2631 4244 2788 4298; x_wconf 90' lang='lat' dir='ltr'><strong>ﬁnem</strong></span> <span class='ocrx_word' id='word_1_818' title='bbox 2816 4261 2918 4298; x_wconf 87' lang='lat' dir='ltr'><strong>non</strong></span> <span class='ocrx_word' id='word_1_819' title='bbox 2948 4243 3183 4309; x_wconf 86' lang='lat' dir='ltr'><strong>faciunt,</strong></span> <span class='ocrx_word' id='word_1_820' title='bbox 3239 4260 3337 4300; x_wconf 90' lang='lat' dir='ltr'><strong>nec</strong></span> <span class='ocrx_word' id='word_1_821' title='bbox 3381 4246 3666 4316; x_wconf 88' lang='lat' dir='ltr'><strong>quidquam</strong></span> 
     </span>
    </p>
   </div>
   <div class='ocr_carea' id='block_1_102' title="bbox 2096 4336 3671 4408">
    <p class='ocr_par' dir='ltr' id='par_1_102' title="bbox 2096 4336 3671 4408">
     <span class='ocr_line' id='line_1_102' title="bbox 2096 4336 3671 4408; baseline 0.001 -18"><span class='ocrx_word' id='word_1_822' title='bbox 2096 4336 2303 4391; x_wconf 87' lang='lat' dir='ltr'><strong>adversi</strong></span> <span class='ocrx_word' id='word_1_823' title='bbox 2334 4337 2604 4405; x_wconf 87' lang='lat' dir='ltr'><strong>patiuntur</strong></span> <span class='ocrx_word' id='word_1_824' title='bbox 2636 4355 2650 4392; x_wconf 90' lang='lat'><strong><em>:</em></strong></span> <span class='ocrx_word' id='word_1_825' title='bbox 2682 4336 2943 4408; x_wconf 88' lang='lat' dir='ltr'><strong>siquidem</strong></span> <span class='ocrx_word' id='word_1_826' title='bbox 2976 4338 3027 4391; x_wconf 91' lang='lat' dir='ltr'><strong>in</strong></span> <span class='ocrx_word' id='word_1_827' title='bbox 3058 4338 3246 4407; x_wconf 89' lang='lat' dir='ltr'><strong>capitis</strong></span> <span class='ocrx_word' id='word_1_828' title='bbox 3279 4339 3516 4407; x_wconf 89' lang='lat' dir='ltr'><strong>ipsorum</strong></span> <span class='ocrx_word' id='word_1_829' title='bbox 3560 4354 3671 4406; x_wconf 63' lang='lat' dir='ltr'><strong>per-</strong></span> 
     </span>
    </p>
   </div>
   <div class='ocr_carea' id='block_1_103' title="bbox 2099 4428 3671 4499">
    <p class='ocr_par' dir='ltr' id='par_1_103' title="bbox 2099 4428 3671 4499">
     <span class='ocr_line' id='line_1_103' title="bbox 2099 4428 3671 4499; baseline 0.001 -18"><span class='ocrx_word' id='word_1_830' title='bbox 2099 4428 2312 4494; x_wconf 89' lang='lat' dir='ltr'><strong>niciem,</strong></span> <span class='ocrx_word' id='word_1_831' title='bbox 2343 4429 2715 4485; x_wconf 84' lang='lat' dir='ltr'><strong>inenarrabilis</strong></span> <span class='ocrx_word' id='word_1_832' title='bbox 2739 4430 3004 4484; x_wconf 88' lang='lat' dir='ltr'><strong>cruciatus</strong></span> <span class='ocrx_word' id='word_1_833' title='bbox 3031 4440 3353 4485; x_wconf 88' lang='lat' dir='ltr'><strong>asservatur.</strong></span> <span class='ocrx_word' id='word_1_834' title='bbox 3378 4430 3505 4484; x_wconf 62' lang='lat' dir='ltr'><strong>[late</strong></span> <span class='ocrx_word' id='word_1_835' title='bbox 3522 4431 3671 4499; x_wconf 88' lang='lat' dir='ltr'><strong>igitur</strong></span> 
     </span>
    </p>
   </div>
   <div class='ocr_carea' id='block_1_104' title="bbox 2099 4520 3670 4592">
    <p class='ocr_par' dir='ltr' id='par_1_104' title="bbox 2099 4520 3670 4592">
     <span class='ocr_line' id='line_1_104' title="bbox 2099 4520 3670 4592; baseline 0.001 -18"><span class='ocrx_word' id='word_1_836' title='bbox 2099 4520 2280 4576; x_wconf 92' lang='lat' dir='ltr'><strong>animo</strong></span> <span class='ocrx_word' id='word_1_837' title='bbox 2304 4523 2608 4589; x_wconf 85' lang='lat' dir='ltr'><strong>volventes,</strong></span> <span class='ocrx_word' id='word_1_838' title='bbox 2639 4532 2913 4592; x_wconf 90' lang='lat' dir='ltr'><strong>peccatum</strong></span> <span class='ocrx_word' id='word_1_839' title='bbox 2956 4532 3080 4577; x_wconf 91' lang='lat' dir='ltr'><strong>ante</strong></span> <span class='ocrx_word' id='word_1_840' title='bbox 3122 4524 3299 4577; x_wconf 88' lang='lat' dir='ltr'><strong>omnia</strong></span> <span class='ocrx_word' id='word_1_841' title='bbox 3348 4524 3626 4578; x_wconf 87' lang='lat' dir='ltr'><strong>timeamus</strong></span> <span class='ocrx_word' id='word_1_842' title='bbox 3651 4538 3670 4577; x_wconf 72' lang='grc' dir='ltr'><strong><em>τ</em></strong></span> 
     </span>
    </p>
   </div>
   <div class='ocr_carea' id='block_1_105' title="bbox 2102 4611 3671 4686">
    <p class='ocr_par' dir='ltr' id='par_1_105' title="bbox 2102 4611 3671 4686">
     <span class='ocr_line' id='line_1_105' title="bbox 2102 4611 3671 4686; baseline 0.001 -20"><span class='ocrx_word' id='word_1_843' title='bbox 2102 4611 2205 4667; x_wconf 89' lang='lat' dir='ltr'><strong>hoc</strong></span> <span class='ocrx_word' id='word_1_844' title='bbox 2232 4613 2373 4668; x_wconf 92' lang='lat' dir='ltr'><strong>enim</strong></span> <span class='ocrx_word' id='word_1_845' title='bbox 2401 4629 2557 4686; x_wconf 78' lang='lat' dir='ltr'><strong>ptena</strong></span> <span class='ocrx_word' id='word_1_846' title='bbox 2601 4624 2719 4681; x_wconf 84' lang='lat' dir='ltr'><strong>est,</strong></span> <span class='ocrx_word' id='word_1_847' title='bbox 2768 4613 2871 4669; x_wconf 86' lang='lat' dir='ltr'><strong>hoc</strong></span> <span class='ocrx_word' id='word_1_848' title='bbox 2922 4615 3195 4685; x_wconf 86' lang='lat' dir='ltr'><strong>gehenna,</strong></span> <span class='ocrx_word' id='word_1_849' title='bbox 3248 4614 3351 4670; x_wconf 89' lang='lat' dir='ltr'><strong>hoc</strong></span> <span class='ocrx_word' id='word_1_850' title='bbox 3400 4615 3671 4669; x_wconf 82' lang='lat' dir='ltr'><strong>innumera</strong></span> 
     </span>
    </p>
   </div>
   <div class='ocr_carea' id='block_1_106' title="bbox 2104 4705 3671 4777">
    <p class='ocr_par' dir='ltr' id='par_1_106' title="bbox 2104 4705 3671 4777">
     <span class='ocr_line' id='line_1_106' title="bbox 2104 4705 3671 4777; baseline -0.002 -17"><span class='ocrx_word' id='word_1_851' title='bbox 2104 4706 2262 4760; x_wconf 89' lang='lat' dir='ltr'><strong>mala.</strong></span> <span class='ocrx_word' id='word_1_852' title='bbox 2290 4705 2399 4761; x_wconf 86' lang='lat' dir='ltr'><strong>Nec</strong></span> <span class='ocrx_word' id='word_1_853' title='bbox 2429 4722 2558 4762; x_wconf 92' lang='lat' dir='ltr'><strong>vero</strong></span> <span class='ocrx_word' id='word_1_854' title='bbox 2585 4714 2789 4761; x_wconf 84' lang='lat' dir='ltr'><strong>tantum</strong></span> <span class='ocrx_word' id='word_1_855' title='bbox 2823 4708 3102 4763; x_wconf 88' lang='lat' dir='ltr'><strong>timeamus</strong></span> <span class='ocrx_word' id='word_1_856' title='bbox 3126 4748 3142 4773; x_wconf 89' lang='lat'><strong>,</strong></span> <span class='ocrx_word' id='word_1_857' title='bbox 3173 4707 3267 4762; x_wconf 88' lang='lat' dir='ltr'><strong>sed</strong></span> <span class='ocrx_word' id='word_1_858' title='bbox 3298 4708 3458 4763; x_wconf 90' lang='lat' dir='ltr'><strong>etiam</strong></span> <span class='ocrx_word' id='word_1_859' title='bbox 3500 4706 3671 4777; x_wconf 86' lang='lat' dir='ltr'><strong>fugia-</strong></span> 
     </span>
    </p>
   </div>
   <div class='ocr_carea' id='block_1_107' title="bbox 2103 4800 3670 4872">
    <p class='ocr_par' dir='ltr' id='par_1_107' title="bbox 2103 4800 3670 4872">
     <span class='ocr_line' id='line_1_107' title="bbox 2103 4800 3670 4872; baseline -0.002 -19"><span class='ocrx_word' id='word_1_860' title='bbox 2103 4816 2244 4865; x_wconf 91' lang='lat' dir='ltr'><strong>mus,</strong></span> <span class='ocrx_word' id='word_1_861' title='bbox 2267 4817 2329 4857; x_wconf 89' lang='lat' dir='ltr'><strong>ac</strong></span> <span class='ocrx_word' id='word_1_862' title='bbox 2357 4802 2466 4856; x_wconf 91' lang='lat' dir='ltr'><strong>Deo</strong></span> <span class='ocrx_word' id='word_1_863' title='bbox 2497 4810 2755 4871; x_wconf 89' lang='lat' dir='ltr'><strong>perpetuo</strong></span> <span class='ocrx_word' id='word_1_864' title='bbox 2784 4803 2993 4872; x_wconf 79' lang='lat' dir='ltr'><strong>placere</strong></span> <span class='ocrx_word' id='word_1_865' title='bbox 3022 4801 3331 4856; x_wconf 84' lang='lat' dir='ltr'><strong>stndeamus</strong></span> <span class='ocrx_word' id='word_1_866' title='bbox 3363 4816 3376 4853; x_wconf 92' lang='lat'><strong>:</strong></span> <span class='ocrx_word' id='word_1_867' title='bbox 3412 4800 3513 4855; x_wconf 90' lang='lat' dir='ltr'><strong>hoc</strong></span> <span class='ocrx_word' id='word_1_868' title='bbox 3539 4800 3670 4853; x_wconf 83' lang='lat' dir='ltr'><strong>enim</strong></span> 
     </span>
    </p>
   </div>
   <div class='ocr_carea' id='block_1_108' title="bbox 2104 4890 3673 4965">
    <p class='ocr_par' dir='ltr' id='par_1_108' title="bbox 2104 4890 3673 4965">
     <span class='ocr_line' id='line_1_108' title="bbox 2104 4890 3673 4965; baseline -0.002 -18"><span class='ocrx_word' id='word_1_869' title='bbox 2104 4909 2323 4965; x_wconf 87' lang='lat' dir='ltr'><strong>regnum</strong></span> <span class='ocrx_word' id='word_1_870' title='bbox 2350 4903 2452 4963; x_wconf 87' lang='lat' dir='ltr'><strong>est,</strong></span> <span class='ocrx_word' id='word_1_871' title='bbox 2479 4894 2581 4950; x_wconf 88' lang='lat' dir='ltr'><strong>hoc</strong></span> <span class='ocrx_word' id='word_1_872' title='bbox 2609 4897 2730 4960; x_wconf 87' lang='lat' dir='ltr'><strong>vita,</strong></span> <span class='ocrx_word' id='word_1_873' title='bbox 2765 4894 2867 4949; x_wconf 90' lang='lat' dir='ltr'><strong>hoc</strong></span> <span class='ocrx_word' id='word_1_874' title='bbox 2897 4894 3169 4947; x_wconf 87' lang='lat' dir='ltr'><strong>innumera</strong></span> <span class='ocrx_word' id='word_1_875' title='bbox 3201 4893 3357 4946; x_wconf 88' lang='lat' dir='ltr'><strong>bona.</strong></span> <span class='ocrx_word' id='word_1_876' title='bbox 3388 4890 3463 4947; x_wconf 80' lang='lat' dir='ltr'><strong>Ita</strong></span> <span class='ocrx_word' id='word_1_877' title='bbox 3494 4892 3585 4945; x_wconf 76' lang='lat' dir='ltr'><strong>ﬁet</strong></span> <span class='ocrx_word' id='word_1_878' title='bbox 3626 4900 3673 4944; x_wconf 89' lang='lat' dir='ltr'><strong>ut</strong></span> 
     </span>
    </p>
   </div>
   <div class='ocr_carea' id='block_1_109' title="bbox 2103 4982 3673 5055">
    <p class='ocr_par' dir='ltr' id='par_1_109' title="bbox 2103 4982 3673 5055">
     <span class='ocr_line' id='line_1_109' title="bbox 2103 4982 3673 5055; baseline -0.003 -16"><span class='ocrx_word' id='word_1_879' title='bbox 2103 4993 2159 5039; x_wconf 92' lang='lat' dir='ltr'><strong>et</strong></span> <span class='ocrx_word' id='word_1_880' title='bbox 2210 4986 2295 5039; x_wconf 92' lang='lat' dir='ltr'><strong>hic</strong></span> <span class='ocrx_word' id='word_1_881' title='bbox 2333 4984 2442 5055; x_wconf 89' lang='lat' dir='ltr'><strong>jam</strong></span> <span class='ocrx_word' id='word_1_882' title='bbox 2490 4999 2655 5055; x_wconf 90' lang='lat' dir='ltr'><strong>regno</strong></span> <span class='ocrx_word' id='word_1_883' title='bbox 2700 4985 2997 5054; x_wconf 80' lang='lat' dir='ltr'><strong>patiamur,</strong></span> <span class='ocrx_word' id='word_1_884' title='bbox 3027 4991 3080 5037; x_wconf 87' lang='lat' dir='ltr'><strong>et</strong></span> <span class='ocrx_word' id='word_1_885' title='bbox 3117 4983 3306 5037; x_wconf 88' lang='lat' dir='ltr'><strong>futuris</strong></span> <span class='ocrx_word' id='word_1_886' title='bbox 3334 4982 3491 5037; x_wconf 87' lang='lat' dir='ltr'><strong>bonis</strong></span> <span class='ocrx_word' id='word_1_887' title='bbox 3520 5002 3533 5037; x_wconf 91' lang='lat'><strong>:</strong></span> <span class='ocrx_word' id='word_1_888' title='bbox 3567 4997 3673 5051; x_wconf 66' lang='lat' dir='ltr'><strong>qua:</strong></span> 
     </span>
    </p>
   </div>
   <div class='ocr_carea' id='block_1_110' title="bbox 2106 5074 3673 5147">
    <p class='ocr_par' dir='ltr' id='par_1_110' title="bbox 2106 5074 3673 5147">
     <span class='ocr_line' id='line_1_110' title="bbox 2106 5074 3673 5147; baseline -0.002 -17"><span class='ocrx_word' id='word_1_889' title='bbox 2106 5076 2305 5132; x_wconf 90' lang='lat' dir='ltr'><strong>utinam</strong></span> <span class='ocrx_word' id='word_1_890' title='bbox 2334 5091 2519 5132; x_wconf 83' lang='lat' dir='ltr'><strong>omnes</strong></span> <span class='ocrx_word' id='word_1_891' title='bbox 2539 5092 2928 5147; x_wconf 87' lang='lat' dir='ltr'><strong>consequamur</strong></span> <span class='ocrx_word' id='word_1_892' title='bbox 2946 5116 2963 5141; x_wconf 95' lang='lat'><strong>,</strong></span> <span class='ocrx_word' id='word_1_893' title='bbox 2990 5090 3086 5145; x_wconf 91' lang='lat' dir='ltr'><strong>per</strong></span> <span class='ocrx_word' id='word_1_894' title='bbox 3107 5074 3329 5143; x_wconf 88' lang='lat' dir='ltr'><strong>gratiam</strong></span> <span class='ocrx_word' id='word_1_895' title='bbox 3349 5090 3415 5129; x_wconf 91' lang='lat' dir='ltr'><strong>ac</strong></span> <span class='ocrx_word' id='word_1_896' title='bbox 3438 5074 3673 5145; x_wconf 77' lang='lat' dir='ltr'><strong>benigni--</strong></span> 
     </span>
    </p>
   </div>
   <div class='ocr_carea' id='block_1_111' title="bbox 2109 5168 3672 5237">
    <p class='ocr_par' dir='ltr' id='par_1_111' title="bbox 2109 5168 3672 5237">
     <span class='ocr_line' id='line_1_111' title="bbox 2109 5168 3672 5237; baseline -0.001 -12"><span class='ocrx_word' id='word_1_897' title='bbox 2109 5180 2270 5226; x_wconf 88' lang='lat' dir='ltr'><strong>tatem</strong></span> <span class='ocrx_word' id='word_1_898' title='bbox 2294 5170 2500 5225; x_wconf 92' lang='lat' dir='ltr'><strong>Domini</strong></span> <span class='ocrx_word' id='word_1_899' title='bbox 2522 5171 2689 5227; x_wconf 89' lang='lat' dir='ltr'><strong>nostri</strong></span> <span class='ocrx_word' id='word_1_900' title='bbox 2718 5170 2845 5227; x_wconf 89' lang='lat' dir='ltr'><strong>Jesu</strong></span> <span class='ocrx_word' id='word_1_901' title='bbox 2873 5168 3104 5237; x_wconf 90' lang='lat' dir='ltr'><strong>Christi,</strong></span> <span class='ocrx_word' id='word_1_902' title='bbox 3128 5171 3213 5225; x_wconf 88' lang='lat' dir='ltr'><strong>cui</strong></span> <span class='ocrx_word' id='word_1_903' title='bbox 3258 5185 3380 5225; x_wconf 90' lang='lat' dir='ltr'><strong>cum</strong></span> <span class='ocrx_word' id='word_1_904' title='bbox 3430 5171 3586 5226; x_wconf 84' lang='lat' dir='ltr'><strong>Patre</strong></span> <span class='ocrx_word' id='word_1_905' title='bbox 3628 5176 3672 5223; x_wconf 83' lang='lat' dir='ltr'><strong>et</strong></span> 
     </span>
    </p>
   </div>
   <div class='ocr_carea' id='block_1_112' title="bbox 2107 5262 3674 5335">
    <p class='ocr_par' dir='ltr' id='par_1_112' title="bbox 2107 5262 3674 5335">
     <span class='ocr_line' id='line_1_112' title="bbox 2107 5262 3674 5335; baseline 0.001 -16"><span class='ocrx_word' id='word_1_906' title='bbox 2107 5262 2309 5335; x_wconf 89' lang='lat' dir='ltr'><strong>Spiritu</strong></span> <span class='ocrx_word' id='word_1_907' title='bbox 2338 5274 2522 5319; x_wconf 89' lang='lat' dir='ltr'><strong>saneto</strong></span> <span class='ocrx_word' id='word_1_908' title='bbox 2543 5264 2732 5334; x_wconf 85' lang='lat' dir='ltr'><strong>gloria,</strong></span> <span class='ocrx_word' id='word_1_909' title='bbox 2761 5264 3067 5335; x_wconf 91' lang='lat' dir='ltr'><strong>imperium,</strong></span> <span class='ocrx_word' id='word_1_910' title='bbox 3095 5263 3287 5332; x_wconf 90' lang='lat' dir='ltr'><strong>honor,</strong></span> <span class='ocrx_word' id='word_1_911' title='bbox 3310 5280 3455 5321; x_wconf 87' lang='lat' dir='ltr'><strong>nunc</strong></span> <span class='ocrx_word' id='word_1_912' title='bbox 3470 5274 3526 5321; x_wconf 92' lang='lat' dir='ltr'><strong>et</strong></span> <span class='ocrx_word' id='word_1_913' title='bbox 3544 5276 3674 5321; x_wconf 86' lang='lat' dir='ltr'><strong>scm-</strong></span> 
     </span>
    </p>
   </div>
   <div class='ocr_carea' id='block_1_113' title="bbox 2107 5357 3173 5431">
    <p class='ocr_par' dir='ltr' id='par_1_113' title="bbox 2107 5357 3173 5431">
     <span class='ocr_line' id='line_1_113' title="bbox 2107 5357 3173 5431; baseline -0.001 -18"><span class='ocrx_word' id='word_1_914' title='bbox 2107 5373 2223 5431; x_wconf 88' lang='lat' dir='ltr'><strong>per,</strong></span> <span class='ocrx_word' id='word_1_915' title='bbox 2246 5367 2301 5414; x_wconf 91' lang='lat' dir='ltr'><strong>et</strong></span> <span class='ocrx_word' id='word_1_916' title='bbox 2325 5358 2378 5415; x_wconf 91' lang='lat' dir='ltr'><strong>in</strong></span> <span class='ocrx_word' id='word_1_917' title='bbox 2398 5357 2593 5415; x_wconf 66' lang='lat' dir='ltr'><strong>saecula</strong></span> <span class='ocrx_word' id='word_1_918' title='bbox 2616 5358 2957 5415; x_wconf 69' lang='lat' dir='ltr'><strong>saeculorum.</strong></span> <span class='ocrx_word' id='word_1_919' title='bbox 2983 5358 3173 5415; x_wconf 85' lang='lat' dir='ltr'><strong>Amen.</strong></span> 
     </span>
    </p>
   </div>
  </div>
