3696 6212
57 248 137 306 ίῖθ
1032 234 1099 291 IN
1143 232 1361 291 EPIST.
1396 235 1442 290 ιι
1481 232 1572 287 AD
1608 230 1770 289 COR.
1810 228 2048 289 HOMIL.
2082 225 2196 283 XII.

55 357 260 435 μέγεθος.
294 352 506 426 Ἐκείνη
544 352 651 425 γὰρ
680 352 714 421 ἡ
754 351 993 425 προτέρα
1034 352 1201 424 νόμου
1245 352 1340 405 καὶ
1391 350 1568 422 ἔργων

51 446 330 518 δικαιοσύνη,
361 444 500 515 αὕτη
530 445 589 498 δὲ
617 444 753 499 Θεοῦ
782 443 1121 515 δικαιοσύνη.
1152 442 1319 497 Ταῦτ’
1355 438 1448 496 οὖν
1481 443 1569 494 ὲν-

50 546 291 614 νοήσαντες
314 536 641 608 φοϐηθῶμεν
661 537 759 608 τῆς
782 536 1006 606 γεέννης
1037 535 1237 607 μᾶλλον
1259 534 1328 590 τὰ
1350 536 1569 606 ῥήματα

49 632 207 694 ταῦτα,
226 626 546 698 αἰδεσθῶμεν
572 626 772 699 μᾶλλον
794 630 892 698 τῆς
916 626 1194 697 βασιλείας
1213 626 1283 680 τὰ
1313 627 1573 696 πράγμα-

49 742 119 787 τα,
140 722 219 775 καὶ
250 721 315 791 μὴ
349 718 663 791 νομίσωμεν
684 718 921 789 χαλεπὸν
960 713 1098 772 εἶναι
1126 718 1187 771 τὸ
1219 717 1567 782 κολάζεσθαι,

49 814 155 868 ἀλλὰ
172 810 225 865 τὸ
244 811 593 882 ἁμαρτάνειν.
623 812 733 864 Καὶ
762 810 871 879 γάρ
905 810 1069 874 αὑτὸς
1108 810 1157 863 εί
1204 810 1278 881 μὴ
1309 807 1569 873 ἐκόλαζεν

49 907 182 977 ἡμᾶς,
207 904 384 966 αὑτοὺς
404 905 571 975 ἐχρῆν
598 904 898 972 ἀπαιτῆσαι
925 902 1079 972 δίκην
1105 901 1357 967 ἑαυτοὺς,
1391 901 1565 965 οῦτως

49 994 313 1067 ιγνώμονας
352 996 478 1066 περὶ
509 995 601 1049 τὸν
634 995 930 1065 εὐεργέτην
969 993 1313 1065 γενομένους.
1362 993 1475 1045 Νῦν
1513 991 1569 1045 δὲ

49 1088 282 1162 ιρωμένην
319 1088 415 1157 μέν
448 1104 533 1151 τις
575 1086 733 1158 ἔχων,
777 1086 1042 1150 πολλάκις
1083 1088 1177 1140 καὶ
1215 1086 1406 1139 ἑαυτὸν
1440 1102 1572 1138 κατ-

49 1179 227 1251 ῗσφαξε,
253 1179 322 1250 μὴ
341 1179 516 1248 τυχὼν
535 1180 628 1233 τοῦ
652 1180 875 1251 ἔρωτος’
901 1180 997 1234 καὶ
1014 1180 1194 1251 τυχὼν
1214 1180 1292 1245 δὲ,
1317 1179 1497 1249 πεπλη
1507 1197 1572 1250 μ-

49 1270 258 1343 ιεληκὼς
292 1273 369 1335 είς
403 1272 573 1344 αὑτὴν
593 1311 609 1336 ,
643 1272 762 1325 οὑδὲ
797 1275 946 1341 ἀξιον
991 1274 1091 1345 ζῇν
1121 1274 1334 1343 ἡγεῖται
1355 1287 1370 1303 ο
1403 1273 1482 1335 είς
1514 1270 1571 1323 δὲ

51 1368 104 1421 ὸν
133 1365 265 1419 οὕτω
307 1364 686 1435 φιλάνθρωπον
720 1366 813 1419 καὶ
856 1367 1062 1437 ἥμερον
1096 1364 1442 1436 ὑϐρίζοντες,
1473 1364 1572 1434 οὑχ

50 1458 229 1519 αυτοὺς
258 1455 595 1526 ἐμϐαλοῦμεν
626 1456 703 1519 είς
748 1458 809 1508 τὸ
852 1456 964 1528 πῦρ
991 1457 1090 1526 τῆς
1117 1456 1379 1527 γεέννης;
1420 1457 1573 1509 Εἴπω

50 1568 62 1601 ι
126 1546 409 1619 παράδοξον
464 1546 557 1600 καὶ
605 1545 953 1617 θαυμαστὸν,
1011 1546 1106 1600 κα)⁸
1168 1544 1385 1609 πολλοῖς
1443 1545 1574 1609 ἴσως

52 1653 252 1691 πιστονο
292 1637 491 1708 μείζων
531 1638 682 1691 ἔσται
736 1636 1061 1709 παραμυθία
1112 1636 1189 1700 τῷ
1223 1636 1569 1709 κολαζομένῳ

50 1730 145 1783 ηετά
170 1730 228 1783 τὸ
259 1729 557 1802 παροξῦναι
596 1729 687 1782 τὸν
716 1727 858 1782 οὑτω
888 1728 1292 1797 φιλάνθρωπον,
1323 1727 1417 1781 ὲάν
1445 1726 1570 1780 νοῦν

49 1837 120 1895 (ῃ,
152 1812 242 1873 καῖ
274 1822 398 1893 φιλῇ
432 1820 522 1874 τὸν
554 1820 853 1891 Δεσπότην,
884 1820 958 1884 ὡς
992 1819 1166 1890 φιλεῖν
1194 1820 1294 1887 δεῖ,
1325 1820 1358 1891 ἢ
1388 1819 1465 1891 τῷ
1493 1819 1569 1891 μὴ

49 1911 365 1982 ολαζομένῳ.

70 2001 123 2052 δ’.
168 2000 273 2053 Καὶ
301 2000 457 2053 τοῦτο
483 2000 575 2053 καὶ
596 1999 707 2053 ἀπὸ
739 1998 838 2069 τῆς
876 1999 1063 2071 κοινῆς
1098 1998 1385 2071 συνηθείας
1431 2001 1576 2060 ἐστιν

51 2094 144 2145 εῖν.
180 2091 237 2144 Ὀ
260 2090 366 2162 γάρ
388 2094 465 2155 εἰς
487 2091 576 2144 τὸν
601 2092 852 2161 φίλτατον
873 2090 1171 2164 ἠδικηκὼς,
1192 2093 1309 2146 τότε
1335 2092 1570 2164 μάλιστα

49 2181 353 2247 ιαπαύεται,
390 2183 516 2236 ὅταν
544 2185 737 2236 ἑαυτὸν
766 2185 1046 2254 ἀπαιτήσῃ
1078 2183 1255 2256 δίκην,
1294 2185 1388 2237 καὶ
1420 2185 1571 2259 πάθῃ

49 2276 179 2339 ικῶς
201 2292 217 2307 σ
247 2274 434 2348 ῶσπερ
466 2271 557 2330 οῦν
586 2276 681 2331 καὶ
711 2278 738 2330 6
770 2276 932 2330 Δαυῒδ
962 2276 1167 2345 ἔλεγεν.
1213 2275 1353 2347 Ἐγὼ
1380 2279 1413 2330 ὁ
1441 2292 1572 2330 ποια

49 2367 110 2435 *ιν
144 2366 435 2436 ἥμαρτον,
481 2366 579 2421 καὶ
612 2367 726 2437 ἐγὼ
767 2370 800 2421 ὁ
846 2367 1072 2436 ποιμὴν
1115 2366 1566 2434 ὲκακοποίησα·

49 2460 86 2515 ll
120 2456 314 2524 οὗτοι,
342 2461 408 2514 τὸ
431 2460 733 2529 ποίμνιον,
756 2460 814 2513 τί
844 2460 1145 2528 ἐποίησαν
1162 2475 1181 2524 ;
1209 2459 1489 2513 Γενέσθω
1526 2459 1565 2528 ή

50 2552 112 2621 ηίρ
141 2554 263 2605 σου
294 2551 365 2605 ἐν
394 2552 474 2617 τῷ
498 2552 639 2617 οἴκῳ
666 2552 772 2605 τοῦ
795 2554 1020 2619 πατρός
1041 2569 1181 2622 μου.
1213 2552 1323 2605 Καὶ
1357 2552 1446 2605 ὅτε
1477 2551 1569 2605 τὸν

50 2640 358 2714 ,δεσσαλὼμ
416 2642 699 2707 ἀπώλεσε,
757 2643 914 2715 δίκην
974 2643 1165 2696 ἑαυτὸν
1224 2644 1422 2715 ἀπῄτει
1473 2642 1569 2715 τὴν

49 2729 243 2801 χάτηψ
275 2729 453 2783 καίτοι
477 2746 540 2799 γε
569 2732 667 2784 οὑκ
708 2724 777 2802 ἦν
805 2730 966 2795 αὐτὸς
995 2733 1024 2784 6
1051 2730 1354 2803 ἠδικηκὼς,
1388 2732 1503 2786 ἀλλ’
1541 2733 1571 2785 6

49 2820 357 2892 ικημένος’
414 2821 530 2876 ἀλλ’
575 2823 725 2894 ὅμως
770 2821 957 2893 ἐπειδὴ
1012 2823 1215 2894 σφόδρα
1262 2823 1433 2892 ἐφίλει
1476 2823 1571 2877 τὸν

49 2912 293 2966 ἐλθόντα
316 2955 332 2979 ,
381 2914 688 2967 κατέτεινεν
729 2914 919 2968 ἑαυτὸν
952 2917 1073 2978 ταῖς
1110 2914 1327 2978 ὀδύναις
1350 2955 1365 2980 ,
1397 2914 1570 2988 ταύτῃ

56 3005 485 3076 ραμυθούμενος
538 3006 750 3062 ἑαυτόν.
810 3009 922 3060 Καὶ
976 3008 1139 3078 ἡμεῖς
1193 3006 1395 3075 τοίνυν,
1445 3009 1573 3063 ὅταν

50 3100 396 3170 αρτάνωμεν
444 3100 524 3162 είς
555 3099 615 3152 ὃν
650 3099 750 3154 οὑκ
795 3101 959 3170 ὲχρῆν
1009 3098 1161 3173 [519]
1210 3101 1571 3173 ἁμαρτάνειν,

55 3208 126 3260 ην
157 3190 400 3253 ἑαυτοὺς
426 3190 766 3261 ἀπαιτῶμεν.
795 3192 907 3261 Οὑχ
931 3192 1097 3263 ὁρᾶτε
1126 3192 1252 3256 τοῦς
1279 3192 1576 3247 ἀποϐαλόν-

49 3300 61 3343 τ
97 3283 317 3347 παῖδας
355 3282 644 3354 γνησίους,
686 3284 767 3337 ὅτι
813 3282 901 3337 διὰ
938 3283 1097 3338 τοῦτο
1145 3285 1240 3339 καὶ
1284 3287 1572 3340 κόπτονται

49 3374 312 3446 ιτρίχας
355 3374 660 3443 τίλλουσιν,
710 3376 898 3447 ἐπειδὴ
948 3377 1306 3449 παραμυθίαν
1358 3378 1470 3450 ἔχει
1514 3379 1575 3433 τὸ

49 3467 229 3532 .άζειν
257 3470 492 3532 ἑαυτοὺς
526 3470 668 3543 ὑπὲρ
697 3471 808 3525 τῶν
835 3471 1212 3544 φιλουμένων;
1248 3474 1311 3526 El
1342 3473 1419 3539 δὲ,
1446 3475 1575 3527 ὅταν

49 3563 133 3615 Ξὲν
188 3561 576 3633 ἐργασώμεθά
624 3564 785 3635 ἡμεῖς
840 3566 967 3629 τοὺς
1021 3565 1311 3636 φιλτάτους
1368 3567 1570 3634 δεινὸν,

49 3670 121 3707 δει
152 3654 535 3725 παραμυθίαν
562 3657 697 3726 ἡμῖν
725 3656 786 3711 τὸ
816 3656 1002 3721 κακῶς
1031 3658 1284 3728 πάσχειν,
1316 3659 1459 3731 ὑπὲρ
1497 3654 1575 3713 ὧν

49 3748 162 3798 ῖνοι
191 3744 400 3810 κακῶς
423 3746 755 3801 πεπόνθασιν
774 3765 787 3778 '
816 3750 943 3802 ὃταν
966 3749 1120 3802 αὑτοὶ
1157 3744 1308 3820 ὦμεν
1342 3752 1389 3804 οί
1433 3768 1574 3822 παρ-

49 3854 271 3902 ναντες
321 3837 416 3890 καὶ
469 3838 791 3910 ὑϐρικότες,
830 3840 890 3893 οὑ
948 3839 1127 3911 πολλῷ
1181 3840 1381 3912 μᾶλλον
1429 3843 1575 3912 ἡμᾶς

54 3927 300 3981 παύσει
351 3928 411 3981 τὸ
454 3928 611 4000 δίκην
640 3929 843 3995 δοῦναι,
894 3930 927 4002 ἢ
972 3932 1032 3984 τὸ
1083 3931 1160 4003 μὴ
1194 3944 1219 3971 α
1250 3931 1576 3997 κολάζεσθαι

49 4036 190 4073 ασιν
216 4035 235 4082 ;
272 4019 453 4074 Παντί
479 4037 580 4074 που
607 4021 786 4091 δῆλον.
824 4020 890 4074 Εἴ
913 4040 997 4086 τις
1030 4022 1175 4091 φιλεῖ
1201 4023 1293 4077 τὸν
1319 4025 1573 4095 Χριστὸν,

49 4112 264 4181 φιλεῖν
290 4111 396 4172 δεῖ,
429 4105 570 4164 οἶδεν
599 4111 626 4165 6
656 4112 798 4181 λέγω
818 4153 831 4176 ,
861 4112 978 4177 πῶς
1009 4113 1132 4166 οὐδὲ
1164 4113 1327 4167 αὑτοῦ
1358 4131 1571 4185 συγχω-

49 4219 189 4267 ντος
230 4200 499 4266 ἀνέξεται
533 4202 609 4275 μὴ
652 4203 996 4268 κολάζεσθαι·
1039 4205 1140 4277 τὴν
1170 4206 1278 4277 γάρ
1310 4206 1575 4279 μεγίστην

49 4310 189 4349 mw
238 4292 549 4364 ὑπομένεις
585 4293 897 4367 παροξύνας
939 4296 1122 4349 αὑτόν.
1170 4296 1280 4350 Καὶ
1323 4292 1439 4349 οἶδα
1476 4296 1575 4368 μὲν

83 4385 353 4451 πολλοῖς
384 4385 590 4441 ἄπιστα
625 4384 824 4457 λέγων,
871 4386 1012 4461 πλὴν
1058 4387 1175 4443 ἀλλ’
1222 4387 1394 4453 οὑτως
1427 4388 1577 4444 ἐστὶν

49 4602 517 4695 Ξὶξίξθξξῃςυφλέ
551 4608 609 4695 οξ
628 4605 834 4695 .p‘otavit
857 4601 1071 4657 Savilius
1090 4608 1145 4657 et
1164 4603 1420 4670 lutei-pres
1443 4603 1579 4658 Lau-

50 4667 223 4734 fcgit.
266 4666 395 4719 Edit
438 4668 521 4714 καὶ
551 4666 607 4716 τὸ
628 4666 715 4730 μή.

3142 222 3248 279 ιω

1669 348 1857 420 ῶσπερ
1887 347 2106 419 εἴρηκα.
2142 340 2269 395 Ἐἀν
2297 337 2479 393 τοίνυν
2507 335 2750 408 φιλῶμεν
2777 336 2868 391 τὸν
2893 336 3147 408 Χριστὸν.
3174 338 3251 400 ώς

1671 443 1847 511 φιλεῖν
1890 440 2005 502 δεῖ,
2056 436 2283 497 ἑαυτοὺς
2334 430 2765 503 τιμωρησόμεθα
2817 430 3248 501 ἁμαρτάνοντες.

1670 530 1797 596 Τοῖς
1816 531 1924 601 γάρ
1947 527 2166 582 ὁτουοῦν
2189 523 2387 595 ἐρῶσιν
2411 523 2472 576 οὑ
2492 522 2553 576 τὸ
2574 520 2743 575 κακόν
2766 538 2818 573 τι
2840 520 3034 573 παθεῖν
3064 520 3246 589 ἀηδὲς,

1671 624 1813 696 ὑπὲρ
1852 618 1927 676 ὧν
1963 618 2290 691 παρώξυναν
2341 614 2435 670 τὸν
2477 612 2776 685 ἐρώμενον,
2821 612 2937 665 ἀλλ’
2971 611 3105 665 αὑτὸ
3142 611 3250 681 πρὸ

1670 717 1889 770 πάντων
1913 713 1974 766 τὸ
1996 709 2293 780 παροξῦναι
2316 707 2408 761 τὸν
2431 703 2815 774 ἀγαπώμενον.
2836 702 2952 755 Κᾶν
2972 700 3247 771 ὀργισθεὶς

1669 797 1823 867 οὗτος
1864 805 1937 874 μὴ
1967 802 2192 872 κολάσῃ,
2236 797 2501 869 μειζόνως
2530 794 2819 849 ὲὸασάνισε
2848 792 2939 845 τὸν
2968 792 3205 861 ἐραστήν
3231 806 3245 819 ·

1670 894 1736 949 ἂν
1774 894 1831 947 δὲ
1868 893 2025 962 δίκην
2070 890 2373 961 ἀπαιτήσῃ,
2425 886 2626 957 μᾶλλον
2666 882 3117 955 παρεμυθήσατο.
3156 882 3249 951 Μὴ

1669 985 1849 1041 τοίνυν
1905 985 2129 1054 γέενναν
2184 979 2513 1051 φοόώμεθα,
2563 978 2701 1033 ἀλλά
2751 977 2812 1030 τὸ
2876 974 3249 1047 προσκροῦσαι

1670 1076 1748 1148 τῷ
1802 1075 1952 1145 Θεῷ·
2013 1071 2171 1127 τοῦτο
2225 1071 2332 1141 γὰρ
2385 1070 2593 1123 ἐκείνου
2645 1065 3056 1137 χαλεπώτερον,
3120 1065 3250 1120 ὅταν

1671 1166 2081 1238 ἀποστρέφηται
2131 1163 2514 1236 ὀργιζόμενος-⁸
2548 1159 2708 1213 τοῦτο
2757 1158 2976 1212 πάντων
3029 1159 3249 1229 χεῖρον,

1670 1260 1829 1315 τοῦτο
1873 1260 2090 1313 πάντων
2135 1253 2556 1327 φορτικώτερον.
2582 1252 2693 1306 Καὶ
2722 1252 2810 1305 ἴνα
2848 1250 3026 1321 μάθῃς
3062 1248 3249 1319 ἡλίκον

1673 1353 1838 1417 ἐστὶν,
1888 1351 2138 1421 ἐννόησον
2176 1347 2333 1401 τοῦτο
2387 1346 2415 1399 ὃ
2452 1345 2615 1413 λέγω.
2662 1342 2729 1396 Εἴ
2761 1360 2843 1405 τις
2891 1339 3251 1411 κολαζόμενον

1676 1443 1798 1497 ἰδὼν
1841 1442 2125 1513 ἄνθρωπον
2162 1438 2365 1511 λῃστὴν
2418 1439 2513 1491 καὶ
2555 1433 2896 1504 κακοῦργον,
2937 1431 3097 1495 αὐτὸς
3153 1430 3248 1500 βα-

1675 1536 1856 1599 σιλεὺς
1926 1535 2001 1588 ῶν
2024 1574 2039 1600 ,
2110 1533 2202 1586 τὸν
2272 1530 2557 1603 ἀγαπητὸν
2640 1528 2753 1581 υἱὸν
2823 1527 2914 1581 τὸν
2986 1526 3248 1597 μονογενῆ

1673 1626 1767 1680 καὶ
1802 1623 2026 1695 γνήσιον
2068 1622 2269 1675 ἔδωκεν
2311 1620 2451 1674 ὥστε
2497 1617 2794 1687 σφαγῆναι,
2836 1617 2929 1668 καὶ
2983 1614 3120 1685 μετά
3154 1611 3247 1665 τοῦ

1673 1720 1904 1774 θανάτου
1938 1718 2033 1772 καὶ
2065 1715 2164 1788 τὴν
2209 1713 2388 1769 αἰτίαν
2420 1713 2514 1767 ἀπ’
2545 1711 2756 1766 ἐκείνου
2790 1711 3126 1780 μετήνεγκεν
3157 1705 3251 1759 ἐπὶ

1671 1810 1760 1865 τὸν
1790 1809 1905 1863 υἱὸν
1927 1808 2028 1861 οὑκ
2050 1807 2179 1861 ὄντα
2202 1803 2463 1866 τοιοῦτον,
2491 1804 2579 1855 ἵνα
2604 1803 2699 1855 καὶ
2729 1798 2879 1871 σώσῃ
2910 1798 2999 1850 τὸν
3029 1796 3251 1850 κατάδι-

1672 1920 1787 1965 κον,
1835 1900 1933 1955 καὶ⁵
1970 1899 2071 1967 τῆς
2116 1896 2359 1966 πονηρᾶς
2407 1893 2729 1963 ὑπολήψεως
2769 1887 3079 1959 ἀπαλλάξῃ,
3132 1882 3253 1939 εἶτα

1674 1992 1814 2064 μετά
1834 1988 2004 2044 ταῦτα
2026 1989 2105 2052 είς
2132 1987 2374 2058 μεγάλην
2399 1984 2572 2056 ἀρχὴν
2594 1983 2753 2037 αὑτὸν
2779 1978 3092 2059 ἀναγαγών,
3115 1978 3252 2048 μετά

1670 2086 1770 2156 τὴν
1807 2082 2080 2153 σωτηρίαν
2100 2080 2195 2134 καί¹
2217 2081 2313 2148 τὴν
2337 2078 2493 2144 δόξαν
2520 2075 2618 2146 τὴν
2644 2073 2974 2145 ἀπόρρητον,
3000 2068 3256 2141 ὑϐρίζετο

1672 2174 1823 2248 παρὰ
1861 2173 1954 2227 τοῦ
1980 2170 2203 2225 τοιαῦτα
2229 2167 2556 2230 πεπονθότος
2576 2183 2589 2195 ·
2620 2165 2719 2218 οὑκ
2749 2163 2813 2217 ἂν
2846 2163 3021 2215 εἵλετο
3055 2160 3253 2231 μυριάο

1672 2284 1759 2329 κις
1790 2264 2082 2319 ἀποθανεῖν
2132 2262 2336 2322 ἐκεῖνος
2358 2299 2373 2322 ,
2406 2259 2457 2311 εί
2498 2273 2562 2325 γε
2590 2254 2715 2308 νοῦν
2748 2250 2916 2326 εἶχεν,
2952 2252 2984 2322 ἢ
3016 2250 3254 2323 τοσαύτῃ

1671 2351 2034 2423 ἀγνωμοσύνῃ
2066 2350 2299 2420 φανῆναι
2343 2346 2645 2409 ὑπεύθυνος
2678 2344 2795 2408 ῶν;
2839 2342 3010 2395 Τοῦτο
3050 2340 3114 2413 δὴ
3156 2339 3255 2393 καὶ

1672 2445 1764 2497 νῦν
1794 2440 2156 2513 λογιζώμεθα,
2190 2439 2287 2491 καὶ
2319 2436 2593 2507 στένωμεν
2623 2433 2833 2505 πικρῶς
2876 2430 2964 2501 ἐφ’
2997 2424 3079 2493 οἷς
3114 2445 3253 2499 παρη

1672 2534 1957 2604 ωξύναμεν
1984 2532 2076 2586 τὸν
2101 2530 2397 2602 εὐεργέτην
2417 2544 2428 2556 ·
2467 2526 2625 2598 μηδὲ,
2656 2523 2844 2595 ἐπειδὴ
2883 2520 3254 2593 μακροθύμως

1672 2625 2027 2697 ὑϐριζόμενος
2064 2621 2254 2693 φέρει,
2296 2619 2383 2672 διά
2429 2617 2589 2672 τοῦτο
2637 2614 2951 2686 θαρρῶμεν,
3002 2612 3138 2666 ἀλλά
3184 2610 3253 2665 δι’

1672 2718 1803 2772 αὑτὸ
1836 2716 1933 2787 μὲν
1956 2712 2049 2768 οῦν
2077 2712 2235 2766 τοῦτο
2261 2709 2606 2780 δακνώμεθα.
2635 2707 2746 2762 Καὶ
2772 2706 2881 2777 γὰρ
2906 2702 3128 2757 ἐπὶτῶν
3156 2703 3252 2755 ἀν-

1674 2807 1931 2881 θρώπων,
1981 2807 2108 2859 ὅταν
2142 2821 2224 2868 τις
2256 2800 2485 2873 πληγεὶς
2527 2800 2626 2871 τὴν
2668 2797 2848 2863 δεξιὰν
2891 2795 3115 2864 σιαγόνα
3138 2836 3151 2859 ,
3180 2792 3255 2864 δῷ

1674 2903 1771 2958 καὶ
1801 2901 1901 2973 τὴν
1935 2897 2261 2972 ἀριστερὰν,
2295 2894 2555 2966 μειζόνως
2587 2892 2874 2964 ἀμύνεται,
2909 2888 2943 2960 ἢ
2973 2889 3021 2941 εί
3055 2886 3255 2957 μυρίας

1674 2994 1844 3049 ἔδωκε
1872 2991 2106 3058 πληγάς·
2143 2987 2236 3041 καὶ
2274 2987 2401 3040 ὅταν
2443 2981 2798 3052 λοιδορηθεὶς,
2841 2978 2918 3050 μὴ
2972 2977 3132 3048 μόνον
3155 2975 3255 3029 οὑκ

1675 3085 2109 3155 ἀντιλοιδορήσῃ,
2164 3078 2299 3133 ἀλλά
2353 3078 2451 3131 καὶ
2507 3074 2809 3143 εὑλογήσῃ,
2872 3066 3254 3155 χαλεπώτερον

1674 3154 1997 3247 ἐπληξενμῆ
2029 3174 2077 3227 εἱ
2111 3171 2325 3242 μυρίοις
2363 3167 2620 3221 ὀνείδεσιν
2662 3162 2910 3215 έπλυνεν.
2956 3159 3018 3211 Et
3061 3155 3118 3210 δὲ
3168 3154 3255 3209 ἐπ’

1675 3267 1998 3341 ἀνθρώπων.
2026 3268 2153 3320 ὅταν
2193 3261 2504 3333 ὑϐρίζοντες
2536 3252 2917 3328 μακροθυμίας
2972 3247 3257 3304 ἀπολαύω-

1679 3378 1779 3433 μεν
1798 3403 1814 3428 ,
1848 3354 2341 3428 καταισχυνόμεθα·
2367 3350 2515 3425 [520]
2544 3346 2722 3419 πολλῷ
2759 3345 2958 3417 μᾶλλον
2987 3342 3080 3396 ἐπὶ
3120 3341 3254 3433 Θεοῦ

1675 3432 1969 3509 δεδοικέναι
1996 3449 2103 3522 χρὴ
2140 3449 2265 3510 τοὺς
2292 3443 2702 3517 ἁμαρτάνοντας
2730 3434 3016 3508 διηνεκῶς,
3050 3434 3142 3486 καὶ
3167 3432 3258 3485 οὑ-

1675 3544 1764 3598 δεν
1806 3542 2113 3614 πάσχοντας
2152 3537 2359 3592 δεινόν’
2411 3531 2643 3603 καὶγὰρ
2678 3529 2772 3583 καὶ
2817 3526 2909 3581 ἐπὶ
2959 3522 3116 3594 κακῷ
3158 3523 3256 3593 τῆς

1677 3636 1887 3692 ἑαυτῶν
1925 3633 2167 3705 κεφαλῆς
2209 3634 2243 3702 ἡ
2280 3630 2486 3700 ἄφατος
2523 3626 2706 3688 αὑτοῖς
2744 3619 3134 3692 θησαυρίζεται
3182 3632 3258 3668 τι-

1680 3730 1880 3803 μωρία.
1916 3727 2081 3782 Ταῦτ’
2109 3721 2201 3779 οῦν
2233 3720 2559 3785 ἐννοοῦντες,
2594 3717 2699 3789 πρὸ
2734 3714 2950 3768 πάντων
2982 3708 3256 3781 ἁμαρτίαν

1677 3801 1993 3895 φοϐώμεθα’
2040 3819 2198 3873 τοῦτο
2237 3815 2344 3886 γὰρ
2376 3812 2628 3874 κόλασις.
2660 3808 2817 3861 τοῦτο
2851 3805 3064 3874 γέεννα,
3099 3801 3257 3853 τοῦτο

1676 3891 1747 3969 τὰ
1799 3891 1969 3985 μυρία
2006 3911 2172 3965 κακά.
2220 3907 2312 3979 Μὴ
2349 3902 2642 3975 φοϐώμεθα
2674 3900 2730 3953 δὲ
2773 3897 2953 3970 μόνον,
2987 3892 3123 3948 ἀλλά
3161 3891 3258 3946 καὶ

1680 4008 1972 4080 φεύγωμεν
1994 4046 2007 4069 ,
2037 4004 2132 4057 καὶ
2155 4001 2232 4074 τῷ
2267 3999 2386 4071 Θεῷ
2426 3995 2815 4065 σπουδάζωμεν
2842 3985 3103 4059 διηνεκῶς
3127 3984 3258 4080 ἀρέ-

1681 4116 1849 4156 σκειν⁶
1879 4097 2039 4152 τοῦτο
2069 4095 2176 4165 γὰρ
2201 4090 2464 4164 βασιλεία,
2487 4087 2642 4142 τοῦτο
2667 4084 2802 4154 ζωὴ,
2825 4080 2981 4134 τοῦτο
2998 4078 3066 4131 τά
3088 4074 3258 4146 μυρία

1680 4192 1842 4246 καλά.
1879 4190 2035 4244 Οῦτω
2068 4188 2164 4242 καὶ
2191 4184 2436 4239 ἐντεῦθεν
2464 4183 2565 4253 ἤδη
2594 4180 2696 4248 τῆς
2728 4174 3005 4248 βασιλείας
3036 4171 3258 4224 ἐπιτευ-

1684 4281 1904 4353 ξόμεθα,
1929 4281 2024 4335 καὶ
2048 4280 2157 4333 τῶν
2184 4277 2481 4350 μελλόντων
2510 4270 2750 4341 ἀγαθῶν·
2786 4261 2861 4321 ὧν
2888 4266 3103 4353 γένοιτο
3122 4260 3261 4315 πάνυ

1678 4352 1779 4439 τας
1807 4375 1954 4445 ἡμᾶς
1977 4373 2274 4442 ἐπιτυχεῖν,
2300 4369 2481 4441 χάριτι
2505 4366 2600 4419 καὶ
2624 4356 3006 4431 φιλανθρωπίᾳ
3029 4352 3122 4407 τοῦ
3153 4353 3260 4409 Κυτ

1684 4470 1802 4541 ρίου
1841 4465 2000 4538 ἡμῶν
2042 4463 2218 4536 Ἰησοῦ
2257 4458 2517 4533 Χριστοῦ,
2567 4455 2685 4528 μεθ’
2729 4449 2788 4508 οῦ
2819 4451 2896 4523 τῷ
2932 4448 3107 4527 Πατρὶ
3140 4446 3258 4541 ἅμα

1680 4539 1759 4633 τῷ
1787 4559 1927 4630 ἁγίῳ
1954 4558 2233 4629 Πνεύματι
2261 4554 2407 4621 δόξα,
2448 4551 2670 4623 κράτος,
2703 4546 2860 4617 τιμὴ,
2894 4542 2988 4597 νῦν
3022 4542 3114 4595 καὶ
3146 4539 3256 4605 ἀεὶ,

1681 4655 1777 4712 καὶ
1804 4653 1884 4720 εἰς
1911 4649 2269 4715 τοὺςαὶῶνας
2298 4647 2406 4704 τῶν
2431 4644 2661 4701 αἰώνων.
2711 4638 2908 4711 ’Λμήν.
