3696 6212
54 317 99 371 ει
1007 296 1074 353 IN
1113 293 1329 352 EPIST.
1363 290 1407 347 ιι
1467 289 1559 347 an
1595 287 1751 348 con.
1793 288 2023 348 uomL.
2063 290 2180 347 xu.

49 410 2422 445 __________—__-—-——-—-——————'————‘—-—-—————v

1336 473 1686 537 HOMILIA
1728 473 1874 535 x11.
1929 548 1934 553 ,

50 685 117 721 λι».
137 662 177 717 6.
192 676 236 715 v.
250 661 294 716 f.
310 657 610 730 Adjuvantes
622 665 789 709 autem
805 654 1149 712 exhortamur,
1164 664 1226 702 ne
1245 647 1297 700 in
1318 659 1532 699 vacuum

69 756 254 829 gratiam
281 750 363 805 Dei
388 748 663 819 recipiatis.
693 746 749 800 2.
782 746 864 799 Ait
906 744 1079 799 enim:
1104 741 1353 810 Tempore
1389 752 1532 829 acce-

69 828 140 918 pto
166 843 373 899 exaudiui
400 851 448 896 te
468 882 483 906 ,
516 850 563 894 et
592 841 645 893 in
673 838 755 891 die
779 837 961 891 salutis
983 834 1260 888 auxiliatos
1284 847 1395 885 sum
1417 828 1526 882 tibi.

67 930 109 997 ι’.
132 936 357 1006 Quoniam
385 934 527 990 enim
560 933 725 987 Deum
756 942 945 1000 rogare
975 926 1221 989 dixerat,
1252 922 1528 992 apostolos

50 1044 157 1089 item
182 1029 422 1102 legatione
451 1025 632 1096 fungi,
668 1031 829 1094 atque
865 1019 1149 1075 obsecrare
1177 1025 1236 1071 ut
1272 1030 1393 1070 cum
1423 1013 1532 1068 Deo

78 1123 270 1195 gratiam
298 1120 565 1184 redirent;
595 1132 661 1172 ne
684 1115 958 1184 segniores
985 1110 1107 1166 inde
1139 1108 1493 1165 redderentur
1514 1144 1531 1172 ,
1574 1177 1580 1182 η

51 1235 107 1273 ne
134 1228 296 1269 rursus
317 1228 408 1267 eos
434 1218 599 1265 terret
627 1217 682 1264 et
705 1207 902 1262 excitat
926 1204 1111 1259 dicens
1133 1243 1147 1268 ,
1182 1200 1264 1254 Ne
1286 1200 1452 1268 itaque
1476 1197 1531 1251 in

50 1324 185 1365 suum
211 1306 296 1359 Dei
321 1304 535 1377 gratiam
561 1300 841 1371 recipiatis.
864 1296 1049 1367 Neque
1078 1294 1220 1350 enim
1251 1298 1532 1363 propterea

49 1419 81 1459 is
116 1398 351 1457 socordia:
374 1382 579 1453 (demus
601 1437 617 1462 ,
649 1393 855 1465 inquit,
882 1391 1006 1461 quia
1038 1389 1180 1443 Deus
1211 1401 1307 1440 nos
1336 1394 1526 1454 rogat,

70 1496 251 1566 legatos
273 1490 335 1546 ad
365 1504 464 1544 nos
495 1487 675 1542 misit:
706 1486 813 1540 imo
837 1497 965 1538 vero
986 1480 1055 1536 ob
1082 1479 1186 1534 hoc
1211 1478 1383 1547 ipsum
1410 1487 1530 1566 ma-

50 1602 90 1643 -e
124 1564 286 1640 studio
314 1591 365 1637 et
392 1578 669 1650 diligentia
702 1576 812 1631 Deo
841 1575 1095 1645 placere,
1127 1584 1190 1625 ac
1229 1564 1531 1638 Spirituales

50 1693 173 1734 arces
199 1675 443 1745 colligere
486 1685 738 1727 curemus
768 1667 858 1740 (id
900 1664 1042 1737 quod
1093 1663 1261 1719 etiam
1285 1656 1533 1729 superius

50 1770 195 1832 :ebat,
224 1766 412 1823 Caritas
440 1764 535 1818 Dei
564 1772 706 1832 urget
732 1777 856 1826 nos,
884 1758 986 1813 hoc
1017 1764 1101 1812 est
1121 1797 1136 1821 ,
1171 1754 1398 1824 premit,
1429 1751 1535 1806 im-

49 1859 185 1932 llit):
230 1873 293 1914 ne
333 1857 529 1927 alioqui
574 1864 695 1925 post
727 1860 927 1906 tantam
974 1848 1067 1902 Dei
1116 1844 1531 1901 sollicitudinem

50 1951 204 2020 lapsi,
229 1964 320 2004 nec
340 1948 505 2002 ullum
536 1946 809 2015 egregium
840 1940 1048 1995 virtutis
1072 1937 1340 2007 specimen
1369 1934 1537 1991 eden-

71 2083 87 2110 ,
132 2041 285 2096 tantis
314 2038 468 2095 bonis
495 2036 829 2093 excidamus.
861 2031 938 2087 Ne
988 2032 1149 2101 igitur
1178 2026 1496 2082 existimetis
1515 2065 1533 2093 ,

49 2141 166 2209 fuit,
210 2140 327 2208 quia
370 2136 672 2190 hortatores
719 2131 900 2193 misit,
952 2134 1268 2198 perpetuum
1295 2123 1347 2178 id
1379 2121 1532 2175 fore:

49 2248 130 2302 lue
155 2232 222 2285 ad
260 2228 549 2284 secundum
594 2225 761 2296 ipsius
788 2222 1076 2277 adventum
1119 2218 1222 2272 hoc
1250 2215 1388 2270 erit:
1420 2222 1537 2266 tan-

49 2341 73 2379 u
115 2326 351 2377 hortatur
375 2321 501 2375 dum
528 2318 615 2373 hic
640 2329 855 2379 smnus;
886 2320 1072 2383 postea
1102 2307 1345 2378 sequitur
1374 2319 1533 2375 pmna

61 2418 326 2473 cruciatus
394 2416 719 2483 Propterea,
765 2408 1067 2477 Urgemur,
1114 2401 1305 2474 inquit.
1352 2398 1535 2468 Neque

52 2526 99 2563 m
131 2524 229 2565 eos
256 2507 425 2563 solum
454 2521 484 2559 a
515 2505 776 2558 bonorum
814 2495 1178 2567 magnitudine
1217 2508 1281 2548 ac
1311 2491 1404 2545 Dei
1436 2490 1533 2543 he-

49 2604 217 2671 nitate
237 2642 252 2665 ,
284 2599 375 2655 sed
407 2598 567 2653 etiam
602 2592 856 2663 temporis
886 2588 1149 2645 brevitate
1188 2598 1403 2653 semper
1441 2596 1535 2635 ex-

49 2693 235 2747 nolat:
268 2689 406 2745 unde
446 2697 500 2743 et
525 2687 632 2741 alio
663 2686 782 2739 loco
824 2684 931 2749 ait,
968 2680 1120 2734 Nunc
1164 2677 1295 2733 enim
1327 2674 1537 2746 prapior

61 2795 243 2840 nostra
281 2784 421 2839 salus
462 2781 651 2853 (Rom.
683 2779 770 2833 15.
803 2778 927 2846 Η);
956 2784 1010 2830 et
1040 2786 1259 2837 rurSus,
1290 2768 1539 2822 Dominus

49 2897 107 2951 pe
138 2888 215 2932 est
241 2876 497 2947 (Philipp.
528 2875 582 2928 4.
617 2871 694 2941 5).
728 2870 826 2924 llic
852 2882 980 2923 vero
1004 2863 1275 2937 quidpiam
1308 2859 1539 2929 amplius

52 2982 91 3025 t.
139 2968 327 3038 Neque
358 2967 499 3021 enim
548 2964 673 3019 hinc
719 2971 925 3016 tantum
963 2973 1056 3015 eos
1084 2955 1151 3011 ad
1181 2954 1407 3009 salutem
1440 2952 1542 3004 im-

52 3062 129 3127 it,
164 3058 314 3131 quod
360 3059 522 3112 breve
559 3064 718 3126 atque
771 3052 1023 3123 exiguum
1069 3047 1140 3103 sit
1178 3045 1232 3101 id
1282 3042 1541 3113 temporis

50 3154 82 3209 d
108 3159 309 3216 restat,
338 3150 433 3205 sed
467 3149 591 3203 hinc
616 3147 799 3212 etiam,
834 3142 973 3214 quod
999 3142 1173 3197 solum
1204 3139 1306 3193 hoc
1331 3146 1542 3206 tempus

50 3262 158 3301 tam
188 3241 592 3311 adipiscendam
620 3239 923 3309 appositum
950 3235 1045 3289 sit.
1079 3228 1211 3287 Ecce
1233 3231 1368 3285 enim
1406 3242 1542 3283 nunc

49 3356 138 3393 ous
172 3334 521 3401 acceptabile,
553 3348 666 3387 ecce
702 3331 810 3384 dies
841 3326 1042 3383 salutis.
1086 3323 1167 3381 Nc
1196 3324 1358 3393 igitur
1383 3334 1543 3375 occa-

55 3446 149 3486 em
186 3427 350 3483 nobis
379 3425 558 3496 perire
606 3424 880 3482 sinamus,
912 3415 1009 3474 sed
1055 3416 1271 3486 dignum
1324 3418 1543 3480 accepta

51 3525 103 3577 ia
135 3520 388 3577 studium
415 3516 788 3574 exhibeamus.
818 3512 951 3567 Nam
980 3508 1101 3566 ideo
1122 3518 1176 3563 et
1198 3508 1297 3576 ipsi
1324 3505 1546 3561 festina-

79 3658 95 3682 ,
134 3611 296 3685 quod
345 3619 400 3666 et
447 3609 762 3664 brevitatem
811 3613 865 3660 et
909 3600 1365 3674 opportunitatem
1405 3606 1543 3651 tem-

49 3721 76 3761 s
131 3709 484 3774 perspectam
517 3698 851 3753 habeamus:
904 3692 1046 3748 unde
1086 3691 1248 3745 etiam
1294 3686 1543 3753 dicebat,

49 3805 272 3851 wantes
310 3802 481 3847 autem
514 3791 866 3846 exhortamur.
904 3783 1239 3855 Adjuvantes,
1269 3795 1367 3836 vos
1393 3777 1546 3834 scili-

77 3902 197 3943 vos
250 3885 395 3940 enim
448 3882 660 3953 potius,
689 3894 848 3951 quam
896 3878 1061 3933 Deum
1100 3890 1202 3946 pro
1246 3888 1353 3944 quo
1398 3871 1547 3941 lega-

50 3995 91 4034 .s
144 3992 363 4033 munus
403 3975 645 4036 obimus,
674 3971 1005 4041 adjuvamus.
1062 3966 1180 4037 Ipse
1224 3965 1367 4021 enim
1401 3963 1547 4019 nulla

49 4072 290 4142 ndiget,
322 4083 507 4124 verum
537 4064 682 4120 salus
726 4062 902 4118 omnis
931 4060 999 4116 ad
1025 4073 1124 4115 vos
1154 4066 1416 4129 permeat.
1447 4056 1546 4110 At.

49 4171 121 4217 ut
153 4161 344 4216 etiam
377 4159 470 4213 Dei
516 4155 819 4226 adjutorem
864 4167 924 4208 se
966 4165 1087 4206 esse
1115 4148 1285 4213 dicat,
1331 4162 1400 4202 ne
1445 4144 1549 4200 hoc

49 4271 149 4310 em
181 4252 289 4307 ille
319 4249 565 4321 repudiat
592 4266 606 4302 :
634 4261 756 4301 nam
784 4253 838 4301 et
863 4242 970 4298 alio
1000 4243 1119 4296 loco
1145 4239 1309 4305 dicit,
1334 4237 1430 4292 Dei
1450 4236 1551 4290 ad-

52 4364 118 4400 es
156 4359 359 4399 sanius
389 4342 473 4414 (1.
499 4335 623 4393 Cor.
647 4339 703 4393 5.
730 4335 827 4407 9).
861 4337 1037 4404 Atque
1064 4332 1167 4387 hac
1209 4331 1417 4385 ratione
1445 4328 1551 4383 ho-

49 4452 99 4491 :s
134 4447 383 4490 rursum
414 4432 642 4486 salutem
665 4426 940 4498 impertire
964 4425 1075 4480 ait:
1104 4422 1174 4478 Et
1198 4423 1546 4477 exhortamur.

49 4530 296 4601 quippe
322 4540 446 4581 cum
493 4522 836 4586 exhortatur,
866 4535 974 4575 non
1018 4518 1334 4587 simpliciter
1355 4514 1554 4571 exhor-

49 4642 98 4689 ν,
141 4619 266 4677 sed
297 4619 399 4674 has
422 4616 836 4687 justiticationes
863 4612 1056 4677 affert;
1085 4610 1226 4681 quod
1252 4609 1457 4679 justum
1486 4608 1554 4663 il-

50 4714 300 4770 Filium
320 4752 339 4777 ,
367 4709 459 4781 qui
479 4724 547 4763 ne
578 4716 853 4777 peccatum
881 4704 1094 4775 quidem
1126 4712 1345 4767 nosset,
1379 4699 1552 4755 dona-

66 4849 90 4874 ,
156 4816 232 4861 et
285 4819 391 4875 pro
421 4802 576 4858 nobis
618 4795 988 4871 peccatoribus
1045 4796 1220 4866 ipsum
1270 4804 1549 4864 peccatum

52 4901 152 4963 it,
192 4904 267 4951 ut
313 4910 419 4950 nos
443 4890 574 4964 justi
619 4889 958 4946 efﬁciamur:
991 4901 1113 4957 quae
1162 4885 1380 4956 quidem
1430 4898 1551 4940 cum

49 5000 121 5047 at
148 5032 169 5055 ,
209 5002 287 5044 ac
315 4987 461 5042 Deus
487 4985 577 5050 sit,
612 4999 680 5039 ne
710 4995 901 5052 rogare
926 4979 1143 5051 quidem
1163 4993 1287 5034 eum
1315 4985 1551 5048 oportet,

52 5096 191 5138 nes
212 5077 553 5151 praesertim,
572 5084 627 5131 et
641 5088 669 5129 a
683 5073 876 5145 quibus
891 5071 1127 5128 offensus
1144 5069 1337 5137 fuerat,
1360 5083 1553 5124 verum

49 5177 163 5230 llis
222 5171 429 5227 diebus
463 5168 677 5240 rogari;
722 5164 890 5245 nihilo
927 5163 1103 5220 secius
1146 5170 1327 5217 tamen
1356 5168 1552 5230 rogat:

53 5284 91 5323 s
111 5309 133 5332 ,
176 5279 330 5321 cum
363 5275 648 5335 rogamus,
697 5258 901 5314 nullum
926 5254 1149 5312 omnino
1188 5254 1316 5325 jus,
1347 5251 1554 5308 nullum

49 5360 285 5417 licium
337 5355 581 5428 proferre
624 5363 953 5423 possumus;
983 5362 1172 5403 verum
1212 5360 1380 5401 unum
1411 5343 1550 5411 hoc,

80 5451 223 5509 Dei
253 5491 269 5513 ,
304 5449 400 5520 qui
445 5453 592 5503 tanta
623 5445 760 5499 bona
804 5439 1045 5504 dederit,
1076 5437 1295 5494 nomine
1318 5450 1415 5492 vos
1450 5433 1553 5490 ob-

55 5558 262 5600 uzus.
287 5541 652 5596 Obsecramus
679 5548 859 5606 porro,
888 5540 946 5588 ut
968 5531 1205 5587 oblatum
1229 5528 1554 5586 beneﬁcium

50 5639 115 5694 ia
130 5636 234 5691 tis
265 5674 284 5703 ,
317 5649 421 5690 nec
446 5646 639 5687 munus
669 5625 983 5700 repudietis.
1005 5624 1211 5680 Morem
1240 5622 1425 5693 itaque
1458 5636 1560 5677 no-

49 5728 253 5786 erile
278 5764 297 5794 ,
324 5740 391 5783 ac
418 5722 594 5780 videte
624 5736 692 5779 nc
716 5719 771 5777 in
800 5731 1027 5788 vacuum
1056 5714 1290 5788 gratiam
1310 5713 1547 5787 accipia-

1643 640 1731 691 tts.
1760 635 1971 692 Etenim
1997 654 2066 693 ne
2099 638 2174 694 illi
2204 638 2258 694 in
2291 642 2393 697 hoc
2416 657 2520 697 uno
2549 645 3043 703 reconciliationem
3076 652 3227 721 posi-

1642 738 1748 784 tam
1772 745 1891 785 esse
1920 732 2324 797 existimarent,
2355 743 2414 789 ut
2440 737 2649 791 vocanti
2677 735 2836 793 ﬁdem
2864 738 3226 808 adhiberent,

1642 819 1763 875 ideo
1810 821 1923 878 hzec
1968 823 2128 878 verba
2158 824 2434 895 adjungit,
2478 826 2674 897 quibus
2718 828 2952 884 studium
3005 832 3057 885 in
3104 832 3227 885 vita:

1642 913 1849 968 ratione
1878 914 2152 983 efflagitat.
2183 914 2315 970 Nam
2350 918 2473 987 qui,
2511 928 2855 990 posteaquam
2890 922 3124 992 peccatis
3158 923 3226 976 li-

1642 1002 1858 1060 beratus
1878 1016 2040 1076 atque
2062 1008 2115 1061 in
2141 1008 2432 1064 amicitiam
2462 1021 2713 1082 receptus
2742 1024 2845 1080 est,
2873 1015 2923 1069 in
2954 1016 3223 1085 prioribus

1642 1098 1855 1170 flagitiis
1882 1116 2069 1155 rursus
2092 1102 2394 1169 volutatur,
2428 1104 2474 1158 is
2502 1104 2569 1159 ad
2618 1106 2930 1163 inimicitias
2957 1110 3131 1170 redit:
3164 1126 3227 1166 ac

1644 1190 1870 1260 frustra,
1903 1203 2158 1264 quantum
2184 1194 2253 1249 ad
2284 1194 2446 1250 vitam
2486 1198 2678 1253 attinet
2700 1240 2715 1265 ,
2748 1199 2973 1268 gratiam
3014 1199 3107 1257 Dei
3137 1217 3228 1258 ae-

1645 1285 1807 1354 cepit.

1718 1374 1895 1430 Gratia
1924 1393 2025 1430 non
2055 1378 2267 1433 multum
2290 1380 2437 1449 juvat
2463 1381 2532 1434 ad
2561 1381 2812 1449 salutent,
2845 1384 2890 1438 si
2916 1383 3115 1455 impure
3156 1387 3234 1441 ri-

1643 1485 1839 1523 vamus.
1863 1469 2135 1541 —Neque
2160 1474 2302 1527 enim
2328 1489 2575 1543 magmnn
2604 1476 2877 1545 quidpiam
2902 1477 2968 1531 ad
2998 1479 3227 1534 salutem

1643 1560 1798 1615 nobis
1828 1560 1981 1616 affert
2005 1565 2175 1632 gratia
2196 1606 2212 1631 ,
2246 1565 2291 1619 si
2334 1566 2542 1636 impure
2571 1567 2855 1625 vivamus:
2891 1570 3016 1640 quin
3051 1574 3229 1642 potius

1643 1650 2023 1709 detrimentum
2055 1653 2107 1709 in
2136 1671 2232 1709 nos
2261 1659 2508 1725 accersit,
2532 1659 2905 1716 vehementius
2942 1663 2994 1717 in
3028 1679 3227 1733 peccao

1645 1745 1713 1798 tis
1754 1755 2038 1815 gravatos,
2072 1755 2130 1802 ut
2159 1748 2246 1818 qui
2295 1758 2419 1818 post
2463 1750 2726 1819 ejusmodi
2773 1755 3133 1824 cognitionem
3166 1770 3231 1810 ac

1642 1836 1959 1893 beneﬁcium
2003 1839 2081 1893 ad.
2113 1839 2294 1909 priora
2328 1841 2452 1895 vitia
2492 1858 2590 1897 nos
2633 1844 2779 1912 ipsos
2812 1847 3125 1901 referamus.
3160 1848 3232 1903 At

1642 1927 1879 1982 nondum
1912 1928 2013 1984 hoc
2042 1932 2214 1999 ponit,
2244 1945 2311 1984 ne
2341 1931 2623 1986 molestam
2647 1942 2806 2004 atque
2833 1950 3076 2005 asperam
3108 1952 3235 1992 ora-

1642 2019 1842 2075 tionem
1872 2020 2061 2075 reddat
2092 2038 2105 2074 :
2136 2021 2240 2076 hoc
2265 2022 2439 2076 solum
2469 2021 2616 2088 dicit,
2650 2025 2849 2079 nullam
2884 2025 3006 2081 hinc
3034 2026 3099 2081 ad
3130 2042 3233 2082 nos

1642 2113 1928 2168 utilitatem
1962 2113 2161 2168 redire.
2205 2113 2409 2169 Deinde
2449 2114 2745 2184 prophetia:
2776 2132 2990 2188 quoque
3019 2134 3234 2174 memo-

1643 2204 1775 2258 riam
1824 2203 2074 2270 refricat,
2121 2219 2228 2275 quo
2259 2219 2446 2259 eorum
2496 2206 2705 2261 animos
2734 2207 2801 2261 ad
2835 2211 3229 2277 capessendum

1643 2297 1833 2354 salutis
1872 2298 2106 2353 studium
2150 2299 2391 2368 impellat
2433 2309 2485 2354 et
2516 2309 2724 2370 urgeat.
2759 2300 2843 2354 Ait
2870 2303 3004 2355 enim
3032 2319 3050 2356 :
3079 2302 3241 2357 Tem-

1642 2409 1763 2463 pore
1802 2402 2010 2462 accepto
2053 2392 2367 2448 exaudivite
2389 2435 2403 2459 ,
2436 2404 2482 2447 et
2512 2396 2564 2448 in
2593 2396 2676 2450 die
2716 2397 2896 2451 salutis
2946 2399 3231 2455 auxiliatus

1644 2501 1756 2539 sum
1784 2486 1891 2539 tibi.
1920 2484 2053 2540 Ecce
2080 2502 2214 2539 nunc
2244 2496 2439 2557 tempus
2464 2488 2789 2558 acceptabile,
2825 2505 2938 2543 ecce
2966 2507 3097 2543 nunc
3119 2493 3233 2547 dies

1643 2575 1843 2631 salutis.
1876 2576 2110 2647 Tempus
2161 2580 2493 2649 acceptabile
2520 2596 2533 2632 :
2567 2580 2835 2649 quodnam
2862 2582 3045 2637 istud?
3072 2582 3237 2639 Tem-

1644 2685 1745 2739 pus
1768 2670 2019 2726 videlicet
2050 2672 2295 2727 beneﬁcii
2333 2683 2385 2729 et
2410 2675 2599 2745 gratia:
2624 2715 2639 2739 ,
2672 2675 2724 2730 in
2766 2692 2871 2745 quo
2901 2677 2967 2732 de
2994 2679 3231 2748 peccatis

1643 2761 1896 2835 admissis
1924 2762 2160 2818 rationes
2191 2781 2296 2818 non
2340 2774 2710 2834 exposcuntur
2750 2782 2848 2822 nec
2879 2782 3052 2837 postne
3091 2782 3229 2837 pen-

1645 2853 1875 2921 duntur,
1905 2856 2091 2925 inquo
2132 2873 2234 2911 una
2279 2873 2401 2912 eum
2450 2861 2887 2915 reconciliatione
2933 2861 3232 2918 immmeris

1646 2961 1857 3016 quoque
1887 2948 2039 3002 bonis
2083 2947 2343 3014 fruimur,
2384 2950 2590 3020 justitia
2618 2952 2868 3006 nimirum
2891 2993 2905 3016 ,
2937 2954 3235 3010 sanctiﬁca-

1649 3038 1792 3092 tione
1812 3079 1827 3105 ,
1857 3038 2083 3111 aliisque
2111 3041 2381 3096 omnibus.
2409 3040 2649 3109 Quantos
2680 3043 2823 3098 enim
2854 3043 3068 3100 labores
3112 3061 3235 3101 sus-

1647 3131 1829 3202 cipere
1855 3146 1952 3201 par
1979 3139 2118 3200 erat,
2145 3142 2202 3186 ut
2228 3133 2366 3188 hanc
2391 3134 2730 3189 occasionem
2757 3135 3233 3192 nanciscerentur?

1647 3233 1702 3275 at
1726 3238 1854 3278 ecce
1874 3263 1891 3289 ,
1920 3224 2070 3278 nullo
2100 3240 2129 3277 a
2164 3225 2321 3279 nobis
2349 3234 2602 3294 suscepto
2634 3226 2847 3293 labore,
2896 3227 3082 3293 adest,
3112 3245 3234 3283 om-

1649 3315 1794 3368 nium
1821 3324 1945 3369 ante
1973 3314 2333 3371 admissorum
2366 3317 2578 3370 veniam
2619 3316 2870 3372 afferens.
2902 3319 2981 3373 Ac
3007 3319 3234 3389 proinde

1649 3407 1978 3476 acceptabile
2006 3406 2110 3463 hoc
2138 3419 2348 3479 tempus
2376 3418 2566 3474 vocat,
2597 3410 2848 3479 quoniam
2877 3424 2973 3466 eos
2996 3427 3228 3481 quoque,

1650 3499 1738 3568 qui
1773 3500 2067 3554 innumeris
2099 3500 2392 3555 sceleribus
2422 3515 2542 3556 sese
2573 3501 3008 3569 obstrinxerant,
3037 3503 3232 3557 admit-

1651 3590 1831 3658 tebat,
1888 3605 1988 3645 nec
2037 3598 2241 3645 tantum
2299 3590 2652 3658 admittebat,
2705 3592 2798 3647 sed
2844 3592 2911 3648 ad
2961 3609 3233 3649 summum

1651 3683 1811 3737 etiam
1840 3682 2061 3737 honoris
2087 3684 2311 3753 gradum
2339 3683 2671 3739 subvehebat
2696 3704 2709 3739 :
2755 3700 2861 3741 non
2890 3701 3047 3741 secus
3072 3696 3236 3757 atque

1651 3774 1968 3830 adveniente
2013 3790 2141 3845 rege
2176 3775 2360 3845 judicii
2393 3785 2605 3847 tempus
2634 3792 2739 3831 non
2769 3786 2888 3844 est,
2918 3776 3011 3831 sed
3049 3779 3236 3848 gratia:

1652 3881 1715 3920 ac
1770 3866 1979 3921 salutis.
2004 3863 2085 3921 Ob
2130 3880 2251 3921 eam
2300 3880 2514 3921 causam
2567 3867 2896 3936 acceptabile
2942 3869 3042 3922 hoc
3097 3875 3237 3923 tem-

1655 3974 1753 4029 pus
1779 3967 1960 4026 vocat,
1995 3959 2249 4029 quamdiu
2280 3958 2457 4015 adhuc
2498 3960 2550 4013 in
2594 3968 2891 4016 scammate
2917 3975 3233 4030 versamur,

1654 4050 1906 4120 quamdiu
1928 4050 2102 4105 adhuc
2130 4052 2180 4105 in
2204 4051 2497 4106 excolenda
2520 4055 2674 4107 vinea
2698 4068 2916 4123 operam
2941 4069 3197 4111 navamus
3217 4096 3235 4123 ,

1655 4142 1908 4212 quamdiu
1937 4141 2217 4197 undecima
2248 4142 2377 4196 hora
2407 4153 2672 4213 superest.

1712 4233 1767 4288 2.
1793 4233 2150 4300 Accedamus,
2174 4249 2237 4288 ac
2256 4235 2421 4289 vitam
2442 4246 2677 4289 nostram
2702 4245 2846 4291 recte
2864 4237 3236 4294 instituamus:

1657 4326 1707 4382 id
1736 4327 1878 4381 enim
1909 4326 2065 4382 facile
2107 4338 2209 4383 est.
2242 4327 2375 4382 Nam
2406 4329 2494 4398 qui
2521 4344 2586 4383 eo
2619 4337 2860 4400 tempore
2889 4341 3095 4399 certat,
3127 4349 3235 4402 quo

1659 4427 1865 4473 tantum
1896 4418 2219 4474 beneﬁcium
2249 4433 2312 4474 ac
2357 4428 2502 4473 tanta
2544 4422 2715 4489 gratia
2759 4420 2926 4476 effusa
2956 4432 3075 4489 est,
3118 4424 3235 4494 pal-

1658 4524 1799 4564 mam
1830 4509 1971 4565 facili
2001 4510 2218 4580 negotio
2246 4518 2627 4580 consequetur.
2662 4510 2873 4567 Etenim
2903 4514 3043 4584 apud
3073 4523 3243 4570 terre-

1659 4617 1757 4659 nos
1783 4617 1996 4674 quoque
2037 4603 2391 4675 imperatores
2413 4643 2430 4671 ,
2464 4619 2586 4659 cum
2616 4604 2736 4659 festi
2764 4619 2950 4659 eorum
2982 4604 3099 4662 dies
3124 4609 3240 4677 agi-

1663 4704 1862 4762 tantur,
1885 4706 2046 4766 atqne
2071 4696 2122 4750 in
2149 4696 2416 4752 consulari
2444 4696 2631 4751 habitu
2658 4706 2975 4763 cernuntur,
3004 4699 3051 4753 is
3078 4700 3241 4755 etiam

1658 4786 1748 4857 qui
1774 4786 2022 4857 exiguum
2052 4802 2245 4842 munus
2271 4786 2462 4852 offert,
2511 4786 2717 4857 magnis
2762 4784 2919 4840 donis
2964 4785 3241 4856 afﬁcitur;

1660 4877 1726 4934 iis
1751 4886 1929 4932 autem
1957 4877 2167 4945 diebus,
2197 4879 2351 4948 queis
2370 4877 2570 4948 judicis
2598 4893 2792 4933 munus
2821 4888 3094 4946 exercent,
3125 4897 3245 4935 ma-

1659 4988 1762 5043 gna
1806 4972 2080 5043 diligentia
2113 4987 2414 5043 magnoque
2443 4971 2690 5027 examine
2717 4987 2853 5041 Opus
2891 4981 2994 5028 est.
3027 4972 3115 5030 Sic
3140 4990 3243 5029 nos

1659 5065 1819 5120 etiam
1870 5064 2029 5135 hujus
2084 5063 2329 5119 beneﬁcii
2381 5071 2623 5132 tempore
2683 5063 3067 5120 decertemus:
3126 5067 3243 5123 dies

1660 5157 1845 5227 gratiae
1875 5168 1958 5212 est
1980 5198 1996 5223 ,
2027 5155 2221 5210 divina:
2254 5156 2468 5225 inquam
2496 5155 2704 5225 gratiae,
2735 5155 2876 5212 unde
2901 5158 3063 5213 etiam
3089 5158 3247 5216 facile

1662 5262 1891 5303 coronas
1945 5246 2326 5317 adipiscemur.
2357 5246 2490 5301 Nam
2522 5246 2606 5309 si,
2640 5261 2760 5302 cum
2793 5256 2867 5303 tot
2898 5248 3041 5304 vitiis
3070 5262 3247 5307 scate-

1664 5354 1846 5395 remus
1865 5382 1880 5408 ,
1910 5349 1966 5395 et
1990 5339 2208 5396 admisit
2233 5354 2334 5395 nos
2358 5348 2412 5394 et
2452 5338 2517 5394 iis
2547 5338 2831 5405 liberavit;
2878 5342 3127 5397 omnibus
3153 5360 3247 5398 so-

1664 5431 1805 5489 lutos
1825 5475 1841 5501 ,
1887 5449 2056 5505 eaque
2086 5449 2204 5504 qua:
2252 5432 2425 5489 nostri
2471 5434 2712 5489 muneris
2737 5443 2863 5490 sunt
2889 5445 3207 5505 praestantes
3231 5479 3248 5502 ,

1665 5542 1841 5582 annon
1871 5528 2042 5582 multo
2070 5527 2239 5598 magis
2269 5525 2604 5583 admissurus
2654 5528 2775 5583 est?
2806 5527 2996 5584 Postea
3024 5529 3075 5583 id
3108 5528 3250 5597 quod

1666 5629 1926 5691 perpetuo
1951 5618 2111 5688 facit,
2138 5630 2194 5675 ut
2225 5620 2462 5693 seipsum
2496 5621 2548 5676 in
2582 5621 2816 5676 medium
2852 5628 3144 5691 proponat,
3174 5632 3251 5677 et-

1666 5727 1771 5785 que
1791 5712 1915 5771 hiuc
1935 5714 2235 5787 exemplum
2262 5729 2473 5773 sumere
2490 5713 2696 5787 jubeat,
2725 5712 2817 5770 hic
2844 5726 3058 5784 quoque
3080 5711 3208 5770 facit
3234 5729 3247 5772 ;
