3696 6212
454 297 556 351 ηδ

457 388 601 444 unde
627 386 789 445 etiam
819 386 1126 458 subjungit,
1159 387 1214 443 3.
1250 386 1459 441 Nemini
1487 387 1662 441 dantes
1690 386 1850 440 ultam
1880 383 2043 451 ofen-

451 481 666 547 sioncm,
693 490 750 535 ut
780 496 884 535 non
928 480 1238 551 vituperetur
1278 479 1615 533 ministerium
1642 488 1892 533 nostrum.
1923 475 2041 530 Non

453 570 616 626 modo
643 585 677 625 ι
719 579 985 641 tempore,
1016 570 1111 626 sed
1156 570 1316 627 etiam
1344 570 1414 626 ab
1445 570 1510 625 iis
1530 611 1547 637 ,
1578 570 1667 637 qui
1700 568 1954 639 prmclare
1984 581 2043 623 se

451 672 752 733 gesserunt,
783 678 877 718 eos
908 677 1226 733 permovere
1251 660 1451 716 studet.
1480 662 1557 715 Ac
1584 660 1708 714 vide
1736 672 1896 729 quam
1925 658 2042 713 sine

452 752 594 810 fastu
636 763 796 827 atque
839 755 1145 826 arrogantia
1178 772 1191 808 :
1238 770 1345 809 non
1374 755 1516 809 enim
1548 753 1717 820 dixit,
1752 750 2039 806 Intuemini

451 846 505 901 in
539 862 674 914 nos,
718 847 841 918 quia
883 848 1014 902 tales
1056 863 1240 902 sumus
1274 864 1289 914 ;
1338 862 1523 902 verum
1553 847 1699 916 prius
1734 860 1854 915 quae
1882 844 1949 898 ad
1980 858 2038 898 se

450 948 697 1009 spectant
720 947 935 994 enarrat
965 980 980 1004 ,
1029 949 1085 993 ut
1116 954 1327 994 omnem
1363 938 2036 1009 reprehensionis,causam

448 1029 785 1086 submoveat.
817 1032 894 1086 Ac
939 1029 1047 1085 duo
1073 1031 1269 1085 eximia
1312 1029 1671 1083 immaculata}
1704 1029 1826 1082 vita:
1872 1042 2035 1098 arguo

449 1130 631 1176 menta
680 1123 862 1192 ponit,
912 1123 1041 1179 dum
1090 1124 1165 1177 ait
1190 1164 1205 1187 ,
1251 1121 1457 1177 Nemini
1488 1122 1667 1175 dantes
1700 1123 1858 1176 ullam
1885 1136 1903 1176 :
1934 1135 2033 1176 nec

446 1214 582 1269 dixit
619 1218 1023 1271 accusationem
1045 1257 1060 1280 ,
1093 1214 1186 1270 sed
1208 1257 1222 1281 ,
1255 1214 1396 1285 quod
1452 1214 1610 1284 longe
1656 1214 1832 1268 minus
1878 1222 2031 1280 erat,

448 1304 835 1373 Offensionem;
864 1321 929 1361 ac
958 1307 1002 1361 si
1033 1306 1269 1371 diceret,
1304 1303 1740 1374 reprehensionis
1769 1312 1824 1359 et
1853 1302 2035 1373 queri-

445 1396 643 1453 monia:
674 1398 851 1453 locum
885 1398 1016 1453 nulli
1045 1396 1252 1452 dantes.
1289 1394 1357 1451 Ut
1404 1413 1506 1449 non
1544 1396 1856 1466 vituperetur
1882 1394 2032 1447 mini-

445 1493 656 1545 sterium
685 1501 935 1546 nostrum.
968 1491 1083 1545 lloc
1120 1500 1223 1556 est,
1252 1504 1322 1545 ne
1359 1490 1479 1561 quis
1517 1488 1646 1543 illud
1677 1497 1882 1560 carpat.
1924 1487 2032 1544 Nec

444 1595 630 1636 rursus
653 1580 808 1647 dixit,
841 1581 910 1637 Ut
935 1597 1041 1636 non
1070 1590 1376 1646 accusetur,
1408 1580 1525 1646 sed,
1560 1580 1623 1637 Ut
1653 1598 1721 1636 ne
1754 1580 2027 1636 levissima

442 1674 655 1743 quidem
683 1674 736 1728 in
759 1690 824 1729 eo
849 1674 1003 1746 culpa
1025 1674 1258 1741 hzereat,
1290 1690 1389 1729 nec
1419 1675 1683 1745 quispiam
1711 1675 1779 1728 sit
1802 1674 1891 1744 qui
1919 1674 2026 1728 ulla

441 1764 494 1817 in
526 1780 585 1819 re
614 1764 741 1819 illud
772 1765 1028 1821 insectari
1073 1775 1251 1836 queat.
1286 1767 1338 1821 4.
1372 1766 1479 1821 Sed
1506 1768 1560 1819 in
1605 1766 1833 1820 omnibus
1885 1765 2027 1819 exhi-

438 1852 607 1909 bentes
651 1857 982 1926 nosmetipsos
1024 1857 1152 1910 sicut
1197 1856 1293 1911 Dei
1349 1854 1626 1911 ministros.
1683 1856 1795 1910 Hoc
1857 1856 2026 1912 multo

437 1949 611 2017 majus
640 1958 743 2003 est.
772 1946 957 2018 Neque
988 1948 1131 2003 enim
1162 1948 1215 2003 in
1247 1949 1362 2018 pari
1392 1948 1545 2003 laude
1572 1948 1876 2018 ponendum
1909 1956 2020 2015 est,

438 2038 864 2109 reprehensione
920 2054 1116 2094 vacare
1136 2080 1152 2105 ,
1196 2049 1357 2109 atque
1386 2040 1455 2093 ita
1500 2054 1559 2094 se
1586 2053 1900 2108 comparare
1923 2080 1938 2104 ,
1966 2047 2022 2092 ut

437 2131 673 2202 undique
696 2130 1037 2202 perspicuum
1067 2130 1157 2195 sit,
1186 2145 1280 2186 eos
1306 2130 1402 2185 Dei
1428 2130 1703 2185 ministros
1724 2144 1843 2185 esse
1870 2147 1883 2184 :
1914 2144 2022 2184 non

432 2224 580 2279 enim
606 2225 749 2293 paris
769 2222 937 2277 laudis
959 2230 1070 2289 est,
1100 2238 1130 2277 a
1153 2221 1573 2293 reprehensione
1604 2222 1832 2277 liberum
1860 2236 1979 2278 esse
1999 2262 2017 2287 ,

433 2325 489 2371 et
532 2315 749 2371 laudum
796 2314 1129 2370 ornamentis
1175 2312 1467 2367 abundare.
1497 2312 1607 2368 Nec
1636 2313 1802 2379 dixit,
1837 2315 2019 2383 Appa-

434 2417 649 2473 rentes,
705 2405 799 2461 sed
856 2404 1193 2472 Exhibentes,
1242 2403 1345 2459 hoc
1391 2412 1512 2471 est,
1565 2404 2014 2460 demonstrantes.

435 2499 639 2557 Deinde
657 2498 796 2554 unde
815 2499 947 2553 tales
965 2498 1136 2553 elIecti
1156 2498 1265 2552 sint
1280 2498 1519 2568 exponit.
1534 2496 1810 2553 Undenam
1830 2498 2019 2568 igitur?

435 2592 502 2647 In
549 2593 710 2646 multa
759 2592 1000 2664 patientia
1022 2633 1038 2658 ,
1088 2590 1281 2662 inquit.
1314 2590 1519 2659 Quibus
1544 2590 1721 2646 verbis
1750 2592 2014 2647 bonorum

430 2687 667 2741 omnium
701 2685 1102 2741 fundamentum
1148 2684 1345 2755 posuit.
1392 2682 1517 2739 Ideo
1548 2698 1653 2739 non
1697 2684 2017 2755 simpliciter

432 2780 742 2850 patientiam
799 2779 972 2846 dixit,
1018 2776 1111 2832 sed
1144 2777 1365 2831 multam
1415 2776 1594 2843 addit,
1624 2785 1683 2831 ut
1730 2776 1871 2831 illius
1902 2791 2016 2831 ma-

428 2871 759 2942 gnitudinem
816 2868 1137 2924 declararet.
1194 2868 1365 2924 Unam
1418 2878 1509 2923 aut
1553 2869 1775 2924 alteram
1826 2868 2012 2924 tulisse

431 2964 778 3018 tentationem
807 2977 913 3017 non
940 2976 1189 3031 magnum
1215 2971 1389 3025 esset;
1423 2959 1516 3015 sed
1542 2960 1632 3015 ille
1660 2959 2008 3016 tentationem

426 3073 525 3111 ceu
569 3055 792 3111 imbrem
824 3053 1064 3119 inducit,
1109 3052 1328 3118 dicens,
1363 3050 1430 3106 In
1475 3050 1911 3120 tribulationibus,
1956 3052 2010 3107 in

426 3148 824 3203 necessitatibus.
857 3146 969 3202 lloc
998 3145 1346 3200 aﬂlictionum
1369 3154 1712 3216 augmentum
1740 3155 1857 3213 est,
1885 3162 2007 3203 cum

424 3242 562 3297 mala
604 3239 760 3295 vitari
808 3246 1100 3317 nequeunt,
1132 3253 1196 3292 ae
1226 3238 1375 3293 velut
1424 3239 1716 3292 necessitas
1761 3239 2007 3309 quaedam

422 3334 775 3389 acerbitatum
808 3331 1090 3395 incumbit,
1117 3345 1179 3384 ex
1208 3345 1311 3399 qua
1345 3330 1428 3383 vix
1461 3340 1510 3384 te
1537 3329 1791 3399 expedire
1819 3345 2004 3400 queas.

423 3423 489 3481 In
514 3422 780 3494 angustiis.
809 3420 988 3475 Famis
1021 3421 1225 3475 scilicet
1248 3421 1582 3491 aliarumque
1610 3436 1790 3475 rerum
1820 3436 2007 3477 neces-

423 3516 719 3580 sariarum,
752 3513 835 3568 vel
865 3512 1181 3582 simpliciter
1211 3512 1588 3567 tentatimtum.
1621 3514 1672 3567 5.
1708 3511 1773 3566 In
1800 3514 2002 3585 plagis,

420 3610 475 3664 in
502 3608 785 3663 carceribus
805 3648 819 3672 ,
847 3607 900 3661 in
927 3605 1281 3660 seditionibus.
1314 3604 1473 3674 Atqui
1506 3605 1782 3675 quodlibet
1812 3606 2002 3660 horum

421 3701 506 3756 vel
532 3701 703 3755 solum
727 3697 1064 3753 intolerabile
1091 3706 1207 3751 erat
1227 3739 1242 3762 ,
1271 3705 1325 3751 et
1349 3696 1528 3766 ﬂagris
1548 3696 1678 3750 caedi
1706 3697 1878 3751 solum
1902 3739 1916 3763 ,
1946 3706 1999 3753 et

419 3792 611 3846 vinciri
639 3790 833 3855 solum,
864 3800 919 3844 et
948 3789 1159 3858 pulsum
1189 3803 1450 3858 nusquam
1477 3788 1775 3843 consistere
1803 3804 1960 3858 posse
1984 3808 1999 3844 :

423 3883 528 3937 hoc
553 3884 694 3937 enim
740 3880 1040 3951 signiﬁcat,
1073 3877 1140 3932 In
1184 3879 1535 3933 seditionibus.
1564 3880 1634 3933 At
1662 3893 1783 3933 cum
1811 3889 1865 3935 et
1888 3879 2003 3936 haec

419 3974 599 4029 omnia
625 3982 679 4028 et
706 3971 863 4026 simul
896 3971 1184 4041 ingruunt,
1229 3970 1402 4041 cogita
1433 3984 1593 4040 quam
1644 3970 1856 4025 firmum
1886 3974 2004 4027 ani-

422 4084 569 4124 mum
598 4068 889 4138 requirant.
922 4065 1185 4137 Deinceps
1225 4081 1326 4119 una
1368 4081 1490 4121 cum
1518 4067 1753 4122 externis
1783 4081 1877 4122 sua
1909 4083 1998 4122 re-

420 4170 606 4218 censet
638 4179 652 4216 :
704 4157 771 4214 In
819 4159 1104 4224 laboribus,
1149 4158 1203 4212 in
1231 4157 1417 4228 vigiliis
1438 4198 1453 4224 ,
1484 4158 1536 4212 in
1573 4160 1824 4229 jejuniis,
1858 4158 1912 4214 6.
1945 4159 1999 4214 in

418 4254 667 4308 castitate.
713 4249 808 4305 llis
852 4250 1029 4305 verbis
1072 4263 1341 4303 aerumnas
1368 4262 1459 4303 eas
1493 4249 1700 4313 innuit,
1734 4265 1866 4318 quas
1897 4248 1999 4304 huc

414 4356 575 4415 atque
603 4342 729 4398 illuc
749 4341 1013 4397 cursando
1034 4356 1096 4395 ac
1113 4339 1311 4395 victum
1328 4339 1427 4394 sibi
1450 4341 1695 4395 manibus
1709 4342 1998 4412 querendo

417 4433 729 4493 exantlabat
748 4475 761 4498 ,
789 4444 1083 4504 noctesque
1114 4448 1244 4503 quas
1272 4434 1323 4487 in
1354 4432 1597 4487 docendo
1620 4436 1699 4487 vel
1728 4434 1887 4489 etiam
1918 4435 1997 4491 la-

414 4526 655 4584 borando
706 4525 1040 4582 conterebat.
1088 4524 1169 4579 Ad
1224 4525 1339 4580 haec
1379 4526 1539 4580 etiam
1592 4542 1692 4581 nec
1730 4528 1994 4598 jejunium

420 4618 724 4686 omittebat,
766 4618 978 4672 tametsi
1021 4616 1111 4671 illa
1161 4616 1310 4670 mille
1335 4616 1659 4686 jejuniorum
1706 4618 1872 4673 instar
1903 4634 1994 4674 es-

416 4720 555 4766 sent.
590 4710 692 4765 Per
720 4709 1019 4765 castitatem
1051 4722 1237 4762 rursus
1287 4706 1389 4762 hoc
1416 4707 1534 4764 loco
1571 4710 1655 4765 vel
1686 4710 1993 4779 pudicitiam

416 4801 701 4872 intelligit,
732 4802 815 4855 vel
843 4800 896 4855 in
926 4799 1172 4855 omnibus
1198 4798 1360 4855 rebus
1389 4801 1705 4870 puritatem,
1740 4804 1822 4857 vel
1848 4804 1991 4873 quod

416 4896 728 4949 muneribus
776 4893 999 4962 abjectis
1047 4892 1214 4963 gratis
1261 4894 1597 4963 evangelium
1652 4897 1988 4965 praedicaret.

416 4986 484 5041 In
509 4987 735 5041 scientia.
768 4985 903 5054 Quid
933 4997 1015 5040 est
1037 5028 1050 5051 ,
1076 4982 1141 5039 In
1169 4986 1422 5040 scientia?
1453 4986 1509 5043 ln
1537 4989 1796 5058 sapientia
1823 5004 1853 5045 a
1885 4990 1992 5047 Deo

416 5090 708 5141 concessa,
755 5091 874 5146 quae
920 5091 1046 5131 vera
1091 5078 1316 5132 scientia
1346 5085 1470 5133 est:
1520 5094 1624 5134 non
1656 5088 1712 5134 ut
1757 5081 1869 5149 illi,
1901 5085 1992 5153 qui

416 5168 688 5239 sapientes
714 5167 979 5235 videntur,
1004 5182 1067 5223 ac
1086 5169 1154 5224 de
1175 5178 1395 5225 externa
1420 5170 1643 5226 scientia
1668 5172 1985 5242 gloriantur,

416 5262 519 5318 hac
540 5277 666 5316 vero
690 5260 926 5316 destituti
949 5270 1090 5318 sunt.
1120 5262 1186 5317 In
1210 5263 1609 5335 longanimitate,
1638 5266 1688 5320 in
1718 5268 1986 5326 suavitate.

417 5354 545 5410 ηερε
570 5368 780 5423 quoque
810 5366 1062 5422 perquam
1102 5356 1345 5425 generosi
1372 5356 1535 5412 animi
1568 5368 1691 5413 sunt
1711 5398 1727 5425 ,
1760 5375 1987 5431 nempe,

414 5463 536 5502 cum
566 5444 799 5516 undique
830 5446 1135 5516 provoceris
1178 5460 1240 5502 ac
1281 5451 1570 5519 pungaris,
1600 5466 1756 5523 aequo
1804 5454 1987 5511 animo

410 5541 557 5596 ferre
587 5539 786 5594 omnia.
815 5538 947 5594 Tum
972 5547 1151 5594 autem
1179 5539 1468 5596 ostendens
1488 5583 1501 5607 ,
1532 5543 1674 5599 unde
1704 5544 1823 5599 talis
1853 5546 1986 5603 eﬂ'e-

415 5642 532 5686 ctus
561 5630 664 5697 sit,
709 5630 1007 5701 subjnnxit,
1042 5627 1107 5684 In
1152 5630 1351 5701 Spiritu
1381 5643 1574 5688 sancto.
1605 5634 1660 5689 In
1702 5638 1819 5708 ipso
1846 5642 1987 5697 enim

409 5723 588 5778 omnia
619 5721 733 5779 haec
759 5720 1160 5792 consequimur.
1184 5725 1254 5777 At
1277 5721 1396 5779 vide
1424 5724 1764 5794 quandonam
1809 5728 1986 5803 Spiri-

1161 328 1165 332 .
1198 268 1258 326 S.
1295 267 1574 328 JOANNIS
1609 266 2088 327 CllRYSOSTOMI
2131 269 2445 327 ARCHIEP.
2489 272 3026 334 CONSTANTINOP.
3594 300 3641 349 ιη

2155 394 2238 440 tus
2263 389 2435 442 sancti
2465 391 2722 445 auxilium
2753 394 2970 463 posuit:
3002 407 3301 470 postquam
3332 416 3645 476 ηαηοαρ

2151 477 2413 533 tenderat.
2444 480 2779 552 Quamquam
2827 485 2960 543 mihi
2989 489 3136 545 aliud
3170 507 3401 562 quoque
3442 497 3513 553 his
3546 510 3647 565 ut.

2150 570 2384 626 indicare
2406 573 2641 631 videtur.
2668 576 2935 644 Quidnam
2968 580 3113 637 hoc?
3143 583 3368 655 Nempe
3390 590 3515 657 quod
3536 604 3645 651 reg.

2149 675 2210 715 So
2241 662 2445 733 Spiritu
2478 667 2718 737 repletus
2744 680 2909 736 esset,
2941 682 3102 744 atque
3128 674 3271 729 hinc
3293 692 3499 748 quoque
3519 688 3644 738 tntis...

2155 754 2237 807 nis
2283 769 2394 809 sua:
2425 770 2800 826 argumentum
2848 764 3148 833 prteberet,
3198 770 3337 838 quia
3388 772 3645 840 spiritantia

2143 843 2327 912 gratiis
2359 845 2589 903 donatus
2638 848 2847 906 fuisset.
2888 853 3021 908 Nam
3062 857 3165 911 etsi
3220 858 3280 912 id
3330 874 3525 930 quoque
3555 876 3643 935 ςπμ

2143 944 2289 1001 erat;
2321 946 2373 991 at
2399 942 2516 1007 ipse
2544 956 2758 1012 quoque
2787 959 2947 998 causa
2975 947 3101 1001 item
3123 958 3292 1013 erat,
3330 960 3387 1003 ut
3414 956 3493 1021 qui
3520 971 3643 1024 [esse

2142 1036 2291 1083 recte
2337 1029 2474 1085 facta
2504 1039 2559 1086 et
2602 1033 2831 1090 sudores
2862 1038 3085 1105 gratiam
3132 1042 3482 1098 attraxisset.
3511 1047 3643 1113 Quoia.

2140 1122 2260 1191 quis
2291 1123 2509 1193 insuper
2537 1124 2586 1179 id
2618 1142 2833 1197 quoque
2859 1133 2928 1185 ab
2944 1132 3212 1201 Apostolo
3266 1134 3486 1191 indicari
3510 1156 3631 1199 una:

2139 1213 2264 1280 dat,
2328 1216 2471 1287 quod
2523 1218 2575 1273 in
2625 1220 2890 1289 spirituali
2935 1224 3096 1279 etiam
3156 1227 3258 1281 illa
3318 1231 3482 1299 gratia
3531 1242 3645 1289 msh.

2138 1305 2451 1363 oll‘ensionis
2494 1324 2680 1365 ausam
2716 1311 2956 1381 dederit,
3004 1316 3072 1371 ab
3119 1318 3307 1387 ipsius
3340 1326 3643 1381 sententia-2

2137 1401 2418 1457 aberrarit.
2486 1403 2698 1460 Etenim
2767 1407 2879 1473 illi,
2924 1410 3015 1478 qui
3078 1411 3232 1482 apud
3293 1429 3393 1468 eos
3442 1416 3645 1487 ιὶιιςωπι

2136 1488 2333 1547 donum
2380 1504 2737 1565 acceperant,
2780 1497 3007 1569 ideoque
3047 1504 3435 1574 arrogantiam
3476 1524 3647 1579 comp

2134 1592 2296 1650 rant,
2326 1584 2614 1657 vituperati
2641 1599 2802 1646 sunt:
2838 1589 2955 1645 ﬁeri
2986 1594 3129 1647 enim
3160 1607 3396 1665 potest,
3427 1605 3650 1671 ntquisp—

2135 1675 2379 1730 ritualem
2402 1678 2626 1747 gratiam
2655 1683 2945 1750 acceperit,
2978 1699 3039 1738 ea
3068 1700 3177 1739 non
3211 1696 3280 1741 ut
3314 1704 3414 1757 par
3436 1703 3508 1743 est
3526 1702 3647 1747 eum:

2135 1767 2202 1821 At
2233 1782 2329 1823 nos
2357 1785 2461 1824 non
2496 1772 2604 1837 ita;
2640 1789 2825 1827 verum
2856 1775 2908 1829 in
2936 1777 3128 1846 spiritu
3156 1781 3339 1835 etiam
3363 1824 3378 1845 ,
3410 1782 3504 1838 hoc
3526 1797 3603 1845 est.
3624 1794 3647 1839 ἐς

2132 1862 2500 1930 Spiritualibus
2524 1867 2733 1936 gratiis,
2761 1868 3017 1940 inculpati
3044 1871 3283 1930 fuimus.
3312 1873 3383 1928 In
3406 1879 3649 1933 caritura

2131 1953 2274 2023 ﬁcta.

2198 2044 2252 2099 5.
2283 2045 2407 2101 llrec
2435 2046 2695 2104 bonorum
2734 2051 2971 2107 omnium
3002 2067 3167 2110 causa
3202 2066 3369 2121 erat;
3412 2056 3519 2113 hac
3550 2064 3645 2116 talea

2129 2139 2300 2210 ipsum
2328 2143 2625 2210 efﬁciebat;
2652 2144 2768 2201 haec
2794 2146 2846 2201 id
2868 2150 3178 2218 pnestabat,
3205 2162 3272 2206 ut
3296 2151 3541 2222 Spiritus,
3560 2162 3645 2224 (sic

2127 2245 2229 2301 ope
2267 2233 2446 2289 omnia
2490 2244 2639 2291 recte
2684 2236 2983 2305 efficiebat,
3033 2241 3177 2310 apud
3225 2243 3414 2312 ipsum
3470 2262 3645 2301 manere

2126 2324 2178 2376 7.
2214 2322 2278 2378 In
2307 2326 2454 2380 verba
2479 2328 2719 2383 veritatis.
2754 2328 2865 2384 Hoc
2889 2340 2968 2385 est
2994 2372 3010 2397 ,
3063 2332 3213 2403 quod
3246 2334 3554 2406 plerumque
3588 2344 3648 2397 an.

2124 2431 2230 2470 non
2252 2414 2375 2470 dolo
2402 2426 2693 2473 tractantes
2713 2435 2812 2475 nec
2837 2420 3207 2479 adulterantes
3232 2428 3468 2480 verbum
3496 2430 3567 2481 Dei
3584 2448 3649 2497 p3-

2122 2508 2378 2562 Stitimus.
2408 2507 2473 2563 In
2504 2511 2684 2566 uirtute
2705 2512 2821 2585 Dei.
2857 2513 3007 2580 Quod
3030 2531 3311 2586 nuSquam
3347 2535 3455 2574 non
3480 2520 3599 2579 facit.
3618 2536 3645 2576 ιε

2121 2598 2254 2653 nihil
2290 2598 2413 2667 sibi,
2444 2601 2539 2657 sed
2567 2602 2678 2658 Deo
2703 2615 2921 2675 accepta
2944 2608 3125 2662 omnia
3156 2609 3393 2673 referat,
3421 2628 3646 2683 eaqmqu

2120 2705 2242 2746 cum
2280 2692 2435 2749 laude
2464 2696 2691 2765 gesserit
2737 2697 3041 2765 adscribat,
3085 2699 3193 2755 hoc
3244 2705 3420 2757 etiam
3448 2704 3525 2759 hic
3562 2706 3641 2760 lea.

2119 2785 2381 2851 Quoniam
2407 2788 2549 2843 enim
2580 2804 2767 2860 magna
2794 2790 3033 2860 quaedam
3062 2792 3334 2863 loquutus
3370 2796 3646 2859 ἤιξε-τιμῶν.

2119 2886 2309 2948 ratque
2332 2893 2392 2935 se
2416 2879 2579 2934 vitam
2603 2895 2816 2951 semper
2840 2897 2870 2936 a
2898 2884 3339 2953 reprehensione
3369 2890 3643 2955 alienam,x

2117 2986 2380 3027 summam
2426 2973 2820 3046 pliilOSOphiam
2862 2976 3211 3049 exhibuisse,
3248 2982 3483 3054 Spiritui
3514 2988 3643 3041 aena

2119 3065 2234 3121 ha‘c
2271 3068 2531 3123 attribuit.
2559 3067 2744 3139 Neque
2788 3072 2934 3126 enim
2960 3075 3202 3144 vulgaria
3233 3091 3405 3133 erant
3429 3096 3533 3151 qua
3556 3082 3643 3135 diu

2116 3168 2216 3213 rat.
2248 3158 2378 3214 Nam
2408 3161 2451 3215 si
2482 3161 2713 3230 quietam
2736 3164 2897 3218 vitam
2928 3168 3105 3235 agenti
3131 3170 3408 3227 virtutem
3433 3178 3641 3245 assequi:

2117 3251 2643 3321 irreprehensibilcm
2692 3269 2813 3310 esse
2844 3255 3060 3314 difficile
3088 3272 3172 3316 est
3195 3304 3212 3328 ,
3251 3264 3391 3318 illud
3425 3276 3569 3321 tecum
3599 3284 3641 3321 n-

2116 3353 2265 3412 pnta,
2297 3359 2456 3413 quam
2480 3344 2678 3416 egregii
2709 3346 2870 3402 animi
2891 3351 2955 3403 sit
2980 3390 2995 3416 ,
3026 3359 3105 3405 tot
3132 3357 3525 3412 tentationibus
3546 3376 3641 3413 ven-

2114 3441 2224 3487 tum
2253 3447 2467 3504 semper
2487 3435 2770 3493 effulsisse.
2798 3438 2955 3506 Atqui
2991 3457 3094 3497 non
3122 3442 3245 3500 hac
3274 3448 3398 3501 sola
3425 3451 3637 3507 sustinuit.

2111 3527 2205 3582 sed
2258 3529 2430 3584 multo
2470 3530 2554 3585 his
2600 3531 2749 3602 plura
2776 3574 2791 3599 ,
2838 3550 2958 3604 qnze
2998 3535 3265 3608 deinceps
3313 3557 3583 3597 enumerat.
3610 3542 3639 3595 la

2110 3636 2215 3690 quo
2244 3620 2375 3676 illud
2417 3621 2786 3679 admirandum
2822 3636 2943 3694 est,
2993 3644 3098 3683 non
3142 3632 3299 3701 quod
3332 3643 3412 3688 tot
3449 3639 3639 3704 tantisque

2111 3711 2361 3769 ﬂuctibus
2407 3713 2894 3785 irreprehensibilis
2944 3719 3133 3786 fuerit,
3184 3738 3297 3778 nec
3344 3726 3483 3794 quod
3523 3728 3637 3779 om

2109 3805 2232 3860 forti
2258 3806 2437 3862 animo
2476 3808 2776 3878 pertulerit,
2804 3808 2900 3865 sed
2926 3811 3065 3881 quod
3090 3815 3257 3868 etiam
3294 3832 3420 3871 cum
3445 3817 3637 3885 rotagae

2110 3897 2289 3951 omnia
2318 3913 2333 3951 :
2375 3912 2494 3968 qua:
2522 3898 2718 3954 deinde
2748 3897 2833 3955 his
2878 3902 3056 3956 verbis
3102 3902 3381 3961 declarat.
3425 3908 3517 3961 Per
3546 3926 3636 3959 sm

2099 3989 2333 4058 justitiar,
2359 4004 2389 4041 a
2411 3988 2601 4043 dextris
2629 4000 2676 4044 et
2699 4006 2731 4043 a
2754 3990 2991 4045 sinistris.
3018 3992 3258 4049 Videsne
3282 3999 3448 4051 animi
3474 4014 3636 4068 prasa-

2110 4081 2233 4134 tiam
2267 4082 2551 4151 lirmosque
2580 4082 2809 4137 sensus?
2838 4082 3172 4139 Afﬂictiones
3197 4089 3360 4142 enim
3402 4105 3532 4143 arma
3561 4106 3635 4143 ese

2106 4173 2377 4241 ostendit,
2416 4190 2535 4245 qua:
2579 4191 2687 4229 non
2727 4175 2887 4231 modo
2922 4194 3027 4232 non
3069 4178 3341 4247 dejiciant
3365 4225 3381 4247 ,
3422 4184 3506 4237 sed
3530 4186 3631 4237 etim

2106 4265 2348 4319 muniant
2394 4280 2457 4320 ac
2502 4265 2766 4321 ﬁrmiores
2812 4266 3066 4323 efficiant.
3123 4269 3367 4328 Sinistra
3421 4286 3567 4329 autem
3597 4292 3630 4327 ea

2105 4366 2279 4421 vocat,
2308 4372 2426 4426 qua:
2457 4357 2715 4411 molestiae
2740 4357 2972 4428 speciem
3002 4359 3200 4415 habent
3232 4378 3253 4416 :
3289 4380 3416 4419 nam
3441 4366 3627 4434 eiuscui

2103 4456 2230 4502 sunt
2265 4462 2359 4511 ea,
2387 4458 2506 4517 qum
2546 4449 2849 4504 mercedem
2894 4448 3114 4507 habent.
3144 4451 3259 4510 Cur
3305 4458 3465 4529 igitur
3487 4458 3565 4513 hoc
3594 4460 3628 4511 is

2106 4554 2301 4593 nomen
2359 4539 2750 4609 imponitTVel
2804 4543 3097 4600 secundum
3148 4548 3303 4618 vulgi
3354 4553 3623 4621 opiniones.

2103 4631 2186 4684 vel
2223 4629 2344 4700 quia
2388 4630 2549 4699 jussit
2587 4645 2685 4685 nos
2714 4633 2855 4688 Deus
2884 4649 3039 4691 orare
3063 4678 3079 4703 ,
3130 4653 3199 4693 ne
3237 4642 3301 4694 in
3346 4645 3623 4697 mutationes

2103 4720 2381 4775 intremus.
2410 4720 2464 4775 8.
2496 4720 2598 4775 Per
2612 4721 2830 4793 gloriam
2850 4733 2899 4777 et
2926 4726 3287 4796 ignominiam,
3316 4751 3409 4802 per
3433 4735 3622 4801 infm-

2101 4823 2146 4865 et
2176 4812 2358 4865 bonam
2397 4817 2607 4882 famam.
2656 4813 2793 4881 Quid
2834 4816 2953 4871 ais?
2994 4833 3331 4889 magnumne
3372 4826 3439 4880 ad
3478 4826 3617 4880 lam

2104 4904 2195 4957 tibi
2237 4919 2357 4959 esse
2395 4919 2586 4959 censes
2622 4906 2791 4976 gloria
2831 4907 2972 4963 frui?
3006 4909 3274 4976 Maxime,
3330 4916 3504 4988 inquit.
3534 4920 3615 4983 Qui

2102 4994 2172 5048 ita
2192 4996 2217 5048 ?
2245 5010 2367 5049 nam
2402 4995 2745 5066 ignominiam
2778 4999 2989 5068 quidem
3019 5000 3161 5058 ferre
3203 5022 3458 5076 magnum
3480 5010 3593 5067 esui

2100 5089 2265 5160 gloria
2293 5099 2470 5146 autem
2519 5092 2721 5147 versari
2744 5134 2758 5160 ,
2788 5108 2965 5150 annon
2994 5108 3273 5155 strenuum
3322 5106 3533 5157 animum
3562 5116 3613 5153 re

2100 5184 2295 5254 quirit?
2321 5183 2606 5240 Strenuum
2641 5188 2798 5256 plane
2825 5204 2887 5243 ac
2912 5206 3163 5260 perquam
3190 5196 3459 5263 ingentem
3476 5238 3490 5263 ,
3517 5205 3555 5248 ut
3573 5212 3611 5246 te

2102 5273 2147 5328 is
2183 5275 2271 5344 qui
2298 5288 2359 5329 ca
2393 5274 2585 5330 fruitur
2613 5279 2890 5338 obruatur.
2918 5280 3033 5348 Quo
3077 5282 3133 5337 fit
3156 5325 3170 5348 ,
3204 5296 3261 5339 ut
3301 5288 3355 5341 in
3383 5302 3608 5356 :0qu

2100 5364 2296 5420 Paulus
2322 5366 2598 5435 glorietur,
2630 5378 2687 5422 ut
2730 5356 2785 5425 et
2817 5372 2867 5424 in
2898 5368 2988 5426 illo
3030 5390 3045 5427 :
3074 5376 3332 5444 quoniam
3364 5380 3414 5432 in
3458 5390 3611 5445 υπινςις

2101 5474 2158 5512 re
2185 5474 2432 5529 peraeque
2461 5460 2724 5517 elucebat.
2753 5463 3033 5530 Quomodo
3077 5481 3225 5523 arma
3249 5471 3601 5540 justitizlcbr

2100 5551 2243 5605 niam
2285 5552 2481 5606 multos
2518 5552 2582 5607 ad
2617 5554 2831 5625 pietatis
2858 5556 3093 5614 studium
3126 5561 3336 5631 incitat,
3363 5580 3473 5620 cum
3495 5562 3601 5629 mir

2099 5653 2238 5698 stros
2278 5644 2329 5699 in
2382 5644 2587 5702 honore
2617 5663 2736 5704 esse
2783 5652 3167 5722 conspiciunt:
3213 5667 3372 5728 atque
3411 5660 3595 5712 bonae!

2104 5753 2322 5807 operum
2368 5738 2468 5796 hoc
2497 5752 2865 5813 argumentum
2897 5756 3009 5818 est,
3040 5760 3092 5805 et
3113 5749 3238 5809 hinc
3265 5753 3360 5811 Dei
3388 5754 3597 5825 glorise-
