3780 6320
127 303 230 359 ιεε

128 414 425 490 Προσέχετε
464 414 546 479 εἰς
576 413 723 486 ἡμᾶς
755 414 837 469 ὅτι
878 410 1113 469 τοιοῦτοί
1148 416 1343 486 ἐσμεν·
1389 411 1527 467 ἀλλά
1559 409 1697 473 τέως

125 510 208 565 ἐπ’
232 508 507 582 ἀναιρέσει
538 509 877 579 κατηγορίας
916 508 987 564 τὰ
1016 506 1139 564 καθ’
1179 509 1370 562 ἐαυτὸν
1398 507 1696 577 διηγεῖτικι.

126 602 229 658 Kal
261 601 358 655 δύο
384 599 597 672 τίθησιν
625 600 930 671 ύπερϐολάς
955 601 1189 673 ἀμώμου
1223 601 1359 671 βίου,
1390 597 1701 667 Μηδεμιάν

123 694 188 745 ἐν
208 689 449 761 μηδενί,
475 689 670 758 λέγων.
706 691 816 744 Kal
848 691 949 745 οὐκ
979 684 1100 744 εἷπε
1135 688 1491 761 κατηγορίαν,
1524 685 1637 739 ἀλλ’
1670 683 1699 736 ὂ

125 788 297 859 πολλῷ
344 786 560 841 ἔλαττον
590 781 681 858 ἦν,
729 784 1115 854 Προσωπήν
1171 781 1436 845 τουτέστι,
1468 776 1693 850 μέμψιν.

125 882 460 947 κατάγνωσιν
485 877 677 949 μηδενὶ
706 876 1042 948 παρέχοντες
1057 873 1205 949 μκαθ’
1238 871 1416 943 ἡμῶν.
1450 872 1576 924 Ἵνα
1607 867 1695 938 μὴ

118 939 369 1041 μωμηθῇ
406 970 445 1037 ἡ
475 939 750 1022 διακονία
1024 939 1335 1026 Τῖυτέστ-ιν,
1366 963 1453 1016 ἵνα
1506 962 1579 1033 μή
1612 977 1697 1024 τις

122 1062 286 1131 αὐτῆς
317 1059 663 1130 ἐπιλάϐηται.
695 1058 804 1112 Kal
825 1058 926 1110 οὐκ
942 1052 1061 1109 εἰπε
1096 1056 1279 1117 πάλιν,
1316 1054 1435 1107 Ἵνα
1470 1052 1544 1123 μὴ
1568 1068 1698 1104 κατ-

118 1154 386 1226 ηγορηθῇ,
419 1152 561 1216 ἀλλ’,
597 1151 719 1204 Ἵνα
753 1150 888 1221 μηδέ
941 1149 1042 1219 τὴν
1072 1147 1344 1219 τυχοῦσαν
1371 1146 1552 1200 αἰτίαν
1575 1144 1695 1215 ἔχῃ,

124 1250 195 1319 μή
224 1264 309 1310 τις
336 1245 472 1317 αὐτῇ
502 1244 582 1309 εἰς
612 1241 792 1297 ὁτιοῦν
821 1241 1125 1313 ἐπισκῆψαι
1158 1240 1384 1312 δυνηθῇ.
1434 1238 1598 1293 Ἀλλ’
1627 1239 1697 1291 ἐν

121 1338 294 1394 παντί
357 1335 769 1402 συνιστῶντες
802 1333 1077 1400 ἑαυτοὺς,
1113 1334 1193 1399 ὡς
1230 1331 1379 1387 Θεοῦ
1406 1330 1692 1385 διάκονοι.

123 1430 284 1483 Τοῦτο
312 1428 494 1498 πολλῷ
516 1428 723 1499 μεῖζον.
760 1425 834 1478 Οὐ
868 1426 976 1495 γάρ
1010 1426 1159 1479 ἐστιν
1209 1427 1322 1479 ῖσον
1362 1422 1696 1494 κατηγορίας

122 1521 402 1592 ἐλεύθερον
453 1517 618 1586 εἶναι,
683 1522 777 1576 καὶ
837 1520 1062 1576 τοιαῦτα
1130 1516 1557 1580 ἐπιδείκνυσθαι,
1620 1516 1695 1579 ὼς

123 1612 383 1667 πάντοθεν
424 1610 712 1680 φαίνεσθαι
756 1610 1037 1673 διακόνους
1079 1608 1239 1671 ὄντας
1287 1606 1445 1660 Θεοῦ
1487 1605 1549 1658 οὐ
1586 1606 1695 1675 γάρ

123 1706 260 1757 ἐστιν
291 1702 406 1756 ῖσον
445 1702 795 1774 ἀπηλλάχθαι
852 1700 1209 1772 κατηγορίας,
1247 1699 1341 1752 καὶ
1398 1696 1695 1767 ἐγκωμίοις

129 1794 333 1865 βρύειν.
374 1795 487 1848 Kal
509 1794 609 1847 οὐκ
634 1788 776 1858 εἰπε,
799 1793 1142 1864 Φαινόμενοι,
1180 1791 1337 1855 ἀλλὰ,
1367 1786 1698 1844 Συνιστῶν·

122 1903 234 1952 τες,
260 1886 566 1953 τουτέστιν,
608 1884 1044 1948 ἀποδεικνύντες.
1082 1880 1216 1937 Εἶτα
1242 1882 1504 1951 λέγεικαὶ
1533 1881 1696 1935 πόθεν

121 1977 344 2031 τοιοῦτοι
371 1977 645 2046 ἐγένοντο.
674 1975 846 2030 Πόθεν
870 1970 963 2028 οὖν
988 1974 1237 2042 ἐγένοντο
1260 1991 1274 2038 ;
1294 1973 1399 2027 Ἐν
1418 1967 1697 2042 ὑπομονῇ

120 2069 335 2137 πολλῇ,
371 2069 534 2139 φησί·
562 2068 655 2122 τὸν
683 2064 933 2139 θεμέλιον
960 2066 1071 2120 τῶν
1111 2065 1333 2135 ἀγαθῶν
1365 2064 1554 2129 τιθείς.
1579 2063 1697 2118 Διό-

122 2178 221 2233 περ
245 2160 366 2214 οὐδέ
395 2160 590 2224 ἀπλῶς
616 2158 896 2231 ὑπομονὴν
927 2153 1103 2222 εἶπεν,
1150 2156 1286 2210 ἀλλά
1334 2155 1558 2228 πολλὴν,
1602 2155 1696 2209 καί¹

118 2254 381 2307 δείκνυσιν
435 2252 607 2323 αὐτῆς
634 2253 728 2306 καὶ
765 2252 827 2304 τὸ
874 2250 1125 2323 μέγεθος.
1162 2250 1235 2303 Τὸ
1265 2250 1373 2320 γὰρ
1407 2250 1464 2302 έν
1504 2267 1559 2302 τι
1600 2250 1697 2304 καὶ

118 2344 356 2416 δεύτερον
385 2345 654 2413 ἐνεγκεῖν,
686 2342 838 2395 οὐδὲν
861 2341 1024 2412 μέγαο
1057 2340 1174 2393 ἀλλ’
1222 2341 1419 2409 ἐπάγει
1464 2343 1560 2395 καὶ
1597 2342 1697 2405 τὰς

119 2435 334 2504 νιφάδας
358 2433 473 2488 τῶν
514 2431 863 2503 πειρασμῶν,
916 2429 1114 2499 λέγων,
1156 2430 1259 2485 Ἐν
1279 2432 1585 2499 θλίψεσιν,
1626 2432 1697 2486 ἐν

119 2526 420 2597 ἀνάγκαις.
460 2524 631 2579 Τοῦτο
678 2523 929 2587 ἐπίτασις
969 2522 1223 2592 θλίψεως,
1257 2524 1386 2576 ὅταν
1414 2520 1693 2598 ἄφυκταῇ

119 2620 180 2671 τὰ
203 2617 367 2680 κακά,
404 2618 500 2671 καὶ
535 2616 724 2688 ῶσπερ
755 2614 969 2686 ἀνάγκη
1008 2632 1095 2680 τις
1139 2615 1426 2687 ἐπικέηται
1449 2616 1557 2671 τῶν
1589 2617 1695 2671 δει-

119 2711 215 2764 νῶν
239 2708 687 2774 δυσδιεξόδευτος.
743 2708 840 2761 Ἐν
898 2709 1341 2775 στενοχωρίαις.
1384 2710 1542 2762 Ἤτοι
1573 2712 1693 2773 ταῖς

118 2803 205 2856 τοῦ
254 2800 415 2873 λιμοῦ
448 2817 606 2871 φησι,
649 2801 744 2853 καὶ
773 2801 892 2864 ταῖς
923 2799 1034 2852 τῶν
1065 2798 1242 2853 ἀλλων
1288 2800 1631 2868 ἀναγκαίων
1657 2799 1691 2871 ἢ

120 2892 203 2944 καὶ
223 2890 410 2953 ἁπλῶς
433 2892 556 2953 ταῖς
618 2888 729 2942 τῶν
778 2888 1125 2959 πειρασμῶν.
1168 2889 1265 2942 Ἐν
1309 2889 1593 2958 πληγαῖς,
1624 2889 1695 2942 ὲν

121 2981 437 3049 φυλακαῖς,
471 2979 1060 3046 ἐνάκαταστασίαις.
1099 2978 1291 3034 Καίτοι
1343 2979 1549 3033 τούτων
1571 2977 1690 3031 καθ’

122 3074 268 3127 ἑαυτὸ
285 3074 521 3127 ἕκαστον
541 3072 815 3143 ἀφόρητον
830 3065 921 3142 ἦν,
938 3071 1033 3125 καί.
1053 3070 1113 3124 τὸ
1132 3069 1490 3141 μαστίζεσθαι
1510 3072 1689 3142 μόνον,

122 3167 209 3218 καὶ
257 3164 316 3219 τὸ
371 3162 623 3218 δεδέσθαι
663 3161 847 3232 μόνον,
902 3162 996 3215 καὶ
1038 3162 1101 3216 τὸ
1136 3161 1387 3233 μηδαμοῦ
1431 3161 1692 3217 δύνασθαι

123 3254 296 3325 στῆναι
317 3248 888 3323 ἐλαυνόμενονιτοῦτο
936 3250 1049 3321 γάρ
1100 3250 1268 3315 ἐστιν,
1330 3249 1434 3302 Ἑν
1474 3248 1693 3303 ἀκατα-

120 3348 407 3414 στασίαιςθ
442 3346 570 3399 ὅταν
597 3343 654 3397 δὲ
674 3342 768 3396 καὶ
792 3343 989 3406 πάντα,
1020 3338 1169 3414 [525]
1197 3340 1294 3394 καὶ
1327 3339 1461 3411 ὁμοῦ
1514 3340 1692 3394 πάντα

121 3439 259 3511 ἐπίῃ,
293 3439 550 3509 ἐννόησον
580 3436 776 3507 ἡλίκης
799 3436 973 3489 δεῖται
1007 3433 1205 3505 ψυχῆς.
1243 3428 1379 3486 Εἶτα
1418 3433 1555 3504 μετά
1581 3433 1691 3487 τῶν

123 3530 304 3597 ἔξωθεν
331 3532 431 3585 καὶ
458 3530 528 3584 τὰ
554 3530 685 3600 παρ’
708 3527 902 3582 ἐαυτοῦ
937 3527 1171 3598 τίθησιν.
1212 3527 1315 3581 Ἐν
1357 3526 1587 3593 κόποις,
1621 3525 1693 3579 ἐν

120 3624 484 3694 ἀγρυπνίαις,
515 3621 585 3675 ἐν
612 3622 946 3690 νηστείαις,
972 3618 1041 3672 ἐν
1060 3619 1360 3688 ἁγνότητι.
1419 3619 1518 3672 Διά
1564 3617 1690 3672 τού-

121 3737 217 3771 των
244 3720 365 3781 τοὺς
403 3716 689 3787 καμάτους
727 3714 1048 3776 αἰνίττεται,
1097 3710 1189 3775 οὓς
1239 3711 1413 3782 ἔκαμε
1464 3708 1691 3783 περιιὼν

122 3810 205 3862 καὶ
232 3807 624 3881 ἐργαζόμενος,
654 3804 754 3868 τὰς
776 3802 976 3867 νύκτας
1003 3802 1063 3855 ἐν
1090 3797 1178 3865 αἷς
1217 3801 1517 3865 ἐδίδασκεν,
1541 3800 1573 3872 ἢ
1607 3802 1689 3856 ὄτι

123 3904 205 3959 καὶ
229 3907 284 3958 ἐν
313 3905 511 3967 αὐταῖς
537 3901 848 3973 εἰργάξετο.
888 3898 994 3953 Kal
1026 3900 1169 3970 μετά
1196 3898 1400 3952 τούτων
1431 3899 1689 3953 ἀπάντων

121 4000 230 4053 οὐδὲ
257 4001 348 4054 τοῦ
370 3997 657 4070 νηστεύειν
683 3997 898 4068 1ἰιμέλει,
928 3996 1107 4050 καίτοι
1134 4012 1197 4064 γε
1228 3994 1401 4049 ταῦτα
1429 3995 1549 4049 ἀντί
1584 4013 1689 4066 μυ-

125 4093 242 4164 ρίων
271 4094 435 4165 ἧρκει
463 4091 750 4163 νηστειῶν.
800 4089 1106 4159 Ἀγνότητα
1139 4087 1198 4142 δέ
1246 4088 1482 4143 ἐνταῦθα
1515 4087 1549 4160 ἢ
1583 4105 1689 4141 σωο

122 4186 379 4257 φροσύνην
400 4185 589 4249 πάλιν,
633 4184 667 4255 ἢ
721 4183 822 4252 τὴν
848 4183 906 4236 ἐν
935 4182 1105 4256 ἅπασι
1157 4176 1525 4253 καθαρότητα,
1565 4180 1596 4251 ἢ
1627 4179 1689 4233 τὸ

121 4281 531 4353 ἀδωροδόκητον,
567 4277 601 4349 ἢ
631 4278 724 4331 καὶ
749 4277 810 4330 τὸ
836 4275 1046 4346 δωρεάν
1061 4274 1122 4328 τὸ
1141 4273 1459 4343 εὐαγγέλιον
1484 4272 1688 4343 κηρύτ-

120 4388 239 4426 τειν.
280 4374 382 4427 Ἔν
403 4370 642 4442 γνώσει.
668 4369 733 4424 Τί
755 4370 927 4433 ἐστιν,
974 4368 1078 4421 Ἐν
1108 4365 1362 4437 Wst;
1400 4365 1489 4419 Ἐν
1525 4362 1687 4436 σοφίᾳ

122 4463 344 4535 τῇπαρά
372 4462 470 4516 τοῦ
493 4460 630 4514 Θεοῦ
663 4458 949 4531 δεδομένῃ,
999 4460 1067 4529 τῇ
1115 4457 1285 4520 ὅντως
1342 4457 1564 4525 γνώσει·
1623 4456 1684 4510 οὐ

123 4555 355 4625 καθάπερ
381 4555 580 4608 ἐκεῖνοι
609 4553 659 4606 οἰ
709 4550 994 4614 δοκοῦντες
1058 4544 1200 4602 εἶναι
1251 4548 1426 4617 σοφοὶ,
1476 4547 1569 4601 καὶ
1616 4551 1685 4622 τῇ

125 4642 303 4711 ἔξωθεν
330 4644 614 4699 παιδεύσει
641 4642 1047 4714 κομπάζοντες,
1076 4638 1249 4711 ταύτῃ
1272 4638 1328 4692 δέ
1359 4638 1689 4711 ἐλαττούμε-

124 4752 212 4791 νοι.
256 4739 355 4792 Ἐν
398 4736 804 4809 μακροθυμίᾳ,
842 4735 913 4789 ἐν
968 4732 1360 4803 χρηστότητι.
1398 4731 1539 4786 Πολύ
1575 4732 1686 4806 γὰρ

124 4830 399 4885 καὶταῦτα
417 4829 672 4899 γενναίας
697 4823 766 4899 ἦν
795 4826 996 4898 ψυχῆς,
1030 4826 1089 4878 τὸ
1133 4815 1400 4878 πάντοθεν
1451 4823 1689 4894 παροξυ-

125 4918 326 4989 νόμενον
346 4922 441 4975 καί
457 4918 838 4991 κεντούμενον,
857 4915 1224 4989 μακροθύμως
1241 4915 1456 4970 ἅπαντα
1478 4916 1684 4988 φέρειν.

126 5008 243 5065 Εἶτα
264 5013 474 5078 δεικνὺς
500 5012 664 5066 πόθεν
683 5011 922 5073 τοιοῦτος
965 5010 1212 5078 γέγονεν,
1243 5009 1543 5079 ἐπήγαγενο
1585 5010 1686 5063 Ἐν

126 5105 401 5175 Πγεύματι
435 5105 600 5175 ἁγίῳ.
644 5103 732 5155 Ἐν
757 5100 905 5173 αὐτῷ
928 5101 1037 5172 γάρ
1071 5100 1250 5154 πάντα
1287 5099 1459 5154 ταῦτα
1482 5118 1686 5173 κατορ-

126 5194 327 5268 θοῦμεν,
357 5198 543 5271 φησίν.
581 5195 723 5250 Ἀλλ’
766 5196 869 5267 ὅρα
898 5195 1027 5248 πότε
1052 5194 1154 5265 τὴν
1183 5194 1336 5266 παρά
1377 5192 1473 5247 τοῦ
1511 5194 1687 5247 Πνεύ-

129 5306 278 5357 ματος
298 5291 463 5362 έθηκε
492 5289 587 5344 τοῦ
612 5289 767 5359 ἁγίου
802 5286 1075 5358 βοήθειαν’
1109 5288 1199 5341 ὅτε
1218 5286 1288 5340 τά
1331 5286 1459 5357 παρ’
1494 5284 1685 5339 ἐαυτοῦ

126 5384 442 5450 ἐπεδείξατο.
483 5384 637 5455 Ἐμοὶ
692 5382 748 5435 δέ
791 5380 1060 5435 δοκεῖκαὶ
1110 5380 1300 5450 ἕτερον
1362 5378 1546 5449 λέγειν
1597 5374 1715 5434 διάν

127 5474 318 5531 τούτου.
344 5476 503 5529 Ποῖον
535 5474 601 5545 δὴ
624 5470 822 5539 τοῦτο;
854 5472 978 5524 Ὀτι
1006 5470 1102 5523 καὶ
1134 5467 1276 5521 Πνεύ
1285 5484 1454 5539 ματος
1488 5467 1685 5522 πολλοῦ

129 5565 531 5637 πεπληρώμεθα,
575 5565 671 5618 καὶ
719 5562 1116 5632 ἀποδείκνυμεν
1168 5561 1263 5614 καὶ
1315 5558 1565 5614 ἐντεῦθεν
1586 5560 1688 5633 τὴν

132 5655 428 5730 ἀποστολὴν,
455 5658 563 5712 ἀπὸ
580 5655 674 5711 τοῦ
699 5654 1053 5728 χαρισμάτων
1088 5652 1352 5724 ἠξιῶσθαι
1384 5668 1686 5723 πνευματι-

132 5747 247 5804 κῶν.
273 5751 333 5805 Εἰ
353 5752 460 5824 γὰρ
484 5752 577 5805 καὶ
611 5749 772 5823 χάρις
799 5747 979 5818 τοῦτο,
1003 5745 1143 5802 ἀλλά
1175 5747 1270 5803 καὶ
1310 5747 1475 5813 αὐτὸς
1512 5748 1687 5814 αἴτιος

1150 297 1218 354 IN
1258 295 1481 355 EPIST.
1516 292 1561 349 II
1600 292 1691 349 AD
1723 291 1883 350 COR.
1918 292 2159 352 HOMIL.
2203 295 2316 353 XII.

3281 307 3389 363 481

1801 409 1831 461 ὁ
1853 409 1941 463 διὰ
1964 411 2072 465 τῶν
2101 413 2542 484 κατορθωμάτων
2576 416 2798 471 καὶτῶν
2824 416 3062 490 ἱδρώτων
3100 419 3198 490 τὴν
3222 423 3388 495 χάριν

1804 503 2269 575 ἐπισπασάμενος.
2297 507 2361 560 Εἰ
2399 507 2456 560 δέ
2486 526 2568 572 τις
2594 509 2756 571 εῖποι,
2789 511 2928 580 μετά
2950 511 3057 565 τῶν
3078 513 3388 585 εἰρημένων

1802 594 1965 648 αὐτὸν
1990 597 2272 667 ἐμφαίνειν
2313 598 2374 651 τὸ
2408 600 2487 651 ὅτι
2519 600 2610 653 καὶ
2637 600 2699 652 ἐν
2726 602 2792 671 τῇ
2828 602 3013 673 χάριτι
3045 605 3110 673 τῇ
3142 621 3389 676 πνευμαο

1803 686 1927 753 τικῇ
1962 683 2219 755 οὐδεμίαν
2252 686 2421 740 έδωκε
2444 691 2782 760 προσκοπὴν,
2812 692 2911 744 οὐκ
2934 692 3000 745 ἂν
3036 694 3271 765 ἁμάρτοι
3287 696 3388 766 τῆς

1805 774 2033 839 ἐννοίας.
2070 776 2185 830 Kal
2222 777 2330 849 γάρ
2362 779 2527 843 οἰτὰς
2550 779 2798 847 γλώσσας
2839 781 3095 846 λαϐόντες
3127 788 3260 857 παρ’
3288 787 3387 839 αὐ-

1803 866 1939 928 τοῖς,
1989 868 2081 920 καὶ
2134 868 2486 940 ἐπαρθέντες,
2542 872 2943 944 ἐμωμήθησαν·
2996 876 3111 928 ἐστι
3152 878 3259 949 γάρ
3290 878 3386 932 xal

1804 957 2051 1028 χάρισμα
2081 958 2312 1014 λαϐόντα
2358 963 2749 1032 πνευματικὸν,
2798 965 2899 1018 οὐκ
2939 968 3020 1030 εἰς
3064 967 3182 1021 δέον
3208 962 3383 1041 αὐτῷ

1804 1051 2131 1120 χρήσασθαι.
2173 1052 2311 1106 ⁹Ἀλλ’
2333 1054 2431 1125 οὐχ
2453 1056 2633 1125 ἡμεῖς,
2660 1058 2845 1127 φησὶν,
2868 1058 3005 1111 ἀλλά
3021 1060 3117 1115 καὶ
3142 1062 3199 1114 ἐν
3224 1062 3387 1116 πνεύ-

1806 1156 1956 1210 ματι,
1998 1144 2296 1211 τουτέστιν,
2324 1146 2418 1198 καὶ
2445 1148 2504 1199 ἐν
2546 1150 2658 1211 τοῖς
2697 1149 3038 1220 χαρίσμασιν
3088 1152 3385 1227 ἀμώμητοι.

1802 1231 2122 1304 ἐγενόμεθα.
2168 1235 2223 1287 Ἐ
2229 1253 2267 1289 ν
2292 1235 2492 1307 ἀγάπῃ
2518 1239 2922 1307 ἀνυποκρίτῳ.

1868 1330 1916 1392 γ’
1924 1364 1937 1377 .
1958 1325 2128 1378 Τοῦτο
2147 1325 2362 1379 πάντων
2387 1326 2558 1382 αἴτιον
2579 1328 2687 1381 τῶν
2708 1330 2946 1397 ἀγαθῶν,
2963 1330 3121 1387 τοῦτο
3144 1333 3387 1390 τοιοῦτον

1802 1413 1963 1467 αὐτὸν
1992 1415 2298 1485 εἰργάζετο,
2332 1418 2491 1470 τοῦτο
2528 1420 2704 1472 καὶτὸ
2734 1420 2960 1493 Πνεῦμα
2993 1423 3177 1494 μένειν
3205 1425 3383 1480 ἐποίει

1803 1508 1934 1577 παρ’
1954 1508 2123 1579 αὐτῷ,
2152 1509 2217 1561 δι’
2252 1504 2312 1563 οὗ
2343 1510 2435 1564 καὶ
2462 1513 2641 1565 πάντα
2682 1514 2833 1585 αὐτῷ
2866 1516 3239 1587 κατωρθοῦτο.
3287 1518 3385 1573 Ἐν

1802 1601 1962 1665 λόγῳ
1985 1600 2287 1669 ἀληθείας.
2322 1603 2385 1656 "O
2405 1602 2673 1674 πολλαχοῦ
2696 1604 2867 1673 λέγει,
2893 1606 2975 1660 ὅτι
2999 1607 3076 1662 Οὐ
3104 1607 3383 1673 δολοῦντες

1801 1693 1892 1747 τὸν
1912 1694 2067 1763 λόγον
2089 1696 2183 1749 τοῦ
2199 1696 2355 1763 Θεοῦ,
2388 1697 2509 1751 οὐδέ
2531 1697 2842 1761 νοθεύοντες
2861 1697 3261 1770 διετελέσαμεν.
3279 1701 3385 1754 Ἕν

1800 1782 2049 1853 δυνάμει
2076 1785 2243 1840 Θεοῦ.
2279 1787 2454 1856 Ὅπερ
2493 1787 2581 1839 ἀεὶ¹
2614 1790 2776 1853 ποιεῖ,
2813 1787 2966 1840 οὐδὲν
3008 1787 3204 1858 ἐαυτῷ,
3245 1787 3383 1843 ἀλλὰ

1799 1878 1879 1949 τῷ
1907 1877 2024 1949 Θεῷ
2048 1877 2109 1931 τὸ
2144 1880 2250 1933 πᾶν
2271 1878 2571 1944 ἀνατιθεὶς,
2610 1880 2704 1933 καὶ
2732 1879 2883 1950 αὐτῴ
2910 1880 3258 1951 λογιζόμενος
3310 1880 3383 1934 τὰ

1801 1970 1967 2024 αὐτοῦ
1993 1969 2414 2043 κατορθώματα,
2460 1970 2618 2024 τοῦτο
2647 1974 2741 2025 καὶ
2778 1970 3016 2025 ἐνταῦθα
3054 1972 3376 2040 πεποίηκεν.

1814 2061 2029 2133 Ἐπειδὴ
2063 2060 2172 2133 γὰρ
2202 2062 2414 2132 μεγάλα
2443 2061 2769 2131 ἐφθέγξατο,
2790 2062 2885 2115 καὶ
2917 2062 3118 2133 ἔφησεν
3137 2062 3380 2133 ἄληπτον

1800 2154 2178 2226 παρεσχῆσθαι
2203 2154 2317 2226 βίον
2343 2154 2431 2209 διά
2461 2155 2696 2218 πάντων,
2722 2155 2817 2208 καὶ
2839 2153 3155 2224 φιλοσοφίαν
3177 2155 3378 2225 ἄκραν,

1797 2245 1878 2317 τῷ
1919 2246 2197 2317 Πνεύματι
2249 2247 2344 2301 καὶ
2384 2246 2464 2318 τῷ
2502 2247 2621 2319 Θεῷ
2667 2246 2842 2300 ταῦτα
2871 2245 3209 2315 ἀνατίθησιν.
3242 2246 3379 2299 Οὐδέ

1799 2339 1907 2410 γάρ
1929 2339 1996 2394 τά
2030 2341 2260 2411 τυχόντα
2288 2335 2356 2411 ἦν
2383 2339 2452 2393 τά
2483 2339 2768 2411 εἰρημένα.
2795 2340 2856 2393 Εἰ
2878 2340 2987 2408 γάρ
3020 2340 3115 2392 καὶ
3153 2340 3211 2391 ἐν
3245 2341 3381 2407 ἡσυ-

1799 2434 1893 2504 χίᾳ
1913 2432 2090 2496 ζῶντα
2115 2430 2372 2486 δύσκολον
2405 2431 2705 2504 κατορθοῦν
2730 2431 2822 2485 καὶ
2839 2431 3078 2502 ἄληπτον
3101 2426 3262 2496 εἰναι,
3287 2429 3381 2483 τὸν

1801 2524 1906 2579 ὐπὸ
1928 2523 2200 2577 τοσούτων
2222 2523 2615 2595 ἐνοχλούμενον
2642 2522 2986 2594 πειρασμῶν,
3011 2524 3104 2576 καὶ
3128 2522 3215 2576 διὰ
3243 2525 3382 2579 πάν-

1797 2634 1905 2670 των
1931 2615 2241 2687 λάμψαντα,
2271 2615 2523 2686 ἐννόησον
2554 2615 2749 2686 ἡλίκης
2782 2609 2921 2668 εἶναι
2954 2613 3154 2685 ψυχῆς.
3185 2616 3380 2671 Καίτοι

1798 2709 1918 2762 οὐδέ
1935 2707 2110 2763 ταῦτα
2138 2707 2380 2777 ὑπέμενε
2410 2708 2571 2777 μόνον
2604 2747 2617 2768 ,
2656 2705 2794 2759 ἀλλά
2830 2706 2929 2760 καὶ
2951 2705 3130 2776 πολλῷ
3154 2708 3380 2762 πλείονα

1797 2800 2023 2866 τούτων,
2053 2799 2197 2869 άπερ
2223 2798 2348 2870 ἐξῆς
2378 2799 2579 2870 τίθησι.
2611 2799 2721 2852 Kal
2742 2799 2801 2852 τὸ
2829 2797 2894 2870 δὴ
2917 2798 3250 2869 θαυμαστὸν,
3279 2800 3379 2869 οὐχ

1796 2893 1881 2947 ὅτι
1899 2893 2139 2964 ἄληπτος
2166 2888 2234 2965 ἦν
2262 2894 2319 2945 ἐν
2348 2892 2624 2955 τοσούτοις
2653 2891 2863 2962 κύμασι
2912 2891 3111 2954 πλέων,
3162 2891 3271 2944 οὐδ’
3296 2892 3380 2945 ὅτι

1798 2984 1978 3039 πάντα
1993 2984 2256 3055 ὑπέμεινε
2273 2982 2555 3052 γενναίως,
2584 2980 2737 3055 [524]
2760 2982 2875 3035 ἀλλ’
2897 2984 2979 3036 ὅτι
3001 2983 3094 3035 καὶ
3121 2982 3239 3053 μεθ’
3256 2982 3382 3054 ἠδο-

1795 3078 1893 3148 νῆς
1911 3077 2107 3130 πάντα’
2128 3076 2272 3146 ἀπερ
2291 3074 2379 3128 διά
2393 3072 2503 3127 τῶν
2520 3074 2647 3144 ἑξῆς
2663 3075 2796 3144 ἡμῖν
2813 3073 2991 3127 πάντα
3010 3076 3152 3126 ποιεῖ
3173 3073 3380 3145 φανερά

1796 3168 1970 3237 λέγων
1986 3167 2149 3222 οὕτω·
2173 3166 2278 3221 Διὰ
2298 3167 2416 3221 τῶν
2446 3165 2655 3220 ὅπλων
2685 3163 2799 3233 τῆς
2840 3164 3234 3232 δικαιοσύνης
3260 3162 3380 3219 τῶν

1796 3255 2014 3321 δεξιῶν
2064 3256 2165 3310 καί
2198 3252 2553 3324 ἀριστερῶν.
2594 3247 2751 3315 Εἶδες
2784 3250 2963 3321 ψυχῆς
3011 3251 3375 3321 παράστημα,

1797 3348 1891 3401 καὶ
1921 3348 2174 3419 φρόνημα
2204 3344 2421 3399 εὔτονον
2445 3361 2461 3410 ;
2485 3342 2738 3397 Δείκνυσι
2762 3342 2869 3413 γάρ
2889 3342 2969 3395 ὅτι
2991 3342 3131 3395 ὅπλα
3153 3341 3290 3395 εἰσὶν
3319 3343 3377 3396 αἰ

1798 3441 2027 3511 θλίψεις,
2048 3440 2109 3495 οὐ
2142 3441 2301 3512 μόνον
2334 3441 2397 3494 οὐ
2423 3438 2860 3502 καταϐάλλοντα,
2890 3436 3028 3490 ἀλλά
3070 3437 3166 3492 καὶ
3215 3438 3380 3508 τειχί-

1798 3535 1961 3600 ζοντα
1994 3535 2088 3588 καὶ
2119 3533 2506 3607 ἰσχυροτέρους
2533 3530 2815 3586 ποιοῦντα.
2858 3530 3151 3602 Ἀριστερά
3188 3530 3243 3584 δέ
3273 3549 3377 3586 καο

1795 3626 1877 3680 λεί
1897 3626 1965 3679 τὰ
1992 3626 2251 3680 δοκοῦντα
2295 3620 2433 3680 εἶναι
2474 3624 2714 3696 λυπηρόν
2747 3623 2842 3677 καί
2864 3623 2973 3695 γὰρ
3006 3623 3235 3678 τοιαῦτά
3258 3624 3376 3677 ἐστι

1794 3720 1865 3775 τά
1890 3720 1980 3774 τὸν
2008 3720 2201 3790 μισθὸν
2227 3720 2440 3790 ἔχοντα.
2470 3718 2625 3781 Τίνος
2657 3713 2751 3772 οὗν
2795 3717 2986 3771 ἕνεκεν
3026 3716 3198 3779 οὕτως
3236 3718 3378 3772 αὐτά

1795 3815 1992 3881 καλεῖς
2027 3814 2097 3867 Ἢ
2134 3812 2276 3867 κατά
2300 3812 2402 3884 τὴν
2430 3811 2699 3882 ὑπόληψιν
2713 3806 2819 3864 τῶν
2848 3809 3079 3872 πολλῶν,
3110 3810 3143 3881 ἢ
3185 3811 3376 3882 ἐπειδὴ

1796 3909 2083 3961 ἐκέλευσεν
2113 3909 2141 3960 ὁ
2171 3905 2306 3970 Θεὸς
2365 3902 2622 3976 εὔχεσθαι
2656 3903 2731 3976 μὴ
2770 3903 3034 3957 εἰσελθεῖν
3067 3905 3149 3967 εἰς
3182 3920 3379 3974 πειρα-

1800 4002 1955 4073 σμόν.
1985 4000 2089 4055 Διὰ
2112 3999 2298 4068 δόξης
2318 3997 2416 4052 καὶ
2450 3999 2707 4068 ἀτιμίας,
2749 3997 2847 4051 διὰ
2886 3997 3235 4066 δυσφημίας
3277 3996 3377 4051 καί

1795 4092 2112 4161 εὐφημίας.
2160 4092 2226 4145 Τί
2278 4090 2491 4158 λέγεις;
2545 4090 2627 4143 ὅτι
2667 4089 2823 4159 δόξης
2868 4088 3180 4153 ἀπολαύεις,
3232 4089 3376 4159 μέγα

1793 4184 1951 4238 τοῦτο
1974 4183 2129 4253 τίθης
2161 4180 2299 4237 εἶναι
2324 4199 2341 4250 ;
2375 4183 2503 4247 Nal,
2532 4181 2688 4252 φησί.
2713 4182 2777 4233 Τί
2800 4180 3030 4251 δήποτε;
3058 4179 3120 4232 τὸ
3141 4179 3243 4249 μὲν
3267 4180 3376 4253 γὰρ

1794 4275 2017 4347 ἀτιμίαν
2045 4277 2312 4343 ἐνεγκεῖν,
2356 4275 2524 4345 μέγαο
2553 4274 2615 4327 τὸ
2661 4273 2719 4326 δὲ
2767 4274 2924 4343 δόξης
2963 4274 3275 4343 μετασχεῖν,
3311 4273 3375 4326 οὐ

1794 4368 2051 4439 νεανικῆς
2073 4369 2243 4421 δεῖται
2263 4367 2443 4437 ψυχῆς
2464 4384 2478 4432 ;
2506 4365 2783 4435 Νεανικῆς
2819 4364 2916 4436 μὲν
2932 4360 3026 4418 οὖν
3048 4364 3141 4417 καὶ
3170 4364 3375 4435 σφόδρα

1795 4461 2064 4533 μεγάλης,
2095 4459 2238 4513 ὥστε
2267 4461 2438 4531 αὐτῆς
2455 4455 2801 4512 ἀπολαύοντα
2826 4457 2902 4527 μὴ
2935 4454 3374 4526 ἐκτραχηλισθῆ-

1790 4574 1904 4612 ναι.
1931 4554 2023 4608 Διὸ
2060 4554 2151 4608 καί
2174 4552 2268 4606 ἐπὶ
2294 4551 2472 4623 τούτῳ
2529 4551 2738 4622 φρονεῖ,
2779 4548 2857 4613 ὡς
2902 4550 2989 4603 ἐπ’
3016 4549 3209 4619 ἐκείνῳ
3231 4564 3244 4578 ·
3279 4549 3372 4601 καὶ

1790 4650 1902 4720 γὰρ
1938 4649 1996 4702 ἐν
2044 4645 2376 4718 ἀμφοτέροις
2413 4642 2615 4713 ὁμοίως
2670 4641 2902 4713 ἔλαμπε.
2945 4640 3072 4704 Πῶς
3107 4638 3164 4692 δὲ
3208 4638 3373 4693 ὅπλον

1791 4743 2004 4813 γίνεται
2035 4737 2418 4810 δικαιοσύνης;
2447 4737 2571 4792 Ὅτι
2608 4738 2792 4805 ἐνάγει
2834 4734 3064 4798 πολλοὺς
3101 4734 3181 4797 εἰς
3219 4730 3374 4785 εὐσέ-

1792 4835 1945 4889 6ειαν
1964 4833 2026 4887 τὸ
2055 4834 2113 4887 ἐν
2151 4835 2289 4904 τιμῇ
2338 4826 2475 4885 εἶναι
2508 4831 2635 4893 τοὺς
2669 4828 3043 4892 διδασκάλους·
3071 4826 3165 4880 καὶ
3195 4825 3372 4897 ἔργων

1789 4927 1845 4979 δέ
1880 4924 2101 4992 ἀγαθῶν
2123 4922 2282 4977 τοῦτο
2321 4922 2520 4993 δεῖγμά
2564 4923 2702 4989 ἐστι,
2761 4921 2857 4974 καὶ
2904 4920 2994 4973 τὸν
3033 4918 3167 4973 Θεὸν
3212 4917 3372 4972 τοῦτο

1790 5017 2021 5084 δοξάζει.
2055 5017 2166 5071 Kal
2197 5016 2354 5069 τοῦτο
2388 5016 2445 5068 δέ
2478 5014 2581 5084 τῆς
2607 5014 2702 5068 τοῦ
2757 5013 2891 5067 Θεοῦ
2924 5012 3283 5083 εὐμηχανίας,
3310 5008 3373 5066 τὸ

1789 5108 1877 5162 διά
1903 5109 2012 5162 τῶν
2043 5108 2300 5162 ἐναντίων
2351 5108 2592 5175 εἰσάγειν
2641 5106 2702 5160 τὸ
2737 5107 3017 5177 κήρυγμα.
3055 5106 3256 5158 Σκόπει
3277 5103 3369 5158 δέ’

1790 5200 1998 5254 ἐδέδετο
2024 5200 2052 5252 ό
2085 5198 2295 5262 Παῦλος
2315 5215 2329 5263 ;
2357 5198 2466 5251 Kal
2484 5197 2641 5251 τοῦτο
2658 5193 2724 5269 ἣν
2740 5197 2881 5269 ὐπέρ
2904 5198 2998 5250 τοῦ
3024 5195 3371 5266 εὐαγγελίου.

1796 5291 1874 5346 Τὰ
1893 5291 2004 5362 γὰρ
2034 5293 2161 5343 κατ’
2182 5289 2306 5358 ἐμὲ,
2331 5287 2516 5359 φησὶν,
2536 5291 2622 5354 εἰς
2651 5288 2973 5357 προκοπὴν
2996 5288 3101 5342 τοῦ
3126 5290 3372 5356 εὐαγγε-

1788 5385 1928 5439 λίου
1954 5383 2280 5451 ἐλήλυθεν,
2296 5381 2454 5436 ὥστε
2475 5381 2618 5448 τοὺς
2638 5382 2928 5448 πλείονας
2952 5381 3073 5434 τῶν
3090 5376 3373 5447 ἀδελφῶν

1788 5477 2147 5541 πεποιθότας
2186 5474 2314 5541 τοῖς
2338 5473 2585 5544 δεσμοῖς
2602 5492 2744 5544 μου,
2770 5472 3207 5543 περισσοτέρως
3231 5471 3373 5523 τολ-

1782 5566 1909 5638 μᾶν
1932 5567 2167 5636 ἀφόϐως
2212 5566 2321 5619 τάν
2368 5566 2554 5635 λόγον
2575 5563 2808 5619 λαλεῖν.
2846 5560 3012 5627 Δόξης
3044 5559 3207 5612 πάλιν
3226 5556 3373 5625 ἀπήη

1786 5658 1955 5725 λαυε;
1986 5660 2093 5713 Kal
2121 5656 2280 5713 τοῦτο
2317 5657 2479 5714 πάλιν
2497 5655 2740 5721 ἐκείνους
2789 5650 3233 5727 προθυμοτέρους
3252 5648 3369 5716 εἰρ-

1788 5752 2012 5824 γάζετο.
2064 5751 2168 5808 Διά
2221 5748 2572 5824 δυσφημίας
2622 5748 2719 5805 καί
2758 5744 3080 5817 εὐφημίας.
3133 5739 3209 5795 Οὐ
3257 5736 3372 5809 γὰρ
