3780 6308
437 307 546 364 ιεδ

440 422 598 493 μόνον
621 419 806 472 ἐκεῖνα
833 415 1098 486 γενναίως
1130 413 1294 482 ἔφερε
1335 409 1404 463 τά
1447 409 1515 497 Δἐν
1554 406 1634 478 τῷ
1660 405 1895 476 σώματι,
1918 400 2018 464 τάς

434 525 664 594 θλίψεις,
695 520 792 575 καὶ
847 519 949 573 ὅσα
995 516 1453 589 ἀπηριθμήσατο,
1497 510 1632 565 ἀλλά
1681 508 1777 562 καὶ
1810 506 1880 559 τὰ
1916 503 2020 574 τῆς

432 623 613 694 ψυχῆς
662 622 832 692 μόνης
897 618 1310 687 καθαπτόμεναδ
1375 613 1497 668 οῦδὲ
1544 612 1654 683 γὰρ
1701 608 1798 664 καὶ
1842 606 2018 661 ταῦτα

435 722 624 786 ἁπλῶς
649 719 897 791 θορυϐεῖν
917 716 1126 771 εἴωθεν.
1180 714 1240 768 '0
1299 712 1433 782 γοῦν
1485 708 1760 781 Ἱερεμίας
1786 705 2018 768 πολλοὺς

409 820 677 890 ,ἐνεγκὼν
727 817 1085 890 πειρασμοὺς,
1146 815 1284 888 πρὸς
1329 812 1503 867 ταῦτα
1546 810 1881 882 ἀπηγόρευε,
1920 807 2016 860 καὶ

434 923 625 996 ἐπειδὴ
649 919 974 984 ὠνειδίζετο,
999 918 1204 985 έλεγεψ
1234 916 1316 968 Οὐ
1336 913 1423 983 μὴ
1464 911 1881 981 προφητεύσω,
1913 908 2016 962 ού-

433 1025 504 1080 δὲ
517 1024 603 1095 μὴ
644 1019 924 1090 ὀνομάσω
965 1019 1031 1072 τὸ
1088 1017 1279 1087 ὄνομα
1306 1014 1552 1082 Κυρίου.
1589 1010 1702 1066 Kal
1725 1013 1753 1065 6
1773 1009 1936 1063 Aau‘:6
1959 1008 2017 1062 66

435 1123 705 1194 πολλαχοῦ
727 1121 818 1175 τὸν
855 1117 1157 1189 ὀνειδισμὸν
1191 1116 1544 1185 ἀποδύρεται.
1574 1113 1686 1167 Kal
1711 1114 1740 1166 6
1786 1110 2016 1173 Ἡσαΐας

439 1224 578 1296 μετά
607 1222 779 1276 πολλά
805 1221 947 1291 ὑπὲρ
968 1219 1161 1273 τούτου
1197 1215 1528 1289 παρακαλεῖ,
1547 1214 1744 1283 λέγων·
1771 1211 2014 1268 Ὀνειδι-

433 1324 594 1396 σμὸν
613 1322 732 1377 τῶν
751 1320 1084 1391 ἀνθρώπων
1107 1318 1192 1390 μὴ
1219 1317 1520 1388 φοϐεῖσθε,
1547 1317 1645 1370 καὶ
1677 1315 1759 1381 τῷ
1801 1316 2018 1384 φαυλι-

434 1425 567 1496 σμῷ
593 1422 790 1481 αὐτῶν
807 1423 891 1494 μὴ
921 1421 1200 1491 ἡττᾶσθε.
1225 1420 1338 1474 Kal
1360 1421 1388 1473 6
1403 1419 1637 1490 Χριστὸς
1649 1419 1707 1472 66
1723 1417 1886 1471 πάλιν
1902 1418 2016 1480 τοῖς

438 1526 729 1598 μαθηταῖς,
766 1525 952 1578 Ὅταν
971 1523 1184 1578 εἴπωσι
1205 1521 1331 1576 πᾶν
1367 1521 1655 1590 πονηρὸν
1679 1519 1842 1589 ῥῆμα
1883 1517 2012 1572 καθ’

433 1624 602 1696 ὑμῶν
626 1624 1002 1694 ψευδόμενοι,
1030 1622 1266 1692 χαίρετε
1288 1621 1386 1675 καί
1408 1619 1799 1691 ἀγαλλιᾶσθε,
1826 1617 2010 1688 φησὶν,

433 1725 569 1779 ὄτιό
593 1723 807 1794 μισθός
829 1722 992 1793 ὐμῶν
1010 1722 1204 1788 πολὺς
1229 1723 1300 1776 ἐν
1322 1722 1445 1787 τοῖς
1472 1720 1774 1789 οὐρανοῖς.
1823 1719 2013 1774 Ἀλλα-

433 1828 532 1900 χοῦ
555 1827 613 1881 δέ
637 1842 792 1898 φησι,
839 1825 948 1880 Kal
989 1826 1380 1894 σκιρτήσατε.
1430 1825 1543 1877 Οὐκ
1569 1823 1633 1876 ἂν
1671 1823 1726 1877 66
1757 1823 2014 1876 τοσοῦτον

433 1928 598 1999 ἔθηκε
626 1926 721 1982 τὸν
754 1925 969 1997 μισθὸν,
1003 1929 1053 1980 εἰ
1083 1927 1156 1998 μὴ
1189 1928 1356 1992 πολὺς
1381 1923 1448 2000 ἦν
1481 1929 1510 1982 6
1535 1927 1709 1995 ἀγών.
1773 1929 1862 1982 Ἐν
1913 1927 2014 1998 μὲν

429 2030 542 2102 γὰρ
575 2029 694 2090 ταῖς
718 2026 970 2097 βασάνοις
1011 2027 1106 2081 καὶ
1152 2026 1213 2081 :6
1247 2027 1408 2099 σῶμα
1442 2026 1721 2100 μερίζεται
1748 2030 1887 2100 μετὰ
1913 2029 2013 2099 τῆς

429 2132 608 2204 ψυχῆς
632 2131 732 2197 τὰς
754 2130 1053 2202 ἀλγηδόνας
1077 2145 1091 2159 ·
1121 2128 1216 2182 καὶ
1241 2129 1350 2198 γὰρ
1372 2127 1466 2182 τοῦ
1502 2127 1752 2198 σώματος
1785 2128 1881 2182 καὶ
1913 2130 2014 2198 τῆς

430 2231 611 2302 ψυχῆς
628 2233 657 2284 6
685 2230 846 2294 mévo;
871 2229 1036 2284 ἐστίν·
1072 2228 1264 2282 ἐκεῖδέ
1279 2230 1379 2299 τῆς
1396 2227 1576 2298 ψυχῆς
1603 2227 1789 2299 μόνης.
1821 2228 2013 2282 Πολλοὶ

431 2331 564 2400 γοῦν
599 2330 708 2385 ἀπὸ
753 2328 959 2384 τούτων
994 2328 1154 2401 μόνον
1198 2327 1416 2390 ἔπεσον,
1459 2328 1554 2380 καὶ
1583 2327 1680 2398 τὴν
1709 2326 1888 2398 ψυχὴν
1912 2328 2013 2398 τὴν

432 2431 642 2488 ἑαυτῶν
686 2430 994 2485 ἀπώλεσαν.
1027 2431 1138 2482 Kal
1175 2428 1254 2500 τῷ
1289 2428 1410 2482 Ἰὼϐ
1435 2428 1493 2482 δὲ
1540 2429 1649 2482 τῶν
1712 2428 2012 2498 σκωλήκων

431 2535 529 2590 καὶ
553 2533 660 2588 τῶν
683 2505 1016 2604 τραυμάτων
1042 2530 1421 2603 φορτικώτερα
1438 2529 1611 2600 ἐφάνη
1634 2530 1703 2584 τά
1735 2528 1887 2600 παρά
1904 2528 2012 2581 τῶν

432 2636 601 2707 φίλων
631 2634 833 2705 ὀνείδη.
865 2632 939 2686 Ού
974 2631 1083 2701 γάρ
1103 2631 1274 2698 ἐστιν,
1305 2630 1408 2684 ούκ
1437 2629 1585 2684 ἐστιν
1615 2629 1770 2684 οὐδὲν
1805 2631 2013 2702 ἀφορη-

429 2735 647 2810 τότερον
681 2736 794 2798 τοῖς
845 2733 1204 2804 ὀδυνωμένοις
1260 2731 1420 2799 λόγου
1467 2732 1767 2804 δυναμένου
1827 2731 2012 2786 δακεῖν

429 2831 609 2904 ψυχήν
632 2830 808 2905 [525].
826 2832 918 2885 Διὸ
943 2831 1082 2903 μετά
1108 2829 1216 2884 τῶν
1237 2830 1502 2885 κινδύνων
1524 2830 1746 2884 καὶτῶν
1771 2829 2014 2903 ἱδρώτων

429 2934 524 2987 καὶ
551 2931 723 2988 ταῦτα
749 2931 953 3004 τίθησι,
978 2931 1176 3001 λέγων·
1231 2931 1336 2985 Διὰ
1379 2931 1577 2998 δόξης
1611 2931 1709 2985 καὶ
1751 2932 2009 3002 ἀτιμίας.

427 3033 625 3088 Πολλοὶ
649 3031 780 3102 γοῦν
805 3031 900 3086 καὶ
929 3031 1038 3086 τῶν
1078 3030 1346 3084 Ἰουδαίων
1369 3031 1458 3086 διὰ
1494 3029 1594 3101 τήν
1609 3029 1766 3098 δόξαν
1786 3031 1882 3102 τὴν
1904 3030 2013 3084 τῶν

429 3133 638 3189 πολλῶν
665 3133 766 3187 οῦκ
785 3131 1057 3203 ἠθέλησαν
1087 3131 1399 3186 πιστεῦσαι.
1431 3131 1759 3200 Ἐφοὸοῦντο
1786 3131 1894 3202 γὰρ
1912 3131 2012 3201 οὐχ

429 3239 516 3294 ἵνα
549 3235 623 3310 μή
657 3235 1027 3303 κολασθῶσιν,
1063 3233 1179 3288 ἀλλ’
1213 3233 1302 3286 ἵνα
1356 3233 1432 3304 μὴ
1472 3232 1890 3301 ἀποσυνάγωγοι
1920 3232 2012 3300 γέ-

424 3355 644 3396 νωνται·
667 3337 749 3390 6:6
771 3336 938 3404 λέγει,
979 3332 1111 3400 Πῶς
1155 3333 1425 3388 δύνασθε
1463 3334 1798 3396 πιστεύειν,
1819 3332 2012 3398 δόξαν

425 3453 572 3512 παρ’
610 3440 902 3508 ἀλλήλων
961 3440 1417 3511 λαμϐάνοντες-ς
1481 3440 1590 3494 Kal
1649 3438 1882 3503 πολλοὺς
1943 3439 2010 3494 ἂν

427 3542 652 3614 ἴδοιμεν,
682 3543 732 3594 οἳ
771 3544 992 3597 πάντων
1045 3543 1144 3613 μὲν
1202 3545 1620 3617 κατεφρόνησαν
1658 3543 1766 3598 τῶν
1793 3543 2008 3608 δεινῶν,

425 3644 532 3698 ὑπὸ
568 3645 624 3698 66
643 3644 802 3717 δόξης
829 3644 1166 3717 ἡττήθησαν.
1203 3644 1302 3711 Ὠς
1329 3645 1572 3714 πλάνοι,
1602 3647 1701 3701 καί
1741 3646 2007 3714 ἀληθεῖς.

423 3743 596 3797 Τοῦτό
620 3743 760 3808 ἐστι,
793 3741 897 3797 Διά
916 3742 1271 3813 δυσφημίας
1292 3745 1391 3798 καί
1419 3746 1736 3814 εὐφημίας.
1786 3746 1885 3812 Ὦς
1905 3746 2010 3816 ἀγ-

421 3843 739 3913 νοούμενοι
790 3844 889 3898 καὶ
921 3844 1481 3915 ἐπιγινωσκόμενοι.
1523 3846 1694 3900 Τοῦτό
1733 3847 1869 3912 ἐστι,
1905 3847 2010 3902 Διὰ

420 3945 610 4013 δόξης
635 3944 732 3998 καί
748 3946 1006 4016 ἀτιμίας.
1031 3948 1159 4011 Τοῖς
1179 3947 1279 4019 μὲν
1299 3947 1410 4018 γὰρ
1428 3943 1570 4020 ἦσαν
1590 3947 1882 4020 γνώριμοι,
1911 3952 2009 4004 καὶ

422 4043 910 4115 περισπούδαστοι,
953 4047 1003 4100 οἱ
1040 4047 1097 4101 δὲ
1136 4047 1258 4101 οὐδὲ
1313 4049 1511 4103 εἰδέναι
1561 4049 1759 4114 αὐτοὺς
1797 4049 2003 4121 ἠξίουν.

431 4147 529 4214 Ὠς
544 4147 1059 4218 ἀποθνήσκοντες,
1090 4149 1189 4203 καί
1210 4149 1340 4204 ἰδοὺ
1380 4149 1587 4222 ζῶμεν.
1628 4151 1717 4217 Ὠς
1742 4152 2004 4208 ἐπιθανὰ-

416 4265 523 4304 τιοι
545 4248 641 4302 καὶ¹
665 4248 965 4303 κατάδικοιδ
997 4251 1134 4322 ὅπερ
1157 4251 1252 4304 καὶ
1279 4251 1345 4305 αὖ
1359 4251 1419 4305 :6
1457 4252 1686 4323 ἀτιμίας
1703 4249 1793 4325 ἦν.

484 4413 549 4468 δ’.
580 4412 752 4469 Τοῦτο
771 4413 829 4468 δὲ
851 4413 1028 4486 ἔλεγε,
1042 4415 1255 4480 δεικνὺς
1283 4417 1377 4470 καὶ
1391 4417 1490 4489 τὴν
1504 4417 1598 4471 τοῦ
1616 4417 1749 4472 Θεοῦ
1777 4419 2004 4491 δύναμιν

413 4492 515 4587 τήν
548 4512 777 4584 ἄφατον,
813 4515 909 4568 καὶ
949 4515 1050 4586 τὴν
1093 4516 1270 4570 αὐτῶν
1318 4519 1616 4592 ὑπομονήν.
1650 4520 1724 4574 T6
1757 4521 1855 4593 μὲν
1895 4528 2004 4594 γὰρ

412 4613 523 4669 τῶν
567 4615 1029 4674 ἐπιϐουλευόντων
1073 4617 1262 4689 μέρος,
1305 4619 1678 4692 ἀπεθάνομεν,
1721 4623 2004 4684 καὶτοῦτο

415 4715 618 4780 πάντες
657 4716 963 4789 νομίξουσι·
1003 4717 1091 4772 διὰ
1122 4719 1180 4772 66
1219 4719 1312 4773 :6v
1340 4720 1473 4775 Θεὸν
1509 4722 1843 4796 διεφύγομεν
1874 4726 2004 4793 τοὺς

413 4816 714 4881 κινδύνους.
748 4813 880 4873 Εἶτα
905 4818 1082 4891 δηλῶν
1103 4819 1199 4874 καὶ
1219 4820 1364 4885 τίνος
1390 4821 1578 4877 ἐνεκεν
1599 4825 1774 4882 ταῦτα
1799 4845 2004 4901 συγχω-

417 4919 502 4988 ρεῖ
540 4918 569 4970 ό
598 4919 748 4984 Θεδς,
786 4920 1088 4992 ἐπήγαγεν,
1136 4921 1232 4988 Ὠς
1289 4923 1736 4995 παιδευόμενοι,
1781 4929 1880 4982 καὶ
1915 4930 2002 5000 μὴ

413 5019 868 5090 θανατούμενοι·
909 5022 1052 5093 μέγα
1107 5023 1217 5077 ἀπὸ
1256 5024 1367 5078 τῶν
1400 5029 1726 5101 πειρασμῶν
1769 5033 1863 5086 καὶ
1898 5035 2003 5106 πρὸ

413 5116 523 5172 τῶν
565 5120 771 5189 μισθῶν
804 5121 1018 5188 δεικνὺς
1060 5125 1121 5178 τὸ
1159 5126 1351 5198 κέρδος
1395 5130 1582 5196 αὐτοῖς
1625 5134 1999 5207 ἐγγινόμενον,

413 5220 669 5286 καὶτοὺς
711 5223 941 5295 ἐχθροὺς
983 5226 1216 5292 ἄκοντας
1256 5229 1456 5295 αὐτοὺς
1487 5232 1854 5303 ὠφελοῦντας.
1902 5217 2001 5308 Ὠς

413 5322 802 5392 λυπούμενοι,
836 5326 1020 5381 ἀεὶδὲ
1042 5329 1373 5398 χαίροντες.
1407 5333 1568 5408 Παρὰ
1612 5337 1712 5406 μὲν
1747 5338 1857 5411 γὰρ
1887 5342 2002 5408 τοῖς

413 5419 614 5488 ἔξωθεν
643 5422 1084 5499 ύποπτευόμεθα,
1113 5429 1190 5494 ὼς
1217 5431 1276 5485 ἐν
1306 5433 1518 5509 ἀθυμίᾳ
1554 5435 1712 5493 εἶναι·
1750 5443 1914 5512 ἡμεῖς
1943 5443 2004 5498 66

411 5521 512 5577 οὐκ
551 5523 784 5590 ἐκείνοις
809 5527 1172 5600 προσέχομεν,
1201 5532 1340 5589 ἀλλα
1360 5533 1460 5607 τὴν
1490 5536 1684 5611 ἡδονὴν
1715 5540 2000 5612 ἀκμάζουρ

413 5639 514 5678 σαν
558 5624 776 5698 ἔχομεν.
821 5629 928 5683 Kal
967 5631 1070 5686 οὐκ
1102 5627 1246 5699 εἷπε,
1271 5635 1610 5706 Χαίροντες,
1647 5641 1834 5712 μόνον,
1861 5643 1999 5702 ἀλλὰ

411 5725 718 5802 προσέθηκε
747 5731 921 5788 καὶτὸ
945 5731 1213 5807 διηνεκές.
1257 5737 1363 5796 Ἀεὶ
1384 5739 1494 5813 γὰρ
1519 5742 1852 5813 χαίροντες,
1888 5762 1994 5818 φη-

1107 295 1166 351 S.
1205 290 1494 351 JOANNIS
1529 251 2386 346 CHRYSOSTOMIIAIWHIEP.
2433 283 2988 344 CONSTANTINOP.
3573 297 3654 353 ιεδ

2126 401 2199 454 σί.
2238 402 2304 454 Τί
2331 403 2512 457 τοίνυν
2543 405 2747 476 ταύτης
2779 405 2894 459 ἴσον
2918 405 3118 474 γένοιτ’
3149 406 3216 460 ἂν
3243 407 3343 478 τῆς
3373 409 3527 479 ζωῆς,
3558 406 3654 485 ἐνῇ

2119 499 2392 555 τοσούτων
2437 504 2702 558 ἐπιόντων
2740 505 2950 572 δεινῶν,
2986 508 3189 577 μείζων
3217 509 3250 578 ή
3280 508 3421 580 χαρά
3451 509 3652 575 γίνεταις

2131 601 2225 670 Ὦς
2263 603 2507 673 πτωχοί,
2549 606 2818 674 πολλοὺς
2849 606 2920 660 δὲ
2945 609 3384 677 πλουτίζοντες.
3415 609 3557 675 Τινὲς
3580 612 3654 681 μέν

2120 721 2252 774 φασι
2273 703 2502 758 πλοῦτον
2526 705 2760 760 ἐνταῦθα
2781 707 3035 775 λέγεσθαι
3058 709 3149 762 τὸν
3177 712 3550 780 πνευματικόν·
3571 711 3654 781 ἐγὼ

2119 809 2174 862 66
2207 807 2415 878 εἴποιμ’
2446 807 2512 862 ἂν
2550 809 2646 863 καὶ
2679 809 2770 863 τὸν
2797 811 3079 881 σαρκικόν*
3127 812 3223 866 καὶ
3254 812 3363 883 γὰρ
3389 814 3480 866 καὶ
3503 813 3654 867 τοῦτον

2117 908 2432 972 ἐπλούτουν,
2467 908 2643 979 καινῷ
2676 919 2784 962 τινι
2815 912 3002 982 τρόπῳ
3041 913 3140 975 τὰς
3187 912 3440 968 ἁπάντων
3481 913 3652 982 ἔχοντες

2117 1013 2294 1076 οἰκίας
2327 1013 2684 1084 ἀνεῳγμένας
2713 1014 2918 1077 αὐτοῖς.
2964 1013 3076 1068 Kal
3123 1014 3282 1068 τοῦτο
3333 1014 3554 1087 ἐδήλωσε
3588 1015 3653 1068 διὰ

2118 1116 2228 1170 τῶν
2259 1115 2407 1186 ἑξῆς,
2444 1115 2635 1170 εἰπών’
2673 1117 2767 1182 Ὠς
2811 1116 3006 1186 μηδὲν
3046 1117 3313 1188 ἔχοντες,
3361 1118 3457 1172 καί
3499 1117 3653 1171 ,πάντα

2118 1217 2494 1287 κατέχοντες.
2527 1220 2640 1272 Kal
2685 1221 2804 1283 πῶς
2849 1218 2929 1272 ἐνι
2963 1219 3155 1285 τοῦτος
3202 1221 3327 1285 Πῶς
3378 1221 3473 1292 μὲν
3502 1218 3580 1275 οὖν
3608 1222 3654 1274 τὸ

2117 1319 2360 1372 ἐναντίον
2388 1319 2502 1385 ενι;
2545 1321 2604 1373 '0
2634 1319 2744 1392 γὰρ
2763 1319 2931 1374 πολλά
2956 1321 3221 1392 κατέχων,
3248 1324 3405 1377 οὐδὲν
3428 1324 3548 1394 ἔχει·
3573 1325 3653 1377 66‘s

2119 1418 2288 1490 μηδὲν
2332 1418 2494 1490 ἔχων,
2545 1419 2614 1474 τά
2651 1420 2826 1476 πάντα
2855 1421 3137 1491 κέκτηται.
3175 1423 3287 1476 Kal
3321 1424 3422 1477 οὐκ
3461 1423 3654 1478 ἐνταῦθα

2121 1519 2302 1591 μόνον,
2334 1519 2471 1573 ἀλλά
2500 1520 2594 1574 καὶ
2621 1521 2679 1573 ἐν
2710 1523 2823 1585 τοῖς
2845 1521 3025 1585 ἀλλοις
3059 1521 3165 1576 ὑπὸ
3191 1522 3301 1575 τῶν
3334 1523 3573 1576 ἐναντίων
3602 1523 3654 1575 τὰ

2116 1622 2332 1676 ἐναντία
2366 1622 2593 1691 ἐγίνετο.
2621 1624 2685 1676 Εί
2706 1622 2763 1675 66
2792 1623 3092 1702 θαυμάζεις
3120 1622 3235 1688 πῶς
3262 1625 3380 1678 ἐστι
3405 1626 3494 1679 τὸν
3520 1625 3655 1694 μηδὲν

2115 1717 2310 1788 ἔχοντα
2337 1717 2406 1772 τά
2433 1718 2612 1772 πάντα
2641 1719 2807 1790 ἔχειν,
2841 1721 3002 1775 αὐτὸν
3026 1720 3214 1775 τοῦτον
3243 1725 3323 1787 είς
3357 1723 3516 1794 μέσον
3547 1723 3656 1791 ἀγά-

2114 1833 2320 1886 γωμεν,
2345 1815 2400 1880 ὃς
2433 1819 2497 1887 τῇ
2533 1816 2827 1889 οἰκουμένῃ
2855 1817 3138 1885 ἐπέταττε,
3166 1821 3257 1873 καὶ
3282 1820 3405 1892 οὐχὶ
3423 1820 3526 1874 τῶν
3551 1839 3657 1892 χρη·

2117 1917 2304 1988 μάτων
2334 1917 2536 1980 αὐτῶν,
2563 1917 2699 1972 ἀλλά
2724 1919 2816 1972 καὶ
2840 1918 3018 1974 αὐτῶν
3050 1919 3159 1973 τῶν
3190 1920 3482 1992 ὀφθαλμῶν
3503 1921 3658 1993 κύριος

2113 2014 2204 2090 ἦν.
2247 2020 2312 2072 El
2339 2018 2606 2074 δυνατὸν
2633 2019 2764 2091 γὰρ,
2802 2021 2935 2091 φησὶ
2970 2022 3115 2088 τοὺς
3146 2023 3494 2093 ὀφθαλμοὺς
3524 2023 3660 2094 ὑμῶν

2113 2118 2509 2186 ἐξορύξαντες
2534 2118 2611 2171 ἂν
2638 2117 2897 2172 ἐδώκατέ
2915 2137 3038 2188 μοι.
3071 2119 3257 2176 Ταῦτα
3287 2123 3344 2175 66
3369 2123 3530 2192 λέγει,
3558 2141 3658 2176 παι-

2113 2219 2286 2272 δεύων
2323 2219 2397 2291 μὴ
2423 2218 2787 2290 ταράττεσθαι
2829 2221 2964 2292 πρὸς
3003 2221 3103 2286 τάς
3138 2222 3248 2278 τῶν
3277 2223 3485 2278 πολλῶν
3511 2224 3656 2289 δόξας.

2115 2318 2218 2374 κᾶν
2249 2320 2485 2384 πλάνους
2514 2320 2741 2390 λέγωσι,
2769 2321 2870 2376 κᾶν
2898 2321 3136 2391 ἀγνοῶσι
3154 2336 3203 2387 ι,
3236 2325 3340 2378 κᾶν
3371 2325 3658 2386 καταδίκους

2116 2420 2398 2490 νομίζωσι,
2443 2421 2547 2475 κᾶν
2579 2421 2982 2486 ἐπιθανατίους,
3013 2424 3116 2478 κᾶν
3156 2423 3469 2488 λυπεῖσθαι,
3495 2427 3586 2479 κᾶν
3615 2429 3657 2478 ἑν

2114 2521 2358 2592 πτωχείᾳ
2383 2517 2542 2585 εἶναι,
2565 2522 2668 2576 κᾶν
2701 2522 2866 2594 μηδὲν
2889 2522 3054 2593 ἔχειν,
3091 2524 3195 2578 κᾶν
3222 2525 3352 2589 τοὺς
3383 2528 3441 2579 ἐν
3465 2525 3659 2597 εὐθυμία

2113 2622 2363 2692 ἀθυμεῖν·
2404 2623 2486 2677 ὅτι
2527 2624 2647 2677 οὐδὲ
2695 2626 2808 2687 τοῖς
2853 2624 3074 2692 τυφλοῖς
3116 2626 3144 2677 6
3169 2625 3320 2696 ἥλιος
3357 2628 3656 2698 καταφανὴς,

2113 2723 2237 2778 ούδέ
2272 2725 2386 2788 τοῖς
2421 2725 2828 2796 παραπαίουσιν
2866 2724 2899 2795 ή
2931 2723 3038 2776 τῶν
3075 2726 3499 2796 σωφρονούντων
3528 2725 3656 2798 ήδονή

2113 2826 2271 2900 δήλη.
2293 2828 2461 2882 Μόνοι
2490 2827 2598 2900 γὰρ
2618 2829 2666 2881 οἱ
2691 2829 2872 2884 πιστοὶ
2901 2831 2927 2883 6
2936 2831 3050 2902 ρθοὶ
3073 2835 3257 2905 κριταὶ
3281 2833 3398 2887 τῶν
3433 2834 3656 2905 πραγμά-

2114 2945 2223 2983 των
2252 2930 2385 2992 εἰσὶ,
2419 2929 2514 2983 καὶ
2534 2929 2632 2984 ούκ
2657 2928 2806 3004 [526]
2838 2931 2932 2986 ἐπὶ
2965 2934 3076 2998 τοῖς
3102 2934 3285 2999 αὐτοῖς
3318 2937 3557 3009 χαίρουσι
3585 2934 3658 2988 καὶ

2115 3029 2342 3099 ἀλγοῦσι
2369 3033 2482 3095 τοῖς
2508 3030 2708 3096 ἀλλοις.
2739 3033 2851 3088 Kal
2877 3033 2986 3105 γάρ
3013 3034 3068 3089 εἴ
3095 3053 3178 3100 τις
3203 3037 3433 3108 ἄπειρος
3467 3036 3658 3105 ἀγώνων

2115 3127 2456 3183 πυκτεύοντα
2483 3129 2741 3186 θεάσαιτο
2764 3131 3054 3204 τραύματα
3087 3134 3278 3206 ἔχοντα
3305 3137 3404 3190 xal
3437 3138 3657 3207 στέφανον

2113 3230 2518 3301 περικείμενον,
2552 3232 2820 3303 ἡγήσαιτο
2850 3234 2878 3274 δ
2913 3234 3074 3290 αὐτὸν
3107 3236 3293 3304 ἀλγεῖν
3319 3237 3413 3292 διὰ
3437 3239 3504 3292 τά
3531 3238 3657 3309 τραύ·

2115 3347 2282 3399 ματα,
2313 3331 2413 3384 οὐκ
2459 3330 2612 3396 εἰδὼς
2659 3332 2760 3405 τὴν
2788 3334 2980 3406 ήδονήν
3009 3337 3109 3406 τὴν
3139 3337 3248 3391 ἀπὸ
3271 3338 3370 3393 τοῦ
3405 3341 3655 3408 στεφάνου.

2111 3432 2222 3485 Kal
2255 3425 2401 3488 οὗτοι
2427 3432 2606 3487 τοίνυν
2636 3435 2824 3506 ἐπειδὴ
2855 3435 2892 3490 ἃ
2920 3435 3204 3510 πάσχομεν
3229 3439 3433 3503 ἴσασιν,
3462 3439 3588 3510 ὑπὲρ
3613 3438 3656 3492 δὲ

2111 3526 2187 3584 ῶν
2235 3533 2518 3605 πάσχομεν
2563 3533 2872 3602 ἀγνοοῦσιν,
2921 3535 3150 3600 εἰκότως
3189 3537 3370 3594 ταῦτα
3413 3522 3542 3610 μόνα
3575 3538 3656 3590 ῦπ-

2111 3635 2422 3699 οπτεύουσι,
2459 3634 2530 3689 τὰ
2567 3635 2922 3708 παλαίσματα
2965 3637 3066 3709 μὲν
3112 3639 3208 3692 καὶ
3248 3641 3378 3704 τοὺς
3418 3639 3656 3699 κινδύνους

2111 3737 2367 3805 ὁρῶντες,
2395 3737 2464 3792 τὰ
2493 3737 2550 3791 66
2579 3737 2789 3792 ἔπαθλα
2839 3740 2936 3792 καὶ
2985 3739 3111 3803 τοῦς
3136 3742 3439 3809 στεφάνους
3464 3742 3550 3795 καὶ
3579 3741 3656 3810 τήν

2109 3837 2220 3890 τῶν
2255 3837 2482 3908 ἀγώνων
2512 3838 2770 3893 ὑπόθεσιν
2802 3840 3007 3897 οὐκέτι.
3043 3841 3108 3894 Τί
3142 3837 3234 3895 οὖν
3257 3838 3326 3914 ἦν
3358 3845 3526 3898 πάντα
3541 3842 3656 3910 άπερ

2110 3937 2324 4003 Παῦλος
2363 3942 2602 4010 κατεῖχε,
2639 3939 2836 4009 λέγων,
2895 3940 2990 4007 Ὠς
3030 3941 3225 4010 μηδὲν
3277 3943 3535 4012 ἔχοντες,
3576 3941 3655 3995 καί

2108 4039 2308 4095 πάντα
2353 4041 2744 4111 κατέχοντες;
2793 4042 2873 4096 Τὰ
2909 4042 3162 4112 βιωτικὰ,
3201 4043 3271 4098 τὰ
3320 4043 3652 4117 πνευματικά.

2114 4142 2212 4194 ’ον
2243 4141 2348 4214 γὰρ
2380 4141 2457 4207 ὡς
2478 4142 2706 4212 ἄγγελον
2727 4143 2783 4196 al
2810 4143 2993 4208 πόλεις
3017 4143 3282 4216 ἐδέχοντο,
3311 4145 3452 4218 ὑπὲρ
3479 4139 3535 4200 οὗ
3555 4146 3654 4206 τοὺς

2107 4237 2423 4310 ὀφθαλμοὺς
2465 4240 2648 4297 αὐτῶν
2689 4240 3043 4312 ἐξορύξαντες
3075 4242 3406 4310 ἂνέδωκαν⁹
3447 4244 3572 4316 ὐτέρ
3607 4234 3653 4294 οὗ

2107 4341 2198 4396 τὸν
2230 4341 2440 4395 ἑαυτῶν
2475 4343 2746 4415 τράχηλον
2775 4344 3057 4410 ὑπέθεντο,
3093 4344 3211 4408 πῶς
3235 4338 3394 4412 06:0;
3419 4349 3477 4400 06
3508 4346 3653 4399 πάντα

2108 4430 2222 4504 εἶχε
2271 4435 2340 4489 τὰ
2382 4437 2641 4505 ἐκείνωνς
2674 4441 2738 4495 El
2789 4439 2846 4494 66
2893 4439 3073 4512 βούλει
3099 4443 3196 4497 καὶ
3238 4443 3309 4497 τὰ
3348 4442 3652 4516 πνευματικὰ

2110 4537 2258 4601 ίδεῖν,
2292 4537 2414 4609 ὄψει
2459 4539 2556 4592 καὶ
2595 4542 2654 4595 ἐν
2691 4541 2907 4607 τούτοις
2951 4543 3189 4614 μάλιστα
3216 4545 3562 4600 πλουτοῦντα.
3606 4542 3652 4593 '0

2105 4637 2214 4710 γὰρ
2257 4638 2403 4694 οὕτω
2452 4640 2530 4712 τῷ
2578 4641 2791 4713 βασιλεῖ
2840 4646 2950 4700 τῶν
2994 4647 3214 4702 πάντων
3261 4647 3434 4716 φίλος,
3467 4649 3536 4712 ὠς
3577 4642 3650 4698 καὶ

2105 4742 2434 4816 ἀπορρήτων
2469 4749 2745 4800 κοινωνεῖν
2771 4748 2849 4818 τῷ
2874 4749 3122 4824 Δεσπότῃ
3154 4751 3262 4805 τῶν
3281 4751 3537 4822 ἀγγέλων,
3557 4746 3648 4809 πῶς

2103 4843 2165 4898 οῦ
2197 4844 2417 4899 πάντων
2439 4845 2714 4919 εύπορώτε
2724 4865 2816 4919 ρος
2842 4844 2930 4920 ἦν,
2962 4852 3052 4905 καὶ
3079 4854 3255 4907 πάντα
3285 4851 3431 4926 εἶχεν
3451 4871 3463 4916 ;
3483 4853 3580 4907 Οὐκ
3597 4849 3646 4904 ἄν

2103 4945 2277 5012 οὕτως
2315 4946 2606 5002 ὑπέκειντο
2638 4949 2912 5020 δαίμονες,
2943 4953 3042 5006 ούκ
3071 4953 3136 5008 ἂν
3167 4955 3340 5020 οῦτως
3363 4954 3644 5026 ἐδραπέτευ-

2106 5063 2163 5099 σε
2186 5047 2332 5118 πάθη
2361 5047 2456 5102 καὶ
2474 5049 2778 5121 νοσήματα.
2805 5050 2916 5104 Ka‘:
2944 5052 3104 5123 ἡμεῖς
3125 5054 3328 5120 τοίνυν,
3351 5056 3477 5108 ὅταν
3499 5070 3543 5106 τι
3564 5047 3644 5104 πάι

2106 5166 2328 5220 σχωμεν
2347 5149 2439 5204 διὰ
2460 5150 2548 5204 τὸν
2565 5150 2820 5222 Χριστὸν,
2843 5151 2918 5224 μὴ
2943 5154 3104 5222 μόνον
3125 5155 3389 5221 γενναίως
3409 5155 3641 5224 φέρωμεν.

2103 5251 2243 5307 ἀλλά
2271 5253 2367 5308 καὶ
2394 5252 2693 5326 χαίρωμεν·
2726 5253 2830 5309 κᾶν
2859 5254 3228 5328 νηστεύωμεν,
3258 5256 3336 5321 ώς
3373 5252 3641 5327 τρυφῶντες

2105 5353 2440 5426 σκιρτῶμενο
2493 5356 2599 5411 κάν
2652 5354 3024 5428 ὑϐριζώμεθα,
3084 5357 3161 5422 ώς
3217 5357 3639 5431 ἐγκωμιαζόμενοι

2103 5453 2440 5526 χορεύωμεν·
2499 5455 2604 5510 κᾶν
2655 5456 3036 5529 ἀναλίσκωμεν
3062 5469 3122 5523 ε,
3171 5459 3249 5523 ὡς
3312 5458 3639 5532 κερδαίνοντες

2162 5632 2186 5698 ξ’
2215 5629 2504 5698 ξλςοιιᾴιιᾳι
2539 5633 2741 5698 conﬁcit
2761 5634 2979 5685 Danaus
2999 5637 3305 5698 καταγνοῦσι

2163 5691 2192 5732 b
2214 5691 2368 5754 9e39,
2392 5691 2726 5754 ἡγήσαιτόᾶν.

2165 5757 2188 5786 ⁴⁵
2215 5751 2370 5807 Sail“.
2394 5751 2446 5806 ili
2467 5769 2645 5823 marg”
2669 5759 2759 5808 κᾶν
2777 5758 3129 5816 ἀναλίσκοντες.
