3780 6352
162 269 248 324 ωδ
1125 258 1191 315 ΙΝ
1230 256 1443 314 EPIST.
1484 255 1527 312 II
1591 254 1681 309 AD
1719 254 1874 312 COR.
1914 256 2147 313 HOMIL.
2189 255 2302 313 XII.

160 384 388 437 lebratur.
414 376 557 447 Quin
576 375 705 432 illud
726 391 939 447 quoque
970 374 1133 430 divini
1155 372 1366 428 artiﬁcii
1393 381 1527 434 crat,
1554 371 1712 426 nimi-

157 493 258 531 rum
284 474 532 544 evangelii
564 471 926 542 prmdicationi
955 471 1156 524 aditum
1180 483 1273 539 per
1295 467 1561 523 contraria
1587 481 1715 535 ape-

158 572 267 624 rire.
316 568 402 623 Sic
454 565 597 620 enim
647 566 821 634 cogita
875 581 888 616 :
931 561 1154 616 Vinctus
1206 568 1323 614 erat
1375 558 1607 612 Paulus?
1656 557 1712 611 Id

152 675 342 733 quoque
370 660 432 712 ad
461 657 724 724 evangelii
755 654 1095 710 commodum
1135 651 1379 707 cedebat.
1420 650 1545 715 ane
1575 649 1711 702 circa

151 768 221 805 nte
242 762 370 815 sunt,
396 750 580 819 inquit,
606 748 765 819 magis
785 746 852 799 ad
875 747 1155 815 profectum
1171 741 1414 810 evangelii
1436 751 1671 794 venerunt
1696 755 1714 794 .'

149 844 210 896 ita
234 852 284 896 ut
309 843 473 911 plures
517 858 545 893 e
581 836 1163 911 fratribnscmtﬁdentcs
1202 835 1252 886 in
1293 834 1506 887 vinculis
1550 832 1669 885 meis
1692 870 1707 893 ,

150 934 462 987 abundantius
483 932 721 984 auderent
740 928 846 980 sine
867 928 1043 980 timore
1068 925 1268 978 verbum
1284 923 1375 977 Dei
1396 923 1533 992 loqui
1556 921 1710 991 (Phi-

150 1024 262 1093 (ipp.
292 1025 339 1078 1.
376 1022 458 1077 12.
496 1023 601 1088 tt).
633 1019 865 1074 lturstnn
911 1019 965 1072 in
1011 1017 1179 1086 gloria
1218 1015 1567 1071 versabatur?
1598 1013 1710 1067 Hoc

147 1130 338 1184 quoque
358 1128 564 1167 rursum
593 1109 1065 1180 promptitudinem
1093 1108 1200 1163 illis
1230 1107 1487 1177 majorem
1518 1105 1710 1159 alierc-

148 1208 298 1262 iebat.
334 1203 433 1257 Per
458 1203 729 1271 infamiam
758 1211 805 1254 et
832 1200 1016 1254 bonam
1043 1203 1256 1270 famam.
1303 1198 1417 1252 Non
1450 1198 1593 1252 enim
1643 1212 1706 1251 ea

147 1299 304 1351 solum
318 1312 436 1366 qua:
451 1309 681 1365 corpore
701 1293 1019 1362 excipiebat,
1042 1291 1163 1346 forti
1180 1291 1359 1344 animo
1387 1289 1705 1359 perferebat,

145 1388 460 1453 aﬂlictiones,
478 1402 651 1457 eaque
667 1386 844 1441 omnia
870 1400 987 1455 qua?
1008 1385 1297 1452 recensuit,
1318 1384 1411 1439 sed
1435 1399 1496 1439 ea
1519 1384 1704 1448 etiam,

144 1500 249 1552 qua!
274 1483 505 1535 animum
529 1482 700 1535 solum
724 1478 1155 1550 perstringebant
1183 1494 1198 1530 :
1233 1492 1405 1546 neque
1426 1476 1569 1532 enim
1592 1476 1707 1531 lucc

146 1572 382 1627 tumultus
429 1573 670 1627 excitare
719 1580 1129 1627 consueverunt.
1158 1569 1278 1639 Ipse
1315 1570 1516 1640 quippe
1551 1569 1706 1624 Jerc-

142 1666 281 1729 mias,
315 1678 434 1719 cum
466 1664 664 1717 multas
694 1664 1019 1717 tentationes
1059 1661 1299 1723 tulisset.
1328 1659 1395 1716 ad
1439 1660 1535 1715 has
1582 1660 1706 1716 fati-

141 1757 323 1821 scebat,
353 1763 411 1810 et
442 1771 563 1811 cum
593 1754 849 1811 conviciis
880 1755 1263 1820 incesseretur,
1289 1755 1501 1809 dicebat
1534 1771 1546 1808 :
1583 1753 1706 1809 Non

141 1847 429 1918 prophetabo
448 1888 466 1915 ,
496 1863 585 1901 nec
615 1847 795 1918 loquar
825 1847 959 1899 ultra
1004 1847 1057 1900 in
1102 1847 1303 1899 nomine
1332 1845 1540 1899 Domini
1567 1846 1701 1915 (Jer.

137 1941 216 1996 ‘20.
239 1940 312 2011 9).
342 1938 508 1994 David
534 1938 694 1993 etiam
723 1952 865 2007 saepe
894 1937 946 1990 in
976 1936 1174 2006 probro
1199 1951 1257 1991 se
1295 1951 1415 1991 esse
1436 1936 1702 2006 deplorat.

136 2036 290 2101 Atque
328 2029 488 2085 Isaias
511 2038 632 2099 post
668 2028 771 2083 alia
799 2029 963 2082 multa
996 2043 1091 2097 pro
1115 2028 1214 2081 hac
1242 2042 1300 2083 re
1336 2028 1415 2083 sic
1439 2029 1701 2084 cohorta-

138 2134 211 2178 tur
241 2122 450 2178 :Nolite
479 2123 653 2177 timere
678 2122 1007 2190 approbrium
1031 2121 1313 2187 hominum,
1345 2130 1392 2176 et
1417 2122 1705 2192 despectum

134 2232 289 2270 eorum
327 2232 390 2270 ne
417 2215 655 2287 metuatis
682 2212 837 2285 (lsai.
872 2214 961 2271 5i.
1005 2213 1082 2284 7).
1111 2215 1189 2269 Ac
1214 2230 1425 2270 rursum
1457 2215 1705 2271 Christus

134 2307 410 2377 discipulis,
437 2305 568 2362 Cum
594 2305 837 2370 dixerint,
868 2304 1041 2374 inquit
1066 2344 1082 2369 ,
1111 2320 1258 2358 omne
1286 2306 1482 2358 malum
1523 2305 1703 2361 aduer-

130 2400 231 2453 sum
256 2415 357 2465 vos,
392 2400 710 2464 mentientes,
735 2397 950 2469 gaudete
974 2406 1021 2452 et
1041 2398 1288 2452 exsultate
1308 2399 1551 2470 quoniam
1571 2416 1704 2453 mer-

131 2508 200 2546 ces
231 2502 387 2547 uestra
429 2493 638 2560 copiosa
665 2500 737 2546 est
774 2492 826 2544 in
855 2490 994 2544 caelis
1024 2488 1236 2559 (Matth.
1269 2491 1322 2545 5.
1356 2491 1441 2545 II.
1479 2490 1607 2559 I2);
1647 2499 1698 2548 et

128 2584 223 2639 alio
245 2584 363 2639 loco
380 2584 553 2649 dicit,
586 2582 652 2637 Et
679 2582 928 2637 exsultate
961 2580 1110 2652 (Luc.
1138 2582 1193 2635 6.
1221 2580 1335 2652 23).
1386 2583 1548 2652 Atqui
1583 2598 1695 2641 non

130 2684 311 2732 tantam
340 2675 646 2733 mercedem
673 2674 1059 2739 constituisset,
1083 2672 1185 2727 nisi
1213 2673 1401 2743 ingens
1422 2684 1565 2729 esset
1584 2690 1702 2730 cer-

130 2778 309 2823 tamen.
334 2768 389 2821 ln
424 2767 758 2823 cruciatibus
784 2765 931 2820 enim
957 2780 1153 2834 corpus
1179 2780 1301 2819 cum
1325 2766 1509 2821 animo
1536 2766 1694 2821 dolo-

128 2876 204 2915 res
224 2860 488 2931 partitur;
539 2858 641 2913 hoc
670 2857 870 2927 quippe
900 2856 1063 2911 habet
1094 2855 1281 2922 dolor,
1317 2865 1373 2910 ut
1403 2864 1461 2910 et
1502 2871 1701 2926 corpus

125 2960 174 3004 et
210 2951 442 3005 animum
489 2948 741 3004 alliciat:
795 2959 851 3002 at
909 2948 967 3003 in
1015 2948 1230 3017 probris
1282 2948 1494 3002 animus
1547 2949 1698 3004 solus

125 3053 345 3099 vexatur.
380 3043 537 3098 Multi
564 3052 711 3097 certe
742 3041 825 3096 his
855 3041 982 3096 solis
1014 3041 1265 3110 prostrati
1294 3052 1440 3107 sunt,
1471 3041 1697 3097 animm-

125 3150 217 3203 que
241 3150 348 3190 su:e
369 3135 519 3206 jactu
532 3150 642 3189 ram
675 3133 937 3189 fecerunt.
968 3135 1143 3203 Atque
1187 3135 1286 3202 ipsi
1316 3132 1453 3188 Joho
1494 3135 1697 3188 vermi-

124 3229 213 3284 bus
233 3238 285 3283 et
304 3229 577 3284 ulceribus
601 3229 848 3297 graviora
879 3242 941 3280 ea
973 3227 1170 3296 probra
1203 3225 1373 3291 fuere,
1406 3227 1602 3297 quibus
1626 3228 1696 3283 ab

125 3322 294 3378 amicis
327 3330 586 3376 oneratus
617 3320 734 3374 fuit.
767 3318 912 3374 Nihil
942 3320 1085 3374 enim
1114 3328 1228 3382 est,
1261 3319 1396 3373 nihil
1442 3320 1687 3388 inquam,

124 3426 197 3471 est
224 3417 286 3470 iis
304 3416 394 3486 qui
425 3413 707 3470 doloribus
741 3420 1055 3482 premuntur
1087 3411 1503 3477 intolerabilius,
1535 3428 1693 3481 quam

124 3507 278 3561 oratio
304 3523 424 3587 quae
456 3506 579 3560 illos
610 3504 873 3559 mordeat.
902 3502 1166 3572 Quocirca
1192 3518 1314 3556 cum
1347 3504 1606 3572 periculis
1629 3519 1693 3559 ac

122 3599 387 3654 sudoribus
432 3599 553 3653 haec
600 3597 869 3663 collocat,
928 3596 1155 3661 dicens,
1209 3594 1313 3649 Per
1377 3596 1596 3666 gloriam
1647 3606 1694 3650 et

122 3692 463 3761 ignominiam.
504 3690 654 3745 Multi
682 3689 879 3759 quippe
899 3728 914 3753 ,
939 3689 1098 3743 etiam
1143 3702 1210 3743 ex
1247 3687 1448 3742 Judaeis
1471 3729 1486 3752 ,
1515 3703 1582 3743 ne
1630 3704 1693 3743 ea

122 3784 271 3853 gloria
302 3786 354 3840 in
380 3799 485 3854 qua
515 3781 657 3852 apud
705 3781 896 3848 vulgus
931 3789 1090 3834 erant
1134 3780 1443 3834 laberentur
1466 3820 1482 3846 ,
1530 3778 1691 3834 ﬁdem

122 3876 353 3945 amplecti
383 3875 694 3929 noluerunt.
727 3871 1013 3925 Timebant
1037 3871 1180 3924 enim
1204 3912 1220 3937 ,
1252 3886 1358 3925 non
1388 3888 1455 3925 ne
1477 3871 1687 3940 supplic

121 3968 194 4019 cio
220 3969 582 4028 at’ﬁccrentnr,
614 3954 710 4018 sed
742 3980 809 4018 ne
831 3980 896 4018 ex
924 3978 1191 4034 synagoga
1218 3963 1694 4033 proscriberentur

124 4056 286 4123 (Joan.
321 4059 407 4114 12.
439 4058 535 4130 42)
571 4076 584 4112 :
617 4056 757 4112 unde
796 4057 959 4111 etiam
988 4055 1201 4112 dicebat
1230 4056 1498 4120 Christus,
1545 4056 1690 4123 Quo-

121 4152 254 4204 modo
281 4152 491 4220 potestis
525 4150 727 4203 credere
746 4191 761 4214 ,
790 4150 875 4214 qui
903 4147 1119 4219 gloriam
1144 4149 1205 4202 ab
1231 4150 1439 4203 invicem
1466 4149 1691 4216 accipitis

125 4242 283 4311 tJoan.
318 4244 371 4297 5.
407 4245 458 4297 ti.
495 4241 596 4312 4)?
640 4244 719 4297 Ac
755 4241 954 4296 multos
1004 4256 1228 4295 eernere
1268 4250 1385 4306 cst,
1425 4242 1514 4310 qui
1568 4255 1690 4294 cum

121 4335 293 4389 acerba
324 4336 507 4389 omnia
533 4333 1007 4403 contempsissent,
1040 4348 1069 4386 a
1098 4333 1267 4402 gloria
1290 4332 1521 4401 superati
1544 4342 1689 4385 sunt.

125 4424 181 4479 Ut
203 4433 487 4481 seductores
516 4436 561 4480 et
587 4441 805 4478 veraces.
833 4424 975 4478 Idem
1003 4432 1084 4478 est
1114 4438 1236 4477 cum
1266 4423 1359 4476 illo
1381 4464 1396 4488 ,
1427 4421 1526 4476 Per
1552 4423 1690 4493 infa-

122 4518 257 4571 miam
276 4530 319 4572 et
344 4519 532 4572 bonam
559 4518 771 4586 faniam.
801 4517 945 4571 Sicut
974 4518 1059 4587 qui
1084 4516 1243 4586 ignoti
1270 4526 1317 4570 et
1348 4517 1557 4587 cogniti.
1578 4515 1691 4573 Hoc

123 4608 329 4677 idipsum
354 4620 440 4665 est
466 4609 632 4679 quod,
656 4608 759 4661 Per
778 4608 994 4679 gloriam
1015 4617 1059 4660 et
1086 4608 1434 4679 ignominiam.
1460 4609 1691 4675 Quibus-

120 4696 226 4752 dam
252 4700 394 4755 enim
436 4701 551 4754 noti
580 4709 736 4754 erant
755 4741 770 4765 ,
794 4701 862 4753 ab
904 4700 1076 4769 iisque
1104 4697 1446 4763 colebantur;
1474 4699 1690 4769 quidam

120 4804 180 4841 ne
217 4805 543 4859 cognoscere
579 4790 795 4859 quidem
845 4804 941 4844 eos
997 4789 1372 4861 dignabantur.
1420 4790 1473 4846 9.
1531 4791 1690 4859 Quasi

122 4884 391 4948 morientes,
423 4894 470 4938 et
495 4900 609 4937 ecce
635 4884 866 4936 vivimus.
903 4882 969 4938 Ut
994 4883 1151 4936 morti
1194 4883 1409 4937 obnoxii
1437 4900 1499 4939 ac
1539 4887 1691 4941 dam-

121 4974 219 5026 nati
247 4992 260 5027 :
289 4974 430 5043 quod
469 4975 642 5045 ipsum
674 4989 889 5044 quoque
917 4973 1204 5043 ignominia
1236 4984 1370 5029 erat.

182 5065 230 5119 4.
265 5066 373 5121 lloc
417 5082 579 5136 porro
609 5066 857 5129 dicebat,
893 5076 1003 5121 tum
1047 5076 1105 5120 ut
1144 5067 1553 5122 incnarrabilem
1595 5070 1688 5125 Dei

124 5158 422 5222 potentiam,
460 5168 567 5211 tum
597 5157 908 5226 patientiam
963 5172 1113 5211 suam
1159 5157 1478 5214 declararet.
1513 5160 1641 5212 Nam
1671 5201 1685 5225 ,

123 5259 361 5312 quantum
393 5266 561 5321 penes
591 5250 933 5305 insidiatores
959 5258 1061 5317 est,
1084 5252 1278 5305 mortui
1302 5267 1507 5316 sumus,
1532 5261 1690 5323 atque

121 5340 182 5393 ita
210 5359 396 5398 omnes
427 5346 772 5411 existimant;
800 5354 854 5398 at
879 5343 1057 5398 divina
1098 5344 1330 5413 potentia
1361 5346 1555 5400 factum
1584 5357 1686 5413 est,

123 5442 173 5484 ut
210 5450 271 5488 ex
308 5436 561 5504 periculis
591 5438 761 5504 crepti
797 5436 986 5491 simus.
1024 5436 1209 5489 Postea
1254 5452 1350 5490 cur
1378 5436 1494 5491 haec
1552 5437 1691 5490 Deus

125 5526 379 5589 permittat
406 5528 724 5595 explanatis,
754 5527 1062 5597 subjungit,
1117 5526 1183 5583 Ut
1217 5529 1488 5599 castigati,
1516 5539 1562 5582 et
1592 5548 1689 5583 non

126 5619 418 5683 mortiﬁcati.
464 5620 665 5686 Quibus
715 5620 950 5684 indicat,
985 5635 1046 5673 ex
1081 5622 1464 5676 tcutationihus
1506 5622 1692 5693 ingen-

127 5716 220 5761 tem
254 5724 411 5764 cttatn
440 5723 562 5766 ante
593 5713 704 5781 ipsa
735 5713 952 5782 praetuta
1006 5713 1233 5766 fructum
1274 5713 1403 5781 ipsis
1455 5718 1687 5783 exoriri,

443 5831 707 5889 PATuOL.
754 5827 869 5887 Gn.
918 5824 1071 5885 LXI.

3304 264 3404 317 I90

1826 373 2116 443 hostesque
2140 374 2220 428 vel
2242 374 2435 429 invitos
2462 374 2560 429 sibi
2592 376 2752 429 utiles
2777 378 3010 433 essc.I0.
3041 378 3197 445 Quasi
3216 383 3402 447 tristes,

1818 481 2014 535 semper
2050 477 2217 519 autem
2261 468 2557 539 gaudentes.
2601 468 2785 523 Extcri
2815 470 3155 539 suspicantur
3194 488 3292 526 nos
3348 473 3388 526 ir

1819 574 2052 614 mmrore
2080 574 2233 624 esse;
2278 569 2332 615 at
2374 577 2513 625 nos,
2561 562 2685 631 quid
2725 561 2823 631 ipsi
2866 564 3208 631 existiment,
3261 566 3403 621 haud

1817 650 2144 705 attendimus
2166 694 2180 717 ,
2214 667 2397 707 verum
2428 652 2808 707 ﬂorentissima
2836 654 3107 723 voluptate
3151 655 3399 712 fruimur.

1818 739 1924 792 Nec
1948 756 2074 794 vero
2102 741 2396 812 gaudentes
2415 743 2587 797 Solum
2607 744 2761 809 dixit,
2789 745 2881 799 sed
2908 745 3130 811 addidit,
3163 746 3397 817 Semper.

1818 829 2031 897 Semper
2059 834 2201 886 enim
2227 836 2537 904 gaudentes,
2589 835 2780 906 inquit.
2824 837 3027 908 Ecquid
3071 840 3229 908 igitur
3280 843 3404 895 huic

1816 921 1936 972 vita!
1969 938 2063 991 par
2104 939 2223 978 esse
2252 935 2433 994 queat,
2464 927 2662 997 inqua,
2697 936 2776 981 tot
2799 929 3192 985 calamitatibus
3222 932 3402 987 incur-

1815 1012 2075 1078 santihus,
2129 1017 2334 1071 auctior
2386 1017 2630 1088 voluptas
2677 1019 2942 1074 efﬁcitur?
2988 1021 3132 1075 Sicut
3162 1034 3400 1093 egentes,

1813 1105 1997 1158 multos
2025 1117 2189 1161 autem
2219 1108 2606 1177 locupletatttes.
2632 1110 2855 1178 Quidam
2890 1113 3033 1167 aiunt
3062 1112 3165 1167 hoc
3193 1115 3403 1186 locode

1814 1195 2177 1262 spiritualibus
2221 1200 2410 1269 opibus
2438 1202 2599 1256 verba
2642 1202 2864 1269 haberi;
2894 1220 2992 1273 ego
3018 1216 3197 1261 autem
3227 1205 3292 1260 de
3336 1207 3400 1261 iis

1812 1301 2022 1357 quoque
2042 1330 2058 1355 ,
2088 1307 2205 1356 quae
2248 1290 2315 1344 ad
2344 1307 2559 1348 carnem
2587 1294 2815 1349 attinent
2844 1313 2855 1347 :
2888 1312 3008 1349 nam
3046 1306 3101 1351 et
3131 1297 3213 1351 his
3262 1314 3400 1352 novo

1811 1376 2042 1445 quodam
2092 1373 2250 1435 modo
2299 1383 2507 1452 praediti
2560 1394 2754 1450 erant,
2808 1395 2866 1441 ut
2912 1389 3108 1457 quibus
3156 1391 3395 1444 omnium

1812 1468 1957 1524 mdes
2005 1482 2269 1541 paterent.
2300 1476 2475 1546 Atque
2520 1476 2622 1531 hoc
2663 1479 3003 1547 perspicuum
3048 1480 3173 1537 fecit
3218 1499 3282 1538 ex
3331 1499 3397 1537 eo

1810 1562 1952 1630 quod
1984 1563 2235 1635 deinceps
2263 1568 2339 1621 ait
2362 1609 2377 1631 ,
2409 1567 2689 1637 Tamquam
2724 1571 2851 1625 nihil
2876 1571 3131 1638 habentes,
3156 1583 3202 1626 et
3229 1576 3399 1627 omnia

1811 1657 2142 1725 possidentes.
2177 1658 2247 1712 Et
2272 1659 2361 1728 qui
2398 1660 2509 1715 ﬁeri
2541 1661 2641 1715 hoc
2674 1662 3141 1734 potestiiuquies.
3180 1666 3396 1735 lmoqui

1809 1747 2136 1802 contrarium
2186 1748 2297 1804 fieri
2332 1753 2545 1819 potest?
2594 1750 2726 1806 Nam
2756 1754 2845 1823 qui
2900 1755 3070 1807 multa
3113 1757 3393 1824 possidet,

1810 1836 1941 1890 nihil
1982 1837 2175 1904 habet;
2205 1840 2292 1907 qui
2324 1850 2499 1894 autem
2528 1842 2658 1895 nihil
2686 1842 2887 1910 habet,
2917 1845 3099 1898 omnia
3130 1846 3391 1915 tium-idet.

1808 1932 1992 2003 Neque
2021 1932 2103 1987 hic
2130 1934 2302 1988 solum
2337 1934 2437 1988 hoc
2465 1952 2561 1990 usu
2595 1938 2764 2003 venit,
2794 1937 2890 1993 sed
2923 1949 2975 1992 et
3011 1940 3062 1993 in
3090 1941 3208 1994 aliis
3238 1944 3396 1997 rebus

1808 2039 1839 2081 e
1882 2026 2163 2079 contrariis
2213 2027 2480 2081 contraria
2528 2028 2810 2081 exsistunt.
2862 2028 3015 2094 Quod
3062 2031 3105 2083 si
3164 2031 3381 2087 miraris

1808 2132 2039 2186 quonam
2072 2116 2231 2170 modo
2256 2116 2363 2182 liat,
2396 2126 2451 2172 ut
2480 2118 2569 2187 qui
2598 2118 2757 2173 rebus
2782 2120 3031 2175 omnibus
3060 2134 3221 2186 caret,
3264 2139 3395 2178 cun-

1808 2215 1892 2260 cta
1927 2206 2139 2273 habeat,
2171 2207 2309 2262 hth
2352 2209 2522 2279 ipsum
2558 2208 2780 2262 Paulum
2814 2209 2866 2263 in
2896 2211 3129 2265 medimn
3158 2214 3394 2269 adduca-

1807 2313 1925 2351 mus
1950 2339 1964 2363 ,
1994 2297 2083 2368 qui
2112 2298 2228 2352 orbi
2262 2308 2523 2353 terrarum
2555 2299 2853 2369 imperabat
2874 2342 2887 2363 .
2919 2316 3019 2356 nec
3047 2305 3393 2372 pecuniarum

1808 2400 2031 2458 tantum,
2055 2392 2149 2447 sed
2176 2401 2230 2447 ct
2251 2394 2530 2449 oculorum
2549 2395 2788 2451 omnium
2808 2396 3055 2453 dominus
3077 2410 3191 2455 erat
3217 2415 3391 2468 :natn,

1807 2481 1870 2539 Si
1897 2484 2009 2552 ﬁeri
2049 2485 2327 2551 potuisset,
2357 2478 2527 2556 inquit
2549 2528 2565 2553 ,
2597 2488 2770 2542 oculos
2816 2497 3002 2544 vestros
3027 2492 3282 2546 eruissetis
3303 2534 3318 2557 ,
3345 2503 3394 2547 et

1806 2575 1929 2629 mihi
1959 2575 2221 2630 dedissetis
2253 2575 2394 2647 (Cal.
2427 2579 2481 2632 «ιδ
2516 2579 2631 2649 15).
2653 2579 2778 2635 Haec
2811 2595 2971 2650 porro
3000 2580 3163 2648 dicit,
3196 2593 3253 2639 ut
3294 2599 3397 2640 nos

1805 2668 1995 2723 doceat
2034 2678 2090 2723 ut
2117 2685 2186 2725 ne
2214 2670 2283 2723 ob
2314 2671 2452 2741 vulgi
2506 2672 2786 2741 opiniones
2833 2676 3109 2731 turbemur
3130 2720 3147 2745 ,
3178 2680 3394 2736 etiamsi

1804 2774 1904 2814 nos
1931 2759 2252 2830 impostores
2280 2764 2571 2831 appellent.
2611 2767 2821 2820 etiamsi
2862 2782 2959 2823 nos
2985 2769 3395 2849 ignorentpda-e

1803 2860 2013 2906 miratos
2029 2853 2357 2917 existiment,
2385 2854 2597 2909 etiamsi
2630 2856 2679 2910 in
2712 2872 2943 2914 maerore
2969 2868 3128 2930 atque
3154 2873 3394 2933 egestate

1804 2944 2005 2999 versari
2041 2953 2224 3013 putent
2266 2955 2321 2999 et
2374 2945 2553 3015 inOpia
2610 2949 2801 3016 premi,
2855 2952 3087 3015 etiamsi,
3131 2968 3251 3008 cum
3285 2956 3390 3009 lzrti

1803 3036 1989 3103 simus,
2017 3044 2211 3090 moesto
2241 3037 2421 3092 animo
2442 3052 2560 3092 esse
2586 3039 2766 3094 dicant
2789 3060 2801 3094 :
2829 3044 3258 3115 quandoquidem
3292 3064 3392 3105 nec

1800 3130 1957 3183 caecis
1989 3128 2298 3198 perspicuus
2328 3140 2410 3183 est
2440 3131 2570 3183 solis
2600 3130 2859 3201 splendor
2880 3173 2893 3194 ,
2937 3150 3036 3189 nec
3064 3136 3267 3192 insanis
3298 3156 3382 3193 sa-

1801 3221 2058 3289 pientium
2131 3220 2396 3290 voluptas.
2443 3222 2553 3277 Soli
2604 3224 2745 3277 enim
2806 3226 2877 3294 pii
2937 3227 3034 3280 viri
3086 3230 3217 3284 recti
3265 3244 3391 3287 sunt

1801 3327 1982 3367 rerum
2020 3311 2233 3382 judices
2255 3354 2270 3379 ,
2305 3327 2402 3366 nec
2429 3313 2496 3367 de
2535 3314 2721 3369 iisdem
2750 3317 2946 3385 quilms
2972 3319 3057 3372 alii
3092 3322 3251 3376 rebus
3298 3327 3379 3379 vel

1799 3404 2031 3475 gaudent
2078 3404 2163 3458 vel
2205 3413 2515 3474 anguntur.,
2545 3405 2678 3460 Nam
2706 3407 2752 3461 si
2780 3410 2900 3479 quis
2929 3411 3191 3479 palazstra:
3240 3415 3387 3471 rudis

1800 3495 2032 3565 pugilem
2064 3495 2375 3551 vulneribus
2405 3495 2654 3551 allectum
2687 3509 2896 3568 spectet
2923 3515 2987 3557 ac
3014 3517 3212 3558 corona
3244 3507 3387 3561 redi-

1800 3589 2019 3649 mitum.
2051 3604 2173 3643 eum
2222 3589 2291 3643 ob
2324 3590 2543 3645 vulnera
2588 3590 3197 3666 discruciat-ijudicarit,
3244 3601 3387 3669 quod

1798 3691 2052 3753 quantam
2080 3683 2128 3737 ei
2154 3697 2353 3737 corona
2377 3682 2699 3753 voluptatem
2731 3687 2901 3754 pariat
2923 3687 3149 3758 ignoret.
3186 3691 3385 3749 Eodem

1801 3775 1962 3831 modo
1991 3776 2118 3841 isti,
2163 3775 2288 3845 quia
2319 3791 2438 3844 qua:
2464 3777 2697 3846 patimur
2726 3786 2925 3833 norunt
2950 3822 2964 3846 ,
2996 3796 3058 3835 ea
3085 3790 3264 3837 autem
3317 3785 3388 3841 ob

1798 3884 1917 3938 qua:
1947 3869 2177 3937 patimur
2204 3867 2468 3933 nesciunt,
2494 3884 2599 3923 non
2630 3869 2825 3925 mirum
2848 3873 2892 3926 si
2918 3873 3032 3929 hinc
3053 3875 3165 3929 sola
3189 3892 3383 3948 suspe'

1797 3970 1881 4015 cta
1927 3960 2177 4026 habeant,
2210 3969 2268 4014 ut
2315 3959 2406 4031 qui
2457 3961 2748 4016 certamina
2786 3964 3000 4034 quidem
3041 3976 3095 4022 ct
3150 3969 3382 4036 pericula

1799 4052 2143 4122 perstriciant,
2167 4052 2387 4120 prtemia
2418 4062 2596 4107 autem
2623 4064 2676 4109 et
2705 4071 2932 4110 coronas
2954 4066 3007 4111 ct
3031 4063 3382 4117 certaminum

1796 4160 2010 4200 causam
2057 4161 2164 4199 non
2210 4146 2358 4201 item.
2390 4146 2648 4211 Quarnam
2691 4164 2818 4218 ergo
2860 4166 2921 4204 ca
2965 4154 3143 4206 oumia
3188 4167 3378 4222 erant,

1797 4254 1915 4308 qua:
1946 4238 2144 4292 Paulus
2172 4238 2498 4306 possidebat,
2531 4255 2651 4293 cum
2682 4241 2921 4308 diceret,
2956 4242 3233 4313 Tamquam
3256 4248 3385 4301 nihil

1795 4330 2033 4384 habentes
2058 4339 2103 4384 et
2130 4331 2301 4384 omnia
2319 4331 2634 4401 possidentes
2652 4333 2677 4385 7
2697 4333 2957 4389 Mundana
2983 4345 3031 4391 ct
3063 4338 3379 4405 Spiritualia.

1796 4423 1890 4479 Ille
1919 4423 2061 4476 enim
2087 4438 2245 4492 quem
2276 4423 2439 4477 urbes
2464 4423 2607 4478 velut
2646 4426 2892 4495 angelum
2920 4428 3229 4498 exciperent
3252 4472 3267 4494 ,
3318 4447 3382 4487 ac

1796 4531 1893 4588 pro
1922 4532 2030 4587 quo
2057 4516 2285 4573 ell‘ossos
2323 4517 2509 4572 oculos
2556 4519 2801 4585 tradere,
2846 4536 2942 4591 pro
2982 4538 3091 4592 quo
3142 4525 3383 4581 cervices

1796 4624 1922 4663 suas
1946 4623 2219 4676 exponere
2247 4610 2416 4678 parati
2450 4610 2600 4663 multi
2624 4620 2836 4679 essent,
2861 4628 3039 4667 annon
3082 4614 3171 4669 illc
3195 4617 3375 4672 omnia

1796 4715 1980 4756 eorum
2036 4700 2174 4754 bona
2210 4699 2552 4769 possidebat?
2578 4700 2729 4770 Quod
2760 4705 2803 4756 si
2833 4703 3127 4773 spiritualia
3159 4722 3375 4777 quoque

1798 4794 2104 4866 perspicere
2132 4794 2283 4858 libet,
2316 4793 2519 4849 videbis
2546 4810 2667 4849 eum
2699 4797 2749 4848 in
2783 4795 2847 4850 iis
2873 4796 3104 4853 maxime
3134 4798 3377 4870 locuple-

1798 4894 1925 4955 tem.
1958 4884 2091 4940 Nam
2118 4885 2207 4956 qui
2237 4885 2288 4939 in
2322 4894 2464 4940 tanta
2488 4886 2727 4940 omnium
2757 4886 2916 4958 Regis
2944 4888 3175 4943 amicitia
3203 4906 3383 4946 versa-

1796 4980 1972 5043 batur,
1992 4988 2050 5034 ut
2074 4978 2386 5048 angelorum
2415 4979 2675 5034 Dominus
2699 4994 2893 5034 arcana
2925 4996 3018 5035 sua
3052 4981 3147 5053 ipsi
3179 4983 3381 5053 imper,-

1798 5072 1922 5128 tiret
1952 5089 1964 5125 :
1995 5073 2083 5141 qui
2125 5071 2241 5126 fieri
2272 5080 2497 5140 poterat,
2525 5071 2653 5141 quin
2680 5087 2871 5127 otnnes
2909 5073 3098 5143 Opibus
3126 5076 3382 5141 anteiret,

1796 5173 1955 5234 atque
1982 5164 2160 5218 omnia
2193 5163 2524 5233 possideret?
2555 5163 2668 5217 Non
2696 5165 2840 5219 enim
2883 5167 3079 5238 alioqui
3110 5168 3385 5223 daemones

1799 5255 1868 5308 ita
1914 5254 1962 5308 ei
2011 5253 2337 5318 cessissent;
2386 5268 2491 5307 non
2541 5254 2611 5308 ita
2652 5255 2868 5310 dolores
2896 5272 2959 5312 ac
3000 5258 3170 5313 morbi
3204 5258 3380 5328 fugant

1798 5348 2204 5415 corripuissent.
2262 5347 2493 5402 Proinde
2547 5362 2644 5401 nos
2701 5365 2949 5419 quoque,
3002 5368 3122 5405 cum
3165 5364 3386 5421 propter

1798 5440 2067 5494 Christum
2121 5440 2262 5492 malo
2304 5438 2608 5506 afﬁciatur,
2664 5457 2768 5495 non
2825 5442 2983 5497 modo
3034 5443 3255 5504 fortem,
3286 5443 3379 5496 scd

1800 5534 1958 5586 etiam
1988 5531 2166 5585 lzetum
2198 5532 2428 5584 aninuun
2460 5533 2793 5601 praebeamus
2822 5551 2836 5592 :
2869 5535 2913 5588 si
2934 5535 3258 5604 jejunamus,
3289 5548 3382 5603 pe-

1802 5624 1951 5678 rinde
2000 5623 2328 5679 exsultctnus
2372 5640 2433 5677 ac
2490 5625 2533 5679 si
2586 5625 2635 5679 in
2686 5628 2961 5695 voluptate
3007 5638 3284 5685 essemus;
3335 5628 3377 5673 sl

1802 5718 2148 5772 contumelias
2187 5717 2517 5786 accipimus,
2560 5732 2620 5771 ac
2669 5718 2713 5771 si
2771 5717 3106 5771 laudarcmur
3150 5711 3375 5768 choreas

2920 5818 2991 5877 31
