3780 6342
428 274 533 330 487

427 399 646 455 agamus
667 423 684 449 ,
712 380 754 437 si
785 387 1031 451 sumplus
1058 373 1284 432 facimus
1302 413 1321 442 ,
1345 373 1420 430 ita
1443 371 1615 427 affecti
1638 368 1828 433 simus,
1869 379 1931 418 ac
1956 360 2004 415 si

425 487 658 549 qumstus
688 474 976 538 faciamus;
1008 471 1054 527 si
1084 468 1404 542 pauperibus
1426 464 1680 535 largimur
1705 503 1719 526 ,
1754 461 1999 529 nosipsos

425 571 671 641 accipere
700 568 1021 622 arbitremur
1067 581 1083 618 :
1128 576 1252 617 nam
1280 560 1368 630 qui
1397 572 1503 613 non
1547 570 1613 610 eo
1639 554 1819 608 animo
1865 550 1997 641 dat,

428 640 728 717 necifacile
766 658 930 713 dabit.
958 656 1135 723 Quare
1178 667 1300 707 cum
1346 650 1427 704 vis
1471 662 1756 719 spargere,
1800 659 1904 698 non
1948 640 2000 694 id

425 754 597 808 solum
642 760 821 821 specta
853 748 994 819 quod
1041 742 1334 815 expendis,
1378 740 1472 796 sed
1515 742 1615 792 hoc
1663 737 1823 792 etiam
1860 733 2001 804 quod

429 846 579 915 plura
610 840 873 905 lucraris;
903 846 958 893 et
986 837 1088 890 hoc
1118 834 1267 904 prius
1294 845 1454 902 quam
1486 828 1633 883 illud.
1664 826 1773 881 Nec
1799 840 1926 880 vero
1946 823 1999 877 in

427 940 768 1005 eleemosyna
793 931 990 993 solum,
1020 928 1115 983 sed
1145 928 1195 981 in
1224 925 1367 979 omni
1395 937 1605 993 quoque
1628 920 1858 984 virtute,
1891 932 1999 971 non

426 1031 666 1085 laborum
708 1022 1077 1086 acrimoniam,
1120 1017 1213 1073 sed
1268 1014 1606 1088 praemiorum
1660 1011 1997 1073 suavitatem,

427 1132 587 1191 atque
612 1128 737 1172 ante
774 1115 949 1172 omnia
991 1111 1287 1174 Christum,
1317 1106 1410 1176 qui
1438 1102 1791 1159 certaminum
1838 1113 1998 1155 causa

425 1222 544 1277 est,
597 1209 692 1265 tibi
735 1219 993 1279 propone.
1041 1202 1128 1257 Sic
1169 1199 1291 1263 ﬁet,
1333 1206 1390 1250 ut
1430 1194 1719 1249 certamina
1776 1192 2001 1260 impigre

426 1304 629 1366 adeas,
675 1306 837 1368 atque
872 1308 1085 1350 omnem
1127 1292 1253 1347 vita:
1301 1301 1516 1342 cursum
1560 1298 1681 1339 cum
1726 1282 2000 1353 voluptate

423 1392 699 1449 conﬁcias.
736 1387 919 1456 Neque
952 1382 1095 1439 enim
1121 1379 1410 1453 quidquam
1460 1384 1577 1441 est,
1605 1374 1747 1444 quod
1797 1380 1999 1427 tantam

427 1485 748 1553 voluptatem
788 1477 1007 1542 afferat,
1056 1482 1113 1528 ut
1148 1473 1360 1525 animus
1397 1468 1499 1523 sibi
1554 1466 1689 1522 bene
1728 1463 1997 1520 conscius.

431 1578 713 1645 Propterea
739 1571 935 1628 Paulus
960 1567 1193 1639 quidem,
1222 1579 1343 1620 cum
1369 1559 1593 1631 singulis
1616 1557 1804 1613 diebus
1834 1569 1998 1610 vexa-

426 1676 591 1728 retur,
618 1663 879 1736 gaudebat
901 1669 955 1716 et
996 1658 1333 1715 exsultabat:
1359 1669 1501 1711 nunc
1545 1661 1723 1707 autem
1757 1650 2001 1704 homines

427 1775 493 1812 ne
525 1772 620 1827 per
648 1754 912 1811 somnium
965 1750 1179 1823 quidem
1219 1748 1409 1803 horum
1441 1743 1643 1814 aliquid
1696 1741 1998 1812 perpetien-

425 1861 525 1917 tes,
558 1849 739 1903 dolent
766 1860 827 1901 ac
857 1844 1029 1900 moesti
1058 1850 1201 1907 sunt,
1233 1840 1431 1895 nullam
1460 1838 1618 1893 aliam
1665 1837 1734 1893 ob
1760 1850 1996 1901 causam,

426 1960 584 2013 quam
615 1940 753 2012 quod
802 1936 1172 2010 philosophica
1215 1933 1395 1987 animo
1446 1929 1653 2000 prmditi
1702 1943 1807 1983 non
1863 1926 1995 1981 sint.

426 2036 634 2105 Alioqui
681 2033 821 2088 enim
866 2042 1100 2099 exponas
1142 2022 1268 2080 mihi
1312 2023 1469 2078 velim
1518 2021 1644 2093 quid
1694 2020 1763 2074 sit
1806 2034 1997 2089 quam-

423 2131 607 2182 obrem
649 2122 868 2194 lugeas?
901 2137 966 2174 an
994 2120 1113 2189 quia
1163 2132 1364 2187 pauper
1399 2130 1476 2180 es,
1509 2129 1571 2168 ac
1600 2129 1781 2169 rerum
1807 2126 1996 2167 neces-

424 2218 682 2272 sariarum
709 2214 883 2284 inepia
908 2208 1202 2281 premeris?
1223 2208 1363 2278 Ergo
1384 2206 1504 2261 ideo
1534 2205 1712 2275 potius
1740 2203 1998 2272 lugendus

425 2325 503 2368 es.
536 2322 641 2361 nun
663 2304 783 2375 quia
814 2303 991 2373 ploras
1028 2315 1129 2355 nee
1153 2300 1273 2370 quia
1304 2313 1430 2367 eges
1451 2338 1465 2362 ,
1494 2295 1589 2353 sed
1616 2295 1737 2364 quia
1785 2294 1995 2363 abjecto

426 2414 484 2453 es
514 2398 726 2453 animo:
749 2410 852 2449 non
881 2394 999 2463 quia
1030 2391 1259 2445 nummis
1282 2403 1453 2453 cares,
1477 2388 1571 2445 sed
1602 2388 1724 2457 quia
1751 2399 1997 2439 nummos

428 2490 555 2543 tanti
602 2487 855 2541 :cstimas.
910 2486 964 2538 In
1013 2482 1253 2553 singulos
1291 2482 1405 2535 dies
1457 2486 1632 2535 morte
1678 2479 1997 2548 fungebatur

427 2582 620 2635 Paulus
645 2620 660 2646 ,
691 2593 789 2633 nec
821 2587 995 2631 tamen
1023 2574 1299 2646 plorabat,
1332 2575 1438 2626 imo
1467 2572 1627 2627 etiam
1658 2570 1937 2624 lzetabatur
1978 2586 1993 2622 :

426 2688 546 2728 cum
584 2679 835 2742 perpetua
876 2666 1018 2722 fame
1049 2666 1382 2729 luctabatur,
1431 2678 1529 2717 nec
1577 2661 1829 2725 dolebat,
1886 2662 1996 2714 imo

427 2764 587 2819 etiam
618 2760 961 2831 gloriabatur.

496 2855 549 2910 5.
582 2858 650 2910 At
695 2861 770 2919 tu,
825 2852 947 2922 quia
992 2850 1152 2905 totius
1190 2848 1314 2903 anni
1358 2855 1646 2917 proventus
1693 2843 1997 2900 reconditos

424 2966 528 3004 non
571 2948 765 3010 habes,
798 2944 1009 3015 angeris
1047 2950 1205 3013 teque
1229 2938 1459 3010 afﬁigis?
1497 2937 1612 2994 Non
1647 2939 1861 3004 mirum,
1910 2937 1994 2990 in-

424 3043 543 3113 quis
573 3059 586 3095 :
616 3041 705 3095 ille
731 3037 871 3094 enim
903 3036 970 3091 de
992 3051 1052 3091 se
1074 3043 1277 3090 tantum
1305 3042 1421 3086 erat
1439 3030 1736 3094 sollicitus;
1760 3044 1846 3084 me
1867 3043 1995 3083 vero

423 3142 477 3189 et
504 3132 648 3188 servi
677 3138 731 3185 et
758 3130 907 3184 liberi
932 3136 985 3182 et
1010 3141 1142 3181 uxor
1159 3125 1444 3181 sollicitum
1476 3131 1680 3179 tenent.
1725 3121 1836 3175 lmo
1866 3136 1995 3177 vero

422 3225 514 3280 ille
550 3238 655 3279 non
683 3236 859 3277 rerum
902 3234 1117 3273 suarum
1150 3225 1352 3271 tantum
1401 3214 1811 3271 sollicitudinem
1839 3228 1993 3282 gere-

423 3319 538 3383 bat,
563 3316 653 3372 setl
692 3314 922 3369 universi
956 3322 1216 3367 terrarum
1252 3309 1398 3364 orbis
1428 3327 1441 3363 :
1469 3323 1533 3363 ac
1564 3318 1616 3363 tu
1657 3308 1871 3376 quidem
1898 3322 1994 3376 pro

424 3410 577 3464 unica
603 3409 762 3462 domo
784 3404 1141 3460 sollicitudine
1168 3401 1426 3466 afﬁceris;
1463 3401 1548 3455 ille
1577 3412 1757 3455 autem
1798 3415 1893 3469 pro
1916 3408 1993 3454 tot

422 3497 885 3569 Jerosolymitanis
925 3492 1265 3563 pauperibus,
1317 3507 1417 3562 pro
1460 3492 1844 3555 Macedonicis,
1898 3507 1994 3560 pro

423 3592 671 3648 omnibus
696 3590 924 3659 denique
951 3589 1132 3658 egenis
1158 3586 1248 3657 qui
1270 3585 1465 3656 ubique
1491 3593 1664 3651 erant,
1699 3600 1797 3639 nec
1819 3586 1995 3641 minus

422 3700 522 3755 pro
552 3685 616 3739 iis
642 3684 731 3753 qui
758 3683 884 3750 ipsis
920 3679 1299 3750 largiebantur,
1333 3694 1489 3748 quam
1522 3693 1619 3747 pro
1646 3678 1709 3731 iis
1733 3678 1819 3747 qui
1846 3679 1993 3733 acci—

421 3776 658 3846 piehant.
687 3773 886 3841 Duplex
916 3771 1058 3826 enim
1085 3771 1256 3842 ipsum
1285 3770 1336 3824 in
1368 3778 1629 3824 terrarum
1652 3769 1836 3824 orbem
1864 3785 1992 3825 cura

423 3869 690 3938 tangebat,
719 3880 911 3935 nempe
939 3875 997 3919 ut
1025 3879 1094 3919 ne
1118 3864 1278 3919 rebus
1303 3862 1370 3917 ad
1392 3862 1554 3916 vitam
1582 3862 1900 3917 necessariis
1921 3864 1994 3918 in-

420 3964 682 4033 digerent,
717 3969 770 4016 et
798 3970 855 4015 ut
893 3957 1255 4029 spiritualibus
1286 3957 1473 4027 opibus
1512 3955 1862 4011 abundarent.
1886 3955 1994 4012 Nec

419 4070 548 4110 vero
580 4063 778 4108 tantum
806 4052 1053 4108 maeroris
1078 4050 1171 4105 tibi
1195 4049 1424 4105 afferunt
1454 4049 1545 4103 filii
1573 4049 1709 4105 fame
1740 4049 1993 4104 laboran-

423 4155 523 4210 tes,
542 4153 796 4215 quantum
820 4143 918 4213 ipsi
936 4142 1167 4197 ﬁdeliqu
1194 4142 1690 4211 omnium-negotia.
1710 4141 1847 4207 Quid
1873 4141 1993 4197 dico

422 4235 698 4291 fidelium?
727 4250 847 4289 nam
877 4249 1049 4304 neque
1077 4234 1144 4289 ab
1173 4231 1463 4288 inﬁdelium
1486 4248 1612 4289 cura
1642 4233 1879 4298 vacabat,
1904 4248 1995 4287 ve-

420 4344 538 4383 rum
569 4343 629 4382 ea
672 4328 745 4381 ita
785 4326 1186 4390 conﬁciebatur,
1214 4335 1271 4379 ut
1313 4340 1501 4382 eorum
1544 4325 1664 4379 loco
1710 4325 1993 4380 anathema

418 4434 635 4491 quoque
674 4419 786 4474 ﬁeri
832 4429 1040 4489 Optaret
1068 4436 1082 4477 :
1111 4429 1164 4473 tu
1204 4434 1351 4486 vero,
1382 4434 1448 4474 ne
1483 4419 1527 4474 si
1557 4418 1751 4474 millies
1776 4418 1991 4491 quidem

422 4515 591 4570 fames
638 4513 1005 4579 invalesceret,
1066 4526 1162 4582 pro
1217 4511 1326 4566 ullo
1371 4523 1545 4567 tamen
1592 4510 1809 4566 homine
1857 4511 1994 4567 mori

419 4609 605 4664 velles.
636 4608 790 4661 Actu
819 4605 1031 4676 quidem
1057 4621 1154 4676 pro
1176 4605 1329 4660 unica
1355 4618 1524 4659 uxore
1556 4604 1606 4659 in
1634 4620 1759 4659 cura
1787 4620 1879 4670 es;
1907 4605 1994 4660 ille

421 4712 598 4755 autem
631 4713 727 4769 pro
755 4697 1003 4753 omnibus
1023 4697 1183 4752 totius
1205 4697 1350 4752 orbis
1371 4697 1622 4752 Ecclesiis
1645 4713 1659 4750 :
1686 4696 1992 4753 Sollicitudo

420 4793 562 4846 enim
593 4807 732 4855 mea,
780 4789 969 4859 inquit,
1000 4788 1227 4842 omnium
1268 4786 1609 4842 Ecclesiarum
1645 4788 1719 4861 (2.
1750 4787 1867 4843 Cor.
1902 4790 1991 4845 11.

420 4882 537 4951 ‘28).
567 4882 855 4951 Quousque
904 4895 1033 4950 ergo
1083 4879 1269 4948 ludes,
1311 4896 1344 4934 o
1372 4881 1550 4947 homo,
1598 4883 1824 4952 teipsum
1870 4897 1992 4938 cum

424 4974 589 5028 l’aulo
609 4973 917 5029 conferens?
940 4990 1042 5029 non
1077 4983 1131 5027 tu
1156 4974 1255 5029 hac
1279 4981 1421 5027 tanta
1444 4976 1602 5029 animi
1633 4975 1993 5031 imbecillitate

420 5064 665 5121 laborare
708 5064 962 5120 desines?
997 5063 1497 5138 Collacrymaudum
1542 5067 1682 5121 enim
1736 5075 1838 5132 est,
1888 5083 1991 5121 non

421 5169 544 5211 cum
576 5154 629 5209 in
659 5166 969 5226 paupertate
1006 5172 1224 5224 sumus,
1257 5157 1351 5213 sed
1391 5172 1511 5214 cum
1542 5173 1821 5228 peccamus
1851 5174 1865 5211 :
1893 5159 1993 5214 hoc

423 5246 621 5318 quippe
658 5254 772 5313 est,
803 5248 943 5318 quod
989 5248 1252 5321 laerymas
1279 5261 1539 5316 meretur;
1576 5266 1695 5304 nam
1742 5252 1843 5305 alia
1883 5252 1992 5307 risu

420 5340 579 5411 digna
612 5349 754 5396 sunt.
789 5344 856 5396 At
887 5356 990 5395 non
1038 5340 1139 5396 hoc
1167 5341 1443 5398 dumtaxat
1481 5343 1610 5397 mihi
1643 5345 1859 5400 maerori
1888 5353 1991 5409 est,

423 5434 619 5508 inquis,
648 5434 743 5491 sed
773 5433 905 5490 illud
929 5450 1158 5505 quoque,
1188 5435 1327 5506 quod
1352 5434 1439 5491 hic
1468 5438 1700 5507 potentia
1738 5437 1992 5508 praeditus

422 5540 529 5600 est,
550 5546 651 5602 ego
674 5540 849 5586 autem
876 5531 1049 5601 jaeeo.
1079 5528 1214 5598 Quid
1245 5531 1392 5584 tum?
1418 5532 1531 5602 ipse
1555 5549 1770 5605 quoque
1797 5533 1994 5588 Paulus

422 5622 675 5695 ignobilis
711 5634 871 5695 atque
894 5621 1133 5691 abiectus
1170 5623 1438 5694 plerisque
1466 5624 1764 5681 videbatur.
1797 5624 1993 5681 Verum

417 5713 614 5772 Paulus
636 5715 725 5773 ille
744 5724 876 5785 erat,
909 5715 1103 5788 inquis.
1137 5716 1277 5789 Ergo
1303 5731 1409 5773 non
1434 5731 1613 5774 rerum
1647 5727 1861 5787 natura,
1890 5720 1986 5776 sed

1106 262 1171 318 s.
1210 255 1486 317 JOANNIS
1521 247 1985 313 CHRYSOSTOMI
2021 246 2334 305 ARClllEP.
2371 251 2897 317 consumma.
3544 277 3621 334 ιε,

2112 370 2275 425 animi
2320 372 2655 431 imbecillitas
2697 376 2835 432 hanc
2879 377 2971 431 tibi
3001 380 3309 436 maestitiam
3333 382 3486 440 aﬂert.
3510 385 3622 455 Quo-

2109 464 2250 517 circa
2272 476 2637 535 paupertatem
2687 467 2795 523 noli
2826 468 3049 537 deﬂere,
3078 487 3263 528 verum
3291 482 3342 529 te
3365 476 3532 543 ipsum,
3554 480 3622 548 qui

2109 554 2179 609 ita
2218 555 2440 611 affectus
2483 558 2603 613 sis:
2637 558 2745 612 imo
2798 575 2927 614 vero
2972 563 3199 631 teipsum
3255 580 3322 618 ne
3370 565 3509 630 delle,
3551 570 3621 623 sed

2109 645 2284 715 potius
2309 648 2538 717 corrige,
2570 664 2668 703 nec
2708 664 2840 719 opes
2882 668 3063 721 quaere
3086 694 3100 714 .
3142 654 3236 709 sed
3261 656 3396 724 quod
3417 658 3621 726 majorem

2108 754 2265 809 quam
2297 739 2517 793 inﬁnitae
2542 755 2671 809 Opes
2700 741 2935 796 laetitiam
2967 746 3125 813 pauit,
3153 756 3481 811 consectare,
3504 765 3619 801 nem-

2111 846 2175 899 pe
2218 829 2609 900 pbilosophiam
2657 846 2721 886 ac
2773 836 3047 888 virtutem.
3092 834 3219 891 Hzec
3261 838 3398 892 enim
3435 838 3476 892 si
3498 838 3620 906 adsit,

2110 920 2238 973 nihil
2276 930 2432 974 nocet
2471 929 2792 989 paupertas;
2833 923 2878 976 si
2923 924 3083 987 desit,
3121 926 3249 980 nihil
3277 938 3484 995 prosunt
3505 944 3621 996 opes.

2107 1011 2244 1079 Quid
2272 1011 2438 1076 enim,
2464 1026 2560 1066 oro
2588 1021 2663 1078 te,
2697 1013 2942 1068 utilitatis
2975 1019 3209 1085 capiunt,
3236 1018 3325 1085 qui
3350 1018 3516 1085 opibus
3532 1019 3620 1087 qui-

2108 1103 2226 1157 dem
2254 1102 2499 1165 affluunt,
2530 1118 2717 1158 verum
2759 1119 3021 1174 pauperes
3061 1106 3267 1159 animos
3295 1106 3509 1161 habent?
3538 1110 3622 1163 Non

2107 1201 2285 1248 tutam
2319 1195 2575 1249 miserum
2602 1203 2653 1249 te
2679 1195 2849 1262 ipsum
2876 1210 3085 1261 censes,
3115 1212 3272 1265 quam
3298 1197 3440 1251 dives
3465 1197 3540 1252 ille
3558 1213 3623 1253 se-

2105 1284 2303 1355 ipsum,
2330 1285 2453 1354 quia
2479 1299 2586 1339 non
2626 1286 2861 1340 omnium
2903 1302 3032 1355 opes
3077 1287 3255 1340 habet.
3282 1286 3430 1352 Quod
3470 1289 3509 1341 si
3546 1304 3624 1341 non

2106 1376 2330 1447 perinde
2350 1387 2408 1431 ut
2434 1385 2487 1431 ιιι
2508 1378 2843 1443 lamentatur,
2860 1378 3024 1447 ipsius
3044 1380 3421 1433 conscientiam
3437 1379 3623 1449 explica,

2104 1480 2159 1525 et
2180 1469 2590 1526 lamentationes
2615 1481 2774 1541 atque
2808 1472 3070 1541 singultus
3095 1472 3322 1527 videbis.

2179 1560 2311 1631 Opes
2349 1578 2583 1630 quaenam
2620 1577 2750 1616 verte
2785 1563 2903 1617 sint.
2940 1561 3197 1630 Pauper-ea
3226 1565 3453 1619 divitibus
3473 1565 3629 1635 felicio-

2102 1668 2205 1708 res.
2232 1681 2307 1693 —
2335 1651 2424 1706 Vis
2464 1663 2580 1707 tuas
2622 1653 2717 1708 tibi
2760 1668 2891 1722 opes
2928 1653 3231 1718 ostendam,
3279 1664 3338 1709 ut
3361 1654 3529 1711 beatos
3553 1670 3629 1711 eos

2103 1744 2411 1800 existimare
2440 1744 2672 1809 desinas,
2703 1746 2792 1815 qui
2834 1753 2960 1801 sunt
3009 1746 3342 1816 locupletes?
3373 1748 3516 1803 Vides
3551 1747 3630 1802 hoc

2102 1837 2311 1903 caelum,
2345 1851 2503 1907 quam
2531 1838 2864 1906 praeclarum,
2888 1853 3045 1907 quam
3069 1840 3256 1909 ingens
3277 1879 3293 1903 ,
3325 1854 3475 1910 quam
3500 1841 3633 1894 subli-

2103 1929 2176 1985 mi
2198 1928 2318 1984 loco
2343 1929 2544 1983 situm?
2570 1928 2681 1984 Hac
2710 1929 2802 1984 ille
2825 1930 3221 1999 pulchritudine
3255 1931 3423 1987 nihilo
3440 1931 3630 2000 amplius

2102 2018 2295 2075 fruitur
2314 2035 2471 2089 quam
2507 2028 2581 2085 tu,
2622 2034 2721 2075 nec
2748 2028 2802 2076 te
2822 2020 2911 2075 ille
2941 2023 3260 2091 pr0pellere,
3289 2032 3549 2095 totumque
3569 2024 3631 2077 sui

2097 2111 2234 2182 juris
2270 2111 2480 2167 efficere
2507 2121 2667 2182 queat
2694 2127 2709 2165 :
2739 2120 2797 2166 ut
2823 2112 2966 2167 enim
2997 2122 3214 2182 propter
3235 2114 3383 2168 illum
3410 2124 3488 2170 est
3507 2128 3631 2168 crea-

2102 2211 2236 2271 tum,
2272 2204 2341 2259 ita
2368 2206 2527 2259 etiam
2556 2215 2776 2275 propter
2797 2214 2874 2260 te.
2917 2204 3055 2273 Quid
3076 2206 3177 2271 sol,
3208 2207 3528 2277 splendidum
3555 2206 3634 2261 hoc

2101 2294 2248 2349 sidus
2296 2309 2360 2349 ac
2404 2295 2653 2362 rutilans,
2682 2303 2842 2364 atque
2868 2296 3055 2350 oculos
3102 2306 3316 2351 nostros
3361 2297 3633 2352 obiectans?

2101 2399 2281 2438 annon
2322 2386 2622 2440 communis
2676 2386 2766 2441 hic
2816 2400 3026 2457 quoque
3069 2388 3319 2442 omnibus
3361 2384 3634 2443 mortalibus

2103 2484 2265 2546 patet,
2298 2486 2455 2547 atque
2487 2492 2675 2533 omnes
2700 2493 2872 2549 teque,
2900 2487 3005 2533 tam
3032 2479 3225 2535 divites
3246 2496 3404 2551 quam
3430 2492 3631 2551 egentes.

2100 2586 2167 2626 eo
2195 2570 2484 2627 fruuntur?
2504 2572 2629 2642 quid
2656 2572 2927 2628 stellarum
2949 2588 3169 2639 corona,
3186 2574 3313 2644 quid
3342 2576 3473 2629 lunae
3491 2573 3634 2628 orbis?

2100 2676 2275 2717 annon
2306 2663 2553 2718 omnibus
2580 2679 2732 2735 teque
2754 2679 3007 2721 concessa
3032 2675 3154 2720 sunt
3175 2666 3198 2719 ἲ
3219 2665 3331 2720 lmo
3353 2683 3495 2732 vero,
3519 2665 3632 2735 quod

2100 2754 2245 2808 dictu
2278 2754 2520 2810 mirabile
2539 2765 2641 2820 est,
2671 2769 2788 2819 nos,
2817 2757 2904 2827 qui
2935 2771 3195 2825 pauperes
3223 2773 3425 2823 sumus,
3456 2758 3636 2811 uberius

2100 2847 2165 2901 iis
2193 2845 2419 2901 fruimur
2446 2862 2604 2917 quam
2635 2847 2731 2903 illi.
2763 2848 2973 2903 Etenim
2999 2850 3097 2914 illi,
3123 2864 3273 2904 mero
3300 2860 3357 2904 ut
3387 2851 3631 2919 plurimum

2099 2940 2299 3005 obruti,
2327 2949 2486 3009 atque
2508 2941 2561 2995 in
2589 2941 3069 2997 comessationibus
3093 2944 3459 3014 altissimaque
3476 2958 3634 2998 somno

2100 3033 2262 3087 vitam
2286 3032 2540 3102 degentes
2559 3075 2576 3100 ,
2608 3049 2678 3090 ne
2708 3035 2821 3090 haec
2848 3035 3059 3105 quidem
3086 3037 3344 3105 sentiunt,
3379 3049 3433 3092 ut
3456 3039 3536 3108 qui
3558 3040 3636 3092 sub

2100 3131 2241 3179 tecto
2276 3139 2337 3180 se
2363 3134 2577 3180 teneant
2619 3135 2778 3195 atque
2819 3127 2873 3181 in
2913 3126 3097 3181 umbra
3122 3128 3337 3183 alantur
3369 3148 3382 3183 :
3414 3146 3637 3200 pauperes

2098 3225 2285 3271 contra
2313 3232 2375 3272 ea
2403 3218 2708 3274 conditione
2732 3229 2885 3285 sunt,
2915 3230 2971 3274 ut
2995 3221 3123 3275 nulli
3154 3222 3457 3277 mortalium
3484 3238 3635 3294 parum

2097 3324 2165 3364 ex
2195 3309 2473 3367 elementis
2513 3314 2835 3382 voluptatem
2871 3315 3101 3384 capiant.
3136 3314 3270 3384 Quin
3303 3318 3350 3371 si
3380 3333 3544 3372 aerem
3571 3318 3635 3385 ip-

2098 3419 2237 3467 sum,
2261 3406 2351 3475 qui
2380 3407 2575 3477 ubique
2596 3407 2742 3463 fusus
2766 3418 2869 3474 est,
2900 3411 3289 3481 exploraveris,
3324 3417 3532 3484 puriore
3556 3417 3638 3468 nti-

2097 3510 2203 3566 que
2224 3512 2291 3552 eo
2317 3505 2477 3568 atque
2501 3499 2746 3555 uberiore
2767 3516 3051 3572 pauperem
3077 3502 3177 3558 frui
3198 3507 3505 3576 perspicies.
3532 3505 3636 3558 Nam

2098 3598 2153 3644 et
2195 3587 2428 3645 viatores
2470 3600 2524 3645 et
2572 3591 2818 3661 agricolae
2847 3593 3020 3648 laetius
3046 3609 3112 3650 eo
3157 3595 3481 3660 afﬁciuntur,
3509 3613 3637 3667 quam

2099 3679 2190 3750 qui
2234 3680 2289 3735 in
2340 3681 2558 3737 urbibus
2608 3682 2840 3752 degunt;
2886 3685 3011 3738 etsi
3061 3686 3156 3739 hos
3199 3701 3413 3759 quoque
3439 3698 3636 3757 spectes,

2101 3771 2275 3827 laetius
2299 3774 2532 3829 artiﬁces
2560 3815 2575 3841 ,
2610 3790 2768 3844 quam
2797 3776 2887 3845 qui
2935 3785 3046 3831 toto
3092 3777 3179 3832 die
3224 3780 3638 3849 perbacchantur.

2098 3866 2229 3921 Nam
2259 3867 2384 3936 quid
2430 3869 2497 3923 de
2527 3877 2665 3925 terra
2712 3867 2885 3924 dicam
2908 3869 2932 3919 τ
2956 3883 3134 3924 annon
3163 3873 3372 3926 cunctis
3401 3888 3541 3942 a-que
3566 3886 3638 3940 pa-

2101 3959 2225 4014 tet?
2273 3959 2510 4028 Minime,
2562 3962 2791 4032 inquies.
2841 3962 2977 4032 Quid
3026 3964 3132 4019 ita!
3178 3965 3440 4033 Quoniam
3482 3969 3541 4032 is,
3568 3968 3639 4035 qui

2099 4050 2248 4106 dives
2268 4061 2349 4107 est
2368 4062 2421 4107 et
2439 4053 2490 4107 in
2513 4053 2643 4108 urbe
2669 4054 2829 4108 multa
2857 4064 3010 4108 terra:
3028 4056 3210 4126 jugera
3238 4056 3481 4126 adeptus,
3510 4057 3640 4124 longa

2100 4145 2358 4214 pomoeria
2383 4146 2610 4200 exstruit
2637 4188 2651 4212 ,
2680 4155 2735 4201 et
2764 4146 2813 4199 in
2843 4148 2982 4217 agris
3008 4149 3203 4203 multas
3229 4160 3408 4219 partes
3433 4151 3637 4205 desecat.

2100 4234 2236 4303 Quid
2263 4235 2427 4305 ergo?
2466 4250 2533 4290 an
2561 4237 2682 4306 quia
2709 4236 2921 4292 desecat
2946 4279 2961 4302 ,
2999 4239 3147 4294 solus
3169 4240 3394 4311 proinde
3439 4243 3497 4295 iis
3536 4239 3643 4292 frui-

2100 4329 2230 4382 tur?
2254 4327 2403 4382 Haud
2429 4342 2578 4393 sane,
2607 4329 2894 4396 quamlibet
2918 4330 3186 4385 adnitatur
3214 4349 3227 4385 :
3254 4330 3461 4387 fruetus
3475 4332 3639 4386 etenim

2101 4422 2156 4477 in
2184 4436 2369 4477 omnes
2410 4422 2727 4477 diStribuere
2754 4423 2962 4492 cogitur
2982 4463 2999 4490 ,
3029 4438 3093 4479 ac
3117 4426 3374 4491 triticum,
3408 4428 3570 4478 vinum
3600 4430 3641 4475 et

2100 4514 2280 4569 oleum
2328 4513 2423 4567 tibi
2466 4512 2724 4577 elaborat,
2754 4528 2817 4568 ac
2844 4531 3103 4587 nusquam
3151 4532 3254 4571 non
3286 4519 3380 4572 tibi
3428 4517 3638 4572 inservit.

2100 4608 2413 4677 Amplorum
2445 4608 2600 4662 etiam
2649 4618 2923 4676 septorum
2947 4623 3010 4662 ac
3030 4608 3421 4663 domiciliorum
3450 4617 3557 4678 post
3579 4609 3641 4658 in-

2098 4700 2381 4755 credibiles
2411 4709 2654 4770 sumptus
2698 4711 2751 4755 et
2804 4699 3013 4755 labores
3040 4710 3198 4770 atque
3223 4717 3489 4756 aerumnas
3514 4713 3639 4753 usum

2102 4792 2194 4846 tibi
2224 4801 2519 4861 comparat,
2548 4790 2754 4861 exiguis
2780 4805 2809 4844 a
2839 4800 2888 4845 te
2918 4806 3012 4860 pro
3047 4792 3349 4861 hujusmodi
3378 4790 3639 4846 ministerio

2099 4884 2333 4939 numinis
2358 4885 2611 4954 acceptis.
2646 4885 2817 4954 Atque
2844 4884 2943 4938 hoc
2983 4892 3038 4940 et
3077 4884 3129 4938 in
3167 4885 3370 4938 balneis
3395 4894 3449 4938 et
3472 4884 3520 4936 in
3543 4878 3641 4934 aliis

2100 4975 2351 5031 omnibus
2373 4977 2534 5031 rebus
2561 4989 2661 5030 usu
2687 4975 2871 5030 venire
2896 4977 3197 5045 comperias
3218 5017 3232 5040 ,
3278 4986 3335 5029 ut
3366 4976 3453 5045 qui
3480 4973 3639 5028 divites

2101 5078 2246 5133 sunt,
2279 5068 2597 5138 sumptibus,
2619 5068 2762 5123 curis
2786 5075 2841 5123 et
2866 5067 3137 5123 laboribus
3161 5066 3540 5131 conﬁciantur;
3567 5063 3637 5132 qui

2101 5173 2278 5217 autem
2304 5161 2495 5231 opibus
2516 5171 2720 5225 carent,
2751 5162 2934 5231 paucis
2952 5160 3124 5216 obolis
3150 5159 3253 5216 hnc
3273 5168 3606 5230 assequuntur
3624 5196 3637 5219 ,

2103 5261 2161 5307 ut
2190 5251 2274 5307 his
2297 5253 2543 5307 omnibus
2567 5267 2687 5307 cum
2725 5265 2933 5306 summa
2972 5253 3255 5307 securitate
3282 5252 3533 5305 fruantur.
3554 5246 3639 5301 Nec

2103 5358 2231 5397 vero
2262 5343 2376 5413 plus
2414 5342 2621 5398 fructus
2648 5354 2843 5397 eterra
2893 5341 2961 5396 ad
3012 5341 3228 5397 divitem
3258 5343 3396 5397 redit
3443 5360 3458 5396 :
3500 5351 3639 5406 neque

2103 5436 2244 5491 enim
2277 5435 2366 5490 ille
2407 5436 2592 5491 decem
2624 5446 2838 5490 ventres
2866 5435 3071 5505 implet,
3103 5451 3222 5489 cum
3254 5447 3305 5489 tu
3328 5450 3486 5487 unum
3515 5432 3637 5483 dum-

2103 5536 2268 5583 taxat.
2319 5529 2388 5582 At
2440 5527 2877 5597 exquisitioribus
2924 5527 3057 5581 cibis
3103 5526 3190 5581 ille
3238 5523 3637 5579 vcscitur?Sane

2103 5620 2317 5692 quidem
2346 5620 2484 5676 istud
2512 5620 2648 5674 haud
2681 5634 2868 5689 magna
2899 5620 3201 5688 praestantia
3229 5629 3307 5673 est
3338 5636 3352 5670 :
3385 5626 3547 5669 tamen
3571 5609 3635 5660 hic

2106 5733 2317 5790 quoque
2356 5728 2642 5790 pauperem
2693 5712 2811 5784 plus
2849 5711 3046 5768 habere
3074 5710 3480 5784 comperiemus.
3529 5704 3634 5759 Nam
