3780 6322
178 265 280 322 437

174 380 535 453 διακεώμεθα·
578 382 682 435 κᾶν
726 383 916 454 πένησι
949 386 1300 457 παρέχωμεν,
1329 390 1627 459 λαμϐάνειν
1658 406 1739 444 νο-

176 474 442 544 μίζωμενο
482 476 509 526 6
537 474 645 544 γάρ
673 475 746 545 μὴ
771 474 911 527 οὕτω
945 475 1140 540 διδοὺς,
1175 479 1294 532 οὐδὲ
1325 479 1483 533 δώσει
1517 482 1735 554 ῥᾳδίως.

173 563 338 617 Ὀταν
364 564 538 617 τοίνυν
576 564 737 635 θέλῃς
762 567 1072 637 σκορπίσαι,
1103 569 1176 639 μὴ
1202 569 1360 623 τοῦτο
1398 572 1510 643 ἴδῃς
1556 574 1735 643 μόνον,

168 655 246 707 δτι
278 656 608 717 ἀναλίσκεις,
640 656 757 708 ἀλλ’
786 658 866 709 ὃτι
896 658 987 710 καὶ
1028 659 1247 713 πλείονα
1290 663 1609 732 κερδαίνεις,
1642 666 1737 719 καὶ

166 745 318 797 τοῦτο
355 745 461 816 πρὸ
488 746 718 799 ἐκείνου.
756 748 865 800 Καὶ
897 749 972 819 μὴ
1022 749 1181 818 μόνον
1224 753 1315 803 ὲπί
1342 753 1731 826 ὲλεημοσύνης,

164 835 295 889 ἀλλὰ
323 837 421 889 καὶ
446 838 536 889 ἐπὶ
568 837 750 905 πάσης
780 838 979 907 ἀρετῆς
1005 839 1077 908 μὴ
1104 840 1164 892 τὸ
1192 840 1357 911 δριμὺ
1386 843 1494 895 τῶν
1533 846 1730 913 πόνων,

131 926 295 978 ’ἀλλά
327 928 423 979 καὶ
458 928 519 980 τὸ
556 928 728 995 γλυκὺ
766 930 876 981 τῶν
916 929 1167 983 ἐπάθλων
1219 931 1452 1001 λογίζου’
1496 936 1593 987 καὶ
1625 936 1731 1007 πρὸ

162 1016 377 1069 πάντων
403 1017 501 1086 τὴν
528 1016 786 1071 ὑπόθεσιν
825 1017 935 1070 τῶν
976 1019 1369 1090 παλαισμάτων
1400 1022 1492 1077 τὸν
1526 1023 1730 1096 Κύριον

162 1108 314 1179 ἡμῶν
354 1106 583 1179 Ἰησοῦν·
608 1110 703 1163 καὶ
732 1109 926 1179 ῥαδίως
952 1111 1187 1183 ἐπιϐήσῃ
1216 1113 1326 1167 τῶν
1358 1114 1604 1184 ἀγώνων,
1634 1118 1729 1169 καὶ

160 1200 214 1251 ὲν
238 1197 399 1269 ἠδονῇ
431 1198 520 1251 τὸν
555 1198 771 1253 ἅπαντα
807 1200 977 1274 βιώσῃ
1010 1203 1217 1274 χρόνον.
1251 1206 1416 1259 Οὐδὲν
1445 1206 1551 1279 γὰρ
1584 1207 1728 1262 οὕτω

159 1292 325 1342 ποιεῖν
348 1289 540 1360 ἡδονὴν
569 1290 779 1353 είωθεν,
821 1290 897 1354 ὡς
921 1293 1155 1356 συνειδὸς
1181 1295 1403 1363 ἀγαθόν.
1446 1298 1544 1351 Διά
1564 1299 1726 1355 τοῦτο

157 1379 361 1444 Παῦλος
408 1382 506 1451 μὲν
548 1382 671 1435 καθ’
703 1383 942 1454 ἑκάστην
977 1386 1310 1456 κοπτόμενος
1350 1389 1451 1459 τὴν
1486 1390 1720 1461 ἡμέραν,

155 1471 334 1540 ἔχαιρε
379 1471 476 1524 καὶ
502 1472 783 1542 ἠγάλλετο*
811 1476 860 1527 οί
886 1475 942 1528 δὲ
972 1476 1086 1542 νῦν,
1110 1477 1230 1530 οὐδὲ
1262 1479 1395 1551 ὄναρ
1423 1481 1721 1551 ὑπομένον-

154 1561 239 1624 τές
258 1579 308 1615 τι
333 1562 561 1626 τούτων,
592 1562 816 1630 ἀλγοῦσι
849 1565 943 1617 καὶ
974 1564 1281 1637 θρηνοῦσιν,
1313 1568 1607 1641 οὐδαμόθεν
1629 1572 1721 1626 ἄλ-

154 1650 459 1716 λοθεν,άλλ’
504 1653 538 1722 ἢ
599 1655 663 1706 ὲκ
716 1654 809 1707 τοῦ
852 1655 927 1727 μὴ
977 1657 1264 1727 φιλόσοφον
1300 1660 1443 1730 ἔχειν
1470 1661 1715 1733 γνώμην.

162 1742 310 1795 Ἐπεὶ
331 1744 478 1806 τίνος
504 1744 712 1810 ἕνεκεν,
745 1747 866 1799 είπέ
892 1766 1003 1819 μοι,
1026 1750 1054 1803 6
1074 1747 1304 1821 θρῆνος;
1331 1752 1413 1805 ὅτι
1443 1754 1610 1823 πένης
1642 1752 1712 1820 εἴ,

151 1838 236 1887 καὶ
269 1836 379 1888 τῶν
421 1837 736 1904 ἀναγκαίων
778 1839 1038 1911 ἀπορεῖς;
1071 1841 1279 1895 Οὐκοῦν
1319 1843 1407 1897 διὰ
1451 1845 1607 1900 τοῦτό
1655 1866 1713 1902 σε

152 1925 339 1995 μᾶλλον
389 1925 608 1999 θρηνεῖν
639 1928 737 1992 δεῖ,
767 1930 865 1999 οὐχ
902 1930 983 1983 ὅτι
1022 1931 1250 1997 κλαίεις,
1280 1934 1379 2004 οὐχ
1421 1936 1501 1989 ὃτι
1545 1941 1713 2010 πένης

148 2010 211 2077 εἷ,
234 2015 346 2068 ἀλλ’
379 2018 462 2070 ὅτι
511 2020 863 2089 μικρόψυχος·
893 2023 990 2091 οὐχ
1022 2024 1102 2077 ὅτι
1130 2026 1387 2097 χρήματα
1415 2029 1514 2082 ούκ
1544 2028 1707 2101 ἔχεις,

147 2103 252 2156 ἀλλ’
286 2105 365 2157 δτι
393 2106 651 2159 τοσούτου
691 2110 757 2161 τὰ
788 2110 1048 2181 χρήματα
1076 2115 1260 2183 τιμᾷς.
1299 2115 1437 2168 Καθ’
1474 2118 1709 2189 ἑκάστην

146 2196 347 2266 ἡμέραν
371 2197 685 2269 ἀπέθνησκε
708 2200 936 2265 Παῦλος,
966 2203 1062 2255 καὶ
1086 2204 1185 2257 ούκ
1204 2205 1434 2272 ἔκλαιεν,
1461 2208 1595 2262 ἀλλὰ
1616 2214 1708 2264 καὶ

145 2287 337 2356 ἔχαιρε·
369 2287 515 2359 λιμῷ
541 2291 775 2360 ἐμάχετο
802 2292 1059 2364 διηνεκεῖ,
1102 2296 1193 2348 καὶ
1232 2296 1334 2350 οὐκ
1360 2298 1534 2368 ἤλγει,
1569 2301 1705 2355 ἀλλὰ

145 2377 231 2428 καὶ
258 2377 679 2441 ἐκαλλωπίζετο.

194 2473 251 2520 ε’.
275 2468 344 2520 Σὺ
362 2468 417 2520 δὲ
434 2470 519 2521 ὄτι
540 2469 614 2540 μὴ
630 2470 805 2524 πάντα
822 2472 966 2542 ἔχεις
981 2472 1050 2526 τὰ
1069 2474 1163 2528 τοῦ
1182 2478 1427 2532 ἐνιαυτοῦ
1451 2482 1697 2552 κείμενα,

141 2556 312 2624 ἀλγεῖς
338 2561 431 2611 καὶ
456 2560 677 2625 κόπτεις
701 2562 926 2628 ἑαυτόν;
967 2566 1092 2629 Ναὶ,
1123 2570 1287 2638 φησίν
1308 2584 1321 2600 ο
1354 2574 1561 2636 ἐκεῖνος
1592 2576 1701 2647 γὰρ

138 2648 199 2701 τὰ
225 2649 412 2703 ἑαυτοῦ
444 2652 606 2721 μόνον
635 2655 925 2725 ἐμερίμνα,
951 2657 1061 2724 ἐγὼ
1082 2660 1138 2712 δὲ
1163 2662 1256 2715 καὶ
1281 2662 1420 2734 ὑπὲρ
1447 2668 1694 2733 οίκετῶν,

138 2740 223 2792 καὶ
253 2742 454 2795 παίδων
476 2745 570 2796 καὶ
596 2748 870 2813 γυναικός.
919 2750 1153 2814 Ἐκεῖνος
1186 2753 1283 2821 μὲν
1308 2752 1400 2808 οὖν
1423 2755 1572 2830 [527]
1598 2760 1698 2829 μό-

138 2847 217 2895 νος
241 2832 307 2885 τά
334 2836 527 2888 ἑαυτοῦ
554 2839 654 2890 οὐκ
683 2840 975 2910 ὲμερίμνα,
998 2844 1132 2898 ἀλλά
1152 2846 1219 2899 τὰ
1248 2849 1346 2917 τῆς
1370 2853 1695 2925 οἰκουμένης

140 2924 357 2995 ἀπάσης
399 2927 497 2979 καὶ
551 2931 615 2982 σὺ
665 2931 763 2999 μὲν
808 2933 949 3005 ὑπὲρ
1000 2936 1179 3000 οἰκίας
1222 2944 1368 3010 μιᾶς,
1402 2946 1606 3009 ἐκεῖνος
1635 2924 1692 3000 δὲ

140 3014 265 3086 ὑπὲρ
289 3017 395 3070 τῶν
428 3019 486 3070 ὲν
520 3019 913 3092 Ἱεροσολύμοις
936 3030 1183 3098 πενήτων
1210 3032 1476 3088 τοσούτων
1503 3037 1689 3105 ὄντων,

138 3106 262 3178 ὑπὲρ
298 3111 403 3163 τῶν
436 3114 498 3164 ἐν
532 3114 858 3187 Μακεδονίᾳ,
898 3120 1035 3189 ὑπὲρ
1078 3122 1187 3175 τῶν
1232 3131 1505 3199 πανταχοῦ
1548 3149 1692 3186 πτω-

135 3199 401 3265 χευόντων,
429 3202 572 3272 ὑπὲρ
599 3203 707 3257 τῶν
735 3204 980 3261 διδόντων
1008 3210 1239 3277 ἐκείνοις
1270 3216 1368 3286 οὐχ
1416 3214 1602 3289 ἧττον,
1651 3223 1683 3293 ἢ

135 3288 228 3340 τῶν
253 3290 654 3360 λαμϐανόντων.
687 3298 793 3349 Kal
818 3299 924 3370 γάρ
945 3300 1105 3374 διπλῆ
1135 3299 1202 3375 ἦν
1228 3306 1376 3378 αὑτῴ
1407 3288 1449 3379 ήί
1467 3288 1688 3382 φροντὶς

136 3380 259 3452 ὑπὲρ
298 3385 395 3452 τῆς
426 3387 773 3457 οἰκουμένης.
806 3393 898 3443 καὶ
927 3393 1075 3457 ὅπως
1114 3397 1221 3450 τῶν
1261 3400 1572 3468 ἀναγκαίων
1609 3406 1684 3478 μὴ

133 3468 384 3541 ἀποροῖεν,
426 3474 524 3526 καὶ
561 3476 707 3539 ὅπως
734 3478 790 3529 ἐν
822 3482 931 3542 τοῖς
965 3491 1353 3553 πνευματικοῖς
1386 3491 1681 3547 πλουτοῖεν.

133 3560 229 3611 Καὶ
266 3564 358 3631 οὐχ
408 3564 553 3616 οῦτω
592 3583 649 3617 σε
685 3566 845 3621 λυπεῖ
878 3582 903 3610 α
945 3572 1011 3624 τὰ
1052 3575 1238 3628 παιδία
1287 3580 1575 3645 πεινῶντα,
1608 3585 1683 3649 ὡς

133 3651 316 3706 ἐκεῖνον
338 3656 405 3707 τά
432 3656 543 3709 τῶν
568 3659 771 3712 πιστῶν
800 3664 1101 3734 πράγματα
1129 3669 1327 3724 πάντα.
1364 3672 1429 3724 Τί
1456 3673 1597 3743 λέγω
1615 3680 1682 3732 τὰ

131 3740 225 3793 τῶν
254 3745 489 3809 πιστῶνς
523 3747 641 3800 οὐδὲ
669 3748 777 3820 γὰρ
818 3752 919 3821 τῆς
953 3755 1093 3828 ὑπὲρ
1121 3758 1227 3812 τῶν
1257 3761 1499 3818 ἀπίστων
1522 3784 1681 3835 φρον-

130 3831 252 3894 τίδος
279 3834 559 3907 ἐλεύθερος
588 3834 674 3909 ἦν,
707 3842 822 3893 ἀλλ’
854 3845 1027 3910 οὕτως
1062 3849 1166 3901 ὑπὸ
1189 3852 1395 3924 ταύτης
1430 3859 1675 3929 ἐτήκετο,

129 3921 192 3983 ὡς
208 3923 451 3994 εὔχεσθαι
474 3930 567 3981 καὶ
592 3931 839 4002 ἀνάθεμα
859 3936 1100 4002 γίνεσθαι
1126 3942 1265 4013 ὑπὲρ
1289 3947 1487 4001 αὐτῶν·
1512 3952 1575 4004 σὺ
1596 3953 1673 4020 δὲ,

131 4014 219 4067 κᾶν
251 4019 508 4089 μυριάκις
546 4023 887 4099 ἐπικρατήσῃ
930 4029 1107 4100 λιμὸς,
1131 4036 1231 4089 ούκ
1267 4038 1334 4091 ἂν
1365 4040 1504 4095 ἓλοιό
1544 4014 1673 4099 ποτε

128 4106 395 4165 ἀποθανεῖν
429 4113 573 4183 ὑπὲρ
607 4118 847 4173 ὁτουοῦν.
885 4122 992 4176 Καὶ
1021 4126 1085 4177 σὺ
1119 4127 1219 4196 μὲν
1244 4131 1387 4203 ὑπὲρ
1416 4140 1674 4203 γυναικὸς

132 4201 241 4263 μιᾶς
269 4208 553 4275 μεριμνᾷς,
580 4208 781 4273 ἐκεῖνος
805 4212 861 4264 δὲ
889 4214 1029 4287 ὑπὲρ
1063 4220 1251 4273 πασῶν
1278 4224 1386 4276 τῶν
1411 4230 1553 4282 κατά
1571 4234 1671 4302 τὴν

128 4291 424 4363 οἰκουμένην
452 4297 812 4369 Ἑκκλησιῶνο
850 4304 911 4359 Ἠ
930 4307 1038 4377 γὰρ
1063 4310 1318 4380 μέριμνά
1340 4335 1480 4385 μου,
1514 4291 1664 4392 φησί,

128 4384 315 4438 πασῶν
343 4388 463 4441 τῶν
503 4391 896 4459 Ἐκκλησιῶν.
936 4399 1115 4469 Μέχρι
1139 4403 1284 4468 τίνος
1314 4404 1407 4461 οὖν
1430 4384 1662 4480 παίζέις,

128 4472 369 4543 ἄνθρωπε,
396 4481 593 4551 Παύλῳ
624 4487 819 4539 σαυτὸν
850 4490 1232 4561 παραϐάλλων,
1270 4500 1363 4552 κα)⁸
1390 4502 1452 4554 ού
1480 4472 1664 4577 παύση

125 4562 205 4628 τῆς
228 4569 419 4639 πολλῆς
441 4573 645 4644 ταύτης
673 4578 1037 4650 μικροψυχίας
1060 4599 1073 4647 ;
1109 4586 1376 4658 Δακρύειν
1410 4593 1537 4666 γὰρ,
1565 4562 1662 4669 οὐχ

125 4653 232 4708 ὅταν
271 4663 323 4712 ὲν
374 4666 531 4735 πενίᾳ
577 4661 746 4735 ὦμεν,
793 4672 908 4726 ἀλλ’
937 4675 1063 4729 ὅταν
1106 4678 1525 4754 ἀμαρτάνωμεν,
1559 4690 1657 4743 δεῖ·

124 4746 256 4800 τοῦτο
286 4753 385 4824 γάρ
410 4756 622 4825 θρήνων
646 4760 813 4826 ἄξιον·
842 4764 917 4827 ὡς
944 4767 1013 4818 τά
1040 4784 1102 4835 γε
1130 4746 1262 4823 ἄλλα
1286 4778 1377 4827 καὶ
1400 4746 1653 4844 γέλωτος.

135 4834 250 4891 Ἀλλι
276 4846 333 4895 οὐ
369 4846 526 4899 τοῦτό
554 4866 621 4917 με
648 4850 823 4919 λυπεῖ’⁹
854 4859 1005 4925 φησὶ,
1045 4860 1227 4929 μόνον,
1260 4865 1375 4917 ἀλλ’
1396 4869 1474 4923 ὄτι
1507 4876 1601 4925 καὶ
1626 4876 1655 4927 6

123 4924 245 4982 δεῖνα
268 4935 319 4985 ὲν
340 4936 642 5012 δυναστείᾳ.
665 4944 779 5011 ἐγὼ
807 4946 862 4998 δὲ
889 4924 1081 5017 ἄτιμος
1103 4954 1195 5005 καὶ
1215 4924 1649 5032 νάπερῤιμμένοςῐ

123 5018 215 5072 Καὶ
260 5028 308 5078 τί
342 5031 528 5098 τοῦτο;
563 5037 656 5088 καὶ
701 5038 808 5109 γὰρ
851 5042 879 5093 ό
917 5044 1184 5115 μακάριος
1222 5018 1653 5127 Παῦλοέᾶτιμέε

122 5116 200 5163 καὶ
238 5118 634 5193 ἀπερριμμένος
690 5122 828 5180 εἶναι
872 5131 1046 5185 ὲδόκει
1086 5138 1198 5200 τοῖς
1231 5116 1465 5207 πολλοῖς.
1511 5116 1650 5201 ’Ᾰλλζ

121 5200 299 5270 ἐκεῖνος
336 5212 541 5277 Παῦλος
580 5210 669 5285 ἦν,
712 5218 893 5286 φησίν.
929 5221 1136 5276 υύκοῦν
1175 5226 1271 5298 ούχ
1301 5231 1332 5299 ἡ
1363 5200 1470 5285 τῶν
1508 5253 1650 5306 πραο

122 5296 316 5359 γμάτων
342 5303 521 5370 φύσις,
564 5306 680 5360 ἀλλ’
723 5310 756 5379 ή
809 5310 908 5378 τῆς
949 5311 1172 5385 γνώμης
1214 5296 1462 5377 ἀσθένεια
1506 5296 1649 5383 ποιεῖ

122 5396 189 5435 σοι
213 5390 301 5457 τὴν
327 5392 579 5463 ἀθυμίαν.
614 5398 704 5469 Μὴ
732 5401 910 5455 τοίνυν
938 5403 1037 5472 τὴν
1065 5408 1254 5463 πενίαν
1276 5411 1479 5483 θρήνει,
1511 5419 1647 5476 ἀλλά

122 5477 285 5530 σαυτὸν
315 5483 403 5536 τὸν
435 5486 577 5541 οὕτω
613 5490 982 5563 διακείμενον·
1028 5497 1229 5566 μᾶλλον
1253 5477 1410 5578 δὲ-
1450 5477 1643 5567 σαυτὸν

172 5644 191 5673 ⁸
224 5649 460 5713 agebatur
482 5661 631 5719 οὕτως
656 5665 831 5718 ἐλύπει.

1210 266 1275 323 ΙΝ
1315 267 1534 325 EPIST.
1578 269 1620 323 ll
1653 270 1747 325 AD
1778 269 1938 330 COR.
1979 275 2215 337 HOMIL.
2256 282 2372 340 ΧΙΙ.

3315 307 3414 363 688

1844 393 2055 467 θρήνει,
2096 399 2231 455 ἀλλά
2272 404 2507 474 διόρθου,
2560 408 2693 479 μηδὲ
2730 414 2987 485 χρήματα
3015 417 3187 488 ζήτει.
3227 422 3343 476 ἀλλ’
3383 425 3414 479 6

1842 489 2051 559 μυρίων
2076 494 2374 565 χρημάτων
2424 499 2809 573 φαιδροτέρους
2839 512 3004 575 ποιεῖ,
3036 512 3192 567 τοῦτο
3221 515 3409 583 δίωκε,

1838 578 2156 650 φιλοσοφίαν
2180 585 2276 637 καὶ
2302 587 2521 659 ἀρετήν.
2547 589 2760 663 Ταύτης
2789 596 2889 665 μὲν
2915 598 3022 669 γάρ
3043 601 3227 675 οὗσης,
3257 578 3408 662 οὐδὲν

1836 672 2027 736 πενίας
2060 674 2275 745 βλάϐος·
2326 680 2530 752 ταύτης
2559 683 2616 736 δὲ
2665 687 2765 740 ούκ
2792 688 2978 761 οὔσης,
3006 672 3406 769 ούδὲννχρημά-

1834 777 1942 814 των
1968 763 2179 833 ὄφελος.
2208 768 2273 820 Τί
2304 769 2411 841 γάρ
2443 772 2652 840 ὄφελος,
2677 778 2797 830 είπέ
2831 797 2942 849 μοι,
2977 784 3084 836 τῶν
3111 763 3407 842 πλούτούνξ

1832 867 1941 904 των
1979 855 2099 924 μὲν,
2135 861 2394 931 πενιχρὰς
2432 862 2486 915 δὲ
2520 864 2751 934 ἑχόντων
2775 868 2987 939 ψυχάς;
3027 875 3137 945 Ούχ
3164 876 3308 933 οὕτω
3338 881 3401 935 σὺ

1834 944 2029 997 σαυτὸν
2056 948 2381 1018 ταλανίζεις,
2412 953 2485 1016 ὡς
2515 958 2719 1021 ἐκεῖνος
2754 962 2782 1013 6
2814 962 3062 1030 πλούσιος
3090 969 3299 1035 ἑαυτὸν,
3322 972 3404 1029 ὅτι

1833 1031 2006 1103 μὴτά
2036 1038 2251 1093 πάντων
2290 1042 2422 1111 ἔχει.
2467 1044 2529 1098 Εί
2573 1047 2629 1099 δὲ
2675 1049 2749 1121 μὴ
2788 1052 2985 1120 κλαίει,
3018 1031 3397 1133 καθάπερϋσὺ,

1828 1123 2135 1192 ἀνάπτυξον
2168 1130 2333 1184 αὑτοῦ
2358 1133 2419 1186 τὸ
2454 1138 2710 1204 συνειδὸς,
2744 1144 2837 1196 καὶ
2864 1144 2983 1215 ὄψει
3014 1150 3139 1214 τοὺς
3169 1123 3401 1226 θρηνους

1827 1215 1922 1268 καὶ
1954 1218 2080 1282 τοὺς
2116 1224 2415 1287 κωκυτούς.

1895 1306 2081 1370 Θέλεις
2113 1326 2195 1363 σοι
2233 1312 2391 1377 δείξω
2433 1315 2524 1369 τὸν
2562 1319 2791 1376 πλοῦτον
2830 1325 2921 1381 τὸν
2955 1329 3069 1397 σόν,
3096 1334 3181 1388 ἵνα
3211 1338 3394 1411 παύσῃ

1827 1399 2145 1468 μακαρίζων
2197 1404 2323 1467 τοὺς
2367 1408 2425 1459 έν
2469 1413 2714 1479 χρήμασι
2765 1416 3168 1490 πλουτοῦντας;
3232 1399 3396 1501 “Pi;

1822 1490 2028 1541 τουτονὶ
2053 1490 2144 1543 τὸν
2175 1493 2420 1562 οὐρανὸν,
2456 1499 2573 1563 πῶς
2604 1502 2702 1572 μὲν
2728 1504 2911 1574 καλὸς,
2948 1512 3066 1576 πῶς
3103 1515 3161 1568 δὲ
3196 1490 3390 1588 μέγας,

1821 1577 1939 1641 πῶς
1969 1579 2026 1632 δὲ
2053 1583 2137 1650 ἐφ’
2158 1584 2362 1656 ὑψηλοῦ
2387 1592 2560 1644 κεῖται
2588 1611 2602 1658 ;
2646 1595 2849 1651 Τούτου
2889 1602 2983 1655 τοῦ
3008 1577 3239 1674 κάλλούς

1819 1670 1980 1724 πλέον
2028 1675 2127 1743 μὲν
2172 1678 2435 1734 ἀπολαύει
2479 1685 2706 1751 ἐκεῖνος,
2755 1690 2863 1743 οὐδ’
2912 1694 2979 1748 ἂν
3033 1670 3283 1774 δυνηθείη
3329 1670 3389 1757 ξε

1817 1760 2198 1832 παρώσασθαι,
2228 1770 2323 1822 καὶ
2353 1773 2519 1827 αὐτοῦ
2552 1778 2774 1849 ποιῆσαι
2800 1783 2859 1836 τὸ
2884 1788 3011 1841 πᾶν
3058 1790 3247 1865 ὥσπερ
3278 1796 3387 1867 γὰρ

1814 1851 1882 1905 δι’
1907 1854 2113 1911 ἐκεῖνον
2160 1861 2404 1929 γέγονεν,
2446 1866 2589 1921 οὕτω
2618 1873 2713 1926 καὶ
2740 1875 2828 1929 διὰ
2857 1878 2937 1934 σέ.
2977 1882 3042 1935 Τί
3073 1885 3131 1938 δὲ
3157 1891 3185 1942 6
3208 1851 3381 1958 61160;:

1812 1944 1874 1998 τὸ
1896 1949 2117 2021 φαιδρὸν
2144 1952 2303 2007 τοῦτο
2326 1956 2525 2030 ἄστρον
2552 1967 2640 2017 καὶ
2671 1969 2959 2040 τηλαυγὲς,
2988 1977 3082 2030 καὶ
3106 1978 3203 2043 τὰς

1809 2038 1970 2108 ἡμῶν
1995 2043 2306 2114 εὐφραῖνον,
2336 2050 2456 2121 οὐχὶ⁵
2501 2058 2677 2123 κοινὸς
2715 2038 2887 2116 ἅπασι
2933 2068 3024 2120 καὶ
3062 2038 3214 2134 οὗτος

1810 2146 2007 2198 κειται,
2043 2137 2137 2189 καὶ
2168 2138 2369 2205 πάντες
2393 2144 2756 2206 ἀπολαύουσιν
2798 2156 2857 2222 ἐξ
2894 2158 3014 2227 ἴσης
3051 2163 3238 2227 αὑτοῦ,
3284 2168 3378 2220 καὶ

1807 2222 2051 2278 πλούσιοι
2092 2230 2186 2282 καὶ
2213 2231 2476 2304 πένητες;
2507 2239 2622 2294 ἀλλ’
2654 2245 2682 2296 6
2710 2245 2818 2298 τῶν
2846 2248 3060 2320 ἄστρων
3092 2257 3374 2324 στέφανος,

1806 2315 1897 2367 καὶ
1918 2314 1946 2365 ὁ
1968 2317 2069 2388 τῆς
2088 2320 2315 2395 σελήνης
2337 2326 2554 2395 κύκλος,
2586 2333 2683 2404 οὐχ
2711 2336 2913 2405 ὁμοίως
2940 2346 3104 2396 πᾶσιν
3126 2348 3333 2402 ἀνεῖται
3358 2368 3372 2413 ;

1803 2405 2018 2461 Μᾶλλον
2053 2409 2128 2473 δὲ,
2160 2413 2207 2465 εί
2240 2413 2323 2467 δεῖ
2355 2434 2408 2471 τι
2436 2419 2747 2491 θαυμαστὸν
2778 2428 2971 2495 είπεῖν,
3012 2434 3172 2488 πλέον
3212 2405 3376 2509 ἡμεῖς

1801 2497 1847 2548 οί
1881 2498 2110 2569 πένητες
2158 2504 2519 2578 ἀπολαύομεν,
2555 2514 2585 2585 ἢ
2619 2516 2835 2575 ἐκεῖνοι.
2881 2523 3104 2580 Ἐκεῖνοι
3138 2529 3237 2598 μὲν
3265 2533 3375 2605 γὰρ

1800 2588 1866 2641 τά
1891 2590 2060 2646 πολλὰ
2085 2594 2233 2669 [528]
2263 2599 2398 2672 μέθῃ
2423 2601 2827 2676 βαπτιζόμενοι,
2858 2614 2950 2666 καὶ
2981 2617 3037 2668 ὲν
3060 2588 3375 2688 κὼιμοιςοόιἱ

1799 2683 2023 2751 ἀγοντες
2074 2690 2167 2741 καὶ
2206 2690 2361 2762 ὕπνῳ
2400 2694 2573 2759 βαθεῖ,
2620 2701 2741 2753 οὐδὲ
2785 2683 3201 2764 ὲπαισθάνονται
3247 2714 3372 2767 τούς

1795 2792 1924 2838 των,
1951 2777 2250 2849 ὑπωρόφιοι
2276 2783 2426 2849 ὄντες
2453 2788 2543 2840 καί⁵
2571 2796 3088 2865 σκιατραφούμενοι·
3114 2804 3163 2855 οί
3193 2804 3249 2856 δὲ
3272 2807 3371 2858 πέ-

1794 2881 1952 2935 νητες
1976 2868 2210 2937 μάλιστα
2243 2875 2459 2928 πάντων
2488 2879 2626 2930 είσὶν
2662 2883 2711 2932 οἱ
2737 2886 2846 2945 τοῖς
2872 2889 3153 2957 στοιχείοις
3180 2894 3369 2964 ἐντρυ-

1796 2955 2007 3025 φῶντες
2044 2959 2274 3026 τούτοις.
2308 2963 2426 3018 Κάν
2448 2967 2539 3020 τὸν
2575 2969 2713 3041 ἀέρα
2739 2971 2795 3025 δὲ
2824 2955 3084 3049 ἐξετάσης
3111 2980 3202 3033 τὸν
3228 2955 3367 3037 παν-

1790 3048 1961 3119 ταχοῦ
2020 3053 2337 3123 κεχυμένον,
2402 3057 2495 3109 τὸν
2554 3060 2761 3131 πένητα
2830 3048 3215 3141 καθαρωτέρου
3270 3077 3369 3131 καὶ

1790 3140 2034 3206 πλείονος
2073 3145 2417 3201 ἀπολαύοντα
2454 3149 2595 3221 ὄψει.
2654 3155 2762 3211 Καὶ
2804 3157 2911 3229 γὰρ
2950 3140 3218 3234 ὁδοιπόροι
3269 3170 3367 3223 καὶ

1788 3233 2027 3303 γεωργοὶ
2050 3234 2158 3287 τῶν
2188 3238 2247 3289 ὲν
2277 3235 2429 3291 ἄστει
2461 3240 2658 3309 μᾶλλον
2679 3244 2981 3316 ἐντρυφῶσι
3012 3252 3240 3318 τούτοις.
3267 3257 3364 3311 καὶ

1786 3325 1965 3379 αὐτῶν
1995 3327 2157 3382 πάλιν
2190 3329 2301 3384 τῶν
2330 3332 2388 3384 ἐν
2427 3332 2579 3387 ἄστει
2606 3336 2809 3390 τούτων
2842 3340 2999 3395 πλέον
3029 3344 3079 3398 οί
3117 3351 3361 3419 χειροτέ-

1786 3434 1908 3486 χναι
1936 3417 2045 3473 τῶν
2065 3419 2131 3472 δι’
2159 3419 2287 3490 ὅλης
2318 3422 2626 3493 μεθυόντων
2652 3429 2752 3499 τῆς
2770 3431 3001 3502 ἡμέρας.
3025 3436 3089 3487 Τί
3116 3438 3173 3490 δὲ
3263 3441 3359 3512 γῆ,

1784 3505 1903 3576 οὐχὶ
1929 3508 2081 3579 κοινὴ
2108 3511 2271 3565 πᾶσιν
2299 3513 2537 3579 ἀνεῖται;
2569 3518 2723 3588 Οὐχὶ,
2753 3521 2907 3589 φησί.
2940 3523 3063 3587 Πῶς
3086 3505 3243 3582 τοῦτο

1782 3613 1936 3665 γεις;
1974 3599 2093 3651 είπέ
2129 3618 2240 3671 μοι.
2278 3602 2454 3658 Ὀτιὸ
2492 3606 2735 3662 πλουτῶν
2758 3612 2851 3665 καὶ
2885 3615 2942 3667 ὲν
2970 3616 3123 3670 ἄστει
3148 3619 3356 3693 πλέθρα

1780 3688 2071 3742 ἀπολαϐὼν
2124 3691 2369 3758 πλείονα,
2412 3699 2658 3767 μακροὺς
2708 3701 2959 3774 ἀνίστησι
3012 3688 3352 3779 περιϐόλους,

1779 3782 1872 3833 καὶ
1933 3783 1991 3835 ἐν
2047 3784 2237 3855 ἀγροῖς
2285 3785 2456 3839 πολλὰ
2507 3789 2874 3861 ἀποτέμνεται
2930 3796 3090 3869 μέρη.
3139 3799 3203 3853 Τί
3234 3799 3348 3865 οὖν.

1778 3870 1964 3943 ἐπειδὴ
2010 3874 2370 3944 ἀποτέμνεται
2414 3878 2597 3943 αὐτὸς,
2638 3882 2817 3937 αὐτῶν
2858 3886 3117 3943 ἀπολαύει
3155 3893 3348 3963 μόνος;

1778 3963 2059 4032 Οὐδαμῶς,
2085 3967 2190 4020 κᾶν
2216 3970 2387 4040 μυρία
2413 3971 2782 4048 φιλονεικήσῃ·
2814 3978 2909 4031 καὶ
2937 3980 3044 4052 γάρ
3074 3986 3199 4048 τοὺς
3220 4005 3350 4058 καρ-

1774 4056 1911 4119 ποὺς
1943 4058 2024 4121 εἰς
2063 4058 2305 4125 ἅπαντας
2346 4065 2713 4132 ἀναγκάζεται
2751 4069 3047 4142 διανέμειν,
3078 4077 3170 4130 καὶ
3202 4082 3346 4133 σῖτον

1773 4149 1866 4200 καὶ
1892 4143 2034 4202 οίνον
2066 4150 2160 4202 καὶ
2183 4150 2361 4207 ἔλαιον
2389 4154 2471 4207 σοὶ
2494 4161 2746 4228 γεωργεῖ,
2781 4162 2872 4213 καὶ
2901 4163 3225 4223 διακονεῖται
3262 4173 3345 4225 σοὶ

1773 4241 2065 4310 πανταχοῦ.
2097 4243 2206 4296 Καὶ
2232 4244 2341 4297 τῶν
2371 4248 2669 4317 περιϐόλων
2702 4251 2811 4304 τῶν
2846 4256 3073 4325 μακρῶν
3117 4262 3342 4314 καὶτῶν

1768 4331 2106 4400 οἰκημάτων,
2151 4335 2289 4402 μετά
2313 4336 2410 4406 τὴν
2441 4338 2645 4407 ἄφατον
2671 4341 2916 4413 δαπάνην
2956 4348 3048 4399 καὶ
3085 4351 3212 4413 τοὺς
3241 4354 3340 4404 πόη

1769 4436 1891 4482 νους
1930 4421 2021 4473 καὶ
2069 4422 2167 4485 τὰς
2213 4424 2609 4496 ταλαιπωρίας,
2655 4431 2738 4481 σοὶ
2780 4435 3187 4501 παρασκευάζει
3237 4438 3336 4508 τὴν

1767 4511 1977 4581 χρῆσιν,
2011 4513 2191 4581 ὀλίγον
2217 4517 2368 4587 παρὰ
2403 4517 2498 4570 σοῦ
2528 4521 2625 4588 τῆς
2644 4520 2913 4593 τοσαύτης
2940 4524 3213 4589 διακονίας
3235 4530 3335 4600 άρ-

1763 4601 1952 4672 γύριον
1996 4604 2196 4661 λαϐὡν.
2244 4608 2353 4659 Καὶ
2398 4609 2454 4661 ἐν
2486 4608 2787 4679 βαλανείοις
2832 4615 2927 4667 καὶ
2955 4617 3230 4687 πανταχοῦ
3272 4620 3334 4673 τὸ

1763 4696 1893 4749 αὐτὸ
1916 4698 2211 4767 συμϐαῖνον
2236 4700 2334 4754 ἴδοι
2358 4720 2441 4765 τις
2462 4702 2545 4756 ἄν·
2572 4706 2698 4768 τοὺς
2730 4705 2828 4776 μὲν
2851 4707 3212 4774 πλουτοῦντας
3237 4714 3330 4767 καὶ

1760 4787 2005 4856 χρημάσι
2059 4791 2152 4843 καὶ
2205 4792 2451 4861 φροντίσι
2495 4795 2589 4847 καὶ
2639 4795 2823 4859 πόνοις
2885 4798 3325 4869 δαπανωμένους,

1756 4878 1883 4941 τοὺς
1910 4878 1966 4932 δὲ
1991 4879 2230 4951 πένητας
2269 4883 2466 4952 ὀλίγων
2499 4885 2701 4939 ὀϐολῶν
2727 4887 2865 4958 μετά
2896 4889 3081 4953 ἀδείας
3110 4891 3325 4951 ἅπαντα

1756 4972 2169 5041 καρπουμένους
2206 4975 2398 5030 ταῦτα.
2426 4977 2535 5031 Καὶ
2567 4977 2727 5031 πλέον
2753 4979 2905 5033 οὐδὲν
2929 4981 3191 5036 ἀπολαύει
3229 5001 3323 5038 σου

1753 5063 1851 5133 τῆς
1875 5064 1996 5134 γῆς’
2030 5067 2091 5119 οὐ
2121 5067 2229 5141 γὰρ
2256 5068 2318 5138 δὴ
2343 5070 2550 5134 ἐκεῖνος
2575 5071 2674 5141 μὲν
2692 5071 2824 5127 δέκα
2855 5076 3151 5146 γαστέρας,
3178 5078 3243 5132 σὺ
3266 5078 3323 5132 δὲ

1756 5154 1882 5223 μίαν
1912 5155 2159 5227 πληροῖς.
2202 5159 2361 5213 ’Δλλά
2406 5161 2871 5234 πολυτελεστέρων
2901 5166 3064 5231 αὐτὸς
3104 5169 3321 5241 μετέχει

1752 5247 1964 5312 σιτίων;
1987 5249 2236 5304 Μάλιστα
2264 5251 2364 5321 μὲν
2392 5253 2451 5305 ού
2480 5253 2648 5327 πολλὴ
2667 5254 2824 5309 τοῦτο
2850 5257 3149 5323 πλεονεξία’
3181 5261 3321 5333 πλὴν

1748 5338 2023 5394 κάνταῦθά
2051 5357 2109 5394 σε
2143 5341 2235 5395 τὸν
2269 5342 2429 5397 πλέον
2458 5344 2647 5415 ἔχοντα
2683 5347 3006 5419 εὑρήσομεν.
3051 5350 3115 5403 Ἦ
3158 5351 3266 5424 γὰρ
3289 5354 3317 5394 δ

1747 5431 2065 5487 πολυτέλεια
2103 5434 2244 5506 αὕτη
2281 5436 2368 5492 διὰ
2410 5440 2570 5493 τοῦτό
2607 5458 2688 5494 σοι
2735 5439 2950 5512 ζηλωτὴ
2978 5438 3115 5497 εἶναι
3145 5444 3314 5508 δοκεῖ,

1745 5525 1932 5595 ἐπειδὴ
1964 5526 2182 5582 πλείονα
2216 5529 2329 5600 ἔχει
2359 5531 2458 5603 τὴν
2486 5533 2700 5605 ἡδονήν
2743 5536 2859 5591 ἀλλ’
2890 5537 3026 5607 αὓτη
3058 5537 3209 5607 παρά
3235 5539 3317 5608 τῷ

1806 5698 1834 5738 Ι»
1871 5699 2148 5762 Legebatur
2174 5706 2213 5754 εί
2240 5708 2347 5773 γάρ,
2370 5714 2418 5760 ει
2455 5708 2584 5774 infra
2606 5713 2883 5770 πλεονεκτῆ,
2905 5723 2996 5775 pro
3020 5710 3289 5759 πλεονεκτιῖ
