3780 6328
185 407 298 462 ιω

184 521 409 593 profusa
444 522 532 576 illa
556 529 610 576 et
632 522 896 591 exquisita
942 521 1062 577 vitae
1092 520 1230 576 ratio
1257 521 1377 576 ideo
1409 521 1502 576 tibi
1534 521 1687 577 beata
1725 528 1782 577 et

184 613 489 682 clpetenda
518 629 638 669 esse
663 613 906 677 videtur,
938 614 1081 683 quod
1110 612 1317 682 majore
1350 613 1623 683 voluptate
1653 628 1776 683 per-

183 704 307 759 fusa
337 704 553 770 sit-,sed
595 705 823 774 amplior
858 706 1103 774 voluptas
1131 719 1297 774 penes
1340 719 1625 774 pauperem
1673 712 1776 769 est,

182 812 288 852 nec
315 797 490 851 solum
520 799 786 867 voluptas,
812 798 909 853 sed
945 799 1107 852 etiam
1142 799 1379 864 sanitas;
1405 807 1565 869 atque
1591 798 1644 853 in
1677 798 1779 854 hoc

178 891 303 944 solo
330 890 574 959 superior
615 900 699 944 est
741 890 912 955 dives,
941 890 1082 960 quod
1109 890 1428 946 imbecillius
1452 890 1555 945 sibi
1580 905 1776 959 corpus

175 981 406 1047 efficiat,
436 996 501 1035 ac
520 980 702 1050 plures
724 982 1033 1037 morborum
1056 981 1231 1037 fontes
1250 982 1483 1052 colligat.
1508 980 1774 1052 Quidquid

175 1074 330 1130 enim
362 1087 567 1145 pauper
589 1075 735 1138 edit,
770 1076 930 1130 modo
970 1076 1165 1131 rationi
1207 1086 1569 1132 consentaneo
1607 1076 1775 1131 admi-

174 1167 473 1230 nistratur;
510 1166 767 1236 quidquid
792 1175 969 1222 autem
997 1167 1147 1222 dives
1169 1209 1184 1234 ,
1215 1168 1338 1238 quia
1365 1168 1580 1223 modum
1610 1182 1770 1223 exce-

173 1258 275 1322 dit,
314 1258 369 1311 in
395 1259 792 1325 corruptionem
820 1258 1015 1313 desinit
1037 1267 1091 1313 et
1121 1260 1388 1315 morbum.

245 1351 301 1404 6.
337 1349 493 1416 Quod
520 1350 564 1404 si
594 1352 791 1421 placet,
832 1350 1083 1420 exemplo
1109 1350 1247 1405 istud
1281 1351 1453 1420 ipsum
1483 1350 1772 1420 perspicia-

173 1456 318 1495 mus.
348 1441 407 1496 Si
431 1454 593 1510 rogus
618 1440 994 1496 accendendus
1021 1441 1110 1504 sit,
1139 1449 1301 1512 atque
1327 1442 1417 1497 ille
1440 1441 1657 1512 quidem
1679 1458 1769 1498 se-

171 1534 313 1587 ricas
357 1544 535 1587 vestes
577 1543 633 1587 ct
676 1532 935 1601 permulta
981 1533 1128 1588 tenui
1174 1532 1266 1589 lilo
1312 1542 1560 1589 contexta
1602 1534 1767 1589 lintea

169 1625 399 1693 injiciat,
431 1635 591 1694 atque
616 1625 685 1678 ita
725 1640 849 1679 eum
885 1625 1167 1693 accendat,
1201 1625 1288 1681 hic
1318 1636 1504 1682 contra
1532 1643 1764 1698 quercea

164 1728 222 1774 et
263 1720 417 1788 picea
469 1720 629 1791 ligna.
661 1719 788 1790 quid
828 1720 1057 1789 amplius
1088 1720 1177 1776 ille
1228 1720 1387 1776 habet
1434 1736 1593 1791 quam
1638 1722 1764 1778 hic?

166 1809 310 1863 Nihil
338 1824 507 1874 sane;
539 1811 647 1863 imo
677 1808 902 1865 inferius
926 1810 1088 1866 etiam
1118 1810 1416 1881 quidpiam.
1445 1812 1581 1881 Quid
1612 1814 1763 1868 vero?

162 1902 323 1972 (nihil
355 1906 501 1958 enim
531 1904 777 1972 prohibet
816 1904 1104 1973 quominus
1132 1904 1274 1959 idem
1311 1907 1615 1974 exemplum
1655 1906 1762 1962 alio

162 1995 326 2049 modo
356 1996 711 2064 invertamus)
752 1997 795 2050 si
838 1997 975 2050 alter
1004 1997 1165 2066 ligna,
1200 1997 1337 2052 alter
1373 2013 1598 2068 corpora
1630 2013 1761 2053 exu-

160 2087 326 2142 renda
357 2088 413 2142 in
443 2102 629 2157 rogqu
657 2088 898 2155 injecerit
919 2128 933 2153 ,
964 2088 1067 2142 utri
1099 2087 1313 2143 tandem
1338 2102 1467 2157 rogo
1489 2089 1757 2145 lubentius

161 2177 399 2245 alitteris,
436 2178 630 2232 huicne
667 2178 759 2249 qui
790 2179 964 2249 lignis,
1005 2194 1074 2233 an
1102 2180 1151 2234 ci
1193 2181 1283 2249 qui
1314 2181 1630 2248 corporibus
1677 2181 1757 2235 in-

158 2271 468 2325 ﬂammatus
490 2270 602 2328 sit?
630 2270 824 2340 Liquet
853 2270 1094 2340 profecto
1122 2271 1263 2340 quod
1289 2272 1335 2325 ei
1367 2271 1454 2340 qui
1485 2273 1641 2343 lignis
1675 2272 1755 2328 in-

156 2376 351 2415 census
380 2360 453 2417 sit
482 2376 497 2413 :
532 2361 620 2415 ille
643 2363 785 2415 enim
808 2403 823 2426 ,
857 2371 913 2415 ut
940 2371 1143 2415 natura;
1186 2372 1607 2419 consentaneum
1647 2374 1750 2431 est,

154 2453 327 2516 ardet,
356 2468 425 2507 ac
439 2453 738 2522 jucundum
765 2455 1130 2524 spectaculum
1160 2455 1397 2524 prtcbct;
1433 2455 1519 2511 hic
1563 2466 1749 2513 contra

153 2544 421 2611 ejusmodi
448 2554 564 2609 est,
595 2544 687 2616 qui
721 2545 907 2600 nidore
943 2558 995 2600 et
1027 2547 1177 2601 sanie
1203 2561 1266 2602 ac
1295 2547 1441 2602 fumo
1469 2558 1525 2604 et
1546 2550 1747 2606 ossium

152 2645 341 2698 [more
360 2657 554 2696 omnes
568 2643 751 2711 procul
771 2642 966 2712 abigat.
989 2642 1321 2699 Cohorruisti
1344 2644 1411 2698 ad
1430 2645 1546 2700 haec
1563 2647 1744 2713 verba,

150 2743 305 2802 atque
330 2748 521 2802 rogum
552 2733 693 2788 hunc
720 2734 1061 2789 exsecraris?
1092 2733 1250 2791 Tales
1286 2736 1469 2806 utique
1495 2748 1623 2791 sunt
1658 2738 1744 2793 di-

151 2828 311 2880 vitum
346 2837 568 2882 ventres
596 2845 609 2881 :
639 2827 897 2896 majorem
943 2828 995 2881 in
1038 2828 1144 2882 illis
1166 2868 1183 2895 ,
1226 2845 1386 2899 quam
1418 2830 1471 2884 in
1502 2830 1591 2886 illo
1615 2846 1745 2903 rogo

151 2918 489 2987 putredinem
528 2920 647 2988 quis
688 2919 960 2987 reperiat;
1003 2930 1062 2973 ut
1097 2919 1311 2975 timidos
1338 2920 1532 2989 halitus
1558 2932 1613 2978 et
1638 2923 1741 2978 int-

151 3026 305 3080 puras
342 3010 700 3075 deﬂuxiones,
727 3010 870 3080 quod
924 3018 1035 3065 toto
1074 3026 1305 3081 corpore
1344 3023 1505 3083 atque
1550 3015 1601 3068 in
1634 3016 1738 3070 sin-

148 3102 275 3171 gulis
300 3102 546 3173 partibus
569 3103 757 3173 ingens
780 3104 851 3156 oh
877 3104 1214 3157 saturitatem
1239 3102 1474 3158 cruditas
1492 3103 1734 3161 exsistat.

148 3190 273 3245 Nam
298 3208 425 3247 cum
462 3194 723 3248 naturalis
749 3194 898 3247 calor
932 3192 1282 3249 conficiendis
1311 3194 1564 3250 omnibus
1604 3196 1739 3253 cibis

149 3282 281 3338 haud
311 3300 410 3353 par
436 3284 525 3351 sit,
550 3299 736 3339 verum
767 3285 813 3339 is
839 3286 1101 3341 obruatur
1123 3326 1140 3352 ,
1170 3295 1365 3356 urgent
1391 3286 1499 3353 illi,
1532 3286 1734 3343 fumum

149 3393 349 3432 rursum
381 3380 683 3433 excicintes
704 3418 720 3442 ,
752 3387 912 3449 atque
957 3380 1226 3449 ingentem
1264 3380 1563 3436 molestiam
1601 3380 1733 3437 alie—

148 3478 340 3524 rentes.
386 3468 613 3525 Cuinam
666 3469 828 3540 igitur
880 3470 958 3525 rei
996 3484 1187 3525 eorum
1229 3481 1445 3526 ventres
1488 3473 1734 3530 conferre

146 3562 258 3630 quis
312 3562 523 3631 possit?
556 3576 621 3616 ac
642 3562 803 3616 velim
836 3578 904 3616 ne
931 3576 1028 3616 vos
1057 3561 1295 3618 offendat
1327 3564 1467 3632 quod
1494 3564 1732 3621 dicturus

145 3666 294 3719 sum;
321 3666 513 3707 verum
542 3655 587 3706 si
625 3652 758 3707 falsa
796 3651 1007 3722 loquar,
1038 3653 1335 3709 orationem
1379 3670 1551 3723 meam
1581 3655 1729 3712 refu-

147 3751 243 3796 tate
267 3760 279 3796 :
303 3743 547 3810 cuinam,
577 3744 816 3813 inquam,
842 3744 919 3799 rei
945 3743 1212 3813 ejusmodi
1238 3756 1453 3802 ventres
1480 3747 1728 3805 conferre

144 3832 399 3901 quispiam
430 3834 644 3904 possit?
673 3848 845 3904 neque
876 3834 1018 3889 enim
1063 3850 1184 3904 qum
1229 3835 1483 3905 diximus,
1525 3841 1594 3895 ad
1631 3842 1727 3897 de-

143 3924 446 3980 clarandam
477 3926 667 3981 eorum
696 3926 967 3981 miseriam
994 3925 1285 3985 sufliciunt.
1328 3928 1564 3986 Alteram
1600 3949 1721 3989 rur-

1184 403 1252 460 IN
1288 402 1501 459 EPIST.
1544 403 1586 457 ll
1650 402 1741 457 AD
1778 401 1934 458 COR.
1976 402 2207 462 HOMIL.
2251 406 2388 463 XIII.

3373 418 3477 474 190

1883 534 2003 574 sum
2027 521 2309 592 imaginem
2336 521 2531 591 reperi.
2551 522 2720 590 Quam
2744 525 2958 583 tandem
2975 527 2998 583 ?
3013 528 3473 596 Quemadmodum

1883 608 1939 664 in
1967 611 2187 676 cloacis,
2222 614 2274 669 in
2321 614 2515 684 quibus
2544 630 2736 687 magna
2764 628 2849 674 est
2872 624 3159 689 stercoris,
3190 624 3340 691 fteni,
3378 630 3474 682 sti-

1884 702 2045 771 pulae,
2080 704 2310 775 lapidum
2333 722 2398 762 ac
2424 707 2519 761 lnti
2551 710 2830 774 colluvies.
2850 713 3057 771 crebra:
3073 716 3472 775 obstructiones

1881 798 2147 865 oriuntur,
2193 814 2261 855 ex
2305 800 2498 871 quibus
2528 801 2587 857 lit
2635 804 2846 861 tandem
2880 816 2937 862 ut
2964 823 3178 865 caenum
3208 811 3274 867 ad
3304 826 3469 884 supc-

1881 890 2054 948 riores
2096 902 2275 962 partes
2313 908 2435 951 sese
2480 895 2786 953 diffundat:
2816 900 2887 955 ita
2945 901 3108 958 etiam
3167 904 3221 958 in
3276 904 3467 961 horum

1882 990 2068 1038 ventre
2119 998 2218 1039 usu
2268 986 2413 1041 venit
2467 1004 2482 1042 :
2539 1003 2607 1044 eo
2657 990 2856 1061 quippe
2902 992 2972 1047 ab
3028 994 3264 1051 inferiori
3319 1009 3471 1068 parte

1878 1075 2176 1144 obstructo,
2208 1077 2360 1133 malae
2400 1079 2506 1134 illa:
2534 1079 2870 1138 deﬂuxiones
2896 1100 3087 1156 magna
3117 1102 3187 1142 ex
3216 1098 3368 1158 parte
3396 1092 3465 1146 ad

1876 1169 2184 1237 superiores
2203 1181 2380 1238 partes
2402 1174 2753 1243 regurgitant.
2777 1176 3002 1247 Atapud
3026 1193 3289 1250 pauperes
3305 1196 3462 1239 secus

1877 1273 1965 1313 res
1988 1258 2164 1316 habet.
2196 1260 2260 1317 Ut
2288 1263 2434 1319 enim
2455 1263 2632 1322 fontes
2653 1306 2669 1333 ,
2697 1268 2787 1338 qui
2816 1284 2979 1339 puros
2999 1270 3182 1328 latices
3209 1272 3459 1341 fundunt,

1873 1360 2034 1420 atque
2082 1351 2268 1409 hortos
2312 1363 2366 1409 et
2415 1366 2565 1425 prata
2618 1359 2861 1430 irrigant,
2904 1362 2976 1417 ita
3020 1362 3211 1421 horum
3246 1381 3464 1438 quoque

1873 1453 2088 1499 ventres
2132 1445 2200 1501 ab
2230 1446 2313 1501 his
2351 1452 2711 1507 excrementis
2755 1454 2874 1523 puri
2906 1466 3030 1512 sunt
3059 1473 3074 1511 :
3102 1472 3224 1513 cum
3272 1469 3458 1523 contra

1871 1536 2092 1591 divitum
2123 1580 2138 1605 ,
2181 1540 2265 1595 vel
2318 1542 2493 1611 potius
2515 1543 2722 1600 deliciis
2749 1548 3076 1606 studentinm
3107 1562 3324 1611 ventres
3355 1556 3455 1613 hu-

1871 1628 2111 1685 moribus
2138 1632 2330 1698 noxiis,
2368 1636 2574 1703 pituita,
2605 1637 2732 1705 bile,
2765 1652 3022 1712 corrupto
3046 1647 3327 1716 sanguine,
3362 1666 3459 1720 pu-

1870 1721 2044 1792 trique
2099 1721 2405 1781 deﬂuxione
2455 1728 2678 1799 aliisque
2731 1730 3035 1803 hujusmodi
3091 1737 3254 1794 rebus
3310 1741 3454 1811 pleni

1867 1811 1994 1867 sint.
2017 1812 2097 1868 Ex
2127 1829 2232 1884 quo
2263 1814 2341 1881 lit,
2366 1826 2424 1872 ιιι
2448 1833 2515 1875 ne
2535 1820 2601 1875 ad
2628 1821 2792 1878 breve
2817 1825 3033 1894 quidem
3067 1837 3278 1900 tempus
3305 1832 3454 1889 inco-

1867 1902 2024 1960 lumis
2072 1906 2195 1977 quis
2240 1917 2480 1977 perstare
2526 1913 2713 1981 possit,
2760 1917 2850 1986 qui
2890 1932 3104 1989 semper
3146 1920 3201 1976 in
3245 1922 3452 1981 deliciis

1864 1995 2025 2059 vivat,
2055 2012 2242 2054 verum
2273 2000 2325 2054 iu
2355 2004 2627 2071 perpetuis
2666 2007 2869 2063 morbis
2894 2019 3158 2067 versetur.
3190 2013 3450 2083 Quocirca

1862 2086 2051 2143 lubens
2075 2104 2140 2143 ex
2169 2090 2286 2147 istis
2311 2092 2590 2161 scisciter,
2620 2111 2779 2167 quam
2807 2100 2877 2156 ob
2900 2115 3117 2158 causam
3158 2105 3264 2162 cibi
3293 2108 3449 2165 nobis

1858 2181 2101 2236 concessi
2123 2182 2230 2238 sint
2260 2203 2274 2238 :
2302 2193 2360 2239 ut
2388 2186 2719 2246 intereamus
2742 2230 2757 2254 ,
2789 2205 2857 2247 an
2889 2202 2946 2249 ut
2975 2195 3233 2253 alamur?
3270 2203 3446 2259 utad—

1858 2285 2012 2327 versa
2060 2272 2366 2333 valetudine
2393 2278 2739 2349 laboremus,
2785 2300 2854 2340 an
2896 2295 2957 2342 ut
2996 2290 3113 2345 sani
3142 2292 3347 2350 simus?
3394 2308 3449 2354 ut

1858 2361 2155 2420 imbecilles
2183 2367 2371 2435 simus,
2394 2384 2462 2425 an
2490 2380 2548 2427 ut
2574 2371 2715 2430 lirmi
2740 2389 2803 2431 ac
2825 2377 3072 2437 robusti?
3097 2382 3443 2456 Perspicuum

1854 2465 1937 2511 est
1959 2458 2102 2528 quod
2135 2460 2406 2518 alimonia:
2428 2504 2444 2530 ,
2477 2466 2720 2524 sanitatis
2740 2509 2755 2535 ,
2784 2471 3085 2545 viriumque
3128 2482 3445 2539 tuendarum

1852 2562 2012 2604 causa
2039 2548 2150 2606 dati
2172 2551 2299 2608 sint.
2323 2553 2432 2611 Cur
2451 2572 2581 2628 ergo
2602 2559 2670 2615 iis
2698 2562 2753 2617 in
2778 2567 3109 2623 contrarium
3133 2570 3437 2639 abutimini.

1852 2641 2071 2697 morbos
2098 2652 2261 2716 atque
2291 2646 2711 2709 imbecillitatem
2744 2670 2839 2724 per
2874 2672 2969 2714 eos
2996 2664 3211 2732 corpori
3252 2681 3443 2737 procn-

1852 2734 2067 2788 rantes?
2091 2734 2287 2792 Contra
2315 2752 2520 2810 pauper
2547 2741 2739 2814 frugali
2768 2761 2835 2803 ac
2863 2750 3010 2806 tenui
3034 2753 3155 2809 cibo
3184 2734 3443 2816 valetudi-

1849 2840 1994 2890 nem,
2025 2829 2375 2901 corporisque
2398 2831 2705 2892 lirmitatem
2728 2853 2794 2895 ac
2823 2841 2987 2898 robur
3011 2845 3114 2901 sibi
3139 2863 3433 2921 comparat.

1848 2917 2080 2974 Proinde
2125 2920 2197 2977 ob
2248 2934 2656 3011 paupertatem,
2696 2933 2943 2990 sanitatis
2997 2917 3314 3011 parentem,
3370 2963 3438 3004 ne

1846 3009 2167 3083 lacrymare,
2197 3014 2293 3070 sed
2318 3017 2494 3086 potius
2514 3010 2758 3091 exsulta;
2792 3034 2845 3081 et
2871 3028 2918 3082 si
2946 3029 3037 3084 tibi
3066 3030 3265 3091 divitia:
3284 3009 3434 3094 cordi

1844 3112 1991 3166 sunt,
2043 3103 2259 3161 divitias
2302 3118 2609 3167 contemne.
2656 3113 2710 3168 In
2759 3118 2862 3173 hoc
2907 3122 3049 3177 enim
3096 3126 3432 3194 potissimum

1843 3206 1971 3262 opes
1994 3195 2182 3264 positae
2212 3207 2356 3265 sunt,
2391 3215 2498 3256 non
2527 3211 2583 3257 ut
2609 3204 2730 3274 quis
2758 3207 2973 3266 divitias
3000 3212 3214 3285 habeat,
3246 3221 3343 3277 sed
3376 3235 3434 3279 ut

1842 3302 1910 3342 ne
1923 3287 2139 3383 habere
2166 3290 2382 3383 quidem
2414 3304 2586 3352 curet.
2614 3296 2671 3353 ιιι
2702 3301 2844 3369 quod
2873 3303 2917 3358 si
2945 3304 3123 3377 adepti
3150 3309 3428 3383 fuerimus,

1840 3386 1895 3433 et
1920 3377 2009 3435 hic
2034 3379 2289 3438 divitibus
2310 3385 2563 3443 omnibus
2603 3389 2937 3460 copiosiores
2974 3397 3176 3456 erimus
3195 3443 3211 3469 ,
3240 3413 3297 3458 et
3322 3377 3431 3462 illic

1838 3472 2015 3527 futura
2033 3472 2171 3529 bona
2189 3490 2584 3548 consequemur
2605 3497 2618 3533 :
2643 3496 2764 3550 qua:
2788 3484 2988 3541 utinam
3011 3502 3423 3565 consequamur,

1839 3578 1936 3634 per
1976 3565 2204 3636 gratiam
2260 3581 2325 3623 ac
2369 3568 2754 3640 benignitatem
2812 3574 3022 3633 Domini
3075 3585 3245 3639 nostri
3296 3587 3424 3645 Jesu

1834 3655 2054 3723 Christi,
2083 3658 2169 3712 cui
2196 3673 2320 3714 cum
2346 3659 2507 3718 Patre
2543 3671 2600 3719 et
2641 3663 2845 3735 Spiritu
2874 3681 3061 3729 sancto
3090 3675 3257 3745 gloria
3277 3720 3293 3745 ,
3323 3680 3425 3736 im-

1836 3752 2064 3820 perium,
2093 3750 2291 3822 honor,
2324 3768 2468 3810 nunc
2496 3764 2792 3829 etsemper
2813 3803 2828 3829 ,
2856 3772 2912 3818 et
2938 3764 2991 3821 in
3026 3768 3221 3825 stecula
3249 3786 3422 3829 saccu-

1833 3845 2027 3900 lorum.
2053 3846 2243 3903 Amen.

1450 4115 1798 4179 HOMILIA
1841 4119 2017 4180 XIII.

94 4256 100 4265 .
141 4212 259 4265 CAP.
287 4213 339 4265 6.
369 4228 427 4265 v.
471 4212 560 4266 ll.
596 4211 667 4264 οε
692 4221 919 4265 nostrum
957 4222 1094 4284 patet
1124 4214 1191 4267 ad
1230 4230 1316 4269 vos
1339 4257 1353 4282 ,
1381 4232 1411 4269 o
1445 4215 1717 4285 Corinthii,

204 4319 286 4358 cor
313 4313 547 4359 nostrum
586 4304 857 4358 dilatatam
876 4314 968 4359 est.
994 4305 1079 4360 12.
1114 4304 1234 4359 Non
1271 4309 1631 4377 angustiamini
1666 4311 1719 4365 in

205 4397 360 4461 nobis,
390 4396 757 4467 angustiamini
782 4407 949 4450 autem
969 4398 1021 4451 in
1045 4399 1321 4452 visceribus
1342 4401 1538 4455 vestris.
1619 4427 1627 4434 -

210 4489 255 4542 i.
279 4490 569 4559 Postquam
612 4490 936 4544 tentationes
961 4505 1087 4545 suas
1131 4503 1184 4546 et
1210 4493 1526 4549 al'llictiones
1556 4510 1720 4566 expo-

146 4578 267 4644 suit;
299 4579 365 4634 In
388 4580 633 4649 patientia
658 4580 822 4647 enim,
855 4581 1045 4649 inquit,
1078 4584 1131 4637 in
1156 4586 1394 4639 (erumnis
1417 4626 1432 4652 ,
1460 4587 1515 4641 in
1541 4604 1718 4643 neces-

145 4670 355 4726 sitatibus
376 4714 391 4736 ,
421 4673 474 4725 in
504 4672 843 4741 angustiis,in
858 4670 1044 4740 plagis,
1061 4673 1435 4737 incarceribus,
1452 4676 1720 4736 inincertis

144 4760 347 4824 sedibus,
373 4763 431 4814 in
456 4761 728 4827 laboribus,
758 4763 813 4816 in
836 4764 1056 4834 vigiliis;
1079 4773 1241 4836 atque
1276 4767 1464 4838 ingens
1514 4770 1567 4826 id
1615 4772 1715 4827 bo-

146 4863 257 4903 num
281 4866 401 4906 esse
426 4852 697 4917 ostendit;
725 4853 871 4908 Sicut
904 4855 1067 4911 tristes
1096 4857 1239 4911 enim
1258 4899 1271 4922 ,
1303 4859 1495 4931 inquit,
1519 4879 1717 4933 semper

145 4951 293 4996 autem
314 4945 624 5015 gaudentes;
646 4947 777 4999 sicut
800 4957 999 5018 egentes
1017 4988 1034 5015 ,
1073 4951 1260 5006 multos
1289 4963 1459 5008 autem
1485 4956 1714 5027 locuple-

149 5040 324 5098 tantes;
346 5046 603 5106 tamquam
629 5037 759 5091 nihil
789 5038 1047 5104 habentes,
1091 5053 1136 5095 et
1161 5044 1331 5096 omnia
1358 5034 1668 5115 possidentes
1694 5065 1714 5102 :

149 5129 246 5177 tum
267 5129 422 5180 etiam
451 5142 602 5182 arma
629 5143 693 5182 ea
728 5143 851 5184 esse
873 5129 1042 5197 dixit;
1080 5132 1147 5187 Ut
1173 5136 1406 5206 castigati
1430 5137 1596 5205 enim,
1619 5138 1714 5204 ait,

152 5224 297 5270 etnon
328 5220 622 5288 morti/lecti
652 5237 671 5275 :
694 5231 855 5290 atque
906 5223 1128 5294 insuper
1156 5242 1403 5297 magnam
1444 5231 1537 5285 Dei
1588 5246 1714 5303 erga

151 5321 236 5359 nos
259 5324 438 5367 curam
463 5328 527 5367 ac
557 5315 853 5383 potentiam
885 5331 979 5385 per
1001 5333 1063 5372 ea
1085 5319 1410 5386 declaravit;
1449 5321 1519 5377 Ut
1546 5326 1712 5392 enim,

153 5396 319 5468 inquit,
347 5402 633 5459 sublimitas
657 5406 855 5461 virtutis
880 5408 944 5462 sit
984 5408 1101 5476 Dei,
1133 5420 1181 5464 et
1208 5428 1310 5466 non
1350 5429 1414 5467 ea:
1440 5414 1583 5469 nobis
1612 5432 1632 5470 :
1653 5432 1718 5471 ac

153 5500 385 5555 praeterea
415 5498 707 5553 certamina
733 5513 949 5570 quoque
972 5515 1069 5556 sua
1098 5506 1469 5572 enumeravit;
1503 5508 1717 5579 Semper

152 5582 297 5651 enim,
347 5587 534 5657 inquit,
581 5590 744 5657 ipsius
795 5592 1236 5663 mortiﬁcationem
1273 5599 1679 5668 circumfer-imus
1699 5618 1718 5656 :

155 5668 368 5746 illudque
387 5682 522 5759 item
549 5682 775 5749 addidit,
802 5700 867 5741 ea
912 5688 1253 5759 perspicuum
1303 5696 1717 5752 resurrectionis

154 5776 494 5856 ammentum
523 5788 679 5842 esse;
715 5773 785 5832 Ut
828 5778 971 5833 enim
1003 5788 1050 5833 et
1075 5781 1176 5835 vita
1205 5781 1354 5847 Jesu,
1384 5785 1574 5856 inquit,
1602 5804 1715 5841 ma-

158 5854 391 5925 nifestatur
431 5865 487 5919 in
539 5882 691 5925 carne
718 5880 888 5926 nostra
929 5874 1182 5930 mortali:
1208 5876 1274 5932 ad
1315 5877 1430 5934 haec
1458 5854 1711 5950 vquarum

1831 4236 2008 4275 rerum
2043 4220 2309 4289 particeps
2336 4219 2635 4287 exstiterit,
2669 4237 2893 4294 quasque
2923 4227 3091 4298 ipsius
3111 4234 3234 4291 lidei
3266 4254 3416 4295 eom-

1830 4316 1990 4367 missa
2022 4313 2251 4376 fuerint;
2309 4311 2412 4366 Pro
2441 4307 2640 4369 Christo
2667 4317 2810 4371 enim
2837 4323 3089 4391 legatione
3130 4331 3414 4402 fungimur,

1829 4405 2019 4475 inquit,
2046 4414 2299 4474 tamquam
2318 4403 2427 4459 Deo
2448 4422 2539 4475 per
2558 4423 2649 4462 nos
2665 4409 2966 4468 exhortante
2986 4432 3006 4470 :
3025 4426 3186 4490 atqne
3201 4426 3417 4495 insuper

1827 4513 2050 4569 quarum
2080 4514 2259 4553 rerum
2285 4499 2531 4556 minister
2550 4501 2640 4569 sit,
2674 4504 2925 4562 nimirum
2951 4524 3057 4565 non
3086 4513 3255 4570 literm
3274 4558 3290 4584 ,
3319 4523 3413 4576 sed

1826 4593 2043 4661 spiritus
2074 4609 2089 4645 :
2121 4606 2184 4645 ac
2209 4591 2442 4662 denique
2479 4594 2623 4676 quod
2664 4611 2772 4652 non
2823 4614 2890 4653 eo
2942 4609 3144 4660 tantum
3196 4612 3415 4669 nomine

1823 4683 2163 4739 venerandus
2194 4685 2284 4748 sit,
2317 4684 2411 4739 sed
2438 4685 2599 4740 etiam
2624 4688 2695 4743 ob
2726 4692 3084 4762 tentationes;
3109 4697 3216 4755 Deo
3242 4704 3410 4765 enim.

1824 4777 2012 4847 inquit,
2043 4777 2229 4848 gratia,
2263 4777 2345 4848 qui
2374 4792 2467 4831 nos
2504 4794 2703 4849 semper
2725 4781 3007 4853 triumphat
3034 4802 3054 4840 :
3090 4789 3201 4858 jam
3226 4794 3291 4848 ad
3318 4813 3435 4853 eos.

1822 4868 2183 4939 objurgandos
2210 4882 2269 4923 se
2294 4869 2556 4939 accingit,
2585 4879 2643 4924 ut
2667 4885 2851 4939 parum
2881 4875 2966 4930 sui
2990 4878 3280 4941 studiosos.
3303 4885 3413 4943 Nec

1821 4961 1889 5016 ad
1917 4961 2020 5015 hoc
2045 4963 2223 5016 statim
2250 4961 2548 5015 orationem
2575 4961 2805 5028 confert,
2828 4980 3014 5023 verum
3038 4970 3089 5026 id
3112 4974 3259 5043 prius
3277 4979 3423 5049 agit,

1822 5063 1881 5108 ut
1904 5068 2054 5108 suam
2086 5067 2210 5122 erga
2238 5068 2333 5107 eos
2366 5052 2706 5109 dilectionem
2738 5058 3005 5125 ostendat,
3035 5073 3193 5133 atque
3219 5068 3288 5123 ita
3317 5071 3411 5130 de-

1820 5161 1965 5201 mum
1990 5146 2042 5200 in
2073 5143 2379 5214 hujusmodi
2409 5160 2713 5200 sermonem
2742 5148 3057 5220 ingreditur.
3085 5156 3216 5214 Nam
3248 5164 3348 5218 etsi
3375 5178 3404 5222 tt

1822 5236 1982 5292 rebus
2001 5237 2259 5306 praaclare
2281 5235 2449 5306 geSIis
2478 5238 2802 5296 venerabilis
2824 5253 2906 5298 est
2949 5244 2994 5300 is
3014 5249 3103 5317 qui
3130 5251 3367 5325 increpat
3392 5302 3408 5325 ,

1820 5337 2054 5383 attamen
2085 5343 2206 5381 eum
2246 5327 2535 5383 amicitiam
2566 5329 2783 5388 exhibet
2809 5348 2931 5407 erga
2960 5354 3055 5395 eos
3076 5358 3211 5413 quos
3238 5352 3406 5407 corri-

1822 5421 1917 5490 pit,
1943 5420 2352 5476 tolerabiliorem
2379 5438 2679 5479 sermonem
2703 5428 2894 5484 reddit.
2920 5430 3042 5489 ldeo
3064 5436 3177 5508 ipse
3199 5455 3410 5514 quoque

1822 5512 2020 5568 Paulus
2044 5526 2077 5568 e
2108 5513 2493 5569 tentationibus
2521 5517 2634 5572 suis
2656 5532 2720 5574 ac
2748 5520 3037 5581 sudoribus
3066 5537 3121 5583 et
3149 5512 3412 5589 certami-

1820 5602 1978 5659 nibus
2021 5617 2269 5674 egressus
2289 5646 2303 5670 ,
2335 5603 2402 5659 ad
2431 5619 2736 5664 sermonem
2765 5611 2835 5666 de
2876 5615 3101 5673 caritate
3128 5622 3337 5690 transit,
3358 5632 3415 5678 et

1819 5695 1898 5750 sic
1947 5694 2070 5751 illos
2112 5695 2377 5767 objurgat.
2424 5697 2682 5764 Quaenam
2724 5716 2855 5773 ergo
2892 5720 3004 5760 sate
3031 5721 3126 5762 eos
3172 5710 3415 5770 caritatis

1822 5796 2130 5857 argumenta
2160 5786 2352 5842 alfert?
2399 5787 2470 5843 οε
2508 5801 2736 5846 nostrum
2772 5802 2909 5864 patet
2935 5796 3006 5852 ad
3030 5813 3136 5867 vos,
3166 5817 3196 5855 ο
3222 5801 3408 5859 Coriu-

1825 5879 1935 5937 tltii.
1970 5882 2034 5938 Et
2059 5881 2325 5951 quodnam
2349 5881 2586 5943 caritatis
2614 5894 2989 5955 argumentum
3037 5890 3140 5950 hoc
3170 5895 3294 5952 est?
3319 5909 3413 5955 aut
