3780 6314
392 398 486 452 im
1120 383 1179 440 s.
1216 380 1497 440 .lOANNlS
1532 379 2013 438 cuavsosrom
2048 383 2365 447 AltCHlEP.
2402 391 2929 454 consumma.
3542 407 3625 462 ig:

391 513 516 586 quid
544 510 765 566 omnino
789 508 904 563 haec
931 504 1033 560 sibi
1055 502 1213 559 verba
1241 499 1465 556 volunt?
1487 498 1604 554 Non
1627 498 1974 563 sustinemus,

390 606 583 677 inquit,
606 602 821 659 silentio
845 599 909 653 ad
937 612 1033 653 vos
1060 596 1157 658 uti,
1186 593 1281 648 sed
1304 592 1642 647 continenter
1666 604 1761 644 vos
1781 589 1979 660 alloqui

391 711 551 772 atque
580 696 875 752 orationem
905 689 971 746 ad
1001 704 1093 744 vos
1124 686 1321 741 habere
1345 683 1603 753 gestimus
1633 700 1647 736 :
1679 683 1765 751 qui
1794 697 1980 735 aman-

392 795 522 846 tium
563 805 679 844 mos
703 794 806 842 est.
837 782 972 841 Nam
1014 778 1158 851 quod
1213 777 1265 831 in
1318 790 1546 846 corpore
1572 782 1696 829 sunt
1726 788 1975 827 manuum

389 883 721 953 complexus,
756 882 857 931 hoc
883 876 935 929 in
958 874 1141 927 animo
1162 879 1244 924 est
1272 867 1536 922 sermonis
1565 864 1975 920 commercium.

389 977 472 1035 Ad
502 977 603 1031 hoc
624 975 781 1030 etiam
824 967 966 1024 aliud
994 963 1382 1020 subindicatur.
1428 958 1567 1027 Quid
1611 956 1775 1013 illud?
1822 955 1978 1027 Apud

386 1086 507 1135 vos,
537 1066 727 1135 inquit,
773 1075 908 1132 quos
934 1056 1241 1112 carissimos
1268 1052 1547 1113 habemus,
1590 1058 1778 1103 cuncta
1811 1048 1979 1103 libere

385 1164 693 1235 loquimur,
728 1155 855 1210 nihil
882 1150 1279 1208 dissimulantes
1321 1152 1412 1197 aut
1448 1151 1806 1198 reservantes.
1830 1140 1978 1208 Quo-

389 1232 532 1312 niam
550 1252 691 1308 enim
704 1248 813 1320 jam
834 1244 1214 1314 objurgaturus
1234 1246 1334 1301 est,
1358 1234 1558 1290 idcirco
1578 1233 1785 1287 veniam
1815 1232 1973 1301 petit;

388 1345 518 1403 illud
549 1345 745 1413 ipsum,
795 1335 935 1407 quod
976 1345 1072 1388 eos
1110 1330 1277 1384 libere
1302 1326 1583 1395 obiurget,
1638 1323 1867 1389 ingentis
1896 1320 1979 1375 sui

388 1454 515 1510 erga
546 1412 639 1492 eos
663 1429 861 1486 amoris
882 1427 1263 1480 documentum
1283 1434 1405 1473 esse
1432 1426 1691 1470 statuens.
1720 1413 1836 1469 Jam
1865 1412 1978 1481 ipsa

389 1504 603 1603 quoque
631 1523 862 1580 nominis
891 1517 1120 1587 adiectio
1146 1526 1349 1582 magnae
1371 1509 1619 1564 amicitiae
1639 1523 1701 1562 ac
1723 1504 1979 1560 ferventis

390 1626 611 1680 allectus
631 1618 898 1691 specimen
922 1612 1080 1666 habet
1105 1627 1119 1664 :
1150 1623 1271 1662 nam
1294 1615 1349 1660 et
1368 1618 1553 1658 eorum
1583 1615 1719 1671 quos
1739 1612 1979 1653 amamus

388 1715 529 1773 nuda
576 1709 790 1767 nomina
822 1705 974 1759 nobis
1005 1698 1294 1757 identidem
1336 1697 1387 1750 in
1414 1710 1509 1749 ore
1539 1692 1738 1748 versari
1783 1691 1975 1745 solent.

387 1806 489 1862 Cor
535 1813 764 1858 nostrum
807 1797 1075 1850 dilatatam
1102 1800 1193 1845 est.
1231 1785 1690 1857 Quemadmodum
1722 1782 1861 1837 enim
1894 1782 1975 1848 id,

388 1895 530 1967 quod
558 1894 795 1950 calorem
818 1888 992 1951 aﬁ'ert,
1016 1884 1241 1939 dilatare
1278 1878 1414 1934 solct
1446 1894 1460 1929 :
1495 1877 1565 1929 ita
1593 1875 1754 1928 etiam
1783 1873 1978 1926 carita-

388 1992 457 2044 tis
498 2002 690 2042 tnunus
721 1992 803 2037 est
852 1979 1079 2034 dilatare
1109 1993 1123 2029 :
1149 1971 1318 2027 calida
1349 1967 1546 2038 quippe
1570 1981 1633 2019 ac
1663 1966 1873 2019 fervens
1899 1973 1979 2017 est

385 2086 576 2138 virtus.
607 2079 732 2133 llme
759 2089 820 2130 os
857 2085 1069 2142 quoque
1099 2065 1244 2121 Pauli
1284 2060 1577 2132 aperiebat,
1602 2067 1656 2112 et
1675 2072 1769 2111 cor
1791 2056 1981 2109 dilata-

388 2180 500 2233 bat.
528 2174 711 2244 Neque
728 2172 870 2225 enim
889 2180 982 2220 ore
1004 2169 1364 2219 tantumamo,
1389 2154 1591 2224 inquit;
1614 2167 1798 2205 verum
1819 2149 1980 2204 etiam

389 2287 485 2325 cor
515 2240 686 2340 ipsum
717 2264 767 2318 in
792 2273 976 2315 amore
1015 2258 1276 2310 consonat
1313 2265 1326 2301 :
1356 2247 1479 2302 ideo
1504 2260 1625 2301 cum
1674 2241 1860 2297 ﬁducia
1901 2240 1980 2293 Io-

385 2378 543 2436 quor,
573 2368 684 2415 toto
711 2370 828 2422 ore,
856 2367 919 2407 ac
945 2358 1053 2405 tota
1080 2353 1280 2401 mente.

463 2455 616 2510 Pauli
647 2466 791 2505 amor
815 2463 939 2517 erga
966 2457 1137 2499 omnes
1172 2445 1390 2510 quantus
1431 2463 1504 2474 -—
1522 2430 1637 2487 Non
1667 2429 1808 2484 enim
1834 2426 1980 2481 Pauli

387 2549 550 2607 corde
575 2544 862 2617 quidquam
883 2537 1045 2593 latius
1061 2541 1198 2597 erat,
1217 2528 1360 2601 quod
1390 2527 1505 2596 pios
1525 2537 1733 2586 omnes,
1759 2518 1981 2617 perinde

388 2652 551 2711 atque
585 2609 821 2689 amasios
846 2627 1109 2701 quispiam
1131 2665 1147 2690 ,
1194 2621 1331 2675 adeo
1358 2626 1509 2672 arcto
1534 2627 1715 2668 amore
1746 2609 1983 2711 comple-

388 2702 656 2793 ctebatur,
684 2740 788 2780 non
817 2736 936 2777 sese
956 2715 1238 2775 scindente
1261 2711 1429 2782 ipsius
1453 2705 1689 2762 amicitia
1730 2713 1783 2758 et
1811 2702 1980 2755 imbe-

387 2822 661 2880 cillitatem
685 2814 1057 2877 contrahente,
1075 2808 1169 2863 sed
1188 2808 1393 2875 integra
1410 2803 1462 2857 in
1482 2813 1695 2869 unoque
1709 2806 1977 2849 manente.

387 2916 455 2971 Et
498 2911 627 2984 quid
676 2909 871 2963 mirum
913 2903 1074 2958 talem
1118 2898 1290 2969 ipsius
1333 2896 1385 2948 in
1430 2893 1547 2963 pios
1573 2891 1716 2943 viros
1746 2887 1978 2940 aniuunn

388 2980 574 3070 fuisse,
606 3014 727 3056 cum
750 2998 909 3052 etiam
938 2997 989 3048 in
1023 2989 1331 3047 inﬁdelibus
1350 3000 1446 3041 eor
1476 2983 1641 3054 ipsius
1669 2980 1978 3034 universum

389 3110 654 3156 terrarum
682 3093 868 3148 orbem
897 3081 1350 3156 amplecteretur?
1377 3077 1502 3133 ideo
1524 3091 1629 3131 non
1660 3073 1812 3137 dixit,
1844 3073 1981 3124 Amo

386 3207 505 3258 vos,
532 3188 647 3252 sed,
679 3183 818 3257 quod
843 3181 1100 3250 majorem
1126 3173 1426 3244 emphasim
1455 3170 1634 3232 habet,
1661 3166 1732 3221 0s
1752 3175 1977 3219 nostrum

370 3255 544 3359 «patet,
575 3298 662 3337 cor
686 3255 913 3333 nostram
942 3272 1212 3326 dilatatam
1242 3275 1353 3331 est;
1394 3276 1586 3359 omnes
1625 3261 1789 3359 intus.
1815 3255 1978 3359 habe:

392 3347 551 3432 inus':
579 3388 642 3428 ac
669 3387 736 3424 ne
765 3368 817 3423 id
858 3365 1074 3436 quidem
1107 3369 1431 3427 utcumque,
1475 3353 1568 3409 sed
1610 3366 1731 3406 cum
1780 3347 1979 3418 ingenti

386 3466 756 3538 amplitudine.
782 3460 916 3515 Nam
935 3458 1023 3528 qui
1046 3462 1273 3513 amatur,
1298 3450 1351 3503 in
1374 3445 1559 3501 intimo
1574 3442 1804 3498 amantis
1819 3439 1980 3495 corde

389 3532 508 3616 sine
537 3558 646 3612 ullo
674 3565 817 3609 metu
849 3546 1157 3605 obambulat
1189 3560 1203 3595 :
1237 3541 1436 3595 idcirco
1453 3540 1545 3602 ait,
1573 3534 1695 3589 Non
1718 3532 1982 3603 angustia-

388 3651 513 3704 mini
537 3648 590 3701 in
620 3644 782 3706 nobis,
806 3636 1169 3708 angustiamini
1200 3644 1367 3687 autem
1389 3632 1443 3683 in
1471 3625 1743 3683 visceribus
1781 3624 1974 3678 uestris.

386 3737 825 3811 Objurgationem
857 3731 981 3786 vide
1011 3745 1115 3783 non
1144 3739 1307 3796 parva
1345 3719 1678 3811 indulgentia
1690 3728 1977 3811 tempera~

392 3807 502 3886 tam
535 3807 633 3884 :id
660 3824 799 3897 quod
828 3834 1148 3892 magnopere
1170 3813 1463 3871 amantium
1504 3820 1605 3866 est.
1660 3808 1777 3864 Non
1822 3807 1975 3871 dixit,

392 3923 501 3977 Vos
554 3935 640 3975 mc
689 3932 794 3972 non
838 3914 1049 3979 amatis,
1101 3910 1219 3976 sed,
1261 3907 1377 3963 Non
1426 3905 1541 3976 pari
1571 3902 1731 3957 tnodo
1761 3918 1776 3955 :
1806 3916 1979 3970 neque

391 4015 535 4071 enim
566 4010 681 4066 vult
706 4006 948 4077 asperius
975 4018 1069 4058 eos
1095 3998 1365 4056 insectari.
1398 3998 1476 4051 Ac
1506 3994 1702 4065 passim
1755 4008 1979 4046 cernere

393 4116 479 4164 est
504 4100 775 4177 quomodo
815 4094 1111 4153 incredibili
1142 4091 1373 4163 quodam
1406 4088 1637 4143 ﬁdelium
1668 4100 1850 4140 amore
1879 4083 1979 4177 llas

394 4173 536 4271 gret,
553 4196 597 4251 si
618 4193 739 4266 quis
756 4208 821 4247 ex
847 4187 1073 4259 singulis
1091 4183 1332 4255 epistolis
1354 4179 1656 4235 testimonia
1671 4177 1879 4271 seligat.
1898 4173 1981 4229 Ad

394 4267 668 4348 iiomanos
689 4284 834 4340 enim
851 4281 1089 4336 scribens
1104 4276 1200 4340 ait,
1219 4273 1386 4343 Cupio
1404 4272 1572 4326 videre
1595 4284 1715 4333 vos;
1735 4275 1809 4331 et,
1830 4267 1983 4335 Saepe

394 4380 637 4456 proposui
680 4375 848 4433 uenire
871 4372 940 4426 ad
969 4386 1090 4434 vos;
1116 4376 1190 4432 et,
1223 4365 1285 4421 Si
1311 4380 1409 4435 quo
1445 4361 1606 4456 modo
1634 4359 1846 4456 tandem
1887 4360 1984 4456 ati-

395 4452 600 4548 quavndo
629 4482 929 4542 prosperum
967 4466 1062 4517 iter
1105 4460 1316 4515 habeam
1358 4456 1425 4510 ad
1451 4471 1538 4509 vos
1588 4452 1776 4525 (Rom.
1806 4453 1858 4506 1.
1895 4452 1980 4505 11.

396 4547 487 4629 15.
520 4569 641 4640 10).
702 4566 782 4623 Ad
816 4564 1028 4618 Galatas
1055 4566 1231 4613 autem
1280 4554 1396 4609 haec
1423 4550 1574 4615 dicit,
1620 4547 1799 4640 Filioli
1849 4547 1980 4610 mei,

396 4680 523 4736 quos
549 4639 734 4715 iterum
772 4652 1005 4728 parturio
1038 4648 1197 4719 (Gal.
1225 4647 1278 4701 4.
1314 4643 1416 4714 19)
1441 4660 1455 4707 ;
1482 4642 1548 4695 ad
1581 4639 1845 4710 Ephesios
1869 4653 1985 4736 rur-

395 4729 527 4821 cus,
576 4751 750 4823 Hujus
802 4747 873 4800 rei
922 4744 1088 4817 gratia
1144 4742 1291 4809 ﬂecto
1337 4752 1502 4808 genua
1548 4748 1658 4785 mea
1708 4748 1799 4800 pro
1849 4729 1985 4783 vobis

400 4849 421 4917 (
444 4846 638 4916 Ephes.
661 4843 714 4897 5.
738 4839 839 4910 ib)
861 4837 957 4905 ;ad
981 4835 1349 4903 l‘hilippenses
1371 4829 1452 4899 (α)
1481 4836 1682 4890 autem,
1716 4824 1843 4892 Qua:
1856 4823 1986 4877 enim

397 4947 611 5004 estspes
645 4950 756 4987 mea
778 4939 862 4983 aut
894 4927 1137 5000 gaudium
1186 4932 1271 4975 aut
1324 4921 1501 4991 gloria:
1544 4918 1771 4971 corona?
1816 4932 1986 4968 annon

398 5047 484 5083 uos
512 5034 527 5097 (
554 5028 605 5084 i.
636 5025 812 5080 Thess.
841 5022 898 5085 2.
922 5021 990 5076 19
1012 5024 1028 5090 )
1052 5024 1073 5073 ‘l
1105 5018 1241 5086 Quin
1274 5035 1332 5069 se
1358 5024 1414 5070 et
1444 5016 1495 5068 in
1522 5012 1690 5067 corde
1718 5021 1769 5065 et
1794 5011 1844 5065 in
1874 5011 1987 5063 vin-

398 5122 535 5179 culis
556 5134 650 5175 eos
673 5116 1019 5172 circumferre
1047 5112 1257 5167 dicebat
1302 5110 1318 5179 (
1346 5108 1573 5177 Philipp.
1612 5107 1662 5160 1.
1698 5106 1787 5176 7).
1822 5105 1988 5158 Porto

398 5229 522 5271 cum
545 5211 611 5267 ad
648 5209 997 5265 Colossenses
1030 5204 1235 5268 scribit,
1268 5202 1451 5273 Cupio,
1478 5200 1668 5269 inquit,
1701 5199 1867 5251 videre
1904 5212 1988 5249 vos

400 5316 645 5378 quantum
668 5313 922 5357 certamen
947 5298 1155 5351 habeam
1186 5312 1278 5365 pro
1306 5295 1464 5359 vobis,
1493 5304 1541 5347 et
1576 5293 1875 5361 quicumque
1900 5294 1983 5359 fu-

400 5400 528 5453 ciem
571 5408 730 5449 meam
780 5406 881 5443 non
924 5388 1154 5443 uiderunt
1182 5390 1234 5439 in
1274 5402 1428 5438 carne
1459 5394 1553 5438 :ut
1596 5382 1990 5436 consolationem

404 5491 620 5547 habeant
645 5484 801 5541 corda
827 5488 996 5535 vestra
1016 5478 1248 5551 (Coloss.
1271 5478 1325 5532 2.
1372 5480 1398 5533 1
1425 5480 1443 5549 )
1470 5496 1483 5543 ;
1523 5486 1579 5532 et
1605 5476 1672 5530 ad
1702 5476 1990 5532 Thessztlo-

404 5587 685 5645 incensus,
715 5571 1161 5642 Quemadmodum
1185 5571 1229 5626 si
1261 5571 1434 5624 nutrix
1475 5574 1640 5641 foveat
1675 5569 1810 5638 ﬁlios
1836 5584 1988 5633 suos,

406 5681 476 5734 ita
511 5674 852 5731 desiderantes
879 5683 966 5722 vos
992 5666 1316 5739 cupiebamus
1343 5666 1482 5720 vobis
1508 5664 1633 5716 dare
1654 5702 1668 5728 ,
1698 5678 1799 5717 non
1825 5662 1990 5716 solum

472 5820 545 5877 ta)
566 5813 660 5868 Hic
683 5824 820 5865 error
844 5805 1177 5877 ess_e_\_'idetur
1204 5806 1391 5877 :_verh_a
1430 5806 1577 5877 enim.
1599 5809 1859 5877 sequentia
1893 5816 1991 5854 non

405 5869 825 5943 Philippensibus,
849 5873 937 5923 sed
955 5870 1466 5923 Thessalonicensibus
1488 5869 1666 5932 scripta
1688 5877 1818 5922 sunt.

2088 506 2436 574 evangelium,
2484 511 2571 564 sed
2616 514 2766 567 etiam
2811 520 3010 571 animos
3050 525 3247 572 nostras
3286 521 3382 591 (1.
3408 518 3561 578 Thess.
3577 528 3618 579 ἓ.

2085 594 2139 648 7.
2168 597 2242 665 8)
2266 613 2280 661 ;
2306 608 2417 653 tum
2445 602 2606 656 etiam
2632 603 2699 657 ad
2726 604 3085 673 Timotheum,
3115 610 3310 665 Memor
3330 614 3621 684 lacrymorm

2085 696 2305 752 tuarum,
2331 701 2385 743 ut
2415 693 2604 761 gaudio
2631 694 2852 764 implear
2888 697 2908 770 (
2936 699 2991 753 2.
3018 699 3154 755 Tim.
3184 704 3237 758 1.
3283 704 3317 759 4
3338 715 3374 773 ).
3417 704 3479 761 Et
3525 723 3618 762 cum

2091 777 2159 831 ad
2189 778 2366 833 Titum
2392 784 2615 850 scribit,
2649 785 2848 843 Dilecto
2890 792 2999 858 ﬁlio
3031 793 3049 861 (
3078 792 3179 847 Tit.
3228 795 3277 849 Ι.
3320 794 3422 867 4);
3450 806 3498 851 et
3522 798 3619 853 item

2084 868 2150 922 ad
2174 869 2540 929 Philemonem
2574 878 2820 934 similiter
2847 881 2866 949 (
2894 881 3111 936 Philem.
3136 886 3189 939 1.
3219 888 3243 940 1
3273 887 3313 955 ).

2127 958 2182 1013 2.
2204 960 2282 1015 Ad
2302 962 2416 1019 hazc
2433 964 2484 1018 in
2503 967 2738 1036 Epistula
2759 970 2823 1023 ad
2842 972 3094 1027 Hebrzeos
3112 975 3275 1031 multa
3292 978 3619 1047 aliaejusmodi

2084 1052 2294 1117 scribit,
2326 1070 2425 1110 nec
2455 1069 2630 1112 cessat
2655 1063 2922 1117 consolari
2960 1079 3022 1118 ac
3050 1066 3231 1123 dicere
3256 1086 3272 1122 :
3296 1070 3467 1123 Adhuc
3492 1074 3620 1124 modi-

2084 1158 2197 1195 cum
2222 1146 2630 1215 aliquantulum,
2669 1163 2716 1205 et
2753 1155 2838 1223 qui
2875 1166 3113 1212 uenturus
3152 1170 3254 1226 est,
3297 1165 3447 1216 ueniet
3485 1175 3523 1217 et
3546 1182 3621 1218 non

2085 1238 2305 1292 tardabit
2333 1240 2352 1313 (
2374 1240 2531 1296 Hebr.
2561 1245 2648 1300 10.
2676 1248 2780 1313 37)
2814 1266 2826 1301 :
2855 1251 3075 1318 perinde
3109 1252 3355 1309 videlicet
3384 1272 3443 1310 ac
3470 1258 3509 1311 si
3535 1273 3622 1310 ma-

2086 1337 2168 1382 ter
2190 1330 2328 1386 ﬁlios
2354 1334 2513 1389 tzedio
2539 1351 2601 1390 ac
2629 1353 2860 1395 maerore
2903 1341 3211 1399 laborantes
3234 1347 3535 1418 alloquatur.
3558 1348 3625 1403 Sic

2084 1430 2139 1476 et
2168 1423 2293 1488 illis,
2323 1424 2443 1480 Non
2490 1432 2853 1499 angustiamini
2880 1434 2933 1486 in
2955 1436 3127 1500 nobis,
3158 1437 3348 1506 inquit.
3388 1438 3489 1493 Nec
3527 1455 3628 1494 vero

2084 1528 2143 1569 se
2167 1514 2443 1573 dumtaxat
2475 1535 2569 1574 eos
2605 1537 2787 1579 amare
2815 1526 2905 1591 ait,
2936 1527 3029 1580 sed
3055 1528 3121 1580 ab
3142 1528 3271 1597 ipsis
3302 1530 3457 1584 etiam
3473 1535 3627 1595 amari,

2084 1620 2193 1675 quo
2214 1609 2464 1664 nimirum
2498 1612 2623 1667 hinc
2647 1629 2860 1684 quoque
2889 1633 3074 1672 eorum
3107 1621 3312 1675 animos
3337 1623 3537 1677 alliciat.
3558 1626 3629 1677 At-

2085 1710 2188 1765 que
2208 1696 2275 1752 de
2299 1698 2382 1754 his
2407 1702 2625 1770 quidem
2652 1704 2754 1759 hoc
2795 1708 3120 1773 testilicans,
3170 1712 3264 1777 ait,
3315 1711 3457 1766 Titus
3495 1716 3629 1779 venit,

2084 1789 2306 1857 referens
2354 1794 2496 1848 nobis
2539 1808 2762 1851 uestrum
2811 1791 3150 1861 desiderium,
3199 1816 3416 1859 vestrum
3456 1809 3629 1875 ﬂetum,

2083 1894 2301 1937 vestram
2343 1890 2717 1943 wmulationem
2757 1892 2847 1961 (2.
2877 1891 2994 1947 Cor.
3029 1895 3080 1948 7.
3123 1897 3221 1965 7);
3253 1911 3306 1952 et
3336 1899 3403 1953 de
3427 1900 3629 1963 Galalis,

2086 1972 2270 2028 (licens
2291 2018 2304 2041 ,
2338 1978 2398 2030 Si
2426 1980 2538 2045 ﬁeri
2564 1991 2730 2047 posset
2755 2023 2769 2046 ,
2798 1985 2969 2037 oculos
2997 1996 3185 2041 vestros
3215 1989 3483 2052 ernissetis,
3508 2000 3546 2043 et
3567 1991 3634 2041 de-

2086 2068 2283 2123 dissetis
2310 2072 2433 2125 mihi
2455 2074 2472 2141 (
2492 2072 2607 2128 Gal.
2648 2075 2701 2129 4.
2748 2078 2814 2132 15
2833 2077 2886 2146 );
2914 2088 2969 2132 el.
2994 2078 3061 2133 de
3081 2080 3633 2147 Thessalonicensilnis,

2091 2160 2306 2227 Qualem
2331 2165 2591 2218 introitum
2622 2168 2943 2223 habuerimus
2970 2172 3040 2223 ad
3068 2186 3151 2224 vos
3174 2175 3190 2240 (
3214 2175 3263 2227 1.
3291 2172 3467 2227 Thess.
3498 2175 3541 2228 i.
3561 2173 3632 2239 91;

2086 2260 2141 2306 ct
2185 2268 2371 2307 rursus
2416 2255 2483 2309 de
2514 2258 2817 2324 Timotheo,
2850 2260 3047 2314 Mentor
3076 2265 3417 2334 lacrymarum
3447 2276 3633 2326 tuarum,

2088 2353 2141 2395 ut
2166 2344 2353 2413 gaudio
2380 2346 2597 2416 implear
2628 2349 2715 2418 (2.
2745 2348 2878 2403 Tim.
2914 2354 2965 2406 1.
2993 2353 3085 2421 4).
3118 2356 3193 2407 Ac
3219 2355 3450 2425 denique
3475 2356 3634 2425 passim

2088 2434 2140 2487 in
2164 2435 2405 2503 epistolis
2426 2437 2528 2492 hoc
2559 2439 2758 2504 videas,
2782 2441 2954 2510 ipsum
2980 2444 3253 2513 discipulis
3276 2446 3634 2509 testiﬁcantem,

2086 2526 2229 2593 quod
2253 2537 2307 2581 et
2336 2543 2430 2581 eos
2459 2537 2606 2585 amet
2648 2540 2704 2585 et
2748 2533 2983 2588 vicissim
3010 2535 3078 2587 ab
3106 2537 3168 2590 iis
3194 2546 3439 2591 ametur:
3462 2553 3554 2591 non
3576 2548 3636 2590 ta-

2087 2632 2209 2672 men
2256 2619 2519 2675 similiter.
2567 2621 2663 2675 llic
2698 2638 2909 2693 quoque
2948 2624 3112 2690 dicit,
3148 2625 3283 2681 Licet
3329 2630 3636 2682 abundantius

2086 2718 2172 2763 vas
2196 2709 2432 2781 diligens,
2460 2714 2625 2768 minus
2652 2715 2838 2785 diligor
2862 2718 2949 2787 (2.
2996 2718 3113 2773 Cor.
3162 2720 3249 2774 l2.
3305 2723 3434 2794 15).
3467 2723 3631 2777 Verum

2086 2802 2191 2859 hoc
2217 2806 2433 2874 quidem
2460 2807 2526 2860 ad
2553 2808 2792 2877 epistola:
2841 2811 3041 2865 calcem
3069 2814 3175 2873 ait,
3232 2815 3446 2869 interim
3488 2825 3634 2869 autem

2086 2898 2284 2964 acrius,
2303 2898 2421 2953 Non
2438 2904 2825 2970 angustiamini,
2842 2905 3031 2974 inquit,
3048 2908 3099 2960 in
3124 2909 3285 2973 nobis,
3309 2910 3635 2980 angustiamini

2087 3002 2255 3045 autem
2280 2998 2332 3044 in
2361 2993 2594 3046 cordibus
2619 2997 2808 3048 vestris.
2844 2996 2969 3057 Vos.
3006 3000 3204 3068 inquit,
3240 3016 3407 3053 unum
3442 3002 3633 3069 capitis;

2086 3100 2186 3155 ego
2216 3086 2401 3140 urbem
2437 3087 2737 3141 universam
2770 3104 2831 3141 ac
2877 3090 3083 3158 plebem
3132 3103 3355 3146 laniant.
3381 3093 3486 3147 Nec
3510 3093 3633 3151 dixit.

2088 3175 2203 3232 Non
2248 3192 2346 3231 nos
2374 3178 2563 3246 capitis
2587 3219 2600 3239 ,
2642 3179 2735 3233 sed
2760 3221 2773 3243 ,
2806 3181 3173 3249 Angustiamini
3192 3199 3210 3245 ;
3243 3183 3383 3236 idem
3424 3183 3635 3235 nimirum

2086 3267 2448 3329 subindicans,
2480 3269 2572 3323 sed
2607 3269 2838 3324 molliori
2866 3271 3030 3325 verbo
3061 3282 3211 3326 utens
3234 3316 3246 3335 ,
3289 3289 3358 3329 ne
3384 3275 3547 3328 acrius
3562 3289 3635 3325 ους

2086 3358 2493 3429 persuingeret.
2518 3362 2605 3415 15.
2634 3360 2877 3415 Εαηιάεηι
2913 3372 3084 3416 autem
3119 3364 3358 3419 habentes
3384 3382 3635 3419 rationera-

2085 3452 2292 3517 tionem,
2331 3461 2587 3521 tamquam
2618 3452 2740 3519 ﬁliis
2768 3454 2901 3517 dico,
2950 3453 3236 3507 dilatamini
3283 3467 3332 3509 et
3361 3472 3466 3510 vos.
3507 3455 3633 3519 Atqui

2085 3544 2304 3598 minime
2330 3558 2427 3613 par
2449 3551 2550 3607 est,
2584 3544 2728 3613 prius
2750 3547 2938 3612 amari,
2980 3546 3173 3601 deinde
3195 3563 3397 3602 amane.
3420 3547 3635 3613 Quamvis

2084 3636 2227 3690 enim
2258 3649 2439 3704 parem
2468 3636 2669 3690 amoris
2697 3650 3000 3690 mensuram
3025 3638 3147 3707 quis
3191 3638 3408 3705 atterat,
3452 3637 3545 3691 hoc
3572 3648 3635 3687 ta-

2085 3742 2209 3781 men
2249 3726 2466 3781 nomine
2508 3728 2760 3792 vincitur,
2792 3728 2932 3797 quod
2975 3727 3241 3797 posterior
3288 3730 3358 3782 ad
3389 3727 3635 3783 amandum

2087 3818 2315 3872 venerit.
2349 3817 2545 3871 Verum
2576 3817 2689 3872 ha-c
2731 3834 2834 3872 non
2864 3826 3110 3873 accurate
3158 3819 3376 3888 requiro
3398 3860 3415 3885 ,
3465 3818 3634 3887 inquit;

2086 3908 2219 3963 mihi
2244 3910 2371 3962 satis
2394 3907 2573 3971 fuerit,
2607 3909 2650 3963 si
2682 3910 2762 3962 vel
2792 3924 2910 3964 meo
2933 3924 3117 3965 amore
3146 3911 3441 3979 provocati,
3472 3923 3637 3963 mutua:

2086 4016 2212 4071 erga
2234 4017 2319 4054 me
2350 4002 2732 4056 benevolentia:
2760 4002 3200 4071 signiﬁcationem
3244 4002 3536 4072 pne-beatis,
3573 3998 3638 4051 di-

2089 4094 2194 4165 ligo
2221 4103 2275 4148 et
2322 4094 2641 4162 amplector.
2684 4092 2894 4157 POStea,
2933 4103 2990 4147 ut
3031 4108 3125 4147 eos
3160 4092 3228 4147 ad
3266 4091 3370 4148 hoc
3414 4089 3639 4160 obstringi

2088 4187 2359 4249 ostendat,
2398 4197 2557 4256 atque
2584 4200 2645 4239 ea
2692 4201 2813 4256 qua:
2843 4185 2971 4240 dicit
2998 4186 3066 4240 ab
3093 4186 3239 4240 omni
3292 4186 3638 4240 assentatian

2090 4280 2395 4349 sustiicione
2422 4278 2675 4342 vindicet,
2701 4275 2976 4347 Tamquam
3008 4277 3126 4346 ﬁliis
3147 4278 3282 4343 dico,
3313 4278 3500 4346 inquit.
3526 4271 3637 4342 Quid

2088 4385 2192 4436 esn,
2224 4370 2503 4441 Tamquam
2524 4369 2688 4439 ﬁliis?
2711 4368 2795 4423 Nil
2823 4369 2997 4439 magni
3027 4370 3257 4439 postulo,
3280 4369 3350 4437 si,
3374 4384 3493 4424 cum
3516 4376 3638 4437 pater

2091 4474 2267 4521 vester
2286 4466 2408 4529 siin,
2432 4479 2462 4517 a
2495 4463 2643 4516 vohis
2667 4463 2832 4516 amari
2856 4462 3038 4516 velim.

2170 4557 2321 4610 Pauli
2347 4556 2611 4621 prudentia
2637 4565 2685 4609 et
2705 4555 2969 4608 modestia.
2991 4582 3063 4593 —-
3088 4554 3167 4608 Ac
3204 4553 3324 4608 vide
3353 4554 3512 4623 ipsius
3538 4565 3639 4619 pru-

2092 4650 2326 4705 dentiam
2355 4659 2410 4704 et
2434 4647 2773 4701 modestiam.
2798 4645 2914 4700 Non
2938 4645 3025 4700 hic
3048 4646 3281 4716 pericula
3307 4661 3402 4714 pro
3424 4643 3540 4713 ipsis
3564 4654 3637 4692 su-

2093 4751 2297 4810 scepta,
2328 4756 2434 4794 non
2461 4739 2674 4794 labores
2702 4754 2767 4793 ac
2796 4749 2997 4792 mortes
3026 4738 3189 4807 ponit,
3220 4737 3460 4806 quamvis
3503 4731 3636 4787 mults

2093 4833 2357 4902 ejusmodi
2401 4844 2827 4886 commemorare
2870 4837 3063 4898 queat;
3092 4828 3225 4882 adeo
3264 4828 3335 4881 ab
3362 4825 3500 4880 omni
3529 4824 3637 4875 [astu

2094 4927 2301 4979 alienus
2327 4933 2445 4985 est;
2492 4937 2676 4977 verum
2727 4937 2891 4975 unum
2921 4920 3044 4986 hoc,
3100 4920 3240 4990 quod
3286 4933 3383 4972 eos
3418 4927 3565 4976 amet,
3590 4922 3639 4963 ac

2098 5014 2319 5087 proinde
2338 5015 2503 5068 amari
2530 5028 2740 5083 quoque
2778 5012 2901 5065 velit
2931 5030 2944 5066 :
2977 5012 3109 5078 Quia
3150 5019 3301 5082 pater
3326 5019 3496 5063 vester
3518 5018 3635 5061 smn.

2097 5110 2299 5178 inquit,
2327 5108 2448 5176 quia
2473 5104 2736 5159 acerrimo
2761 5105 2922 5158 vestri
2950 5118 3134 5157 amore
3163 5102 3436 5155 incendor.
3464 5094 3635 5151 Etenim

2097 5200 2222 5254 illud
2244 5212 2387 5268 sirpe
2421 5213 2545 5253 eum
2583 5196 2671 5266 qui
2701 5205 2910 5249 amatur
2931 5192 3170 5257 ollendit,
3196 5208 3315 5246 cum
3345 5190 3461 5261 quis
3480 5185 3637 5240 collata

2098 5294 2151 5347 in
2190 5307 2314 5347 eum
2355 5290 2608 5345 beneﬁcia
2640 5287 2874 5357 profert;
2905 5285 3229 5355 exprobrare
3266 5284 3407 5337 enim
3448 5280 3634 5332 videtur.

2097 5385 2357 5452 Quocirca
2410 5382 2512 5435 hoc
2541 5380 2761 5434 minime
2787 5378 2913 5432 facit
2965 5376 3180 5439 Paulus,
3213 5390 3419 5437 verum,
3471 5370 3528 5425 [ι
3566 5364 3636 5418 lilii

2101 5486 2375 5548 parentem
2403 5472 2626 5543 diligite,
2660 5471 2863 5539 inquit:
2888 5466 3031 5539 quod
3050 5465 3263 5535 quidem
3285 5474 3479 5519 natura:
3499 5457 3636 5529 potius

2099 5584 2201 5636 est,
2232 5586 2297 5625 ac
2324 5570 2428 5622 tale
2450 5576 2508 5620 ut
2533 5566 2666 5635 patri
2690 5564 2790 5617 hoc
2818 5578 2916 5616 suo
2943 5561 3167 5631 quisque
3191 5569 3439 5628 priestare
3462 5553 3633 5609 debent-

2101 5662 2313 5724 Postea,
2347 5674 2414 5713 ne
2442 5657 2564 5727 quis
2587 5654 2857 5710 existimet
2882 5668 3003 5707 eum
3033 5665 3129 5705 sua
3154 5665 3309 5705 causa
3334 5648 3446 5727 hinc
3472 5644 3634 5699 diem.

2100 5756 2433 5811 demonstrat
2475 5765 2536 5805 se
2575 5746 2873 5803 commodis
2899 5757 3083 5800 eorum
3112 5743 3409 5805 consulere,
3437 5753 3543 5790 cuin
3566 5746 3635 5783 eo-

2106 5866 2222 5909 rum
2270 5843 2694 5904 benevolentiam
2721 5839 2791 5895 ad
2818 5854 2877 5895 se
2918 5836 3139 5893 attrahit
3168 5854 3180 5888 :
3208 5834 3345 5892 unde
3376 5831 3519 5886 etiam
3540 5820 3633 5878 sulr
