3696 6212
87 388 172 444 491
1113 382 1183 440 IN
1226 383 1442 440 EPIST.
1487 383 1526 439 ll
1563 381 1652 438 AD
1691 381 1849 440 (ΞΟΠ.
1891 381 2125 441 ΠΟΜΠ..
2159 382 2300 439 XIII.

86 507 310 558 ἅπτεται.
351 495 475 548 Τίνο
516 490 610 550 οὖν
648 495 766 550 ἐστι
791 495 862 549 τὰ
895 493 992 565 τῆς
1022 495 1246 568 ἀγάπης
1275 496 1622 561 ἐνδεικτικά;

85 593 146 650 Τὸ
169 589 349 656 στόμα
375 586 543 656 ἡμῶν
555 587 778 656 ἀνέῳγε
803 587 953 655 πρὸς
976 586 1151 657 ὑμᾶς,
1179 589 1495 656 Κορίνθιοι.
1519 588 1628 640 Kal

84 685 219 735 ποῖον
264 676 426 730 τοῦτο
463 679 689 746 σημεῖον
714 678 936 748 ἀγάπης
966 694 982 744 ;
1015 678 1066 731 τί
1099 678 1156 732 δὲ
1186 682 1283 732 καὶ
1323 678 1470 732 ἐστιν
1491 678 1631 740 ὅλως

81 773 134 824 τὸ
167 768 490 841 είρημένονς
528 767 642 820 Οὐκ
679 767 1010 837 ἀνεχόμεθα,
1057 769 1216 839 φησὶ,
1279 770 1440 839 σιγᾷν
1490 767 1630 838 πρὸς

82 861 234 931 ὑμᾶς,
277 856 391 910 ἀλλ’
449 857 536 910 ἀεὶ
584 856 884 927 βουλόμεθα
911 859 1006 910 καὶ
1051 857 1430 929 ἐπιθυμοῦμεν
1465 857 1632 927 φθέγ-

82 951 256 1022 γεσθαι
302 950 394 1003 καὶ
440 948 789 1017 διαλέγεσθαι
830 950 960 1016 ὑμῖν
985 967 998 982 ·
1035 951 1172 1021 ὅπερ
1203 950 1323 1016 ἐθος
1349 950 1460 1004 τῶν
1489 951 1630 1018 ἀγα-

78 1045 290 1098 πώντων
318 1041 453 1096 ἐστί.
488 1042 595 1094 Καὶ
620 1041 732 1112 γάρ-
750 1041 888 1112 ὅπερ
911 1042 1049 1095 εἰσὶν
1073 1043 1166 1096 ἐπὶ
1185 1043 1442 1114 σώματος
1466 1059 1628 1112 περι-

75 1136 259 1190 πλοκαὶ
304 1133 528 1206 χειρῶν,
571 1132 734 1186 τοῦτο
781 1135 873 1187 ἐπὶ
910 1133 1088 1205 ψυχῆς
1133 1133 1391 1188 συνουσία
1445 1132 1628 1201 λόγου.

70 1229 218 1286 Μετά
273 1228 329 1281 δὲ
386 1227 579 1282 τούτου
629 1229 726 1282 καὶ
771 1228 962 1301 ἕτερον
1011 1230 1334 1283 αἰνίττεται.
1364 1231 1526 1282 Ποῖον
1562 1228 1629 1298 δὴ

68 1322 251 1386 τοῦτο;
286 1320 413 1374 Ὀτι
464 1321 642 1374 πάντα
693 1321 831 1391 μετὰ
874 1323 1193 1394 παρρησίας
1263 1324 1391 1392 ὑμῖν
1443 1319 1626 1374 διαλε-

65 1412 264 1484 γόμεθα
285 1451 300 1474 ,
330 1412 407 1474 ὡς
457 1415 798 1485 ἀγαπητοῖς,
827 1414 921 1467 καὶ
962 1415 1116 1468 οὐδὲν
1177 1413 1632 1484 ύποστελλόμενοι

65 1506 178 1560 οὐδὲ
203 1505 608 1575 ταμιευόμενοι.
651 1505 869 1575 Ἐπειδὴ
909 1505 1018 1576 γὰρ
1051 1506 1238 1560 λοιπὸν
1257 1506 1632 1576 μέλλειέπιτι-

67 1599 194 1668 μᾷν,
237 1598 573 1666 συγγνώμην
609 1599 768 1659 αίτεῖ,
799 1599 930 1651 αὐτὸ
954 1599 1015 1652 τὸ
1035 1601 1293 1670 ἐπιτιμᾷν
1326 1598 1463 1670 μετὰ
1486 1601 1632 1671 παρο

64 1690 256 1762 ῥησίας
304 1689 602 1754 ἀπόδειξιν
641 1689 968 1759 ποιούμενος
1026 1691 1122 1743 τοῦ
1171 1690 1378 1762 σφόδρα
1433 1691 1632 1753 αὐτοὺς

59 1783 250 1850 φιλεῖν.
307 1781 480 1852 Καὶή
521 1783 808 1854 προσθήκη
875 1783 931 1835 δὲ
965 1781 1059 1836 τοῦ
1129 1782 1394 1852 ὀνόματος
1447 1782 1635 1852 φιλίας

61 1872 262 1941 πολλῆς
322 1873 420 1924 καὶ
471 1872 768 1936 διαθέσεως
825 1873 920 1925 καὶ
971 1871 1343 1944 θερμότητος·
1371 1874 1466 1926 καὶ
1529 1872 1634 1944 γάρ

54 1961 202 2034 [551]
227 1961 510 2032 εἰώθαμεν.
534 1963 642 2015 τῶν
679 1964 1060 2034 ἀγαπωμένων
1084 1964 1320 2033 συνεχῶς
1345 1963 1529 2036 γυμνά
1563 1964 1635 2019 τὰ

51 2056 295 2124 ὀνόματα
323 2055 731 2126 περιστρέφειν.
781 2057 850 2108 Ἡ
869 2055 1080 2123 καρδία
1106 2053 1276 2124 ἡμῶν
1294 2053 1634 2110 πεπλάτυν-

47 2166 165 2202 ται.
194 2147 473 2218 Καθάπερ
528 2148 638 2218 γάρ
679 2149 740 2201 τὸ
800 2149 1093 2219 θερμαῖνον
1121 2150 1371 2221 εὖρύνειν
1389 2149 1582 2204 εῖωθεν
1613 2167 1629 2182 ⁸

45 2240 189 2293 οὕτω
243 2241 340 2294 καὶ
401 2239 504 2308 τῆς
560 2239 783 2306 ἀγάπης
826 2240 994 2309 ἔργον
1041 2240 1102 2294 τδ
1162 2240 1453 2293 πλατύνειν
1491 2239 1627 2294 ἐστι.

43 2331 238 2401 Θερμῆ
293 2329 410 2400 γάρ
453 2331 602 2383 ἐστιν
631 2332 664 2401 ή
706 2329 875 2400 ἀρετὴ
908 2330 1000 2383 καὶ
1033 2329 1251 2395 ζέουσα.
1283 2329 1430 2401 Αὕτη
1455 2329 1633 2383 καὶτὸ

45 2426 226 2494 στόμα
258 2423 566 2478 ἀνεπέτασε
597 2422 808 2476 Παύλου
839 2463 853 2487 ,
877 2423 974 2476 καλ⁸
1004 2424 1102 2494 τὴν
1132 2423 1360 2494 καρδίαν
1391 2422 1631 2476 ἐπλάτυ-

44 2531 154 2568 νεν.
192 2512 336 2567 Οὐδὲ
369 2513 479 2582 γάρ
516 2512 594 2582 τῷ
624 2513 852 2582 στόματι
878 2511 1038 2582 μόνον
1067 2512 1225 2581 φιλῶ,
1257 2511 1422 2582 φησὶν
1442 2552 1458 2576 ,
1495 2510 1634 2565 ἀλλά

41 2605 133 2658 καὶ
177 2604 286 2674 τὴν
346 2603 578 2674 καρδίαν
627 2602 958 2672 συνᾴδουσαν
991 2601 1119 2672 ἔχω.
1156 2602 1256 2656 Διά
1296 2602 1459 2656 τοῦτο
1494 2602 1633 2669 μετά

41 2694 376 2766 παρρησίας
407 2693 749 2764 φθέγγομαι,
773 2693 879 2764 ὅλῳ
903 2693 982 2764 τῷ
1016 2694 1266 2764 στόματι,
1303 2693 1399 2766 ὅλῃ
1425 2696 1492 2766 τῇ
1513 2694 1631 2748 δια⁶

41 2786 175 2840 vola.

106 2877 290 2931 Ούδέν
331 2875 446 2946 γὰρ
491 2875 594 2945 τῆς
639 2874 854 2928 Παύλου
913 2873 1143 2946 καρδίας
1187 2871 1564 2944 πλατύτερον,
1596 2872 1632 2943 η

41 2969 164 3032 ιοὺς
213 2968 461 3030 πιστοὺς
499 2967 770 3030 ἅπαντας,
812 2965 1067 3036 καθάπερ
1107 2964 1172 3018 ἄν
1213 2981 1298 3027 τις
1331 2962 1629 3035 ἐρώμενον,

41 3061 177 3113 >ὖτω
218 3059 482 3130 σφοδρῶς
513 3058 732 3129 ⁴ὴγάπα,
773 3058 833 3111 ού
867 3056 1192 3127 σχιζομένης
1224 3055 1387 3108 αὑτοῦ
1415 3056 1514 3125 τῆς
1544 3073 1637 3126 φι-

43 3153 148 3213 δίας
186 3152 290 3203 καὶ
319 3149 722 3220 ἀσθενεστέρας
745 3148 1038 3218 γινομένης
1073 3145 1190 3200 ἀλλ’
1223 3145 1522 3217 ὁλοκλήρου
1573 3146 1634 3198 ἐν

43 3244 256 3311 ικάστῳ
309 3239 608 3311 μενούσης.
647 3240 756 3292 Kal
806 3239 858 3291 τί
901 3237 1214 3308 θαυμαστὸν
1241 3237 1334 3290 ἐπὶ
1376 3235 1585 3289 πιστῶν
1614 3277 1629 3302 ,

47 3351 157 3387 που
191 3349 263 3401 γε
301 3331 407 3384 καὶ
440 3332 532 3384 ἐπὶ
547 3331 657 3384 τῶν
687 3331 931 3384 ἀπίστων
959 3329 1056 3401 τὴν
1080 3329 1414 3398 οἰκουμένην
1449 3330 1637 3382 πᾶσαν

48 3427 254 3496 δέχετο
288 3426 326 3495 ἡ
357 3423 562 3494 καρδία
590 3422 806 3476 Παύλου
831 3438 850 3488 ;
885 3422 982 3474 Διά
1009 3421 1168 3474 τοῦτο
1193 3422 1293 3474 ούκ
1315 3416 1458 3484 εἷπε,
1486 3419 1630 3473 Φιλῶ

52 3519 198 3589 μᾶς,
231 3514 370 3569 ἀλλ’
401 3513 903 3584 ἐμφαντικώτερον,
937 3512 1011 3565 Τὸ
1038 3514 1232 3580 στόμα
1260 3512 1428 3581 ἡμῶν
1452 3513 1635 3578 ἀνέφ-

45 3625 129 3661 ἐν
150 3647 166 3671 ,
205 3607 250 3675 ἡ
289 3604 520 3673 καρδία
552 3602 721 3672 ἡμῶν
749 3603 1164 3657 πεπλάτυνται
1185 3621 1201 3636 ·
1235 3603 1445 3666 πάντας
1489 3602 1635 3656 ἔνδον

45 3715 232 3769 χομεν
269 3713 287 3728 ο
324 3697 430 3750 καὶ
462 3695 592 3748 οὐδὲ·
618 3693 780 3748 τοῦτο
817 3695 1030 3760 ἁπλῶς,
1081 3693 1216 3748 ἀλλά
1250 3691 1634 3767 μετ”εύρυχω-

48 3792 142 3854 {ac
178 3788 432 3860 πολλῆς.
481 3787 678 3858 Ὂ-γάρ
697 3786 1045 3858 φιλούμενος,
1080 3785 1219 3857 μετά
1249 3785 1454 3856 πολλῆς
1485 3785 1634 3838 ἐνδον

47 3901 68 3934 ν
115 3884 196 3953 τῇ
250 3880 470 3950 καρδίᾳ
506 3878 602 3932 τοῦ
631 3877 910 3947 φιλοῦντος
939 3876 1144 3947 βαδίζει
1177 3876 1281 3946 τῆς
1303 3877 1490 3941 ἀδείας
1515 3895 1528 3909 ·
1551 3877 1634 3931 διό

47 3990 187 4043 ησιν
211 3973 362 4036 ,Οὐ
417 3967 891 4038 στενοχωρεῖσθε
922 3968 992 4021 ἐν
1035 3967 1216 4036 ἡμῖν,
1253 3967 1634 4039 στενοχωρεῖ-

49 4068 120 4120 9ε
159 4064 244 4118 δὲ
267 4063 356 4118 ὲν
392 4061 520 4126 τοῖς
553 4061 934 4131 σπλάγχνοις
961 4057 1151 4128 ὑμῶν.
1180 4059 1298 4114 Kal'
1326 4059 1425 4132 τὴν
1455 4060 1632 4114 ἐπιτί-

49 4175 187 4229 ησιν
232 4158 364 4227 ὅρα
417 4153 556 4224 μετά
606 4153 822 4223 φειδοῦς
858 4150 1156 4221 γινομένην
1193 4167 1208 4184 ο
1233 4150 1263 4204 δ
1296 4151 1405 4204 τῶν
1429 4151 1634 4223 σφόδρα

50 4247 350 4304 ,λοὺντων
389 4244 540 4300 ἐστίν
563 4284 582 4299 .
612 4244 727 4298 Ούκ
746 4239 920 4308 εἶπεν,
949 4243 1023 4295 Ού
1055 4242 1260 4312 φιλεῖτε
1287 4243 1456 4314 ἡμᾶς,
1495 4243 1634 4309 ἀλλ’,

49 4343 68 4394 5
121 4338 295 4412 μετὰ
355 4335 460 4390 τοῦ
484 4333 652 4390 αὑτοῦ
680 4334 880 4406 μέτρου
908 4350 923 4363 ο
955 4333 1017 4387 ού
1050 4333 1160 4404 γὰρ
1186 4332 1436 4404 βούλεται
1455 4333 1634 4389 αὐτῶν

51 4433 230 4505 ιόδρα.
290 4427 684 4498 καθάψασθαι.
740 4426 850 4479 Kal
892 4424 1172 4496 πανταχοῦ
1219 4425 1278 4478 δέ
1321 4425 1421 4479 ίδοι
1453 4441 1537 4489 τις
1567 4423 1635 4479 ἂν

51 4527 117 4590 ῦς
153 4523 491 4580 ἐκκαίεται
541 4521 651 4575 τῶν
686 4521 916 4581 πιστῶν,
965 4519 1206 4587 ἐκλέγων
1252 4519 1488 4589 ἑκάστης
1512 4519 1636 4571 ἐπιο

55 4620 216 4691 ολῆς
255 4615 456 4672 αὐτοῦ
481 4615 549 4667 τὰ
575 4615 817 4685 ῥήματα.
859 4612 1163 4682 Ῥωμαίοις·
1193 4610 1290 4681 μὲν
1316 4609 1424 4680 γάρ
1448 4625 1632 4679 φησιν,

54 4708 348 4766 πιστοθῶ
388 4707 460 4761 δὲ
508 4706 656 4760 ἰδεῖν
675 4704 864 4776 ὑμᾶς’
903 4705 1017 4768 καὶ,
1050 4702 1355 4768 Πολλάκις
1395 4699 1632 4767 προεθέ-

53 4821 113 4860 vr
170 4799 428 4856 ἐλθεῖν
469 4796 618 4866 πρὸς
670 4797 824 4866 ὑμᾶς
855 4796 1030 4860 ··καὶ,
1065 4795 1140 4848 El
1169 4806 1294 4860 πως
1335 4792 1451 4862 ἤδη
1490 4789 1637 4846 ποτὲ

53 4894 510 4962 οὸωθήσομαι
529 4889 730 4944 ἐλθεῖν
751 4888 900 4956 πρὸς
925 4885 1099 4956 ὑμᾶς.
1126 4886 1390 4950 Γαλάταις
1406 4885 1462 4939 δέ
1479 4903 1632 4957 φησι,

58 4992 234 5044 Atria
281 5003 466 5057 μου,
507 4982 615 5048 οὒς
662 4981 848 5034 πάλιν
877 4980 1100 5033 ὠδίνω·
1135 4978 1402 5047 Ἐφεσίοις
1448 4978 1632 5041 πάλιν,

59 5085 242 5136 ὑτου
255 5075 474 5148 χάριν
491 5073 739 5143 κάμπτω
762 5071 832 5124 τὰ
848 5067 1072 5141 γόνατά
1093 5086 1215 5138 μου
1247 5068 1400 5136 ὑπὲρ
1434 5066 1600 5138 ὑμῶν
1617 5109 1630 5123 .

55 5170 442 5240 ..ιππησίοις
480 5165 558 5228 δὲ,
612 5164 706 5229 Τίς
738 5162 848 5232 γάρ
874 5163 979 5232 μοί
1012 5161 1183 5214 ἐστιν
1203 5160 1376 5224 ἐλπὶς
1409 5159 1447 5228 ἢ
1482 5160 1636 5228 χαρὰ

55 5267 432 5334 γτέφανος
482 5256 885 5325 καυχήσεως;
922 5255 959 5322 ἢ
998 5253 1133 5322 οὐχὶ
1167 5251 1264 5305 καὶ
1288 5251 1496 5320 ’ίιμεῖς;
1542 5252 1631 5306 καὶ

57 5364 134 5432 τῇ
177 5351 444 5426 καρδίᾳ
471 5349 568 5404 καὶ
600 5351 658 5401 ἐν
688 5349 800 5411 τοῖς
848 5347 1065 5416 δεσμοῖς
1088 5345 1283 5408 αὐτοὺς
1317 5342 1636 5414 περιφέρειν

63 5470 144 5522 γε
179 5467 196 5480 ο
228 5439 658 5502 Κολοισσαεῦσι
687 5438 766 5502 δὲ,
800 5436 961 5490 Θέλω
982 5434 1050 5488 δὲ
1081 5432 1239 5504 ὑμᾶς
1262 5432 1482 5487 εἰδέναι
1505 5432 1638 5501 ἠλί-

57 5564 90 5594 ,ρ
135 5538 408 5610 ἀγῶνα
440 5531 554 5602 ἔχω
579 5530 732 5599 ὑπὲρ
762 5526 928 5598 ὑμῶν
953 5568 968 5594 ,
1006 5526 1103 5580 καὶ
1137 5525 1272 5579 ὅσοι
1315 5525 1425 5594 οὐχ
1459 5522 1638 5592 ἐωρὰ-

57 5638 131 5693 γί
147 5650 253 5705 με
295 5629 402 5682 ἐν
447 5623 626 5693 σαρκὶ
656 5664 671 5690 ,
694 5623 793 5675 ἵνα
827 5616 1298 5687 παρακληθῶσιν
1322 5621 1381 5672 al
1404 5616 1638 5684 καρδίαι

59 5730 149 5783 δν
189 5744 207 5758 ο
253 5714 763 5777 Θεσσαλονικεῦσι
798 5714 854 5767 δὲ
880 5753 896 5778 ,
942 5710 1039 5778 Ὠς
1075 5711 1153 5768 ἂν
1182 5711 1398 5780 τροφὸς
1436 5710 1636 5778 θάλπῃ

59 5810 346 5882 ἑαυτῆς
380 5825 425 5864 τ
445 5809 622 5875 έκνα,
664 5807 852 5874 οὕτως
881 5805 1232 5873 ἱμειρόμενοι
1270 5798 1436 5870 ὑμῶν
1461 5800 1633 5855 εὐδο-

3196 376 3304 432 492

1730 497 1957 568 κοῦμεν
2008 499 2152 569 ὑμῖν
2164 497 2528 568 μεταδοῦναι
2581 497 2654 550 οὐ
2689 495 2883 565 μόνον
2919 493 2987 548 τύ
3046 493 3304 564 Etiam.

1730 591 1900 656 λιον,
1928 589 2090 644 ἀλλὰ
2120 589 2220 643 καὶ
2249 591 2355 655 τὰς
2387 587 2618 642 ἑαυτῶν
2657 587 2866 657 ψυχάς
2885 603 2899 617 ·
2933 587 3186 658 Τιμοθέῳ
3220 587 3299 654 δέ,

1731 680 2127 751 Μεμνημένος
2175 697 2295 735 σου
2330 680 2450 734 τῶν
2468 681 2762 750 δακρύων,
2809 681 2911 735 ἵνα
2934 680 3123 750 χαρᾶς
3150 683 3302 749 πλη-

1724 767 1895 838 ρωθῶ
1913 787 1928 802 ο
1958 771 2206 842 Τίτῳιδὲ,
2241 770 2324 838 Τῷ
2353 770 2640 843 ἀγαπητῷ
2666 771 2893 840 τέκνῳο
2917 772 3013 826 καὶ
3041 771 3300 843 Φιλήμονι

1731 861 1955 930 ὁμοίως.

1804 956 1870 1027 β’.
1905 954 2012 1009 Kal
2038 955 2308 1028 Ἑϐραίοις
2331 955 2389 1009 δέ
2419 955 2590 1009 πολλά
2621 955 2783 1027 ἐτερα
2810 956 3034 1010 τοιαῦτα
3075 955 3298 1028 γράφει,

1733 1050 1828 1102 καὶ
1849 1049 1911 1101 ού
1939 1047 2172 1102 παύεται
2203 1046 2562 1119 παρακαλῶν,
2589 1047 2684 1101 καὶ
2708 1046 2904 1114 λέγων,
2934 1047 3062 1101 Ἔτι
3081 1047 3304 1116 μικρὸν

1733 1137 1907 1205 ὅσον,
1941 1142 1974 1194 ό
1995 1139 2317 1209 ἐρχόμενος
2347 1138 2500 1207 ἣξει,
2531 1137 2630 1192 καὶ
2659 1139 2732 1193 οὐ
2756 1137 3002 1208 χρονιεῖ·
3051 1138 3312 1210 καθάπερ

1734 1231 1931 1294 παῖδας
1961 1230 2412 1302 δυσχεραίνοντας
2447 1230 2652 1302 μήτηρ.
2678 1229 2834 1284 υῦτω
2862 1231 2956 1284 καὶ
2988 1231 3192 1294 αὐτοῖς,
3220 1233 3304 1284 Οὐ

1733 1323 2201 1392 στενοχωρεῖσθε
2231 1323 2303 1376 ἐν
2329 1322 2493 1391 ἡμῖν,
2523 1323 2707 1394 φησίν.
2747 1323 2822 1377 Οὐ
2859 1323 3010 1392 λέγει
3048 1324 3104 1377 δὲ
3143 1326 3305 1395 μόνον

1733 1413 1817 1466 ὅτι
1855 1412 2019 1482 φιλεῖ,
2050 1412 2166 1468 ἀλλ’
2193 1414 2276 1468 ὅτι
2303 1415 2400 1468 καὶ
2437 1413 2670 1483 φιλεῖται
2703 1415 2834 1486 παρ’
2866 1413 3064 1479 αὐτῶν,
3098 1415 3184 1469 ἵνα
3207 1419 3306 1471 καῒ⁷

1731 1503 1906 1575 ταύτῃ
1944 1504 2145 1575 μᾶλλον
2182 1505 2386 1569 αὐτοὺς
2413 1507 2804 1578 ἐπισπάσηται.
2845 1507 3037 1561 Καίτοι
3062 1509 3174 1571 τοῖς
3205 1508 3304 1577 μὲν

1733 1595 1893 1648 τοῦτο
1923 1596 2216 1668 μαρτυρῶν
2245 1613 2431 1666 φησιν,
2457 1597 2538 1650 ὅτι
2563 1593 2743 1654 ’Ἦλθε
2791 1598 2961 1664 Τίτος
3001 1598 3304 1668 ἀπαγγέλ-

1729 1688 1859 1742 λων
1883 1685 2028 1754 ἡμῖν
2061 1686 2176 1753 τὴν
2212 1686 2380 1755 ὑμῶν
2400 1689 2784 1756 ἐπιπόθησιν,
2809 1691 2917 1744 τὸν
2935 1690 3102 1760 ὑμῶν
3126 1690 3304 1760 ὀδυρ-

1727 1777 1867 1848 μὸν,
1896 1777 2005 1830 τὸν
2027 1777 2192 1846 ὑμῶν
2231 1776 2434 1845 ζῆλον·
2463 1781 2556 1832 καὶ
2587 1780 2875 1844 Γαλάταις,
2919 1783 2989 1834 Εἰ
3019 1781 3302 1844 δυνατὸν,

1733 1871 1878 1937 τοὺς
1911 1869 2260 1941 ὀφθαλμοὺς
2275 1871 2442 1941 ὑμῶν
2467 1870 2613 1944 [552]
2635 1872 3032 1940 ἐξορύξαντες
3060 1873 3138 1927 ἂν
3160 1873 3304 1926 ἐδώ-

1733 1962 1874 2018 κατέ
1904 1979 2035 2033 μοι’
2082 1963 2177 2016 καὶ
2209 1962 2726 2029 Θεσσαλονικεῦσιν,
2774 1965 3019 2018 Ὀποίαν
3060 1964 3306 2018 εἷσοδον

1731 2059 1997 2126 ἔσχομεν
2025 2055 2176 2124 πρὸς
2202 2054 2358 2126 ὑμᾶς
2376 2070 2390 2083 ·
2417 2056 2512 2108 καὶ
2541 2055 2790 2126 Τιμοθέῳ
2808 2056 2886 2118 δὲ,
2919 2055 3307 2126 Μεμνημένος

1733 2165 1850 2203 σου
1876 2146 1998 2201 τῶν
2029 2145 2326 2214 δακρύων,
2359 2145 2461 2198 ἵνα
2486 2142 2676 2213 χαρᾶς
2701 2145 3026 2213 πληρωθῶ..
3046 2145 3156 2198 Kal
3177 2162 3306 2199 παν-

1731 2239 1899 2310 ταχοῦ
1927 2239 1984 2292 δὲ
2014 2238 2124 2292 τῶν
2158 2236 2490 2291 Ἐπιστολῶν
2516 2236 2670 2307 εὖροι
2712 2253 2796 2300 τις
2830 2236 2896 2289 ἂν
2944 2237 3108 2290 αὑτὸν
3148 2238 3308 2290 τοῦτο

1737 2330 2121 2404 μαρτυροῦντα
2149 2331 2261 2394 τοῖς
2295 2328 2585 2402 μαθηταῖς,
2617 2329 2716 2383 καὶ
2733 2329 2820 2382 ὅτι
2848 2329 3072 2399 ἐφίλησε
3101 2329 3195 2382 καὶ
3224 2330 3312 2383 ὅτι

1732 2424 2004 2493 φιλεῖται·
2053 2422 2116 2476 ού
2167 2421 2274 2493 μὴν
2321 2419 2545 2493 δμοίως.
2599 2420 2710 2474 Kal
2741 2421 2974 2475 ἐνταῦθά
3001 2437 3187 2491 φησιν,
3236 2425 3307 2476 ει

1733 2518 1829 2570 καί
1864 2514 2304 2584 περισσοτέρως
2345 2512 2503 2584 ὑμᾶς
2534 2512 2802 2583 ἀγαπῶν,
2844 2509 3026 2584 ἧττον
3065 2513 3305 2582 ἀγαπῶ·

1733 2626 1854 2674 ιιαι.
1907 2607 2071 2660 Ἀλλά
2116 2606 2278 2660 τοῦτο
2321 2606 2420 2676 μὲν
2451 2605 2587 2677 πρὸς
2625 2604 2706 2676 τῷ
2733 2606 2899 2670 τέλει,
2923 2606 3060 2670 τέως
3091 2607 3150 2660 δὲ
3178 2623 3310 2676 σφο-

1731 2699 2006 2768 δρότερον,
2050 2698 2133 2750 Οὐ
2167 2693 2640 2763 στενοχωρεῖσθε
2679 2695 2750 2748 ἐν
2795 2696 2961 2766 ἡμῖν,
3005 2712 3308 2768 στενοχω-

1725 2790 1930 2860 ρεῖσθε
1961 2788 2030 2842 δὲ
2059 2788 2130 2842 ἐν
2162 2787 2289 2854 τοῖς
2334 2786 2714 2856 σπλάγχνοις
2764 2789 2950 2858 ὑμῶν.
2997 2789 3182 2860 Ὑμεῖς
3211 2791 3303 2844 ἕνα

1731 2883 1973 2951 δέχεσθε,
2016 2882 2203 2951 φησὶν,
2249 2879 2360 2949 ἐγὼ
2385 2880 2442 2934 δέ
2475 2881 2630 2934 πόλιν
2665 2881 2977 2951 ὁλόκληρον.
3015 2883 3108 2936 καὶ
3133 2883 3307 2954 δῆμον

1731 2974 2003 3027 τοσοῦτον.
2053 2973 2164 3026 Kal
2192 2974 2291 3026 οὐκ
2315 2968 2491 3038 εἶπεν,
2520 2973 2594 3026 Οὐ
2621 2972 2838 3043 δέχεσθε
2864 2975 3030 3044 ἡμᾶς,
3060 2972 3178 3028 ἀλλ’
3223 2976 3306 3029 ὃτι

1735 3066 2227 3136 Στενοχωρεῖσθε’
2288 3065 2350 3119 τὺ
2393 3065 2526 3120 αὐτὸ
2571 3065 2668 3136 μὲν
2720 3067 3108 3136 αίνιττόμενος,
3169 3073 3308 3138 μετά

1735 3158 1950 3228 φειδοῦς
1976 3158 2052 3219 δὲ,
2085 3158 2182 3210 καὶ
2207 3156 2302 3210 τοῦ
2335 3157 2412 3227 μὴ
2438 3157 2646 3228 σφόδρα
2679 3157 3057 3228 καθάψασθαι.
3092 3159 3210 3226 Τὴν
3239 3159 3309 3212 δὲ

1734 3250 1928 3318 αὐτὴν
1946 3249 2349 3318 ἀντιμισθίαν,
2372 3248 2452 3314 ὡς
2477 3247 2710 3314 τέκνοις
2735 3248 2909 3319 λέγω,
2929 3251 3310 3319 πλατύνθητε

1735 3344 1833 3397 καὶ
1875 3341 2062 3412 ὑμεῖς.
2095 3339 2288 3395 Καίτοι
2323 3339 2422 3393 οὐκ
2446 3339 2593 3394 ἐστιν
2631 3339 2764 3402 ίσον,
2796 3341 3058 3412 πρότερον
3086 3343 3307 3413 ἀγαπη-

1736 3433 1916 3503 θῆναι,
1945 3427 2060 3485 εἷτα
2083 3431 2386 3500 ἀγαπῆσαι.
2416 3431 2538 3484 Κάν.
2554 3431 2662 3501 γὰρ
2685 3429 2746 3483 τὸ
2776 3430 2889 3483 ῐσον
2911 3448 2994 3487 τις
3023 3433 3306 3504 εἰσενέγκῃ

1741 3525 1956 3594 μέτρον,
2018 3521 2330 3591 ἠλάττωται
2367 3519 2446 3590 τῷ
2489 3519 2740 3591 δεύτερος
2784 3521 3118 3576 ἐπανελθεῖν.
3167 3521 3308 3576 Ἀλλ’

1735 3616 1886 3684 ὅμως
1922 3613 2075 3667 οὐδὲν
2120 3611 2604 3684 ἀκριϐολογοῦμαι,
2663 3612 2817 3682 φησὶ,
2853 3612 2958 3665 κᾶν
2999 3615 3126 3684 παρ’
3171 3614 3307 3685 ἐμοῦ

1735 3704 1992 3768 λαϐόντες
2036 3703 2136 3766 τὰς
2173 3701 2350 3773 ἀρχάς
2400 3701 2461 3755 τὸ
2501 3701 2634 3755 αὐτὸ
2693 3701 2888 3772 μέτρον
2940 3703 3305 3776 ἐπιδείξησθε,

1736 3795 1935 3866 ἀγαπῶ
1965 3795 2060 3849 καὶ
2090 3794 2323 3863 στέργω.
2356 3788 2489 3846 Εἶτα
2519 3793 2603 3846 ἵνα
2641 3792 2808 3866 δείξῃ,
2844 3795 2926 3847 ὅτι
2972 3794 3066 3850 καὶ
3117 3797 3307 3870 όφειλὴ

1735 3889 1796 3942 τὸ
1831 3887 2066 3958 πρᾶγμα
2091 3880 2180 3956 ἦν,
2208 3884 2306 3937 καὶ
2330 3884 2412 3938 δτι
2437 3883 2725 3947 κολακείας
2755 3884 2910 3948 ἐκτὸς
2930 3885 2999 3939 τά
3017 3886 3136 3958 είρη
3146 3887 3304 3958 μένα,

1748 3978 1848 4043 Ὠς
1888 3977 2125 4041 τέκνοις
2168 3973 2346 4044 λέγω,
2372 3973 2529 4046 φησί.
2571 3975 2637 4028 Τί
2691 3976 2861 4040 ἐστιν,
2905 3975 3002 4042 Ὧς
3034 3977 3306 4045 τέκνοις-ς

1735 4067 1901 4122 υύδέν
1933 4065 2078 4137 μέγα
2117 4064 2274 4132 αιτῶ,
2309 4066 2359 4118 εί
2384 4065 2567 4137 πατὴρ
2602 4065 2679 4120 ὣν
2727 4065 2987 4138 βούλομαι
3039 4068 3308 4138 φιλεῖσθαι

1737 4162 1866 4232 παρ’
1891 4159 2064 4229 ὑμῶν.

1806 4252 1917 4306 Kal
1948 4251 2051 4322 δρα
2078 4249 2294 4303 σύνεσιν
2328 4249 2424 4303 καὶ
2455 4249 2937 4322 μετριοφροσύνην.
2974 4252 3048 4306 Ού
3090 4251 3305 4324 τίθησιν

1736 4341 1966 4400 ἐνταῦθα
2003 4342 2130 4405 τοὺς
2162 4339 2440 4405 κινδύνους
2467 4341 2594 4404 τοὺς
2641 4341 2785 4413 ὑπὲρ
2810 4342 2988 4396 αὐτῶν
3041 4343 3147 4397 καὶ.
3179 4345 3309 4410 τοὺς

1735 4437 1932 4499 πόνους
1962 4433 2055 4489 καὶ
2078 4433 2205 4498 τοὺς
2227 4433 2511 4496 θανάτους,
2529 4433 2704 4488 καίτοι
2738 4434 2910 4489 πολλά
2941 4435 3080 4506 ἔχων
3108 4438 3304 4491 εἰπεῖν·

1736 4527 1912 4590 οὕτως
1944 4524 2093 4578 ἐστὶν
2125 4523 2356 4591 ἀτυφος’
2391 4520 2527 4574 ἀλλά
2554 4521 2617 4574 τὸ
2654 4521 2828 4591 φιλεῖν
2847 4539 2868 4559 -·
2902 4525 2998 4576 καὶ
3036 4522 3126 4576 διά
3146 4523 3308 4576 τοῦτο

1737 4619 1880 4687 ἀξιοῖ
1905 4615 2198 4688 φιλεῖσθαι,
2218 4615 2342 4667 Ὀτι
2389 4614 2576 4686 πατὴρ
2608 4613 2761 4685 ὑμῶν
2797 4613 3082 4685 ἐγενόμην,
3114 4613 3302 4686 φησὶν,

1734 4713 1818 4768 ὅτι
1848 4709 2052 4782 σφόδρα
2080 4705 2234 4779 ὑμῶν
2265 4705 2642 4778 περικαίομαι·
2679 4703 2708 4756 ὃ
2753 4703 2986 4774 μάλιστα
3014 4703 3308 4774 προσίστα-

1737 4823 1829 4860 ται
1855 4817 1882 4846 ει
1911 4802 1990 4874 τῷ
2032 4798 2339 4871 φιλουμένῳ
2379 4797 2660 4863 πολλάκις,
2697 4797 2825 4850 ὅταν
2877 4813 2960 4859 τις
3015 4797 3162 4867 αὐτῷ
3209 4796 3309 4862 τὰς

1737 4896 2058 4972 εὐεργεσίας
2089 4891 2408 4965 προσφέρῃο
2462 4889 2611 4944 δοκεῖ
2645 4888 2755 4960 γὰρ
2783 4887 3083 4952 ὀνειδίζειν.
3117 4889 3208 4942 Διὸ
3243 4891 3307 4944 ού

1737 4990 1882 5044 ποιεῖ
1909 4986 2068 5040 τοῦτο
2105 4981 2340 5047 Παῦλος,
2372 4979 2508 5046 ἀλλ’,
2546 4979 2635 5042 Ὠς
2665 4978 2828 5031 τέκνα
2862 4976 3072 5049 πατέρα
3097 4979 3308 5050 ἀγαπήρ

1739 5098 1890 5141 σατε,
1925 5076 2111 5150 φησίν’
2142 5075 2171 5128 ὃ
2201 5076 2300 5144 τῆς
2327 5071 2541 5142 φύσεως
2570 5069 2768 5142 μᾶλλόν
2796 5070 2931 5136 ἐστι,
2967 5070 3059 5122 καὶ
3087 5069 3305 5139 ὀφειλό-

1742 5191 1902 5246 μενον
1931 5171 2146 5238 ἑκάστῳ
2194 5164 2381 5237 πατρί.
2435 5159 2568 5216 Εἶτα
2601 5163 2687 5216 ἴνα
2719 5162 2794 5234 μὴ
2822 5161 2950 5236 δόξῃ
2993 5161 3060 5215 δι’
3113 5163 3304 5216 ἑαυτὸν

1738 5264 1909 5319 ταῦτα
1957 5261 2160 5330 λέγειν,
2212 5256 2484 5311 δείκνυσιν
2512 5255 2594 5307 ὅτι
2631 5253 2716 5307 διὰ
2753 5253 2814 5306 τὸ
2846 5253 3068 5306 ἐκείνων
3115 5252 3306 5324 κέρδος

1738 5359 1833 5411 καὶ
1854 5354 1951 5426 τὴν
1985 5351 2117 5424 παρ’
2150 5347 2329 5404 αὐτῶν
2371 5349 2668 5402 ἐπισπᾶται
2701 5346 2884 5416 φιλίαν
2910 5364 2924 5378 ·
2958 5347 3040 5402 διὸ
3069 5349 3164 5401 καὶ
3205 5348 3305 5400 ἐπ-

1739 5448 1935 5519 ήγαγε,
1963 5442 2059 5511 Μὴ
2089 5441 2330 5513 γίνεσθε
2356 5437 2837 5510 ἐτεροζὶησοῦντες
2863 5438 3163 5505 ἀπίστοις.
3196 5439 3306 5494 Kal

1801 5621 1824 5648 ⁸³
1851 5620 1933 5668 Sic
1951 5617 2149 5678 omnino
2172 5615 2434 5678 legendum
2471 5619 2525 5662 ut
2581 5613 2954 5678 sqspiggtugest
3001 5603 3228 5678 Savilius_
3255 5613 3306 5656 et

1741 5680 1992 5741 interpres
2017 5668 2379 5744 Laljngs‘iegit,
2404 5678 2487 5738 qui
2515 5668 2901 5744 vertit'oﬁ'endit,
2926 5682 3026 5744 quo_
3043 5681 3192 5744 sensg
3212 5668 3307 5744 ξιςξο

1741 5730 1942 5792 ιέτῠιίω
1983 5740 2110 5800 apud
2149 5730 2545 5802 Chryé'osioinum
2599 5730 2776 5798 passiin
2833 5730 3109 5795 usufpatur.
3157 5730 3307 5793 Edui,

1750 5806 1895 5861 male.
1921 5803 2222 5868 προΐσταται.
