3780 6316
432 371 542 428 ὄυΰ

423 451 580 546 ἶπιθη,
613 480 660 535 si
693 477 787 534 Dei
817 477 1010 532 timore
1034 473 1270 528 animum
1300 474 1584 545 obseptum
1610 473 1830 539 habeas,
1854 474 2023 547 ipsius

435 575 672 628 furorem
706 569 990 639 infringes.
1021 567 1122 622 Per
1142 567 1619 624 sanctilicationem
1645 567 1750 624 hoc
1773 567 1890 624 loco
1914 583 2023 624 non

434 662 745 734 pudicitiam
775 660 1055 714 dumtaxat
1083 658 1365 728 intelligit,
1397 657 1491 713 sed
1519 659 1588 714 ab
1627 660 1772 714 omni
1805 668 2024 730 peccato

437 753 808 809 liberationem
841 769 854 804 :
882 759 1103 805 sanctus
1136 750 1282 803 enim
1305 759 1422 812 est,
1450 750 1538 818 qui
1570 751 1798 819 puritate
1825 752 2022 821 praedi-

437 853 523 898 tus
551 853 652 898 est.
693 844 862 898 Purus
894 851 1070 894 antem
1101 852 1210 894 tum
1235 840 1451 894 demum
1471 841 1609 896 effici
1635 843 1898 912 quispiam
1928 858 2022 912 po-

438 934 583 1000 terit,
615 935 659 989 si
683 951 788 987 non
811 932 982 986 solum
1010 932 1339 987 scortatiene
1365 942 1551 996 vacet.
1581 933 1674 987 sed
1705 934 1865 987 etiam
1890 949 2021 988 ava-

436 1027 580 1092 ritia,
610 1026 799 1089 livore,
830 1024 1158 1093 arrogantia,
1189 1022 1337 1076 inani
1358 1023 1523 1089 gloria
1556 1041 1574 1077 :
1599 1039 1664 1079 ac
1685 1025 2020 1093 potissimum

437 1118 538 1173 hac
588 1127 894 1187 postrema,
943 1130 1062 1184 qua:
1115 1115 1169 1168 in
1225 1114 1474 1167 omnibus
1520 1115 1679 1169 rebus
1726 1115 2018 1186 fugienda,

437 1210 770 1276 maximeque
819 1206 871 1259 in
918 1205 1296 1276 eleemosyna;
1352 1222 1472 1258 nam
1519 1207 1863 1278 eleemosyna
1914 1225 2019 1264 non

434 1303 622 1366 fuerit,
653 1301 696 1354 si
725 1301 826 1354 hoc
863 1299 1052 1354 morbo
1089 1298 1332 1364 laboret,
1365 1297 1457 1352 sed
1484 1301 1771 1354 ostentatio
1798 1309 1852 1356 et
1893 1317 2021 1356 cru-

433 1392 644 1446 delius.

507 1482 844 1552 Eleemosyna
871 1480 1204 1535 ostentatione
1223 1489 1392 1532 careat
1411 1490 1627 1548 Oportet.
1647 1512 1720 1522 —
1739 1482 1868 1537 Nam
1897 1499 2020 1541 cum

433 1577 500 1632 ad
529 1577 858 1645 largiendum
889 1591 994 1629 non
1040 1575 1415 1640 miseratione,
1448 1575 1543 1630 sed
1590 1577 1832 1633 beneﬁcii
1873 1579 2022 1634 evul-

433 1669 591 1740 gandi
635 1670 812 1725 studio
848 1668 1092 1734 duceris,
1126 1684 1232 1722 non
1266 1668 1427 1723 modo
1454 1668 1504 1722 id
1547 1670 1886 1742 eleemosyna
1915 1687 2020 1727 non

433 1771 536 1828 est,
567 1764 659 1818 sed
684 1763 843 1816 etiam
866 1762 1188 1815 contumelia
1219 1780 1232 1816 :
1263 1761 1477 1815 fratrem
1501 1763 1697 1832 quippe
1720 1764 2016 1819 traduxisti.

435 1853 665 1909 Proinde
695 1869 802 1906 non
843 1853 1096 1921 pecunias
1125 1853 1494 1905 tantummodo
1521 1853 1652 1908 dare
1679 1855 2020 1927 eleemosyna

431 1956 547 2009 cst,
575 1945 667 2000 sed
698 1961 763 2000 ex
791 1945 1261 1998 commiseratione
1283 1945 1432 2000 dare.
1477 1946 1917 2017 Quandoquidem
1949 1949 2016 2014 ii,

431 2038 518 2106 qni
549 2037 599 2090 in
631 2035 853 2090 theatris
881 2043 1158 2104 spectant,
1191 2044 1300 2088 tum
1333 2037 1552 2090 cinacdis
1579 2037 1874 2108 largiuntur
1909 2050 2024 2096 tum

431 2129 550 2182 aliis
576 2130 662 2198 qui
707 2128 758 2181 in
803 2142 963 2181 scena
995 2137 1296 2188 versantur,
1326 2143 1424 2182 nec
1451 2138 1626 2182 tamen
1658 2145 1721 2184 ea
1763 2145 1850 2186 res
1877 2131 2022 2187 elec-

439 2233 662 2288 mosyna
699 2226 812 2282 est;
845 2225 899 2271 et
925 2217 1012 2286 qui
1044 2233 1163 2270 cum
1193 2218 1383 2271 scortis
1412 2219 1852 2288 congrediuntur,
1893 2223 2022 2278 dant

433 2307 652 2378 quidem
694 2307 858 2370 item,
911 2323 1009 2360 nec
1046 2317 1220 2360 tamen
1270 2309 1570 2362 humanitas
1600 2309 1649 2364 id
1679 2311 1781 2365 dici
1810 2321 2016 2381 potest,

430 2399 526 2454 sed
573 2399 913 2454 contumelia.
966 2399 1099 2452 lluic
1143 2415 1303 2467 porro
1343 2415 1448 2454 non
1495 2400 1771 2458 dissimilis
1803 2412 1888 2457 est
1929 2407 2018 2474 qui

427 2491 615 2562 gloriae
640 2491 933 2558 cupiditate
964 2491 1191 2545 laborat.
1222 2491 1534 2546 Sicotenim
1561 2493 1669 2556 ille,
1700 2509 1819 2548 cum
1848 2512 2020 2552 mere-

432 2585 551 2639 trici
583 2594 826 2654 stuprum
857 2583 1052 2646 intulit,
1080 2585 1418 2639 contumelim
1446 2585 1750 2640 mercedem
1776 2588 1874 2657 ipsi
1900 2603 2021 2658 per-

430 2679 591 2734 solvit
619 2696 634 2734 :
669 2680 738 2733 ita
771 2689 825 2733 tu
853 2695 1065 2749 quoque
1093 2680 1160 2733 ab
1187 2695 1254 2734 eo
1283 2680 1452 2749 exigis
1473 2722 1488 2745 ,
1521 2684 1609 2750 qui
1639 2683 2016 2738 contumeliam

431 2771 660 2839 accepit,
695 2771 896 2839 tibiqtte
923 2771 1079 2824 simul
1103 2781 1261 2839 atque
1293 2773 1366 2825 illi
1393 2772 1626 2826 sinistra:
1654 2772 1809 2828 famae
1836 2784 2018 2829 notam

431 2862 599 2918 inuris
632 2876 694 2916 ac
737 2873 993 2930 prmterea
1028 2861 1251 2928 majori,
1285 2879 1442 2931 qttam
1484 2862 1590 2917 dici
1618 2873 1779 2933 queat
1801 2905 1815 2928 ,
1847 2864 2018 2919 detri-

429 2962 614 3007 mento
642 2954 869 3021 teipsum
908 2952 1098 3006 afticis.
1139 2951 1204 3006 lit
1247 2953 1389 3006 enim
1422 2954 1597 3008 bellua
1621 2956 1863 3024 qmedam
1883 2998 1899 3025 ,
1926 2967 2020 3014 aut

430 3043 577 3097 canis
602 3042 820 3096 rabidus
850 3043 1088 3097 insiliens
1115 3061 1127 3096 :
1162 3043 1230 3096 ita
1261 3043 1556 3114 flagitiosus
1585 3044 1670 3100 hic
1698 3047 1914 3102 morbm
1935 3059 2018 3102 at-

429 3150 533 3204 que
564 3135 678 3190 haec
719 3135 1082 3189 inhumanitas
1111 3136 1249 3190 bona
1288 3147 1466 3191 nostra
1502 3138 1656 3194 nobis
1699 3141 1858 3211 eripit
1887 3159 1902 3195 :
1937 3145 2019 3197 in-

431 3225 734 3280 humanitas
763 3228 958 3296 quippe
986 3245 1048 3282 ac
1075 3230 1275 3282 sznvitia
1313 3238 1396 3284 est
1425 3231 1540 3285 hate
1569 3247 1688 3297 res;
1721 3232 1828 3288 imo
1855 3236 2016 3291 etiam

430 3321 606 3376 scelus
644 3336 708 3376 ea
736 3323 969 3390 gravius.
1012 3321 1143 3375 Nam
1172 3323 1259 3390 qui
1288 3323 1521 3377 crudelis
1549 3334 1660 3388 est,
1694 3328 1871 3394 egenti
1901 3329 2020 3398 qui-

429 3411 552 3468 dem
586 3412 715 3467 nihil
747 3414 1016 3482 impertit;
1058 3423 1113 3466 at
1145 3423 1197 3466 tu
1241 3415 1389 3482 pejus
1428 3429 1495 3469 eo
1535 3415 1708 3471 facis:
1740 3417 1804 3471 iis
1840 3421 2016 3489 enim,

431 3505 520 3573 qui
561 3503 689 3557 dare
724 3504 910 3556 volunt
955 3503 1339 3574 impedimento
1370 3519 1450 3558 es.
1497 3504 1629 3559 Nam
1670 3521 1794 3562 cum
1825 3525 2020 3567 munus

435 3603 580 3649 tuum
610 3594 780 3661 jactas
799 3604 960 3663 atque
985 3595 1035 3647 in
1061 3595 1250 3664 vulgus
1275 3593 1457 3662 eﬂ‘ers,
1486 3595 1644 3651 simul
1669 3608 1724 3652 et
1745 3601 2018 3670 accipien-

431 3691 502 3742 tis
543 3685 738 3740 famam
769 3686 953 3750 deles,
999 3695 1056 3739 et
1097 3702 1218 3741 cum
1262 3687 1352 3756 qui
1393 3687 1523 3742 dare
1553 3699 1731 3758 parat,
1765 3691 1810 3746 si
1841 3693 2017 3763 ignavi

431 3779 594 3832 animi
620 3778 798 3839 fuerit,
824 3778 1093 3847 reprimis.
1119 3777 1300 3847 Neque
1320 3779 1584 3849 enimjam
1609 3782 1656 3836 ei
1679 3785 1899 3840 daturus
1914 3798 2016 3855 est,

436 3878 492 3922 ut
535 3868 627 3938 qui
651 3868 760 3936 jam
791 3859 1060 3937 acceperit
1103 3885 1202 3923 nec
1242 3869 1463 3938 perinde
1502 3880 1694 3941 egeat,
1724 3875 1820 3930 sed
1866 3879 2016 3934 illum

433 3975 577 4029 saepe
606 3956 977 4023 inscctabitur,
1010 3961 1054 4013 si
1099 3971 1375 4030 postquam
1398 3965 1666 4032 acceperit
1686 3967 1932 4037 accedat,
1965 3982 2021 4028 et

432 4050 798 4122 impudentem
827 4051 1062 4106 habebit.

505 4145 560 4199 ι.
592 4141 780 4198 Contra
809 4145 1175 4214 eIeemosynam
1198 4161 1262 4199 ea:
1286 4147 1618 4202 ostentatione
1635 4153 1843 4221 factam.
1875 4155 2020 4212 Pau-

432 4251 576 4306 ρει-οε
604 4233 854 4302 feliciores
889 4243 1004 4287 sunt
1033 4233 1269 4288 divitibus
1298 4235 1351 4289 in
1393 4236 1537 4291 rebus
1567 4239 1635 4292 ad
1659 4241 1873 4298 salutem
1904 4264 2018 4316 per.

440 4324 987 4395 tinentibas.—Ecqua
1016 4339 1145 4395 ergo
1179 4325 1522 4399 eleemosyna
1546 4329 1662 4385 haec
1687 4343 1924 4398 est,cum
1963 4349 2018 4395 et

432 4418 662 4490 teipsum
683 4427 732 4472 et
757 4432 878 4472 eum
900 4417 988 4486 qui
1016 4418 1210 4488 accipit
1230 4417 1498 4477 dedecore
1518 4422 1711 4490 amcis,
1735 4436 1788 4480 et
1815 4429 2014 4499 duplici

430 4526 642 4583 quoque
675 4509 888 4564 nomine
913 4526 1033 4563 cum
1059 4551 1072 4573 ,
1103 4509 1193 4579 qui
1239 4508 1341 4565 hoc
1383 4511 1550 4567 edixit
1578 4527 1592 4568 :
1624 4517 1748 4586 quia
1777 4534 1842 4573 co
1871 4521 2017 4578 elee-

431 4618 672 4675 mosynze
700 4612 802 4656 tute
841 4610 1147 4671 spectatore
1173 4616 1278 4657 non
1305 4614 1588 4662 contentus
1607 4649 1621 4672 ,
1663 4612 1848 4666 OCUiOS
1877 4629 2013 4683 quo-

428 4711 533 4765 que
559 4710 943 4751 conservorum
971 4703 1170 4763 prteter
1199 4710 1318 4749 eum
1344 4699 1587 4766 requiris,
1617 4708 1672 4754 et
1699 4703 1820 4771 quia
1843 4705 2012 4775 legem

428 4786 497 4842 ab
522 4802 586 4842 eo
617 4787 934 4849 institutam,
965 4803 1068 4856 qua
1094 4787 1144 4840 id
1169 4787 1496 4856 prohibetur,
1521 4791 1728 4846 violas?
1759 4794 2011 4854 Volebam

428 4877 530 4931 alia
551 4895 761 4950 quoque
783 4878 1052 4949 persequi,
1085 4879 1233 4934 velut
1253 4879 1515 4949 jejunium
1543 4893 1597 4937 et
1622 4889 2009 4960 precationem,

428 4982 493 5022 ac
516 4980 764 5038 quantam
813 4972 922 5025 illic
949 4987 1162 5042 quoque
1194 4973 1367 5027 inanis
1395 4974 1579 5043 glorim
1608 4977 1842 5034 studium
1886 4997 2012 5052 per-

429 5058 620 5116 niciem
641 5062 843 5127 afferat,
876 5065 1274 5130 demonstrare;
1309 5081 1494 5122 verum
1527 5070 1575 5122 in
1605 5083 1836 5128 mentem
1874 5077 2009 5131 mihi

427 5152 596 5220 venit,
623 5168 705 5208 mc
729 5171 1028 5212 sermonem
1051 5160 1332 5228 quemdam
1354 5163 1711 5218 necessarium
1737 5167 2012 5236 superiore

427 5244 785 5314 diSputatione
805 5264 908 5301 non
926 5249 1237 5306 absolvisse.
1262 5251 1326 5305 Et
1345 5253 1466 5320 quis
1489 5254 1700 5309 tandem
1725 5255 1811 5312 hic
1833 5274 2011 5317 sermo

397 5336 583 5394 .erat?
611 5337 858 5392 Dicebam
886 5340 1110 5405 scilicet,
1129 5342 1267 5410 quod
1295 5358 1555 5414 pauperes
1577 5346 1736 5400 etiam
1770 5349 1821 5402 in
1846 5351 2010 5407 rebus

427 5429 768 5501 temporariis
812 5431 1018 5486 meliori
1063 5433 1371 5490 conditione
1413 5438 1554 5503 sint,
1596 5456 1754 5510 quam
1787 5442 2004 5510 divites,

425 5537 544 5578 cum
577 5521 644 5576 de
684 5523 912 5578 sanitate
949 5538 1011 5577 ac
1047 5524 1227 5578 lzetitia
1266 5527 1426 5581 verba
1459 5527 1686 5586 facerem
1719 5550 1732 5586 :
1765 5542 1925 5603 atque
1954 5535 2008 5592 id

425 5624 604 5684 aperte
629 5613 1120 5677 dcmonstrabatur.
1149 5618 1259 5686 Age
1280 5617 1457 5689 itaque
1479 5620 1638 5678 hodie
1661 5622 1763 5679 hoc
1789 5625 2008 5694 planum

425 5703 696 5772 faciamus,
724 5721 819 5762 eos
846 5722 950 5762 non
975 5708 1026 5762 in
1056 5707 1404 5766 saecularibus
1426 5712 1606 5779 modo,
1632 5715 1728 5769 sed
1755 5715 1809 5770 in
1841 5716 2008 5772 subli-

417 5795 671 5853 miuribus
696 5812 908 5872 quoque
939 5801 1100 5859 rebus
1125 5802 1434 5874 superiores
1463 5815 1642 5875 partes
1670 5805 1834 5866 ferre.
1869 5807 2002 5867 Utra

1145 360 1203 419 3.
1239 361 1516 420 JOANNIS
1547 360 2028 422 σηκῐεοεῑοιιι
2064 364 2383 426 ΔΒΟΗΙΕΡ.
2417 369 2948 432 CONSTANTINOP.
3576 384 3646 440 ea

2131 479 2274 535 enim
2303 481 2368 536 ad
2397 485 2651 540 calorum
2679 503 2904 560 regnum
2932 489 3155 554 inducit.
3186 492 3449 562 opulentia
3469 510 3528 551 an
3549 514 3648 568 pau-

2129 574 2344 638 pertas?
2375 574 2456 629 Ab
2484 576 2600 646 ipso
2623 578 2881 634 caelorum
2913 581 3141 636 Domino
3164 583 3472 642 audiamus:
3497 588 3555 644 de
3574 589 3650 648 illis

2126 661 2270 715 enim
2297 664 2392 731 ait,
2423 664 2633 722 facilius
2660 683 2782 725 esse
2810 672 3074 727 camelum
3109 675 3327 730 introire
3355 691 3444 746 per
3464 680 3653 738 foramen

2125 763 2283 818 acus,
2317 769 2476 824 quam
2508 756 2724 815 divitem
2756 760 2811 816 in
2840 778 3063 833 regnum
3096 766 3384 834 calorum;
3413 768 3475 824 de
3499 786 3652 841 paupe-

2128 841 2279 898 ribus
2320 857 2498 902 autem
2541 859 2730 905 contra
2767 855 3031 909 omnino:
3083 856 3145 912 Si
3187 859 3330 914 enim
3358 862 3458 927 vis,
3498 864 3652 934 inquit,

2071 993 2080 1002 ι
2127 935 2382 1004 perfectus
2413 954 2550 1002 esse,
2591 941 2879 1013 vendequte
2901 944 3087 1013 habes,
3126 959 3175 1002 et
3201 950 3266 1002 da
3295 953 3596 1021 pauperibus,
3617 965 3654 1010 et

2126 1025 2258 1089 veni,
2289 1042 2495 1095 sequere
2514 1047 2612 1097 me,
2640 1041 2686 1086 et
2710 1033 2912 1089 habebis
2941 1037 3231 1093 thesaurum
3258 1042 3310 1094 in
3331 1045 3462 1099 catis
3487 1045 3652 1104 (Haut.

2127 1115 2216 1171 i9.
2243 1118 2337 1172 ΞΛ.
2363 1119 2478 1191 21).
2509 1121 2662 1188 Quod
2689 1124 2739 1179 si
2775 1126 2989 1196 placet,
3012 1129 3117 1184 alia
3141 1147 3358 1203 quoque
3388 1135 3569 1191 ratione
3589 1138 3652 1201 id,

2125 1207 2267 1277 quod
2289 1223 2318 1262 a
2349 1211 2502 1266 nobis
2527 1213 2724 1269 dictum
2751 1225 2855 1282 est,
2878 1220 3297 1277 consideremus.
3323 1225 3492 1292 Arcto,
3509 1227 3656 1297 inquit,

2126 1307 2175 1350 et
2200 1313 2416 1370 angusta
2437 1314 2509 1357 est
2538 1305 2619 1358 via
2636 1347 2651 1371 ,
2679 1323 2793 1376 qtae
2817 1309 2956 1363 ducit
2978 1311 3047 1364 ad
3080 1314 3232 1366 vitam
3259 1315 3480 1385 (Matth.
3510 1319 3555 1372 7.
3576 1321 3654 1389 ll).

2126 1389 2258 1446 Uter
2280 1409 2410 1463 ergo
2442 1409 2536 1464 per
2564 1408 2768 1453 arctam
2797 1401 2936 1455 viam
2965 1402 3068 1457 iter
3089 1402 3236 1470 facit,
3270 1406 3389 1462 isne
3413 1410 3497 1477 qui
3524 1410 3568 1463 in
3591 1411 3660 1465 de.

2126 1481 2282 1552 liciis,
2314 1501 2381 1540 an
2411 1489 2502 1557 qui
2531 1489 2584 1543 in
2611 1499 2853 1560 egestate
2884 1493 3061 1564 degit?
3090 1495 3206 1553 isne
3228 1499 3320 1569 qui
3344 1501 3486 1556 solus
3507 1513 3656 1567 es!,an

2125 1578 2216 1646 qui
2244 1577 2478 1635 intinitas
2514 1583 2752 1639 sarcinas
2776 1586 2991 1655 gestat?
3018 1589 3105 1658 qui
3133 1590 3312 1646 mollis
3345 1603 3429 1647 est
3451 1609 3508 1648 ac
3527 1595 3661 1651 disso-

2126 1665 2306 1734 lutus,
2344 1684 2412 1724 an
2451 1673 2540 1741 qui
2569 1673 2714 1728 curis
2737 1689 2801 1729 ac
2829 1676 3280 1735 sollicitudinibus
3311 1681 3561 1739 afficitur?
3587 1685 3663 1740 Ve-

2127 1775 2244 1815 rum
2271 1762 2396 1831 quid
2423 1765 2601 1820 verbis
2627 1781 2764 1836 opus
2788 1776 2891 1833 est,
2922 1784 3045 1824 cum
3076 1772 3141 1825 ad
3169 1788 3426 1841 personas
3453 1777 3577 1846 ipsas
3595 1793 3662 1830 ve-

2127 1855 2242 1911 nire
2269 1856 2462 1912 liceat?
2502 1858 2710 1930 Pauper
2747 1870 2862 1916 erat
2898 1862 3161 1931 Lazarus,
3193 1875 3248 1920 et
3291 1868 3444 1924 valde
3472 1885 3663 1939 pauper;

2127 1946 2277 2002 dives
2304 1957 2490 2002 contra
2522 1949 2567 2004 is
2587 1991 2603 2016 ,
2631 1952 2720 2021 qui
2750 1952 2801 2006 in
2833 1952 3038 2009 foribus
3058 1956 3327 2024 jacentem
3360 1960 3660 2028 prteteribat:

2125 2046 2242 2089 uter
2270 2036 2321 2090 in
2349 2053 2570 2106 regnum
2595 2039 2847 2096 etelorum
2872 2041 3147 2112 ingressus
3168 2055 3270 2110 est,
3294 2057 3451 2117 atque
3477 2048 3660 2102 Abnba

2124 2127 2242 2181 sinu
2285 2126 2600 2183 deiiciatur?
2632 2140 2751 2186 uter
2779 2147 2971 2187 rursus
2997 2135 3051 2188 in
3093 2134 3322 2192 ﬂammis
3350 2140 3664 2203 excruciator,

2123 2233 2187 2272 ac
2209 2234 2275 2274 ne
2295 2219 2492 2274 stillam
2519 2223 2732 2292 quidem
2761 2239 2913 2292 aqua:
2938 2229 3192 2297 coosequi
3217 2231 3436 2297 potest?
3455 2238 3517 2284 At
3539 2233 3664 2284 etiam

2124 2324 2386 2382 pauperes
2419 2313 2659 2383 plerique
2689 2316 2910 2383 perituri
2955 2327 3078 2371 sunt
3102 2359 3116 2384 ,
3168 2320 3344 2390 inquis
3373 2340 3387 2375 :
3433 2337 3492 2377 ac
3516 2332 3662 2377 comta

2122 2402 2315 2456 divites
2343 2403 2494 2458 multi
2524 2407 2736 2460 arcanis
2765 2406 2870 2460 illis
2901 2407 3054 2462 battis
3088 2410 3352 2467 fruentur.
3387 2413 3492 2466 lmo
3516 2426 3663 2467 contra

2122 2507 2343 2549 cernere
2369 2504 2479 2558 est,
2514 2512 2712 2565 paucos
2738 2499 2951 2567 quidem
2979 2500 3173 2556 divites
3193 2544 3208 2568 ,
3241 2519 3499 2574 pauperes
3523 2517 3662 2560 auum

2123 2584 2291 2638 multo
2316 2585 2499 2654 plures
2522 2587 2588 2641 ad
2613 2587 2836 2642 salutem
2869 2593 3167 2658 pervenire.
3197 2596 3273 2647 Ac
3305 2595 3460 2648 velim
3485 2596 3661 2666 diligen-

2125 2684 2207 2730 ter
2235 2677 2544 2732 consideres
2571 2679 2696 2733 hinc
2720 2695 2879 2750 opum
2907 2677 3310 2752 impedimenta,
3339 2686 3462 2742 hinc
3483 2704 3663 2758 panper-

2124 2769 2248 2822 tatis
2268 2769 2414 2823 vitia.
2446 2769 2780 2840 Quamquam
2809 2787 2910 2828 nec
2933 2788 3095 2843 opum
3118 2791 3214 2831 nec
3238 2780 3560 2848 paupertatis
3577 2779 3663 2833 ilch

2121 2860 2246 2915 vitia
2267 2870 2411 2929 sunt,
2440 2863 2535 2918 sed
2562 2873 2846 2935 utrumque
2871 2881 3078 2932 eorum,
3106 2870 3195 2939 qui
3218 2869 3299 2925 bis
3322 2872 3522 2941 praediti
3543 2882 3660 2927 sunt:

2124 2952 2219 3007 sed
2247 2962 2423 3008 tamen
2449 2964 2626 3010 utrum
2656 2971 2687 3011 e
2715 2957 2922 3012 duobus
2957 2960 3118 3014 telum
3147 2961 3354 3018 firmius
3381 2967 3586 3032 muniat,
3606 2967 3663 3018 vi-

2121 3043 2366 3101 deamus.
2405 3045 2684 3113 Quodnam
2713 3049 2898 3104 vitium
2931 3063 3210 3122 paupertas
3239 3057 3440 3112 habere
3466 3058 3662 3113 videtur!

2121 3136 2478 3192 Mendacium.
2520 3139 2796 3207 Quodnam
2841 3157 3027 3198 rursus
3069 3144 3304 3201 divitia}?
3349 3148 3664 3219 Superbiam,

2123 3229 2385 3285 tnalorum
2416 3232 2654 3286 omnium
2696 3244 2959 3299 matrem,
3001 3251 3121 3305 qua:
3160 3223 3320 3292 etiam
3351 3240 3599 3296 diabolum
3623 3249 3664 3294 ut

2122 3321 2366 3377 diabolus
2389 3333 2553 3388 esset.
2584 3339 2706 3380 eum
2741 3329 2886 3396 prius
2914 3328 3035 3382 talis
3063 3330 3279 3385 minime
3307 3345 3479 3399 esset,
3505 3334 3660 3390 eﬂ'ecit.

2122 3411 2330 3468 Rursus
2357 3417 2622 3471 malorum
2643 3418 2882 3472 attinium
2913 3419 3061 3474 radix
3099 3430 3183 3476 est
3206 3425 3432 3478 avaritia
3463 3428 3535 3494 (ι.
3560 3425 3660 3479 Tim.

2124 3504 2180 3559 6.
2211 3505 2299 3564 l0)
2328 3523 2341 3558 :
2376 3516 2492 3561 uter
2523 3508 2701 3578 itaque
2731 3509 2854 3565 huic
2899 3511 3063 3567 radici
3090 3513 3315 3569 vicinior
3343 3529 3464 3584 est,
3486 3518 3662 3572 divesne

2123 3612 2190 3650 an
2215 3599 2455 3668 pauper?
2487 3600 2644 3657 Dives
2671 3605 3022 3672 proculdubio
3050 3625 3065 3662 :
3095 3624 3200 3678 quo
3220 3611 3367 3665 enim
3397 3614 3510 3683 quis
3533 3614 3664 3682 pluri-

2128 3691 2225 3746 bus
2255 3693 2446 3762 opibus
2471 3694 2702 3766 undique
2729 3698 2934 3753 cinctus
2953 3711 3056 3763 est,
3087 3715 3151 3756 eo
3178 3703 3359 3771 plures
3379 3706 3583 3773 expetit.
3602 3702 3661 3758 Ad

2128 3786 2243 3840 tunc
2276 3788 2448 3843 inanis
2474 3791 2660 3861 gloriae
2689 3791 2923 3846 studium
2951 3805 3230 3851 scxcentas
3254 3798 3478 3855 virtutes
3504 3797 3664 3853 labefa-

2123 3888 2269 3934 Ctat:
2299 3889 2354 3933 at
2387 3895 2492 3936 non
2526 3882 2716 3952 procul
2760 3883 2886 3939 item
2916 3885 2984 3940 ab
3024 3885 3124 3940 hac
3159 3889 3318 3944 sedes
3348 3890 3503 3947 habet
3526 3891 3663 3946 dives.

2123 3967 2260 4034 Quid
2286 3981 2464 4026 autem
2487 4013 2502 4038 ,
2535 3973 2982 4045 inquit,pauperis
3009 3977 3346 4036 incommoda
3378 3997 3481 4036 non
3505 3982 3663 4042 aﬂ'ers.

2123 4062 2468 4119 afﬂictionem
2509 4063 2756 4121 videlicet
2793 4077 2953 4137 atque
2993 4071 3324 4140 angustiam?
3366 4077 3436 4129 At
3473 4073 3574 4128 hac
3604 4071 3664 4126 illi

2121 4169 2243 4210 cum
2281 4154 2444 4210 divite
2480 4165 2604 4210 sunt
2645 4158 2988 4215 communia:
3039 4159 3147 4214 imo
3184 4162 3348 4217 etiam
3391 4164 3577 4232 majore
3611 4176 3661 4216 ex

2122 4256 2275 4316 parte
2305 4245 2462 4316 hujus
2485 4255 2632 4308 sunt.
2661 4262 2820 4316 quam
2849 4247 3011 4303 illius.
3043 4247 3119 4304 ita
3144 4249 3222 4317 Iit,
3252 4261 3310 4308 ut
3328 4270 3446 4323 qua:
3476 4267 3662 4325 pauper-

2123 4337 2246 4393 tatis
2294 4337 2432 4391 mala
2463 4351 2584 4392 esse
2626 4337 2893 4405 videntur,
2926 4339 3201 4410 utriusque
3228 4345 3524 4398 communia
3549 4346 3656 4403 sint;

2121 4443 2241 4498 quae
2283 4435 2461 4482 autem
2502 4426 2804 4482 divitiarum
2829 4468 2846 4495 ,
2893 4443 2956 4483 ea
3001 4429 3219 4488 divitem
3260 4433 3433 4488 solum
3480 4441 3659 4488 vexent.

2119 4520 2255 4589 Quid
2283 4535 2431 4587 vero,
2458 4521 2686 4590 inquies,
2713 4536 2833 4576 cum
2861 4537 3062 4593 pauper
3085 4525 3153 4578 ob
3172 4540 3352 4580 rermn
3377 4527 3659 4583 necessaria-

2120 4631 2238 4671 rum
2292 4616 2570 4685 penuriam
2617 4615 2780 4669 multa
2827 4617 3030 4671 scelera
3079 4621 3392 4688 perpetrat?
3421 4623 3484 4675 At
3519 4619 3657 4673 nullus

2118 4722 2322 4778 pauper
2349 4717 2428 4761 tot
2451 4707 2654 4762 scelera
2677 4707 2747 4761 ob
2767 4716 3054 4776 egestatem
3081 4709 3331 4775 admittit,
3359 4721 3484 4780 quot
3501 4711 3656 4764 divites

2117 4799 2187 4854 ob
2210 4797 2416 4868 amplas
2442 4807 2496 4852 et
2523 4797 2715 4852 uberes
2743 4812 2876 4868 Opes
2900 4799 3203 4857 admittunt.
3237 4814 3291 4856 ct
3319 4819 3384 4857 ne
3411 4819 3522 4873 qua:
3542 4799 3653 4854 domi

2117 4901 2370 4961 congesta
2394 4889 2594 4946 habent
2617 4891 2883 4946 amittant.
2909 4890 3093 4962 Neque
3113 4895 3254 4948 enim
3288 4910 3480 4964 pauper
3506 4905 3652 4947 neces-

2115 4987 2254 5040 saria
2301 4984 2522 5055 perinde
2563 4986 2796 5055 expetit,
2831 4994 2888 5038 ut
2931 4985 3080 5040 dives
3120 5003 3539 5057 supervacanea;
3576 4997 3651 5039 nec

2117 5092 2302 5131 rursus
2332 5085 2531 5131 tantam
2562 5077 2629 5130 ad
2661 5075 3057 5146 improbitatem
3089 5081 3437 5135 exercendam
3465 5081 3583 5133 viam
3603 5089 3649 5129 ac

2115 5169 2418 5224 facultatem
2461 5169 2656 5237 habet,
2703 5179 2954 5241 quantam
3001 5171 3110 5226 ille.
3145 5173 3373 5230 Proinde
3401 5175 3444 5229 si
3487 5182 3535 5228 et
3565 5170 3650 5222 vult

2115 5261 2283 5332 magis
2307 5271 2362 5316 et
2386 5262 2506 5332 plus
2533 5271 2731 5332 potest,
2765 5262 2932 5333 liquet
2955 5263 3195 5332 profecto
3217 5268 3355 5335 quod
3379 5267 3518 5337 plura
3541 5276 3640 5333 quo-

2113 5369 2217 5424 que
2242 5353 2558 5422 designabit.
2590 5353 2771 5422 Neque
2797 5355 2938 5410 enim
2967 5371 3167 5426 pauper
3195 5357 3388 5412 tamen:
3417 5360 3481 5412 ita
3510 5352 3641 5409 refor-

2116 5448 2302 5514 tnidat,
2335 5457 2392 5502 ut
2416 5447 2568 5503 dives
2593 5457 2740 5503 metu
2768 5450 3134 5504 contremiscit
3162 5465 3226 5505 ac
3259 5466 3394 5522 pene
3412 5447 3643 5505 exanima-

2116 5549 2220 5602 tur,
2249 5555 2315 5595 ne
2337 5539 2474 5594 bona
2492 5539 2541 5594 ci
2562 5555 2656 5593 sua
2681 5549 2921 5608 pereant,
2942 5551 2996 5595 et
3010 5541 3359 5598 discrucialur
3376 5557 3433 5597 se
3452 5539 3643 5596 nondum

2113 5630 2292 5685 omnia
2325 5629 2562 5683 omnium
2590 5628 2726 5684 bona
2754 5632 3045 5700 accepisse.
3078 5631 3310 5694 Proinde
3329 5647 3443 5688 cum
3466 5641 3514 5687 et
3531 5623 3639 5683 inani

2112 5721 2299 5792 gloria:
2321 5730 2374 5775 et
2395 5719 2661 5790 superbiae
2675 5722 2998 5786 etavaritize,
3020 5738 3140 5794 quae
3165 5724 3418 5780 malorum
3445 5720 3638 5777 omnium

2115 5811 2266 5869 radix
2293 5819 2390 5880 est,
2424 5812 2772 5884 propinquior
2790 5813 2890 5881 sit;
2919 5829 3077 5888 quam
3098 5816 3308 5873 tandem
3335 5815 3506 5872 salutis
3521 5820 3639 5882 spem
