3696 6212
66 380 157 436 895
1037 378 1105 434 IN
1144 377 1364 435 EPIST.
1402 376 1443 431 II
1479 373 1521 429 Α

1037 378 1105 434 IN
1144 377 1364 435 EPIST.
1402 376 1443 431 II
1479 373 1568 429 AD
1604 373 1761 432 (ΞΟΠ.
1805 377 2039 436 ΗΟΜΙΙ..
2083 382 2217 439 XIII.

62 491 200 558 αὐτῆς
226 487 409 558 μανίαν.
454 486 789 557 ’Δγιωσόνην
816 487 873 541 δὲ
904 487 1136 541 ἐνταῦθα
1189 489 1310 558 οὐχὶ
1344 503 1556 559 σωφρο-

63 582 199 653 σύνην
225 585 355 651 μόνον
374 580 542 649 λέγει,
572 582 707 635 ἀλλά
735 583 839 654 τὴν
873 582 1052 653 πάσης
1081 584 1357 655 ἁμαρτίας
1388 582 1561 636 ἀπαλ-

60 673 221 741 λαγήν·
256 671 389 738 ἅγιος
430 671 539 739 γάρ
579 674 728 725 ἐστιν
775 674 804 723 6
837 672 1095 742 καθαρός.
1129 673 1380 741 Καθαρὸς
1405 672 1460 723 δὲ
1496 671 1561 724 ἄν

56 780 127 823 τις
150 762 337 829 γένοιτο,
359 761 474 830 οὐχὶ
491 763 538 813 εἰ
566 761 819 831 πορνείας
846 763 1184 833 ἀπαλλαγείη
1218 764 1395 832 μόνον,
1426 762 1561 815 ἀλλά

56 854 135 907 καὶ
160 852 427 916 πλεονεξίας
442 852 538 906 καὶ
563 854 861 921 βασκανίας
888 854 981 905 καὶ
1011 853 1269 917 ἀπονοίας
1298 853 1392 907 καὶ
1417 869 1561 907 κενο-

56 946 235 1010 δοξίας·
267 944 343 997 καὶ
396 944 629 1012 μάλιστα
676 943 998 1008 κενοδοξίας,
1044 944 1109 1014 ἢν
1137 944 1410 1014 πανταχοῦ
1462 944 1560 1012 μὲν

52 1039 211 1104 φυγεῖν
230 1037 311 1099 δεῖ,
328 1034 498 1104 πολλῷ
513 1035 566 1087 δὲ
580 1034 738 1087 πλέον
756 1033 906 1106 [555]
924 1036 1017 1086 ἐπὶ
1033 1036 1154 1105 ὲλεη
1164 1033 1561 1105 μοσύνης·’ἐπεὶ

51 1126 224 1179 οὐδ’ἀν
265 1126 335 1194 είη
379 1124 735 1195 ἐλεημοσύνη,
769 1128 817 1179 εἰ
848 1126 1005 1179 τοῦτο
1062 1126 1174 1197 ἔχει
1220 1128 1280 1179 τὸ
1325 1127 1556 1195 νόσημα,

51 1217 149 1269 ἀλλ’
180 1216 401 1280 ἐπίδειξις
436 1217 527 1269 καὶ
556 1216 792 1285 ὠμότης.

106 1309 250 1359 Ὅταν
272 1308 364 1374 γάρ
397 1307 468 1378 μὴ
503 1306 689 1369 ἐλεῶν,
724 1307 837 1360 ἀλλ’
884 1305 1250 1377 ἐκπομπεύων
1281 1309 1464 1374 ποιῇς,
1497 1306 1559 1358 οὐ

51 1398 182 1466 μόνον
207 1398 290 1450 οὐκ
314 1397 451 1449 ἐστιν
493 1398 837 1468 ἐλεημοσύνη
865 1399 927 1451 τὸ
974 1399 1236 1463 τοιοῦτον,
1286 1398 1424 1452 ἀλλὰ
1466 1399 1563 1451 καὶ

51 1486 196 1557 Βϐρις·
223 1488 703 1558 παρεδειγμάτισας
732 1490 841 1559 γάρ
885 1488 978 1552 τὸν
1005 1488 1259 1558 ἀδελφόν.
1302 1489 1417 1542 Οὐκ
1452 1489 1562 1559 ἄρα

51 1579 90 1632 :6
113 1580 287 1633 διδόναι
313 1581 582 1651 χρήματα,
614 1579 751 1633 ἀλλά
786 1581 846 1633 τὸ
883 1579 1139 1634 ἐλεοῦντα
1164 1580 1386 1645 διδόναι,
1418 1580 1564 1650 ἐλεηο

51 1669 238 1741 ιοσύνη.
258 1670 399 1722 Ἐπεὶ
419 1671 512 1722 καὶ
528 1671 576 1721 οί
599 1672 655 1722 ἐν
672 1673 786 1733 τοῖς
806 1669 1052 1739 θεάτροις
1073 1671 1275 1724 διδόασι
1295 1672 1388 1724 καὶ
1408 1672 1562 1725 παισὶ

51 1752 470 1821 τεπορνευμένοις,
500 1750 594 1805 καὶ
621 1752 828 1822 ἑτέροις
843 1756 959 1818 τοῖς
980 1753 1071 1806 ἐπὶ
1099 1754 1196 1823 τῆς
1210 1755 1433 1825 σκηνῆς,
1448 1753 1561 1807 ἀλλ’

51 1842 120 1894 αὑκ
141 1842 451 1913 ἐλεημοσύνη
467 1844 527 1895 16
547 1843 803 1897 τοιοῦτον·
836 1845 932 1898 καὶ
951 1846 1105 1898 αὐτοὶ
1148 1845 1206 1898 δὲ
1237 1847 1286 1898 οί
1317 1846 1565 1916 ὑϐρίζον-

51 1949 111 1995 ἐς
146 1935 217 1996 εἰς
245 1935 301 1987 τὸ
330 1933 483 2005 σῶμα
502 1934 610 1988 τῶν
644 1937 1054 2006 πορνευομένων
1081 1936 1358 2004 γυναικῶν
1390 1938 1565 1990 διδόα-

51 2042 124 2086 τιν,
152 2025 257 2077 ἀλλ’
301 2025 357 2077 οὐ
419 2025 801 2097 φιλανθρωπία
866 2027 1047 2092 τοῦτο,
1104 2029 1240 2082 ἀλλά
1286 2030 1561 2100 παροινία.

52 2115 194 2185 ὀύτῳ
221 2118 308 2170 καὶ
337 2120 364 2171 6
398 2117 677 2182 κενόδοξος
729 2120 895 2172 έοικε.
927 2121 1194 2191 Καθάπερ
1225 2121 1333 2192 γὰρ
1356 2124 1565 2185 ἐκεῖνος

51 2203 237 2273 ϐρίζων
256 2207 328 2268 εἰς
348 2206 405 2259 τὸ
446 2206 602 2277 σῶμα
623 2208 722 2277 τῆς
750 2208 978 2278 πόρνης,
1009 2210 1198 2278 μισθὸν
1224 2210 1362 2281 αὐτῇ
1382 2211 1564 2264 δίδωσι

52 2296 114 2364 ἦς
139 2293 352 2366 ὕϐρεως·
386 2297 529 2349 οῦτω
560 2300 653 2352 καὶ
688 2299 751 2351 σὺ
783 2299 973 2369 μισθὸν
999 2302 1252 2363 ἀπαιτεῖς
1289 2300 1381 2354 τὸν
1422 2301 1564 2370 λαμ-

51 2388 230 2441 άνοντα
258 2388 352 2460 τὴν
383 2388 564 2460 ὕϐριν,
604 2392 699 2443 καὶ
730 2390 789 2443 τὸ
820 2393 1032 2462 πονηρᾷ
1072 2391 1197 2461 δόξῃ
1247 2392 1561 2462 περιϐαλεῖν

52 2479 100 2529 αἰ
144 2478 328 2531 σαυτὸν
376 2480 651 2534 κάκεῖνον.
712 2482 821 2535 Καὶ
880 2482 1019 2551 μετά
1076 2483 1280 2536 τούτων
1324 2482 1563 2555 ήζημία

51 2588 222 2639 φατος.
256 2571 519 2641 Καθάπερ
551 2572 659 2644 γὰρ
694 2573 901 2643 θηρίον,
935 2576 1028 2627 καὶ
1066 2575 1212 2629 κύων
1238 2576 1563 2645 μαινόμενος

51 2661 301 2732 τιπηδῶν,
334 2661 506 2726 οὕτως
539 2662 696 2732 ἡμῶν
728 2664 965 2732 ἁρπάζει
995 2665 1064 2717 τά
1090 2666 1271 2733 ἀγαθά
1308 2666 1368 2718 τὸ
1400 2683 1563 2735 πονη-

51 2772 93 2805 ›ν
121 2753 276 2807 τοῦτο
312 2754 543 2823 νόσημα,
573 2754 723 2825 καὶή
755 2755 1121 2824 ἀπανθρωπία
1150 2755 1312 2824 αὕτη·
1330 2755 1425 2808 καὶ
1456 2756 1563 2825 γάρ

51 2845 356 2914 τανθρωπία
382 2846 476 2899 καὶ
498 2847 715 2917 ὠμότης
736 2847 799 2900 τὸ
827 2848 1067 2900 τοιοῦτόν
1116 2850 1254 2900 ἐστι·
1290 2847 1487 2918 μᾶλλον
1509 2848 1565 2900 δὲ

51 2939 91 2989 ιὶ
122 2937 315 2990 τούτου
372 2939 774 3010 χαλεπώτερον.
826 2940 883 2992 Ὀ
924 2941 1022 3009 μὲν
1044 2940 1153 3010 γάρ
1181 2939 1331 3010 ὠμὸς
1366 2940 1468 2993 οὐκ
1498 2938 1565 2993 ἂν

57 3030 107 3098 ίη
136 3029 214 3098 τῷ
234 3029 473 3100 δεομένῳ
498 3048 511 3061 ·
544 3032 608 3103 σὺ
655 3031 710 3084 δὲ
752 3030 943 3084 τούτου
999 3031 1161 3085 πλέον
1200 3034 1393 3095 ποιεῖς·
1436 3032 1565 3094 τοὺς

56 3122 351 3191 υλομένους
379 3122 562 3176 δοῦναι
590 3122 841 3187 κωλύεις.
878 3124 1046 3176 Ὅταν
1068 3124 1178 3193 γὰρ
1207 3122 1565 3195 ἐκπομπεύῃς

58 3233 87 3266 ν
122 3215 290 3277 δόσιν,
324 3216 420 3268 καὶ
456 3216 555 3285 τὴν
583 3216 737 3282 δόξαν
763 3217 1014 3280 καθελεῖς
1042 3217 1135 3270 τοῦ
1171 3217 1445 3281 λαϐόντος,
1472 3216 1565 3271 καὶ

53 3327 76 3360 ν
103 3307 374 3376 μέλλοντα
425 3307 686 3377 παρέχειν
730 3309 1101 3377 ἀνεχαίτισας,
1135 3309 1201 3361 ἂν
1238 3308 1478 3380 ῥᾴθυμος

56 3400 121 3452 δὲ
149 3399 262 3471 γάρ
293 3399 459 3453 δώσει
506 3399 711 3463 λοιπὸν,
758 3399 833 3463 ὡς
886 3401 1131 3470 εἰληφότι
1169 3402 1259 3455 καὶ
1281 3401 1379 3471 οὐχ
1425 3401 1566 3456 οὕτω

55 3492 249 3561 ›μένῳ,
284 3490 423 3544 ἀλλά
456 3490 549 3544 καὶ
576 3491 986 3560 καταγνώσεται
1013 3492 1293 3556 πολλάκις,
1314 3493 1379 3546 ἂν
1399 3509 1565 3563 προσ-

55 3582 158 3634 )ὼν
217 3582 424 3654 αἰτήσῃ
475 3582 611 3652 μετά
654 3582 717 3636 τὸ
772 3582 991 3650 λαϐεῖν,
1054 3584 1151 3638 καὶ
1213 3584 1566 3655 ἀναίσχυντον

57 3677 280 3745 ήσεται.

57 3766 113 3820 εν.
154 3764 297 3818 Ποία
347 3760 443 3819 οῦν
487 3765 822 3837 ἐλεημοσύνη
856 3764 1033 3827 τοῦτο.
1062 3767 1190 3821 ὅταν
1233 3769 1326 3822 καὶ
1372 3769 1567 3823 σαυτὸν

59 3856 384 3928 ταισχύνῃς,
411 3857 505 3909 καὶ
539 3857 631 3910 τὸν
666 3856 945 3927 εἰληφότα,
984 3857 1080 3910 καὶ
1110 3858 1201 3911 τὸν
1236 3858 1565 3923 ἐπιτάξαντα

59 3948 165 4016 τλῆ,
190 3949 281 4001 ὃτι
320 3966 383 4000 τε
411 3947 574 4001 αὐτὸν
606 3947 805 4018 θεατὴν
844 3948 982 4018 ἔχων
1034 3949 1135 4019 τῆς
1175 3950 1565 4021 ἐλεημοσύνης,

66 4038 266 4107 ζητεῖς
292 4038 426 4101 τοὺς
470 4037 580 4090 τῶν
625 4037 926 4090 συνδούλων
953 4036 1263 4108 ὀφθαλμοὺς
1291 4039 1407 4108 μετ’
1437 4041 1568 4091 ἐκεῖ·

63 4170 79 4193 ,
114 4130 219 4181 καὶ
253 4130 345 4181 ὅτι
371 4129 465 4181 τὸν
499 4128 662 4199 νόμον
690 4129 779 4182 τὸν
809 4127 979 4182 ταῦτα
998 4129 1426 4199 ἀπαγορεύοντα,
1450 4128 1566 4182 κεί-

61 4239 138 4274 ον
181 4222 284 4273 ὑπ’
315 4220 509 4285 αὑτοῦ,
532 4220 928 4292 παραϐαίνεις;
978 4219 1310 4291 Ἐϐουλόμην
1333 4221 1426 4273 καὶ
1454 4222 1567 4283 τοῖς

64 4330 157 4375 οις
182 4312 531 4376 ἐπεξελθεῖν,
574 4313 669 4365 καὶ
714 4311 938 4384 νηστείᾳ
971 4313 1064 4366 καὶ
1092 4312 1246 4384 εὐχῇ,
1274 4314 1368 4366 καὶ
1397 4312 1568 4379 δεῖξαι

90 4404 201 4457 καὶ
246 4406 375 4457 ἐκεῖ
413 4404 732 4474 λυμαίνεται
758 4413 778 4434 ⁸
808 4406 842 4475 ἡ
870 4404 1161 4470 κενοδοξία·
1195 4405 1309 4458 ἀλλ’
1334 4406 1571 4475 ἀνεμνή-

66 4513 126 4555 ν,
158 4495 252 4547 ὅτι
282 4493 451 4560 λόγον
474 4492 593 4546 τινὰ
618 4495 717 4547 οὐκ
739 4495 912 4564 ῆνυσα
936 4495 1253 4563 ἀναγκαῖον,
1280 4497 1337 4548 ἐν
1365 4498 1431 4566 τῇ
1465 4496 1572 4567 πρὸ

65 4604 180 4655 της
222 4585 501 4650 διαλέξει.
534 4586 630 4648 Τίς
679 4585 736 4638 δὲ
768 4588 795 4638 6
826 4586 985 4654 λόγος
1008 4582 1115 4657 ἧν;
1155 4587 1379 4655 Ἔλεγον
1408 4590 1488 4640 ὅτι
1522 4590 1570 4641 οί

65 4693 211 4746 ητες
237 4677 359 4729 τῶν
386 4676 759 4730 πλουτούντων
785 4677 1198 4730 πλεονεκτοῦσιν
1218 4680 1275 4730 ἐν
1305 4681 1417 4741 τοῖς
1446 4678 1572 4747 βιω-

65 4770 165 4831 Eg,
192 4768 287 4821 ὅτι
331 4768 470 4837 περὶ
501 4768 685 4835 ὑγείας
742 4768 835 4821 καὶ
886 4769 1079 4839 ἡδονῆς
1105 4768 1447 4837 διελεγόμην·
1477 4768 1572 4821 καὶ

70 4858 164 4920 ὦς
200 4858 382 4910 τοῦτο
409 4859 700 4911 ἐδείκνυτο.
723 4859 861 4929 Φέρε
894 4856 987 4912 οὖν
1037 4860 1277 4929 σήμερον
1308 4859 1438 4911 αὐτὸ
1465 4858 1573 4911 δεί-

67 4967 174 5011 εν,
212 4950 307 5002 ὅτι
365 4951 472 5003 ούκ
521 4953 577 5003 ἐν
627 4953 739 5014 τοῖς
801 4951 1072 5020 βιωτικοῖς
1102 4950 1283 5021 μόνον,
1309 4949 1446 5002 ἀλλά
1479 4949 1573 5003 καὶ

67 5044 178 5103 ὀἷς
208 5042 500 5111 ἀνωτέρω
531 5041 681 5112 παρὰ
707 5042 914 5105 τούτοις
939 5042 1000 5094 τὸ
1027 5042 1187 5094 πλέον
1215 5041 1350 5094 ἐστί.
1383 5040 1570 5112 Τίγάρ

69 5131 386 5184 Ξασιλείαν
418 5131 648 5198 είσάγει,
684 5132 912 5194 πλοῦτος
938 5132 969 5202 ἢ
1005 5132 1194 5193 πενίας
1226 5131 1571 5201 Ἀκούσωμεν

69 5219 125 5271 v3
168 5219 279 5272 τοῦ
341 5221 461 5273 τῶν
511 5220 757 5290 οὐρανῶν
814 5221 1085 5273 Δεσπότου
1118 5220 1386 5289 λέγοντος,
1444 5220 1573 5290 περὶ

75 5308 374 5371 ἐκείνων,
406 5311 491 5363 ὃτι
516 5309 904 5379 Εὐκοπώτερον
921 5309 1166 5381 κάμηλον
1190 5310 1448 5365 εἰσελθεῖν
1484 5310 1575 5363 διὰ

71 5402 139 5469 τή
152 5417 355 5469 ματος
386 5401 631 5470 ῥαφίδος,
667 5402 699 5470 ἢ
739 5400 994 5454 πλούσιον
1050 5404 1130 5466 εἰς
1172 5402 1271 5473 τὴν
1297 5403 1573 5473 βασιλείαν

92 5492 418 5562 οὐρανῶν·
454 5492 583 5563 περὶ
618 5492 674 5545 δέ
706 5493 952 5553 πενήτων
996 5494 1322 5547 τούναντίον.
1359 5496 1427 5548 El
1467 5494 1576 5564 γὰρ

73 5696 247 5747 Savil.
278 5696 339 5809 in:
366 5712 545 5763 marg,
568 5701 799 5762 μαίνεται,
823 5712 932 5762 qua
954 5700 1107 5751 lectio
1131 5705 1283 5752 etiam
1314 5702 1439 5751 forte
1457 5717 1579 5765 qua-

74 5775 86 5807 ξ
124 5773 305 5809 posse
343 5798 356 5809 .

74 5775 86 5807 ε
123 5773 356 5821 posset.

3116 376 3219 434 696

1666 487 1861 553 θέλεις
1880 490 2104 556 τέλειος
2120 487 2291 553 εἶναι,
2319 490 2613 559 πώλησόν
2639 506 2754 544 σου
2773 492 2845 545 τὰ
2868 489 3233 559 ὑπάρχοντα.

1663 578 1762 629 καὶ
1816 579 1921 646 δὸς
1956 582 2232 650 πτωχοῖς,
2275 582 2371 635 καί
2425 582 2619 649 δεῦρο,
2650 581 2961 637 ἀκολούθει
2985 598 3108 650 μοι,
3136 580 3237 634 καὶ

1664 670 1821 735 ἔξεις
1846 672 2155 739 θησαυρὸν
2194 672 2264 724 ἐν
2296 671 2592 739 οὐρανοῖς.
2630 673 2691 724 EE
2724 671 2780 723 δέ
2806 671 3079 741 βούλεσθε,
3107 672 3233 724 ἐκα-

1661 758 1895 827 τέρωθεν
1925 760 2121 828 ἴδωμεν
2148 759 2207 811 τὸ
2244 761 2533 829 εἰρημένον
2780 758 2990 827 Στενὴ,
3014 758 3111 812 καί
3138 776 3235 811 τε-

1662 849 1950 917 θλιμμένη
2003 851 2040 916 ἠ
2095 850 2253 915 όδύς,
2308 852 2492 920 φησὶν,
2542 853 2580 918 ἡ
2620 850 2941 920 ἀπάγουσα
2990 853 3077 915 εἷς
3122 849 3239 915 τὴν

1604 1006 1609 1011 η
1663 940 1831 1006 ζωήν.
1864 942 1956 1003 Τίς
1987 938 2079 994 οὖν
2114 942 2318 1011 βαδίζει
2360 944 2457 1012 τὴν
2490 943 2703 1012 στενὴν,
2753 945 2781 995 6
2824 944 2881 993 ἐν
2918 944 3115 1012 τρυφῇ,
3144 941 3177 1010 ἢ
3208 943 3237 993 6

1663 1034 1721 1083 ὲν
1750 1032 1992 1103 πτωχεία
2020 1050 2033 1097 ς
2077 1034 2106 1085 6
2149 1033 2327 1103 μόνος,
2354 1034 2386 1104 ἢ
2417 1036 2444 1087 6
2479 1033 2647 1103 μυρία
2678 1032 2960 1102 βαστάζων
3000 1033 3237 1103 φορτίας

1663 1125 1691 1175 6
1724 1123 1919 1193 χαῦνος
1955 1123 2048 1176 καὶ
2067 1123 2466 1193 διαλελυμένος,
2495 1124 2527 1194 ἢ
2555 1126 2582 1175 6
2601 1122 2898 1193 φροντίζων
2934 1123 3028 1174 καὶ
3061 1139 3235 1191 μεμε-

1667 1214 2026 1283 ριμνημένος;
2100 1214 2260 1267 Ἀλλά
2300 1214 2387 1276 τίς
2438 1214 2596 1285 χρεία
2641 1214 2749 1265 τῶν
2777 1212 3073 1281 λογισμῶν,
3119 1211 3237 1264 δέον

1663 1308 1749 1357 ἐπ’
1778 1306 1918 1358 αύτά
1953 1306 2023 1358 16
2063 1307 2331 1376 πρόσωπα
2377 1306 2587 1370 ἐλθεῖν;
2622 1306 2796 1373 Πένης
2818 1306 2844 1357 6
2870 1302 3117 1372 Λάζαρος
3145 1298 3234 1373 ἦν,

1663 1398 1759 1451 καὶ
1794 1399 1994 1469 σφόδρα
2020 1401 2211 1470 πένης·
2253 1398 2505 1461 πλούσιος
2536 1398 2591 1450 δὲ
2628 1400 2655 1450 6
2681 1396 3043 1467 παρατρέχων
3078 1398 3137 1448 ὲν
3158 1395 3238 1464 τῷ

1664 1486 1869 1539 πυλῶνι
1903 1487 2152 1555 κείμενον
2204 1487 2411 1539 τοῦτον·
2444 1486 2531 1549 τίς
2582 1481 2676 1538 οὖν
2725 1484 2973 1553 εἰσῆλθεν
3004 1485 3084 1545 εἰς
3136 1483 3235 1553 τὴν

1668 1576 1962 1648 βασιλείαν,
1989 1579 2082 1629 καὶ
2111 1581 2223 1641 τοῖς
2260 1578 2483 1640 κόλποις
2512 1575 2782 1646 ἐνετρύφα
2804 1574 2898 1627 τοῦ
2947 1573 3230 1644 Ἀϐραάμς

1664 1668 1748 1729 τίς
1781 1667 1835 1719 δὲ
1858 1668 2311 1737 άπετηγανίζετο,
2345 1668 2439 1720 καὶ
2463 1667 2581 1720 οὐδὲ
2630 1667 2887 1735 σταγόνος
2917 1660 2985 1737 ἦν
3008 1664 3232 1735 κύριος;

1679 1756 1837 1809 Ἀλλά
1885 1758 1977 1809 καὶ
2029 1756 2257 1825 πένητες
2310 1756 2631 1808 ἀπολοῦνται
2677 1754 2881 1817 πολλοὶ,
2934 1755 3091 1823 φησὶ,
3140 1753 3241 1804 καὶ

1666 1849 1912 1901 πλούσιοι
1936 1846 2045 1900 τῶν
2071 1848 2400 1920 ἀπορρήτων
2433 1847 2655 1900 ἐκείνων
2673 1846 3069 1899 ἀπολαύσονται
3094 1845 3239 1911 ἀγαο

1668 1940 1794 1993 θῶν.
1834 1939 2153 1992 Τούναντίον
2189 1939 2285 2007 μὲν
2314 1934 2406 1991 οὖν
2433 1936 2577 1989 ἐστιν
2612 1938 2761 1999 ἰδεῖν,
2816 1934 3101 1995 πλουσίους
3138 1933 3239 2003 μὲν

1666 2032 1899 2100 ὀλίγους,
1935 2030 2044 2083 τῶν
2075 2030 2129 2082 δὲ
2158 2031 2403 2099 πενήτων
2430 2027 2606 2098 πολλῷ
2638 2028 2854 2089 πλείους
2874 2026 3232 2096 σωζομένους.

1665 2123 1866 2176 Σκόπει
1902 2122 1958 2175 δὲ
1992 2120 2236 2192 ἀκριϐῶς
2260 2120 2531 2185 ἐξετάζων
2561 2120 2628 2173 16
2661 2120 2754 2172 τοῦ
2786 2119 3012 2172 πλούτου
3061 2117 3237 2170 κωλύ-

1668 2229 1833 2282 ματα,
1860 2212 1956 2264 καί
2005 2213 2073 2265 16
2127 2212 2225 2279 τῆς
2276 2209 2463 2272 πενίας
2524 2208 2895 2278 ἐλαττώματα·
2938 2208 3137 2277 μᾶλλον
3177 2205 3236 2257 δὲ

1665 2300 1789 2356 οὔτε
1821 2302 1913 2353 τοῦ
1942 2301 2172 2354 πλούτου
2193 2299 2318 2354 οὔτε
2341 2299 2443 2368 τῆς
2471 2300 2687 2362 πενίας.
2725 2299 2836 2353 ἀλλ’
2869 2299 3104 2367 ἑκάτερα
3130 2296 3235 2348 τῶν

1665 2410 1833 2463 κεκτη
1842 2391 2017 2461 μένων
2042 2391 2177 2444 ἐστί·
2207 2389 2346 2460 πλὴν
2366 2388 2503 2442 ἀλλὰ
2520 2392 2669 2442 ποῖον
2692 2386 3056 2457 εὐκολώτερον
3075 2384 3237 2438 ὅπλον

1667 2483 1885 2552 ίδωμεν.
1918 2481 1983 2534 Τί
2011 2476 2104 2534 οῦν
2134 2482 2168 2551 ἡ
2204 2480 2363 2533 πενία
2409 2479 2699 2547 ἐλάττωμα
2722 2477 2867 2547 ἐχειν
2896 2476 3075 2540 δοκεῖς
3100 2473 3239 2526 Ψεῦ-

1664 2572 1772 2635 δος.
1808 2573 1873 2623 Τί
1920 2572 1979 2624 δὲ
2012 2573 2041 2625 6
2096 2570 2361 2634 πλοῦτος;
2413 2568 2849 2640 ’Υπερηφανίαν,
2886 2568 2985 2637 τὴν
3028 2565 3238 2636 μητέρα

1664 2663 1771 2715 τῶν
1806 2662 2011 2725 κακῶν,
2042 2662 2076 2732 ἢ
2118 2663 2212 2714 καὶ
2250 2662 2340 2713 τὸν
2370 2661 2616 2713 διάϐολον
2643 2660 2898 2729 ἐποίησεν
2946 2654 3083 2712 εἷναι
3116 2659 3238 2712 διά-

1667 2754 1842 2814 ϐολον,
1885 2754 1985 2806 οὐκ
2040 2752 2169 2805 ὄντα
2226 2751 2464 2803 τοιοῦτον
2498 2750 2827 2820 ἔμπροσθεν.
2882 2752 3071 2812 Πάλιν,
3113 2750 3240 2820 ῥίζα

1666 2846 1884 2898 πάντων
1933 2844 2041 2896 τῶν
2071 2844 2254 2897 κακῶν
2291 2846 2325 2915 ή
2358 2843 2710 2913 φιλαργυρία·
2759 2843 2843 2907 τίς
2894 2839 2988 2896 οὖν
3039 2844 3239 2913 ἔστηκε

1666 2934 1766 3003 τῆς
1797 2935 1953 3005 ῥίζης
1986 2933 2188 3001 ταύτης
2224 2933 2474 3003 πλησίον,
2521 2936 2550 2985 6
2579 2932 2851 2995 πλούσιος,
2895 2934 2928 3003 ἢ
2960 2935 2989 2986 6
3036 2933 3237 3002 πένηςς

1666 3021 1766 3075 οὐκ
1800 3019 2023 3090 εῠδηλον
2046 3021 2127 3072 ὅτι
2146 3023 2175 3072 ό
2196 3019 2455 3082 πλούσιος
2476 3038 2490 3085 ;
2513 3019 2665 3089 Ὄσῳ
2687 3021 2795 3089 γάρ
2820 3020 2885 3074 ά)
2907 3037 2989 3082 τις
3020 3018 3241 3073 πλείονα

1667 3110 2047 3182 περιϐαλῆται,
2097 3109 2335 3179 τοσούτῳ
2367 3109 2625 3161 πλειόνων
2658 3110 2780 3178 ἐρᾷ.
2818 3106 3106 3170 Κενοδοξία
3132 3106 3237 3159 πά-

1667 3200 1748 3253 λιν
1783 3200 1853 3252 16
1897 3199 2064 3269 μυρία
2100 3199 2420 3268 λυμαίνεται
2475 3197 2908 3268 κατορθώματα·
2964 3196 3099 3249 ἀλλά
3147 3196 3242 3248 καὶ

1667 3291 1869 3360 ταύτης
1919 3290 2079 3344 πάλιν
2123 3290 2289 3358 ἐγγὺς
2328 3291 2356 3342 6
2406 3287 2648 3341 πλουτῶν
2693 3288 3018 3354 ἐσκήνωται.
3078 3287 3157 3339 Τά
3183 3286 3241 3338 δὲ

1667 3383 1762 3436 τοῦ
1816 3383 2063 3452 πένητος,
2124 3381 2310 3450 φησὶν,
2372 3381 2431 3431 οὐ
2490 3379 2678 3441 τιθεῖς,
2738 3379 2836 3449 τὴν
2901 3376 3095 3446 θλίψιν,
3144 3377 3242 3445 τὴν

1670 3474 2058 3544 στενοχωρίανς
2102 3472 2263 3525 Ἀλλά
2293 3471 2449 3526 τοῦτο
2476 3470 2687 3524 καὶτοῦ
2727 3469 3083 3531 πλουτοῦντος
3129 3485 3242 3521 κοι-

1668 3568 1779 3632 νὸν,
1810 3567 1904 3619 καὶ
1936 3564 2124 3617 τούτου
2174 3563 2372 3633 μᾶλλον
2410 3562 2442 3632 ἢ
2478 3561 2573 3613 τοῦ
2608 3561 2867 3631 πένητος·
2905 3560 3044 3614 ὥστε
3074 3559 3111 3615 6
3144 3559 3243 3630 μὲν

1667 3657 1762 3726 τῆς
1789 3657 1978 3719 πενίας
2009 3654 2154 3706 δοκεί
2178 3648 2317 3705 εἶναι
2371 3652 2539 3711 κακά,
2570 3653 2722 3704 κοινά
2754 3651 3027 3721 ἑκατέρων
3057 3648 3204 3703 ἐστὶν
3223 3686 3241 3710 ,

1667 3748 1703 3802 6
1728 3748 1783 3800 δὲ
1809 3746 1901 3799 τοῦ
1932 3744 2184 3808 πλούτου,
2230 3743 2364 3813 μόνα
2399 3744 2629 3795 ἐκείνου.
2675 3743 2739 3794 Τί
2775 3742 2853 3805 δὲ,
2895 3741 3083 3811 φησὶν,
3113 3742 3244 3794 ὅταν

1668 3840 1757 3893 διὰ
1784 3839 1883 3910 τὴν
1904 3839 2012 3891 τῶν
2041 3836 2351 3905 ἀναγκαίων
2382 3836 2615 3907 ἀπορίαν
2646 3834 2815 3887 πολλά
2843 3833 2993 3885 δεινά
3014 3833 3042 3885 6
3075 3833 3244 3902 πένης

1669 3932 2001 4003 ἐργάζηταις
2045 3928 2181 3981 Ἀλλ’
2208 3928 2379 3991 οὐδεὶς
2423 3926 2612 3995 πένης,
2650 3926 2825 3989 οὐδεὶς
2869 3926 3106 3979 τοσαῦτα
3148 3926 3247 3995 ἐρ-

1670 4023 1895 4092 γάζεται
1935 4020 2083 4075 δεινὰ
2112 4020 2177 4072 δι’
2207 4019 2431 4083 ἔνδειαν,
2474 4018 2575 4071 ὅσα
2603 4019 2653 4070 οἱ
2685 4018 3038 4078 πλουτοῦντες
3070 4014 3157 4068 διὰ
3181 4014 3248 4067 τὸ

1672 4114 1891 4167 πλείονα
1928 4111 2367 4183 περιϐάλλεσθαι,
2414 4110 2505 4162 καὶ
2532 4109 2602 4161 τὰ
2642 4108 2787 4161 ἔνδον
2820 4107 2897 4178 μὴ
2925 4105 3241 4159 ἀπολλύναι.

1673 4206 1748 4259 υὺ
1778 4205 1887 4275 γάρ
1914 4203 2056 4256 οὓτω
2099 4203 2268 4272 πένης
2296 4200 2510 4269 ἐφίεται
2546 4198 2655 4251 τῶν
2676 4198 3009 4266 ἀναγκαίων,
3037 4197 3111 4259 ὡς
3134 4195 3243 4249 τῶν

1676 4296 1941 4367 περιττῶν
1971 4296 1999 4347 6
2045 4292 2325 4346 πλουτῶν·
2374 4291 2481 4344 οὐδ’
2529 4286 2596 4344 αὖ
2628 4290 2892 4359 τοσαύτην
2952 4290 3103 4356 ἰσχὺν
3132 4288 3243 4358 ἔχει

1674 4392 1809 4462 πρὸς
1833 4391 1895 4442 τὸ
1922 4387 2227 4462 χρήσασθαι
2255 4388 2323 4457 τῇ
2358 4385 2614 4453 πονηρίᾳ,
2656 4383 2789 4451 ὃσην
2815 4379 3044 4449 δύναμιν
3069 4374 3240 4441 οὗτος.

1674 4484 1736 4536 EI
1763 4468 2070 4535 τοίνυν’καὶ
2102 4477 2347 4548 βούλεται
2386 4476 2584 4546 μᾶλλον
2612 4475 2705 4527 καὶ
2736 4473 2981 4537 δύναται,
3026 4468 3246 4539 εὔδηλον

1672 4573 1753 4626 ὅτι
1787 4570 1983 4642 μᾶλλον
2019 4569 2113 4622 καὶ
2160 4567 2382 4620 πλείονα
2428 4565 2741 4636 ἐργάσεται.
2778 4562 2911 4615 Οὐδὲ
2954 4564 3059 4631 γὰρ
3105 4559 3246 4612 οὕτω

1672 4663 1907 4716 δέδοικεν
1953 4664 1981 4714 6
2023 4661 2191 4729 πένης
2232 4659 2372 4729 ὑπὲρ
2416 4657 2599 4727 λιμοῦ,
2628 4657 2702 4719 ὡς
2750 4657 2778 4708 6
2828 4654 3079 4716 πλούσιος
3105 4652 3245 4722 ὑπὲρ

1672 4756 1771 4825 τῆς
1803 4754 2078 4816 ἀπωλείας
2129 4752 2236 4805 τῶν
2283 4750 2451 4803 ὄντων
2481 4750 2672 4820 τρέμει
2726 4749 2817 4800 καὶ
2866 4746 3114 4815 ἄγχεται,
3152 4745 3247 4797 καὶ

1674 4846 1812 4916 ὑπὲρ
1870 4845 1964 4898 τοῦ
2023 4843 2247 4913 μηδέπω
2289 4842 2357 4894 τά
2414 4840 2630 4893 πάντων
2688 4839 2891 4891 λαϐεῖν.
2944 4838 3109 4888 Ὅταν
3153 4830 3245 4887 οὖν

1674 4939 1769 4992 καὶ
1797 4937 2097 5003 κενοδοξίας
2130 4936 2334 5005 ἑστήκῃ
2366 4932 2592 5003 πλησίον
2628 4931 2718 4984 καὶ
2752 4928 3121 4999 ὑπερηφανίας
3152 4929 3246 4980 καὶ

1675 5027 2037 5099 φιλαργυρίας
2079 5027 2176 5094 τῆς
2225 5024 2381 5095 ῥίζης
2421 5023 2529 5076 τῶν
2558 5020 2744 5075 κακῶν
2772 5022 3053 5074 ἁπάντων·
3086 5016 3244 5071 ποίαν

1675 5118 1784 5184 ἕξει
1845 5117 2116 5188 σωτηρίας
2164 5116 2375 5177 ἐλπίδα,
2429 5114 2494 5166 ἂν
2548 5114 2621 5182 μὴ
2665 5112 2865 5181 πολλὴν
2916 5106 3244 5176 ἐπιδείξηται

1676 5210 2017 5281 φιλοσοφίαν,
2060 5207 2175 5269 πῶς
2222 5207 2282 5260 δὲ.
2310 5205 2570 5274 βαδιεῖται
2612 5205 2711 5274 τὴν
2740 5202 2928 5271 στενὴν
2962 5200 3108 5264 όδόν;
3153 5198 3244 5267 Μὴ

1675 5302 1852 5357 τοίνυν
1881 5302 1977 5364 τὰς
2003 5298 2112 5351 τῶν
2148 5296 2355 5351 πολλῶν
2386 5296 2543 5362 δόξας
2576 5295 2981 5366 περιφέρωμεν,
3013 5290 3149 5345 ἀλλά
3178 5290 3246 5342 16

1678 5394 1976 5466 πράγματα
2020 5386 2379 5459 ἐξετάζωμεν.
2427 5388 2550 5451 [Ιῶς
2597 5387 2706 5456 γὰρ
2733 5386 2831 5438 οὐκ
2878 5385 3077 5438 ἄτοπον
3106 5381 3245 5450 ὑπὲρ

1681 5486 1777 5555 μὲν
1826 5481 2120 5555 χρημάτων
2174 5479 2248 5549 μὴ
2293 5477 2499 5549 ἑτέροις
2533 5476 2828 5537 πιστεύειν,
2861 5473 2974 5528 ἀλλ’
3026 5468 3244 5540 ἀριθμῷ

1676 5576 1772 5629 καὶ
1799 5574 1965 5644 ψήφῳ
2013 5570 2169 5624 τοῦτο
2219 5567 2566 5638 ἐπιτρέπειν·
2617 5567 2755 5637 ὑπὲρ
2798 5564 2853 5617 δὲ
2904 5564 3245 5633 πραγμάτων

1676 5664 2098 5736 ψηφιζομένους.
2159 5660 2343 5722 ἅπλῶς
2398 5661 2519 5722 ταῖς
2576 5657 2777 5729 ἐτέρων
2836 5648 3247 5723 παρασύρεσθαι

1682 5756 1878 5821 δόξαις,
1906 5750 2056 5818 [55η
2088 5752 2181 5806 καὶ
2208 5749 2380 5804 ταῦτα
2404 5746 2605 5815 ἀκριϐῆ
2630 5744 2791 5812 ζυγὸν
2823 5744 3074 5797 ἁπάντων
3097 5737 3246 5803 ἕχον-
