3696 6212
63 234 151 289 ι97
302 232 316 257 ‘

55 349 284 404 habiturus
306 350 404 409 est,
444 341 547 397 nisi
579 338 804 409 insignis
842 333 1119 405 cujusdam
1145 330 1358 409 virtutis
1386 325 1559 397 speci-

52 456 158 496 men
177 438 308 493 edati
331 448 551 506 quonam
571 405 734 487 modo
759 444 853 499 per
870 435 1071 482 arctam
1092 405 1233 478 viam
1256 415 1564 491 gradietur?

51 531 161 598 Qua:
182 544 282 584 cum
306 530 365 581 ita
389 527 511 589 sint,
537 522 677 594 vulgi
702 520 982 591 Opiniones
1008 531 1078 571 ne
1100 511 1559 573 circumferamus,

51 623 132 677 sed
156 637 227 676 res
263 622 382 689 ipsas
407 615 789 686 expendamus.
823 614 1013 665 Annon
1045 604 1332 661 absurdum
1376 600 1558 662 fuerit,

51 728 153 780 nos,
176 728 274 768 cum
297 712 352 765 de
374 708 611 779 pecuniis
638 705 831 776 agitur,
865 701 985 756 aliis
1018 699 1174 753 ﬁdem
1205 709 1309 748 non
1339 691 1557 754 habere,

51 806 119 861 sed
148 819 333 859 numero
354 811 405 857 et
430 801 637 856 calculo
669 799 718 853 id
746 796 1112 855 committere;
1140 803 1263 844 cum
1289 793 1465 839 autem
1494 783 1561 837 de

51 897 176 952 'ebus
196 895 503 966 iudicandum
543 900 654 957 est,
700 892 750 944 in
796 889 1024 943 aliorum
1052 882 1331 951 opiniones
1360 886 1559 930 temere

52 987 181 1053 rahi;
209 986 342 1056 idque
365 985 482 1039 cum
513 992 756 1038 exactam
790 991 970 1032 rerum
999 972 1237 1028 omnium
1266 969 1472 1022 lancem
1496 979 1559 1017 ac

51 1096 241 1137 formam
269 1090 314 1135 et
350 1077 598 1132 amussim
650 1073 975 1134 habeamus,
1026 1078 1216 1133 nempe
1258 1060 1558 1114 divinarum

1008 220 1074 277 IN
1113 217 1327 276 EPIST.
1373 213 1415 268 Il
1478 212 1570 268 AD
1607 211 1763 268 COR.
1806 212 2036 270 HOlllL.
2082 215 2221 272 XIV.

3150 226 3258 284 498

1673 325 1849 395 legum
1877 330 2241 383 sententiam?
2282 329 2542 396 Quocirca
2576 343 2671 383 vos
2713 346 2901 388 omnes
2925 349 3057 402 rogo
3096 348 3257 409 atque

1670 418 1918 484 obsecro,
1955 429 2029 485 ut,
2065 421 2189 489 quid
2220 421 2307 476 hic
2332 431 2424 477 aut
2452 423 2540 477 ille
2568 422 2635 477 de
2665 422 2747 479 his
2772 425 2932 481 rebus
2959 431 3152 484 sentiat
3173 433 3256 485 uio

1670 507 1743 561 hil
1777 521 2071 575 morantes,
2107 513 2410 583 Scripturas
2439 528 2623 568 sacras
2651 515 2718 569 de
2746 518 2810 571 iis
2838 523 3160 589 consulatis,
3193 540 3258 581 ac

1670 613 1789 667 quae
1816 616 1955 654 vera:
1985 604 2093 657 sint
2119 619 2250 673 epes
2288 607 2625 675 cognoscatis
2644 649 2657 671 ,
2691 610 2931 677 cognitas
2961 614 3105 667 omni
3134 625 3252 669 stu-

1670 690 1758 745 dio
1782 697 2185 759 consectemini,
2215 705 2274 751 ut
2298 699 2513 752 arternis
2546 701 2878 768 perfruamur
2907 702 3057 756 bonis
3088 722 3101 757 :
3131 722 3251 775 quae

1671 791 1869 839 utinam
1918 801 2014 840 nos
2044 804 2232 842 omnes
2260 806 2654 860 consequamur
2690 809 2786 861 per
2814 798 3035 863 gratiam
3063 813 3127 852 ac
3154 799 3253 853 be-

1668 877 1980 945 nignitatem
2006 881 2215 936 Domini
2246 886 2413 938 nostri
2441 885 2567 940 Jesu
2590 885 2808 952 Christi,
2837 889 2921 942 cui
2949 904 3069 945 cum
3097 892 3254 948 Patre

1666 975 1722 1021 et
1751 968 1949 1036 Spiritu
1999 985 2185 1028 sancto
2221 975 2421 1043 gloria,
2456 976 2649 1041 honor,
2679 978 2961 1047 imperium
2986 1022 3001 1045 ,
3034 998 3175 1039 nunc
3199 991 3255 1038 et

1666 1071 1901 1128 semper,
1934 1070 1990 1117 et
2016 1063 2067 1117 in
2097 1067 2290 1120 saecula
2319 1068 2655 1123 saeculorum.
2684 1071 2875 1124 Amen.

51 1182 3253 1308 “mm

52 1430 129 1470 AP.
169 1416 214 1469 7.
250 1428 296 1467 ν.
328 1412 379 1465 2.
419 1408 596 1479 Capite
636 1420 726 1460 uos
756 1418 775 1456 :
803 1398 1052 1455 neminem
1082 1390 1303 1447 lwsimus
1325 1427 1340 1451 ,
1390 1385 1550 1435 nemi-

71 1522 177 1560 nem
211 1501 535 1571 corrupimus,
583 1496 834 1551 neminem
859 1483 1299 1545 circumvenimus.
1336 1479 1389 1530 5.
1424 1472 1546 1527 Νοη

66 1597 134 1651 ad
158 1593 588 1651 condemnationem
608 1597 824 1642 vestram
844 1584 956 1637 dico
988 1596 1006 1634 :
1033 1574 1362 1650 pradiximus
1387 1567 1542 1630 enim,

63 1688 192 1758 quod
225 1688 271 1740 in
297 1683 525 1739 cordibus
566 1679 754 1735 nostris
775 1678 896 1732 estis
923 1672 989 1727 ad
1030 1662 1461 1724 commoriendum
1500 1666 1547 1712 et

60 1779 417 1836 connivendum.

60 1876 110 1929 l.
153 1872 360 1927 Rursum
387 1869 455 1923 de
481 1866 706 1923 caritate
734 1871 1042 1918 sermonem
1067 1858 1267 1915 movet,
1300 1849 1548 1914 increpa-

51 1966 144 2020 mis
188 1962 512 2034 asperitatem
556 1956 878 2026 reprimens.
936 1950 1224 2015 Postquam
1266 1940 1408 1995 enim
1453 1950 1548 1992 eos

51 2027 259 2126 arguit,
280 2064 433 2123 atque
465 2050 566 2104 hoc
597 2046 815 2102 nomine
841 2037 1180 2110 objurgavit,
1214 2031 1355 2104 quod
1387 2027 1548 2083 amati

54 2169 83 2204 u
126 2147 330 2220 perinde
357 2144 720 2204 reclamarent,
766 2136 859 2191 sed
887 2135 955 2188 ab
994 2132 1163 2200 ipsius
1199 2138 1383 2179 amore
1427 2134 1547 2175 sese

51 2214 370 2312 rumpentes,
416 2236 534 2289 aliis
564 2230 831 2303 pestiferis
867 2223 1177 2281 hominibus
1209 2231 1330 2273 sese
1355 2214 1546 2284 adjun-

51 2309 180 2399 rent,
205 2346 381 2388 rursus
398 2324 785 2398 obiurgationis
807 2320 1152 2376 acerbitatem
1180 2313 1313 2367 lenit
1337 2309 1543 2370 dicens,

51 2432 149 2495 pile
184 2443 307 2482 nos:
337 2427 436 2480 hoc
465 2432 568 2489 est,
618 2428 795 2474 amate
847 2432 962 2469 nos.
1013 2409 1335 2467 Beneficium
1374 2404 1546 2475 poscit

51 2521 187 2573 nime
212 2533 385 2588 grave,
413 2526 467 2570 et
488 2513 627 2585 quod
658 2510 843 2581 majori
874 2509 938 2563 iis
966 2505 1056 2575 qui
1090 2505 1239 2567 dant,
1269 2514 1428 2577 quam
1450 2499 1538 2565 qui

52 2611 248 2679 :ipiunt,
276 2607 487 2663 utilitati
529 2606 618 2659 sit.
647 2602 756 2657 Nec
786 2601 951 2662 dixit,
981 2598 1171 2651 Amate
1191 2636 1205 2659 ,
1240 2591 1332 2647 sed
1354 2631 1369 2655 ,
1399 2588 1542 2660 quod

51 2702 361 2758 ierationem
383 2696 680 2762 redolebat,
706 2694 904 2763 Capite.
923 2690 1177 2759 Quisnam
1200 2700 1320 2751 nos,
1349 2682 1539 2752 inquit,

52 2794 231 2849 restris
269 2788 537 2848 mentibus
575 2787 798 2857 abegit?
828 2785 948 2855 quis
975 2780 1175 2851 ejeeit?
1201 2776 1327 2848 quid
1365 2788 1542 2830 causa:

51 2930 58 2951 ,
88 2884 432 2957 quamobrem
462 2885 512 2937 in
543 2881 697 2935 vobis
717 2874 1093 2933 coarctemur?
1115 2870 1375 2938 Quoniam
1398 2867 1539 2921 enim

56 2995 114 3033 ra
137 2978 288 3044 dixit,
310 2972 682 3047 Angustiamini
708 2972 760 3025 in
783 2967 1053 3023 visceribus
1074 2963 1271 3028 vestris,
1298 2961 1399 3016 hoc
1424 2959 1541 3013 loco

55 3071 298 3140 apertius
339 3067 576 3125 declarat
620 3065 839 3127 dicens,
868 3061 1046 3128 Capite
1083 3072 1174 3110 nos
1208 3071 1226 3109 :
1255 3064 1415 3123 atque
1444 3052 1542 3105 hac

51 3177 141 3217 sus
188 3163 397 3216 ratione
448 3156 593 3230 ipsos
636 3156 703 3211 ad
748 3170 809 3210 se
852 3150 1131 3223 pertrahit.
1178 3147 1362 3216 Neque
1396 3144 1539 3200 enim

52 3254 238 3323 lquam
265 3259 370 3316 est,
402 3248 544 3320 quod
586 3246 807 3317 perinde
831 3244 897 3298 ad
923 3241 1209 3296 amandum
1240 3238 1459 3301 alliciat,
1482 3243 1541 3289 ut

51 3362 63 3399 t
123 3346 169 3399 is
198 3344 289 3413 qui
318 3351 529 3397 amatur
576 3338 821 3408 intelligit
850 3351 996 3399 eum,
1046 3332 1133 3403 qui
1182 3339 1346 3395 amat,
1400 3327 1538 3383 dile-

51 3450 179 3490 nem
207 3449 366 3489 suam
396 3446 740 3501 summopere
778 3436 1048 3496 exiietere.
1085 3423 1352 3477 Neminem
1400 3419 1539 3474 1ωεὶ-

58 3570 69 3581 .
116 3527 249 3581 \‘ide
278 3541 389 3596 quo
416 3535 572 3596 pacto
602 3536 787 3577 rursus
809 3518 1065 3574 benefit-ia
1092 3531 1189 3571 sua
1219 3530 1324 3568 non
1353 3527 1540 3568 recen-

67 3634 262 3673 verum
294 3618 404 3670 alio
426 3614 585 3669 modo
615 3616 684 3668 ita
720 3614 974 3683 loquitur,
1006 3619 1140 3663 utet
1171 3608 1348 3661 minus
1368 3604 1539 3659 mole-

95 3709 280 3765 oralio
333 3709 564 3773 habeat,
605 3718 660 3761 et
690 3716 870 3759 tamen
919 3703 1097 3756 acrius
1141 3699 1315 3753 feriat.
1365 3694 1539 3751 Simul

52 3818 91 3855 n
128 3799 584 3870 pseudapostolos
633 3805 813 3861 notat,
846 3809 967 3849 cum
1005 3792 1114 3856 ait,
1152 3789 1419 3843 Neminem
1449 3787 1539 3841 tw-

52 3910 112 3959 zs,
152 3892 419 3946 neminem
444 3889 783 3959 corrupimus,
825 3886 1071 3941 neminem
1101 3882 1532 3937 circumvenimus.

51 3985 60 4039 l
87 3994 201 4051 est,
229 3981 618 4047 Corrupimus?
642 3980 756 4034 lloc
781 3987 883 4045 est,
915 3977 1182 4032 neminem
1214 3974 1268 4027 in
1296 3971 1536 4027 fraudem

56 4079 248 4131 ximus
274 4094 289 4129 :
325 4073 781 4146 quemadmodum
809 4081 863 4127 et
888 4071 996 4124 alio
1028 4070 1146 4123 loco
1174 4068 1269 4132 ait,
1300 4065 1383 4120 Ne
1410 4069 1539 4136 forte

52 4186 223 4239 rpens
252 4169 425 4227 Evam
454 4168 669 4239 decepit,
706 4168 777 4219 ita
804 4173 1197 4233 corrumpantur
1223 4177 1401 4215 sensus
1449 4175 1535 4213 ve-

61 4260 145 4331 (2.
181 4258 318 4315 Cor.
356 4260 444 4313 11.
477 4258 558 4328 5).
608 4256 880 4310 Neminem
922 4253 1378 4315 circumvenimus;
1429 4266 1537 4304 non

58 4355 239 4417 iuius,
281 4340 416 4406 'nou
459 4349 679 4406 insidias
726 4348 1039 4403 struximus.
1084 4343 1329 4399 Nondum
1375 4342 1536 4407 dicit,

89 4456 279 4517 atque
334 4446 428 4500 illa
475 4442 757 4499 commoda
785 4441 938 4495 vobis
963 4438 1261 4503 attulimus,
1281 4436 1400 4502 sed,
1431 4452 1538 4504 quo

58 4553 190 4593 rem
231 4535 311 4591 ad
347 4535 606 4605 pudorem
639 4531 1001 4587 incutiendum
1037 4530 1141 4582 vim
1169 4529 1341 4583 oratio
1371 4526 1537 4580 habe-

51 4628 355 4683 Ncminem
380 4628 623 4688 ltesimus,
656 4624 821 4693 inquit
844 4639 859 4685 ;
892 4638 954 4677 ac
980 4623 1023 4677 si
1047 4622 1251 4676 diceret
1277 4639 1289 4675 :
1317 4617 1536 4673 Etiamsi

61 4738 115 4773 m
152 4727 218 4775 in
252 4735 365 4775 nos
399 4718 723 4773 beneﬁcium
750 4714 1191 4776 contulis<emus,
1249 4722 1425 4765 tamen
1472 4724 1538 4763 ne

51 4813 254 4866 uidem
294 4827 406 4865 nos
434 4809 705 4864 adversari
732 4804 1012 4861 debebatis
1040 4822 1052 4858 :
1086 4817 1258 4871 neque
1283 4801 1425 4854 enim
1452 4799 1541 4853 ali-

60 4913 167 4959 aut
202 4918 452 4974 parvum
476 4910 569 4957 aut
592 4914 838 4971 magnum
868 4897 1099 4962 habetis,
1127 4894 1266 4965 quod
1293 4893 1418 4947 mihi
1447 4894 1542 4947 ob-

52 5013 67 5052 3
124 4997 405 5065 possitis.
450 4995 643 5049 Postea
679 5002 858 5047 autem
887 4990 1013 5045 dicti
1043 4988 1381 5058 asperitatem
1411 5001 1538 5041 sen-

54 5130 75 5152 ,
137 5101 485 5143 sermonem
539 5099 727 5140 rursus
775 5082 1114 5151 temperavit.
1168 5079 1275 5134 Nec
1319 5092 1541 5148 prorsus

51 5187 103 5243 t;
167 5192 378 5246 neque
427 5176 572 5230 enim
618 5188 805 5229 eerum
848 5174 1059 5225 animos
1087 5171 1407 5231 excitasset;
1442 5183 1541 5221 nec

64 5286 121 5321 ui
182 5267 487 5323 sermonis
544 5264 892 5319 acerbitatem
944 5263 1060 5315 sine
1116 5269 1541 5329 temperamento

52 5366 194 5414 itam
231 5361 516 5431 reliquit:
552 5373 672 5413 nam
698 5355 897 5425 alioqui
928 5353 1143 5424 gravius
1187 5352 1318 5422 ipsis
1346 5350 1543 5405 vulnus

52 5458 233 5509 isset.
277 5455 351 5508 Et
387 5451 518 5523 quid
543 5452 662 5506 ait?
690 5449 811 5503 Non
836 5448 903 5501 ad
941 5445 1408 5501 condemnationem
1455 5458 1542 5496 ve-

52 5568 53 5591 :
86 5547 249 5599 dico.
314 5544 483 5601 Unde
511 5544 563 5598 id
596 5543 801 5613 liquet?
849 5539 1075 5594 Prwdixi
1113 5538 1284 5603 enim,
1338 5534 1538 5605 inquit,

76 5639 139 5689 in
208 5638 481 5693 cordibus
528 5636 710 5693 nostris
753 5633 870 5687 estis
916 5630 984 5683 ad
1027 5628 1454 5683 commoriendum
1497 5634 1543 5679 e:

51 5731 326 5784 vendunt.
366 5729 595 5783 Maxima
630 5728 705 5781 vis
735 5723 933 5779 amoris
962 5722 1074 5777 haec
1100 5731 1206 5785 est,
1231 5736 1349 5773 cum
1374 5718 1534 5773 etiam

1658 1400 1996 1463 contemptus
2019 1437 2035 1463 ,
2080 1413 2183 1451 una
2232 1413 2352 1452 cum
2403 1398 2533 1468 ipsis
2572 1407 2626 1454 et
2655 1400 2789 1454 mori
2817 1408 2872 1454 et
2901 1399 3083 1454 vivere
3108 1400 3246 1454 vult.

1658 1483 1840 1553 Neque
1867 1488 2008 1539 enim
2046 1498 2333 1558 utcumque
2359 1491 2488 1544 estis
2530 1491 2579 1543 in
2608 1490 2863 1545 cordibus
2892 1492 3112 1556 nostris,
3149 1489 3245 1545 sed

1660 1575 1732 1630 ita
1762 1587 1817 1629 ut
1846 1577 1974 1631 dixi.
2006 1579 2144 1633 Fieri
2176 1583 2318 1634 enim
2350 1590 2545 1649 potest,
2575 1589 2633 1634 ut
2658 1589 2713 1636 et
2741 1591 2883 1635 amet
2904 1583 3041 1652 quis,
3075 1590 3130 1636 et
3158 1597 3249 1650 pc-

1657 1672 1821 1727 ricula
1855 1671 2055 1740 fugiat;
2094 1681 2149 1725 at
2176 1689 2274 1727 nos
2302 1689 2406 1727 non
2441 1674 2529 1727 ita.

1730 1764 1885 1818 Pauli
1915 1764 2185 1833 prudentia
2214 1775 2425 1835 quanta.
2451 1795 2522 1803 —
2544 1765 2640 1819 llic
2663 1779 2874 1835 quoque
2901 1762 3085 1819 miram
3107 1766 3240 1835 Apo-

1656 1855 1777 1910 stoli
1820 1855 2157 1925 prudentiam
2200 1856 2468 1924 perspice.
2494 1854 2608 1908 Non
2635 1856 2776 1909 enim
2810 1856 3004 1924 quibus
3031 1870 3122 1908 eos
3152 1855 3246 1909 be-

1656 1948 1862 2001 neficiis
1887 1946 1997 2016 jam
2024 1945 2292 2001 affecisset
2322 1946 2580 2011 narravit,
2632 1961 2698 1999 ne
2725 1960 2787 1999 ea
2830 1960 3013 1999 rursus
3050 1960 3243 2013 expro-

1654 2037 1816 2093 brare
1858 2038 2151 2104 videretur,
2203 2036 2297 2092 sed
2340 2036 2407 2091 de
2461 2036 2650 2089 futuris
2698 2036 2994 2105 pollicetur.
3037 2034 3170 2090 Nam
3197 2035 3241 2088 si

1655 2130 1893 2201 pericula
1922 2129 2106 2184 inferri
2139 2129 2436 2197 contingat,
2490 2127 2683 2197 inquit,
2717 2127 2932 2197 quidvis
2965 2142 3061 2197 pro
3087 2126 3241 2181 vobis

1654 2223 1881 2293 impigro
1923 2223 2105 2276 animo
2156 2221 2348 2291 patiar.
2378 2220 2562 2290 Neque
2591 2219 2734 2275 enim
2787 2219 2914 2271 mihi
2961 2219 3044 2272 vel
3092 2232 3237 2271 mors

1656 2331 1752 2385 per
1781 2331 1839 2369 se
1860 2356 1875 2383 ,
1908 2314 1991 2369 vel
2021 2313 2125 2367 vita
2146 2354 2160 2377 ,
2193 2312 2355 2366 ullius
2386 2310 2641 2364 momenti
2670 2324 2790 2364 esse
2814 2320 3097 2370 censetur;
3144 2306 3238 2361 sed

1655 2407 1976 2475 ubicumque
2013 2419 2109 2458 vos
2167 2402 2373 2457 fueritis
2394 2443 2408 2466 ,
2454 2402 2535 2456 vel
2566 2399 2692 2454 mihi
2720 2408 2949 2454 mortem
2978 2399 3104 2463 vita,
3154 2397 3237 2451 vel

1652 2498 1812 2550 vitam
1836 2504 2009 2550 morte
2031 2494 2290 2549 cariorem
2319 2492 2583 2547 efficietis.
2617 2492 2685 2544 At
2730 2500 2959 2543 mortem
2996 2504 3091 2557 pro
3131 2488 3199 2541 ali
3221 2518 3235 2529 -

1648 2606 1755 2661 quo
1796 2599 2085 2660 oppetere,
2132 2588 2379 2641 amiciti:e
2411 2597 2653 2654 apertum
2697 2591 3072 2649 argumentqu
3114 2592 3232 2646 est;

1640 2683 1829 2736 vivere
1858 2689 2033 2734 autem
2061 2680 2179 2746 quis
2207 2679 2369 2739 nolit,
2398 2680 2558 2730 etiam
2592 2690 2778 2729 eorum
2803 2715 2817 2739 ,
2861 2674 2947 2742 qui
3005 2673 3226 2726 minime

1649 2773 1804 2826 amici
1842 2771 2001 2826 sunt?
2027 2785 2124 2824 cur
2148 2784 2275 2839 ergo
2299 2768 2348 2821 id
2378 2768 2527 2821 velut
2570 2781 2818 2834 maguum
2862 2763 3075 2832 posuit?
3100 2764 3233 2830 Quia

1651 2880 1902 2936 perquam
1953 2877 2203 2931 magnum
2250 2846 2350 2912 hoc
2395 2865 2497 2912 est.
2552 2856 2685 2910 Sunt
2734 2855 2875 2908 cnim
2929 2854 3100 2914 niulti,
3143 2853 3231 2920 qui

1628 2956 1787 3009 “male
1809 2952 2088 3023 agentibus
2115 2949 2301 3003 amicis
2331 2946 2670 3010 condoleant,
2698 2953 2752 2997 at
2785 2959 2889 2997 non
2920 2942 3141 3013 perinde
3166 2944 3234 2996 de

1648 3063 1833 3103 eorum
1877 3044 2046 3116 gloria
2098 3043 2385 3114 gaudeant,
2426 3056 2612 3094 verum
2666 3038 2860 3091 invidia
2911 3045 3230 3106 tangantur:

1648 3154 1748 3193 nos
1787 3146 1964 3191 autem
2008 3150 2185 3191 secus.
2230 3133 2363 3188 Nam
2407 3132 2521 3186 sive
2554 3132 2604 3184 in
2634 3128 3026 3185 calamitatibus
3070 3128 3223 3193 sitis,

1646 3231 1994 3285 adversarum
2042 3242 2219 3282 rerum
2269 3234 2567 3279 vestrarum
2615 3222 2902 3292 participes
2953 3236 3074 3275 esse
3123 3236 3229 3273 non

1647 3326 1970 3384 metuimus;
2004 3321 2116 3374 sive
2140 3333 2395 3388 prospere
2423 3317 2612 3386 agatis,
2643 3316 2811 3369 livore
2856 3314 3076 3367 minime
3107 3328 3229 3382 per-

1644 3415 1897 3468 cutimur.
1950 3412 2172 3465 Demqu
2198 3451 2213 3470 ,
2244 3409 2366 3478 quia
2403 3408 2517 3461 [nec
2548 3422 2691 3475 smpe
2723 3405 2970 3459 oratione
2996 3405 3231 3456 versavit

1647 3507 1852 3566 dicens,
1884 3502 2005 3556 Non
2035 3500 2397 3573 angustiamiui
2424 3500 2476 3552 in
2498 3498 2672 3563 nobis;
2720 3508 2804 3563 et,
2857 3494 3235 3565 Angustiamini

1646 3600 1700 3654 in
1744 3597 2013 3651 visceribus
2046 3595 2260 3659 vestris;
2290 3603 2363 3658 et,
2398 3591 2574 3662 Capite
2599 3607 2725 3654 nos;
2753 3599 2828 3655 et,
2858 3587 3158 3642 Dilatamini
3185 3596 3233 3641 et

1643 3708 1763 3755 vos;
1785 3699 1854 3754 et,
1878 3687 2146 3742 Neminem
2169 3686 2422 3748 (resimas;
2447 3693 2606 3753 atque
2629 3681 2742 3735 huic
2760 3681 2933 3734 omnia
2960 3678 3023 3733 ad
3046 3695 3229 3734 eorum

1644 3779 2115 3852 reprehensionem
2149 3784 2396 3846 spectare
2425 3774 2765 3828 videbantur.
2799 3771 2927 3825 Vide
2961 3769 3232 3841 quomodo

1638 3868 1799 3929 aliter
1826 3886 2039 3943 quoque
2068 3869 2411 3939 asperitatem
2436 3866 2518 3921 his
2534 3864 2714 3920 verbis
2740 3863 2966 3933 mitiget,
2989 3865 3042 3916 4.
3066 3861 3232 3915 Multa

1644 3966 1769 4019 mihi
1800 3964 1990 4035 ﬁducia
2016 3970 2085 4015 est
2109 3960 2176 4013 ad
2203 3975 2307 4013 vos.
2336 3958 2483 4022 ldeo,
2518 3955 2709 4025 inquit,
2743 3955 2866 4008 talia
2898 3953 3091 4016 audeo,
3120 3967 3227 4006 non

1645 4055 1787 4129 quod
1821 4071 1914 4109 vos
1943 4052 2297 4107 condemnem
2326 4091 2340 4115 ,
2377 4047 2471 4103 sed
2498 4046 2641 4115 quod
2673 4045 2872 4114 ingenti
2916 4043 3106 4096 fiducia
3151 4042 3233 4095 ni-

1645 4160 1727 4205 tar
1755 4167 1769 4203 :
1801 4149 1851 4203 id
1878 4147 2019 4218 quod
2048 4144 2297 4215 superius
2328 4142 2489 4196 etiam
2517 4137 2764 4202 dicebat,
2813 4136 2981 4189 Multa
3007 4145 3077 4188 est
3106 4133 3232 4186 mihi

1643 4241 1879 4313 gloriatio
1926 4254 2018 4309 pro
2059 4236 2217 4290 vobis.
2273 4233 2469 4288 Cavete
2497 4230 2639 4284 enim
2667 4226 3003 4288 existimetis,
3037 4224 3227 4293 inquit,

1644 4347 1675 4386 a
1715 4346 1802 4386 me
1850 4331 1964 4383 haec
2009 4327 2210 4382 idcirco
2239 4321 2377 4388 dici,
2410 4319 2550 4390 quod
2581 4333 2676 4371 vos
2707 4316 2873 4371 semel
2915 4330 2977 4369 ac
3006 4327 3231 4384 prorsus

1645 4423 1997 4479 condemnem
2024 4434 2040 4484 ;
2084 4430 2204 4471 nam
2235 4414 2301 4467 de
2344 4411 2496 4465 vobis
2535 4420 2857 4476 magnopere
2886 4402 3015 4457 mihi
3046 4402 3231 4472 placeo

1644 4531 1707 4571 ac
1739 4515 1978 4585 glorior;
2010 4509 2102 4565 sed
2128 4507 2250 4577 quia
2283 4504 2433 4557 vobis
2472 4499 2777 4556 consultum
2810 4495 2963 4560 volo,
3021 4508 3084 4548 ac
3134 4504 3230 4546 vos

1647 4581 1849 4676 maj‘ora
1890 4601 2101 4657 virtutis
2151 4599 2480 4652 incrementa
2532 4590 2709 4645 facere
2754 4586 2912 4655 cupio
2946 4602 2961 4638 :
2991 4583 3045 4641 id
3085 4581 3227 4653 quod

1646 4672 1886 4752 Hebraeis
1936 4704 2148 4762 quoque
2197 4693 2316 4757 post
2354 4682 2575 4738 multam
2623 4676 3051 4747 obiurgationem
3085 4672 3230 4727 dice-

1643 4790 1769 4855 bat,
1814 4785 2130 4854 Conﬁdimus
2174 4790 2343 4833 autem
2376 4793 2438 4830 ae
2458 4774 2595 4827 vobis
2627 4771 2837 4825 meliora
2859 4810 2873 4833 ,
2916 4777 2960 4820 et
2987 4766 3229 4819 viciniora

1646 4885 1820 4946 saluti,
1872 4879 2070 4933 tametsi
2115 4877 2187 4928 ita
2232 4874 2505 4941 loqmmur.
2547 4864 2788 4931 Cupimus
2829 4869 2996 4913 autent
3045 4873 3231 4910 unum-

1646 4991 1887 5048 quemque
1927 4981 2142 5025 vestrum
2189 4980 2416 5019 eamaem
2466 4967 2715 5011 ostentare
2740 4950 3129 5007 sorticituainem
3160 4947 3229 5001 ad

1646 5040 1978 5138 expletionem
2034 5060 2141 5130 spei
2182 5072 2337 5125 usque
2372 5071 2421 5105 in
2453 5052 2602 5108 ﬁnem
2642 5045 2801 5105 (lict).
2833 5046 2884 5098 6.
2910 5047 2963 5096 9.
2998 5042 3105 5110 11).
3140 5040 3229 5094 Sic

1648 5131 1791 5215 enim
1842 5155 1941 5209 hoc
1981 5156 2136 5216 loco,
2192 5147 2360 5201 Multa
2403 5142 2526 5193 mihi
2568 5140 2804 5207 gloriatio
2836 5145 2903 5188 est
2948 5150 3038 5197 pro
3071 5131 3228 5186 vobis.

1650 5251 1801 5323 Apud
1843 5249 1976 5302 alios
1998 5288 2011 5309 ,
2044 5244 2234 5312 inquit,
2259 5239 2324 5293 de
2355 5236 2507 5289 vonis
2536 5233 2840 5299 gloriamur.
2881 5227 3040 5279 \ides
3070 5238 3228 5289 quam

1649 5320 1918 5400 sinceram
1946 5334 2363 5393 consolationem
2404 5323 2741 5381 adhibuerit?
2788 5320 2897 5373 Nec
2946 5329 3234 5385 utcumque

1649 5439 1883 5509 glorior,
1931 5432 2099 5493 dixit,
2155 5425 2247 5481 sed
2280 5434 2599 5491 magnopere
2633 5436 2644 5471 :
2679 5416 2905 5481 ideoque
2932 5407 3231 5475 sulijungit,

1655 5500 1892 5599 ileplctus
1922 5538 2031 5575 sum
2058 5518 2419 5572 consolatione.
2453 5511 2564 5576 Qua
2596 5500 3003 5561 consolatione?
3056 5500 3097 5551 A
3138 5508 3235 5549 v0-

1651 5587 1740 5677 bl“;
1772 5616 2022 5671 videlicet
2077 5619 2324 5664 manante
2379 5626 2392 5657 ε
2444 5603 2564 5671 quia
2611 5598 2675 5651 ad
2723 5595 2997 5650 meliorem
3028 5587 3234 5656 frugem

1661 5712 1883 5777 reversi,
1924 5722 2018 5779 per
2045 5716 2205 5774 opera
2237 5714 2321 5753 me
2350 5693 2609 5751 consolati
2637 5690 2787 5744 estis.
2814 5682 3056 5738 Amantis
3085 5679 3230 5734 enim
