3696 6212
90 150 172 204 499
981 149 1050 206 IN
1086 148 1307 208 EPIST.
1356 146 1401 204 11
1439 147 1530 204 AD
1566 148 1729 204 COR.
1771 148 2005 206 HOMIL.
2045 148 2184 209 XIV.

86 262 388 333 Ηεπλήρωμαι
427 261 495 332 τῇ
531 262 930 332 παρακλήσει,
967 265 1548 334 ὑπερπερισσεύομαι

84 374 140 424 "Il
168 371 298 424 20W-

136 527 252 600 [359]
277 527 328 597 β’.
365 526 502 580 Ἀ).λά
537 527 712 582 ταῦτα
741 527 909 593 δοκεῖ,
941 530 1128 599 φησὶν,
1164 530 1381 584 ἐναντία
1407 527 1548 584 εἶναι

75 622 166 682 τοῖς
185 618 386 690 πρώτοις.
423 619 555 672 Ἀλλ’
579 620 678 673 οὐκ
703 619 872 682 ἐστιν,
902 619 1036 674 ἀλλὰ
1060 622 1153 674 καὶ
1181 621 1386 691 σφόδρα
1404 639 1468 674 συ
1477 640 1544 690 με

67 711 293 766 σαίνοντα.
311 711 462 765 Ταῦτα
479 713 586 782 γὰρ
606 713 790 766 ἐκεῖνα
817 712 1200 784 εὐπαράδεκτα
1225 716 1388 778 ποιεῖ,
1407 714 1500 767 καὶ
1519 715 1548 767 6

67 803 142 857 διὰ
180 803 339 857 τούτων
377 802 578 866 ἔπαινος
599 803 700 874 τὴν
743 803 851 856 ἀπὺ
887 804 996 858 τῶν
1043 804 1280 875 ἐλέγχων
1322 804 1548 859 ἐκείνων

62 893 283 962 ὠφέλειαν
303 897 636 965 γνησιωτέραν
665 894 976 965 ἐργάζεται,
994 896 1348 950 ύποκλέπτων
1372 896 1548 949 αὐτῶν

61 986 116 1037 τὸ
153 985 374 1056 ὀδυνηρόν.
409 984 491 1037 Διὸ
523 985 616 1038 καὶ
645 985 850 1057 σφόδρα
879 986 1117 1056 γνησίως
1143 987 1406 1058 κέχρηται
1437 986 1549 1050 τοῖς

61 1079 238 1147 ῥήμασι
259 1077 445 1140 τούτοις,
485 1077 580 1131 καὶ
606 1077 926 1148 φιλοτίμως.
960 1077 1095 1131 Οὑδέ
1126 1079 1236 1147 γὰρ
1267 1074 1411 1143 εἶπε,
1443 1079 1540 1130 Πε·

61 1168 304 1239 πλήρωμαι
329 1171 384 1240 τῇ
423 1170 582 1240 χαρᾷ.
627 1168 781 1232 ἀλλὰ,
843 1170 1309 1238 Περισσεύομαι·
1350 1168 1548 1239 μᾶλλον

61 1260 124 1323 δὲ,
147 1261 248 1314 οὐδὲ
287 1259 671 1332 περισσεύομαι,
718 1260 874 1328 ἀλλὰ,
928 1261 1548 1329 ’Υπερπερισσεύομαι,

61 1352 302 1406 τάντεῦθεν
344 1353 487 1406 πάλιν
539 1353 753 1416 δεικνὺς
796 1351 890 1406 τὸν
918 1351 1102 1418 πόθον,
1132 1352 1215 1405 ὅτι
1261 1349 1364 1405 κᾶν
1406 1349 1550 1404 οὕτω

61 1443 255 1516 ριλῆται,
275 1444 338 1508 ὡς
367 1444 561 1515 χαίρειν
591 1444 684 1498 καὶ
713 1442 1066 1512 ἀγάλλεσθαι,
1083 1439 1311 1498 ὀὐδέπω
1333 1443 1550 1514 ἡγεῖται

61 1540 301 1609 ριλεῖσθαι,
325 1541 389 1603 ὡς
417 1539 678 1610 φιλεῖσθαι
711 1539 839 1610 χρὴ,
865 1539 984 1592 οὐδὲ
1017 1537 1078 1592 τὸ
1101 1540 1210 1592 πᾶν
1235 1537 1512 1608 εἰληφέναι
1531 1552 1546 1568 ³

61 1632 198 1696 ιῦτως
241 1633 501 1704 ἀκόρεστος
544 1632 625 1702 τῷ
655 1631 860 1704 σφόδρα
908 1631 1082 1701 φιλεῖν
1108 1631 1305 1695 αὐτοὺς
1333 1627 1423 1702 ἦν.
1477 1629 1553 1684 Tb

61 1722 140 1793 ’ἀρ
165 1722 296 1794 παρὰ
319 1722 413 1775 τῶν
436 1722 726 1795 ἐρωμένων
745 1722 994 1777 ὁπωσοῦν
1024 1721 1316 1791 φιλεῖσθαι,
1351 1720 1552 1792 πολλὴν

61 1813 180 1885 ιέρει
204 1814 288 1884 τὴν
313 1815 468 1885 χαρὰν
495 1815 585 1868 διὰ
611 1815 675 1868 τὸ
713 1815 918 1886 σφόδρα
949 1816 1146 1879 αὐτοὺς
1178 1815 1366 1884 φιλεῖν.
1393 1815 1552 1867 Ὥστε

62 1904 178 1957 οὖτο
204 1905 342 1958 πάλιν
369 1904 458 1970 τῆς
487 1903 652 1958 αὐτοῦ
689 1905 910 1976 ἀγάπης
939 1909 1164 1976 σημεῖον
1202 1901 1290 1976 ἧν.
1320 1907 1428 1958 Kal
1461 1905 1554 1958 ἐπὶ

61 1995 128 2050 ,ἐν
154 1996 242 2066 τῆς
276 1995 656 2066 παρακλήσεώς
699 2013 854 2068 φησι,
883 1996 1307 2066 Πεπλήρωμαι·
1347 1996 1555 2050 ἀπέλα-

61 2105 116 2139 ον
150 2087 272 2158 ὅπερ
309 2086 555 2155 ὠφείλετό
602 2103 722 2156 μοι·
757 2087 848 2140 ἐπὶ
879 2087 936 2140 δέ
973 2090 1074 2158 τῆς
1117 2089 1311 2158 χαρᾶς,
1351 2086 1558 2156 ’Υπερ-

61 2177 445 2246 ἐρισσεύομαν
483 2177 778 2240 τουτέστιν,
849 2177 1140 2248 Ἦθύμησα
1201 2177 1337 2248 πρὸς
1389 2179 1554 2248 ὑμᾶς,

61 2265 132 2319 λλ⁹
154 2267 535 2338 ἀπελογήσασθε
565 2268 895 2338 ἀρκούντως,
926 2270 1020 2322 καὶ
1054 2269 1517 2341 παρεμυθήσασθε
1536 2285 1550 2300 ⁸

61 2358 132 2410 ἰδὲ
179 2359 278 2427 γὰρ
310 2359 458 2429 μόνον
504 2360 742 2413 ἀνείλετέ
791 2377 881 2430 μοι
927 2360 1026 2430 τὴν
1055 2360 1307 2413 ὑπόθεσιν
1335 2361 1434 2430 τῆς
1460 2360 1556 2414 λύ-

61 2466 139 2517 ης,
167 2448 292 2502 ἀλλὰ
320 2449 408 2501 καὶ
433 2449 604 2520 χαράν
633 2451 921 2520 ἐποιήσατε
947 2451 1183 2504 πλείονα.
1221 2447 1351 2504 Εἶτα
1381 2451 1558 2521 δηλῶν

61 2540 176 2609 ὅτῆς
204 2539 260 2592 τὸ
300 2540 541 2610 μέγεθος.
586 2541 646 2593 οὐ
678 2540 852 2611 τούτῳ
897 2542 1056 2610 μόνον
1085 2543 1352 2596 δείκνυσιν
1403 2543 1554 2608 αὐτὸ,

61 2627 296 2693 ᾖείπεῖν,
342 2629 419 2681 ὃτι
461 2629 1073 2700 ’Υπερπερισσεύομαι
1114 2631 1189 2699 τῇ
1223 2631 1394 2701 χαρᾷ,
1426 2633 1560 2686 ἁλλά

61 2720 97 2770 ul
143 2718 218 2790 τῷ
256 2721 570 2788 ἐπαγαγεῖν,
617 2721 748 2774 Ἐπὶ
795 2721 962 2791 πάσῃ
1013 2721 1090 2791 τῇ
1118 2725 1318 2792 θλίψει
1369 2724 1555 2794 ἡμῶν.

61 2807 243 2879 ›σαύτη
270 2810 376 2882 γὰρ
398 2805 465 2881 ἦν
493 2812 525 2881 ή
554 2811 622 2864 δι’
647 2813 790 2881 ὑμᾶς
822 2813 953 2882 ἡμῖν
977 2813 1140 2884 ἡδονὴ
1169 2813 1458 2884 γενομένη,
1485 2815 1561 2877 ὡς

61 2900 134 2967 ιδέ
163 2900 392 2972 τοσαύτῃ
425 2903 814 2973 ἀμαυρωθῆναι
849 2903 1042 2973 θλίψει,
1075 2903 1211 2957 ἀλλὰ
1236 2907 1303 2976 τῇ
1340 2921 1562 2974 περιου-

61 3009 83 3061 μ
114 2993 210 3044 τοῦ
239 2993 440 3046 οἰκείου
483 2994 746 3063 μεγέθους
775 2995 1156 3066 περιγενέσθαι
1195 2996 1302 3048 τῶν
1329 2996 1564 3050 καταλα-

61 3099 197 3136 ντων
219 3085 368 3152 ἡμᾶς
389 3082 668 3155 λυπηρῶν,
693 3087 787 3138 καὶ
808 3085 882 3156 μὴ
904 3088 1117 3155 ἀφεῖναι
1144 3085 1393 3155 αἴσθησιν
1415 3086 1564 3156 ἡμᾶς

61 3171 172 3224 τῶν
196 3173 403 3227 λαϐεῖν.
439 3175 549 3227 Καὶ
577 3175 686 3244 γὰρ
713 3176 1014 3230 ἐλθόντων
1048 3175 1218 3244 ἡμῶν
1254 3178 1342 3242 εἰς
1371 3179 1564 3230 Μακε-

61 3264 218 3330 νίαν,
261 3265 553 3334 οὐδεμίαν
578 3267 843 3336 ἔσχηκεν
877 3266 1090 3320 ἄνεσιν
1113 3269 1152 3335 ἡ
1183 3266 1340 3334 σὰρξ
1371 3265 1560 3336 ἡμῶν.

61 3355 214 3427 πειδὴ
261 3356 372 3428 γὰρ
424 3353 566 3421 εἷπε,
616 3357 694 3426 Τῇ
736 3358 958 3425 θλίψει,
1020 3356 1168 3426 λέγει
1225 3359 1317 3410 καί
1347 3360 1562 3427 ποταπῇ

62 3445 180 3514 ψει,
214 3448 311 3500 καὶ
354 3449 575 3519 ἐπαίρει
603 3448 806 3518 ταύτην
840 3449 918 3520 τῷ
950 3450 1110 3518 λόγῳ,
1160 3449 1247 3503 ἴνα
1277 3449 1422 3520 δείξῃ
1465 3467 1564 3520 με·

61 3538 152 3606 λην
179 3535 356 3590 οὖσαν
403 3538 506 3610 τὴν
534 3542 599 3592 ἐκ
625 3540 827 3592 τούτων
859 3542 1210 3612 παραμυθίαν
1238 3541 1333 3594 καὶ
1367 3542 1562 3611 χαρὰν,

61 3645 105 3690 γε
137 3631 425 3700 τοσαύτην
450 3631 828 3701 ἀπεκρούσατο
853 3631 1067 3703 ὀδύνην.
1105 3632 1268 3686 Ἀλλ’
1288 3632 1359 3685 ἐν
1385 3631 1563 3685 παντὶ

69 3721 346 3788 ὅόμενοι.
375 3721 504 3786 Πῶς
549 3724 606 3776 ἐν
637 3723 829 3791 παντί;
875 3725 1139 3789 Ἔξωθεν
1171 3724 1380 3794 μάχαι,
1416 3714 1582 3794 παρά

61 3829 70 3857 ι
118 3814 424 3867 ἀπίστων·
465 3816 734 3869 Ἕσωθεν
767 3819 956 3885 φόϐοι,
997 3818 1084 3870 διὰ
1137 3818 1262 3880 τοὺς
1321 3816 1566 3880 ἀσθενεῖς

61 3921 66 3941 υ
97 3903 356 3970 πιστῶν,
409 3903 487 3976 μὴ
528 3905 938 3977 παρασυρῶσιν.
969 3907 1105 3960 Ούδέ
1139 3906 1247 3977 γὰρ
1275 3907 1424 3977 παρά
1454 3909 1564 3960 Κο-

61 3993 193 4057 νίοις
226 3994 403 4065 μόνον
426 3995 646 4050 τοιαῦτα
669 3996 1000 4059 συνέϐαινεν,
1023 3995 1158 4049 ἀλλά
1187 3997 1283 4050 καὶ
1307 3995 1563 4065 ἀλλαχοῦ.

61 4083 124 4133 λ’
168 4085 206 4135 ὀ
259 4083 644 4150 παρακαλῶν
674 4084 815 4149 τοὺς
859 4085 1197 4151 ταπεινοὺς,
1237 4086 1566 4154 παρεκάλε-

95 4165 280 4237 ἠμᾶς
333 4167 446 4220 ἐπὶ
482 4166 556 4235 τῇ
583 4169 884 4234 παρουσίᾳ
937 4168 1122 4222 Τίτου.
1191 4169 1406 4240 Ἐπειδὴ
1458 4169 1566 4239 γὰρ

61 4260 175 4312 ἀλα
236 4261 446 4323 αὐτοῖς
494 4260 874 4330 ἐμαρτύρησεν
924 4260 1112 4324 εἰπὼν,
1166 4262 1250 4313 ἵνα
1308 4261 1382 4331 μὴ
1439 4261 1566 4332 δόξῃ

61 4351 314 4416 ικεύειν,
360 4352 622 4422 μάρτυρα
656 4351 897 4422 παράγει
923 4352 1078 4404 Τίτον
1108 4353 1197 4405 τὸν
1222 4353 1473 4421 ἀδελφὸν,
1510 4353 1568 4417 ὃς

61 4445 70 4460 ⁵
99 4444 316 4497 αὐτῶν
353 4444 593 4512 ἀφίκετο
615 4444 751 4515 πρὸς
786 4443 878 4496 τὸν
904 4443 1114 4496 Παῦλον
1145 4443 1282 4512 μετά
1311 4443 1408 4514 τήν
1437 4461 1570 4515 προ-

61 4555 110 4589 ιν
153 4536 494 4607 ἐπιστολὴν
535 4535 888 4606 διηγούμενος
934 4535 1081 4605 αὑτῷ
1131 4535 1200 4588 τὰ
1249 4535 1346 4605 τῆς
1387 4538 1568 4592 αὐτῶν

61 4629 343 4692 θὼσεως.
393 4629 474 4681 Σὺ
515 4629 572 4682 δέ
599 4645 688 4700 μοι
730 4628 922 4682 σκόπει
956 4627 1071 4690 πῶς
1102 4629 1375 4698 πανταχοῦ
1427 4631 1569 4700 μέγα

61 4739 149 4775 ται
205 4721 327 4792 τὴν
379 4721 694 4792 παρουσίαν
738 4721 920 4775 Τίτου.
967 4722 1076 4774 Καὶ
1121 4719 1229 4791 γὰρ
1261 4719 1570 4791 ἔμπροσθέν

64 4834 122 4882 ν,
180 4813 458 4869 Ἐλθὼν
480 4813 546 4867 δὲ
586 4817 675 4878 εἰς
706 4813 820 4881 τὴν
856 4813 1088 4882 Τρωάδα
1116 4815 1204 4880 εἰς
1231 4815 1298 4869 τὸ
1331 4814 1566 4886 εὐαγγέ-

62 4947 80 4971 ,
125 4910 265 4962 οὐκ
304 4907 570 4976 ἔσχηκα
605 4906 818 4961 ἄνεσιν
865 4905 946 4971 τῷ
988 4906 1283 4974 πνεύματί
1313 4925 1454 4976 μου,
1493 4906 1573 4973 τῷ

61 4998 297 5068 εὑρεῖν
347 5016 444 5068 με
489 4999 659 5052 Τίτον
700 4997 807 5051 τὸν
849 4997 1117 5065 ἀδελφόν
1165 5013 1318 5066 μου·
1349 4998 1444 5051 καὶ
1488 4998 1574 5052 ἐν·

61 5110 104 5147 α.
145 5092 378 5156 πάλιν,
444 5091 578 5144 Ἔπί
623 5089 699 5159 τῇ
738 5090 1039 5158 παρουσίᾳ
1071 5091 1240 5144 Τίτου
1273 5091 1574 5158 παρεκλή-

65 5203 140 5249 ν,
180 5185 380 5256 φησί.
437 5186 553 5239 Καὶ
589 5183 696 5255 γὰρ
746 5183 996 5254 βούλεται
1039 5182 1352 5248 ἀξιόπιστον
1390 5183 1574 5246 αὐτοῖς

61 5279 312 5346 στῆσαι.
373 5275 482 5327 τὸν
526 5273 713 5344 ἄνδρα.
764 5274 858 5328 καὶ
889 5273 1040 5342 φίλον
1081 5274 1286 5344 σφόδρα
1323 5273 1571 5343 ποιῆσαι.

61 5368 170 5436 ipa
213 5365 372 5428 πῶς
404 5365 701 5434 ἀμφότερα
729 5361 880 5436 [540]
907 5363 1325 5430 κατασκευάζει.
1354 5363 1444 5436 Τῷ
1475 5366 1574 5436 μὲν

73 5458 286 5522 ἰπεῖν,
332 5460 484 5512 Οὐκ
503 5457 741 5526 ἔσχηκα
767 5455 979 5510 ἄνεσιν
1006 5455 1087 5522 τῷ
1118 5457 1412 5526 πνεύματί
1430 5475 1573 5528 μου,

61 5545 280 5615 ἷγεθος
322 5545 521 5602 αὐτοῦ
545 5546 781 5601 δείκνυσι
800 5545 900 5616 τῆς
930 5545 1133 5616 ἀρετῆς
1151 5560 1167 5579 ο
1194 5545 1272 5616 τῷ
1297 5546 1352 5600 δέ
1377 5548 1574 5613 εἰπεῖν,

3109 157 3216 214 300

1652 261 1734 314 ὅτι
1770 262 1900 318 Ἑπί
1932 264 2009 332 τῇ
2053 266 2254 334 θλίψει
2291 265 2462 336 ἡμῶν
2495 265 2535 335 ἠ
2563 267 2866 335 παρουσία
2891 268 3076 324 αὐτοῦ
3109 269 3218 340 ἧρ-

1651 368 1836 406 κεσεν
1878 356 1966 420 είς
1999 357 2397 425 παραμυθίαν,
2445 359 2518 412 οὐ
2551 359 2745 426 μόνον
2773 357 2841 412 δὲ
2865 358 2936 412 ἐν
2965 358 3040 427 τῇ
3069 375 3217 429 παρ-

1649 445 1828 510 ουσίᾳ
1856 446 2064 508 αὑτοῦ,
2116 448 2274 501 ἀλλὰ
2306 448 2403 501 καὶ
2443 447 2519 516 τῇ
2577 449 2976 516 παρακλήσει,
3014 445 3053 522 ᾖ
3075 467 3220 519 παρ-

1649 534 1879 600 εκλήθη
1915 535 2008 604 ἐφ’
2028 537 2190 605 ὑμῖν,
2224 540 2412 590 οἰκειοῖ
2431 540 2540 602 τοῖς
2571 539 2873 610 Κορινθίοις
2898 541 2990 594 τὸν
3023 541 3212 613 ἄνδρα.

1649 624 1812 677 Οὐδὲν
1842 625 1949 698 γὰρ
1987 628 2128 682 οὕτω
2170 629 2351 698 φιλίας
2398 632 2542 683 ποιεῖ
2566 632 2660 684 καὶ
2693 635 3000 701 συγκροτεῖ,
3049 633 3124 697 ὡς
3157 635 3218 686 τδ

1647 712 1820 779 δεξιόν
1867 733 1920 770 τι
1955 719 2049 772 καὶ
2093 721 2243 788 ύγιές
2285 721 2413 790 περί
2453 738 2598 784 τινος
2639 724 2848 775 εἰπεῖν·
2882 723 2909 776 ὃ
2939 724 3031 776 καὶ
3075 723 3218 793 Τίτῳ

1651 811 1920 879 μαρτυρεῖ
1938 811 2132 879 λέγων,
2160 813 2240 866 ὃτι
2264 814 2714 884 Παραγενόμενος
2741 814 3048 886 ἐπτέρωσεν
3071 817 3219 888 ἡμᾶς

1649 897 1754 950 ὑπὸ
1786 899 1888 968 τῆς
1913 901 2106 972 ἡδονῆς
2127 920 2140 932 ο
2170 902 2392 956 τοιαῦτα
2429 905 2557 976 περὶ
2582 906 2738 975 ὑμῶν
2767 908 3088 978 ἀπήγγειλε.
3120 909 3218 963 Διὰ

1647 986 1804 1042 τοῦτο
1850 992 1884 1060 ή
1914 992 2186 1063 παρουσία
2225 993 2388 1046 αὑτοῦ
2444 993 2721 1066 ηὗφρανεν
2769 999 2933 1068 ἡμᾶς.
2997 998 3072 1051 Οίι
3109 999 3219 1069 γὰρ

1651 1077 1810 1147 μόνον
1848 1082 1905 1132 ἐν
1947 1084 2013 1151 τῇ
2058 1083 2326 1155 παρουσίᾳ
2357 1085 2520 1138 αὑτοῦ
2547 1085 2816 1157 ἥσθημεν,
2845 1089 2978 1142 ἀλλὰ
3008 1091 3101 1144 καὶ
3127 1091 3218 1143 ἐπὶ

1647 1169 1712 1236 τῇ
1770 1170 2134 1240 παρακλήσει,
2259 1175 2574 1246 παρεκλήθη
2625 1177 2710 1245 ἐφ’
2758 1178 2904 1248 ὑμῖν.
2955 1182 3068 1234 Καὶ
3105 1181 3222 1243 πῶς
3286 1197 3288 1200 ·

1650 1259 2003 1332 παρεκλήθη;
2047 1263 2145 1316 Διά
2180 1264 2283 1333 τῆς
2320 1266 2518 1338 ἀρετῆς
2565 1267 2740 1338 ὑμῶν,
2774 1269 2863 1323 διὰ
2889 1270 2998 1323 τῶν
3025 1289 3222 1343 κατορ⁴

1651 1350 1957 1422 θωμόιτωνο
1987 1355 2066 1409 διὸ
2108 1357 2202 1410 καὶ
2239 1359 2453 1428 ἐπάγει.
2501 1361 2904 1432 Ἄναγγέλλων
2929 1365 3072 1434 ἡμῖν
3109 1365 3225 1432 τὴν

1649 1441 1816 1511 ὑμῶν
1852 1444 2232 1514 ἐπιπόθησιν,
2268 1449 2374 1502 τὸν
2413 1450 2581 1520 ὑμῶν
2606 1453 2887 1522 ὀδιιρμὺν,
2917 1455 3024 1508 τὸν
3055 1455 3223 1518 ὑμῶν

1651 1534 1834 1601 ζῆλον
1877 1536 2029 1604 ὑπὲρ
2084 1538 2252 1607 ἐμοῦ.
2299 1541 2484 1596 Ταῦτα
2531 1542 2693 1597 αὑτὸν
2741 1543 3010 1616 ηὔφρανε,
3063 1545 3220 1617 φησὶ,

1650 1624 1824 1678 ταῦτα
1853 1627 2248 1694 παρεκάλεσεν.
2296 1627 2450 1694 Εἶδες
2488 1631 2606 1696 πῶς
2636 1633 2730 1687 καὶ
2758 1635 2918 1688 αὐτὸν
2951 1635 3223 1690 δείκνυσιν

1651 1714 1828 1768 αὐτῶν
1869 1717 2094 1787 σφοδρὸν
2127 1719 2385 1790 ἐραστὴν,
2428 1721 2482 1774 εί
2522 1739 2586 1790 γε
2613 1725 2715 1795 τὴν
2757 1725 2980 1778 ἐκείνων
3013 1727 3222 1779 εὐδοκίοο

1655 1823 1821 1877 μησίν
1848 1808 2052 1860 οἰκείαν
2099 1810 2442 1881 παράκλησιν
2474 1808 2614 1866 εἶναι
2645 1817 2875 1886 ήγεῖται,
2905 1816 3000 1869 καὶ
3034 1816 3110 1878 ὼς
3135 1819 3220 1869 ἐπ’

1652 1897 1872 1962 οἰκείοις
1912 1899 2136 1967 ἀγαθοῖς
2165 1900 2334 1953 ἐλθὼν
2373 1903 2643 1972 ἐκαυχᾶτο
2669 1905 2819 1974 παρά
2854 1905 3081 1975 Παύλῳ;
3113 1905 3226 1960 Kal

1652 1987 1752 2059 ὅρα
1781 1989 1901 2052 πῶς
1941 1990 2080 2044 αὐτὰ
2105 1990 2320 2060 θερμῶς
2367 1993 2726 2061 ἀπαγγέλλειο
2760 1995 2880 2063 Τὴν
2909 1995 3076 2065 ὑμῶν
3099 1996 3226 2048 ἐπι·

1656 2081 1940 2146 πόθησιν,
1999 2080 2108 2134 τὸν
2155 2080 2322 2150 ὑμῶν
2373 2083 2650 2152 ὀδυρμόν,
2687 2085 2794 2139 τὸν
2829 2086 2995 2155 ὑμῶν
3022 2085 3221 2155 ζῆλον.

1655 2172 1816 2235 Εἰκὸς
1841 2171 1949 2242 γὰρ
1967 2173 2164 2237 αὐτοὺς
2183 2173 2401 2227 πενθεῖν
2429 2175 2524 2228 καὶ
2557 2177 2762 2245 ἀλγεῖν,
2788 2177 2843 2230 τί
2870 2176 3042 2241 οὕτως
3067 2179 3225 2232 ἐδυσ-

1655 2263 1883 2334 χέρανεν
1929 2266 1957 2317 6
2016 2265 2282 2335 μακάριος
2332 2267 2562 2331 Παῦλος,
2617 2268 2671 2320 τί
2715 2269 2968 2323 τοσοῦτον
3013 2269 3224 2342 ἀπέστη

1655 2352 1864 2422 χρόνον.
1889 2353 1979 2406 Διὸ
1999 2354 2118 2406 οὐδὲ
2140 2354 2325 2418 ἁπλῶς
2347 2351 2469 2409 εἷπε
2498 2357 2726 2428 δάκρυα,
2752 2358 2866 2412 ἀλλ’
2909 2358 3224 2427 Ὀδυρμὸν,

1655 2443 1773 2497 οὑδέ
1830 2444 2144 2514 ἐπιθυμίαν,
2193 2446 2310 2499 ἀλλ’
2379 2448 2792 2515 Ἑπιπόθησιν,
2853 2448 2974 2501 οὐδέ
3035 2449 3225 2520 ὀργὴν,

1657 2534 1795 2588 ἀλλὰ
1839 2534 2060 2603 Ζῆλον,
2096 2537 2190 2589 καὶ
2224 2536 2391 2607 ζῆλον
2423 2537 2586 2591 πάλιν
2613 2538 2704 2592 τὸν
2743 2540 2884 2610 ὕπέρ
2919 2539 3105 2602 αὑτοῦ,
3135 2539 3230 2594 τὸν

1660 2628 1723 2679 ἐκ
1764 2625 1858 2678 τοῦ
1905 2627 2356 2698 πεπορνευκότος,
2385 2628 2476 2682 τὸν
2513 2631 2578 2682 ἐκ
2615 2628 2722 2681 τῶν
2755 2630 3226 2700 κατηγορούντων.

1671 2715 2040 2787 Ἐπυρὼθητε
2084 2717 2212 2788 γὰρ,
2269 2719 2425 2789 φησί,
2475 2719 2572 2773 καὶ
2595 2720 2879 2787 ἐξεκάητε
2917 2720 3232 2791 δεξάμενοι

1654 2825 1772 2875 μου
1807 2807 1878 2861 τὰ
1907 2807 2235 2877 γράμματα.
2268 2812 2365 2864 Διά
2408 2810 2581 2865 ταῦτα
2614 2811 2928 2881 περισσεύει
2965 2814 3031 2883 τῇ
3063 2813 3228 2882 χαρᾷ,

1659 2897 1746 2949 διὰ
1781 2898 1954 2952 ταῦτα
2001 2900 2355 2969 πεπλήρωται
2409 2905 2474 2972 τῇ
2521 2903 2884 2972 παρακλήσει,
2920 2903 3003 2956 ὅτι
3051 2903 3232 2958 αὐτῶν

1662 2989 1963 3060 καθήψατο.
2005 2991 2159 3062 Ἐμοὶ
2177 2993 2232 3046 δέ
2254 2993 2402 3046 δοκεῖ
2424 2993 2598 3047 ταῦτα
2620 2994 2680 3047 ού
2713 2995 2850 3064 πρὸς
2876 2995 3232 3066 παραμυθίαν

1659 3079 1768 3134 τῶν
1802 3080 2108 3153 ἔμπροσθεν
2146 3084 2399 3154 εἰρῆσθαι
2435 3085 2616 3155 μόνον,
2670 3085 2804 3139 ἀλλὰ
2838 3086 2931 3139 καὶ
2972 3088 3050 3150 εἰς
3098 3103 3233 3158 προ-

1660 3173 1867 3244 τροπὴν
1917 3174 2025 3228 τῶν
2056 3175 2500 3246 κατωρθωκότων
2542 3177 2701 3230 αὐτά.
2743 3175 2853 3230 Kal
2892 3178 3002 3248 γὰρ
3053 3181 3102 3231 εἰ
3138 3177 3232 3232 καὶ

1661 3267 1774 3328 τοῖς
1817 3265 2125 3337 ἔμπροσθεν
2158 3267 2499 3337 ἐγκλήμασιν
2538 3264 2675 3320 εἷναί
2713 3285 2864 3330 τινας
2901 3267 3235 3332 ὑπευθύνους

1661 3355 1924 3427 ἠγοῦμαι,
1967 3357 2062 3410 καὶ
2105 3357 2212 3409 τῶν
2262 3357 2500 3411 ἐπαίνων
2545 3357 2750 3411 τούτων
2783 3357 3066 3423 ἀναξίους’
3117 3358 3233 3411 ἀλλ’

1663 3446 1812 3516 ὅμως
1850 3447 2046 3510 αὐτοὺς
2098 3449 2159 3502 οὐ
2209 3449 2428 3518 διαιρεῖ,
2470 3448 2607 3502 ἀλλά
2641 3450 2793 3503 κοινὰ
2822 3449 3004 3521 τίθησι
3037 3453 3129 3504 καὶ
3165 3452 3234 3508 τὰ

1664 3535 1915 3606 ἐγκώμια
1948 3537 2040 3590 καὶ
2068 3538 2137 3590 τὰ
2160 3538 2503 3608 ἐγκλήματα,
2532 3539 2707 3603 διδοὺς
2728 3539 2803 3610 τῷ
2830 3541 3090 3594 συνειδότι
3125 3541 3236 3594 τῶν

1665 3627 1968 3682 ἀκουόντων
1997 3628 2347 3695 ἐπιλέξασθαι
2367 3630 2434 3682 τὰ
2468 3632 2663 3685 οἰκεῖα.
2696 3631 2851 3684 Οὕτω
2879 3632 2984 3703 γὰρ
3008 3634 3235 3686 κάκεῖνα

1665 3719 1944 3790 ἀνεπαχθῆ
1976 3721 2204 3789 ἐγίνετο.
2237 3722 2330 3774 καὶ
2356 3721 2526 3775 ταῦτα
2552 3724 2631 3785 εἰς
2653 3723 2813 3792 ζῆλον
2843 3719 2945 3794 ἦγε
2977 3725 3161 3779 πολύν.

1735 3816 1804 3877 γ’.
1843 3808 1997 3862 Οὕτω
2025 3811 2118 3863 καὶ
2155 3810 2250 3862 νῦν
2284 3811 2388 3880 χρὴ
2416 3813 2541 3874 τοὺς
2573 3813 3004 3882 ἐγκαλουμένους
3033 3813 3235 3867 διακεῖο

1668 3901 1814 3967 σθαι,
1843 3901 2058 3973 θρηνεῖν
2097 3901 2190 3954 καὶ
2226 3901 2529 3972 ὀδύρεσθαι,
2562 3902 2702 3955 οὕτω
2731 3903 2855 3965 τοὺς
2886 3903 3236 3967 διδασκάλους

1666 3993 1870 4055 ποθεῖν,
1899 3993 2041 4047 οὕτω
2075 3996 2269 4063 μᾶλλον
2299 3997 2548 4064 πατέρων
2575 3993 2868 4064 ἐπιζητεῖν.
2903 3995 2978 4046 Δι’
3015 3995 3236 4050 ἐκείνων

1670 4086 1769 4155 μέν
1805 4086 1912 4154 γὰρ
1953 4085 2014 4137 τὸ
2055 4085 2182 4155 ζῇν,
2215 4086 2304 4138 διὰ
2337 4085 2392 4138 δὲ
2416 4085 2618 4137 τούτων
2654 4085 2713 4136 τὸ
2739 4084 2920 4147 καλῶς
2952 4083 3051 4155 ζῇν
3087 4085 3237 4153 γίνε-

1667 4194 1775 4230 ται.
1825 4175 1980 4230 Οὕτω
2018 4175 2126 4246 χρὴ
2170 4177 2356 4246 φέρειν
2401 4176 2745 4244 ἐπιτιμήσεις
2785 4175 3056 4246 πατέρων,
3096 4175 3237 4228 οὕτω

1668 4267 1778 4326 τοῖς
1817 4263 2248 4334 προηγουμένοις
2274 4261 2448 4331 χρεὼν
2477 4262 2756 4327 συναλγεῖν
2782 4263 2872 4314 ἐπὶ
2902 4263 3026 4324 τοὺς
3059 4263 3168 4330 ἁμα
3181 4279 3239 4332 ρ-

1668 4354 1946 4415 τάνοντας.
1975 4353 2049 4404 Οὐ
2070 4353 2180 4420 γὰρ
2211 4352 2266 4402 ἐν
2308 4351 2488 4413 αὐτοῖς
2520 4354 2702 4404 κεῖται
2730 4351 2789 4403 τὸ
2825 4352 2950 4412 πᾶν,
2984 4351 3117 4404 ἀλλὰ
3143 4352 3238 4404 καὶ

1670 4444 1725 4495 ἐν
1751 4443 1898 4512 ὑμῖν.
1935 4440 2050 4495 Κᾶν
2086 4440 2194 4510 γὰρ
2227 4441 2309 4512 ίδῃ
2344 4442 2372 4493 6
2405 4441 2741 4511 ἡμαρτηκὼς
2764 4481 2777 4504 ,
2819 4441 2900 4494 ὅτι
2931 4441 3235 4512 ἐπετιμήθη

1675 4535 1772 4606 μὲν
1794 4532 1946 4604 παρά
1972 4532 2064 4586 τοῦ
2098 4533 2321 4604 πατρὸς,
2353 4531 2678 4602 ἐκολακεύθη
2707 4533 2762 4584 δέ
2788 4531 2940 4604 παρὰ
2961 4532 3070 4586 τῶν
3089 4533 3240 4587 ἀδελ-

1673 4623 2202 4698 φῶν,·ρᾳθυμότερος
2226 4623 2455 4693 γίνεται.
2499 4622 2637 4676 Ἀλλ’
2677 4624 2805 4676 ὅταν
2847 4625 2875 4676 6
2909 4623 3091 4694 πατὴρ
3119 4625 3240 4677 ἐπιο

1671 4719 1898 4790 τιμήσῃ,
1933 4715 2314 4788 συνοργίσθητι
2339 4715 2434 4768 καὶ
2456 4715 2540 4779 σὺ,
2572 4714 2683 4766 είτε
2715 4713 2791 4777 ὡς
2826 4713 3053 4782 ἀδελφοῦ
3081 4714 3241 4786 κηδό-

1675 4828 1854 4880 μενος,
1873 4811 1981 4863 είτε
2001 4810 2076 4873 ὡς
2101 4808 2265 4880 πατρί
2295 4803 2710 4875 συναγανακτῶν
2733 4821 2747 4834 ·
2773 4803 2933 4873 μόνον
2947 4802 3096 4876 [541]
3120 4804 3240 4858 ἐπίο

1671 4903 1842 4969 δειξαι
1881 4901 2080 4972 πολλὴν
2121 4899 2218 4971 τὴν
2261 4897 2520 4968 σπουδὴν,
2573 4895 2668 4950 καὶ
2718 4893 3004 4965 πένθησον,
3039 4895 3110 4967 μὴ
3155 4897 3238 4949 ὅτι

1673 4993 2002 5066 ἐπετιμήθη,
2025 4993 2139 5047 ἀλλ’
2161 4994 2242 5046 ὅτι
2267 4992 2534 5062 ἥμαρτεν.
2567 4990 2667 5042 "Av
2693 4988 2748 5041 δέ
2775 4987 3114 5060 οἰκοδομήσω
3141 4989 3240 5058 μέν

1674 5089 1804 5158 ἐγὼ,
1833 5085 2141 5157 καταλύσῃς
2178 5084 2235 5136 δέ
2279 5083 2364 5147 σὺ,
2400 5082 2451 5134 τί
2481 5079 2844 5151 ὠφελήσαμεν
2879 5080 3041 5133 πλέον
3077 5079 3110 5151 ἦ
3144 5078 3239 5133 κό-

1674 5197 1837 5245 πους;
1865 5177 2076 5233 Μᾶλλον
2097 5177 2152 5228 δὲ
2187 5175 2246 5228 οὐ
2274 5173 2435 5244 μέχρι
2467 5169 2654 5224 τούτου
2684 5187 2765 5224 σοι
2793 5171 2862 5224 τὰ
2889 5170 2986 5241 τῆς
3015 5168 3238 5239 ζημίας,

1675 5270 1810 5324 ἀλλά
1833 5268 1928 5322 καλ⁸
1960 5267 2180 5321 κόλασιν
2221 5265 2371 5330 ἄγεις
2415 5262 2508 5314 ἐπὶ
2533 5260 2746 5314 σαυτόν.
2785 5259 2845 5313 Ὀ
2873 5258 2982 5330 γὰρ
3015 5258 3240 5312 κωλύων

1676 5365 1736 5417 τὸ
1762 5361 1982 5431 τραῦμα
2020 5355 2441 5429 θεραπευθῆναι,
2470 5351 2567 5406 τοῦ
2600 5351 2960 5422 πεποιηκότος
2984 5351 3116 5404 αὐτὸ
3138 5351 3240 5404 οὐκ

1679 5456 1934 5510 ἐλάττονα
1982 5451 2092 5522 ἔχει
2145 5447 2386 5509 κόλασιν,
2437 5444 2571 5498 ἀλλὰ
2609 5445 2700 5497 xal
2741 5443 2978 5514 μείζονα.
3017 5442 3090 5495 Ού
3130 5441 3242 5511 γάρ

1678 5550 1825 5602 ἐστιν
1858 5544 1972 5598 ῐσον
2002 5539 2221 5612 πλῆξαι,
2243 5535 2411 5592 καὶτὸ
2427 5533 2628 5604 πληγὲν
2651 5533 2891 5586 κωλῦσαι
2906 5528 3245 5602 θεραπευθῆ-
