3792 6382
100 384 176 440 501

94 512 270 575 gerens,
300 503 405 549 tum
428 501 483 545 ut
509 505 629 545 cum
659 498 812 560 patre
846 487 1149 559 indignatus
1176 506 1191 543 :
1220 502 1467 554 magnum
1494 496 1611 540 stu-

93 598 210 651 dium
232 587 411 643 exhibe
455 596 508 640 et
537 583 832 655 lacrymare
855 623 869 649 ,
902 597 1010 637 non
1039 582 1160 651 quia
1188 581 1496 651 objurgnlus
1525 592 1626 647 est,

93 685 169 740 sed
189 683 298 752 quia
324 676 576 747 peccavit.
608 674 821 747 Alioqui
871 674 917 727 si
959 681 1233 727 exstruam
1263 673 1477 743 quidem
1505 688 1626 741 ego,

92 788 268 831 tuvcro
310 770 577 831 destruas,
615 766 741 837 qttid
766 765 909 820 aliud
953 764 1309 835 assequimur,
1366 778 1525 833 quam
1570 772 1629 817 ut

90 870 244 922 labore
283 877 375 917 nos
418 862 561 931 ipsos
607 857 994 915 conﬁciamus?
1024 857 1137 912 lmo
1182 873 1287 911 non
1329 856 1487 910 modo
1536 857 1628 911 tibi

89 960 305 1011 damnum
334 954 515 1015 infers,
547 966 733 1005 verum
765 963 979 1019 poenam
1012 962 1225 1018 quoque
1250 948 1344 1001 tibi
1373 947 1625 1001 accersis.

90 1050 197 1104 Nam
258 1046 341 1117 qui
399 1043 577 1099 obstat
631 1044 921 1112 quominus
971 1041 1161 1112 vulnus
1213 1048 1462 1103 curetur,
1522 1056 1628 1095 non

86 1142 248 1197 minori
276 1153 426 1210 quam
458 1140 546 1207 qui
576 1136 791 1201 inﬂixit,
822 1137 931 1189 imo
953 1134 1113 1189 etiam
1161 1134 1395 1205 graviori
1426 1134 1633 1202 suppli-

86 1236 155 1287 rlo
193 1231 424 1287 afﬁcitur.
459 1230 643 1298 Neque
688 1228 833 1283 enim
876 1242 969 1296 par
1009 1227 1211 1280 crimen
1250 1237 1363 1293 est,
1396 1226 1627 1296 aliquem

83 1325 237 1387 ferire,
258 1332 308 1377 et
332 1320 589 1390 impedire
617 1335 683 1373 ne
708 1318 1008 1374 remedium
1034 1317 1291 1371 afferatur
1318 1335 1331 1372 :
1365 1317 1465 1372 hoc
1485 1318 1627 1372 enim

82 1416 269 1471 omnino
298 1422 521 1467 mortem
574 1412 765 1481 gignit,
821 1408 950 1465 illud
998 1416 1176 1463 autem
1232 1424 1337 1461 non
1382 1409 1627 1462 omnino.

84 1509 185 1563 llaec
210 1516 375 1561 autem
408 1506 563 1559 vobis
588 1522 616 1558 a
648 1520 733 1559 me
776 1503 917 1560 dicta
947 1513 1091 1570 sunt,
1121 1513 1180 1557 ut
1210 1520 1329 1557 cum
1360 1503 1630 1557 antistites

77 1601 209 1670 justis
248 1599 312 1653 de
355 1599 530 1652 causis
579 1597 904 1658 irascuntur,
934 1608 1029 1649 vos
1071 1610 1284 1664 quoque
1330 1609 1450 1647 cum
1500 1592 1630 1662 ipsis

78 1692 348 1747 irascamini
380 1709 396 1751 ;
424 1701 483 1744 ut
509 1704 630 1743 cum
658 1687 962 1757 quempiam
992 1684 1329 1757 obiurgatum
1359 1684 1624 1749 videritis,

79 1785 160 1853 ipsi
178 1799 287 1838 eum
305 1782 471 1852 magis
498 1782 659 1835 etiam
690 1778 1014 1833 aversemini
1042 1793 1200 1846 quam
1221 1775 1476 1847 magister
1494 1776 1627 1844 ipse.

75 1878 159 1945 Qui
183 1877 413 1946 deliquit,
450 1889 546 1928 vos
572 1874 739 1943 magis
768 1887 929 1943 quam
954 1871 1240 1941 magistros
1264 1871 1628 1939 pertimescat.

79 1970 258 2024 Etenim
284 1969 328 2022 si
356 1967 597 2036 magistri
626 1966 792 2019 solius
838 1965 999 2019 timor
1027 1964 1080 2018 in
1111 1962 1277 2033 ipsius
1302 1963 1481 2015 animo
1507 1976 1630 2015 ver-

73 2070 219 2125 setur,
246 2060 352 2113 cito
377 2058 623 2127 peccabit
649 2075 661 2110 :
687 2057 771 2111 sin
802 2065 980 2110 autem
1010 2064 1087 2108 tot
1115 2054 1302 2108 oculos
1339 2068 1401 2107 ac
1434 2062 1513 2107 tot
1536 2066 1631 2106 ora

75 2154 408 2223 pcrtimuerit,
439 2153 649 2206 cautius
676 2152 838 2204 vitam
870 2151 1131 2204 instituet.
1161 2148 1625 2217 Quemadmodum

70 2249 194 2302 enim
246 2246 345 2301 nisi
401 2247 516 2300 haec
562 2244 842 2307 faciamus,
895 2251 1165 2298 extremas
1220 2257 1407 2312 poenas
1455 2240 1629 2294 daturi

71 2353 268 2393 sumus:
298 2339 363 2391 ita
386 2340 433 2392 si
466 2338 581 2390 hzee
610 2344 949 2404 przestemtts,
998 2341 1259 2402 qua-slum
1304 2348 1461 2401 quem
1510 2346 1633 2401 pec-

68 2431 277 2484 cantium
300 2429 567 2484 correctio
590 2427 750 2496 parit,
782 2441 883 2480 una
914 2439 1325 2495 consequemur.

132 2520 256 2593 Erga
280 2530 539 2590 peccantes
566 2522 747 2589 fratres
773 2516 1024 2587 quomodo
1044 2515 1317 2583 agendum.
1345 2544 1415 2554 —
1436 2514 1633 2581 Quam-

66 2612 231 2667 obrem
254 2612 324 2666 ita
358 2612 615 2665 faciamus
645 2626 658 2660 :
690 2617 745 2662 et
766 2609 810 2661 si
841 2606 961 2676 quis
987 2605 1305 2659 Christianis
1343 2605 1633 2659 convenire

64 2704 255 2764 dixerit,
290 2703 677 2757 humanitatem
709 2714 833 2769 erga
876 2707 1184 2769 peccantem
1216 2697 1433 2752 fratrem
1474 2696 1632 2751 adhi-

64 2799 197 2867 bere,
225 2804 397 2860 discat
428 2803 519 2858 ille
540 2845 555 2868 ,
588 2801 925 2855 humanitate
957 2814 1078 2852 eum
1113 2792 1187 2851 uti
1237 2797 1326 2867 qui
1360 2796 1631 2861 irascitur,

64 2910 154 2950 non
179 2914 295 2952 eum
332 2915 360 2953 a
390 2906 878 2971 quo.pr;emature,
927 2893 1017 2962 qui
1063 2899 1268 2963 peccat,
1316 2889 1628 2953 advocatur,

66 3002 154 3043 nec
205 2992 404 3058 peccati
458 2992 541 3045 sui
599 3004 761 3044 sensu
812 2985 952 3041 afﬁci
1012 2983 1222 3038 sinitur.
1282 2980 1411 3036 Uter
1464 2977 1657 3046 enim,’

61 3096 244 3148 quasso,
288 3084 441 3138 febre
478 3099 542 3137 ac
591 3079 841 3151 phrenesi
892 3077 1225 3131 laborantem
1266 3071 1634 3128 misericordia

61 3176 423 3244 prosequitur?
450 3176 570 3230 isne
595 3174 686 3244 qui
711 3173 762 3225 in
792 3172 933 3227 lecto
955 3184 1078 3224 eum
1109 3165 1300 3222 sternit
1325 3180 1389 3219 ac
1406 3162 1634 3217 vinculis

60 3264 283 3335 astringit
339 3276 507 3337 atque
554 3282 584 3319 a
626 3263 800 3318 noxiis
842 3261 976 3316 cibis
1024 3270 1079 3315 et
1124 3256 1429 3328 p0tionibus
1463 3262 1631 3318 arcet,

60 3371 115 3407 an
135 3357 218 3424 qui
245 3357 292 3411 ei
319 3373 475 3412 mero
500 3372 556 3411 se
588 3352 946 3427 ingurgitandi
971 3351 1275 3406 facultatem
1302 3348 1505 3419 praebet
1524 3388 1539 3412 ,
1572 3361 1636 3401 ac

59 3447 277 3515 suijuris
313 3460 367 3504 et
404 3448 617 3503 arbitrii
650 3462 773 3501 eum
804 3460 926 3501 esse
949 3443 1102 3514 jubet
1131 3441 1417 3510 omniaque
1462 3439 1636 3492 facere

61 3539 189 3605 sinit,
216 3556 335 3611 qua:
364 3542 436 3596 ab
468 3540 687 3594 homine
708 3552 843 3592 sano
866 3536 981 3591 ﬁeri
1008 3532 1249 3590 debent?
1272 3547 1449 3585 annon
1490 3543 1636 3583 mor-

58 3629 166 3683 bttnt
197 3647 417 3703 quoque
449 3632 538 3685 hic
558 3639 740 3701 attget,
773 3629 863 3699 qui
910 3624 1259 3681 humanitatis
1284 3622 1463 3677 ofﬁcio
1492 3620 1635 3691 fungi

58 3721 145 3773 sibi
172 3723 406 3789 videtur,
440 3739 567 3778 cum
590 3731 776 3777 contra
804 3721 893 3775 ille
921 3719 1167 3774 morbum
1202 3715 1402 3786 pellat?
1436 3712 1635 3768 Eodem

56 3813 199 3867 modo
227 3814 316 3869 hic
362 3830 587 3884 quoque
623 3814 945 3884 judicamus.
976 3809 1332 3865 Humanitatis
1355 3806 1497 3860 enim
1529 3813 1632 3871 est,

56 3906 253 3972 aegrotis
284 3923 392 3960 non
422 3907 623 3975 ubique
656 3903 954 3973 indulgere,
989 3917 1089 3956 nec
1117 3897 1460 3969 prteposteris
1494 3896 1637 3964 ipso-

54 4010 159 4049 rum
187 3997 585 4067 cupiditatibus
627 3994 946 4049 adblaudiri.
984 3991 1154 4046 Nemo
1182 4004 1305 4045 eum
1328 4030 1343 4053 ,
1376 3987 1464 4056 qui
1495 3984 1636 4055 apud

54 4084 346 4146 Corinthios
370 4089 678 4145 fornicatus
699 4095 838 4151 erat,
868 4095 976 4139 tam
999 4085 1212 4137 amabat
1243 4097 1401 4151 quam
1420 4080 1631 4143 Paulus,

52 4181 127 4247 qui
156 4198 279 4235 eum
312 4192 529 4236 satana:
552 4180 687 4234 tradi
713 4177 939 4248 jubebat
962 4176 1044 4247 (l.
1072 4174 1190 4229 Cor.
1227 4172 1314 4244 5);
1349 4187 1506 4226 netno
1528 4186 1638 4223 rur-

53 4288 131 4326 sus
156 4286 259 4330 tam
288 4292 419 4331 eum
444 4275 659 4339 oderat,
704 4274 864 4344 quam
894 4271 928 4324 ii
958 4270 1048 4340 qui
1081 4267 1323 4338 peccauti
1351 4262 1639 4335 applaude-

53 4364 164 4422 bant
190 4379 245 4423 et
264 4369 738 4440 obsequebantur.
764 4368 940 4435 Atque
960 4364 1061 4418 hoc
1080 4362 1257 4416 exitus
1282 4360 1357 4413 rei
1387 4372 1636 4427 eompro-

58 4457 203 4514 bavit.
236 4462 319 4516 llli
371 4462 529 4515 enim
576 4460 743 4529 ipsius
786 4458 949 4514 etiam
989 4456 1224 4509 animum
1268 4450 1544 4513 iuﬁarunt,
1573 4463 1637 4504 ac

1107 367 1174 427 ΙΝ
1215 367 1429 428 EPIST.
1472 371 1516 426 ll
1580 368 1670 425 AD
1708 370 1863 428 (ΞΟΠ.
1904 371 2135 430 ιιυΜιι.
2180 375 2295 432 XV.

3220 382 3328 437 502

1735 496 2000 544 tumorem
2048 491 2309 560 majorem
2358 490 2685 554 effecerunt;
2716 493 2803 549 hic
2840 504 3019 551 autem
3059 506 3326 554 tumorem

1736 579 2081 649 compressit,
2110 596 2210 636 nec
2231 590 2357 636 ante
2386 581 2613 649 abstitit,
2640 599 2802 651 quam
2824 600 2946 639 cum
2969 587 3192 657 integra:
3220 603 3321 642 vs-

1735 670 1960 726 letudini
1984 670 2304 728 reddidisset
2335 692 2349 727 :
2379 684 2538 744 atque
2568 675 2644 729 illi
2671 674 2889 745 quidem
2932 677 3155 745 malum,
3180 678 3327 749 quod

1730 763 1839 832 jam
1866 774 2001 829 erat,
2032 775 2333 830 auxerunt;
2366 765 2452 821 hic
2483 782 2612 821 vero
2655 766 2731 833 id,
2761 770 2902 837 quod
2937 769 3168 837 primum
3189 783 3326 825 con-

1734 866 1957 911 tractum
1988 859 2178 921 fuerat,
2205 860 2418 914 evulsit.
2465 860 2729 927 Quocirca
2772 877 2871 918 nos
2900 864 3060 919 etiam
3090 863 3190 919 has
3215 865 3316 919 hu-

1735 950 2006 1005 manitatis
2056 952 2200 1023 leges
2245 953 2609 1010 addiscamus.
2658 956 2791 1010 Nam
2835 968 2890 1013 et
2932 968 3010 1025 tu,
3036 960 3083 1013 si
3127 976 3325 1030 equum

1734 1042 1931 1097 videris
1951 1046 2041 1115 qtti
2067 1046 2119 1099 in
2142 1048 2437 1118 przecipitia
2472 1048 2694 1118 feratur,
2722 1050 2930 1106 frenum
2957 1052 3153 1122 injicis,
3182 1056 3323 1110 acri-

1736 1142 1920 1204 terque
1948 1136 2157 1192 inhibes
2186 1151 2248 1191 ac
2279 1153 2425 1209 saepe
2462 1139 2701 1209 ﬂagellas
2729 1159 2742 1192 :
2772 1158 3092 1213 quamquam
3118 1147 3329 1200 crucia-

1736 1236 1819 1281 tus
1864 1226 1966 1281 ltoc
2007 1236 2129 1293 est;
2157 1244 2347 1283 verum
2380 1228 2688 1299 hujusmodi
2719 1232 2991 1289 cruciatus
3019 1236 3244 1290 salutem
3275 1237 3329 1292 ei

1734 1319 1907 1374 affert.
1939 1320 2199 1377 Eamdem
2228 1322 2391 1392 igitur
2416 1338 2541 1393 erga
2577 1339 2671 1379 eos
2694 1326 2785 1393 qui
2812 1335 3035 1397 peccant
3060 1329 3327 1383 rationem

1736 1420 1858 1466 tene
1911 1429 1924 1464 :
1976 1411 2202 1467 vinculis
2248 1428 2395 1478 eum,
2454 1414 2545 1483 qui
2593 1416 2773 1470 scelus
2825 1417 3061 1483 admisit,
3114 1433 3327 1486 coerce,

1736 1519 1903 1573 usque
1924 1503 2049 1558 dum
2080 1505 2193 1574 ipse
2219 1505 2384 1560 Deum
2416 1506 2515 1561 sibi
2548 1508 2834 1577 propitium
2865 1509 3162 1564 reddiderit
3193 1527 3207 1564 :
3237 1526 3331 1566 so-

1735 1594 1906 1650 lutum
1945 1611 2067 1650 eum
2119 1612 2188 1651 ne
2230 1596 2465 1667 linquas,
2519 1614 2586 1652 ne
2633 1599 2954 1655 arctiorihus
2996 1600 3192 1655 divinae
3236 1603 3331 1657 ira:

1736 1690 1959 1744 vinculis
1984 1690 2405 1761 constringatur.
2436 1690 2493 1746 Si
2517 1691 2726 1747 vincula
2756 1694 2871 1761 ipse
2896 1693 3154 1763 injecero,
3188 1694 3330 1749 Deus

1738 1797 1841 1834 non
1865 1781 1975 1850 jam
2003 1781 2240 1846 vinciet;
2283 1782 2365 1836 sin
2392 1792 2570 1837 autem
2614 1783 2669 1837 in
2700 1784 2931 1839 vinculis
2956 1800 3079 1840 eum
3110 1801 3215 1840 non
3245 1796 3332 1841 te-

1739 1883 1926 1935 nuero,
1977 1871 2245 1941 ejusmodi
2296 1887 2418 1927 eum
2468 1873 2679 1927 vincula
2721 1884 2961 1941 manent,
3007 1892 3128 1947 quae
3157 1877 3331 1947 frangi

1738 1978 1843 2015 non
1871 1971 2093 2032 queant.
2130 1961 2343 2017 Siem'm
2369 1963 2602 2032 nosipsos
2615 1965 2993 2034 judicaremus,
3026 1984 3126 2022 non
3157 1969 3332 2039 utique

1728 2053 2084 2122 judicaremur
2113 2055 2192 2121 (l.
2225 2053 2341 2108 Cor.
2369 2055 2457 2108 Η.
2483 2054 2600 2126 3t).
2622 2055 2701 2111 Ne
2731 2055 2868 2111 hanc
2892 2073 3004 2112 rem
3034 2058 3329 2113 crudelita-

1737 2146 1805 2199 tis
1830 2160 1892 2199 ac
1920 2146 2145 2199 szevitiae
2172 2160 2294 2200 esse
2318 2145 2619 2213 arbitreris,
2652 2147 2745 2201 sed
2772 2163 2995 2204 summa:
3021 2150 3333 2222 benignita-

1737 2235 1803 2288 tis
1828 2237 2395 2305 pnestantissimteque
2438 2237 2689 2293 medendi
2715 2240 2939 2295 rationis
2970 2256 3069 2295 nec
3096 2243 3330 2312 vulgaris

1735 2328 2131 2383 sollicitudinis.
2190 2324 2383 2385 Verum
2427 2330 2558 2385 satis
2599 2330 2691 2385 ditt
2717 2346 2905 2401 poenas
2933 2333 3328 2403 expenderunt,

1736 2420 1933 2489 inquis.
1964 2420 2486 2491 Quamdiu,quteso?
2511 2436 2712 2476 annum
2741 2440 2902 2477 ttntttn
2933 2433 2989 2478 et
3012 2425 3241 2479 alterum
3265 2439 3331 2481 ac

1736 2512 1886 2566 tres?
1912 2511 2074 2583 Atqui
2106 2513 2359 2581 temporis
2389 2528 2597 2568 moram
2622 2528 2730 2569 non
2752 2530 2962 2585 quaero,
2992 2516 3087 2572 sed
3130 2518 3328 2572 animte

1736 2604 2156 2660 correctionem.
2213 2604 2328 2660 Hoc
2382 2605 2562 2676 itaque
2606 2606 2690 2662 fac
2731 2607 3095 2673 demonstres,
3143 2609 3325 2667 sintne

1736 2698 2065 2766 compuncti,
2093 2697 2270 2752 sintne
2316 2697 2367 2751 itt
2416 2698 2608 2753 melius
2652 2698 2950 2764 immutati;
2991 2708 3047 2754 et
3092 2715 3182 2755 res
3214 2709 3327 2756 tota

1736 2789 1978 2845 confecta
2009 2790 2133 2843 erit.
2163 2789 2314 2858 Quod
2345 2791 2445 2845 nisi
2494 2792 2565 2847 ita
2611 2792 2703 2860 sit,
2756 2792 2891 2847 nihil
2922 2794 3169 2865 profecto
3196 2807 3333 2851 tem-

1737 2882 1887 2952 poris
1913 2882 2237 2937 diuturnitas
2266 2885 2621 2941 emolumenti
2661 2886 2921 2942 attulerit.
2952 2887 3137 2959 Neque
3181 2890 3328 2945 enim

1736 2976 2003 3047 smpiusne
2029 2976 2319 3047 obligatum
2350 2979 2545 3034 vulnus
2589 2978 2769 3045 fuerit,
2793 2980 3107 3051 quaerimus,
3136 2981 3231 3037 sed
3259 2996 3329 3037 an

1739 3069 1969 3139 ligamen
2021 3069 2151 3123 illud
2209 3069 2609 3140 profueritzac
2653 3071 2699 3126 si
2744 3071 2907 3127 etiam
2958 3072 3025 3128 ad
3075 3075 3329 3144 exiguum

1740 3169 1952 3231 tempus
1975 3159 2269 3216 adhibitum
2302 3162 2521 3231 profuit,
2556 3176 2661 3218 non
2710 3162 2939 3233 amplius
2964 3163 3327 3225 adhibeatur:

1738 3253 1784 3306 si
1813 3260 1991 3307 autem
2021 3251 2152 3306 nihil
2198 3251 2336 3321 juvit
2356 3293 2371 3317 ,
2398 3254 2563 3307 etiam
2588 3261 2713 3323 post
2738 3253 2926 3309 decem
2971 3268 3142 3310 annos
3172 3256 3332 3310 adbi-

1739 3343 1946 3399 beatur.
1974 3343 2071 3398 Hic
2095 3344 2338 3399 solvendi
2368 3345 2532 3399 vincti
2562 3346 2821 3401 terminus
2845 3356 2989 3415 esto,
3022 3347 3243 3402 utilitas.
3268 3345 3330 3404 Si

1738 3433 1805 3489 ad
1837 3434 1979 3488 hunc
2008 3433 2224 3489 modum
2247 3442 2301 3490 et
2329 3436 2497 3490 nostri
2528 3444 2582 3490 et
2602 3444 2924 3492 caeterorutn
2956 3452 3142 3493 curam
3168 3454 3328 3509 gera-

1740 3544 1879 3593 mus,
1909 3543 1973 3583 ae
2013 3544 2118 3583 non
2147 3528 2421 3583 hominum
2449 3529 2678 3600 gloriam
2705 3540 2800 3585 aut
2825 3531 3172 3601 ignominiam
3200 3547 3330 3603 spe-

1740 3629 1967 3685 ctemus,
1999 3636 2185 3675 verum
2233 3621 2424 3676 futurae
2462 3622 2588 3677 vita:
2631 3623 2927 3678 cruciatum
2957 3638 3020 3678 ac
3047 3624 3329 3694 probrum,

1739 3722 1898 3784 atque
1945 3723 2069 3769 ante
2113 3715 2291 3769 omnia
2332 3714 2427 3770 Dei
2478 3713 2829 3771 offensionem
2872 3716 3027 3773 nobis
3054 3717 3123 3771 ob
3148 3718 3333 3773 oculos

1740 3815 2025 3877 ponentes,
2054 3806 2386 3876 poenitentia
2415 3806 2704 3877 pltarmaca
2729 3824 2835 3866 non
2863 3808 3055 3864 leviter
3082 3809 3328 3880 impona-

1741 3914 1899 3965 mus;
1960 3907 2070 3953 tum
2119 3898 2187 3953 ad
2248 3898 2511 3969 integram
2588 3899 2872 3955 sanitatem
2936 3902 3334 3971 quamprimum

1745 3991 2044 4056 veniemus,
2074 3999 2185 4045 tum
2233 3989 2409 4045 futura
2451 3990 2591 4046 bona
2618 4005 3055 4064 consequemur:
3085 4008 3204 4063 qua:
3230 3995 3337 4048 uti-

1742 4100 1863 4138 nam
1894 4099 2083 4139 omnes
2126 4098 2539 4154 consequamur,
2570 4099 2668 4153 per
2691 4087 2916 4157 gratiam
2946 4086 3335 4159 acbenignita-

1743 4183 1850 4228 tem
1894 4173 2104 4228 Domini
2147 4175 2317 4229 nostri
2360 4174 2486 4229 .lesu
2516 4172 2738 4240 Christi,
2786 4177 2872 4231 cui
2914 4192 3035 4232 cum
3078 4178 3237 4233 Patre
3283 4190 3337 4233 ct

1742 4267 1943 4336 Spiritu
1998 4276 2189 4321 sancto
2230 4266 2426 4335 gloria,
2484 4266 2678 4331 honor,
2726 4268 3031 4336 imperium,
3083 4283 3226 4324 nunc
3283 4279 3339 4324 et

1743 4373 1981 4427 semper,
2008 4365 2062 4411 et
2093 4358 2145 4411 in
2178 4356 2380 4411 saacula
2408 4356 2749 4413 smeulorum.
2781 4359 2974 4413 Amen.

52 4560 2870 4590 Μ

1430 4632 1605 4694 ΗΟΜ
1614 4630 1775 4692 lLIA
1817 4624 1962 4692 XV.

48 4763 161 4820 Cap.
191 4768 244 4822 7.
285 4786 343 4823 v.
374 4771 436 4825 8.
473 4768 646 4835 Quare
663 4765 758 4821 etsi
796 4762 1090 4819 contristatti
1114 4778 1199 4816 vos
1221 4777 1309 4829 per
1346 4756 1633 4832 epistolam,

327 4877 440 4915 non
467 4876 549 4913 me
568 4859 790 4930 paenitet,
821 4856 1015 4911 etiamsi
1034 4854 1336 4924 paenituerit.

109 4953 157 5007 l.
198 4952 319 5010 Iam
347 4953 425 5009 de
454 4952 682 5023 epistola
723 4964 784 5004 se
827 4957 1071 5011 excusat,
1099 4960 1221 5001 cum
1251 4951 1494 4998 correcta
1520 4955 1644 5011 pec-

49 5055 157 5100 cato
202 5048 325 5102 sine
376 5044 631 5118 periculo
683 5041 932 5099 blandius
996 5055 1090 5095 eos
1151 5038 1351 5108 alloqui
1394 5044 1639 5107 poterat,

50 5140 386 5209 ostenditque
437 5146 644 5206 quanta
678 5149 744 5189 ex
775 5149 837 5188 ea
884 5148 946 5188 re
976 5132 1181 5186 utilitas
1230 5139 1377 5200 parta
1418 5129 1507 5183 sit.
1548 5127 1642 5182 At-

50 5244 141 5295 que
182 5231 286 5285 boc
331 5229 565 5300 quidem
610 5227 773 5281 etiam
803 5225 916 5294 jam
958 5232 1086 5278 ante
1123 5221 1358 5288 fecerat,
1405 5218 1590 5276 dicens
1623 5233 1639 5271 :

50 5317 124 5375 Ex
175 5324 341 5377 multa
381 5324 530 5378 enim
566 5318 887 5373 tribulatione
922 5326 971 5370 et
1008 5315 1244 5386 angustia
1280 5312 1448 5367 cordis
1509 5311 1641 5366 scri-

48 5416 115 5479 psi
154 5417 291 5470 vobis
322 5456 338 5479 ,
402 5429 517 5467 non
570 5421 628 5465 ut
678 5408 1077 5471 contristemini,
1137 5406 1224 5461 sed
1268 5414 1324 5458 ut
1381 5403 1644 5458 caritatem

46 5508 375 5576 cognoscatis.
411 5520 575 5574 quam
604 5501 949 5555 abundantius
976 5498 1132 5552 habeo
1156 5514 1277 5567 erga
1301 5512 1388 5551 vos
1409 5494 1484 5564 (2.
1518 5494 1637 5550 Cor.

45 5595 93 5648 2.
120 5599 210 5654 4):
244 5599 351 5653 hoc
384 5605 578 5651 autem
602 5595 763 5647 etiam
797 5606 939 5645 nunc
967 5589 1091 5645 facit
1116 5629 1131 5654 ,
1164 5603 1227 5644 ac
1257 5587 1495 5658 pluribus
1522 5602 1644 5642 ver-

48 5687 117 5742 bis
139 5688 395 5745 adstruit.
432 5686 551 5741 Nec
579 5684 744 5748 dixit,
772 5681 927 5737 Prius
953 5679 1166 5751 quidem
1192 5693 1279 5733 me
1317 5678 1638 5746 paenitebat,

46 5793 175 5836 nunc
214 5792 407 5836 autem
463 5792 575 5831 non
622 5789 707 5828 me
753 5774 1013 5843 paenitet;
1055 5771 1149 5827 sed
1179 5769 1486 5841 quomodo?
1518 5769 1640 5823 Non

46 5885 114 5925 Inc
129 5875 336 5944 panitet
364 5883 543 5931 nunc,
564 5866 757 5920 etiamsi
784 5882 862 5919 me
875 5864 1157 5935 pmttituerit
1177 5881 1195 5921 :
1220 5863 1371 5935 quasi
1395 5861 1597 5921 diceret
1621 5880 1634 5918 :

426 5982 710 6042 Parnm.
763 5980 881 6042 (in.
934 5981 1091 6041 LXI.

1748 4752 1971 4808 Etiamsi
2003 4751 2268 4823 ejusmodi
2311 4763 2496 4808 essent
2525 4769 2586 4809 ea
2617 4768 2736 4824 qua:
2772 4755 3093 4825 scripseram
3114 4795 3130 4821 ,
3159 4766 3217 4810 ttt
3248 4757 3333 4811 ln-

1746 4846 2074 4917 crepationis
2114 4844 2334 4901 modum
2373 4846 2730 4910 excederent,
2769 4861 2834 4903 ac
2879 4863 2964 4903 me
3007 4848 3340 4918 pmnitudine

1746 4940 2064 5005 efficerent;
2104 4949 2281 4993 tamen
2324 4954 2576 5011 maguum
2619 4940 2748 4994 illud
2784 4940 3126 4996 commodum
3150 4981 3165 5009 ,
3195 4943 3340 5012 quod

1747 5046 1813 5085 ex
1855 5030 1921 5084 iis
1948 5030 2119 5085 literis
2145 5030 2389 5095 exstitit,
2423 5046 2529 5085 non
2563 5031 2671 5101 jam
2716 5047 2802 5087 me
2834 5033 3164 5103 ptenitudine
3197 5036 3342 5106 tangi

1746 5121 1895 5178 sinit.
1928 5121 2056 5176 Haec
2083 5138 2246 5192 porro
2277 5138 2382 5177 non
2409 5139 2475 5178 eo
2506 5122 2751 5191 dicebat,
2791 5126 2933 5197 quod
2976 5128 3258 5184 immodica
3287 5134 3339 5187 in

1746 5229 1842 5270 eos
1877 5214 2252 5285 objurgatione
2292 5230 2422 5270 usus
2473 5224 2658 5280 esset,
2696 5217 2793 5272 sed
2832 5226 2890 5273 ut
2917 5234 3103 5274 eorum
3155 5220 3344 5277 laudes

1745 5308 2116 5379 ampliﬁcaret.
2159 5307 2388 5362 Tantam
2428 5308 2605 5374 enim,
2655 5308 2864 5379 inquit,
2906 5312 3340 5369 emendationem

1747 5416 1859 5470 prae
1895 5400 2046 5454 vobis
2078 5399 2310 5467 tulistis,
2358 5410 2418 5455 ut
2461 5401 2672 5457 etiamsi
2709 5403 2840 5458 mihi
2887 5406 3150 5462 acriorem
3187 5408 3340 5463 vobis

1749 5497 1953 5566 plagam
2002 5495 2252 5550 intulisse
2281 5495 2626 5564 contigisset,
2656 5506 2715 5552 ut
2748 5513 2835 5553 me
2864 5496 2986 5554 ideo
3015 5499 3337 5555 condemna-

1748 5603 1885 5650 retn,
1919 5601 2059 5642 nunc
2091 5597 2269 5641 tanten
2304 5597 2589 5657 perspecto
2611 5590 2690 5643 rei
2730 5591 2873 5645 exitu
2922 5589 3118 5646 factum
3158 5606 3335 5644 meum

1747 5678 2045 5735 laudarem.
2075 5678 2147 5734 Ut
2172 5682 2227 5734 in
2257 5680 2438 5749 pueris
2465 5697 2563 5737 usu
2592 5682 2738 5737 venit
2762 5721 2778 5747 ,
2812 5690 2870 5736 ut
2889 5698 3008 5737 cum
3039 5698 3200 5751 grave
3238 5683 3336 5737 ali—

1747 5770 1889 5841 quod
1918 5771 2047 5840 ipsis
2068 5780 2122 5826 et
2148 5772 2400 5828 acerbum
2429 5772 2804 5828 medicamenti
2833 5788 3003 5843 genus
3036 5773 3333 5829 adhibitum

1748 5872 1851 5935 est,
1881 5862 2051 5919 sectio
2082 5850 2229 5936 puta,
2261 5863 2347 5921 vel
2376 5864 2555 5935 ustio,
2584 5864 2673 5923 vel
2696 5878 2876 5920 amara
2906 5865 3053 5936 potio
3072 5864 3339 5936 quaedam,

2937 5968 3017 6027 32
