3792 6378
507 345 610 402 505

505 459 746 527 tutuij
777 457 842 512 iis
868 453 1198 510 blandiamur
1221 473 1233 507 :
1259 456 1327 507 ita
1361 455 1446 507 hic
1473 469 1679 523 quoque
1702 453 1894 507 Paulus
1921 450 2064 504 facit.

515 551 672 604 Video
693 550 825 602 enim
853 548 987 617 quod
1008 546 1224 615 epistola
1247 546 1355 606 illa,
1389 546 1479 598 etsi
1503 545 1571 598 ad
1601 545 1777 596 horam
1802 583 1816 603 ,
1839 559 1925 596 vos
1949 558 2070 594 cou-

505 641 738 695 tristavit.
781 640 837 694 9.
885 636 1040 691 Nunc
1076 636 1288 707 gaudeo,
1316 652 1418 688 non
1460 629 1894 702 quia'contristati
1921 632 2068 696 estis,

502 735 590 787 sed
633 734 750 802 quia
779 730 1062 786 contristati
1109 730 1226 783 estis
1263 728 1330 780 ad
1369 729 1732 796 penitentiam.
1781 727 2066 794 Postquam

501 824 655 886 dixit,
690 820 810 876 Non
839 837 918 874 me
945 820 1148 888 praenitet
1167 858 1182 882 ,
1213 833 1429 872 causam
1457 816 1614 886 hujus
1644 816 1722 872 rei
1748 815 1922 878 all'ert,
1954 814 2069 869 fru-

503 927 646 969 ctum
675 914 763 982 qui
793 928 860 966 ex
890 911 1056 965 literis
1085 909 1190 964 illis
1217 920 1365 962 ortus
1390 915 1474 962 est
1499 923 1720 977 ponens,
1743 921 1804 961 ac
1832 905 2067 976 pruden-

504 1015 586 1059 ter
621 1019 679 1059 se
719 1015 947 1072 purgans
991 1001 1076 1054 his
1125 999 1340 1065 verbis,
1393 997 1502 1052 Etsi
1540 999 1608 1051 ad
1636 999 1829 1052 lteram.
1881 997 2069 1052 Brevis

502 1097 666 1159 enim,
695 1095 864 1164 inquit
889 1133 905 1157 ,
930 1108 995 1149 ea
1024 1091 1267 1148 molestia
1311 1090 1442 1154 fuit;
1471 1100 1525 1144 at
1551 1091 1748 1144 utilitas
1790 1099 2064 1159 perpetua.

503 1188 578 1241 Ac
599 1195 752 1240 tenor
779 1184 992 1254 quidem
1019 1182 1277 1238 orationis
1299 1183 1597 1254 postulabat
1631 1194 1689 1236 ut
1729 1182 1800 1236 ita
1829 1182 2065 1248 diceret,

502 1275 613 1330 Etsi
663 1275 728 1329 ad
768 1274 955 1329 horam
980 1287 1075 1328 vos
1115 1273 1482 1338 contristavit;
1523 1280 1580 1327 at
1615 1283 1884 1343 perpetua:
1918 1274 2067 1328 vobis

501 1366 698 1421 Iretitite
738 1375 896 1435 atque
925 1365 1136 1420 utilitati
1167 1374 1353 1435 postea
1396 1363 1526 1418 fuit:
1554 1380 1738 1419 verum
1781 1364 1862 1420 his
1891 1365 2067 1421 verbis

501 1473 606 1513 non
637 1458 836 1521 utitur,
867 1455 961 1511 sed
1005 1460 1306 1525 priusquam
1333 1455 1612 1510 utilitatem
1637 1471 1754 1510 eam
1793 1465 2063 1527 exponat,

501 1552 566 1605 ad
593 1565 776 1606 eorum
805 1549 991 1604 laudes
1019 1562 1203 1602 rursus
1230 1548 1437 1614 transit,
1465 1548 1800 1617 ostenditque
1823 1562 1924 1618 qua
1954 1549 2065 1602 sol-

503 1641 776 1697 licitudine
819 1640 951 1709 ipsis
995 1638 1319 1709 prospiciat,
1363 1639 1591 1693 dicens:
1637 1638 1790 1692 Nunc
1826 1639 2060 1708 gaudeo,

500 1753 601 1789 non
625 1736 742 1805 quia
761 1732 1040 1786 contristati
1058 1733 1217 1797 estis;
1241 1731 1365 1802 quid
1387 1732 1528 1786 enim
1557 1745 1628 1786 ex
1656 1745 1742 1796 eo,
1764 1732 1904 1802 quod
1933 1747 2066 1787 mte-

498 1841 622 1882 rore
649 1824 823 1880 allecti
852 1824 988 1888 sitis,
1017 1821 1084 1878 ad
1112 1837 1197 1877 me
1219 1822 1350 1877 lucri
1383 1822 1563 1877 redit?
1588 1822 1678 1876 sed
1713 1824 1834 1891 quia
1869 1824 2062 1877 contri-

497 1917 617 1972 stati
635 1918 751 1970 estis
765 1915 833 1969 ad
849 1915 1186 1984 paenitentiam
1203 1927 1224 1978 ,'
1243 1914 1366 1983 quia
1387 1912 1615 1968 lructnm
1631 1913 1859 1984 aliquem
1881 1913 2062 1969 habuit

498 2008 587 2062 hic
613 2021 830 2062 maror.
863 2005 930 2061 Ut
960 2016 1108 2074 pater
1129 2043 1145 2069 ,
1175 2004 1267 2074 qui
1295 2019 1416 2059 cum
1459 2005 1621 2060 lilium
1649 2007 1818 2061 secari
1844 2007 2060 2076 conspi-

496 2101 591 2167 cit,
620 2115 726 2153 non
749 2112 814 2153 eo
847 2095 1038 2167 gaudet
1064 2095 1205 2166 quod
1233 2094 1601 2162 excrucietur,
1631 2095 1725 2150 sed
1747 2095 1886 2166 quod
1916 2110 2062 2152 rnor-

500 2189 598 2244 bus
638 2187 1010 2258 pr0pulsetur:
1043 2185 1367 2255 itaquoque
1409 2183 1624 2240 Paulus.
1666 2186 1744 2241 Ac
1784 2186 1904 2242 vide
1929 2203 2063 2256 quo-

500 2280 656 2336 modo
680 2296 711 2335 a
746 2279 907 2334 rebus
943 2277 1011 2332 ad
1045 2291 1138 2331 eos
1163 2290 1474 2346 prOSperum
1503 2290 1716 2332 omnem
1754 2292 2060 2332 successum

395 2379 403 2388 '
499 2372 815 2436 transferat,
844 2377 898 2424 et
940 2369 1232 2423 molestiam
1276 2367 1448 2421 literis
1481 2367 1590 2422 suis
1617 2367 1912 2435 adscribat,
1939 2383 2061 2423 cum

497 2464 606 2529 ait,
642 2461 758 2516 Etsi
785 2461 852 2514 ad
886 2462 1060 2515 lteram
1089 2475 1174 2514 vos
1198 2458 1543 2526 contristauit,
1577 2459 1855 2516 utilitatem
1879 2470 2058 2516 autem

501 2569 567 2609 ex
597 2553 764 2608 literis
807 2550 1018 2606 allatam
1062 2565 1246 2606 eorum
1276 2549 1460 2603 virtuti
1501 2549 1716 2604 tribuat.
1756 2551 1871 2607 Non
1917 2554 2059 2608 enim

495 2645 660 2712 dixit,
691 2644 825 2714 Quia
852 2659 944 2698 vos
979 2643 1199 2714 epistola
1238 2643 1506 2711 correxit,
1545 2643 1752 2700 etiamsi
1792 2645 1863 2699 ita
1889 2659 1946 2701 se
1972 2661 2059 2703 res

495 2735 721 2801 habeat,
749 2735 841 2791 sed
866 2778 880 2797 ,
933 2735 1064 2800 Quia
1104 2734 1388 2789 contristati
1430 2735 1547 2788 estis
1593 2736 1660 2788 ad
1695 2737 2053 2808 panitentiam.

497 2828 786 2884 Contristati
819 2828 950 2881 enim
971 2827 1087 2880 estis
1122 2825 1397 2880 secundum
1435 2823 1632 2889 Deum,
1660 2836 1711 2879 ut
1749 2826 1804 2880 in
1841 2829 1983 2881 nulla
2005 2845 2060 2884 re

494 2920 849 2976 detrimentum
896 2918 1179 2988 patiamini.
1227 2914 1387 2972 Vides
1438 2917 1775 2988 prudentiam
1817 2918 2059 2974 inell‘ahi-

493 3013 596 3068 lem
618 3012 641 3063 ‘l
666 3011 775 3066 Nisi
803 3011 947 3065 enim
987 3009 1088 3064 hoc
1128 3007 1475 3072 fecissemus,
1518 3008 1723 3078 inquit,
1755 3024 1999 3080 magnum
2027 3027 2057 3067 a

493 3105 645 3160 nobis
673 3104 924 3158 damnum
957 3101 1319 3172 accepissetis.
1351 3104 1428 3157 Ac
1455 3099 1655 3156 bonum
1688 3101 1810 3158 inde
1852 3115 2056 3173 partum

491 3197 624 3266 ipsis
653 3195 926 3258 adscribit,
957 3194 1205 3248 damnum
1235 3208 1361 3249 vero
1381 3208 1439 3248 se
1462 3194 1740 3249 allaturum
1773 3195 1932 3250 fuisse
1960 3198 2054 3265 ait,

489 3290 533 3345 si
561 3289 828 3344 tacuisset.
859 3286 990 3342 Nam
1013 3286 1057 3341 si
1077 3301 1143 3340 ex
1172 3287 1502 3342 correctione
1527 3286 1830 3343 emendatio
1859 3303 2056 3358 sequn-

494 3391 609 3438 tura
636 3390 788 3445 erat;
821 3379 922 3434 nisi
970 3379 1327 3448 increpassem
1346 3419 1362 3443 ,
1391 3377 1542 3434 vobis
1565 3378 1815 3434 damnum
1852 3381 2058 3435 intulis-

491 3487 630 3537 sem,
658 3469 799 3540 quod
823 3480 877 3526 et
902 3470 1028 3523 mihi
1057 3479 1112 3524 et
1141 3469 1290 3523 vobis
1315 3483 1598 3524 commune
1627 3469 1829 3525 fuisset.
1859 3472 2056 3540 Quem-

491 3561 776 3618 admodum
798 3561 938 3616 enim
956 3561 1042 3630 qui
1065 3559 1346 3615 mercatori
1368 3573 1451 3622 ea,
1473 3575 1592 3629 quae
1613 3559 1678 3614 ad
1707 3560 2058 3631 navigandum

490 3653 793 3710 necessaria
816 3661 959 3719 sunt,
989 3667 1092 3706 non
1117 3651 1439 3722 suppeditat,
1468 3652 1582 3720 ipse
1599 3660 1680 3706 est
1699 3653 1789 3722 qui
1808 3653 2058 3710 damnum

491 3745 678 3810 infert;
727 3743 913 3799 eodem
951 3743 1144 3809 modo,
1193 3743 1292 3797 nisi
1346 3743 1672 3812 pteuiteutia:
1721 3744 2055 3800 occasionem

492 3837 646 3892 vobis
669 3836 1101 3906 prmbuissemus,
1131 3849 1227 3890 vos
1253 3834 1449 3889 damno
1483 3834 1865 3891 aliecissemus.
1897 3836 2057 3893 Vides

489 3945 597 4000 quo
620 3938 773 3999 pacto
821 3938 1102 3998 peccantes
1148 3942 1252 3982 non
1303 3929 1615 3999 increpare,
1656 3938 1764 3983 tum
1807 3931 2057 4002 magistro
2110 3973 2120 3979 .

491 4032 604 4075 tum
644 4020 902 4091 discipulo
945 4019 1319 4076 detrimentum
1365 4017 1588 4074 aderat?
1618 4021 1706 4076 10.
1757 4021 1884 4086 Qua:
1923 4025 2056 4077 enim

488 4114 764 4168 secundum
798 4111 960 4166 Deum
1004 4113 1204 4166 tristitia
1237 4123 1309 4168 est
1331 4153 1347 4180 ,
1371 4114 1716 4184 paenitentiam
1743 4115 1797 4168 in
1842 4117 2056 4171 salutem

489 4204 715 4258 stabilem
735 4214 988 4272 operatur.
1010 4199 1316 4272 Propterea,
1342 4202 1534 4274 inquit,
1562 4204 1662 4258 etsi
1683 4222 1769 4260 me
1790 4208 2051 4276 paenituit,

487 4297 793 4366 priusquam
828 4293 1058 4350 fructum
1098 4304 1152 4349 et
1199 4296 1404 4350 lucrum
1449 4299 1874 4368 perspexissent,
1916 4315 2056 4356 nunc

489 4400 666 4443 tamen
698 4386 835 4440 haud
879 4401 963 4440 me
1006 4386 1246 4455 paenitet.
1291 4384 1438 4442 Talis
1464 4390 1604 4442 enim
1633 4397 1716 4444 est
1762 4392 2011 4445 Intestina
2035 4432 2050 4456 ,

489 4496 609 4550 qua:
637 4477 928 4534 secundum
971 4479 1134 4533 Deum
1164 4477 1453 4548 suscipitur
1480 4495 1494 4532 :
1525 4480 1593 4534 de
1621 4496 1725 4550 qua
1758 4481 1868 4550 jam
1895 4483 2052 4538 verba

486 4572 631 4636 facit,
659 4571 944 4628 ostendens
972 4572 1238 4627 tristitiam
1269 4587 1376 4626 non
1418 4586 1629 4640 semper
1656 4586 1868 4642 gravem
1891 4589 2014 4629 esse
2032 4615 2049 4640 ,

486 4665 580 4719 scd
613 4680 733 4718 cum
765 4664 1052 4718 secundum
1084 4661 1337 4717 mundum
1365 4662 1677 4732 concipitur.
1709 4665 1844 4730 Quid
1874 4676 2051 4720 autem

485 4763 586 4817 est,
616 4754 916 4810 Secundum
960 4752 1258 4807 mundum?
1286 4752 1341 4807 Si
1373 4750 1443 4806 ob
1466 4753 1690 4807 amissos
1719 4769 1881 4822 Opes,
1911 4755 1956 4808 si
1985 4755 2053 4811 ob

487 4845 731 4911 gloriam,
758 4844 800 4897 si
831 4843 900 4898 ob
932 4843 1158 4911 alicujus
1197 4851 1420 4896 mortem
1449 4842 1502 4896 in
1533 4856 1764 4898 maerore
1791 4845 2050 4910 verseris,

488 4933 602 4986 lucc
643 4936 817 4988 omnia
861 4935 1152 4989 secundum
1192 4933 1444 4986 mundum
1476 4941 1620 4989 sunt.
1675 4932 1798 4987 Ideo
1826 4945 2050 4989 mortem

487 5026 645 5078 etiam
672 5035 970 5080 accersunt.
999 5025 1129 5080 Nam
1159 5025 1249 5095 qui
1274 5023 1460 5094 gloria:
1477 5037 1635 5078 causa
1667 5039 1899 5080 maerore
1938 5026 2053 5079 alli-

486 5117 654 5174 citur,
688 5116 733 5169 is
761 5117 919 5169 etiam
950 5117 1189 5182 invidet,
1230 5130 1293 5170 ac
1320 5115 1631 5185 plerumque
1662 5116 1877 5170 interire
1905 5119 2051 5186 cogi-

487 5216 572 5260 tur
602 5225 613 5258 :
643 5207 938 5278 eujusmodi
982 5209 1184 5262 scilicet
1227 5221 1456 5262 maerore
1477 5204 1608 5261 Cain
1637 5216 1690 5262 et
1721 5207 1860 5261 Esau
1905 5207 2051 5262 labo-

484 5309 688 5354 rarunt.
739 5300 915 5367 Itaque
959 5315 1052 5369 per
1079 5298 1256 5353 saeculi
1286 5299 1550 5353 tristitiam
1596 5313 1715 5353 eam
1765 5298 2048 5368 intelligit,

485 5407 603 5459 qua:
628 5387 977 5445 maerentibus
997 5391 1372 5444 detrimentum
1401 5388 1578 5445 affert.
1604 5388 1736 5442 Nam
1766 5403 1966 5443 mteror
1983 5389 2050 5444 ad

481 5492 698 5557 peccata
743 5481 1020 5535 dumtaxat
1064 5481 1206 5534 utilis
1237 5490 1355 5535 est:
1387 5481 1440 5535 id
1489 5480 1630 5551 quod
1680 5479 1805 5534 hinc
1852 5480 2052 5552 liquido

484 5573 712 5644 perspici
753 5581 943 5642 potest.
972 5571 1072 5639 Qui
1102 5571 1171 5625 ob
1197 5571 1420 5626 amissas
1448 5586 1577 5641 opes
1609 5572 1659 5625 in
1692 5585 1922 5626 maerore
1945 5583 2046 5636 est,

479 5668 731 5724 damnum
757 5663 982 5720 minime
994 5663 1155 5718 sat-cit
1177 5678 1192 5728 ;
1215 5662 1303 5732 qui
1324 5672 1550 5718 mortem
1573 5663 1798 5734 alicujus
1819 5677 2051 5720 interere

483 5759 817 5832 prosequitur
838 5799 851 5824 ,
879 5755 1145 5828 iacentem
1176 5770 1293 5811 non
1320 5755 1551 5823 excitat;
1583 5756 1671 5828 qui
1700 5757 1768 5812 ob
1798 5759 2040 5812 morbum

1222 341 1280 396 S.
1322 341 1598 396 JO.\NNIS
1623 337 2116 394 ‘CIIRISOSTGMI
2147 337 2462 394 ABCHEP.
2502 339 3030 398 CUNSTANTINOP.
3571 356 3641 412 5N

2179 449 2551 517 discruciatur,
2574 453 2620 508 is
2646 469 2767 508 eum
2795 456 2931 510 adeo
2957 474 3062 510 non
3091 458 3309 528 depellit
3331 503 3344 522 .
3375 467 3556 520 utetiam
3577 485 3640 522 au-

2177 551 2315 610 geat.
2345 543 2414 596 At
2441 543 2486 597 is
2508 545 2592 598 cui
2625 554 2835 612 peccata
2863 549 3078 602 mterori
3104 560 3265 615 sunt,
3288 557 3422 606 solus
3443 571 3468 608 e
3485 571 3642 613 tamen

2179 631 2408 688 fructum
2429 635 2572 706 capit
2601 653 2616 699 ;
2648 646 2861 705 peccata
2887 639 3028 692 enim
3055 641 3286 696 absumit
3324 658 3385 696 ac
3405 645 3531 699 delet.
3554 647 3642 713 Qui:

2176 723 2318 778 enim
2345 726 2784 783 medicamentum
2826 729 2963 784 istud
3005 731 3073 786 ad
3114 732 3215 787 hoc
3235 743 3427 788 tantum
3446 753 3645 808 compan-

2179 823 2288 869 tum
2321 826 2424 884 est,
2450 817 2648 874 idcirco
2675 821 2761 877 hic
2787 824 2945 877 etiam
2976 823 3254 883 dumtaxat
3284 829 3386 882 vim
3410 829 3533 884 habet
3550 833 3644 885 utili-

2178 908 2618 978 talemque'suam
2648 915 2867 982 exserit,
2896 915 2951 971 in
2977 917 3094 971 aliis
3117 934 3246 974 vero
3274 921 3428 976 rebus
3450 923 3574 976 lmdit.

2245 997 2301 1052 2.
2341 1001 2430 1066 At,
2460 1000 2602 1056 dicet
2625 1004 2838 1075 aliquis,
2868 1006 2996 1060 Cain
3027 1007 3147 1062 ideo
3172 1009 3222 1063 in
3253 1027 3467 1066 nttnmre
3483 1013 3644 1081 jacebat,

2175 1089 2315 1158 quod
2355 1091 2492 1160 apud
2529 1093 2698 1148 Deum
2741 1094 2948 1150 laudem
2997 1112 3101 1152 non
3145 1111 3542 1170 consequeretur.
3577 1102 3647 1156 Iino

2175 1194 2282 1232 non
2307 1195 2424 1234 eam
2448 1182 2518 1235 ob
2543 1197 2754 1238 causam
2779 1225 2796 1252 ,
2826 1186 2920 1241 sed
2942 1189 3063 1256 quia
3109 1189 3462 1258 splendentem
3498 1194 3644 1246 fratrem

2173 1269 2442 1324 cernebat.
2472 1270 2603 1325 Nam
2631 1274 2676 1328 si
2705 1273 2776 1328 ob
2813 1275 2940 1330 illud
2965 1276 3256 1344 doluisset,
3286 1280 3453 1336 fratris
3473 1283 3648 1337 virtutem

2174 1356 2366 1414 imitari
2392 1362 2548 1432 eique
2573 1365 2827 1434 gratulari
2850 1366 3111 1422 debebat:
3141 1385 3280 1424 nunc
3305 1382 3466 1427 autem
3488 1373 3647 1437 dolens,

2171 1451 2484 1508 ostendebat
2524 1470 2583 1511 se
2611 1459 2858 1512 maestitia
2904 1459 3027 1515 huic
3051 1462 3248 1516 mundo
3274 1475 3585 1520 consentanea
3601 1474 3652 1520 te-

2172 1542 2309 1596 neri.
2335 1545 2405 1597 At
2429 1561 2532 1600 non
2561 1547 2629 1602 ita
2659 1547 2842 1615 David,
2865 1566 2972 1606 non
3000 1551 3208 1616 Petrus,
3240 1569 3343 1607 non
3366 1557 3519 1610 caueri
3547 1555 3652 1626 justi.

2171 1632 2258 1700 qui
2286 1635 2430 1688 omni
2459 1635 2613 1692 laude
2655 1637 2935 1706 ﬂorebant,
2963 1643 3106 1712 quod
3135 1652 3226 1698 aut
3268 1656 3471 1716 propter
3504 1661 3579 1700 sua
3595 1657 3656 1699 aut

2171 1733 2389 1792 propter
2434 1726 2605 1782 aliena
2662 1741 2874 1799 peccata
2920 1732 3184 1790 dolerent.
3237 1716 3537 1806 Quamquam
3569 1738 3654 1806 quid

2169 1830 2401 1872 mterore
2443 1822 2695 1889 gravius?
2722 1823 2826 1878 Sed
2855 1833 3030 1881 tamen
3049 1863 3071 1893 -,
3097 1841 3217 1882 cum
3243 1829 3512 1884 secundum
3536 1829 3656 1884 Deum

2167 1907 2452 1977 suscipitur
2475 1951 2492 1976 ,
2535 1911 2714 1967 ltetitia
2755 1915 3016 1970 mundana
3062 1918 3411 1986 praestabilior
3450 1930 3536 1974 est.
3571 1919 3658 1973 llaec

2168 2001 2310 2056 enim
2340 2002 2391 2056 in
2438 2003 2662 2060 nihilum
2695 2005 2928 2074 desinit;
2959 2010 3047 2064 ille
3076 2012 3433 2080 penitentiam
3475 2014 3518 2066 in
3554 2011 3657 2066 salu-

2169 2101 2298 2159 tem,
2327 2095 2478 2164 cujus
2507 2111 2605 2152 nos
2631 2114 2913 2168 numquam
2944 2103 3214 2172 peniteat.
3237 2107 3418 2176 gignit.
3445 2106 3538 2160 Hoc
3559 2106 3661 2159 enim

2169 2183 2256 2238 ille
2284 2185 2474 2239 mirum
2505 2186 2701 2255 habet,
2732 2191 2873 2260 quod
2898 2193 2986 2262 qui
3015 2195 3092 2248 sic
3117 2194 3381 2263 doluerit,
3423 2212 3480 2251 eo
3501 2196 3660 2250 nomine

2167 2289 2455 2345 numquam
2483 2279 2791 2347 paenitentia
2818 2281 3043 2338 ducetur
3067 2302 3080 2338 :
3113 2286 3165 2338 id
3189 2288 3330 2356 quod
3359 2288 3560 2341 maxime
3596 2287 3662 2339 tri-

2165 2366 2323 2420 stitia:
2365 2369 2644 2425 mundanae
2692 2372 2980 2441 prOprium.
3005 2375 3141 2443 Quid
3164 2377 3303 2431 enim
3348 2379 3554 2449 legitimo
3587 2376 3662 2430 ﬁlio

2164 2457 2383 2513 carius?
2410 2461 2536 2530 quid
2565 2477 2747 2518 rursus
2777 2463 3075 2534 hujusmodi
3121 2478 3291 2524 morte
3317 2471 3539 2524 acerbius
3576 2467 3664 2536 ﬁngi

2166 2551 2383 2618 potest?
2413 2552 2477 2606 Et
2505 2563 2682 2609 tamen
2727 2565 2993 2625 parentes,
3043 2560 3133 2630 qui
3178 2560 3230 2615 in
3281 2562 3393 2631 ipsa
3434 2561 3600 2616 doloris
3630 2561 3664 2612 ti

2165 2642 2359 2695 nullius
2377 2644 2792 2701 consolationem
2813 2646 3094 2705 admittere
3111 2652 3374 2707 sustinent
3401 2668 3547 2723 seque
3563 2652 3667 2719 ipsos

2164 2734 2474 2789 excruciant
2498 2777 2510 2798 ,
2542 2737 2702 2793 iidem
2728 2748 2907 2806 postea
2929 2741 2998 2794 ob
3024 2741 3363 2797 immodicum
3393 2744 3566 2797 luctum
3585 2756 3665 2809 ptr-

2162 2825 2402 2880 nitudine
2425 2825 2742 2894 afﬁciuntur,
2773 2840 2829 2884 ut
2856 2831 2944 2899 qui
2971 2845 3075 2886 non
3098 2833 3258 2887 modo
3282 2835 3414 2888 nihil
3439 2834 3547 2888 inde
3563 2847 3670 2885 como

2163 2917 2303 2971 modi
2335 2919 2594 2988 ceperint,
2633 2920 2726 2975 sed
2771 2922 2982 2991 gravius
3009 2923 3166 2978 ctiam
3210 2924 3416 2994 seipsos
3460 2923 3663 2978 vexarint.

2162 3009 2233 3062 At
2259 3025 2362 3062 non
2391 3009 2512 3064 talis
2535 3019 2620 3065 est
2649 3026 2847 3066 maeror
2869 3013 3158 3067 secundum
3201 3014 3366 3069 Deum
3404 3025 3667 3084 susceptus:

2161 3100 2288 3170 quin
2341 3101 2512 3170 potius
2553 3101 2744 3172 duplex
2786 3103 3199 3159 emolumentum
3248 3105 3444 3170 habet,
3487 3113 3534 3159 et
3566 3099 3667 3172 quod

2161 3193 2313 3247 dolor
2339 3193 2428 3248 ille
2468 3208 2571 3247 non
2617 3194 2943 3264 improbetur
2964 3237 2979 3260 ,
3008 3196 3224 3267 etquod
3254 3197 3308 3252 in
3337 3198 3545 3252 salutem
3569 3192 3670 3248 desi-

2162 3293 2286 3347 nat;
2317 3298 2421 3352 quo
2466 3293 2692 3353 utroque
2738 3283 2888 3339 lucro
2931 3286 3226 3341 mundanus
3265 3288 3422 3342 dolor
3465 3285 3667 3354 privatur.

2161 3373 2290 3429 Nam
2320 3375 2407 3444 qui
2438 3375 2508 3428 ita
2535 3375 2732 3439 dolent,
2759 3383 2817 3430 et
2843 3377 2894 3430 in
2926 3377 3215 3446 perniciem
3246 3392 3399 3432 suam
3427 3377 3670 3439 dolent,et

2163 3476 2437 3535 postquam
2484 3464 2795 3530 doluerint,
2846 3467 3054 3537 seipsos
3105 3467 3408 3538 impmbant
3439 3467 3595 3536 :quod
3616 3466 3670 3516 si-

2161 3573 2320 3627 gnum
2364 3556 2650 3610 maximum
2685 3565 2809 3622 est,
2842 3557 2984 3627 ipsos
3027 3558 3078 3610 in
3108 3559 3403 3628 perniciem
3433 3572 3566 3612 suam
3598 3553 3670 3608 do-

2162 3649 2343 3702 luisse.
2392 3647 2591 3703 Contra
2637 3661 2766 3701 vero
2807 3647 2859 3701 in
2907 3661 3137 3702 maerore
3179 3648 3269 3702 illo
3312 3650 3405 3718 qui
3434 3646 3672 3703 secundum

2165 3741 2327 3793 Deum
2358 3746 2440 3792 est
2465 3755 2478 3791 :
2510 3737 2733 3806 ideoque
2760 3737 2967 3792 dicebat
3012 3738 3204 3792 Paulus
3231 3779 3245 3801 ,
3290 3736 3674 3793 Pwnitentiamia

2159 3831 2368 3884 salutem
2415 3845 2514 3882 non
2558 3829 2888 3900 pmnitendam
2927 3842 3183 3897 operatur.
3229 3829 3400 3884 Nemo
3428 3832 3555 3885 enim
3588 3841 3677 3879 sese

2162 3922 2480 3990 improbabit
2499 3962 2512 3985 ,
2543 3920 2682 3990 quod
2713 3921 2780 3975 ob
2810 3932 3022 3991 peccata
3055 3937 3172 3975 sese
3211 3938 3446 3976 mmrore
3474 3923 3676 3986 luctuque

2160 4012 2406 4066 al'llixerit
2429 4023 2586 4081 atque
2609 4010 2902 4064 obtriverit.
2930 4009 3078 4077 Quod
3103 4027 3220 4064 cum
3249 4011 3478 4067 dixisset
3502 4010 3674 4068 Paulus.

2160 4121 2263 4159 non
2285 4104 2494 4156 aliunde
2513 4102 2810 4171 exemplum
2840 4103 3093 4170 proferre,
3119 4117 3319 4170 eosque
3339 4117 3552 4172 quorum
3579 4111 3679 4151 mce—

2159 4211 2308 4250 rorcs
2341 4197 2529 4264 prisca:
2574 4193 2806 4248 historia:
2849 4194 3204 4246 monumentis
3235 4195 3432 4262 proditi
3480 4189 3679 4252 sunt,in

2160 4289 2392 4342 medium
2419 4287 2684 4342 adducere
2713 4299 2929 4340 necesse
2959 4285 3139 4338 habuit
3163 4303 3177 4348 ;
3206 4301 3396 4340 verum
3425 4281 3680 4339 Corinthius

2159 4380 2300 4449 ipsos
2331 4378 2589 4447 producit,
2621 4386 2780 4446 atque
2807 4375 2874 4429 ab
2901 4375 2964 4428 iis
2993 4390 3111 4445 quae
3139 4375 3384 4430 fecerunt
3413 4376 3575 4429 verbis
3600 4371 3682 4423 suis

2158 4469 2315 4524 fidem
2345 4468 2588 4533 adstruit,
2622 4477 2677 4521 ut
2702 4482 2803 4521 una
2831 4481 2948 4520 cum
2982 4466 3221 4520 laudibus
3251 4467 3400 4536 ipsos
3423 4467 3569 4522 etiam
3587 4477 3680 4514 eru-

2157 4562 2287 4628 diat,
2314 4562 2616 4630 arctiusque
2641 4559 2737 4614 sibi
2765 4559 3046 4614 devinciat.
3080 4559 3165 4613 ll.
3195 4558 3332 4614 Ecce
3349 4561 3502 4620 enim,
3529 4555 3679 4626 inquit,

2158 4654 2251 4706 hoc
2291 4652 2455 4722 ipsum
2478 4691 2493 4714 ,
2533 4651 2668 4721 quod
2719 4649 2992 4704 secundum
3039 4648 3203 4702 Deum
3239 4649 3525 4704 contristati
3559 4649 3676 4703 estis.

2156 4753 2396 4814 quantum
2441 4743 2494 4795 in
2535 4743 2671 4796 vobis
2715 4751 2973 4811 apemtum
3015 4751 3090 4794 est
3137 4739 3570 4796 sollicitudinem!
3602 4737 3682 4790 \‘os

2155 4836 2321 4897 enim;
2351 4832 2538 4902 inquit,
2569 4845 2676 4886 non
2704 4831 2862 4885 modo
2882 4845 2947 4884 eo
2971 4846 3075 4884 non
3104 4830 3287 4900 injecit
3314 4831 3432 4886 haec
3453 4829 3678 4885 artasatis,

2159 4933 2216 4980 ut
2259 4925 2613 4993 vosmetipsos
2655 4921 3082 4978 condemnaretis
3107 4962 3122 4986 ,
3151 4933 3208 4976 ut
3251 4924 3346 4992 qui
3391 4923 3574 4978 frustra
3605 4918 3681 4972 hoc

2157 5017 2456 5082 fecissetis;
2487 5031 2669 5069 verum
2694 5022 2880 5069 contra
2907 5012 3272 5082 diligentiores
3298 5013 3546 5069 reddidit.
3571 5010 3679 5063 Sub-

2151 5109 2326 5181 jungit
2365 5107 2558 5162 deinde
2596 5105 2962 5161 sollicitudinis
3005 5121 3189 5158 eorutn
3228 5115 3560 5176 argumenta.
3601 5096 3679 5155 Sed

2156 5200 2536 5270 defensionem:
2567 5196 2668 5251 huc
2710 5205 2822 5261 est,
2873 5197 3235 5266 purgationem
3281 5195 3433 5265 apud
3473 5209 3570 5251 me.
3601 5189 3682 5244 Sed

2155 5292 2572 5361 indignationem,
2594 5297 2780 5343 contra
2810 5287 2957 5341 illum
2979 5289 3065 5357 qui
3092 5299 3431 5357 peccaverat.
3449 5286 3547 5344 Sed
3563 5284 3678 5338 timo-

2155 5400 2281 5439 rem.
2316 5383 2527 5436 Etenim
2556 5378 2710 5433 valde
2736 5378 3082 5433 metuentium
3113 5389 3230 5432 erat
3256 5387 3468 5433 tantum
3492 5374 3680 5431 studium

2156 5493 2219 5532 ac
2242 5474 2522 5531 celerrima
2553 5472 2640 5528 illa
2682 5470 2970 5526 correctio.
3001 5471 3077 5524 Ac
3105 5510 3122 5534 ,
3167 5486 3232 5524 ne
3261 5470 3501 5541 seipsum
3529 5465 3680 5522 etim

2154 5567 2411 5630 videatur,
2429 5563 2550 5618 vide
2569 5576 2723 5632 quam
2747 5575 2969 5629 propere
2986 5559 3036 5613 id
3062 5557 3225 5614 leniat
3241 5559 3455 5625 dicens,
3471 5557 3567 5613 Sed
3582 5553 3683 5605 ἀσέ-

2153 5659 2365 5722 derium,
2393 5670 2517 5724 erga
2532 5669 2664 5716 eme;
2694 5652 2781 5707 sed
2799 5651 3193 5716 entutationetn,
3213 5665 3309 5721 pro
3335 5651 3482 5714 Deo;
3507 5646 3583 5702 sed
3598 5643 3682 5696 sino

2161 5757 2383 5810 dlclam:
2411 5763 2531 5804 nam
2558 5746 2766 5803 violatae
2791 5743 2982 5802 divinae
3010 5743 3140 5815 legis
3160 5743 3402 5800 vindices
3428 5739 3682 5801 esstitistis.
