3696 6212
94 242 177 295 503
1073 234 1135 289 IN
1175 234 1389 290 EPIST.
1422 235 1465 289 ll
1504 235 1593 289 Al)

1776 278 1788 294 .
1829 238 2062 295 HOMKL.
2102 238 2211 293 XV.

94 360 169 409 καὶ
192 353 361 421 λέγων,
398 354 463 405 El
485 353 581 409 καί
612 353 761 419 πρὸς
786 352 962 421 ὤραν.
994 353 1066 405 Τὸ
1099 354 1195 422 μὲν
1217 354 1324 425 γὰρ
1362 354 1599 426 λυπηρὸν

93 444 250 515 βραχὺ,
269 443 322 496 τὸ
348 443 403 495 δὲ
428 444 702 513 ὠφέλιμον
736 444 1002 514 διηνεκές.
1035 445 1143 497 Καὶ
1168 444 1227 496 τὸ
1254 445 1353 511 μὲν
1378 445 1603 499 ἀκόλου-

91 536 166 586 θον
191 530 245 599 ἦν
263 534 443 593 εἰπεῖν,
470 533 530 584 El
554 533 645 585 καὶ
666 532 800 602 πρὸς
822 532 968 601 ὥραν
994 532 1260 601 ἐλύπησεν
1287 534 1448 603 ὑμᾶς,
1470 534 1605 587 ἁλλά

87 624 162 676 διὰ
186 622 356 685 παντὸς
389 621 664 693 ηὕφρανεν
699 624 864 692 ὑμᾶς,
893 624 984 676 καὶ
1032 623 1327 694 ώφέλησεν.
1376 625 1512 677 Ἀλλ’
1541 625 1602 677 ού

87 716 211 781 λέγει
231 714 403 767 τοῦτο·
425 715 559 768 ἀλλὰ
589 716 718 785 πρὶν
755 716 787 785 ἢ
823 715 881 768 τὸ
914 715 1101 782 κέρδος
1130 716 1323 777 εἰπεῖν,
1356 717 1605 786 μεταϐαί-

84 824 152 858 νει
173 806 307 859 πάλιν
331 808 422 859 ἑπὶ
451 806 518 859 τά
543 806 794 876 ἐγκώμια
830 806 1007 859 αὐτῶν
1032 845 1047 868 ,
1088 808 1184 860 καὶ
1209 806 1305 878 τὴν
1331 807 1604 873 ἀπόδειξιν

81 899 166 967 τῆς
190 897 359 950 ἑαυτοῦ
391 897 709 968 κηδεμονίας
755 897 946 964 λέγων,
974 898 1103 951 Νῦν
1140 898 1343 966 χαίρω,
1376 900 1487 967 οὐχ
1512 897 1602 952 ὅτι

78 990 410 1056 ἐλυπήθητε·
438 991 489 1043 τί
524 990 630 1061 γάρ
666 1008 752 1060 μοι
791 990 980 1061 κέρδος
1024 990 1131 1043 ἀπὸ
1169 990 1262 1043 τοῦ
1295 990 1601 1062 λυπηθῆναι

79 1083 235 1153 69.51;;
257 1083 383 1136 ἀλλ’
408 1082 495 1134 ὅτι
514 1081 852 1147 ἐλυπήθητε
873 1084 959 1146 είς
983 1081 1306 1151 μετάνοιαν
1328 1098 1341 1111 ·
1374 1084 1455 1137 ὅτι
1476 1083 1601 1153 ἔσχε

76 1193 120 1226 τι
151 1174 315 1243 κέρδος
342 1175 373 1244 ἡ
413 1173 576 1243 λύπη.
636 1173 786 1225 Ἐπεὶ
824 1173 917 1225 καὶ
949 1172 1128 1242 πατὴρ
1156 1174 1284 1225 ὅταν
1316 1172 1402 1246 ἴδῃ
1439 1176 1601 1228 παῖδα

72 1267 387 1334 τεμνόμενον,
432 1265 526 1333 ούχ
565 1264 645 1317 ὃτι
673 1263 921 1316 όδυνᾶται
952 1262 1147 1333 χαίρει.
1179 1261 1294 1316 ἀλλ’
1338 1264 1419 1315 ὅτι
1460 1263 1603 1333 διορ-

74 1357 267 1409 θοῦται’
296 1356 433 1409 οῦτω
468 1355 564 1407 καὶ
591 1350 760 1417 οὗτος.
790 1355 934 1424 Ὅρα
975 1353 1029 1406 δὲ
1057 1354 1175 1417 πῶς
1200 1353 1308 1407 ἀπὸ
1333 1353 1440 1405 τῶν
1470 1371 1603 1424 πρα-

74 1448 277 1515 γμάτων
303 1446 388 1498 ἐπ’
430 1446 623 1508 αὐτοὺς
658 1446 952 1515 μεταφέρει
1001 1445 1062 1498 τὸ
1106 1447 1214 1497 πᾶν
1251 1445 1600 1517 κατόρθωμα,

68 1538 153 1591 καὶ
190 1537 243 1589 τὸ
278 1536 514 1608 λυπηρὸν
544 1540 612 1607 τῇ
660 1536 912 1606 ἐπιστολῇ
955 1536 1248 1604 λογίζεται,
1285 1538 1417 1591 Ὀτι
1453 1538 1603 1606 πρὸς

62 1626 214 1694 ὤραν
240 1626 539 1692 ἐλύπησεν
565 1623 717 1693 ὑμᾶς
737 1666 752 1690 ,
790 1624 985 1693 λέγων,
1017 1626 1078 1678 τὸ
1102 1625 1157 1678 δὲ
1187 1627 1246 1690 ἑξ
1276 1627 1444 1696 αὐτῆς
1468 1627 1603 1697 χρή-

65 1735 214 1788 σιμον
238 1712 363 1770 εῖναι
386 1716 564 1770 αὐτῶν
586 1716 913 1787 κατόρθωμά
946 1733 1127 1787 φησιν.
1171 1717 1243 1769 Ού
1277 1719 1384 1787 γὰρ
1428 1713 1597 1781 εἶπεν,

64 1809 180 1859 Ὅτι
212 1806 503 1877 διώρθωσεν
526 1806 667 1875 ὑμᾶς
689 1807 721 1877 η
747 1805 1026 1877 ἐπιστολὴ,
1060 1808 1108 1859 εί
1132 1808 1224 1860 καὶ
1244 1806 1416 1871 οὕτως
1434 1803 1599 1877 εἶχεν,

60 1897 169 1949 ἀλλ’
201 1897 316 1949 Ὀτι
347 1894 686 1962 ἐλυπήθητε
712 1898 799 1961 είς
835 1896 1177 1965 μετάνοιαν.
1232 1898 1603 1966 Ἐλυπήθητε

54 1992 162 2058 γὰρ
184 1988 321 2043 κατὰ
346 1988 509 2051 Θεὸν,
539 1988 638 2040 ἵνα
658 1988 728 2040 ἐν
745 1988 958 2056 μηδενὶ
980 1988 1049 2051 ἐξ
1070 1986 1238 2055 ἡμῶν
1263 1988 1597 2057 ζημιωθῆτε.

56 2074 209 2141 Εἶδες
244 2078 446 2131 σύνεσιν
484 2077 709 2145 ἄφατον.
746 2078 807 2129 El
851 2077 958 2147 γὰρ
1008 2076 1082 2147 μὴ
1128 2077 1286 2130 τοῦτο
1339 2079 1602 2148 ἑποιήσα-

56 2188 176 2239 μεν,
208 2170 378 2239 φησὶν,
409 2164 795 2237 ἑζημιώσαμεν
832 2168 896 2220 ἂν
922 2168 1083 2237 ὑμᾶς.
1116 2166 1227 2220 Καὶ
1254 2168 1312 2219 τὸ
1342 2168 1438 2238 μὲν
1468 2186 1601 2221 κατ-

50 2262 272 2332 όρθωμα
303 2260 477 2312 αὐτῶν
516 2277 679 2330 φησιν
723 2251 884 2321 εἶναι,
936 2260 1035 2329 τὴν
1076 2260 1134 2313 δὲ
1168 2260 1373 2331 ζημίαν
1412 2259 1598 2325 αὑτοῦ,

48 2353 209 2422 εἴπερ
230 2350 545 2422 ἐσιώπησεν.
593 2350 654 2404 Εί
684 2352 792 2421 γὰρ
839 2349 1120 2420 μέλλουσιν
1157 2352 1214 2417 ἑξ
1264 2352 1601 2421 ἑπιπλήξεως

47 2443 401 2514 διορθοῦσθαι,
450 2445 498 2495 εί
546 2442 620 2513 μὴ
666 2441 1067 2513 ἑπεπλὴξαμεν,
1115 2442 1501 2512 ἑζημιώσαμεν
1536 2443 1603 2497 ἂν

47 2536 195 2605 ὑμᾶς
218 2552 231 2566 ’
256 2536 342 2588 καὶ
369 2535 487 2605 ούχὶ
514 2533 643 2605 παρ’
670 2534 813 2606 ὑμᾶς
837 2535 1013 2605 μόνον,
1036 2532 1171 2587 ἀλλὰ
1194 2536 1286 2587 καὶ
1313 2537 1440 2605 παρ’
1457 2536 1603 2606 ἡμᾶς

47 2628 111 2681 ἂν
138 2628 173 2696 ή
227 2626 387 2697 βλάϐη
419 2627 629 2695 γέγονε.
678 2626 943 2699 Καθάπερ
995 2627 1103 2697 γὰρ
1132 2629 1161 2680 6
1205 2628 1279 2697 μὴ
1316 2627 1490 2690 διδοὺς
1527 2627 1603 2697 τῷ

47 2718 273 2789 ἑμπόρῳ
316 2720 382 2772 τὰ
415 2718 552 2788 πρὸς
582 2716 681 2787 τὴν
715 2716 1013 2781 ναυτιλίαν,
1058 2717 1218 2781 αὐτός
1246 2718 1393 2770 ἑστιν
1432 2719 1461 2771 6
1503 2718 1603 2786 τὴν

47 2811 251 2882 ζημίαν
278 2811 473 2864 ποιῶν
528 2809 670 2863 οὕτω
721 2810 815 2863 καὶ
847 2811 1029 2879 ἡμεῖς,
1062 2811 1111 2862 εί
1144 2810 1220 2879 μὴ
1260 2810 1604 2880 παρέσχομεν

47 2904 172 2971 Βμῖν
215 2902 308 2964 τὰς
344 2902 593 2973 ἀφορμὰς
624 2902 726 2971 τῆς
777 2900 1093 2970 μετανοίας,
1124 2900 1514 2970 ἑζημιώσαμεν
1537 2900 1603 2954 ἂν

47 2995 208 3062 ὅμᾶς.
247 2992 400 3063 ὐρᾷς
432 2993 513 3045 ὅτι
552 2993 612 3045 τὸ
640 2998 713 3062 μὴ
774 2993 1029 3061 ἐπιτιμᾷν
1069 2993 1179 3055 τοῖς
1208 2992 1600 3063 ἁμαρτάνουσι,

47 3086 222 3155 ζημία
260 3086 371 3137 ἐστὶ
424 3085 516 3137 καὶ
548 3085 623 3155 τῷ
655 3083 955 3152 διδασκάλῳ
1002 3084 1095 3136 καὶ
1127 3082 1205 3153 τῷ
1248 3084 1499 3155 paen-gf};
1545 3084 1605 3138 Ἠ

53 3177 147 3246 ’ἀρ
204 3176 353 3229 κατὰ
391 3176 537 3229 Θεὸν
586 3176 750 3241 λύπη
796 3170 1116 3243 μετάνοιαν
1166 3176 1252 3239 είς
1302 3175 1604 3242 σωτηρίαν

49 3265 490 3335 ίμεταμέλητον
522 3262 944 3333 κατεργάζεται.
974 3264 1073 3317 Διά
1111 3265 1291 3327 τοῦτο,
1333 3262 1518 3334 φησὶν,
1555 3267 1603 3317 εἰ

51 3358 124 3409 ιαὶ
173 3355 575 3427 μετεμελόμην,
619 3356 747 3426 πρὶν
789 3356 820 3426 ἢ
872 3357 962 3408 τὸν
990 3358 1199 3427 καρπὸν
1241 3356 1366 3409 ἰδεῖν
1411 3357 1506 3410 καὶ
1544 3357 1605 3409 τὸ

52 3451 235 3518 κέρδος
265 3449 407 3512 ὅσον,
454 3448 516 3500 ού
552 3446 923 3517 μεταμέλομαι
960 3446 1072 3499 νῦν.
1118 3444 1368 3504 Τοιοῦτον
1411 3447 1519 3517 γὰρ
1569 3450 1602 3518 ἡ

56 3542 179 3595 α.τά
214 3540 348 3592 Θεὸν
369 3538 535 3608 λύπη.
578 3540 685 3592 Καὶ
716 3538 897 3590 λοιπὸν
939 3538 1065 3609 περὶ
1095 3539 1264 3609 αὐτῆς
1302 3538 1600 3608 φιλοσοφεῖ,

53 3633 253 3694 εικνὺς
284 3632 366 3683 δτι
399 3631 462 3683 ού
507 3628 781 3706 πανταχοῦ
829 3628 1063 3699 χαλεπὸν
1108 3628 1274 3698 λύπη,
1316 3628 1431 3682 ἀλλ’
1474 3629 1603 3681 ὅταν

55 3722 177 3775 ατὰ
200 3721 407 3790 κόσμον
435 3719 670 3789 γίνηται.
695 3718 759 3770 Τί
790 3718 846 3769 δέ
883 3719 1019 3782 ἑστι,
1041 3717 1181 3770 κατά
1208 3716 1443 3786 κόσμον;
1480 3715 1604 3768 Ἐἀν

55 3813 287 3884 δπηθῇς
315 3812 403 3865 διὰ
432 3813 705 3883 χρήματα,
737 3811 823 3865 διὰ
844 3810 1020 3876 δόξαν,
1042 3809 1129 3863 διά
1157 3810 1246 3863 τὸν
1272 3807 1597 3869 ἀπελθόντα,

57 3908 221 3959 αντα.
265 3906 448 3957 ἑκεῖνα
490 3903 630 3957 κατά
662 3903 882 3972 κόσμον.
914 3902 1005 3955 Διὸ
1036 3903 1129 3954 καὶ
1174 3901 1402 3955 θάνατον
1436 3904 1599 3954 ποιεῖ.

58 4004 83 4049 )
124 3996 253 4064 γὰρ
277 3995 367 4047 διὰ
387 3994 542 4059 δόξαν
571 3993 737 4046 λυπού
747 4009 926 4063 μενος,
950 3992 1152 4061 φθονεῖ,
1176 3992 1270 4045 καὶ
1297 3992 1602 4059 ἀναγκάζε-

59 4107 102 4141 ιι
155 4086 433 4148 πολλάκις
477 4085 802 4139 ἀπολέσθαι·
839 4084 954 4136 οἵαν
995 4084 1090 4136 καὶ
1132 4084 1160 4135 ό
1194 4084 1331 4137 Κάῖν
1360 4084 1601 4153 ἑλυπηθη

60 4197 232 4250 ιπην,
272 4177 395 4231 οἵαν
422 4180 451 4230 6
505 4177 694 4230 Ἠσαῦ.
744 4176 854 4245 Τὴν
884 4170 975 4228 οὖν
1017 4176 1156 4227 κατά
1189 4175 1391 4245 κόσμον
1427 4174 1604 4246 λύπην

62 4290 171 4341 γει
204 4269 420 4339 ταύτην
446 4269 543 4339 τὴν
571 4267 717 4340 [544]
751 4270 844 4321 ἐπὶ
883 4265 1053 4337 βλάϐῃ
1096 4267 1202 4319 τῶν
1233 4267 1600 4337 λυπουμένων.

61 4366 119 4417 τὶ
190 4362 312 4433 γάρ
338 4364 418 4425 είς
450 4360 722 4431 ἁμαρτίας
756 4356 912 4429 μόνον
937 4360 970 4429 η
999 4358 1142 4429 λύπη
1174 4359 1438 4429 χρήσιμον
1462 4374 1475 4388 ⁸
1513 4359 1605 4411 καὶ

64 4456 179 4507 5το
206 4453 376 4523 δῆλον
400 4453 667 4507 ἐντεῦθεν.
706 4450 764 4504 Ὀ
783 4450 1117 4522 λυπούμενος
1140 4451 1277 4521 ὑπὲρ
1306 4451 1603 4521 χρημάτων

64 4547 339 4610 ωλείας,
373 4546 471 4617 τὴν
502 4544 703 4616 ζημίαν
732 4546 790 4598 ού
818 4544 968 4597 λύει·
1003 4547 1032 4597 6
1081 4543 1425 4613 λυπούμενος
1463 4545 1604 4615 ὑπὲρ

65 4638 510 4706 τελευτηκότος,
558 4638 649 4691 τὸν
685 4638 934 4707 κείμενον
970 4637 1070 4689 οὐκ
1112 4635 1422 4703 ἀνίστησιν·
1460 4638 1488 4687 ὁ
1512 4636 1606 4688 λυ-

65 4730 95 4781 3
110 4745 309 4799 μενος
339 4729 433 4781 ἐπὶ
457 4729 618 4797 νόσῳ,
649 4728 709 4780 οὐ
733 4728 890 4798 μόνον
911 4726 973 4780 ού
997 4726 1321 4796 διορθοῦται,
1348 4725 1483 4779 ἀλλά
1511 4728 1606 4779 καὶ

67 4817 310 4888 ιτρίὂει
339 4818 401 4870 τὸ
424 4818 663 4887 νόσημα·
708 4820 735 4870 6
781 4815 1117 4886 λυπούμενος
1156 4816 1241 4885 ἑφ’
1288 4815 1601 4886 ἁμαρτίαις,

68 4928 168 4974 ὀς
210 4909 390 4980 μόνος
416 4908 569 4963 ἀνύει
598 4926 649 4961 τι
675 4909 835 4962 πλέον
870 4902 979 4962 ἀπὸ
1015 4908 1112 4977 τῆς
1146 4906 1322 4978 λύπης
1347 4922 1360 4936 ⁸
1389 4906 1607 4978 δαπανᾷ

69 5022 101 5073 ο
152 5000 268 5054 καὶ
303 5000 562 5069 ἀφανίζει
596 5001 693 5064 τὰς
736 5001 1028 5072 ἁμαρτίας.
1068 5000 1283 5069 Ἐπειδὴ
1320 4998 1427 5070 γὰρ
1477 5000 1607 5070 πρὸς

76 5114 171 5149 το
229 5095 680 5148 κατεσκεύασται
729 5092 790 5147 τὸ
820 5094 1128 5164 φάρμακον,
1172 5091 1403 5146 ἐνταῦθα
1436 5090 1607 5162 ἰσχύει

71 5203 177 5239 νον
226 5185 340 5237 καὶ
390 5185 489 5253 τὴν
527 5180 792 5252 ὠφέλειαν
837 5181 1221 5237 ἐπιδείκνυται.
1270 5178 1362 5231 ἑπὶ
1405 5178 1461 5230 δὲ
1500 5177 1607 5230 τῶν

73 5292 190 5327 ων
231 5272 342 5327 καὶ
380 5273 624 5342 βλάπτει.

73 5446 152 5499 ιν.
200 5442 333 5495 Καὶ
358 5440 465 5512 μὴν
486 5441 515 5493 ὁ
539 5439 699 5501 Κάῖν.
733 5440 887 5508 φησὶν
909 5438 996 5492 διὰ
1022 5438 1081 5491 τὸ
1108 5438 1182 5509 μὴ
1214 5436 1362 5509 παρὰ
1388 5436 1464 5507 τῷ
1492 5435 1610 5506 θεῷ

75 5536 376 5601 οκιμείν,
409 5512 675 5584 ὲλυπὲἰτο.
716 5530 790 5583 Ού
819 5530 906 5583 διὰ
934 5528 1112 5593 τοῦτο,
1152 5528 1271 5582 ἀλλ’
1306 5526 1494 5597 ἐπειδὴ
1518 5527 1610 5579 τὸν

75 5625 254 5691 λςρὸν
310 5621 424 5677 εἶδε
460 5623 773 5693 λάμπονταο
827 5624 967 5688 ἐπεὶ,
1013 5625 1060 5675 εἰ
1105 5620 1191 5675 διὰ
1236 5619 1391 5675 τοῦτο
1430 5619 1605 5691 ἤλγει,

3165 234 3265 293 5M

1710 357 1905 427 ζηλοῦν
1936 359 2059 418 ἔδει,
2088 356 2181 439 καὶ
2206 356 2515 426 συγχαίρειν
2542 352 2730 425 ἐκείνῳ
2755 370 2765 382 ’
2826 356 2940 407 νυνὶ
2984 355 3039 408 δὲ
3064 356 3265 423 ἀλγῶν.

1705 451 1912 502 ἑδείκνυ
1952 449 2092 503 κατά
2119 448 2321 517 κόσμον
2353 445 2705 515 λυπούμενος.
2753 445 2890 496 Ἀλλ’
2923 444 3021 515 οὐχ
3044 448 3072 498 6
3104 447 3267 500 Δαυὶδ

1704 537 1894 602 οὓτως,
1925 539 2044 591 οὐδὲ
2065 540 2093 590 6
2126 536 2349 606 Πέτρος,
2378 534 2498 587 οὐδὲ
2527 534 2635 586 τῶν
2655 533 2875 586 δικαίων
2901 534 3147 599 ἕκαστος.
3178 535 3268 590 Διὸ

1703 630 2051 699 ηὐδοκίμουν,
2083 629 2114 698 ἢ
2147 628 2287 696 ὑπὲρ
2315 626 2548 688 οἰκείων,
2588 625 2620 696 ἢ
2666 626 2804 694 ὑπὲρ
2844 626 3135 697 ἀλλοτρίων
3175 627 3269 679 ἀλ-

1703 722 1923 791 γοῦντες
1965 720 2392 791 ἁμαρτημάτων.
2448 718 2638 771 Καίτοι
2670 718 2721 771 τί
2776 718 2954 788 λύπης
2997 720 3267 789 φορτικώιι

1703 832 1888 884 τερον;
1932 812 2069 864 Ἀλλ’
2096 813 2223 865 ὅταν
2247 811 2387 864 κατά
2414 810 2545 863 Θεὸν
2576 810 2810 880 γίνηται,
2844 809 2946 879 τῆς
2966 810 3024 862 ἑν
3069 810 3145 880 τῷ
3177 814 3269 863 κό-

1708 921 1829 974 σμῳ
1860 905 2030 974 χαρᾶς
2070 902 2289 972 βελτίων
2332 902 2499 957 ἐστίν.
2533 904 2679 972 Αὕτη
2726 901 2823 973 μὲν
2858 900 2964 973 γάρ
3012 903 3092 963 είς
3114 902 3268 954 οὐδὲν

1704 995 1949 1064 τελευτᾷ,
1981 994 2163 1061 ἐκείνη
2193 992 2249 1044 δὲ
2278 992 2567 1062 μετάνοιαν
2588 992 2667 1053 είς
2693 989 2966 1060 σωτηρίαν
2987 991 3269 1059 ἀμεταμέ-

1705 1086 1863 1156 λητον
1887 1085 2191 1155 ἐργάζεται.
2220 1084 2329 1137 Καὶ
2362 1084 2472 1154 γὰρ
2494 1083 2552 1135 τὸ
2582 1082 2891 1151 θαυμαστὸν
2924 1082 3091 1151 αὐτῆς
3110 1080 3268 1134 τοῦτό

1705 1178 1872 1239 ἑστιν,
1920 1176 2001 1228 ὅτι
2028 1174 2137 1227 οὐδ’
2188 1174 2255 1227 ἂν
2292 1172 2645 1244 μετανοήσειέ
2672 1188 2754 1234 τις
2781 1170 3024 1239 ἀλγήσας
3049 1170 3222 1234 οὕτως
3249 1186 3262 1201 ·

1702 1268 1732 1321 ὃ
1762 1268 1994 1338 μάλιστα
2042 1266 2138 1328 τῆς
2180 1263 2453 1334 κοσμικῆς
2485 1262 2658 1341 λύπης
2700 1261 2828 1315 ῐδιόν
2876 1263 3012 1314 ἑστι.
3047 1262 3111 1313 Τί
3157 1262 3267 1331 γὰρ

1704 1359 1889 1422 παιδὸς
1920 1357 2290 1428 ποθεινότερον
2312 1354 2568 1423 γνησίου;
2600 1352 2652 1406 τί
2690 1352 2746 1406 δὲ
2772 1353 3144 1422 ἀλγεινότερον
3167 1352 3268 1421 τῆς

1701 1451 1954 1518 τοιαύτης
1984 1449 2277 1517 τελευτῆςς
2315 1446 2455 1499 Ἀλλ’
2480 1447 2630 1513 ὅμως
2672 1444 2721 1497 οἱ
2750 1444 2807 1495 ἐν
2830 1444 2982 1514 ἀκμῇ
3011 1444 3104 1497 τοῦ
3135 1443 3265 1497 πέν-

1703 1539 1827 1603 θους
1859 1538 2083 1608 μηδενὸς
2102 1538 2415 1607 ἀνεχόμενοι
2439 1534 2690 1606 πατέρες,
2718 1536 2810 1587 καὶ
2835 1534 3267 1596 κατακόπτοντες

1704 1631 1922 1694 ἑαυτοὺς
1948 1668 1963 1692 ,
1989 1624 2133 1683 οὗτοι
2182 1630 2321 1697 μετὰ
2373 1622 2563 1697 χρόνον
2621 1622 2992 1697 μετανοοῦσιν,
3077 1624 3269 1695 ἐπειδὴ

1703 1722 1956 1792 ἀμέτρως
2003 1718 2267 1790 ἦλγησαν,
2325 1719 2399 1782 ώς
2450 1718 2603 1771 οὐδὲν
2660 1718 2950 1787 ὸνήσαντες
2996 1714 3265 1773 ἐντεῦθεν,

1703 1813 1837 1865 ἀλλά
1883 1812 1979 1865 καὶ
2034 1808 2291 1881 μειζόνως
2365 1808 2591 1871 ἑαυτοὺς
2634 1806 3034 1876 ἐπιτρίψαντες.
3099 1804 3261 1857 Ἀλλά

1701 1905 1799 1974 οὐχ
1825 1906 1857 1975 ἡ
1886 1904 2025 1957 κατὰ
2062 1902 2191 1956 Θεὸν
2210 1902 2354 1972 λύπη
2375 1900 2594 1972 τοιαύτη
2623 1918 2638 1933 ο
2664 1900 2781 1953 ἀλλ’
2815 1898 2925 1968 ἑχει
2954 1896 3047 1950 δύο
3070 1897 3261 1949 πλεον-

1703 1996 2005 2066 εκτήματα.
2035 1994 2097 2046 τί)
2150 1991 2224 2063 μὴ
2270 1989 2771 2058 καταγινώσκεσθαι
2828 1990 2916 2056 ἐφ’
2968 1983 3047 2050 οἷς
3104 1987 3267 2054 ἀλγεῖ

1702 2105 1809 2151 τις,
1841 2087 1935 2140 καὶ
1973 2086 2031 2138 1'0
2078 2084 2177 2154 τὴν
2209 2084 2381 2153 λύπην
2418 2082 2622 2150 ταύτην
2669 2084 2749 2144 εἰς
2791 2080 3063 2151 σωτηρίαν
3082 2079 3266 2132 τελευο

1703 2180 1838 2249 τᾷνο
1871 2172 1945 2230 ὧν
1985 2176 2261 2245 ἑκατέρων
2294 2174 2474 2241 ἐκείνη
2522 2172 2830 2242 ἑστέρηται.
2869 2172 2978 2224 Καὶ
3029 2170 3137 2240 γὰρ
3186 2172 3267 2232 εἰς

1706 2269 1909 2341 βλάϐην
1935 2266 2181 2333 ἀλγοῦσι,
2217 2264 2311 2318 καὶ
2341 2264 2477 2334 μετά
2500 2262 2558 2315 τὸ
2579 2262 2815 2332 ἀλγῆσαι
2846 2260 3073 2331 σφόδρα,
3100 2277 3268 2313 κατα-

1703 2360 2058 2430 γινώσκουσιν
2090 2358 2319 2416 ἑαυτῶν,
2349 2356 2609 2424 μέγιστον
2647 2353 2806 2405 τοῦτο
2852 2354 3078 2421 σημεῖον
3101 2351 3267 2418 ἑκφέ-

1706 2467 1889 2523 ροντες
1921 2449 2015 2502 τοῦ
2056 2448 2151 2499 ἐπὶ
2211 2444 2384 2516 βλάϐῃ
2434 2442 2589 2496 τοῦτο
2627 2441 2874 2511 ποιῆσαι.
2914 2442 2979 2493 Ἥ
3031 2441 3087 2494 δὲ
3125 2442 3267 2495 κατά

1702 2542 1832 2595 Θεὸν
1880 2538 2190 2593 τούναντίον
2238 2553 2252 2567 ’
2306 2535 2385 2588 διὸ
2435 2536 2531 2588 καὶ
2563 2534 2743 2601 ἔλεγε,
2788 2532 3125 2587 Μετάνοιαν
3179 2535 3267 2598 είς

1704 2631 2003 2698 σωτηρίαν
2068 2623 2515 2697 ἀμεταμέλητον
2577 2623 3012 2692 κατεργάζεται.
3078 2624 3267 2687 Οὐδεὶς

1703 2723 1811 2795 γὰρ
1841 2721 2035 2775 ἑαυτοῦ
2066 2717 2497 2787 καταγνώσεται,
2528 2717 2624 2770 ἑὰν
2650 2716 2864 2786 λυπηθῇ
2888 2715 2974 2783 ἐφ’
3002 2716 3262 2787 ἁμαρτίᾳ,

1702 2814 1797 2869 ἑάν
1829 2812 2093 2883 πενθησῃ,
2131 2814 2223 2865 καὶ
2247 2810 2439 2864 ἑαυτὸν
2465 2810 2751 2881 συντρίψῃ.
2789 2810 2963 2880 Ὅπερ
2984 2810 3076 2862 καὶ
3094 2811 3122 2862 6
3164 2826 3269 2877 μαι

1703 2908 1892 2976 κάριος
1935 2904 2143 2965 Παῦλος
2191 2900 2358 2954 εἰπὼν
2382 2941 2398 2964 ,
2431 2901 2492 2953 ού
2536 2900 2707 2953 δεῖται
2755 2899 3017 2971 ἑτέρωθεν
3041 2900 3103 2953 τὸ
3134 2901 3266 2952 ύπό-

1702 2998 1898 3066 δειγμα
1942 2997 2284 3065 παραγαγεῖν
2314 2988 2389 3047 ὧν
2418 2989 2590 3058 εἶπεν,
2616 2992 2736 3045 οὐδὲ
2772 2993 2895 3056 τοὺς
2918 2995 2973 3045 ἐν
3005 2995 3123 3054 ταῖς
3158 3009 3265 3045 πα-

1702 3090 1880 3153 λαιαῖς
1914 3088 2177 3158 ἱστορίαις
2221 3085 2555 3154 λυπηθέντας
2586 3086 2940 3156 παρενεγκεῖν
2968 3084 3047 3146 είς
3080 3083 3263 3152 μέσον,
3338 3142 3347 3146 ,

1705 3182 1816 3235 ἀλλ’
1835 3181 2032 3243 αὐτοὺς
2057 3178 2373 3247 Κορινθίους
2394 3178 2651 3247 παράγει,
2670 3177 2764 3230 καὶ
2785 3177 2877 3245 ἀφ’
2894 3168 2967 3229 ὧν
2983 3175 3261 3244 ἑποίησαν,

1705 3274 1813 3329 ἀπὸ
1864 3273 2068 3326 τούτων
2105 3270 2203 3342 τὴν
2247 3269 2518 3335 ἀπόδειξιν
2548 3269 2867 3339 παρέχεται,
2898 3269 2987 3322 ἴνα
3026 3270 3120 3321 καὶ
3147 3268 3263 3336 μετ⁹

1703 3366 1992 3435 ἐγκωμίων
2018 3363 2214 3425 αὐτοὺς
2246 3361 2528 3433 παιδεύσῃ,
2559 3362 2654 3414 καὶ
2700 3360 2898 3430 μᾶλλον
2927 3360 3122 3422 αὐτοὺς
3150 3361 3269 3413 ἑπι-

1706 3458 1997 3527 σπάσηται.
2046 3454 2202 3509 Ἰδοὺ
2240 3454 2369 3521 γὰρ,
2414 3452 2598 3522 φησὶν,
2626 3451 2771 3505 αὐτὸ
2818 3453 2881 3503 τὸ
2923 3450 3072 3505 κατὰ
3119 3449 3267 3504 Θεὸν

1701 3547 2045 3616 λυπηθῆναι
2096 3543 2271 3614 ὑμᾶς,
2320 3543 2523 3609 πόσην
2577 3542 3002 3611 κατειργάσατο
3028 3541 3097 3594 ἐν
3124 3540 3266 3609 ὑμῖν

1702 3639 2018 3708 σπουδήν;
2047 3638 2119 3692 Ού
2156 3637 2315 3708 μόνον
2337 3626 2464 3705 γάρ,
2492 3635 2676 3704 φησὶν,
2708 3635 2808 3687 ούκ
2840 3631 3093 3687 ἐνέϐαλεν
3122 3631 3266 3700 ὑμᾶς

1704 3734 1781 3794 είς
1810 3731 1869 3784 τὸ
1893 3728 2235 3798 καταγνῶναι
2266 3726 2476 3779 ἑαυτῶν
2520 3726 2553 3794 ἡ
2590 3724 2815 3795 ἀθυμία,
2844 3722 2919 3786 ώς
2958 3720 3080 3792 εἰκῆ
3108 3719 3266 3774 τοῦτο

1706 3823 2098 3893 πεποιηκότων,
2117 3821 2250 3875 ἀλλὰ
2262 3820 2355 3874 καὶ
2370 3817 2813 3888 σπουδαιοτέρους
2829 3813 2975 3887 [545]
2990 3814 3263 3883 ἐποίησεν.

1706 3912 1839 3973 Εἶτα
1874 3917 2020 3985 λέγει
2052 3915 2149 3985 τῆς
2197 3913 2429 3981 σπουδῆς
2458 3910 2526 3963 τά
2562 3910 2855 3979 τεκμήρια.
2913 3904 3096 3960 Ἀλλὰ
3122 3905 3269 3959 ἀπο-

1705 4010 1918 4078 λογίαν
1942 4025 1954 4038 ’
2017 4007 2153 4078 πρὸς
2204 4005 2324 4075 ἑμέ.
2403 4002 2589 4057 Ἀλλὰ
2644 3999 3052 4069 ἀγανάκτησιν
3076 4012 3090 4027 ’
3131 3995 3288 4066 πρὸς.

1707 4103 1910 4154 ἐκεῖνον
1952 4098 2042 4151 τὸν
2102 4094 2477 4166 ἡμαρτηκότα.
2526 4091 2700 4146 Ἀλλὰ
2752 4091 2972 4158 φόϐον·
3022 4089 3117 4141 καὶ
3156 4085 3268 4156 γάρ

1711 4187 1910 4256 σφόδρα
1942 4185 2255 4238 δεδοικότων
2288 4179 2354 4252 ἦν
2391 4184 2424 4251 ἡ
2448 4179 2685 4245 τοσαύτη
2739 4176 2939 4246 σπουδὴ
2974 4176 3068 4229 καὶ
3093 4177 3127 4245 ἡ
3170 4190 3269 4227 τα-

1707 4280 1859 4349 χίστη
1890 4276 2193 4347 διόρθωσις.
2228 4274 2337 4327 Καὶ
2386 4273 2475 4325 ἵνα
2511 4270 2587 4341 μὴ
2612 4269 2737 4339 δόξῃ
2770 4268 3017 4337 ἐπαίρειν
3051 4265 3264 4323 ἑαυτὸν.

1705 4373 1803 4439 ὅρα
1834 4368 1950 4431 πῶς
1980 4367 2189 4436 ταχέως
2226 4363 2357 4417 αὐτὸ
2403 4359 2828 4431 παρεμυθήσατο
2867 4354 3056 4420 εἰπὼν,
3104 4353 3266 4407 Ἀλλ’

1706 4463 2065 4525 ἐπιπόθησιν
2100 4474 2112 4485 ·
2152 4456 2250 4527 τὴν
2281 4458 2357 4517 εἰς
2383 4452 2485 4523 ἑμέ
2520 4469 2531 4481 ο
2564 4450 2726 4505 ἀλλὰ
2761 4447 2944 4516 ζῆλον
2969 4463 2983 4476 ο
3010 4446 3101 4498 τὸν
3128 4444 3269 4513 ὑπὲρ

1708 4552 1802 4605 τοῦ
1835 4549 1969 4604 Θεοῦ
2004 4565 2017 4577 '
2052 4548 2190 4602 ἀλλ’
2228 4544 2545 4609 ἐκδίκησιν
2573 4559 2585 4572 ·
2618 4544 2712 4594 καὶ
2764 4538 2872 4608 γὰρ
2916 4536 3270 4609 ἑξηδικήσατε

1706 4646 1830 4705 τοὺς
1857 4642 1948 4696 τοῦ
1976 4640 2110 4694 Θεοῦ
2144 4639 2338 4708 νόμους
2369 4633 2736 4706 ὑϐρισθέντας.
2786 4633 2887 4685 Ἐν
2919 4628 3096 4682 παντί
3118 4641 3269 4680 συν-

1708 4752 1812 4789 εστ
1823 4733 2005 4801 ήσατε
2054 4728 2304 4795 ἑαυτοὺς
2348 4725 2570 4796 ἁγνοὺς
2589 4721 2739 4779 εἶναι
2759 4722 2829 4777 ἐν
2850 4719 2928 4785 τῷ
2956 4718 3269 4788 πράγματα.

1710 4827 1845 4896 Οὐχὶ
1873 4824 1950 4895 τῷ
1992 4823 2064 4894 μὴ
2104 4820 2369 4891 τολμῆσαι
2418 4818 2574 4885 μόνον
2613 4830 2627 4845 ⁸
2661 4815 2817 4868 τοῦτο
2846 4813 2955 4882 γὰρ
3007 4808 3271 4881 πρόδηλον

1708 4915 1775 4990 ἦν
1813 4938 1826 4950 ·
1862 4915 1997 4971 ἀλλὰ
2028 4915 2119 4969 καὶ
2147 4914 2224 4985 τῷ
2249 4912 2322 4983 μὴ
2353 4909 2690 4982 συνήδεσθαι.
2732 4905 2950 4975 Ἐπειδὴ
2985 4903 3091 4973 γὰρ
3118 4903 3174 4954 ὲν
3201 4900 3268 4971 τῇ

1712 5009 1951 5080 προτέρα
1984 5004 2268 5073 Ἐπιστολῇ
2297 5002 2470 5069 ἔλεγε,
2504 4999 2610 5054 Καὶ
2631 4996 2797 5067 ὑμεῖς
2828 4990 3270 5064 πεφυσιωμένοι

1709 5101 1871 5164 ἐστὲ,
1894 5098 2128 5153 ἑνταῦθά
2175 5113 2336 5166 φησι,
2376 5093 2485 5146 Καὶ
2533 5090 2735 5156 ταύτης
2772 5087 2994 5149 ἑαυτοὺς
3022 5080 3267 5153 ἀπηλλά-

1712 5195 1836 5257 ξατε
1856 5190 1957 5259 τῆς
1988 5187 2240 5257 ὑποψίας,
2266 5185 2387 5254 οὐχὶ
2412 5183 2489 5252 τῷ
2514 5182 2589 5254 μὴ
2615 5179 2891 5234 ἐπαινέσαι
2924 5178 3102 5249 μόνον,
3134 5172 3271 5227 ἀλλὰ

1712 5286 1805 5337 καὶ
1843 5282 1918 5352 τῷ
1968 5279 2289 5350 ἐπιτιμῆσαι
2338 5277 2433 5329 καὶ
2468 5272 2864 5344 ἀγανακτῆσαι.
2908 5272 3055 5337 Ἀρα
3083 5270 3134 5321 ει
3170 5264 3273 5319 καί

1712 5378 1943 5446 ἔγραψα
1976 5372 2130 5442 ὑμῖν,
2162 5372 2273 5438 οὐχ
2297 5369 2500 5423 ἕνεκεν
2529 5366 2636 5420 τοῦ
2679 5363 3099 5430 ἀδικήσαντος,
3131 5356 3273 5413 οὐδὲ

1776 5580 1799 5604 ³
1826 5572 2035 5621 Savilius
2056 5570 2201 5619 habet
2225 5571 2534 5625 ἁπαὶὶάξατε,
2561 5569 2649 5617 sed
2682 5569 2733 5615 in
2759 5558 2977 5623 margine
3004 5555 3273 5619 legendum

1713 5634 1915 5689 Iudicat.
1949 5634 2243 5689 ἀπηλλάξατε
