3792 6382
212 539 301 596 505

212 664 269 718 In
296 658 510 714 omnibus
551 651 848 710 exhibuistis
878 650 1101 719 uosipsos
1126 645 1548 700 incontaminatos
1580 658 1686 698 esse
1709 643 1761 694 in

211 752 406 824 negotio.
431 747 548 802 Non
586 744 746 799 modo
771 741 895 812 quia
928 739 1127 794 nullum
1158 736 1367 791 facinus
1400 735 1637 805 aggressi
1672 746 1762 824 ess

211 822 319 899 sent
344 840 692 911 (perspicuum
736 834 878 889 enim
911 831 1013 885 hoc
1038 828 1212 900 erat),
1244 826 1337 883 sed
1369 827 1529 881 etiam
1556 825 1678 894 quia
1711 822 1762 878 id

211 930 510 1009 perpetranti
558 929 775 983 minime
816 926 1075 979 faverent.
1119 920 1252 989 Quia
1297 918 1539 1009 enimin
1586 916 1766 1009 priore

210 1006 412 1100 epistola
453 1022 667 1077 dicebat
688 1061 704 1084 ,
746 1017 811 1072 Et
847 1032 935 1070 vos
969 1014 1137 1084 inﬂati
1178 1022 1296 1066 estis
1323 1010 1399 1080 (1.
1432 1008 1551 1063 Cor.
1583 1008 1638 1061 5.
1670 1006 1763 1100 2);

211 1099 288 1178 hic
328 1119 397 1175 ait
421 1157 437 1185 ,
469 1116 578 1170 [lac
606 1126 818 1184 quoque
846 1108 1150 1178 suspicione
1180 1103 1424 1172 vosipsos
1452 1099 1723 1155 liberastis
1747 1137 1763 1158 ,

210 1216 320 1269 dum
353 1225 450 1265 non
491 1207 651 1262 modo
694 1204 900 1259 facinus
933 1199 1072 1255 istud
1109 1213 1215 1254 non
1251 1195 1506 1250 laudastis
1528 1235 1545 1261 ,
1575 1207 1764 1247 verum

208 1309 353 1364 etiam
373 1304 440 1369 ei,
471 1317 501 1355 a
531 1316 638 1371 quo
668 1298 960 1353 admissum
994 1293 1167 1348 fuerat
1189 1331 1205 1359 ,
1236 1286 1642 1345 succensuistis.
1676 1284 1763 1339 12.

208 1398 361 1469 Igitur
378 1392 466 1448 etsi
500 1391 681 1460 scripsi
717 1388 855 1443 vobis
878 1426 894 1451 ,
924 1401 1025 1439 non
1053 1391 1261 1453 propter
1287 1396 1403 1435 eum
1438 1379 1524 1450 qui
1552 1377 1672 1469 fecit
1695 1377 1770 1428 in-

202 1467 378 1560 iuriam
395 1527 411 1550 ,
441 1499 532 1537 nec
558 1490 765 1553 propter
788 1494 903 1533 eum
925 1477 1012 1547 qui
1041 1490 1219 1546 passus
1240 1481 1333 1527 est.
1364 1470 1495 1526 Nam
1526 1485 1594 1524 ne
1619 1467 1767 1560 dicef

209 1588 338 1641 rent,
378 1573 581 1644 Ecquid
624 1573 784 1643 igitur
824 1584 924 1624 nos
957 1567 1241 1636 objurgas,
1285 1564 1330 1618 si
1376 1562 1499 1617 huic
1545 1559 1770 1615 facinori

207 1672 380 1725 affines
422 1682 529 1722 non
557 1664 816 1720 eramus?
847 1660 970 1715 huic
1004 1656 1294 1728 objectioni
1334 1654 1581 1724 superius
1608 1652 1771 1707 etiam

208 1774 500 1824 occurrens,
531 1767 691 1826 atque
715 1753 782 1809 ad
811 1753 863 1807 id
887 1751 989 1807 sibi
1018 1751 1157 1804 viam
1189 1746 1566 1818 prmmuniens,
1594 1758 1656 1798 ea
1686 1743 1772 1795 di-

205 1855 346 1910 cebat
370 1868 487 1922 qua:
516 1849 749 1911 dicebat,
776 1860 970 1916 nempe
1000 1860 1015 1900 :
1048 1842 1168 1897 Non
1195 1857 1274 1894 me
1301 1839 1504 1910 pwnitet
1522 1879 1538 1905 ,
1568 1834 1774 1937 etiarnsi

208 1941 773 2016 ptenittteral..Tantutn
803 1938 947 1993 enim
987 1935 1179 1998 abest,
1220 1931 1427 2002 inquit,
1466 1940 1522 2033 ut
1550 1928 1619 1983 de
1666 1928 1772 1991 iis,

206 2053 316 2107 qua:
344 2047 450 2091 tum
480 2033 696 2104 scripsi.
726 2047 813 2087 me
835 2030 1114 2101 pteniteat,
1142 2036 1203 2081 ut
1224 2035 1335 2080 tum
1358 2030 1525 2093 magis
1551 2035 1637 2075 me
1659 2033 1776 2089 pte-

208 2130 449 2195 nituerit,
492 2141 653 2198 quam
693 2139 870 2189 nunc,
912 2136 1034 2177 eum
1076 2134 1175 2174 vos
1226 2131 1387 2189 puros
1431 2113 1771 2170 exhibuistis.

212 2224 427 2277 Videsne
456 2220 662 2283 rursus,
694 2225 892 2285 quanta
920 2212 1134 2269 dicendi
1167 2212 1219 2264 vi
1248 2221 1409 2280 atque
1431 2207 1776 2263 contentione

209 2318 393 2373 Paulus
419 2324 619 2377 utatur,
648 2322 704 2368 et
726 2308 998 2381 quomodo
1022 2319 1331 2363 sermonem
1364 2303 1417 2357 in
1448 2300 1777 2356 contrarium

208 2406 516 2464 retorserit?
543 2405 620 2459 Ex
645 2418 710 2458 eo
735 2403 878 2457 enim
907 2400 1045 2470 ipso,
1088 2397 1232 2453 unde
1253 2410 1374 2450 eum
1403 2392 1609 2464 pudore
1649 2389 1781 2445 aﬂ‘e-

206 2510 341 2555 ctum
372 2498 535 2553 fuisse
556 2495 952 2559 existimabant,
973 2500 1030 2546 ut
1046 2490 1136 2561 qui
1159 2489 1356 2543 frustra
1381 2498 1476 2543 eos
1499 2483 1779 2554 obiurgas-

207 2601 302 2657 set,
326 2591 464 2662 quod
508 2590 563 2644 in
590 2588 784 2643 melius
809 2585 1179 2655 profecissent,
1206 2597 1274 2638 ex
1310 2595 1376 2636 eo
1415 2580 1533 2650 ipso
1557 2579 1781 2633 demon-

207 2695 329 2739 strat
340 2700 397 2739 se
406 2683 605 2754 justam
624 2681 843 2735 liberius
853 2694 945 2736 eos
958 2676 1259 2747 alloquendi
1277 2686 1492 2730 causam
1508 2670 1778 2727 habuisse.

208 2777 382 2848 Neque
411 2778 559 2833 enim
586 2774 715 2845 ipsis
730 2773 841 2844 jam
865 2772 932 2827 ad
962 2772 1187 2842 gratiam
1212 2768 1356 2839 loqui
1384 2773 1633 2830 recusat,
1658 2778 1780 2818 cum

206 2870 254 2925 id
283 2886 338 2924 se
366 2869 548 2925 facere
581 2880 738 2939 posse
765 2865 927 2920 videt.
963 2864 1172 2918 Etenim
1198 2874 1320 2915 cum
1349 2858 1599 2927 superius
1626 2855 1780 2909 dixe-

208 2962 300 3026 rit,
332 2962 430 3028 Qui
472 2961 703 3013 adha’ret
746 2955 1024 3019 meretrici,
1055 2969 1216 3007 unum
1247 2965 1431 3020 corpus
1459 2949 1672 3019 efﬁcitur
1695 2947 1781 3017 (1.

208 3054 316 3107 Cor.
347 3054 400 3108 6.
425 3052 515 3124 16)
546 3069 561 3118 ;
595 3060 671 3118 et,
699 3049 908 3104 Tradite
928 3044 1221 3118 ltujusmodi
1242 3043 1495 3097 hominem
1514 3049 1708 3094 satana:
1731 3037 1784 3091 in

207 3148 453 3202 interitum
495 3146 670 3200 carnis
716 3144 793 3214 (1.
826 3141 945 3197 Cor.
974 3142 1029 3196 5.
1061 3138 1117 3211 5)
1144 3155 1156 3191 :
1200 3146 1255 3193 et
1275 3178 1291 3203 ,
1320 3135 1482 3189 Omne
1524 3140 1785 3203 peccatum

204 3242 548 3311 quodcumque
580 3238 752 3309 fecerit
782 3236 931 3290 homo
953 3275 968 3300 ,
1003 3243 1145 3287 extra
1170 3245 1355 3303 corpus
1381 3238 1451 3282 est
1478 3226 1556 3297 (1.
1583 3224 1703 3279 Cor.
1726 3222 1781 3277 6.

208 3334 333 3403 18);
363 3344 415 3389 et
440 3343 640 3388 caetera
666 3329 844 3385 omnia
867 3327 1106 3398 ejusdem
1134 3324 1350 3394 generis
1378 3337 1393 3376 :
1418 3321 1507 3391 qui
1536 3320 1596 3374 tit
1621 3327 1677 3373 ut
1700 3315 1787 3372 hic

204 3426 359 3493 dicat,
390 3424 517 3480 Non
548 3432 755 3494 propter
775 3436 889 3476 eum
918 3420 1005 3490 qui
1033 3418 1152 3489 fecit
1176 3416 1441 3487 injuriam,
1470 3428 1559 3466 nec
1581 3420 1788 3481 propter

205 3536 310 3572 eum
339 3520 427 3588 qui
456 3534 644 3587 passus
668 3517 786 3570 est?
810 3512 924 3569 Non
953 3525 1135 3567 secum
1168 3511 1283 3578 ipse
1308 3514 1537 3577 pugnat,
1568 3519 1689 3559 cum
1714 3503 1786 3557 ita

205 3612 473 3683 loquitur,
517 3613 630 3666 imo
673 3607 896 3678 pulchre
924 3602 1236 3660 concordat.
1275 3597 1556 3669 Quomodo
1602 3611 1785 3651 secum

203 3706 531 3761 concordat?
559 3703 822 3771 Quoniam
851 3714 1063 3754 summo
1091 3697 1139 3752 ei
1176 3695 1353 3751 studio
1383 3701 1532 3759 erat,
1564 3691 1669 3744 vim
1704 3688 1788 3743 sui

201 3811 322 3867 erga
349 3811 446 3852 eos
473 3795 681 3850 amoris
704 3792 1000 3848 declarare.
1032 3789 1291 3859 Quocirca
1323 3800 1429 3841 non
1472 3784 1574 3839 hoc
1595 3796 1787 3851 ampu-

202 3895 303 3952 tat,
330 3887 473 3956 quod
520 3884 865 3940 fornicatoris
903 3882 1044 3936 illius
1084 3879 1240 3933 saluti
1280 3878 1583 3933 consultum
1622 3873 1784 3940 velit;

200 3994 378 4034 verum
406 3979 609 4041 simul,
639 3985 696 4032 ut
721 3976 833 4047 jam
867 3974 1007 4041 dixi,
1053 3988 1206 4028 suam
1237 3986 1361 4041 erga
1389 3984 1483 4025 eos
1508 3967 1786 4022 caritatem

201 4071 465 4137 ostendit,
500 4084 673 4140 seque
720 4069 878 4138 longe
928 4068 1097 4136 magis
1146 4065 1249 4119 hoc
1300 4072 1443 4118 metu
1483 4061 1787 4132 perculsum

198 4160 388 4229 fuisse,
418 4161 569 4233 quod
598 4170 872 4215 vereretur
902 4174 970 4215 ne
1001 4157 1236 4213 Ecclesia
1266 4164 1374 4210 tota
1401 4154 1787 4209 detrimentum

198 4268 260 4306 ex
291 4269 356 4308 eo
385 4254 599 4325 flagitio
634 4252 934 4320 acciperet,
965 4249 1274 4318 malumque
1313 4246 1470 4301 latius
1504 4251 1786 4313 serperet,

196 4359 256 4400 ac
277 4347 483 4401 sensim
508 4358 785 4416 grassans,
815 4352 979 4398 totam
1006 4340 1299 4395 Ecclesiam
1325 4347 1630 4407 occuparet.
1664 4335 1790 4390 Ideo

197 4436 440 4506 dicebat,
475 4437 747 4492 Modicum
790 4434 1023 4507 [ει-τηειιεὶ
1062 4443 1217 4487 totam
1258 4448 1480 4485 massam
1509 4430 1790 4498 corrumpit

199 4533 272 4603 (1.
304 4531 426 4587 Cor.
461 4533 520 4587 5.
552 4532 633 4601 6).
669 4530 863 4585 Verum
896 4527 947 4582 id
969 4527 1187 4597 quidem
1209 4534 1337 4580 tunc
1360 4523 1572 4579 dicebat
1604 4541 1619 4578 :
1650 4536 1791 4577 nunc

195 4634 369 4679 autem
392 4666 408 4691 ,
439 4624 699 4694 quoniam
726 4622 792 4677 ad
821 4622 1099 4677 meliorem
1129 4620 1334 4690 frugem
1364 4634 1423 4672 se
1450 4627 1785 4686 receperant,

196 4733 297 4771 non
318 4718 433 4786 jam
467 4717 545 4771 ita
591 4715 862 4785 loquitur,
894 4728 1079 4769 verum
1122 4713 1229 4767 alio
1272 4710 1462 4774 modo;
1504 4719 1663 4780 atque
1704 4708 1787 4762 id-

194 4809 367 4876 ipsum
393 4807 625 4879 quidem
646 4806 965 4868 subindicat,
994 4805 1088 4860 sed
1119 4803 1334 4857 suavius
1357 4803 1651 4856 orationem
1681 4810 1791 4855 tra-

193 4911 318 4967 ctat,
338 4901 561 4966 dicens,
588 4899 666 4952 Ad
687 4896 1111 4969 manifestandam
1136 4894 1525 4949 sollicitudinem
1542 4901 1786 4955 nostram,

191 5008 341 5061 quam
368 4994 627 5046 habemus
653 5005 746 5052 pro
774 4989 911 5043 vobis
940 4988 1007 5041 ad
1036 5003 1143 5042 vos.
1175 4987 1287 5041 Hoc
1316 4994 1417 5052 est,
1450 4993 1507 5039 ut
1535 4985 1788 5055 explora—

192 5092 299 5136 tum
320 5082 937 5151 habeatis,quantopere
952 5094 1047 5134 vos
1067 5094 1262 5134 amem.
1285 5078 1395 5133 Hoc
1415 5086 1593 5133 autem
1618 5079 1788 5147 ipsum

191 5174 338 5241 prius
382 5175 565 5236 dixit;
614 5172 710 5229 sed
749 5172 869 5227 aliis
911 5172 1091 5226 verbis
1140 5170 1463 5240 explicatum
1489 5213 1504 5235 ,
1552 5169 1787 5240 Speciem

190 5265 347 5322 aliam
378 5268 639 5339 praebere
666 5266 896 5322 videtur.
926 5265 1059 5321 Nam
1083 5266 1225 5337 quod
1251 5265 1390 5320 idem
1419 5266 1521 5330 sit,
1554 5276 1788 5320 mentem

188 5356 340 5414 Pauli
359 5369 568 5416 excute
589 5398 606 5425 ,
636 5373 739 5414 nec
763 5357 1051 5429 quidquam
1078 5356 1400 5412 discriminis
1426 5372 1547 5413 esse
1573 5372 1792 5425 compc-

190 5452 315 5507 ries.
345 5452 630 5522 Quoniam
656 5451 821 5517 enim,
853 5451 1063 5522 inquit,
1090 5449 1247 5505 valde
1277 5465 1372 5505 vos
1397 5465 1539 5515 amo,
1566 5451 1791 5505 verebar

192 5560 256 5600 ne
280 5546 411 5614 quid
444 5547 587 5601 inde
623 5544 885 5600 molestia:
910 5544 1175 5614 caperetis
1197 5585 1211 5609 ,
1240 5552 1399 5613 atque
1427 5542 1526 5613 ipsi
1554 5558 1789 5599 maerore

191 5634 575 5691 afﬁceremini.
620 5636 770 5691 Sicut
806 5650 927 5689 cum
954 5635 1065 5701 ait,
1100 5633 1244 5687 Num
1286 5634 1349 5687 de
1388 5634 1540 5689 bobus
1568 5652 1691 5689 cura
1718 5645 1793 5690 est

192 5726 298 5783 Deo
330 5730 408 5799 (1.
444 5729 576 5785 Cor.
623 5729 676 5784 9.
706 5727 806 5795 9)?
832 5743 938 5782 non
984 5726 1086 5782 hoc
1128 5727 1283 5793 dicit,
1315 5728 1363 5782 ei
1410 5726 1565 5781 boum
1606 5744 1790 5783 curam

190 5823 412 5879 minime
438 5838 611 5887 esse;
653 5838 827 5893 neque
855 5822 999 5878 enim
1043 5836 1130 5875 res
1170 5822 1278 5875 ulla
1322 5821 1413 5875 Dei
1457 5821 1789 5890 providentia

188 5914 441 5971 destituta
470 5916 790 5971 conservari
834 5900 1044 5982 potest;
1072 5913 1164 5968 sed
1195 5912 1277 5967 his
1306 5913 1482 5968 verbis
1515 5913 1616 5967 hoc
1638 5914 1785 5979 vult,

192 6004 388 6075 Deum,
420 6022 551 6063 cum
586 6007 759 6078 legem
788 6007 933 6062 illam
980 6005 1250 6072 sanciret,
1306 6021 1409 6060 non
1458 6006 1775 6077 praecipuam

1213 528 1278 583 ΙΝ
1315 527 1532 583 EPIST.
1575 526 1619 581 ll
1679 525 1771 581 AD
1808 523 1967 581 COR.
2009 526 2238 584 1101111...
2282 530 2393 586 XV.

3355 548 3462 607 506

1875 640 2039 698 boum
2063 658 2245 700 curam
2273 646 2524 704 habuisse
2552 665 2566 703 :
2593 650 2674 705 sic
2699 660 2754 706 et
2782 644 3055 723 hocloco,
3089 657 3317 731 Propter
3337 678 3456 720 ves.

1874 734 2067 805 inquit,
2094 739 2427 806 potissimum
2450 741 2641 812 scripsi
2664 760 2679 808 ;
2706 743 2901 801 deinde
2923 749 3083 803 etiam
3113 750 3253 806 illius
3273 768 3457 810 cauea.

1873 829 2047 899 Atque
2077 828 2302 884 infixum
2345 832 2558 902 quidem
2602 834 2654 889 in
2684 840 2864 890 animo
2895 840 3057 893 vestri
3087 855 3323 898 amorem
3357 844 3456 899 ha-

1871 916 2084 986 bebam,
2102 921 2310 975 etiamsi
2329 923 2458 977 nihil
2474 923 2540 977 ad
2559 939 2652 978 vos
2672 926 2945 983 literarum
2964 929 3233 987 dedissem
3250 949 3265 999 ;
3290 943 3456 991 emta-

1874 1025 1992 1066 rum
2041 1027 2161 1067 eum
2190 1014 2340 1069 vobis
2391 1030 2486 1085 per
2515 1016 2699 1073 literas
2744 1021 2863 1076 illas
2914 1031 3075 1093 atque
3124 1028 3374 1085 Omnibus
3399 1030 3454 1085 in

1873 1102 2179 1157 universum
2196 1104 2471 1162 declarare
2491 1108 2793 1178 cupiebam.
2821 1111 2944 1167 Ideo
2963 1116 3211 1169 consolati
3238 1134 3412 1174 sumus
3436 1138 3458 1175 :

1872 1194 2125 1263 quoniam
2150 1205 2206 1250 et
2230 1205 2471 1252 nostrum
2498 1213 2625 1270 erga
2645 1200 2741 1256 vos
2766 1203 2998 1258 studium
3025 1208 3377 1275 ostendimus,
3403 1220 3461 1266 et

1873 1283 2055 1339 ofﬁcio
2084 1284 2241 1354 plene
2280 1287 2546 1357 perfuncti
2570 1304 2772 1346 sumus.
2821 1292 2910 1349 Sic
2948 1295 3055 1350 alio
3083 1311 3296 1368 quoque
3338 1300 3457 1356 loco

1875 1376 2090 1433 dicebat
2113 1418 2128 1442 ,
2163 1377 2319 1434 Nunc
2355 1382 2596 1450 vivimus,
2626 1385 2672 1438 si
2710 1400 2797 1441 vos
2836 1388 2980 1443 statis
3020 1389 3074 1442 in
3111 1388 3334 1445 Domino
3362 1392 3459 1463 (1.

1875 1468 2054 1525 Thess.
2082 1470 2136 1527 '5.
2169 1472 2227 1543 8)
2252 1489 2266 1537 ;
2296 1482 2350 1528 et
2377 1490 2585 1541 rursus,
2616 1476 2746 1542 Qua:
2765 1488 2837 1534 est
2865 1496 2984 1551 ergo
3008 1499 3121 1552 spes
3148 1494 3341 1551 nostra,
3372 1496 3462 1539 aut

1875 1562 2153 1632 gaudium,
2184 1573 2273 1618 aut
2297 1582 2485 1620 corona
2518 1569 2701 1637 gloria:
2723 1571 2799 1640 (1.
2832 1570 3010 1626 Thess.
3033 1574 3089 1628 2.
3120 1574 3255 1645 l9)?
3295 1591 3465 1631 nonne

1875 1671 1963 1711 vos
1985 1656 2011 1709 ?
2039 1656 2430 1727 Discipulorum
2453 1662 2595 1716 enim
2626 1663 3009 1720 incrementum
3035 1678 3216 1723 mente
3235 1669 3460 1738 praedito

1878 1746 2133 1818 magistro
2153 1757 2209 1802 et
2233 1750 2339 1804 vita
2368 1760 2422 1805 et
2451 1752 2753 1809 cohortatio
2782 1765 2837 1810 et
2863 1758 3161 1813 consolatio
3187 1770 3291 1815 est.

1948 1837 2003 1893 5.
2042 1837 2184 1893 Nihil
2210 1841 2350 1894 enim
2378 1856 2499 1897 eum
2521 1885 2536 1910 ,
2564 1844 2653 1914 qui
2685 1845 2963 1913 imperium
2992 1850 3160 1918 gerit,
3190 1867 3341 1920 aeque
3369 1850 3458 1906 in-

1879 1928 2059 1995 dicat,
2107 1940 2164 1985 ut
2205 1947 2356 1987 amor
2400 1945 2561 2006 atque
2602 1938 2924 2006 indulgentia
2971 1955 3097 2012 erga
3135 1957 3230 1997 eos
3266 1945 3462 2015 quibus

1881 2032 2094 2089 praeest.
2136 2021 2269 2077 Nam
2319 2036 2521 2093 patrem
2568 2041 2673 2081 non
2719 2028 2879 2083 modo
2922 2031 3123 2087 sobolis
3161 2037 3462 2103 procreatio

1880 2110 2038 2176 facit,
2071 2113 2166 2167 sed
2204 2114 2364 2169 etiam
2402 2126 2522 2185 post
2562 2118 2982 2187 procreationem
3021 2137 3191 2177 amor.
3232 2125 3382 2193 Quod
3418 2129 3463 2181 si

1881 2204 1972 2257 ubi
2002 2212 2189 2259 natura
2218 2216 2321 2273 est,
2355 2218 2532 2263 tantus
2557 2225 2709 2266 amor
2731 2214 3019 2283 requiritur
3044 2228 3272 2285 :quanto
3297 2220 3467 2290 magis

1884 2296 1972 2351 ubi
2016 2298 2220 2368 gratia?
2266 2300 2342 2355 Ita
2385 2311 2598 2359 veteres
2639 2319 2829 2361 omnes
2873 2308 3277 2377 splenduerunt.
3331 2312 3468 2370 Hinc

1882 2390 2080 2460 quippe
2108 2408 2327 2459 omnes,
2358 2396 2451 2465 qui
2480 2400 2619 2467 apud
2647 2400 2903 2456 Hebraeos
2934 2402 2986 2455 in
3016 2402 3185 2472 gloria
3216 2403 3466 2474 fuerunt,

1884 2482 2117 2539 nominis
2142 2485 2486 2556 splendorem
2515 2494 2785 2563 assequuti
2817 2503 2959 2549 sunt.
2992 2496 3079 2551 Sic
3104 2496 3321 2553 Samuel
3350 2514 3468 2554 ma-

1883 2589 2045 2644 gnum
2075 2589 2133 2631 se
2164 2577 2390 2647 praebuit
2412 2621 2429 2647 ,
2458 2596 2578 2636 cum
2608 2582 2810 2639 diceret
2841 2605 2854 2641 :
2882 2587 3022 2641 Absit
3055 2604 3088 2640 η
3116 2605 3195 2643 me
3224 2590 3318 2644 hoc
3347 2607 3471 2661 pecu

1885 2677 2055 2721 catum
2090 2672 2144 2723 in
2180 2669 2400 2726 Domino
2424 2714 2440 2739 ,
2471 2682 2525 2726 ut
2553 2691 2739 2730 cessem
2764 2693 2912 2731 orare
2940 2695 3033 2748 pro
3055 2681 3193 2734 vobis
3216 2681 3307 2753 (1.
3337 2683 3467 2754 Reg.

1887 2762 1974 2818 12.
2001 2762 2121 2833 23).
2149 2764 2238 2821 Sic
2267 2767 2465 2835 David,
2499 2769 2579 2825 sic
2606 2771 2896 2839 Abraham,
2923 2774 3003 2828 sic
3031 2774 3175 2830 Elias
3194 2817 3208 2841 ,
3237 2777 3316 2832 sic
3338 2776 3473 2847 justi

1886 2871 2075 2912 omnes
2099 2898 2116 2925 ,
2145 2867 2253 2914 tam
2293 2860 2347 2914 in
2388 2860 2565 2917 Veteri
2609 2878 2769 2933 quam
2813 2865 2867 2919 in
2912 2866 3062 2922 Novo
3102 2868 3470 2925 Testamento.

1887 2946 2097 3001 Etenim
2130 2948 2340 3021 Moyses
2378 2951 2709 3009 subditorum
2750 2967 2933 3012 amore
2970 2956 3159 3013 ductus
3182 3001 3197 3024 ,
3230 2961 3473 3030 ingentes

1887 3053 2019 3107 opes
2041 3053 2104 3093 ac
2129 3039 2410 3098 thesauros
2430 3045 2576 3099 omni
2601 3061 2851 3103 sermone
2870 3050 3208 3107 sublimiores
3233 3054 3473 3123 reliquit,

1889 3131 2067 3199 potius
2112 3131 2315 3190 habens
2358 3136 2521 3207 afﬂigi
2566 3154 2687 3193 cum
2729 3142 2929 3211 populo
2972 3143 3088 3199 Dei.
3143 3144 3281 3213 Quin
3328 3148 3476 3216 prius

1888 3224 2048 3277 etiam
2072 3266 2088 3291 ,
2117 3240 2279 3296 quam
2304 3226 2412 3282 dux
2441 3238 2652 3286 creatus
2683 3230 2870 3289 fuisset
2892 3274 2907 3298 ,
2948 3236 3122 3306 reipsa
3152 3240 3331 3308 populi
3358 3255 3477 3296 mo-

1889 3315 2105 3372 derator
2126 3325 2260 3372 erat.
2289 3318 2466 3385 Quare
2491 3337 2745 3393 perquam
2770 3326 2960 3382 stolide
2980 3327 3047 3382 ad
3071 3343 3191 3383 eum
3216 3330 3476 3388 Hebrznus

1890 3407 1978 3462 ille
1997 3407 2363 3478 dicebat,Quis
2383 3422 2430 3465 te
2442 3415 2697 3468 constituit
2713 3417 2990 3488 principem
3007 3436 3067 3473 ac
3077 3421 3303 3492 judicent
3321 3440 3473 3493 super

1890 3519 1982 3556 nos
2008 3503 2200 3573 (Exod.
2228 3504 2285 3558 2.
2317 3505 2448 3578 ιω
2476 3507 2613 3575 Quid
2640 3509 2757 3565 ais?
2786 3526 2948 3581 opera
2973 3515 3181 3581 cernis,
3208 3516 3353 3571 etde
3380 3533 3479 3571 no-

1892 3595 2035 3649 mine
2055 3595 2301 3651 dubitas?
2317 3597 2545 3655 Perinde
2567 3616 2630 3656 ac
2652 3602 2698 3657 si
2722 3604 2842 3673 quis
2866 3604 3126 3661 medicum
3151 3608 3475 3675 peritissimo

1889 3696 2180 3753 secantem,
2194 3697 2354 3759 atque
2373 3706 2531 3762 (agree
2546 3696 2789 3764 corporis
2812 3698 2943 3765 parti
2960 3712 3114 3768 opem
3136 3699 3471 3767 atierentem,

1890 3780 2227 3849 conspiciens
2244 3781 2408 3850 dicat,
2422 3784 2552 3851 Quis
2575 3795 2628 3841 te
2648 3788 2912 3844 medicum
2934 3792 3230 3857 constituit,
3251 3809 3312 3848 ac
3333 3808 3475 3849 seca-

1891 3884 1951 3923 re
1984 3871 2177 3941 jussit?
2216 3888 2306 3929 ars
2341 3875 2591 3932 nimirum
2633 3880 2767 3948 ipsa,
2810 3883 2892 3936 vir
2918 3884 3139 3953 Optime,
3172 3900 3234 3942 ac
3254 3888 3474 3944 morbus

1892 3971 2014 4018 tuus
2038 3980 2053 4017 :
2074 3964 2264 4021 eodem
2292 3967 2454 4023 modo
2482 3969 2624 4025 hunc
2651 3988 2862 4044 quoque
2891 3976 3020 4032 artis
3044 3980 3264 4035 scientia
3293 3982 3360 4037 ad
3389 3991 3471 4038 ta-

1890 4053 1996 4110 lem
2022 4055 2333 4126 dignitatem
2356 4064 2553 4117 evexit.
2578 4064 2759 4134 Neque
2778 4066 2922 4122 enim
2945 4069 3227 4140 imperium
3252 4082 3436 4129 tenere
3460 4115 3476 4138 .

1892 4144 2122 4216 dignitas
2150 4158 2351 4204 tantum
2377 4161 2480 4217 est,
2509 4154 2601 4209 sed
2631 4170 2722 4210 ars
2746 4158 2929 4225 etiam,
2962 4169 3015 4214 et
3039 4162 3252 4231 quidem
3283 4165 3477 4220 artium

1891 4238 2129 4294 omnium
2172 4243 2627 4311 praestantissima.
2674 4246 2806 4302 Nam
2833 4250 2877 4303 si
2905 4260 3163 4306 aeternum
3194 4254 3473 4324 imperium

1893 4344 1983 4383 ars
2021 4339 2145 4399 est,
2170 4341 2226 4387 et
2263 4334 2486 4390 scientia
2531 4338 2771 4395 omnium
2816 4344 3221 4411 praeclarissima
3260 4363 3274 4399 :
3310 4348 3479 4403 multo

1894 4420 2134 4490 profecto
2159 4425 2328 4496 magis
2352 4424 2455 4482 hoc
2479 4439 2743 4485 nostrum.
2770 4431 2944 4488 Tanto
2966 4436 3162 4505 quippe
3186 4435 3287 4492 hoc
3311 4438 3478 4507 impe~

1893 4514 2030 4568 rium
2061 4514 2151 4569 illo
2182 4517 2522 4586 praestantius
2548 4529 2666 4588 est,
2698 4533 2901 4593 quanto
2925 4526 3050 4582 illud
3081 4528 3298 4600 reliquis
3322 4541 3474 4587 ante-

1892 4609 2069 4669 cellit:
2098 4609 2207 4664 imo
2226 4627 2355 4668 vero
2378 4612 2536 4683 longe
2555 4614 2713 4670 etiam
2738 4620 2926 4688 magis.
2951 4623 3027 4676 Ac
3049 4623 3094 4676 si
3116 4623 3306 4694 placet,
3335 4625 3478 4683 hunc

1894 4717 2195 4760 sermonem
2222 4708 2520 4762 accuratius
2545 4709 2934 4779 expendamus.
2966 4716 3068 4771 Ars
3088 4726 3170 4772 est
3193 4718 3479 4790 agricultu-

1895 4812 1951 4850 ra
1977 4838 1992 4862 ,
2024 4812 2114 4854 ars
2147 4807 2231 4854 est
2265 4801 2493 4855 textrina
2516 4842 2534 4869 ,
2574 4816 2662 4857 ars
2700 4812 2783 4859 est
2819 4805 3099 4862 aedificatio
3128 4825 3143 4863 :
3170 4826 3289 4880 quae
3317 4813 3475 4866 etiam

1896 4889 2026 4958 ipsae
2072 4905 2330 4961 perquam
2370 4895 2688 4950 necessariae
2732 4907 2893 4965 sunt,
2930 4914 2993 4954 ac
3029 4900 3190 4956 vitam
3239 4915 3478 4963 nostram

1897 4983 2127 5039 maxime
2158 4993 2390 5040 tuentur.
2420 4986 2551 5041 Nam
2581 4997 2791 5044 (uetera:
2810 5033 2824 5057 ,
2854 5000 2913 5045 ut
2942 4991 3163 5049 ferraria
3187 5038 3201 5059 ,
3231 4996 3437 5054 fabrilis
3460 5043 3474 5064 ,

1896 5090 2065 5146 caque
2095 5091 2212 5145 qua:
2241 5077 2294 5131 in
2323 5078 2511 5132 ovibus
2536 5081 2899 5151 armentisque
2926 5087 3204 5153 pascendis
3230 5088 3330 5143 sita
3358 5102 3442 5146 est
3462 5133 3478 5157 ,

1899 5164 1980 5219 his
2008 5165 2281 5220 dumtaxat
2310 5167 2647 5224 aneillantur.
2676 5170 2779 5225 Sed
2810 5172 2995 5229 harum
3023 5177 3216 5233 artium
3247 5182 3475 5238 maxime

1899 5260 2198 5314 necessaria
2225 5270 2307 5315 est
2331 5262 2673 5332 agricultura,
2705 5279 2862 5335 quam
2893 5269 3056 5323 etiam
3085 5270 3224 5327 Deus
3254 5274 3478 5343 primam

1898 5352 2133 5417 invexit,
2174 5367 2296 5407 cum
2337 5353 2608 5410 hominem
2638 5358 2860 5412 creavit.
2904 5360 3115 5416 Etenim
3143 5364 3260 5418 sine
3288 5366 3483 5422 calceis

1898 5458 1961 5498 ac
1984 5444 2314 5499 vestimentis
2336 5446 2440 5500 vita
2462 5446 2582 5502 duci
2605 5456 2799 5518 potest,
2822 5450 2939 5507 sine
2958 5454 3276 5525 agricultura
3296 5465 3477 5513 autem

1900 5535 2047 5590 nullo
2075 5535 2233 5590 modo
2259 5546 2455 5606 potest.

1974 5625 2280 5681 Hamaxobii
2301 5668 2317 5691 ,
2350 5628 2611 5686 Nomades
2638 5641 2685 5686 et
2721 5631 3178 5705 Gymnosophistte.
3217 5666 3290 5678 ——
3320 5636 3483 5696 Tales

1901 5718 2255 5775 llamaxobios
2297 5735 2417 5777 esse
2465 5720 2676 5790 ferunt;
2724 5729 2856 5783 tales
2894 5728 3160 5783 Nomadas
3206 5730 3296 5799 qui
3338 5733 3481 5800 apud

1899 5811 2125 5882 Scythas
2152 5812 2205 5866 in
2233 5815 2441 5882 pascuis
2464 5816 2691 5886 degunt;
2738 5819 2870 5874 tales
2912 5819 3051 5888 apud
3078 5818 3235 5875 Indos
3258 5836 3483 5892 gymno-

1898 5903 2164 5974 sophistas
2188 5902 2288 5975 (a).
2310 5905 2372 5959 Hi
2390 5908 2529 5961 enim
2554 5919 2607 5963 et
2633 5908 2925 5963 aedificandi
2950 5918 3001 5963 et
3021 5910 3237 5965 texendi
3267 5921 3323 5967 et
3347 5929 3481 5969 con-

1960 6019 2031 6084 (η)
2057 6019 2132 6072 De
2158 6018 2470 6073 llamaxobiis
2509 6021 2708 6085 Scythiae
2735 6029 2784 6074 et
2804 6022 3051 6074 Sarmatis:
3098 6025 3303 6089 populis,
3325 6029 3406 6090 qui
3432 6032 3481 6079 in
