3696 6212
92 372 175 426 507
1035 366 1357 424 IN'EPIST.
1399 366 1562 423 ιι-Αι)
1592 363 1753 421 COR'.
1798 367 2030 424 HOMIL.
2072 367 2191 424 XV;

91 483 214 545 θεός.
236 479 359 550 Πλὴν
390 479 483 534 οόκ
509 481 823 550 ἀναγκάζω,
851 482 971 537 οὑδέ
1004 482 1278 553 νομοθετῶ
1300 481 1443 536 οὑτω
1472 480 1592 551 ζῇν·

85 586 263 649 ἀλλ’ὡς
285 586 310 637 6
345 586 533 639 Ἰακὼό
565 586 753 658 ⁴ᾔτησε.
782 588 857 641 Τί
876 589 931 641 δὲ
956 589 1156 660 ᾔτησεν
1188 589 1424 653 ἐκεῖνος;
1457 584 1599 639 Ἐὰν

84 690 154 757 δῷ
170 708 256 760 μοι
277 692 475 759 Κύριος
499 692 680 760 ἄρτον
708 691 938 761 φαγεῖν,
976 691 1075 745 καί
1102 690 1333 760 ἱμάτιον
1364 690 1599 757 περιϐα-

81 798 278 851 λέσθαι.
305 796 447 850 Οὕτω
485 800 578 852 καὶ
613 798 822 861 Παῦλος
852 798 1099 851 ἐκέλευσε
1126 797 1299 865 λέγων
1331 814 1345 828 ·
1390 797 1597 865 Ἔχον-

81 920 164 967 τες
196 901 255 953 δὲ
299 902 517 971 τροφὴν
554 902 651 959 καὶ
701 901 1118 973 σκεπάσματα,
1146 902 1378 965 τούτοις
1424 900 1596 967 ἀρκε-

78 1007 398 1077 σθησόμεθα.
431 1007 627 1079 Πρώτη
670 1008 767 1079 μὲν
792 1003 883 1061 οὖν
902 1010 935 1078 ἡ
965 1006 1265 1078 γεωργικὴ,
1290 1006 1513 1076 δευτέρα
1541 1005 1597 1058 δέ

77 1111 380 1182 ὴὺφαντικὴ,
415 1112 507 1165 καὶ
526 1114 684 1183 τρίτη
718 1112 833 1184 μετ’
863 1112 1134 1183 ἐκείνηνή
1167 1111 1483 1181 οίκοδομική
1514 1126 1527 1141 ·
1561 1112 1593 1180 ἡ

72 1217 123 1274 δὲ
139 1215 236 1273 τῶν
260 1215 607 1287 ὑποδημάτων
648 1218 839 1272 πασῶν
866 1218 1088 1288 ἐσχάτη.
1120 1214 1278 1287 Παρά
1300 1214 1429 1284 γοῦν
1468 1216 1599 1286 ἡμῖν

71 1323 165 1376 είσι
192 1320 355 1373 πολλοὶ
377 1322 469 1373 καὶ
493 1321 699 1376 οἰκέται
729 1324 823 1376 καὶ
854 1320 1090 1393 γεωργοὶ
1118 1321 1285 1391 χωρὶς
1312 1319 1481 1389 ὑποδη
1492 1319 1597 1388 μά-

67 1443 164 1479 των
196 1423 396 1489 ζῶντες.
454 1425 662 1480 υὺκοῦν
717 1427 774 1480 al
842 1427 1101 1497 χρήσιμοι
1158 1426 1254 1477 καὶ
1307 1424 1599 1491 ἀναγκαῖαι

65 1523 229 1582 αὗται.
276 1527 402 1599 Φέρε
449 1525 565 1594 οῦν,
598 1526 1003 1599 παῳίάλωμεν
1048 1524 1218 1587 αὑτὰς
1266 1524 1332 1593 τῇ
1375 1522 1595 1591 ἀρχικῇ.

63 1631 152 1689 Διά
204 1630 301 1703 γὰρ
347 1631 501 1685 τοῦτο
549 1632 646 1696 τάς
704 1632 893 1685 πασῶν
964 1630 1303 1700 κυριωτέρας
1358 1626 1601 1695 παρήγα-

60 1755 165 1805 γον,
190 1737 253 1789 ίν⁹
297 1738 418 1793 ὅταν
462 1740 605 1809 φανῇ
638 1736 777 1808 αῦτη
838 1736 1059 1807 βελτίων
1100 1734 1355 1797 ἐκείνων,
1421 1733 1599 1800 ἀναμ-

58 1843 366 1913 φισὸήτητος
427 1845 461 1913 ή
520 1843 659 1896 κατά
720 1842 830 1895 τῶν
897 1841 1071 1899 ἄλλων
1151 1840 1287 1909 αὐτῇ
1354 1837 1476 1907 νίκη

54 1947 217 1999 Πόθεν
255 1943 341 2001 οὖν
406 1948 575 2018 αὐτὴν
643 1946 891 2017 δείξομεν
962 1944 1390 2015 ἀναγκαιοτέραν
1437 1938 1600 1997 οὖσαν

53 2051 266 2113 πασῶνς
319 2052 435 2104 Ὀτι
486 2050 692 2121 ταύτης
737 2052 867 2106 ἀνευ
919 2051 1073 2104 οὐδὲν
1122 2050 1347 2102 ἐκείνων
1387 2048 1596 2117 ὄφελος.

52 2156 192 2220 Kal,
244 2158 289 2210 εἰ
339 2157 522 2222 δοκεῖ,
574 2157 671 2221 τὰς
727 2157 893 2220 ἄλλας
936 2156 1207 2226 ἀφέντες,
1265 2155 1364 2226 τὴν
1412 2156 1602 2209 πασῶν

49 2260 298 2331 ἀνωτέρω
325 2260 416 2313 καὶ
444 2258 784 2329 κυριωτέραν
825 2260 904 2321 είς
952 2257 1114 2328 μέσον
1157 2257 1473 2326 ἀγάγωμεν.
1503 2255 1601 2324 τὴν

49 2367 369 2436 γεωργικήν.
387 2365 453 2417 Τί
464 2360 556 2419 οὖν
584 2364 738 2417 ἔσται
761 2363 922 2417 πλέον
933 2364 1031 2433 τῆς
1046 2361 1155 2415 τῶν
1170 2360 1433 2431 γεωργῶν
1448 2359 1602 2411 πολυ-

49 2472 287 2544 χειρίας,
336 2473 462 2528 ὅταν
503 2471 756 2541 ἀλλήλοις
818 2470 1115 2541 πολεμῶσι,
1153 2469 1248 2523 καὶ
1273 2469 1339 2521 τά
1359 2468 1601 2538 ἀλλήλων

49 2577 362 2650 ἀρπάζωσι;
391 2576 507 2631 Νῦν
538 2577 635 2647 μὲν
671 2574 779 2645 γὰρ
819 2577 849 2629 6
870 2573 965 2627 τοῦ
1003 2574 1259 2644 ἄρχοντος
1283 2570 1444 2639 φόϐος
1466 2586 1601 2623 κατ-

49 2687 174 2757 ἔχει,
216 2685 310 2739 καὶ
361 2684 430 2736 τά
463 2684 554 2736 ὑπ⁷
584 2682 807 2735 ἐκείνων
830 2679 1089 2749 γινόμενα
1112 2676 1401 2746 φυλάττει·
1432 2674 1527 2728 ἐὰν
1546 2675 1603 2727 δὲ

49 2791 246 2861 ταύτην
277 2789 487 2860 ἀνέλῃς,
534 2787 784 2859 περιττὸς
813 2788 842 2839 6
870 2785 1030 2847 πόνος
1059 2784 1283 2845 ἐκεῖνος.
1325 2783 1389 2836 El
1426 2781 1483 2834 δέ
1521 2798 1602 2843 τις

49 2895 289 2967 ἀκριϐῶς
307 2895 597 2962 ἐξετάσειε,
622 2893 723 2946 καὶ
742 2891 932 2962 ἐτέραν
952 2890 1125 2960 ἀρχὴν
1146 2888 1368 2959 εὑρήσει
1394 2885 1605 2956 μητέρα

47 3002 251 3074 ταύτης
271 3001 365 3055 καὶ
396 2999 689 3069 σύνδεσμον
717 2992 900 3050 οὖσαν.
930 2996 1097 3049 Ποίαν
1118 2994 1182 3063 δὴ
1204 2991 1437 3062 ταύτην;
1469 2990 1603 3043 Καθ’

47 3110 98 3177 ᾖν
121 3108 359 3161 ἕκαστον
381 3104 542 3158 αὐτόν
563 3121 683 3156 τινα
718 3100 909 3156 ἑαυτοῦ
933 3100 1153 3171 κρατεῖν
1172 3097 1267 3150 καὶ
1291 3097 1477 3167 ἄρχειν
1503 3096 1601 3157 δεῖ,

47 3212 98 3265 τὰ
130 3212 237 3281 μὲν
258 3208 581 3278 ἀνελεύθερα
608 3206 901 3270 κολάζοντα
932 3202 1101 3271 πάθη,
1134 3202 1310 3256 πάντα
1333 3199 1389 3254 δὲ
1418 3198 1485 3253 τά
1508 3200 1606 3268 τῆς

47 3315 243 3383 ιρετῆς
274 3311 623 3383 βλαστήματα
644 3307 975 3380 ἐκτρέφοντά
1000 3321 1060 3358 τε
1083 3305 1174 3357 καὶ
1203 3300 1432 3366 αὔξοντα
1468 3302 1604 3372 μετά

47 3420 327 3491 ικριδείας
364 3419 601 3488 ἀπάσης.
638 3417 792 3468 Ἔστι
836 3414 944 3483 7&9
985 3412 1159 3483 ἀρχῆς
1198 3410 1338 3480 εἴδη,
1388 3409 1446 3462 ἓν
1487 3412 1605 3480 μὲν,

47 3525 157 3579 ιαθ⁹
176 3524 208 3577 ὂ
224 3524 287 3594 δή
297 3539 412 3592 μων
430 3522 523 3574 καὶ
539 3518 744 3573 πόλεων
760 3519 1018 3588 ἄρχουσιν
1041 3514 1135 3567 ἀνθ
1145 3530 1333 3584 ρωποι,
1352 3511 1604 3584 τὸν[548]

47 3628 318 3682 τολιτικδν
358 3626 546 3680 τοῦτον
590 3621 924 3693 διορθοῦντες
968 3619 1113 3690 βίον·
1152 3619 1288 3688 ὅπερ
1325 3618 1355 3670 6
1397 3617 1607 3681 Παῦλος

47 3732 211 3803 ηλῶν
239 3731 390 3795 ἔλεγε
412 3747 425 3760 ·
453 3727 623 3783 Πᾶσα
646 3724 815 3795 ψυχὴ
838 3723 1146 3789 ἐξουσίαις
1170 3722 1609 3790 ὑπερεχούσαις

47 3835 481 3893 ’ποτασσέσθω
501 3851 513 3864 ·
546 3834 617 3887 οὐ
658 3831 768 3900 γάρ
803 3830 973 3883 ἐστιν
1003 3826 1274 3892 ἐξουσία,
1307 3830 1356 3880 εὶ
1375 3826 1460 3896 μὴ
1496 3826 1608 3880 ὑπὸ

47 3945 208 3998 θεοῦ.
250 3938 386 3995 Εἶτα
428 3937 640 4000 δεικνὺς
683 3936 850 4004 αὑτῆς
885 3934 945 3986 τὸ
978 3932 1200 4003 κέρδος.
1240 3933 1482 3999 ἐπήγαγε
1531 3930 1611 3983 λέ,

51 4068 167 4113 ων,
218 4048 305 4101 ὅτι
356 4046 419 4098 '0
457 4044 658 4111 ἅρχων
705 4039 851 4093 Θεοῦ
895 4036 1174 4101 διάκονός
1215 4037 1385 4090 ἐστιν
1422 4038 1508 4101 είς
1546 4037 1611 4089 τὸ

48 4155 296 4225 γαθόν·
332 4152 426 4204 καὶ
460 4150 642 4209 πάλιν,
676 4145 825 4200 Θεοῦ
848 4143 1127 4209 διάκονός
1156 4143 1345 4205 ἐστιν,
1376 4141 1612 4207 ἔκδικος

48 4263 105 4324 ῖς
161 4256 367 4327 ὀργὴν
404 4253 483 4319 τῷ
519 4254 585 4306 τὸ
626 4251 818 4304 κακὸν
858 4248 1215 4316 πράσσοντι.
1270 4248 1492 4316 Ἕτερον
1534 4245 1611 4305 δὲ,

48 4364 149 4417 10‘
176 4362 207 4415 ὃ
257 4358 457 4414 ἐαυτοῦ
489 4374 571 4420 τις
600 4357 828 4419 ἕκαστος
855 4356 889 4407 ὁ
907 4353 1031 4406 νοῦν
1063 4352 1201 4423 ἔχων
1226 4352 1417 4422 ἄρχει·
1458 4351 1487 4404 ὃ
1522 4354 1616 4405 καὶ

47 4468 154 4522 ὖτὸ
190 4464 584 4537 παρεδήλωσεν
628 4459 816 4525 είπὼν,
844 4461 914 4514 El
946 4458 1017 4511 δὲ
1062 4458 1255 4521 θέλεις
1295 4455 1381 4525 μὴ
1430 4455 1618 4525 φοϐεῖ.

48 4571 169 4622 θαι
202 4564 331 4632 τὴν
353 4564 647 4627 ἐξουσίαν
670 4600 686 4623 ,
734 4561 798 4613 τὸ
836 4558 1061 4629 ἀγαθὸν
1092 4559 1246 4611 ποίει
1268 4574 1281 4588 ·
1310 4556 1404 4610 τὸν
1424 4556 1616 4610 ἐαυτοῦ

47 4686 277 4740 αχοντα
313 4668 509 4735 λέγων.

72 4861 161 4913 δ’.
214 4855 495 4911 Ἐνταῦθα
520 4854 574 4907 δέ
600 4854 714 4906 ἐστι
742 4852 836 4905 καὶ
858 4850 1019 4921 ἐτέρα
1045 4849 1187 4925 ἀρχὴ
1212 4846 1620 4917 τῆςκπολιτικῆς

47 4965 213 5037 ρχῆς
252 4962 536 5031 ἀνωτέρα.
568 4959 663 5022 Τίς
696 4954 788 5013 οὖν
807 4959 953 5010 ἐστιν
998 4954 1359 5026 αὑτηςἹιέν
1385 4956 1449 5025 τῇ
1497 4954 1623 5010 Ἐκ-

47 5070 241 5141 maia
269 5084 285 5098 °
319 5063 392 5138 ἧς
430 5067 524 5120 καὶ
568 5066 737 5135 αὐτῆς
785 5065 813 5118 6
856 5062 1067 5125 Παῦλος
1117 5060 1388 5131 μέμνηται
1426 5059 1623 5126 λέγων,

48 5175 339 5228 είθεσθε
372 5170 498 5236 τοῖς
537 5166 889 5239 ἡγουμένοις
931 5164 1098 5235 ὑμῶν
1118 5205 1132 5229 ,
1166 5164 1265 5218 καί
1307 5164 1583 5217 ὑπείκετε
1606 5205 1622 5228 ,

47 5298 95 5333 ἰ
149 5277 349 5332 αὐτοὶ
384 5271 803 5344 ἀγρυπνοῦσιν
832 5270 981 5337 ὑπὲρ
1029 5267 1147 5322 τῶν
1182 5265 1398 5336 ¹ψυχῶν
1436 5265 1622 5333 ὑμῶν,

47 5405 82 5450 ς
128 5382 351 5450 λόγον
377 5376 815 5438 ἀποδώσοντες.
853 5372 1000 5441 Αὕτη
1039 5372 1147 5441 7&9
1196 5373 1229 5440 ἡ
1269 5370 1411 5441 ἁρχὴ
1438 5368 1626 5423 τοσοῦ·

50 5508 93 5541 ν
142 5488 259 5559 τῆς
296 5482 589 5553 πολιτικῆς
618 5480 880 5550 ἀμείνων,
911 5479 1034 5531 ὅσον
1052 5477 1152 5546 τῆς
1189 5477 1292 5547 γῆς
1321 5479 1349 5529 ὁ
1374 5475 1620 5546 οὐρανός·

47 5592 242 5647 ἱλλον
290 5593 356 5645 δὲ
389 5592 483 5644 καὶ
528 5587 707 5658 πολλῷ
747 5584 928 5639 πλέον.
991 5583 1213 5655 Πρῶτον
1250 5584 1350 5652 μὲν
1378 5582 1488 5651 γὰρ
1529 5582 1637 5651 οὑχ·

47 5713 173 5762 iul;
207 5698 495 5767 γενόμενα
540 5694 813 5749 κολάσειεν
843 5691 1210 5763 ἁμαρτήματα
1258 5691 1449 5747 σκοπεῖ
1486 5704 1621 5759 προ,-

3170 366 3301 423 508ε

1709 483 2048 555 ηγουμένως,
2080 481 2199 536 ἀλλ’
2219 483 2366 546 ὅπως
2392 482 2465 552 μὴ
2494 480 2702 550 γένοιτο
2730 480 2828 548 τὴν
2861 479 3055 552 ἀρχὴν·
3084 483 3285 534 ἔπειτα

1707 587 1989 656 γενόμενα,
2037 588 2136 657 οὑχ
2180 587 2325 650 ὅπως
2370 586 2659 653 ἀπενέγκοι
2692 584 2784 637 τὸν
2823 584 3120 654 κάμνοντα,
3156 582 3273 637 ἀλλ⁹

1702 691 1851 754 ὅπως
1884 690 2226 759 ἀφανισθείη.
2257 691 2366 744 Kal
2396 689 2663 760 βιωτικῶν
2700 688 2799 759 μὲν
2832 686 2892 740 οὑ
2931 687 3096 750 πολὺς
3136 688 3274 757 αὑτῇ

1704 795 1879 864 λόγος,
1915 795 2091 848 πάντα
2131 794 2188 849 δέ
2234 794 2373 863 ὑπὲρ
2406 794 2514 847 τῶν
2564 795 2621 846 ἐν
2644 794 2892 863 οὐρανοῖς
2933 791 3274 862 πραγμάτων

1704 900 2049 973 χρηματίζει·
2090 900 2275 970 Ἠμῶν
2308 901 2418 969 γὰρ
2448 900 2514 953 τὸ
2550 900 2878 967 πολίτευμα
2907 897 2975 950 ὲν
3000 897 3277 965 οὐρανοῖς

1706 1007 1979 1076 ὑπάρχει,
2033 1007 2129 1059 καὶ
2170 1008 2203 1076 ἡ
2238 1004 2349 1074 ζωὴ
2388 1003 2543 1075 ἡμῶν
2580 1004 2713 1055 ἐκεῖ.
2768 1000 3102 1074 Κέκρυπται
3142 1001 3272 1070 7&9,

1708 1114 1863 1184 φησὶ,
1895 1112 2018 1166 σὺν
2054 1110 2135 1177 τῷ
2174 1108 2403 1178 Χριστῷ
2426 1109 2493 1160 ἐν
2532 1107 2612 1173 τῷ
2649 1106 2790 1171 Θεῷ.
2820 1104 2930 1157 Kal
2968 1104 3034 1155 τὰ
3067 1102 3276 1155 ἔπαθλα

1706 1224 1843 1282 ἐκεῖ,
1872 1219 1962 1273 καὶ
1982 1219 2031 1272 οί
2052 1218 2241 1289 δρόμοι
2267 1216 2392 1286 περὶ
2413 1215 2522 1267 τῶν
2551 1215 2668 1266 ἐκεῖ
2693 1211 2988 1278 στεφάνων.
3010 1208 3144 1264 Οὐδὲ
3166 1206 3274 1277 γὰρ

1708 1326 2037 1385 καταλύεται
2066 1322 2203 1394 μετὰ
2220 1322 2315 1392 τὴν
2337 1319 2588 1389 τελευτὴν
2606 1317 2679 1371 ,αὖ
2689 1334 2750 1385 τη
2779 1318 2811 1385 ἡ
2835 1313 2971 1384 ζωὴ,
2995 1312 3129 1366 άλλά
3153 1312 3275 1364 τότε

1706 1433 1998 1502 διαλάμπει
2039 1429 2317 1502 μειζόνως.
2364 1427 2464 1480 Διὰ
2514 1425 2581 1497 δὴ
2634 1422 2813 1485 τοῦτο,
2870 1421 2969 1490 οὑχ
3017 1419 3277 1488 ὑπάρχων

1711 1536 1889 1607 μόνον,
1932 1532 2067 1590 ἀλλά
2098 1532 2193 1586 καὶ
2235 1530 2413 1585 αὑτῶν
2454 1528 2562 1582 τῶν
2593 1526 2661 1580 τὰ
2688 1525 2993 1595 διαδήματα
3039 1538 3279 1592 περικει-

1711 1642 1888 1713 μένων
1919 1638 2141 1711 μείζονά
2161 1638 2298 1690 είσιν
2332 1630 2798 1713 ὲγκεχειρισμένοι
2818 1629 2981 1700 τιμὴν
3002 1630 3050 1680 οἱ
3075 1624 3280 1695 ταύτην

1708 1704 2045 1819 ἔχοντεςντὴν
2074 1744 2270 1815 ἀρχὴν,
2314 1743 2409 1796 ἀπε
2442 1704 2519 1794 ἐνι
2545 1704 2755 1811 μείζοσι
2800 1736 2893 1791 καὶ
2938 1734 3031 1788 ἐπλ⁵
3068 1729 3279 1803 μείζοσι

1708 1850 2031 1911 πλάττοντες
2060 1845 2186 1909 τοὺς
2218 1842 2559 1915 ἀνθρώπους.
2604 1839 2742 1893 Ἀλλ’
2770 1837 2894 1892 οὔτε
2932 1838 2961 1888 ὁ
2989 1835 3089 1904 τὴν
3121 1830 3277 1885 πολι-

1707 1956 1865 2025 τικὴν
1896 1952 2072 2023 ἀρχὴν
2103 1948 2325 2020 μετιὼν,
2354 1944 2478 2003 οὔτε
2509 1947 2541 1998 6
2560 1944 2658 2014 τὴν
2689 1939 3088 2010 πνευματικὴν.
3120 1935 3279 2003 δυνήο

1711 2079 1893 2117 σονται
1920 2058 2100 2121 καλῶς
2132 2054 2336 2117 ταύτας
2375 2048 2790 2123 μεταχειρίζειν,
2827 2047 2876 2100 εί
2919 2046 2993 2116 μὴ
3020 2044 3283 2114 πρότερον

1710 2167 1919 2223 ἐαυτῶν
1945 2163 2187 2235 ἄρξαιεν,
2212 2159 2287 2221 ὡς
2308 2156 2435 2228 χρὴ,
2462 2156 2555 2208 καὶ
2594 2156 2721 2216 τοὺς
2750 2150 3045 2220 ἑκατέρους
3084 2149 3281 2216 νόμους

1708 2275 1810 2344 τῆς
1858 2270 2131 2332 πολιτείας
2179 2264 2472 2334 φυλάξαιεν
2522 2261 2657 2332 μετὰ
2710 2257 2995 2329 ἀκριϐείας
3039 2253 3279 2317 ἀπάσης.

1712 2380 1924 2449 ’Ὠσπερ
1960 2377 2069 2446 γάρ
2109 2376 2143 2445 ἠ
2184 2373 2295 2426 τῶν
2323 2368 2531 2423 πολλῶν
2569 2366 2713 2437 ἀρχὴ
2761 2363 2925 2433 διπλῆ
2966 2362 3052 2425 τίς
3098 2362 3279 2417 ἐστιν,

1711 2483 1857 2537 οῦτω
1884 2481 1980 2535 καὶ
2008 2479 2075 2549 ἢν
2104 2474 2300 2530 ἐαυτοῦ
2348 2490 2432 2536 τις
2468 2472 2698 2531 ἕκαστος
2730 2467 2907 2537 ἄρχει.
2959 2463 3087 2517 Kal
3123 2461 3284 2517 πάλιν

1710 2587 1989 2645 κάνταῦθα
2049 2583 2286 2654 ἀμείνων
2330 2578 2431 2649 τῆς
2485 2575 2769 2644 πολιτικῆς
2817 2575 2849 2642 ἡ
2902 2566 3280 2639 πνευματικὴ.

1711 2697 1901 2764 ῶσπερ
1936 2694 1965 2745 6
1997 2691 2153 2759 λόγος
2198 2685 2497 2751 ἀπέδειξεν.
2552 2682 2682 2735 ’ῐδοι
2720 2680 2764 2732 δ’
2808 2677 2874 2731 ἄν
2912 2693 2995 2738 τις
3041 2674 3135 2727 καὶ
3176 2672 3286 2724 τῶν

1709 2800 1914 2872 τεχνῶν
1953 2797 2099 2859 ἐνίας
2134 2792 2307 2866 ἀρχὴν
2345 2789 2687 2865 μιμουμένας
2711 2828 2726 2851 ,
2771 2785 2864 2839 καὶ
2902 2781 3137 2854 μάλιστα
3184 2777 3286 2847 τὴν

1711 2902 2044 2976 γεωργικήν.
2073 2898 2342 2966 Καθάπερ
2368 2894 2477 2965 γὰρ
2507 2892 2690 2965 ἅρχων
2713 2889 2796 2952 τίς
2820 2890 2934 2941 ἐστι
2962 2887 3071 2941 τῶν
3101 2883 3293 2955 φυτῶν

1712 3011 2010 3082 όγηπόνος,
2037 3006 2106 3060 τά
2125 3005 2223 3076 μὲν
2248 3001 2595 3073 περικόπτων
2622 2999 2716 3051 καὶ
2738 2993 2962 3050 κωλύων
2977 2988 3283 3065 [κολούων],

1712 3118 1781 3171 τά
1799 3116 1854 3169 δέ
1867 3113 2044 3179 αθξων
2066 3110 2160 3165 καὶ
2172 3106 2513 3180 θεραπεύων·
2537 3099 2893 3172 καθάπερκαὶ
2908 3098 2956 3153 οἱ
2971 3096 3079 3152 τῶν
3093 3096 3287 3167 ἀρχόν-

1712 3241 1819 3279 των
1848 3223 2058 3294 ἀριστοι
2089 3217 2215 3280 τοὺς
2243 3216 2342 3286 μέν
2366 3212 2656 3284 πονηροὺς,
2683 3209 2781 3263 καὶ
2812 3209 2925 3271 τοῖς
2959 3205 3169 3258 πλείοσι
3194 3204 3287 3256 λυ-

1716 3327 2098 3401 μαινομένους,
2141 3319 2508 3393 τιμωροῦνται
2555 3317 2649 3370 καὶ
2683 3314 3010 3369 ἐκκόπτουσι
3030 3352 3045 3376 ,
3078 3310 3203 3372 τοὺς
3232 3308 3299 3373 δέ

1714 3433 1983 3506 χρηστοὺς
2006 3429 2098 3483 καὶ
2126 3427 2383 3488 ἐπιεικεῖς
2421 3424 2510 3476 ἐπί
2552 3420 2734 3492 μεῖζον
2767 3420 2979 3486 ἄγουσι.
3014 3415 3112 3467 Διά
3134 3412 3291 3473 τοῦτο

1714 3541 1809 3595 καὶ
1836 3540 1870 3609 ἡ
1891 3534 2082 3607 Γραφὴ
2103 3533 2228 3593 τοὺς
2258 3530 2524 3601 ἄρχοντας
2550 3523 2951 3596 ἀμπελουργοϊς
2976 3515 3286 3581 ἀπεικάζει.

1714 3645 1780 3700 Τί
1807 3643 1937 3713 γὰρ,
1974 3641 2025 3693 εί
2063 3638 2139 3710 μὴ
2165 3635 2349 3706 φωνὴν
2377 3634 2571 3702 ἀφιᾶσι
2608 3629 2678 3683 τά
2712 3622 3155 3696 φυτά,,καθάπερ
3197 3619 3291 3673 ἐπὶ

1714 3748 1822 3801 τῶν
1845 3747 2051 3801 πόλεων
2086 3745 2135 3796 οἱ
2165 3740 2351 3803 κακῶς
2386 3738 2717 3806 πάσχοντεςς
2751 3730 2863 3784 ἀλλ’
2889 3730 3041 3799 ὅμως
3078 3726 3165 3779 διὰ
3193 3724 3293 3792 τῆς

1716 3851 1891 3921 ὅψεως
1932 3845 2235 3901 δεικνύουσι
2277 3840 2375 3913 τὴν
2406 3837 2642 3898 ἀδικίαν,
2682 3830 3075 3903 μαραινόμενα,
3113 3842 3293 3879 στενο-

1717 3953 2041 4028 χωρούμενα
2074 3948 2179 4002 ὑπὸ
2201 3946 2310 3999 τῶν
2332 3942 2586 4014 πονηρῶν
2609 3938 2871 4011 βοτανῶν.
2903 3935 3014 3990 Kal
3042 3932 3294 4002 καθάπερ

1718 4063 1903 4133 νόμοις
1948 4056 2235 4120 κολάζεται
2283 4055 2317 4123 ἡ
2361 4048 2617 4120 πονηρία,
2651 4045 2793 4099 οὑτω
2823 4043 2889 4113 δὴ
2935 4041 3030 4095 καὶ
3062 4036 3294 4093 ἐνταῦθα

1722 4170 1874 4245 [549]
1924 4171 1990 4239 τῇ
2038 4167 2202 4238 τέχνῃ
2238 4163 2411 4234 ταύτῃ
2464 4159 2560 4213 καὶ
2607 4157 2711 4226 γῆς
2748 4153 2940 4209 κακία.
2986 4151 3081 4204 καὶ
3125 4146 3297 4217 φυτοῦ

1720 4279 2003 4345 δυσγένεια
2030 4273 2124 4325 καὶ
2156 4269 2418 4340 annqu
2447 4263 2775 4336 διορθοῦται.
2816 4260 2925 4313 Kal
2967 4258 3075 4327 7&9
3103 4256 3202 4308 ὅσα
3240 4255 3309 4305 ἐν.

1722 4383 1834 4442 τοῖς
1877 4377 2062 4450 ἡθεσίν
2113 4376 2228 4426 ἐστι
2275 4374 2389 4434 τοῖς
2440 4368 2822 4439 ἀνθρωπίνοις,
2867 4364 3171 4432 εὑρήσομεν
3204 4356 3309 4409 καλ·
3376 4432 3380 4437 Ι

1725 4489 1859 4543 ἐκεῖ.
1908 4481 2241 4555 τραχύτητα,
2278 4477 2647 4549 μαλακότητα,
2680 4471 2904 4530 δειλίαν,
2947 4465 3295 4535 προπέτειαν.

1725 4587 2036 4650 ἀστάθειαν,
2064 4583 2158 4636 καὶ
2190 4581 2257 4634 τὰ
2296 4580 2392 4650 μὲν
2417 4578 2596 4632 αὐτῶν
2627 4573 2843 4642 πλούτῳ
2876 4570 3129 4640 κομῶντα
3152 4565 3298 4619 ἀκαί

1730 4697 1835 4751 ρως
1867 4677 1961 4730 καὶ
1992 4674 2085 4727 ἐπὶ
2116 4670 2271 4741 κακῷ
2297 4670 2404 4723 τῶν
2438 4667 2688 4738 πλησίον,
2722 4664 2791 4718 τὰ
2816 4663 2873 4716 δέ
2906 4661 3176 4727 πενόμενα
3203 4657 3298 4708 καὶ

1730 4747 2073 4838 ἀδικούμενα·
2108 4758 2219 4817 οἷον
2245 4764 2371 4816 ὅταν
2392 4762 2441 4813 οί
2465 4757 2711 4831 φραγμοὶ
2736 4754 3013 4824 κομῶντες
3034 4751 3127 4803 ἐπὶ
3148 4747 3301 4815 κακῷ

1730 4862 1847 4916 τῶν.
1868 4860 2035 4928 ἐγγὺς
2056 4856 2238 4927 φυτῶν
2270 4854 2550 4924 αἴρωνται,
2580 4850 2707 4904 ὅταν
2732 4848 2894 4917 ἕτερα
2920 4842 3112 4914 δένδρα
3131 4841 3302 4907 ἀκαρσ

1732 4985 1810 5020 πα
1841 4965 1937 5027 καὶ
1966 4962 2219 5031 ἀνήμερα
2246 4960 2326 5021 είς
2366 4956 2499 5026 ῦψος
2528 4952 2909 5023 ἀναδραμόντα
2938 4948 3036 5019 τὴν
3075 4944 3301 5014 αὔξησιν

1732 5069 1840 5122 τῶν
1874 5065 2251 5135 ὑποκειμένων
2282 5060 2484 5131 κωλύῃ.
2532 5059 2644 5111 Kal
2685 5054 2935 5124 καθάπερ
2970 5054 3019 5105 οἱ
3047 5051 3302 5121 ἄρχοντες

1733 5177 1827 5230 καὶ
1856 5176 1903 5226 οἱ
1943 5170 2180 5241 βασιλεῖς
2219 5167 2399 5237 έχουσι
2427 5165 2551 5227 τοὺς
2580 5160 3005 5229 λυμαινομένους
3034 5157 3212 5208 αὑτων
3234 5156 3302 5223 τῇ
3330 5126 3351 5171 ς

1732 5277 1872 5346 ἀρχῇ
1911 5273 2004 5325 καὶ
2031 5266 2415 5337 πολεμοῦντας·
2459 5264 2726 5318 οὕτωκαὶ
2755 5265 2783 5314 ὁ
2822 5262 3059 5333 γηπόνος
3100 5258 3305 5329 θηρίων
3340 5281 3370 5329 ε

1732 5378 1939 5447 ἔφοδον,
1967 5374 2279 5445 ἀνωμαλίαν
2301 5372 2503 5443 ἀέρων,
2534 5368 2794 5441 χάλαζαν,
2826 5364 3109 5437 ἐρυσίϐην,
3132 5364 3310 5433 ἐπομ-
3351 5420 3373 5437 Γ

1736 5483 1913 5555 ὁρίας,
1949 5480 2211 5550 αὐχμοὺς,
2244 5479 2337 5533 καὶ
2373 5479 2473 5531 ὅσα
2494 5476 2740 5530 τοιαῦτα.
2768 5472 2955 5525 Ταῦτα
2984 5471 3040 5523 δέ
3070 5470 3315 5538 γίνεται,
3342 5470 3345 5473 ’

1734 5590 1840 5655 ἴνα,
1862 5589 1997 5658 πρὸς
2025 5586 2124 5657 τὴν
2149 5585 2241 5638 τοῦ
2279 5583 2414 5637 Θεοῦ
2452 5580 2713 5654 διηνεκῶς
2758 5580 2947 5632 ἐλπίδα
2976 5577 3201 5647 βλέπῃς.
3236 5574 3325 5633 Αιί

1737 5694 1976 5768 μὲνγὰρ
2009 5694 2161 5748 ἄλλαι
2205 5692 2388 5763 τέχναι
2419 5691 2512 5743 καὶ
2558 5689 2663 5743 ἀπὸ
2717 5688 2813 5754 τῆς
2856 5684 2964 5738 τῶν
3004 5679 3324 5752 ἀνθρώπων,
