3792 6306
453 321 554 372 509
1133 327 1194 382 S.
1231 326 1518 388 JOANNIS
1556 335 1986 394 CHRYSOSTOI

2085 339 2406 400 ARCHIEP.
2442 341 2996 403 CONSTANTINOP.
3557 355 3640 408 510

451 433 790 489 συνίστανται
824 441 1082 511 σπουδῆςο
1121 443 1258 516 αὕτη
1303 447 1360 500 δὲ
1391 451 1452 502 τὸ
1495 451 1655 508 πλέον
1683 457 1742 509 ἐν
1789 461 1855 530 τῇ
1911 459 2008 514 τοῦ

445 535 580 588 Ηεοῦ
605 538 745 608 ῥοπῇ
771 537 901 610 ἔχει,
935 542 1028 594 καὶ
1053 543 1147 614 ὅλη
1179 543 1351 600 διόλου
1379 550 1562 620 σχεδὸν
1593 555 1800 610 ἐκεῖθεν
1839 558 2010 630 ἤρτη-

443 651 554 686 ται’
585 637 677 688 καὶ
701 637 782 690 δεῖ
811 639 911 710 μὲν
947 641 1054 694 τῶν
1093 643 1298 698 ἄνωθεν
1326 647 1518 716 ὑετῶν,
1540 651 1699 707 δεῖδὲ
1729 657 1827 727 τῆς
1851 657 2009 728 ὡρῶν

443 734 712 806 κράσεως,
743 739 838 791 καὶ
864 738 971 810 πρὸ
995 741 1212 796 πάντων
1236 745 1338 816 τῆς
1363 747 1526 802 αὐτοῦ
1561 754 1836 822 προνοίας.
1859 758 2008 812 Οὔτε

439 833 549 904 γὰρ
579 837 614 889 ό
647 837 940 904 φυτεύων,
979 839 1118 894 οὔτε
1151 845 1184 895 d
1207 844 1456 908 ποτίζων
1479 849 1536 902 τι
1577 851 1770 918 ἐστιν,
1791 853 1932 909 ἀλλ’
1971 858 2006 911 ό

437 934 719 997 αὐξάνων
747 937 908 1002 Θεός.
940 939 1093 992 Ἔστι
1115 942 1209 995 καὶ
1229 942 1452 1012 Θάνατος
1478 947 1710 1003 ἐνταῦθα
1743 955 1835 1006 καὶ
1867 955 2002 1026 ζωὴ,

437 1032 534 1084 καὶ
557 1031 742 1096 ὠδῖνες
768 1035 859 1088 καὶ
889 1037 1060 1104 τόκοι,
1083 1039 1332 1114 καθάπερ
1360 1045 1446 1098 ἐπ’
1481 1047 1798 1119 ἀνθρώπων.
1843 1053 2002 1108 Ἔστι

435 1134 546 1204 γὰρ
571 1136 668 1188 καὶ
690 1137 1098 1210 ἀποτμηθῆναι,
1125 1143 1220 1196 καὶ
1247 1147 1458 1218 καρπὸν
1479 1149 1738 1219 ἐνεγκεῖν,
1758 1156 1852 1208 καὶ⁵
1876 1158 2004 1212 ἀπο-

433 1231 636 1302 θανεῖν,
661 1237 752 1289 καί⁵
773 1239 1026 1306 γενέσθαι
1050 1241 1112 1294 τὸ
1138 1244 1396 1314 τεθνηκὸς
1420 1247 1554 1302 αὐτὸ
1579 1251 1743 1306 πάλιν
1771 1254 1998 1311 ἄνωθεν*

432 1331 560 1385 ἔνθα
584 1335 678 1386 καὶ
715 1338 974 1401 ποικίλως
1003 1341 1134 1410 ήμῖν
1164 1343 1258 1396 καὶ
1289 1345 1475 1414 σαφῶς
1502 1347 1810 1420 διαλέγεται
1869 1361 2000 1428 περὶ¹

2117 477 2260 514 στον·
2287 461 2404 516 οὐδὲ
2439 461 2514 522 ὡς
2551 461 2644 514 ἐπὶ
2671 461 2826 528 δόξαν
2848 462 3196 534 ἀνθρωπίνην
3251 465 3340 516 καὶ
3369 464 3538 518 ἄνεσιν
3581 471 3641 520 οἰ-

2114 559 2286 622 κείαν,
2319 560 2432 614 ἀλλ’
2465 559 2540 622 ὡς
2603 562 2682 624 εἰς
2736 561 2930 624 πόνους
2961 563 3052 614 καὶ
3087 563 3314 632 ἱδρῶτας
3340 563 3434 616 καὶ
3461 565 3516 616 τὸ
3556 567 3640 620 τῶν

2113 658 2318 712 πολλῶν
2349 659 2650 732 συμφέρον,
2677 638 2854 724 οὕτως.
2885 662 2980 713 ἐπὶ
3005 659 3103 732 τὴν
3131 661 3303 732 ἀρχὴν
3332 663 3516 728 ἄγεται
3537 665 3642 718 ταὺ-

2109 773 2208 828 την
2237 761 2266 812 ὁ
2294 759 2710 830 χειροτονηθείς.
2758 760 2848 812 Διὸ
2894 761 2990 814 καὶ
3037 761 3234 832 πολλῆς
3264 763 3518 816 ἀπολαύει
3561 765 3639 834 τῆς

2107 857 2312 910 ἄνωθεν
2338 857 2591 928 βοηθείας
2619 860 2770 930 παρά
2803 860 2896 914 τοῦ
2915 861 3246 932 Πνεύματος.
3267 865 3444 916 Κάκεῖ
3463 865 3552 935 μὲν
3567 867 3640 937 μί-

2107 971 2196 1024 χρι
2226 956 2318 1008 τοῦ
2348 955 2694 1027 διαγορεῦσαι
2753 957 2821 1012 τὰ
2879 961 3128 1030 πρακτέα
3179 961 3340 1030 μόνον
3377 961 3638 1036 ἔστηκενή

2104 1055 2269 1128 ἀρχή·
2297 1056 2528 1111 ἐνταῦθα
2555 1057 2612 1111 δέ
2634 1059 2727 1112 καὶ
2757 1060 2857 1130 τὴν
2887 1060 2995 1113 ἀπδ
3041 1059 3148 1114 τῶν
3172 1061 3370 1132 εὐχῶν,
3427 1064 3515 1115 καὶ
3560 1063 3640 1132 τὴν

2103 1153 2211 1206 ἀπὸ
2247 1157 2346 1224 τῆς
2375 1155 2594 1228 χάριτος
2631 1159 2957 1230 προστίθησι
3007 1161 3346 1240 σθμμαχίαν.
3377 1161 3639 1216 Μᾶλλονᾶ

2102 1249 2220 1306 ἐκεῖ
2251 1254 2350 1321 μὲν
2377 1254 2496 1308 οὐδὲ
2522 1255 2676 1323 λόγος
2693 1257 2832 1328 ὑπὲρ
2862 1257 3176 1326 φιλοσοφίας
3199 1257 3396 1325 οὐδεὶς,
3425 1259 3536 1312 οὐδὲ
3563 1259 3640 1312 κά-

2102 1348 2262 1418 θηταί
2286 1367 2370 1414 τις
2393 1351 2660 1406 διδάσκων
2687 1355 2741 1410 τί
2761 1355 2929 1426 ψυχὴ,
2963 1355 3059 1408 καὶ
3081 1355 3136 1408 τί
3164 1373 3293 1408 ποτε
3324 1357 3541 1428 κόσμος,
3565 1359 3640 1411 καὶ

1981 1497 1996 1523 ,
2098 1449 2153 1504 τί
2185 1451 2452 1520 μέλλομεν
2479 1449 2618 1508 εἶναι
2677 1457 2812 1526 μετά
2871 1455 3066 1521 ταῦτα,
3129 1456 3224 1510 καὶ
3255 1457 3348 1510 ἐπὶ
3375 1457 3514 1509 τίσιν
3552 1459 3638 1510 ἀπ-

1850 1557 1994 1626 ὲστις
2098 1547 2430 1618 ελευσόμεθα
2457 1551 2729 1618 ἐντεῦθεν,
2761 1554 2856 1608 καὶ
2881 1555 3000 1618 πῶς
3025 1555 3225 1626 ἀρετῆς
3279 1557 3638 1626 περιεσόμεθα,

426 1824 656 1884 ικαστον
681 1830 906 1896 ἐπεξίοι.
949 1833 1094 1888 Ἀλλ’
1125 1837 1262 1912 ὅπερ
1307 1841 1612 1914 ἐϐουλόμην
1665 1849 1860 1918 εἰπεῖν,
1911 1855 1995 1908 ὅτι

425 1926 563 1998 αὕτη
591 1929 692 1998 μὲν
711 1933 842 2002 περὶ
860 1935 962 2004 γῆν
991 1937 1107 1990 ἐστι
1131 1940 1227 1992 καὶ
1254 1943 1416 2010 φυτὰ,
1449 1947 1482 2017 ἡ
1516 1946 1572 2000 δέ
1601 1951 1844 2024 ἡμετέρα
1865 1958 1996 2028 περὶ

423 2026 612 2100 ψυχῶν
641 2029 958 2104 θεραπείαν.
984 2035 1148 2094 Ὅσον
1191 2039 1246 2100 δὲ
1273 2043 1456 2110 φυτῶν
1477 2049 1572 2102 καὶ
1603 2050 1789 2122 ψυχῶν
1815 2055 1876 2108 τδ
1899 2026 1994 2126 μέ·-

423 2146 539 2194 σον,
563 2133 818 2188 τοσοῦτον
869 2134 1004 2208 αὕτη
1044 2139 1270 2209 βελτίων
1293 2145 1530 2219 ἐκείνης.
1557 2145 1716 2207 οί“δὲ
1748 2155 1842 2208 τοῦ
1875 2156 1990 2226 βίου

421 2229 518 2286 τοῦ
546 2233 812 2305 παρόντος
838 2235 1117 2307 ἄρχοντες,
1143 2241 1396 2296 τοσοῦτον
1419 2246 1588 2318 αὐτῆς
1615 2249 1868 2318 ἐλάττους
1895 2257 1992 2310 πάι

420 2328 523 2390 λιν.
559 2332 682 2386 ὅσον
737 2334 799 2386 τὸ
836 2335 1052 2402 ἑκόντος
1095 2338 1188 2392 τοῦ
1245 2341 1468 2408 ἄκοντος
1509 2353 1732 2417 κρατεῖν
1759 2351 1986 2422 βέλτιον.

419 2432 566 2504 Αὕτη
600 2434 710 2506 γάρ
739 2436 856 2490 ἐστι
889 2437 982 2490 καὶ
1014 2440 1047 2509 η
1083 2440 1241 2510 φύσει
1284 2445 1448 2518 ἀρχή.
1495 2449 1642 2504 Ἐκεῖ
1669 2453 1770 2522 μὲν
1797 2456 1906 2530 γάρ
1929 2458 1990 2514 τὺ

419 2533 529 2586 πᾶν
551 2531 628 2604 τῷ
663 2534 814 2607 φόϐῳ
834 2536 1041 2606 γίνεται
1065 2541 1159 2595 καὶ
1189 2546 1255 2616 τῇ
1284 2545 1518 2621 ἀνάγκη·
1557 2552 1790 2608 ἐνταῦθα
1809 2557 1866 2610 δὲ
1887 2561 1990 2631 τῆς

417 2635 791 2706 προαιρέσεως
813 2638 908 2692 καὶ
936 2639 1035 2709 τῆς
1053 2641 1276 2716 γνώμης
1293 2647 1412 2702 ἐστὶ
1435 2653 1786 2728 κατόρθωμα.
1799 2661 1910 2715 Καὶ
1923 2662 1986 2716 οὐ

417 2727 586 2802 ταύτῃ
613 2730 772 2800 μόνον
799 2733 937 2806 αὕτη
963 2735 1186 2806 βελτίων
1207 2743 1444 2816 ἐκείνης,
1471 2747 1587 2801 ἀλλ’
1611 2751 1692 2805 ὅτι
1718 2755 1818 2809 οὐκ
1843 2759 1984 2836 ἀρχὴ

416 2827 578 2902 μόνον
609 2829 776 2898 ἐστὶν,
811 2830 948 2888 ἀλλά
979 2835 1072 2888 καὶ
1095 2839 1390 2911 πατρότης,
1407 2843 1481 2906 ὡς
1509 2843 1571 2899 ἄν
1594 2865 1678 2913 τις
1701 2852 1863 2908 εἴποι·

413 2930 520 3002 γὰρ
549 2933 754 3004 πατρὸς
775 2933 889 3006 ἔχει
917 2936 978 2990 τὸ
997 2938 1222 3016 ἥμερον,
1241 2944 1336 2997 καὶ
1366 2946 1588 3016 μείζονα
1619 2955 1984 3016 ἐπιτάττουσα

412 3029 608 3088 πείθει.
641 3031 698 3086 Ὀ
726 3034 825 3105 μὲν
845 3035 955 3108 γὰρ
981 3037 1178 3106 ἔξωθεν
1203 3041 1385 3114 ἅρχων
1412 3050 1596 3118 φησὶν,
1615 3051 1740 3107 Ἐἀν
1767 3059 1983 3130 μοιχεύ-

410 3145 534 3202 σῃς,
567 3133 856 3201 ἀπέθανεςε
893 3132 1044 3202 οὗτος
1076 3141 1134 3194 δέ
1193 3143 1297 3196 κᾶν
1325 3145 1644 3216 ἀκολάστοις
1679 3155 1978 3230 ὀφθαλμοῖς

409 3231 548 3304 ἴδῃς,
576 3235 644 3288 τὰ
675 3237 905 3307 μέγιστα
932 3241 1164 3300 ἀπειλεῖ.
1193 3247 1306 3301 Καὶ
1337 3250 1444 3325 γὰρ
1473 3256 1668 3326 σεμνὸν
1705 3257 1862 3314 τοῦτο
1917 3263 1979 3316 τδ

409 3327 778 3404 δικαστήριον,
803 3339 896 3392 καὶ
919 3339 1116 3415 ψυχῆς.
1143 3346 1262 3416 οὐχὶ
1292 3347 1542 3420 σώματος
1576 3355 1734 3424 μόνον
1755 3359 1979 3431 διορθω-

407 3430 582 3486 τικόν.

480 3531 544 3578 ε’.
577 3527 741 3600 ξὈσον
755 3526 848 3584 οὖν
863 3531 1042 3606 ψυχῆς
1060 3539 1152 3592 καὶ
1173 3539 1422 3612 σώματος
1439 3547 1500 3600 τὸ
1513 3549 1698 3618 μέσον,
1719 3556 1976 3612 τοσοῦτον

409 3625 571 3680 πάλιν
606 3627 742 3700 αὕτη
766 3629 1045 3704 διέστηκεν
1077 3639 1292 3712 ἐκείνης
1316 3645 1348 3714 ἡ
1395 3647 1561 3720 ἀρχή.
1585 3651 1850 3719 Κάκεῖνος
1879 3659 1976 3728 μὲν

407 3725 516 3779 τῶν
545 3730 788 3800 φανερῶν
816 3734 1050 3806 κάθηται
1069 3743 1284 3814 κριτής·
1321 3745 1520 3814 μᾶλλον
1549 3749 1606 3805 δέ
1627 3753 1747 3808 οὐδὲ
1773 3725 1976 3813 τούτων

407 3825 563 3900 I550]
595 3829 868 3900 ἁπάντων,
891 3836 1029 3891 ἀλλά
1056 3839 1166 3893 τῶν
1197 3843 1592 3916 ἐλεγχομένων·
1634 3853 1890 3922 πολλάκις
1917 3859 1974 3913 δὲ

407 3929 504 3986 καὶ
529 3929 736 4010 τούτων
770 3936 1035 4009 προδότης
1067 3942 1297 4010 γίνεται·
1327 3949 1390 4001 τὸ
1422 3949 1480 4003 δὲ
1509 3957 1787 4027 κριτήριον
1818 3960 1976 4018 τοῦτο

405 4027 652 4082 παιδεύει
671 4032 797 4096 τοὺς
811 4034 1096 4104 είσιόντας,
1113 4041 1193 4096 ὅτι
1211 4045 1242 4096 ό
1257 4049 1386 4116 παρ’
1408 4050 1538 4120 ἡμῖν
1557 4051 1813 4125 δικάζων,
1833 4059 1941 4114 πάν
1953 4091 1975 4106 -

405 4141 476 4184 τα
495 4129 676 4198 γυμνά
701 4131 794 4184 καὶ
817 4139 1286 4210 τετραχηλισμένα
1305 4148 1386 4210 είς
1423 4149 1586 4219 μέσον
1618 4153 1735 4220 ἄξει
1761 4158 1853 4212 ἐπὶ
1877 4161 1970 4216 τοῦ

404 4227 585 4282 κοινοῦ
606 4229 705 4300 τῆς
734 4233 1056 4310 οἰκουμένης
1079 4241 1328 4316 θεάτρου,
1351 4250 1446 4304 καὶ
1465 4249 1645 4308 λαθεῖν
1667 4258 1966 4329 ἀμήχανον.

403 4324 566 4380 ’Ὥστε
601 4331 780 4404 πολλῷ
813 4335 1012 4410 μᾶλλον
1041 4340 1149 4396 τῶν
1178 4343 1374 4410 ἐξωθεν
1406 4350 1584 4421 νόμων
1615 4354 1644 4406 ὁ
1673 4324 1970 4426 χριστιανι-

402 4427 538 4498 σμὸς
563 4431 654 4484 τὸν
681 4434 948 4506 ἡμέτερον
980 4440 1192 4512 συνέχει
1223 4445 1356 4516 βίον.
1397 4448 1460 4502 Et
1491 4452 1598 4524 γὰρ
1633 4455 1729 4508 καὶ
1755 4457 1816 4510 τὸ
1843 4461 1972 4532 περὶ

397 4528 506 4583 τῶν
539 4537 936 4608 κεκρυμμένων
964 4540 1184 4613 τρέμειν
1198 4547 1293 4597 τοῦ
1314 4549 1569 4620 περὶτῶν
1596 4557 1846 4628 φανερῶν
1873 4528 1972 4630 μό-

395 4645 488 4690 νον
508 4632 798 4692 δεδοικέναι
819 4640 1224 4716 ἀσφαλέστερον
1255 4651 1399 4704 ποιεῖ
1426 4649 1516 4704 τὸν
1549 4653 1856 4729 ἄνθρωπον,
1876 4664 1972 4717 καὶ

395 4730 490 4784 τοῦ
520 4733 586 4786 τὰ
617 4735 788 4804 μείζω
813 4740 1065 4806 κολάζειν
1091 4745 1153 4798 τὸ
1181 4746 1274 4804 καὶ
1305 4748 1416 4802 τῶν
1465 4751 1768 4811 ἐλαττόνων
1795 4761 1966 4816 ἀπαιη

393 4837 510 4888 τεῖν
543 4839 770 4907 εὐθύνας
804 4848 1006 4916 μᾶλλον
1039 4853 1202 4908 αὐτὸν
1225 4855 1529 4928 διανίστησι
1555 4859 1694 4930 πρὸς
1747 4865 1970 4938 ἀρετήν·

397 4937 616 5009 εὔδηλον
641 4945 728 4998 ὅτι
749 4949 966 5004 πάντων
992 4953 1229 5024 μάλιστα
1272 4959 1409 5032 αὕτη
1442 4963 1479 5034 ἡ
1513 4964 1656 5036 ἁρχὴ
1693 4966 1794 5036 τὴν
1828 4970 1972 5039 ἠμε-

393 5039 562 5108 τέραν
597 5055 886 5119 συγκροτεῖ
907 5053 1074 5125 ζωήν.
1107 5059 1171 5112 Εἰ
1197 5059 1252 5113 δὲ
1281 5060 1480 5130 βούλει,
1542 5067 1636 5122 καὶ
1663 5069 1763 5134 τὰς
1793 5089 1974 5145 χειρο·

393 5141 578 5206 τονίας
599 5144 706 5196 τῶν
731 5148 1006 5220 ἀρχόντων
1037 5156 1255 5230 ἴδωμεν*
1301 5163 1396 5217 καὶ
1423 5165 1538 5238 γὰρ
1565 5141 1803 5225 ἐνταῦθα
1816 5141 1968 5228 πολὺ

397 5243 460 5298 τὸ
484 5246 649 5315 μέσον
679 5251 824 5322 ὕψει.
857 5259 930 5310 Οὐ
960 5261 1068 5330 γὰρ
1106 5266 1365 5336 χρήματα
1421 5269 1606 5336 δόντας
1633 5273 1750 5330 ἐστι
1786 5276 1972 5332 λαϐεῖν

398 5353 500 5426 τὴν
524 5359 695 5433 ἀρχὴν
719 5365 940 5437 ταύτην,
975 5371 1109 5427 ἀλλά
1139 5378 1338 5447 τρόπον
1369 5379 1774 5452 ἐπιδειξάμενον
1794 5388 1824 5429 δ
1857 5389 1974 5461 ἄρι-

463 5577 488 5639 2
517 5565 798 5639 Legehptqr
815 5572 992 5639 ταύτην
1015 5577 1163 5639 παρά.

467 5627 724 5714 δὶιηὲῖιιέίίε
746 5627 1006 5714 Savili‘qn'is
1026 5627 1262 5714 lD'unafug
1292 5643 1396 5714 νμιι
1433 5644 1533 5708 legi
1579 5647 1964 5714 ἐπιδειξαμένους.

399 5689 470 5746 Δὶ
491 5691 832 5760 ἐπιδειξάμενον
855 5701 1002 5750 etiam
1026 5699 1156 5752 bene
1183 5689 1350 5758 habet.

2097 1646 2232 1702 ἀλλά
2267 1649 2394 1721 περὶ
2424 1651 2522 1721 μέν
2577 1652 3036 1723 συναλλαγμάτων
3065 1654 3160 1708 καὶ
3211 1655 3546 1726 συμϐολαίων
3565 1657 3642 1714 κά

1983 1751 1996 1772 '
2096 1765 2200 1818 χρη
2210 1749 2393 1818 μάτων
2423 1751 2590 1816 πολὺς
2611 1755 2640 1808 ὁ
2657 1754 2834 1822 λόγος,
2861 1755 3068 1808 τούτων
3085 1755 3143 1810 δέ
3167 1756 3398 1826 οὐδεμία
3429 1757 3638 1828 9901M;-

2095 1851 2154 1904 ἐν
2178 1851 2236 1904 δέ
2273 1855 2339 1922 τῇ
2379 1853 2678 1926 Ἐκκλησία
2703 1855 2912 1919 πάντας
2939 1857 3082 1925 ὑπὲρ
3099 1855 3304 1910 τούτων
3327 1857 3458 1920 τοὺς
3481 1857 3642 1926 λόγως

2097 1945 2194 2000 ἴδοι
2229 1965 2314 2012 τις
2336 1948 2402 2006 ἂν
2425 1951 2762 2022 γινομένους·
2795 1951 2874 2006 διδ
2905 1953 3000 2004 καὶ
3025 1951 3246 2016 δικαίως
3279 1953 3463 2008 πάντα
3491 1954 3550 2008 ἂν
3572 1969 3642 2016 τις

2095 2043 2264 2117 αὐτὴν
2295 2046 2563 2112 καλέσειε,
2594 2051 2690 2102 καὶ
2717 2047 3093 2118 δικαστήριον,
3133 2050 3227 2103 καὶ
3261 2051 3519 2120 ἰατρεῖον,
3563 2053 3640 2104 καὶ

2093 2148 2410 2220 φιλοσοφίας
2439 2150 2828 2216 διδασκαλεῖον,
2877 2151 2971 2203 καὶ
3019 2149 3196 2220 ψυχῆς
3254 2153 3640 2223 παιδευτήριον,

2091 2251 2189 2306 καὶ
2207 2252 2508 2320 γυμνάσιον
2542 2252 2756 2322 δρόμων
2811 2252 2920 2306 τῶν
2967 2253 3048 2316 είς
3075 2254 3337 2324 οὐρανοὺς
3371 2257 3638 2324 φερόντων.

2099 2355 2226 2409 Ὅτι
2256 2356 2314 2408 δέ
2341 2355 2436 2409 καὶ
2476 2357 2804 2428 ήμερωτάτη
2860 2359 3047 2412 πασῶν
3074 2361 3110 2430 ἠ
3132 2359 3293 2430 ἀρχὴ,
3338 2359 3518 2414 καίτοι
3543 2359 3642 2430 μεί-

2090 2459 2218 2524 ζονα
2243 2460 2528 2530 ἀκρίϐειαν
2583 2462 2908 2528 ἀπαιτοῦσα,
2960 2463 3118 2534 δῆλον
3153 2463 3429 2517 ἐντεῦθεν.
3471 2463 3528 2519 '0
3557 2462 3640 2534 μὲν

2087 2563 2197 2635 γὰρ
2219 2563 2418 2632 ἔξωθεν
2445 2565 2649 2636 ἄρχων,
2677 2566 2748 2620 ἂν
2768 2566 2909 2640 λάϐῃ
2942 2569 3150 2638 μοιχὸν,
3176 2569 3384 2634 εὐθέως
3417 2571 3636 2624 ἐκόλασε.

2087 2669 2276 2724 Καίτοι
2307 2669 2360 2722 τί
2383 2670 2443 2724 τὺ
2480 2670 2699 2742 κέρδος;
2731 2671 2890 2726 τοῦτο
2923 2675 3034 2744 γὰρ
3075 2675 3195 2746 οὐχὶ
3227 2675 3290 2730 τὸ
3309 2675 3485 2740 πάθος
3511 2677 3637 2728 ἐπὶν

2085 2773 2314 2840 ἀνελεῖν,
2371 2775 2506 2830 ἀλλά
2533 2778 2597 2830 τὸ
2629 2778 2851 2850 τραῦμα
2903 2777 3132 2849 ἔχουσαν
3191 2779 3516 2852 ἀποπέμψαι
3553 2780 3638 2851 τὴν

2083 2874 2281 2949 ψυχήν.
2321 2879 2382 2932 '0
2403 2879 2460 2932 δὲ
2491 2879 2724 2940 ἐνταῦθα
2747 2881 2931 2951 ἄρχων
2959 2881 3156 2953 εὑρὼν,
3181 2885 3283 2954 οὐχ
3308 2884 3460 2947 ὅπως
3481 2901 3632 2952 τιμω-

2086 2987 2339 3056 ρήσηται,
2373 2983 2491 3038 ἀλλ’
2513 2985 2662 3050 ὅπως
2692 2985 2848 3056 ἐξέλῃ
2867 2986 2928 3039 τὸ
2953 2986 3142 3054 πάθος,
3175 2987 3422 3043 σπεύδει.
3453 2989 3522 3042 Σὺ
3551 2987 3635 3058 μὲν

2081 3087 2192 3160 γὰρ
2241 3089 2434 3143 ταύτὸν
2479 3061 2674 3154 ποιεῖς,
2715 3089 2904 3160 ὥσπερ
2965 3090 3062 3156 ἀν,
3099 3093 3228 3162 περὶ
3279 3095 3384 3164 τὴν
3415 3093 3634 3163 κεφαλὴν

2081 3195 2386 3266 νοσήματος
2410 3195 2724 3264 γενομένου,
2755 3194 2832 3266 μὴ
2867 3195 2930 3249 τὸ
2956 3197 3168 3267 νόσημα
3220 3199 3464 3272 παύσῃς,
3519 3199 3632 3253 ἀλλά

2079 3297 2178 3368 τὴν
2203 3297 2443 3368 κεφαλὴν
2473 3297 2790 3368 ἀποτέμοις·
2819 3297 2930 3365 ἐγὼ
2969 3299 3024 3351 δὲ
3056 3299 3156 3370 οὐχ
3183 3299 3384 3368 οὕτως,
3413 3302 3544 3356 ἀλλά
3584 3302 3634 3354 τὸ

2078 3396 2292 3466 νόσημα
2323 3397 2634 3466 ἀποτέμνω-
2673 3399 2768 3452 καὶ
2797 3385 2970 3469 είργω
2999 3401 3098 3470 μὲν
3141 3401 3306 3454 αὐτὸν
3341 3407 3634 3476 μυστηρίων

2078 3501 2172 3556 καὶ
2191 3501 2351 3572 ἱερῶν
2385 3502 2708 3573 περιϐόλων,
2745 3505 3190 3576 ἀναστησάμενος
3238 3507 3297 3562 δὲ
3330 3508 3516 3572 αὐτὸν,
3554 3508 3632 3562 καὶ

2077 3604 2458 3672 ἀπαλλαγέντα
2506 3607 2606 3674 τῆς
2637 3605 2855 3670 κακίας,
2887 3607 2983 3660 καὶ
3035 3607 3242 3676 ἀμείνω
3291 3612 3362 3680 τῇ
3399 3609 3636 3680 μετανοίᾳ

2076 3711 2366 3782 γενόμενον
2391 3708 2756 3780 ἀναλαμϐάνω
2785 3709 2966 3764 πάλιν.
2997 3711 3106 3764 Καὶ
3133 3711 3248 3774 πῶς
3275 3713 3426 3768 ἔστιν
3455 3715 3631 3778 ἐξελεῖν

2085 3813 2368 3883 μοιχείαν;
2399 3814 2580 3884 φησίν,
2625 3817 2804 3882 Ἔστι,
2853 3817 2949 3870 καὶ
2981 3817 3186 3887 σφόδρα
3213 3818 3364 3874 ἔστιν
3407 3823 3510 3874 ὑπὸ
3536 3823 3631 3880 τοῖς

2081 3916 2233 3992 [551]
2264 3920 2447 3989 νόμοις
2467 3899 2756 3991 γενόμενον
2784 3921 3014 3985 τούτοις.
3057 3923 3346 3977 Βαλανείον
3368 3927 3476 3997 γάρ
3506 3927 3633 3978 ἐστιν

2076 4025 2112 4098 ὴ
2159 4024 2452 4096 Ἐκκλησία
2484 4028 2870 4096 πνευματικὸν,
2907 4028 2970 4081 οὐ
3000 4029 3168 4099 ῥύπον
3199 4029 3478 4100 σώματος,
3515 4031 3630 4085 ἀλλὰ

2074 4126 2254 4198 ψυχῆς
2281 4129 2599 4200 ἀποσμῆχον
2628 4129 2818 4201 κηλῖδα
2845 4133 2956 4196 τοῖς
2985 4133 3196 4197 πολλοῖς
3223 4135 3327 4206 τῆς
3363 4137 3630 4208 μετανοίας

2072 4231 2402 4302 τρόποις.Σὺ
2431 4234 2531 4304 μὲν
2553 4236 2662 4307 γὰρ
2681 4235 2747 4290 ἀν
2771 4253 2829 4288 τε
2863 4238 3006 4310 ἀφῇς
3039 4239 3412 4312 ἀτιμώρητον,
3437 4243 3634 4315 χείρονα

2073 4338 2334 4409 εἰργάσω·
2365 4340 2430 4394 ἄν
2462 4358 2522 4402 τε
2547 4342 2806 4414 κολάσῃς,
2829 4344 3049 4400 ἀνίατον
3069 4347 3278 4410 εἴασαςο
3315 4349 3432 4418 ἐγὼ
3451 4349 3505 4402 δὲ
3519 4347 3629 4402 οὔτε

2071 4441 2276 4516 ἀφίημι
2307 4443 2676 4515 ἀτιμώρητον,
2707 4445 2830 4499 οὔτε
2861 4447 3098 4512 κολάζω,
3130 4449 3206 4512 ὡς
3239 4450 3328 4514 σὺ,
3377 4451 3511 4506 ἀλλά
3547 4451 3628 4506 καὶ

2071 4546 2226 4618 δίκην
2255 4549 2474 4603 ἀπαιτῶ
2499 4551 2598 4622 τὴν
2613 4552 2738 4622 ἐμοὶ
2767 4553 3102 4624 πρέπουσαν,
3125 4555 3218 4608 καὶ
3237 4556 3555 4628 διορθοῦμαι
3578 4557 3630 4610 τὺ

2073 4654 2455 4725 γεγενημένον,
2497 4655 2684 4709 Βούλει
2713 4657 2805 4710 καὶ
2827 4656 3028 4728 ἑτέρως
3060 4657 3268 4729 μαθεῖν,
3299 4659 3422 4724 πῶς
3459 4664 3521 4714 σὺ
3543 4659 3630 4730 μὲν

2075 4759 2202 4830 ξίφη
2232 4760 2476 4831 γυμνῶν,
2518 4761 2614 4815 καὶ
2639 4761 2812 4831 φλόγα
2845 4763 3058 4827 δεικνὺς
3081 4766 3196 4827 τοῖς
3217 4765 3628 4838 ἁμαρτάνουσιν,

2073 4863 2134 4917 οὐ
2169 4863 2368 4935 πολλὴν
2385 4865 2594 4938 ἐργάζῃ
2617 4865 2718 4937 τὴν
2755 4867 3016 4938 ἰατρείαν,
3035 4866 3146 4936 ἐγὼ
3172 4867 3230 4922 δέ
3253 4870 3462 4924 τούτων
3479 4869 3626 4940 χωρὶς

2063 4969 2216 5042 -πρδς
2235 4970 2479 5042 καθαρὰν
2517 4973 2933 5044 ἐχειραγώγησα
2964 4975 3063 5042 τὴν
3103 4975 3346 5044 ὑγίειαν;
3387 4977 3463 5029 Οὐ
3486 4973 3626 5028 δεῖδὲ

2061 5091 2172 5145 -μοι
2203 5075 2377 5144 λόγων
2403 5075 2522 5130 οὐδὲ
2557 5077 2839 5149 ῥημάτων,
2869 5079 3004 5134 ἀλλὰ
3029 5081 3134 5151 γῆν
3158 5081 3250 5134 καὶ
3273 5080 3540 5138 θάλατταν
3557 5079 3624 5139 είς

2063 5181 2242 5251 μέσον
2269 5181 2407 5250 ἄγω,
2430 5183 2524 5236 καὶ
2551 5184 2726 5252 αὐτὴν
2747 5183 2856 5238 τῶν
2877 5184 3178 5255 ἀνθρώπων
3201 5185 3298 5256 τὴν
3331 5185 3514 5254 φύσιν.
3529 5180 3624 5236 Καὶ

2075 5285 2347 5350 ἐξέτασον,
2381 5287 2565 5357 πρὶνῆ
2597 5287 2660 5340 τὸ
2695 5288 3043 5359 δικαστήριον
3071 5289 3227 5344 τοῦτο
3249 5289 3490 5354 καθίσαι,
3523 5287 3622 5348 πῶς

2072 5389 2142 5444 τὰ
2168 5365 2482 5462 ἀνθρώπινα
2520 5392 2748 5446 διέκειτο
2779 5394 3100 5463 πράγματα,
3155 5393 3272 5456 πῶς
3317 5393 3472 5446 οὐδὲν
3525 5389 3622 5443 τῶν

2073 5493 2168 5548 νῦν
2189 5495 2646 5567 κατορθωθέντων
2665 5496 2783 5550 οὑδὲ
2813 5497 3003 5568 μέχρις
3033 5496 3291 5568 ὀνόματος
3313 5491 3386 5568 ἧν
3411 5493 3620 5551 ἀκοῦσαί

2071 5615 2222 5656 ποτε.
2255 5601 2298 5653 Τ
2305 5601 2350 5664 ίς
2377 5602 2484 5673 γὰρ
2509 5603 2736 5656 θανάτου
2781 5603 3185 5673 κατετόλμησες
3235 5602 3316 5665 τίς
3339 5601 3618 5673 χρημάτων

2071 5705 2469 5782 κατεφρόνησε;
2499 5707 2581 5772 τίς
2599 5707 2756 5778 δόξης
2789 5707 3036 5778 ὑπερεῖδε
3057 5725 3072 5774 ;
3097 5708 3180 5771 τίς
3211 5707 3336 5772 τοὺς
3371 5710 3430 5764 ἐν
3489 5705 3620 5778 μέσῳ
