3792 6390
68 494 149 552 509

70 605 327 676 inlrugitere
355 599 469 653 alite
511 596 734 653 arbores
768 601 827 649 et
866 590 1107 661 agrestes
1149 588 1203 644 in
1233 586 1399 640 altum
1425 582 1577 676 eiut—te

65 674 366 767 subjectarum
409 690 664 745 arborum
706 687 1095 741 incrementum
1146 676 1463 747 impediunt.
1514 674 1580 728 Et

67 795 174 848 sicut
208 784 422 857 praefecti
464 796 529 836 ac
556 792 710 848 reges
738 777 937 831 habent
962 774 1052 843 qui
1087 771 1372 840 imperium
1424 780 1583 857 suum

66 855 341 938 labefactent
368 884 525 942 atque
572 873 915 939 Oppugnent:
946 866 1017 918 ita
1042 863 1204 917 etiam
1247 856 1479 929 agricola
1507 855 1587 909 fe-

68 990 213 1031 rarum
239 971 489 1031 incursus,
520 964 662 1020 aeris
702 959 1092 1029 intemperiem,
1123 953 1460 1024 grandinem,
1491 964 1584 1003 ru-

65 1068 252 1137 biginenl
271 1102 284 1128 ,
305 1061 545 1121 imbrem,
564 1055 854 1110 siccitatem
875 1049 1079 1120 aliaque
1098 1045 1336 1117 ejusdem
1352 1040 1583 1144 generis.

63 1132 168 1227 Quae
188 1155 386 1226 quidem
414 1167 482 1206 eo
518 1148 683 1213 ﬁunt,
721 1153 778 1199 ut
817 1150 1074 1214 perpetuo
1115 1150 1239 1209 spes
1264 1145 1351 1191 tua
1381 1134 1435 1189 in
1476 1132 1587 1186 Deo

63 1252 144 1303 sita
168 1247 245 1301 sit.
269 1242 393 1299 Nam
420 1248 631 1295 cetera:
654 1235 869 1306 quidem
905 1240 1049 1286 artes
1074 1227 1350 1283 hominum
1376 1235 1588 1292 quoque

61 1338 207 1394 studio
228 1350 285 1389 ac
310 1330 558 1405 przesidio
587 1342 705 1383 sese
752 1332 1005 1386 tuentur;
1039 1321 1153 1375 haec
1178 1332 1304 1374 vero
1331 1313 1589 1415 ubertatis

62 1448 184 1503 spem
211 1441 389 1497 magna
416 1440 481 1479 ex
514 1430 667 1492 parte
694 1419 747 1474 in
776 1417 873 1473 Dei
904 1430 1007 1484 ope
1036 1421 1196 1482 atque
1220 1408 1418 1503 auxilio
1443 1408 1589 1474 posi-

59 1498 145 1579 tam
186 1520 369 1583 habet,
400 1524 617 1584 totaque
665 1525 798 1582 pene
844 1507 1061 1563 omnino
1110 1503 1234 1558 hinc
1281 1498 1592 1571 pendetzat

64 1612 238 1667 tametsi
267 1607 465 1679 pluvias
508 1605 692 1667 etiam,
745 1598 1077 1669 partiumque
1124 1592 1250 1648 anui
1276 1589 1591 1660 temperiem

58 1704 305 1763 desideret,
329 1697 660 1769 potissimum
684 1703 862 1747 tamen
885 1689 979 1744 Dei
1008 1684 1391 1757 providentiam
1413 1680 1591 1752 requi-

56 1799 129 1850 rit.
157 1793 316 1862 Neque
333 1791 477 1846 enim
502 1789 588 1855 qui
624 1784 856 1857 plantat,
880 1790 966 1835 aut
988 1781 1075 1850 qui
1102 1779 1234 1848 rigat
1262 1784 1336 1830 est
1361 1773 1555 1843 aliquid
1575 1811 1591 1838 ,

53 1888 124 1940 sed
145 1886 221 1955 qui
249 1885 611 1937 incrementum
635 1879 722 1931 dat
745 1918 762 1943 ,
797 1874 932 1929 Deus
962 1874 982 1944 (
1008 1874 1061 1927 1.
1093 1869 1213 1926 Cor.
1245 1869 1301 1923 5.
1334 1868 1365 1921 7
1386 1868 1427 1937 ).
1455 1864 1592 1933 Quin

56 1977 126 2030 hic
147 1989 349 2046 quoque
378 1981 435 2028 et
477 1985 625 2026 mors
671 1977 725 2022 et
766 1967 875 2020 vita
904 1972 988 2018 est
1010 2004 1026 2029 ,
1058 1970 1113 2016 et
1156 1957 1517 2030 parturigines
1542 1962 1598 2011 et

53 2079 228 2137 partus,
259 2065 390 2119 utin
422 2059 749 2115 hominibus.
790 2055 926 2111 Nam
950 2062 1007 2108 et
1030 2049 1270 2108 exscindi
1298 2046 1593 2118 contingit,

53 2171 97 2212 et
122 2158 329 2211 fructum
358 2153 504 2209 ferre
528 2193 544 2220 ,
572 2160 628 2205 et
650 2148 787 2205 mori
812 2188 828 2214 ,
860 2155 916 2201 et
938 2143 1083 2215 quod
1110 2150 1375 2197 mortuum
1404 2138 1594 2203 fuerit,

51 2264 211 2303 rursus
237 2249 301 2301 ad
330 2248 493 2301 vitam
524 2243 703 2298 redire
728 2255 744 2296 :
773 2240 826 2294 in
853 2252 961 2308 quo
988 2238 1148 2292 etiam
1173 2234 1327 2289 nobis
1358 2232 1505 2287 varie
1534 2245 1601 2286 ac

52 2339 299 2409 perspicue
324 2346 469 2391 terra
507 2334 576 2388 de
603 2329 996 2387 resurrectione
1020 2326 1428 2382 sermocinatur.
1464 2321 1598 2376 Nam

50 2446 151 2483 cum
179 2429 321 2483 radix
350 2427 581 2481 fructum
624 2422 725 2477 l'ert
748 2436 811 2475 ac
836 2433 1020 2474 semen
1050 2416 1197 2483 edit,
1224 2430 1401 2470 annon
1431 2413 1483 2467 id
1512 2428 1602 2466 re-

48 2523 279 2577 surrectio
302 2519 421 2574 est?
468 2519 546 2571 Ac
592 2495 815 2570 multam
844 2512 1024 2581 utique
1054 2509 1165 2593 .Dei
1213 2504 1601 2577 providentiam

48 2624 91 2668 et
114 2612 418 2683 sapientiam
460 2606 685 2676 imperio
733 2603 857 2659 huic
895 2602 1203 2670 adjunctam
1230 2612 1453 2652 eernere
1481 2596 1602 2664 quis

45 2705 212 2773 possit,
242 2705 287 2757 si
310 2700 524 2771 singula
552 2694 801 2768 persequi
827 2694 975 2748 velit.
1002 2690 1235 2754 Verum,
1265 2698 1323 2742 ut
1346 2686 1413 2741 ad
1445 2686 1601 2740 insti-

48 2808 191 2851 tutam
214 2796 513 2851 orationem
534 2791 769 2855 veniam,
794 2785 1075 2855 imperium
1095 2782 1226 2837 illud
1246 2781 1387 2836 circa
1408 2788 1606 2833 terram

43 2909 96 2944 ac
121 2892 311 2961 stirpes
332 2896 617 2951 versatur;
646 2892 887 2937 nostrum
910 2888 1090 2934 autem
1116 2876 1260 2932 circa
1284 2887 1470 2929 curam
1488 2871 1609 2924 ani-

45 2999 251 3037 marum.
302 2982 525 3050 Quanto
554 2978 732 3045 itaque
766 2975 905 3029 inter
948 2978 1146 3041 stirpes
1195 2976 1250 3022 et
1278 2968 1483 3046 animas
1527 2964 1609 3017 in-

42 3084 189 3129 terest
207 3116 222 3141 ,
258 3082 413 3129 tanto
446 3072 552 3125 hoc
580 3067 862 3138 imperium
892 3064 987 3119 illo
1014 3059 1372 3133 praestabilius
1400 3054 1608 3111 censeri

40 3170 201 3222 debet.
234 3169 445 3221 Rursus
472 3163 566 3234 qui
595 3159 878 3232 praesentis
906 3157 1027 3211 vita:
1052 3152 1285 3224 imperio
1308 3149 1607 3221 potiuntur,

39 3272 170 3315 tanto
199 3262 263 3316 iis
288 3300 304 3326 ,
336 3271 513 3330 penes
541 3269 675 3324 quos
701 3248 1126 3307 ecclesiasticum
1178 3244 1462 3314 imperium
1491 3251 1609 3307 est,

41 3354 305 3408 inferiores
330 3359 490 3415 sunt,
522 3358 723 3419 quanto
750 3344 927 3399 minus
953 3340 1265 3411 praeclarum
1293 3346 1377 3392 est
1406 3334 1609 3399 invitis,

38 3466 181 3516 quam
208 3447 568 3510 volentibus,
615 3444 902 3511 imperare.
935 3436 1065 3491 Nam
1093 3435 1196 3490 hoc
1224 3433 1386 3489 etiam
1407 3440 1610 3486 natura:

38 3551 451 3597 consentaneum
507 3536 788 3606 imperium
832 3540 939 3588 est.
984 3530 1196 3585 Etenim
1239 3528 1349 3583 illic
1396 3525 1612 3597 quidem

34 3636 193 3690 nnmia
214 3644 365 3689 metu
399 3648 469 3687 ac
503 3627 820 3686 necessitate
850 3623 1233 3695 perﬁciuntur;
1262 3620 1349 3675 hic
1371 3618 1616 3673 voluntas

36 3728 292 3797 liberaque
322 3723 503 3779 animi
548 3720 816 3777 sententia
844 3716 1021 3771 omnia
1049 3713 1383 3783 exsequitur.
1433 3709 1616 3778 Neque

33 3820 119 3873 liae
148 3827 358 3874 tantum
400 3815 620 3869 ratione
646 3814 750 3865 hoc
800 3808 1082 3878 imperium
1129 3806 1206 3859 illi
1237 3810 1491 3874 praestat,
1523 3799 1617 3854 sed

33 3910 175 3962 etiam
201 3910 329 3980 quia
361 3924 479 3963 non
514 3902 794 3975 imperium
818 3900 995 3964 modo,
1022 3913 1205 3952 verum
1231 3906 1284 3949 et
1306 3895 1617 3964 paternitas,

30 4012 77 4054 ut
106 4003 172 4055 ita
196 4002 406 4063 dicam,
438 4007 569 4054 est:
598 4010 721 4050 nam
750 3992 917 4064 patris
943 3987 1408 4045 mansuetudinem
1438 3984 1618 4048 habet,

30 4109 246 4164 cumque
278 4095 501 4162 majora
537 4087 853 4159 praecipiat,
881 4099 942 4140 ea
971 4092 1149 4138 tamen
1177 4078 1479 4150 persuadet.
1510 4077 1622 4130 Ex-

31 4195 199 4240 ternus
228 4186 387 4240 enim
416 4182 680 4253 princeps
705 4177 854 4241 dicit,
876 4175 932 4230 Si
962 4173 1287 4227 adulterium
1313 4168 1616 4234 admiseris,

30 4290 191 4331 actum
218 4279 291 4332 de
317 4288 372 4332 te
391 4255 523 4330 ierit
551 4291 566 4325 :
592 4282 647 4326 at
675 4270 763 4325 hic
782 4268 1126 4339 gravissimas
1154 4278 1338 4332 poenas
1366 4262 1620 4325 minatur,

29 4370 66 4423 si
96 4369 388 4441 impudicis
444 4364 627 4421 oculis
675 4362 952 4415 mulierem
996 4355 1363 4424 conspexeris.
1411 4352 1624 4407 Etenim

28 4478 174 4529 grave
200 4477 267 4516 ac
295 4454 688 4515 venerandum
727 4462 812 4508 est
850 4451 955 4505 hoc
986 4447 1254 4511 tribunal;
1300 4460 1403 4501 nec
1430 4459 1628 4514 corpus

28 4556 206 4619 solum,
230 4555 337 4611 sed
367 4553 625 4608 animam
653 4547 817 4602 etiam
847 4543 1091 4611 corrigit.

88 4651 138 4703 5.
167 4648 463 4716 Quantum
496 4656 631 4711 ergo
677 4639 816 4693 inter
843 4647 1037 4704 corpus
1065 4640 1122 4686 et
1160 4631 1395 4684 animum
1440 4626 1632 4683 discri-

28 4739 173 4794 minis
202 4749 291 4795 est
312 4780 327 4803 ,
364 4744 596 4791 tantum
628 4732 753 4785 item
787 4730 888 4782 hoc
916 4724 1201 4794 imperium
1231 4724 1300 4777 ab
1330 4722 1421 4776 illo
1446 4721 1627 4775 distat.

28 4831 97 4882 Ad
144 4831 260 4884 haec
304 4830 409 4899 qui
467 4822 704 4893 imperio
752 4819 844 4874 illo
902 4817 1174 4886 fungitur,
1227 4815 1631 4883 perspicuorunt

26 4919 295 4974 dumtaxat
317 4918 633 4975 criminum
660 4911 827 4982 judex
860 4909 1031 4973 sedet,
1058 4908 1165 4961 imo
1194 4922 1261 4960 ne
1289 4906 1478 4959 borum
1509 4904 1633 4973 qui-

25 4984 135 5066 dem
161 5014 422 5068 omnium
450 5051 468 5076 ,
506 5020 696 5060 verum
740 5016 928 5057 eorum
958 5008 1185 5064 tantum,
1216 5012 1336 5067 qua:
1361 5004 1635 5064 comperta

25 5115 175 5161 Sunt:
204 5105 343 5176 quin
384 5104 732 5173 plerumque
760 5095 921 5149 etiam
951 5090 1167 5157 accidit,
1201 5098 1259 5144 ut
1283 5087 1634 5159 proditojure

23 5213 77 5248 ea
121 5196 473 5257 dissimulo;
534 5192 604 5243 At
651 5195 839 5242 contra
885 5182 1117 5238 tribunal
1165 5191 1406 5234 nosuum
1450 5193 1639 5233 omnes

24 5290 103 5356 qni
134 5288 550 5359 ingrediuntur
580 5279 685 5334 hoc
713 5277 909 5340 docet,
938 5275 1079 5346 quod
1108 5274 1200 5343 qui
1246 5272 1386 5342 apud
1418 5286 1515 5325 nos
1551 5271 1639 5340 ju-

24 5383 146 5435 dicis
173 5392 368 5450 partes
394 5384 588 5438 tenet,
621 5374 759 5425 nuda
782 5370 959 5424 omnia
989 5378 1043 5423 et
1070 5379 1255 5437 aperta
1284 5368 1337 5420 in
1365 5365 1638 5421 communi

28 5479 181 5526 tutius
199 5483 503 5527 terrarum
543 5464 694 5519 orbis
720 5464 930 5516 theatro
961 5460 1197 5530 proferet
1223 5477 1237 5511 :
1266 5474 1365 5514 nec
1392 5459 1640 5528 cuiquam

24 5580 135 5619 sese
164 5559 511 5618 occultandi
554 5556 781 5610 facultas
806 5553 927 5607 erit.
978 5555 1054 5606 Ac
1095 5551 1316 5620 proinde
1340 5551 1642 5605 Christiana

30 5654 103 5707 lex
149 5657 329 5709 multo
363 5649 569 5720 magis
596 5648 758 5701 vitam
807 5654 1046 5698 nostram
1077 5652 1253 5696 tuetur
1281 5654 1336 5697 et
1369 5653 1638 5709 continet,

26 5766 174 5816 quam
206 5760 501 5802 externae.
546 5739 683 5794 Nam
710 5739 754 5792 si
783 5737 850 5792 de
882 5736 1036 5792 tectis
1078 5745 1238 5803 atque
1266 5735 1493 5791 occultis
1516 5753 1644 5806 pec-

27 5862 41 5891 t
57 5843 153 5893 atis
168 5838 658 5897 centremiscere,
674 5832 967 5885 cautiorem
987 5829 1254 5883 hominem
1276 5829 1469 5895 reddit,
1487 5846 1644 5900 quam

31 5938 88 5989 de
110 5932 436 6008 perspicuis
475 5936 701 5983 tantum.
726 5922 777 5979 in
812 5932 955 5979 metu
987 5937 1104 5978 esse
1126 5961 1139 5987 ,
1166 5928 1323 5992 atque
1352 5920 1395 5976 is
1423 5966 1435 5990 ,
1464 5926 1550 5993 (ι’ιὶ
1581 5926 1647 5981 de

986 472 1051 529 IN
1090 469 1303 527 EPIST.
1346 466 1392 523 11
1455 463 1547 520 AD
1583 458 1736 515 COR.
1779 459 2006 514 llOMlL.
2050 460 2154 519 XV.

3147 456 3255 515 5l0

1682 578 1887 633 levibus
1913 579 2073 632 etiam
2115 578 2269 635 noxis
2299 594 2485 649 pmnas
2528 582 2764 651 expetit,
2795 584 2862 637 ad
2895 583 3104 638 virtutis
3130 594 3249 638 stu-

1681 667 1826 723 dium
1869 671 2039 740 magis
2069 672 2298 736 excitat,
2324 688 2485 743 quam
2525 675 2614 743 qui
2641 674 2954 744 gravissima
2980 675 3261 729 dumtaxat

1683 761 1834 830 punit
1862 780 1875 817 :
1906 778 2011 817 non
2037 773 2119 818 est
2148 764 2389 833 profecto
2412 765 2628 819 dubium
2656 766 2782 834 quin
2805 767 2910 819 vita
2939 776 3120 820 nostra
3154 766 3259 822 hoc

1686 852 1915 920 imperio
1942 854 2171 908 maxime
2216 853 2462 909 fulciatur
2507 865 2562 910 et
2609 866 2983 910 conservetur.
3014 856 3168 924 Quod
3211 857 3255 911 si

1685 945 1880 1012 placet,
1907 946 2181 1016 utriusque
2207 948 2369 1002 etiam
2409 948 2666 1019 principis
2706 950 3095 1005 ordinationem
3126 966 3258 1005 con-
3320 984 3327 1002 ι

1686 1036 1981 1091 sideremus
2005 1056 2020 1093 :
2046 1039 2134 1095 hic
2158 1041 2356 1111 quippe
2385 1043 2608 1096 multum
2631 1042 2916 1097 discrimen
2945 1044 3260 1114 perspicies.

1686 1125 1801 1181 Non
1828 1128 1971 1182 enim
2000 1140 2279 1185 numerata
2312 1134 2535 1201 pecunia
2564 1133 2666 1188 hoc
2696 1133 2977 1203 imperium
3020 1137 3267 1206 accipere

1688 1218 1848 1285 licet,
1877 1220 1973 1277 sed
1999 1222 2143 1277 edito
2173 1223 2564 1293 probatissimae
2609 1227 2733 1282 vita:
2774 1227 3134 1283 documento:
3157 1242 3261 1284 nec

1688 1325 1817 1366 vero
1833 1313 1897 1366 ad
1928 1313 2029 1367 hoc
2056 1313 2338 1383 imperium
2367 1317 2439 1371 ita
2463 1319 2780 1387 provehitur
2804 1320 2851 1374 is
2867 1320 2955 1389 qui
2986 1319 3267 1376 ordinatus

1690 1412 1792 1467 est,
1821 1404 1971 1471 quasi
2001 1403 2070 1459 ad
2093 1403 2382 1461 humanam
2394 1407 2620 1477 gloriam
2644 1419 2699 1465 et
2713 1411 2975 1479 privatam
3002 1412 3268 1483 requiem,

1690 1494 1786 1548 sed
1811 1494 1957 1549 velut
1982 1494 2047 1549 ad
2077 1495 2287 1553 labores
2310 1506 2363 1552 et
2408 1499 2634 1555 sudores
2663 1516 2727 1556 ac
2765 1502 3034 1572 publicam
3065 1503 3270 1559 utilita-

1691 1596 1820 1643 tem.
1844 1586 1993 1643 Unde
2017 1589 2177 1644 etiam
2197 1589 2339 1645 haud
2376 1606 2601 1661 parvum
2624 1608 2654 1647 a
2684 1593 2885 1663 Spiritu
2902 1604 3087 1649 sancto
3114 1594 3270 1649 auxia

1694 1678 1821 1732 lium
1851 1681 2218 1750 consequitur.
2250 1683 2423 1752 Atque
2462 1683 2572 1739 illic
2602 1684 2816 1755 quidem
2840 1702 2947 1740 non
2977 1687 3111 1741 ultra
3142 1702 3269 1758 pro-

1693 1767 1931 1838 greditur
1959 1770 2004 1824 is
2031 1772 2120 1840 qui
2152 1773 2413 1841 imperat,
2446 1789 2605 1844 quam
2646 1786 2704 1830 ut
2731 1791 2850 1846 qua:
2891 1776 3132 1832 facienda
3164 1780 3272 1834 sint

1694 1861 1901 1925 edicat;
1931 1862 2020 1918 hic
2043 1879 2175 1919 vero
2201 1880 2421 1934 precum
2450 1868 2613 1922 etiam
2644 1878 2698 1923 et
2741 1870 2927 1939 gratia:
2973 1872 3269 1926 subsidium

1696 1953 1958 2025 adjungit.
1988 1956 2126 2025 Quin
2154 1961 2330 2027 potius
2359 1960 2466 2015 illic
2511 1976 2582 2016 ne
2610 1963 2830 2017 verbum
2861 1964 3076 2034 quidem
3105 1965 3272 2022 ullum

1698 2047 1765 2102 de
1795 2048 2131 2121 philosophia
2163 2051 2410 2117 habetur,
2444 2070 2545 2111 nec
2573 2056 2726 2112 sedet
2748 2060 3026 2129 quisquam
3059 2061 3150 2130 qui
3178 2061 3276 2117 do-

1698 2150 1836 2206 ceat,
1866 2142 1993 2211 quid
2014 2143 2084 2197 sit
2112 2145 2475 2216 aninia,iquid
2503 2147 2734 2203 mundus
2760 2190 2774 2211 ,
2804 2152 2932 2218 quid
2962 2152 3060 2221 ipsi
3091 2162 3276 2222 postea

1700 2233 1893 2299 futuri,
1922 2244 1977 2290 et
2000 2235 2067 2289 ad
2094 2252 2213 2305 quae
2239 2237 2365 2292 hinc
2388 2239 2664 2309 migratttri
2693 2256 2877 2296 sumus
2904 2283 2919 2308 ,
2952 2258 3161 2314 quaque
3186 2259 3277 2298 ra-

1704 2326 1847 2381 tione
1889 2327 2140 2383 virtutem
2189 2329 2412 2401 adipisei
2462 2346 2757 2401 queamus;
2789 2349 2976 2389 verum
3019 2334 3087 2390 de
3109 2337 3280 2407 pactis

1701 2417 1912 2487 quidem
1943 2427 1999 2473 et
2022 2422 2384 2477 contractibus
2412 2437 2476 2476 ac
2503 2424 2746 2494 pecuniis
2773 2426 2939 2479 multa
2971 2426 3131 2481 verba
3163 2427 3283 2483 fun-

1703 2509 1921 2573 duntur,
1949 2511 2135 2568 harum
2161 2522 2340 2569 autem
2373 2529 2553 2569 rerum
2595 2516 2738 2570 nulla
2767 2532 2987 2585 prorsus
3015 2534 3140 2573 cura
3170 2527 3275 2574 est.

1703 2603 1773 2656 At
1801 2602 1851 2655 in
1876 2602 2116 2658 Ecclesia
2142 2619 2424 2660 sermones
2445 2621 2635 2661 omnes
2662 2607 2810 2663 hisce
2835 2608 2903 2663 de
2932 2609 3093 2664 rebus
3122 2609 3279 2665 insti-

1707 2694 1781 2746 tui
1811 2694 2133 2763 conSpicias.
2161 2694 2245 2750 Ob
2271 2711 2497 2766 eamque
2525 2712 2743 2753 causam
2768 2699 2977 2769 quidvis
3007 2715 3124 2754 eam
3163 2716 3283 2756 me-

1706 2783 1813 2837 rito
1840 2787 2163 2855 nuncuparis
2183 2825 2201 2852 ,
2235 2787 2505 2854 tribunal,
2538 2788 2818 2844 medicinae
2850 2800 2905 2845 et
2931 2790 3287 2862 philosophiae

1709 2873 1969 2941 scholam,
2004 2886 2061 2931 et
2087 2877 2282 2931 animae
2312 2878 2493 2933 ludum
2520 2880 2834 2946 literarium,
2866 2889 2920 2936 et
2949 2885 3285 2954 gymnasium

1708 2982 1961 3022 cursumn
2005 2970 2058 3024 in
2102 2972 2291 3025 caelum
2334 2970 2642 3026 ferentium.
2667 2971 2785 3027 Jam
2817 2988 2944 3028 vero
2967 3016 2983 3041 ,
3013 2975 3154 3044 quod
3181 2974 3285 3031 hoc

1711 3059 1992 3128 imperium
2014 3062 2251 3117 omnium
2274 3063 2617 3132 imperiorum
2637 3064 2967 3119 lenissimum
2991 3066 3080 3130 sit,
3099 3066 3290 3121 etiam-

1711 3151 1756 3205 si
1784 3152 1977 3221 alioqui
2002 3154 2124 3222 plus
2151 3153 2440 3224 diligentize
2467 3155 2709 3225 requiras
2734 3198 2748 3219 ,
2782 3155 2905 3210 hinc
2928 3156 3111 3227 liquet.
3144 3157 3277 3211 Nam

1711 3245 1801 3314 qui
1829 3254 2109 3299 externum
2138 3245 2424 3316 imperium
2451 3249 2610 3317 gerit,
2642 3248 2687 3302 si
2713 3248 3015 3304 adulterum
3040 3250 3288 3320 arripue—

1713 3338 1818 3401 rit,
1864 3340 2109 3407 protinus
2159 3339 2213 3393 in
2256 3354 2381 3394 eum
2432 3341 2834 3397 animadvertit.
2887 3343 3087 3413 Ecquid
3128 3359 3291 3414 porro

1716 3429 1841 3485 hinc
1869 3431 2140 3487 commodi
2169 3432 2532 3488 exsistit?hoc
2559 3434 2700 3488 enim
2733 3451 2841 3489 non
2871 3435 3057 3490 vitium
3102 3444 3185 3491 est
3223 3436 3292 3492 de

1717 3523 1895 3576 medio
1924 3523 2145 3590 tollere,
2188 3525 2283 3578 sed
2313 3526 2551 3580 sauciam
2582 3526 2812 3580 animam
2839 3526 3076 3597 abigere.
3106 3532 3176 3582 At
3200 3529 3294 3599 qui

1718 3612 1804 3667 hic
1833 3614 2079 3682 imperat,
2108 3629 2217 3669 non
2245 3615 2349 3670 hoc
2372 3624 2527 3670 curat
2555 3624 2612 3670 ut
2630 3615 2697 3671 de
2723 3626 2948 3673 nocente
2973 3619 3293 3689 supplicium

1718 3717 1915 3773 sumat,
1944 3706 2039 3762 sed
2061 3716 2117 3762 ut
2135 3708 2321 3762 vitium
2348 3709 2567 3764 evellat.
2592 3709 2723 3764 Nam
2753 3721 2807 3764 tu
2834 3711 3046 3780 quidem
3072 3714 3298 3781 perinde

1721 3797 1852 3853 facis
1876 3839 1891 3864 ,
1922 3813 1986 3853 ac
2010 3798 2055 3853 si
2090 3799 2279 3854 morbo
2308 3799 2486 3869 aliquo
2517 3802 2569 3855 in
2596 3802 2772 3871 capite
2798 3814 2989 3870 enato,
3023 3820 3126 3858 non
3155 3821 3298 3860 mor-

1722 3890 1847 3944 bum
1876 3891 2199 3960 comprimas
2223 3933 2237 3954 ,
2268 3891 2362 3947 sed
2391 3902 2551 3962 caput
2591 3902 2836 3963 amputes
2865 3912 2878 3948 :
2908 3910 3008 3964 ego
3033 3911 3163 3950 vero
3191 3912 3300 3951 nou

1724 3982 1824 4045 ita,
1855 3982 1949 4037 sed
1972 3982 2216 4037 morbum
2239 3992 2463 4051 trunco;
2489 3994 2647 4055 atque
2672 4001 2794 4041 eum
2817 3987 3029 4056 quidem
3051 4003 3079 4042 a
3101 3997 3305 4060 myste-

1725 4076 1819 4128 riis
1848 4075 2120 4145 sacrisque
2148 4077 2315 4144 septis
2354 4091 2516 4132 arceo
2541 4117 2555 4142 ,
2584 4077 2677 4131 sed
2709 4078 2957 4134 eumdem
3002 4089 3187 4151 postea
3209 4096 3305 4135 ex-

1726 4167 1981 4233 citatum,
2009 4182 2072 4220 ac
2114 4167 2243 4220 vitio
2274 4167 2556 4221 liberatum
2586 4169 2972 4239 melioremque
3003 4186 3096 4239 per
3124 4171 3301 4241 patui-

1728 4259 1945 4312 teatiam
1976 4258 2243 4323 allectum,
2278 4274 2464 4313 rursus
2488 4273 2726 4313 assumo.
2750 4261 2816 4315 Et
2843 4262 2932 4330 qtti
2962 4262 3073 4315 lieri
3106 4270 3305 4332 potest,

1729 4351 1905 4420 inquis
1928 4391 1943 4415 ,
1968 4359 2029 4404 ut
2054 4350 2382 4405 adulterium
2410 4352 2713 4427 eximatur?
2744 4353 2944 4417 Petest,
2972 4356 3221 4425 inquam,
3250 4364 3308 4411 et

1729 4444 1941 4513 quidem
1990 4441 2252 4498 facilezsi
2298 4444 2420 4513 quis
2466 4443 2550 4498 his
2596 4441 2800 4513 legibus
2841 4460 2963 4502 sese
3005 4448 3304 4502 submittat.

1732 4536 1985 4590 Balneum
2012 4534 2155 4589 enim
2189 4536 2470 4606 spirituale
2495 4545 2579 4591 est
2627 4537 2865 4593 Ecclesia
2885 4580 2899 4603 ,
2932 4554 3037 4593 non
3068 4546 3311 4610 corporis

1732 4626 2041 4697 spurcitiem
2061 4668 2077 4695 ,
2106 4627 2202 4682 sed
2230 4628 2424 4682 anima:
2452 4627 2601 4684 labes
2628 4629 2790 4684 variis
2834 4631 3161 4699 poenitentia:
3191 4647 3313 4686 mo.-

1736 4722 1820 4775 dis
1848 4721 2185 4791 abstergens.
2227 4719 2359 4776 Nam
2405 4731 2459 4775 tu
2490 4722 2743 4792 quidem,
2776 4724 2818 4777 si
2845 4738 2966 4777 cum
2996 4724 3313 4793 impunitum

1737 4809 2044 4875 dimiseris,
2078 4810 2317 4881 pejorem
2365 4812 2580 4878 reddis;
2637 4813 2683 4868 si
2724 4814 2985 4883 supplicio
3033 4813 3314 4883 al‘feccris,

1737 4903 2083 4958 incurabilem
2131 4904 2393 4975 reliquisti
2431 4921 2579 4976 tego
2620 4915 2796 4961 autem
2849 4922 2950 4962 nec
2993 4909 3315 4978 impunitum

1740 4996 1887 5050 abire
1913 4996 2062 5061 sino,
2109 5012 2209 5051 nec
2257 5006 2347 5050 tuo
2396 5013 2547 5053 more
2588 4998 2798 5068 plecte;
2846 5017 3029 5054 vermn
3073 5002 3320 5059 simulet

1743 5103 1952 5157 pontum
1980 5129 1994 5154 ,
2024 5104 2181 5158 quam
2207 5088 2377 5145 debeo
2402 5131 2419 5155 ,
2467 5091 2535 5145 ab
2562 5107 2627 5145 eo
2655 5104 2851 5161 expeto
2874 5135 2888 5159 ,
2915 5103 2970 5148 et
2999 5097 3138 5163 quod
3167 5112 3319 5152 com-

1743 5182 1965 5235 missum
1987 5191 2066 5234 est
2088 5181 2319 5251 corrigo.
2346 5180 2504 5236 Visne
2529 5182 2689 5235 etiam
2715 5184 2874 5238 aliter
2901 5201 2965 5239 ex
2999 5202 3086 5241 me
3111 5188 3327 5244 discere

1744 5288 1849 5343 quo
1878 5284 2032 5343 pacto
2062 5282 2117 5327 tu
2148 5273 2381 5342 gladium
2408 5274 2702 5343 stringens,
2736 5291 2799 5331 ac
2829 5277 3097 5334 ﬂammam
3129 5297 3320 5350 pecca-

1749 5367 1950 5421 toribus
1970 5365 2278 5431 ostcndens,
2310 5365 2451 5420 haud
2478 5381 2723 5437 magnam
2752 5370 2814 5424 iis
2842 5372 3160 5427 medicinam
3191 5375 3323 5430 al'l‘e-

1752 5475 1872 5525 ras;
1903 5474 2003 5529 ego
2027 5468 2210 5514 autem
2257 5458 2340 5513 his
2386 5460 2547 5514 etiam
2598 5463 2819 5517 remotis
2849 5464 2913 5518 ad
2943 5466 3200 5537 integram
3232 5484 3334 5524 eos

1751 5555 2032 5608 sanitatem
2061 5552 2293 5607 ducam?
2321 5552 2432 5607 Nec
2458 5568 2590 5609 vero
2612 5555 2741 5610 mihi
2772 5559 3015 5614 oratione
3059 5575 3121 5613 ac
3151 5560 3335 5616 verbis

1752 5662 1887 5716 opus
1911 5655 2016 5712 est,
2040 5643 2135 5699 sed
2163 5655 2359 5699 terram
2387 5659 2451 5699 ac
2478 5661 2647 5713 mare,
2676 5657 2837 5719 atque
2862 5650 2996 5705 adeo
3028 5652 3194 5719 ipsam
3225 5651 3326 5704 ho.

1756 5739 1955 5793 ini-num
2005 5746 2251 5792 naturam
2295 5738 2347 5791 in
2387 5738 2623 5794 medium
2654 5740 2874 5796 adduco.
2918 5745 2995 5796 Ac
3020 5742 3148 5797 mihi
3170 5744 3334 5801 velint

1757 5832 2044 5907 expendas,
2077 5832 2390 5902 priusquam
2423 5833 2655 5889 tribunal
2685 5834 2785 5890 hoc
2830 5836 2991 5889 ﬁxum
3019 5847 3181 5903 esset,
3211 5837 3332 5908 qui-

1763 5944 1882 5983 nam
1911 5942 2087 5984 rerum
2133 5926 2481 5984 humanarum
2523 5938 2690 5986 status
2724 5939 2871 5997 erat;
2904 5930 3171 6001 quomodo
3197 5931 3337 5992 uihii‘
