3792 6378
501 443 601 504 5H

503 577 691 618 eorum
714 603 729 626 ,
759 577 880 633 qua
921 575 1066 617 nunc
1110 560 1434 633 praestantur
1457 602 1474 628 ,
1505 575 1575 616 ne
1617 560 1834 616 nomine
1866 557 2083 625 quidem

504 662 666 709 tenus
716 653 846 708 olim
897 652 1072 709 audiri
1117 660 1349 722 poterat.
1399 651 1594 722 Ecquis
1639 651 1781 706 enim
1827 652 2084 704 adversus

505 753 734 798 mortem
780 743 1100 813 intrepidum
1147 743 1385 796 animum
1429 741 1690 812 praebuit?
1733 741 1916 810 ecquis
1953 755 2083 809 opes

501 836 862 906 contempsit?
891 836 1012 906 quis
1037 836 1259 906 gloriam
1289 849 1387 905 pro
1417 834 1583 889 nihilo
1610 835 1793 889 duxit"
1823 834 1943 904 quis
1963 836 2082 903 fuga

499 927 706 982 relictis
754 927 937 982 mundi
985 926 1299 981 tumultibus
1344 936 1554 982 montes
1598 937 1652 982 et
1696 925 2037 981 solitudinem
2063 965 2079 989 ,

501 1020 851 1090 philosophia:
882 1031 1108 1076 matrem
1131 1061 1146 1086 ,
1176 1021 1490 1090 complexus
1530 1020 1650 1075 est?
1675 1019 1891 1074 ubinam
1917 1017 2080 1087 virgi-

500 1111 683 1166 nitatis
711 1126 906 1167 nomen
934 1112 1061 1166 olim
1097 1112 1250 1167 erat?
1292 1110 1417 1166 Huc
1442 1110 1639 1181 quippe
1678 1110 1889 1172 oinnia,
1920 1116 2081 1176 atque

497 1201 585 1257 his
611 1202 761 1271 plura
785 1245 802 1266 ,
830 1201 1114 1257 tribunalis
1144 1201 1299 1272 hujus
1344 1200 1608 1255 beneficio
1638 1200 1792 1255 nobis
1833 1199 2078 1268 contige-

497 1303 662 1349 runt:
693 1293 809 1349 hinc
855 1295 1011 1350 nobis
1050 1294 1152 1348 hoc
1195 1293 1479 1364 imperium
1511 1292 1707 1347 eﬂ‘ecit.
1735 1291 1868 1346 Cum
1916 1289 2077 1360 igitur

1205 444 1264 502 S.
1301 444 1578 502 JOANNIS
1611 438 2081 500 CHRYSOSTOMI
2116 439 2430 500 ARCHIEP.
2469 444 2998 506 CONSTANTINOP.
3325 439 3332 445 ’
3614 454 3680 510 511.

2193 559 2308 615 haec
2351 571 2630 632 perspecta
2683 563 2958 631 habeatis,
2991 575 3150 638 atque
3192 583 3403 625 omnem
3443 568 3573 642 hujus
3600 573 3678 626 vine

2189 651 2493 719 utilitatem,
2515 656 2771 726 orbisque
2789 658 3022 712 universi
3041 661 3427 715 correctionem
3449 661 3550 716 hinc
3564 662 3678 717 liuere

2189 741 2518 814 intelligatis,
2542 744 2667 800 date
2690 762 2931 817 operam,
2954 759 3015 803 ut
3040 750 3106 804 ad
3128 750 3428 806 divinorum
3449 768 3674 807 sermonqu

2186 833 2513 890 auditionem
2542 847 2701 906 atque
2743 838 2809 892 ad
2857 840 2955 895 bos
2997 854 3292 898 conventus
3328 853 3386 898 et
3430 846 3677 912 precationes

2187 929 2379 982 crebro
2399 930 2646 1013 veniatis.
2676 930 2808 985 Nam
2838 932 2884 987 si
2909 933 2976 988 ad
3006 933 3150 990 hunc
3179 935 3394 990 modum
3420 953 3505 992 vos
3522 954 3678 1007 cornipe-

2186 1019 2356 1084 natis,
2387 1020 2655 1091 vitamque
2702 1037 2766 1077 ac
2806 1038 2989 1080 mores
3023 1027 3169 1081 caelis
3199 1027 3389 1098 dignos
3429 1029 3675 1096 exhibestis,

2185 1111 2448 1180 promissa
2476 1113 2614 1169 bona
2638 1117 2895 1188 consequi
2923 1119 3187 1189 poteritis,
3216 1135 3312 1191 per
3338 1122 3545 1192 gratiam
3561 1133 3601 1180 et
3621 1125 3678 1178 be-

2184 1203 2518 1274 nignitatem,
2548 1216 2656 1263 etc.

1810 1499 2156 1560 HOMILIA
2199 1498 2371 1559 XVI.

498 1648 628 1707 Car.
655 1649 710 1702 7.
750 1665 803 1701 v.
853 1649 940 1704 i5.
985 1647 1112 1701 Ideo
1149 1645 1396 1700 consolati
1432 1661 1604 1700 sumus
1638 1645 1692 1698 in
1735 1644 2083 1698 consolatione

568 1753 768 1804 vestra;
790 1741 1128 1794 abundantius
1152 1751 1322 1794 autem
1347 1741 1507 1808 magis
1531 1739 1688 1810 gavisi
1719 1755 1896 1792 sumus
1929 1754 2080 1805 super

567 1834 754 1904 gaudio
783 1830 906 1896 Titi,
933 1833 1052 1902 quia
1071 1831 1285 1900 refectus
1308 1839 1379 1884 est
1407 1830 1614 1898 spiritus
1635 1829 1744 1900 ejus
1764 1829 1826 1882 ab
1850 1828 2079 1882 omnibus

567 1924 724 1978 vobis.

564 2018 618 2072 i.
651 2017 728 2070 En
760 2029 947 2070 rursus
981 2012 1251 2083 quomodo
1277 2010 1462 2066 laudes
1505 2027 1691 2066 eorum
1721 2011 1952 2076 attollat,
1979 2025 2075 2065 eo-

492 2125 721 2180 rumque
763 2109 1040 2163 caritatem
1081 2105 1345 2160 ostendat.
1392 2105 1743 2176 Posteaquam
1781 2104 1925 2159 enim
1963 2119 2078 2158 ma-

491 2217 650 2272 gnam
699 2215 758 2254 se
786 2200 1110 2268 voluptatem
1141 2197 1349 2264 cepisse
1394 2197 1644 2260 asseruit,
1680 2194 1823 2265 quod
1870 2205 2072 2249 tantum

491 2294 660 2365 ipsius
697 2292 920 2362 epistola
969 2290 1346 2360 prarstitisset,
1397 2289 1646 2359 quodque
1696 2299 1902 2342 tantum
1949 2287 2075 2343 inde

491 2383 838 2439 emolumenti
886 2381 951 2436 ad
981 2380 1294 2436 Corinthios
1338 2380 1623 2444 rediissct;
1671 2379 1878 2435 Gaudeo
1907 2380 2070 2446 enim,

491 2475 680 2544 inquit,
734 2490 835 2526 non
881 2473 1001 2542 quia
1031 2472 1314 2526 contristati
1355 2473 1494 2538 estis,
1526 2471 1614 2525 sed
1642 2473 1759 2540 quia
1789 2471 2075 2526 contristati

495 2569 614 2622 estis
641 2567 708 2620 ad
733 2566 1075 2637 paenitentiam
1099 2583 1118 2631 ;
1144 2580 1402 2634 suamque
1417 2579 1541 2632 erga
1571 2577 1665 2617 eos
1682 2563 1956 2618 caritatem
1989 2563 2073 2618 his

488 2661 668 2715 verbis
697 2658 1022 2712 declarasset
1048 2674 1062 2711 :
1095 2655 1315 2710 Etiamsi
1350 2656 1531 2726 scripsi
1561 2655 1716 2720 vobis,
1747 2671 1848 2709 non
1870 2665 2075 2725 propter

489 2769 606 2806 eum
633 2752 719 2821 qui
767 2751 884 2822 fecit
924 2751 1192 2822 injuriam,
1241 2765 1330 2802 nec
1373 2757 1578 2820 prapter
1620 2763 1736 2802 eum
1781 2748 1866 2818 qui
1895 2763 2074 2816 passus

489 2855 561 2899 est
584 2884 600 2910 ,
644 2844 734 2897 sed
775 2842 843 2895 ad
892 2840 1317 2908 ntanifestandam
1367 2838 1760 2894 sollicitudinem
1803 2849 2026 2894 nostram
2051 2878 2068 2903 ,

487 2953 641 3007 quam
671 2934 908 2989 habemus
947 2949 1039 3004 pro
1065 2933 1201 2988 vobis
1230 2933 1296 2986 ad
1325 2947 1452 2996 vos;
1491 2947 1678 2986 rursus
1715 2930 1858 2986 aliud
1885 2945 2070 2986 eorum

488 3028 878 3088 benevolentia:
923 3035 1296 3098 argumentum
1339 3033 1749 3089 commemorat,
1787 3023 1928 3094 quod
1957 3039 2073 3078 ma-

487 3141 647 3197 gnam
697 3125 825 3193 ipsis
857 3122 1067 3176 laudem
1097 3120 1373 3186 conciliat,
1405 3117 1746 3182 ostenditque
1773 3133 1931 3188 quam
1960 3118 2071 3173 sine

486 3233 609 3272 cera
631 3217 850 3271 caritate
873 3213 1081 3282 praediti
1104 3213 1212 3267 siut
1239 3230 1250 3264 :
1282 3209 1348 3265 In
1374 3211 1714 3265 consolatione
1733 3213 1865 3264 enim
1884 3220 2066 3275 vestra,

487 3309 679 3378 inquit,
723 3304 1061 3359 abundantius
1105 3303 1265 3373 gavisi
1304 3319 1480 3357 sumus
1509 3317 1661 3372 super
1704 3301 1892 3371 gaudio
1936 3299 2066 3355 Titi.

486 3402 648 3470 Atqui
675 3417 780 3455 non
809 3408 890 3454 est
922 3397 1024 3451 hoc
1051 3396 1284 3450 hominis
1320 3409 1514 3465 magno
1553 3408 1735 3448 amore
1773 3392 2065 3463 ﬂagrantis,

485 3495 556 3551 ob
581 3509 700 3548 cum
726 3491 914 3560 majori
942 3489 1122 3543 laetitia
1149 3488 1310 3547 allici.
1334 3501 1493 3557 quam
1515 3485 1585 3540 ob
1611 3485 1750 3539 illos.
1777 3483 1888 3539 lmo
1915 3499 2064 3551 vero,

484 3584 658 3655 inquit
698 3583 911 3645 Paulus,
961 3580 1138 3649 magni
1184 3579 1383 3632 amoris
1412 3576 1515 3632 hoc
1541 3571 1909 3643 argumentum
1937 3584 2020 3631 est
2049 3594 2063 3629 :

485 3694 592 3734 non
621 3681 766 3733 enim
795 3683 901 3729 tam
947 3674 1109 3739 illius,
1157 3687 1317 3742 quam
1346 3681 1523 3726 vestra
1562 3685 1720 3725 causa
1759 3685 1877 3725 sum
1919 3667 2068 3724 dele-

483 3778 700 3826 ctatus:
748 3766 890 3821 unde
921 3768 1081 3820 etiam
1126 3779 1253 3818 mox
1301 3762 1500 3823 subdit.
1551 3761 1684 3826 Quia
1724 3761 1916 3815 viscera
1956 3762 2066 3831 ejus

481 3861 670 3931 refecta
710 3867 828 3912 sunt
871 3875 904 3909 α
952 3857 1089 3910 vobis
1131 3854 1379 3910 omnibus.
1428 3853 1542 3908 Non
1571 3853 1725 3918 dixit,
1773 3852 1912 3922 Ipse,
1944 3849 2060 3914 sed,

491 3951 700 4005 Viscera
728 3952 920 4020 ipsius;
951 3947 1053 4002 hoc
1087 3957 1192 4014 est,
1223 3947 1418 4001 caritas
1446 3959 1532 4010 ea,
1560 3959 1663 4014 qua
1693 3959 1789 3998 vos
1825 3943 2064 4013 comple-

480 4047 662 4102 ctitur.
693 4044 934 4112 Quonam
976 4051 1156 4097 autem
1185 4039 1345 4094 modo
1381 4039 1578 4094 refecta
1605 4039 1770 4094 sunt?
1794 4037 1870 4091 Ab
1895 4040 2062 4092 cinni-

481 4138 572 4192 bus
595 4153 614 4191 :
645 4152 764 4191 nam
794 4135 844 4190 id
870 4149 1081 4205 quoque
1106 4133 1448 4202 amplissima:
1469 4129 1612 4186 laudi
1633 4130 1931 4186 ducendum
1956 4139 2059 4186 est.

480 4232 573 4287 M.
626 4229 694 4283 Et
721 4230 763 4284 si
781 4228 903 4300 quid
931 4227 1069 4298 apud
1087 4227 1232 4280 illum
1251 4224 1314 4280 de
1344 4224 1478 4278 vobis
1515 4223 1758 4295 gloriatus
1783 4239 1914 4276 sum.
1948 4221 2061 4277 Ma-

477 4339 582 4395 gna
615 4322 728 4378 haec
750 4322 866 4376 laus
895 4319 1134 4376 habenda
1163 4327 1266 4385 est,
1292 4333 1414 4373 cum
1439 4325 1738 4387 prmceptor
1760 4315 2017 4386 gloriatur
2041 4331 2057 4366 :

477 4417 554 4469 ait
581 4415 746 4478 enim,
766 4411 885 4466 Non
902 4427 1014 4466 sum
1039 4410 1300 4479 confusus.
1331 4407 1412 4463 Ob
1443 4407 1495 4464 id
1517 4409 1729 4478 gavisus
1749 4421 1888 4471 sum,
1915 4405 2060 4475 quod

478 4507 733 4565 meliores
759 4503 1060 4566 exstitistis,
1107 4517 1170 4556 ac
1211 4500 1372 4555 rebus
1413 4499 1542 4569 ipsis
1570 4499 1732 4554 verba
1764 4513 1883 4552 mea
1908 4512 2058 4551 com-

477 4595 762 4667 probastis.
797 4594 876 4648 Ex
905 4609 1012 4662 quo
1038 4591 1168 4646 mihi
1201 4591 1397 4660 duplex
1443 4599 1815 4644 ornamentum
1841 4603 2059 4656 compa-

475 4699 650 4741 ratum
671 4693 773 4750 est,
804 4694 914 4738 tum
944 4683 1066 4753 quia
1093 4691 1270 4737 vestra
1294 4681 1461 4735 virtus
1484 4681 1641 4734 altius
1670 4679 1922 4750 provecta
1949 4689 2052 4746 est,

474 4789 586 4834 tum
613 4779 739 4850 quia
764 4777 983 4832 minime
1010 4791 1040 4828 a
1066 4775 1289 4830 veritate
1310 4772 1591 4828 aberrasse
1615 4771 1760 4826 visus
1781 4787 1918 4826 sum.
1949 4771 2055 4826 Sed

471 4875 602 4928 sicut
644 4877 814 4928 omnia
841 4871 978 4926 vobis
1009 4870 1065 4924 in
1090 4868 1294 4922 veritate
1317 4865 1509 4934 loquuti
1533 4880 1726 4925 sumus,
1753 4865 1826 4917 ita
1859 4874 1905 4918 et
1943 4865 2057 4931 glo-

470 4966 622 5019 riatio
642 4973 834 5030 nostra,
855 4978 967 5033 qua
993 4961 1088 5034 fuit
1115 4959 1183 5016 ad
1218 4957 1411 5022 Titum,
1440 4959 1626 5010 veritas.
1651 4959 1789 5027 facta
1819 4967 1910 5010 est.
1939 4955 2054 5011 Hoc

471 5058 589 5111 loco
609 5055 752 5111 aliud
777 5070 988 5126 quoque
1010 5051 1330 5108 subindicat.
1353 5047 1833 5118 Quemadmodum,
1858 5048 2050 5118 inquit,

469 5149 611 5219 apud
638 5163 737 5202 vos
760 5149 939 5202 omnia
970 5147 1036 5203 de
1066 5146 1187 5201 Tito
1225 5159 1350 5200 vere
1374 5143 1576 5213 loquuti
1615 5156 1799 5198 sumus
1836 5141 2048 5207 (verisi-

469 5241 598 5298 mile
617 5242 758 5296 enim
788 5250 892 5308 est,
923 5255 1043 5295 eum
1065 5240 1258 5295 multas
1282 5237 1421 5309 apud
1448 5237 1568 5293 illos
1593 5235 1696 5291 Titi
1723 5235 1905 5290 laudes
1924 5250 2050 5305 pro-

469 5334 678 5404 tulisse)
709 5352 722 5388 :
754 5335 834 5388 sic
862 5333 1102 5387 vicissim
1130 5347 1193 5386 ea
1213 5373 1228 5398 ,
1259 5345 1382 5401 qua:
1416 5329 1484 5384 de
1516 5328 1712 5384 vestris
1751 5326 1994 5380 laudibus
2015 5342 2049 5381 a

461 5446 554 5486 me
579 5428 646 5482 ad
672 5427 849 5482 Titum
875 5427 1011 5480 dicta
1044 5434 1188 5492 sunt,
1223 5440 1346 5480 vera
1375 5433 1650 5494 comperta
1681 5433 1826 5478 sunt.
1861 5421 1947 5477 15.
1977 5418 2046 5474 Et

462 5525 652 5580 uiscera
678 5521 837 5592 ipsius
865 5517 1202 5572 abundantius
1222 5517 1276 5570 in
1302 5517 1438 5571 vobis
1462 5525 1598 5570 sunt.
1625 5514 1718 5569 His
1739 5514 1916 5569 verbis
1933 5514 2043 5583 jam

460 5633 585 5674 eum
613 5613 972 5676 commendat,
989 5621 1045 5666 ut
1066 5626 1256 5681 magno
1278 5625 1462 5665 amore
1481 5608 1862 5664 inﬂammatum
1883 5617 2050 5676 atque.

461 5713 593 5786 ipsis
618 5711 943 5766 devinctum.
991 5705 1108 5761 Non
1137 5704 1280 5761 enim
1308 5701 1464 5765 dixit,
1490 5702 1698 5758 Caritas
1727 5701 1911 5771 ipsius,
1944 5698 2045 5754 sed

475 5809 676 5864 Viscera
702 5806 883 5877 ipsius.
915 5803 1112 5861 Deinde
1143 5819 1210 5858 ne
1244 5799 1500 5855 assentari
1559 5797 1819 5857 videatur.
1846 5795 2042 5863 ubique

461 5900 712 5959 amicitia:
737 5915 923 5960 causas
951 5900 1124 5967 all'ert,
1158 5907 1266 5954 tum
1311 5910 1396 5962 ne,
1427 5893 1502 5949 uti
1526 5891 1633 5959 jam
1655 5886 1784 5960 dixi,
1829 5889 1881 5944 iu
1907 5887 2037 5944 adu-

2186 1642 2397 1696 lationis
2425 1644 2782 1715 suspicionem
2813 1647 3030 1716 incidat,
3057 1658 3166 1704 tum
3208 1663 3266 1707 ut
3291 1667 3388 1708 eos
3415 1653 3475 1708 ad
3502 1654 3685 1708 virtutem

2185 1735 2360 1788 acrius
2389 1737 2590 1802 incitet,
2637 1737 2845 1793 laudem
2873 1739 2940 1794 ad
2977 1756 3072 1796 eos
3110 1742 3372 1811 referens,
3402 1757 3543 1815 atque
3559 1758 3687 1800 ueleti-

2183 1823 2318 1877 dens
2345 1839 2438 1879 eos
2462 1840 2603 1892 esse,
2629 1829 2719 1897 qui
2755 1837 2914 1883 tanta:
2943 1830 3329 1888 benevolentiae
3368 1836 3557 1890 initium
3579 1846 3690 1904 atque

2183 1926 2552 1985 argumentqu
2582 1919 2703 1974 Tito
2732 1920 3030 1990 injecerint.
3060 1923 3189 1978 Nam
3229 1941 3352 1980 cum
3393 1928 3600 1988 dixisset.
3627 1925 3688 1979 γε.

2180 2024 2320 2062 scera
2362 2011 2472 2080 ejus
2499 2011 2841 2067 abundantius
2876 2024 2996 2068 sunt
3032 2016 3101 2068 ad
3127 2031 3231 2083 vos,
3262 2019 3542 2090 subjungit,
3569 2017 3690 2073 ﬂuui-

2182 2100 2418 2155 niscentis
2445 2104 2668 2157 omnium
2686 2115 2896 2159 vestrum
2909 2106 3260 2162 obedientiam.

2255 2191 2352 2246 Titi
2390 2195 2522 2249 laus.
2560 2225 2632 2236 -—
2660 2195 2770 2251 Hoc
2797 2207 2976 2254 autem
3021 2199 3127 2253 Titi
3171 2216 3386 2272 quoque
3412 2213 3594 2273 gratum
3615 2202 3693 2253 ani-

2178 2299 2323 2338 mum
2353 2301 2478 2355 erga
2520 2285 2766 2343 homines
2792 2287 2861 2344 de
2901 2304 2961 2344 se
3003 2290 3139 2345 bene
3174 2293 3398 2348 meritos
3421 2294 3636 2356 ostendit,
3658 2300 3695 2343 ut

2177 2377 2267 2446 qui
2293 2393 2388 2433 eos
2415 2393 2603 2434 omnes
2627 2381 2806 2435 animo
2830 2383 3139 2451 complexus
3173 2384 3443 2453 rediisset,
3470 2398 3692 2456 perpetua-

2177 2484 2282 2537 que
2311 2472 2568 2524 memoria
2612 2471 2997 2540 circumferret,
3030 2485 3192 2545 atque
3243 2487 3298 2532 et
3342 2494 3440 2534 ore
3480 2489 3530 2533 et
3565 2487 3697 2532 mente

2182 2569 2440 2615 versaret.
2472 2561 2774 2618 Corinthios
2794 2565 2954 2619 etiam
2977 2567 3230 2637 majorem
3260 2569 3310 2622 in
3338 2570 3546 2624 modum
3566 2576 3694 2631 emat,

2179 2652 2320 2721 quod
2354 2653 2524 2723 ipsum
2553 2655 2621 2708 ita
2653 2656 2752 2711 sibi
2775 2657 3083 2714 devinctum
3113 2661 3465 2718 dimisissent.
3486 2664 3589 2718 llos
3610 2663 3698 2714 alie-

2177 2741 2428 2798 dientiam
2458 2745 2615 2800 etiam
2638 2747 2870 2818 ipsorum
2895 2751 3130 2820 exponit,
3161 2760 3218 2806 ut
3237 2766 3430 2808 eorum
3455 2753 3607 2808 studio
3627 2751 3696 2803 sti-

2176 2835 2350 2890 mulos
2379 2837 2576 2892 addat:
2609 2839 2751 2895 unde
2777 2850 2831 2896 et
2858 2843 3126 2898 subnectit
3147 2845 3261 2899 haec
3279 2846 3468 2913 verba,
3493 2843 3700 2913 Quomodo

2175 2944 2291 2982 cum
2317 2929 2494 2984 timore
2514 2939 2564 2985 et
2592 2941 2804 2986 tremore
2822 2933 3108 3001 suscepistis
3135 2951 3269 2989 eum.
3297 2933 3420 2991 Non
3451 2935 3590 2989 modo
3611 2950 3696 2988 cum

2175 3020 2416 3085 Caritate,
2446 3019 2539 3075 sed
2567 3022 2727 3077 etiam
2754 3038 2878 3078 cum
2919 3040 3130 3080 summo
3154 3024 3383 3083 honore.
3415 3027 3698 3096 Viden‘quo-

2177 3113 2336 3168 modo
2375 3113 2605 3183 duplicis
2654 3117 2863 3172 virtutis
2910 3117 3276 3175 testimonium
3319 3122 3452 3192 ipsis
3500 3122 3696 3175 tribuat:

2175 3206 2318 3276 quod
2369 3217 2422 3262 et
2463 3217 2519 3262 ut
2563 3218 2765 3279 patrem
2797 3227 2918 3266 eum
2949 3224 3211 3277 amarent,
3255 3225 3311 3269 et
3360 3225 3424 3270 ut
3464 3216 3699 3270 antistitem

2175 3309 2496 3367 metuerent,
2536 3317 2634 3356 nec
2665 3315 2810 3357 metu
2856 3319 3041 3359 eorum
3086 3305 3516 3362 benevolentiam
3553 3307 3696 3360 oluscu-

2174 3401 2347 3458 rante,
2397 3409 2494 3449 nec
2527 3394 2892 3451 benevolentia
2925 3407 3120 3453 metum
3153 3400 3445 3457 solvente?
3487 3404 3636 3471 Atque
3665 3398 3699 3450 id

2173 3492 2256 3540 est
2296 3485 2435 3554 quod
2477 3488 2724 3556 superius
2766 3489 2978 3544 dicebat
3017 3507 3032 3545 :
3077 3490 3230 3556 Quod
3269 3495 3546 3548 secundum
3587 3494 3700 3544 Dan

2172 3579 2450 3656 contristati
2478 3581 2615 3643 estis,
2647 3592 2891 3651 quantum
2925 3585 2981 3637 in
3004 3584 3141 3638 vobis
3166 3596 3437 3654 operatum
3462 3595 3530 3642 est
3560 3584 3704 3640 sollici-

2173 3670 2416 3738 tudinem,
2442 3671 2531 3726 sed
2565 3675 2814 3740 timorem,
2845 3673 2933 3728 sed
2957 3675 3259 3730 desiderium
3285 3677 3369 3747 (2.
3399 3678 3516 3733 Cor.
3542 3679 3588 3732 7.
3609 3676 3704 3743 ll)?

2174 3762 2263 3818 16.
2289 3760 2498 3817 Gaudeo
2522 3765 2675 3834 igitur
2701 3768 2940 3835 quoniam
2965 3768 3018 3820 in
3039 3769 3270 3822 omnibus
3298 3772 3508 3840 confido
3525 3772 3570 3823 in
3586 3768 3704 3823 vobis.

2172 3852 2357 3908 Videu‘
2396 3855 2666 3924 quomodo
2692 3857 2761 3912 ob
2794 3859 2937 3927 ipsos
2965 3860 3132 3928 magis
3158 3860 3440 3930 gaudeat?
3468 3861 3702 3929 Quoniam.

2170 3943 2362 4015 inquit,
2413 3949 2727 4016 praeceptori
2768 3957 2948 4004 vestro
2991 3950 3242 4006 dedecori
3280 3953 3510 4008 minime
3552 3950 3705 4009 fuistis.

2167 4053 2269 4093 nec
2299 4039 2603 4094 testimonio
2629 4055 2750 4094 meo
2778 4041 3021 4112 indignos
3045 4059 3140 4098 vos
3164 4044 3498 4100 reddidistis.
3521 4041 3708 4098 Proinde

2167 4145 2276 4185 non
2307 4141 2412 4186 tam
2438 4132 2507 4186 ob
2533 4132 2709 4187 Titum
2740 4134 3036 4201 laetabatur,
3065 4137 3207 4207 quod
3238 4146 3451 4192 tantum
3488 4138 3705 4192 honorem

2167 4225 2479 4295 accepisset,
2525 4243 2684 4296 quam
2716 4229 2784 4283 oh
2827 4245 2941 4294 cos,
2978 4231 3119 4301 quod
3162 4241 3369 4287 tantum
3417 4233 3551 4304 grati
3579 4230 3705 4283 animi

2165 4317 2436 4386 specimen
2483 4319 2792 4377 edidissent.
2843 4322 2975 4377 Nam
3025 4339 3092 4378 ne
3136 4324 3274 4379 illius
3303 4327 3494 4395 potius
3515 4322 3704 4379 amicitia

2165 4409 2375 4477 ductus,
2409 4413 2462 4467 in
2503 4413 2691 4468 laetitia
2737 4418 2942 4472 versari
2974 4417 3216 4472 videatur
3240 4458 3258 4483 ,
3306 4419 3438 4475 vide
3481 4415 3706 4489 quantulo

2166 4501 2252 4558 hic
2282 4519 2498 4574 quoque
2534 4521 2750 4561 causam
2780 4507 2986 4562 alferat.
3015 4508 3088 4566 Ut
3112 4510 3257 4564 enim
3294 4511 3546 4581 superius
3582 4507 3702 4565 dixit.

2165 4592 2316 4658 Quod
2339 4595 2534 4664 siquid
2557 4596 2621 4650 de
2665 4598 2800 4652 vobis
2832 4599 3078 4668 gloriatus
3104 4616 3235 4663 sum,
3262 4616 3369 4654 non
3418 4618 3530 4655 sum
3562 4599 3705 4660 conlu-

2161 4702 2248 4739 sus
2265 4701 2285 4740 :
2304 4687 2383 4740 sic
2410 4689 2572 4741 etiam
2607 4689 2708 4744 hoc
2733 4690 2870 4754 loco,
2907 4691 3158 4759 Quoniam
3185 4691 3238 4744 in
3275 4692 3515 4745 omnibus
3540 4687 3706 4754 conﬁdo

2161 4777 2214 4830 in
2239 4777 2396 4832 vobis.
2444 4780 2570 4835 Sive
2608 4780 2910 4849 objurgatio
2949 4781 3246 4836 adhibenda
3289 4782 3386 4847 sit,
3415 4798 3526 4838 non
3555 4782 3705 4838 timeo.

2161 4885 2228 4924 ne
2261 4884 2356 4924 vos
2378 4885 2408 4924 a
2437 4886 2524 4926 me
2567 4873 2924 4940 separemini;
2962 4872 3077 4927 sive
3116 4871 3464 4943 gloriandum
3508 4876 3592 4934 sit,
3622 4884 3702 4922 non

2159 4977 2350 5016 vereor
2374 4978 2442 5017 ne
2470 4963 2798 5034 redarguar;
2829 4965 2942 5019 sive
2968 4979 3083 5030 vos,
3117 4974 3174 5019 ut
3194 4966 3517 5036 morigeros,
3549 4966 3646 5018 sive
3663 4969 3706 5010 ut

2158 5053 2381 5108 caritate
2407 5063 2496 5108 aut
2523 5057 2684 5109 etiam
2714 5055 2830 5110 zelo
2855 5054 3128 5126 praeditos,
3158 5055 3460 5110 laudandos
3490 5055 3699 5109 habeam.

2155 5145 2368 5201 confido
2395 5146 2463 5202 de
2487 5146 2662 5202 vobis.
2709 5147 2860 5202 Edixi
2906 5157 2961 5202 ut
2985 5147 3396 5214 exscinderetis,
3431 5158 3487 5202 et
3513 5143 3703 5202 exscidi-

2155 5237 2290 5302 stis;
2313 5238 2454 5292 edixi
2485 5246 2542 5292 ut
2565 5239 2893 5310 reciperetis,
2937 5248 2993 5294 et
3027 5240 3348 5309 recepistis;
3399 5240 3509 5294 dixi
3549 5249 3696 5292 coram

2155 5329 2274 5384 Tito
2296 5346 2390 5384 vos
2419 5347 2641 5401 magnos
2661 5331 2920 5402 quosdam
2947 5339 3002 5385 et
3028 5330 3374 5385 admirandos
3419 5334 3563 5385 viros
3586 5342 3700 5387 esse

2153 5421 2542 5491 magistrosque
2561 5421 2732 5477 vereri
2762 5436 2952 5476 nosse:
2977 5420 3091 5476 ha-c
3116 5421 3278 5476 rebus
3302 5421 3441 5491 ipsis
3469 5436 3588 5475 vera
3605 5430 3700 5472 esse

2150 5515 2579 5572 demonStrastis.
2611 5513 2719 5568 Nec
2738 5512 2954 5583 perinde
2982 5511 3075 5567 ille
3099 5512 3214 5568 haec
3235 5529 3302 5568 ex
3325 5529 3418 5569 me
3447 5507 3638 5574 didicit,
3657 5516 3701 5560 ut

2148 5623 2217 5664 ex
2248 5606 2420 5661 vobis.
2460 5606 2720 5674 Quocirca
2741 5605 2940 5676 ingenti
2970 5605 3132 5659 vestri
3157 5619 3339 5661 amore
3387 5607 3628 5659 incensus
3645 5597 3696 5651 ad

2150 5716 2236 5756 me
2254 5714 2504 5754 reversus.
2515 5709 2600 5753 est
2620 5717 2634 5753 :
2657 5698 2798 5770 quod
2821 5698 2972 5768 plura
2991 5696 3356 5762 exbibueritis,
3378 5713 3542 5768 quam
3563 5691 3700 5749 verba

2147 5808 2262 5847 mea
2297 5790 2515 5846 ferrent.
2539 5787 2694 5860 (Cap.
2719 5786 2859 5857 8.)i.
2885 5787 3073 5843 Notam
3094 5799 3258 5843 autem
3273 5788 3414 5842 vobis
3437 5789 3586 5859 facio,
3607 5787 3696 5852 fm-

2148 5897 2268 5955 tm,
2297 5887 2517 5958 gratiam
2541 5883 2657 5950 Dei,
2681 5898 2794 5956 qua:
2817 5881 2937 5941 data
2960 5893 3034 5940 est
3053 5885 3106 5939 in
3127 5882 3364 5939 Ecclesiis
3383 5878 3699 5938 Macedonian
