3696 6212
70 373 84 426 Ι
960 386 1027 443 ΙΝ
1066 387 1285 447 EPIST.
1328 393 1371 449 ll
1405 394 1479 448 AI

1652 400 1682 450 ἱ.
1712 395 1946 453 HOMIL.
1989 399 2129 454 XVI.

54 485 218 552 ρύῦους
244 491 410 561 φυγὼν,
441 494 539 564 ὅρη
582 509 607 536 ιι
635 499 727 553 καὶ
749 500 1002 571 ἐρημίαν,
1037 504 1134 576 τὴν
1161 507 1371 578 μητέρα
1385 508 1487 578 τῆς

40 576 278 647 ἰοσοφίας,
316 583 613 652 ἡσπάσατος
677 589 777 642 ποῦ
804 592 1099 662 παρθενίας
1131 576 1313 667 ὄνομά
1353 576 1485 653 ποτε

60 683 74 731 ;
103 669 256 724 Ταῦτα
280 674 367 745 γὰρ
387 676 579 740 πάντα,
612 681 706 731 καὶ
744 682 813 734 τὰ
850 681 1054 736 τούτων
1084 686 1324 754 πλείονα,
1349 689 1477 743 τού-

50 778 65 810 )
93 761 177 814 τοῦ
201 763 504 837 δικαστηρίου
535 769 863 840 κατόρθωμα
883 772 1097 841 γέγονε,
1136 776 1340 849 ταύτης
1383 780 1484 849 τῆς

48 851 280 923 χῆςέργα.
310 857 456 910 Ταῦτ’
484 854 576 911 οῦν
600 860 802 919 εἰδότες
825 863 919 916 καὶ
950 866 1380 937 καταμαθόντες,
1407 869 1484 935 ὼς

43 1036 54 1057 ⁸
79 1034 234 1085 Aberat
252 1037 337 1100 ὄρη.

3051 414 3161 465 513

1584 509 1833 562 ἐντεῦθεν
1894 512 2043 564 πᾶσα
2094 513 2326 582 ὠφέλεια
2378 516 2470 569 τοῦ
2518 516 2655 585 βίον,
2702 518 2795 571 καὶ
2844 519 2877 587 ἡ
2933 518 3031 589 τῆς
3078 524 3156 574 οἰ-

1539 657 1549 667 ,
1583 600 1854 670 κουμένης
1880 602 2185 673 διόρθωσις,
2222 605 2423 675 θαμινά
2468 608 2709 678 βαδίζετε
2742 610 2890 681 παρά
2913 611 3011 683 τὴν
3047 613 3159 668 τῶν

1585 692 1746 745 θείων
1764 692 1936 761 λόγων
1969 696 2253 765 ἀκρόασιν,
2273 700 2367 752 καὶ
2387 700 2485 764 τάς
2510 702 2759 766 συνόδους
2787 702 2884 764 τάς
2902 703 3153 770 ἐνταῦθα,

1582 783 1809 846 καὶτὰς
1834 785 2013 856 εὐχάς.
2054 790 2149 840 "Av
2191 790 2299 860 γὰρ
2347 791 2518 854 οὕτως
2560 793 2788 857 ἑαυτοὺς
2833 794 3157 865 ρυθμίζητεἰ

1579 871 1871 941 δυνήσεσθε
1899 876 2008 927 τῶν
2020 877 2262 947 οὐρανῶν
2280 879 2435 944 ἀξίαν
2451 881 2845 953 ἐπιδειξάμενοι
2863 884 3137 936 πολιτείαν

1584 965 1769 1033 τυχεῖν
1797 964 1903 1017 τῶν
1956 966 2380 1037 ἐπηγγελμένων
2431 971 2672 1039 ἀγαθῶν,
2739 973 2919 1045 χάριτι
2945 975 3038 1027 καὶ¹
3064 993 3157 1045 φι-

1588 1049 1926 1124 λανθρωπίᾳ,
1974 1054 2070 1106 καὶ
2107 1055 2175 1107 τά
2204 1056 2353 1128 ἐξῆς.

39 1274 3118 1317 —_____._.________________________________________

1326 1530 1570 1585 OMIAIA
1612 1530 1729 1596 ις’.

37 1736 45 1798 ι
93 1720 256 1798 τοῦτο
303 1728 790 1802 παρακεκλήμεθα
835 1732 934 1786 ἐπὶ
986 1732 1063 1801 τῇ
1106 1734 1485 1802 παρακλήσει

38 1792 194 1867 ὶρῶνο
236 1792 655 1873 περισσοτέρωξ
687 1800 757 1873 δὲ
792 1792 1484 1873 μᾷλλον’ἐχάρημεν’ἐπί

134 1862 272 1945 χαρᾷ
304 1864 495 1945 Τίτου,
534 1862 653 1945 ’ὅτι
674 1862 1204 1945 ἀξαῖτιέπαυταΓώ
1233 1862 1485 1945 ’πνεῦμα

38 1932 195 1983 τύτοῦ
215 1934 319 1987 ἀπὸ
347 1935 589 1990 πάντων
625 1938 814 2009 ὑμῶν.

38 2114 74 2163 η’.
118 2112 251 2181 Ὅρα
285 2112 434 2166 πάλιν
468 2115 584 2178 πῶς
616 2118 833 2188 ἐπαίρει
878 2120 1056 2173 αὐτῶν
1094 2120 1165 2175 τὰ
1198 2121 1478 2193 ἐγκώμια,

51 2200 281 2255 δείκνυσι
312 2204 404 2273 τὴν
434 2206 673 2276 ἀγάπην.
707 2207 889 2261 Εἰπὼν
912 2210 1040 2281 γὰρ,
1069 2212 1151 2265 ὅτι
1175 2213 1382 2282 Ἥσθην
1400 2213 1483 2265 ὅτι

37 2292 178 2345 λῦτον
199 2297 229 2361 ὴ
259 2296 501 2367 ἐπιστολὴ
526 2299 711 2366 ἧνυσε,
737 2301 832 2353 καὶ
864 2303 947 2354 ὃτι
974 2303 1239 2357 Τοσοῦτον
1259 2306 1483 2375 ἐκερδά-

38 2400 65 2431 :'
98 2386 284 2454 Χαίρω
312 2387 433 2457 γὰρ,
466 2390 650 2459 φησὶν,
687 2394 799 2461 οὐχ
837 2393 927 2446 ὅτι
957 2396 1314 2463 ἐλυπήθητε,
1343 2398 1480 2451 ἀλλ’

38 2479 373 2548 ἐλυπήθητε
395 2485 481 2548 εἰς
500 2483 841 2554 μετάνοιαν·
876 2487 968 2540 καὶ
988 2487 1167 2552 δείξας
1193 2489 1356 2544 αὐτοῦ
1383 2490 1480 2562 τὴν

37 2589 165 2641 πην·
198 2576 323 2643 φησὶ
348 2574 474 2646 γὰρ,
507 2577 588 2629 ὅτι
638 2579 705 2630 Εἰ
756 2578 856 2631 καί
903 2581 1136 2649 ἔγραψα
1173 2582 1335 2651 ὑμῖν,
1368 2585 1480 2652 οὐχ

37 2682 129 2717 τεν
154 2665 252 2719 τοῦ
285 2665 701 2735 ἀδικήσαντος,
735 2669 877 2723 οὐδὲ
896 2671 1103 2725 ἕνεκεν
1133 2673 1239 2726 τοῦ
1272 2673 1479 2742 ἀδικη-

37 2774 149 2822 ὀς,
174 2757 309 2810 ἀλλ’
338 2757 543 2812 ἕνεκεν
569 2760 675 2813 τοῦ
702 2761 1112 2830 φανερωθῆναι
1154 2762 1269 2831 τὴν
1288 2777 1477 2818 σπου-

54 2847 232 2916 ἠμῶν
259 2848 370 2916 τὴν
401 2850 550 2918 ὑπὲρ
574 2850 740 2920 ὑμῶν
763 2850 912 2920 πρὸς
940 2851 1115 2922 ὑμᾶς·
1143 2854 1287 2922 λέγει
1321 2854 1482 2909 πάλιν

75 2942 301 3008 σημεῖον
333 2940 429 3011 τῆς
463 2941 644 2995 αὐτῶν
670 2943 901 3008 εὐνοίας,
933 2944 962 2997 δ
992 2945 1160 2998 πολὺν
1181 2946 1361 3010 αὐτοῖς
1389 2947 1483 3016 φέο

37 3032 117 3082 τὸν
156 3031 393 3098 ἔπαινον,
433 3034 526 3086 καὶ
567 3034 804 3088 δείκνυσι
834 3036 933 3105 τῆς
956 3038 1175 3107 ἀγάπης
1212 3038 1392 3091 αὐτῶν
1420 3039 1482 3092 τὸ

38 3140 153 3175 ιονο
199 3123 319 3176 Ἐπὶ
348 3123 455 3194 γὰρ
486 3123 561 3193 τῇ
599 3127 973 3195 παρακλήσει
1007 3127 1175 3197 ὑμῶν
1201 3146 1483 3198 περισσο-

38 3238 83 3282 ις
109 3217 355 3285 μᾶλλον
373 3218 673 3286 ἐχάρημεν
693 3219 792 3272 ἐπὶ
823 3217 896 3289 τῇ
923 3218 1080 3289 χαρᾷ
1116 3222 1301 3286 Τίτου,
1325 3223 1479 3292 φησί.

40 3328 95 3362 οι
127 3326 191 3377 γε
234 3308 393 3362 τοῦτο
424 3310 524 3363 οὐκ
566 3309 679 3364 ἐστι
702 3311 980 3380 φιλοῦντος
1016 3312 1279 3385 σφοδρῶς,
1306 3313 1365 3366 τὸ
1395 3314 1480 3366 ἐπ’

40 3420 92 3470 ῳ
131 3399 335 3470 μᾶλλον
365 3402 619 3472 χαρῆναι,
670 3401 703 3473 ἢ
754 3404 840 3456 ἐπ’
871 3404 1071 3469 αὐτοῖς.
1117 3408 1249 3472 Ναὶ,
1294 3405 1478 3477 φησίψ

38 3492 41 3561 ί
99 3492 228 3544 οὐδὲ
262 3492 374 3561 γάρ
411 3492 476 3544 δι’
511 3495 716 3546 ἐκεῖνον
754 3495 1025 3561 τοσοῦτον,
1068 3498 1191 3550 ὅσον
1234 3498 1302 3551 δι’
1336 3499 1481 3567 ὑμᾶς

38 3602 84 3637 υ.
120 3584 226 3637 Διά
263 3586 427 3638 τοῦτο
456 3584 548 3638 καὶ
574 3585 670 3656 τὴν
703 3587 879 3641 αἰτίαν
901 3589 1097 3657 ἐπάγει
1124 3589 1319 3659 λέγων,
1349 3590 1480 3644 Ὀτι

41 3675 351 3744 πλάγχνα
396 3676 581 3730 αὐτοῦ
622 3678 1035 3734 ἀναπέπαυται
1082 3681 1199 3735 ἀπὸ
1239 3681 1481 3735 πάντων

37 3782 73 3819 ·.
108 3765 233 3817 Οὐκ
277 3759 458 3830 εἶπεν,
490 3765 680 3832 Αύτὸς,
716 3767 869 3834 ἀλλὰ,
904 3771 981 3825 Τὰ
1007 3771 1333 3839 σπλάγχνα
1375 3773 1481 3825 αὐ-

41 3853 372 3915 τουτέστιν,
411 3856 444 3924 ή
487 3856 672 3927 ἀγάπη
719 3858 882 3911 αὑτοῦ
931 3861 963 3929 ἡ
1011 3862 1138 3931 περὶ
1168 3863 1329 3932 ὑμᾶς.
1370 3864 1480 3916 Καὶ

37 3944 466 4009 ὶναπέπαυται;
506 3945 639 3998 Ἀπὸ
661 3946 918 4004 πάντων.
947 3951 1056 4003 Καὶ
1078 3952 1186 4022 γὰρ
1212 3954 1481 4007 καὶτοῦτο

38 4050 149 4085 τον
184 4031 495 4102 ἐγκώμιον.
532 4033 660 4087 Ὅτι
706 4036 763 4088 εἴ
809 4054 863 4089 τι
900 4038 1059 4103 αὐτῷ
1115 4043 1481 4110 κεκαύχημαι

70 4121 282 4190 ὑμῶν.
322 4122 517 4190 Μέγας
573 4125 601 4175 ό
652 4123 892 4189 ἔπαινος,
933 4126 1061 4180 ὅταν
1099 4129 1128 4180 ό
1165 4129 1480 4194 διδάσκαλος

37 4215 180 4264 ἱται·
220 4212 369 4281 φησι
398 4213 525 4282 γὰρ,
552 4196 633 4266 ὅτι
671 4215 745 4267 Οὐ
778 4217 1174 4289 κατῃσχύνθην.
1202 4221 1299 4274 Διά
1323 4222 1480 4275 τοῦτο

42 4321 100 4365 ν,
152 4303 247 4354 ὅτι
303 4300 555 4370 βελτίους
595 4304 851 4375 ἐφάνητε,
898 4306 989 4357 καὶ
1021 4307 1108 4360 διά
1154 4308 1260 4361 τῶν
1304 4310 1480 4379 ἔργων

38 4391 110 4443 τέ
166 4406 283 4459 μου
332 4389 409 4441 τὰ
450 4392 691 4461 ῥήματα.
725 4394 885 4447 Ὥστε
943 4394 1159 4460 διπλοῦς
1199 4400 1227 4451 ό
1277 4400 1480 4470 κόσμος

37 4482 138 4534 καὶ
178 4481 274 4532 ὅτι
314 4479 480 4549 ὑμεῖς
505 4483 833 4549 ἐπεδώκατε,
860 4486 955 4540 καὶ
977 4488 1058 4540 ὅτι
1090 4488 1198 4557 ἐγὼ
1219 4490 1317 4543 οὐκ
1343 4492 1478 4560 ἐφά-

37 4575 98 4643 ῇς
133 4571 432 4643 ἀληθείας
475 4575 799 4630 διαπίπτων.
840 4578 997 4632 Ἀλλ’
1026 4579 1106 4646 ὠς
1130 4579 1385 4636 πάντοτε
1410 4584 1480 4637 ἐν

42 4666 115 4729 ίᾳ
140 4664 571 4736 ἐλαλήσαμεν
604 4648 764 4736 ὑμῖν,
788 4668 939 4722 οὕτω
969 4670 1069 4723 καὶ
1103 4673 1141 4740 ἡ
1182 4674 1479 4742 καύχησις

45 4755 94 4820 ἡ
133 4753 255 4806 ἐπὶ
294 4756 497 4818 Τίτου,
532 4754 781 4821 ἀλήθεια
804 4755 1067 4824 γέγονεν.
1102 4758 1363 4814 Ἐνταῦθα
1384 4763 1478 4815 καὶ

38 4864 55 4897 ι
94 4845 467 4899 αἰνίττεται·
500 4847 582 4901 ὅτι
620 4845 807 4917 ῶσπερ
846 4850 975 4918 παρ’
1008 4849 1135 4919 ὑμῖν
1167 4853 1304 4919 μετά
1341 4853 1477 4922 ἀλη-

37 4938 236 4991 τάντα
267 4937 693 5007 ἐφθεγξάμεθα·
724 4938 868 4998 εἰκὸς
901 4940 1010 5009 γάρ
1042 4942 1202 4995 αὐτὸν
1229 4944 1321 4996 καὶ
1347 4945 1478 5016 περὶ

82 5029 296 5082 πολλὰ
349 5030 539 5092 αὐτοῖς
573 5030 746 5081 εἰπεῖν
787 5027 1055 5099 ἐγκώμιαυ
1104 5033 1243 5086 οὕτω
1276 5035 1369 5088 καὶ
1408 5038 1477 5091 τά

38 5118 181 5187 μῶν
217 5119 374 5189 ἡμῖν
425 5119 568 5187 Τίτῳ
601 5120 887 5189 εἰρημένα,
912 5122 1087 5193 ἀληθῆ
1138 5124 1331 5193 ἐφάνη.
1363 5127 1474 5181 Καὶ

38 5211 346 5279 τλάγχνα
403 5210 590 5269 αὑτοῦ
660 5217 1097 5283 περισσοτέρως
1162 5216 1333 5269 ἐστίν
1388 5221 1476 5284 εὶς

72 5301 288 5354 Τοῦτο
348 5301 542 5355 λοιπὸν
586 5304 788 5355 ἐκεῖνον
822 5305 1173 5369 συνιστῶντός
1200 5309 1367 5373 ἐστιν,
1400 5310 1475 5373 ὡς

38 5434 39 5441 η
91 5393 534 5463 ἐκκαιόμενον,
562 5394 655 5446 καὶ
703 5394 1078 5462 συνδεδεμένον
1122 5399 1322 5462 αὐτοῖς.
1366 5402 1475 5453 Καὶ

37 5504 153 5551 τεν,
204 5486 284 5539 Ἠ
322 5488 520 5555 ἀγάπη
543 5486 728 5551 αὐτοῦ,
755 5486 908 5551 ἀλλὰ,
938 5491 1012 5542 Τὰ
1031 5489 1353 5560 σπλάγχνα
1373 5495 1471 5547 αύ-

37 5573 172 5644 ἷτσι,
216 5578 327 5631 ἵνα
370 5580 451 5649 μὴ
486 5578 609 5649 δόξῃ
635 5578 964 5643 κολακεύειν,
992 5583 1265 5653 πανταχοῦ
1286 5585 1466 5656 τίθησι

37 5671 201 5734 μλίας
266 5671 389 5734 τὰς
454 5671 648 5734 αἰτίας,
697 5670 782 5733 ἵν’,
830 5672 961 5741 ὅπερ
1016 5667 1190 5737 εἶπον,
1232 5675 1326 5727 καὶ
1369 5678 1467 5747 τὴν

37 5762 138 5819 ίαν
177 5762 483 5841 διαφύγῃ,
526 5764 615 5816 καὶ
643 5762 878 5826 ἐκείνους
924 5762 1124 5833 μᾶλλον
1168 5768 1464 5840 προτρέψῃ,

1583 1736 1645 1789 τὸ
1677 1738 1953 1809 ἐγκώμιον
1994 1741 2077 1800 εἰς
2106 1743 2300 1805 αὐτοὺς
2342 1745 2648 1814 περιϊστάς,
2682 1746 2776 1799 καὶ
2816 1746 3028 1810 δεικνὺς
3056 1746 3156 1818 τὴν

1584 1828 1759 1899 ἀρχὴν
1787 1830 1880 1881 καὶ
1908 1830 2010 1900 τὴν
2039 1831 2296 1884 ὑπόθεσιν
2322 1833 2423 1901 τῆς
2450 1834 2718 1904 τοσαύτης
2749 1836 2973 1906 ἀγάπης
3012 1838 3157 1890 ἐκεί-

1583 1937 1707 1983 νους
1736 1921 2070 1990 ἐμϐαλόντας
2098 1923 2264 1994 αὐτῷ.
2296 1924 2479 1977 Εἰπὼν
2512 1924 2641 1996 γὰρ,
2676 1928 2759 1979 ὄτι
2811 1928 2884 1980 Τὰ
2921 1928 3154 1997 σπλάγ-

1582 2028 1702 2079 χνα
1757 2014 1944 2067 αὑτοῦ
2000 2016 2435 2083 περισσοτέρως
2478 2017 2653 2071 ἐστίν
2689 2022 2777 2084 εἰς
2824 2018 3000 2089 ὑμᾶς,
3055 2022 3155 2073 ἐπ-

1582 2105 1809 2173 ήγαγενο
1852 2106 2481 2177 Ἀναμιμνησκομένου
2513 2109 2630 2164 τὴν
2664 2110 2948 2165 ἁπάντων
2982 2111 3153 2181 ὑμῶν

1581 2196 1884 2264 ὑπακοήν.

1652 2307 1824 2360 Τοῦτο
1855 2308 1909 2361 δὲ
1940 2308 2035 2361 καὶ
2076 2308 2167 2361 τὸν
2192 2309 2350 2363 Τίτον
2384 2310 2703 2380 εὐγνώμονα
2743 2310 2984 2365 δείκνυσι
3024 2310 3153 2379 περὶ

1579 2398 1708 2461 τοὺς
1735 2398 2049 2470 εὐεργέτας,
2085 2400 2138 2453 εί¹
2158 2417 2219 2469 γε
2246 2400 2427 2455 λαϐὼν
2469 2403 2667 2465 αὐτοὺς
2695 2404 2753 2456 ἐν
2778 2405 2844 2472 τῇ
2876 2402 3020 2473 ψυχῇ
3052 2403 3152 2454 ἐπ·-

1581 2487 1808 2558 ἀνῆλθεν
1835 2488 2098 2554 ἆπαντας,
2126 2491 2218 2542 καὶ
2242 2490 2502 2560 διηνεκῶς
2534 2489 2713 2545 αὐτῶν
2737 2492 3028 2562 μέμνηται,
3058 2492 3153 2545 καὶ

1581 2578 1823 2641 ἐκείνους
1846 2580 1939 2632 ἐπὶ
1966 2580 2232 2651 στόματος
2261 2580 2373 2651 ἔχει
2401 2583 2493 2635 καὶ
2522 2582 2614 2635 ἐπὶ
2637 2582 2891 2647 διανοίας.
2912 2583 3022 2636 Καὶ⁸
3045 2585 3153 2634 Κο-

1585 2671 1820 2740 ρινθίους
1856 2672 2018 2725 πάλιν
2071 2677 2268 2743 κοσμεῖ
2317 2675 2598 2745 μειζόνως,
2657 2676 2738 2728 ὅτι
2790 2677 2950 2730 αὐτὸν
3008 2676 3154 2730 οὕτω

1581 2764 1975 2834 χειρωσάμενοι
2000 2763 2331 2835 ἐξέπεμψαν.
2364 2762 2495 2820 Εἶτα
2524 2769 2617 2821 καὶ
2642 2769 2740 2839 τὴν
2769 2769 3015 2840 ὑπακοὴν
3054 2771 3153 2823 αύ-

1580 2854 1686 2908 τῶν
1709 2855 1876 2923 λέγει,
1910 2858 2193 2910 ἐπιτείνων
2222 2858 2400 2911 αὐτῶν
2424 2858 2522 2930 τὴν
2556 2860 2809 2931 σπουδήψ
2832 2861 2911 2914 διὸ
2930 2860 3026 2913 καὶ
3055 2863 3153 2913 ἐπ·

1583 2945 1706 3013 ἀγει
1735 2946 1927 3011 ταῦτα,
1970 2948 2068 3013 Ὧς
2082 2948 2234 3017 μετὰ
2270 2950 2459 3017 φόϐου
2494 2951 2591 3004 καὶ
2620 2953 2840 3021 τρόμου
2863 2953 3155 3018 ἐδέξασθε

1581 3038 1786 3090 αὐτόν.
1815 3038 1890 3090 Ού
1923 3040 2061 3107 μετά
2092 3039 2314 3109 ἀγάπης
2344 3040 2520 3110 μόνον,
2544 3042 2677 3095 ἀλλά
2710 3044 2804 3095 καὶ
2825 3044 2960 3113 μετά
2986 3046 3155 3114 τιμῆς

1582 3130 1999 3200 ἐπιτεταμένης.
2022 3127 2175 3194 Εἶδες
2199 3131 2315 3194 πῶς
2342 3132 2533 3201 διπλῆν
2567 3134 2748 3196 αὐτοῖς
2780 3135 2981 3205 ἀρετὴν
3015 3154 3156 3207 μαρ-

1581 3224 1753 3289 τυρεῖ,
1794 3224 1889 3274 καὶ
1927 3222 2010 3274 ὅτι
2043 3222 2118 3299 ὡς
2156 3224 2365 3294 πατέρα
2398 3224 2638 3293 ἐφίλουν,
2671 3226 2768 3279 καὶ
2810 3227 2886 3291 ὡς
2915 3228 3155 3299 ἄρχοντα

1582 3312 1938 3376 ἐδεδοίκεσαν,
1987 3298 2115 3366 οὔτε
2155 3314 2241 3369 διά
2286 3315 2377 3368 τὸν
2434 3316 2595 3386 φόϐον
2636 3319 3012 3388 ἀμαυροῦντες
3055 3321 3156 3392 τὴν

1581 3404 1825 3475 ἀγάπην,
1864 3404 1986 3457 οὔτε
2027 3405 2114 3459 διὰ
2142 3405 2242 3476 τὴν
2272 3406 2491 3478 ἀγάπην
2516 3408 2800 3473 ἐκλύοντος
2837 3411 2929 3462 τὸν
2956 3412 3152 3479 φόϐον;

1581 3500 1750 3552 Τοῦτο
1777 3499 1871 3551 καὶ
1891 3500 2146 3568 ἀνωτέρω
2174 3499 2376 3568 ἔλεγεν,
2405 3500 2485 3552 ὅτι
2516 3500 2585 3552 Τό
2614 3499 2765 3554 κατὰ
2794 3503 2941 3555 Θεὸν
2959 3506 3156 3571 λύπη-ο

1581 3591 1755 3659 θῆναι
1795 3590 1970 3659 ὑμᾶς,
2016 3593 2218 3659 πόσην
2249 3591 2674 3662 κατειργάσατο
2697 3593 2768 3646 ἐν
2798 3594 2939 3663 ὑμῖν
2963 3612 3155 3649 σπου-

1578 3682 1717 3751 δὴν,
1752 3681 1911 3736 ἀλλὰ
1930 3684 2135 3751 φόϐον,
2172 3685 2329 3738 ἀλλὰ
2368 3685 2763 3753 ἐπιπόθησιν;
2796 3687 2985 3755 Χαίρω
3014 3684 3149 3753 οὖν,

1579 3774 1668 3829 ὅτι
1707 3775 1777 3828 ἐν
1822 3776 2000 3829 παντί
2040 3776 2233 3845 θαρρῶ
2266 3777 2335 3830 ἐν
2372 3777 2532 3846 ὑμῖν.
2590 3779 2755 3851 Ὀρᾷς
2802 3781 2882 3833 ὅτι
2938 3780 3004 3832 δι’
3053 3782 3151 3833 αὐ-

1578 3866 1703 3929 τοὺς
1747 3867 1948 3936 μᾶλλον
1992 3868 2213 3939 χαίρεις
2253 3870 2374 3923 Ὅτι
2424 3871 2659 3941 οὐδαμοῦ
2708 3872 2800 3925 τὸν
2834 3874 3153 3928 διδάσκαλον

1579 3958 1974 4028 κατῃσχύνατε,
2027 3961 2214 4032 φησὶν,
2268 3962 2390 4015 οὐδὲ
2457 3964 2665 4029 ἀνάξιοι
2734 3965 2985 4033 φαίνεσθε
3049 3968 3150 4038 τῆς

1580 4049 1718 4118 ἐμῆς
1750 4048 2076 4120 μαρτυρίας.
2115 4052 2278 4104 Ὥστε
2307 4052 2405 4122 οὐχ
2435 4052 2576 4107 οὕτω
2607 4054 2697 4107 διὰ
2726 4054 2880 4108 Τίτον
2908 4056 3144 4127 ἔχαιρεν,

1579 4138 1661 4191 ὅτι
1706 4139 1874 4210 τιμῆς
1920 4140 2203 4210 ἀπήλαυσε
2255 4143 2545 4214 τοσαύτης,
2590 4144 2666 4207 ὠς
2710 4144 2777 4197 δι’
2813 4146 3029 4210 αὐτοὺς,
3066 4148 3148 4203 ὅτι

1578 4232 1848 4301 τοσαύτην
1892 4232 2233 4298 ἐπεδείξαντο
2292 4235 2731 4306 εὐγνωμοσύνην.
2762 4238 2879 4291 Ἵνα
2928 4239 3035 4311 γὰρ
3074 4240 3148 4311 μὴ

1579 4323 1805 4393 νομισθῇ
1831 4322 1897 4375 δι’
1922 4324 2128 4377 ἐκεῖνον
2153 4326 2363 4396 χαίρειν
2402 4328 2620 4396 μᾶλλον,
2654 4329 2755 4398 ὅρα
2791 4331 2907 4393 πῶς
2938 4334 3029 4385 καὶ
3058 4334 3145 4386 ἐν·

1577 4413 1749 4467 ταῦθα
1769 4415 1867 4485 τὴν
1891 4415 2067 4469 αἰτίαν
2096 4416 2327 4486 τίθησιν.
2358 4418 2566 4489 Ὠσπερ
2592 4415 2684 4473 οὖν
2894 4423 3149 4493 ἀνωτέρω

1579 4500 1751 4569 εἶπεν,
1780 4505 1908 4558 ’Ὀτι
1934 4507 1990 4559 εἴ
2011 4524 2067 4559 τι
2092 4505 2251 4571 αὐτῷ
2284 4509 2651 4577 κεκαύχημαι
2682 4510 2834 4579 ὑπὲρ
2857 4513 3039 4581 ὑμῶν,
3075 4517 3147 4568 οὐ

1578 4599 2029 4666 κατῃσχύνθην
2066 4598 2206 4651 οὕτω
2265 4600 2358 4652 καὶ
2408 4600 2661 4663 ἐνταῦθα,
2693 4602 2819 4655 Ὅτι
2864 4604 2934 4656 ἐν
2967 4606 3147 4659 παντὶ

1578 4686 1771 4755 θαρρῶ
1817 4688 1886 4740 ἐν
1919 4688 2078 4757 ὑμῖν.
2106 4688 2225 4741 Κᾶν
2257 4690 2549 4760 ἐπιπλῆξαι
2582 4691 2710 4755 δέοι,
2747 4694 2808 4745 οὐ
2834 4693 3045 4749 δέδοικα
3071 4696 3146 4768 μὴ

1577 4776 1954 4848 ἀπορῤαγῆτε,
1997 4779 2100 4832 κᾶν
2157 4782 2555 4851 καυχήσασθαι,
2607 4783 2668 4835 οὐ
2726 4784 3017 4856 φοϐοῦμαι,
3069 4789 3147 4851 ὡς

1577 4866 1948 4937 ἐλεγχόμενος,
1999 4871 2102 4922 κᾶν
2142 4871 2217 4934 ὠς
2264 4872 2575 4942 πειθηνίους
2603 4877 2907 4938 ἐπαινέσαι.
2940 4877 3040 4931 κᾶν
3068 4880 3145 4943 ὡς

1577 4958 1969 5029 ἀγαπητικοὺς,
1998 4962 2103 5015 κᾶν
2125 4963 2199 5027 ὡς
2228 4962 2386 5033 ζῆλον
2420 4964 2663 5034 ἔχοντας,
2689 4966 2876 5039 θαῤῥῶ
2907 4971 2964 5023 ἐν
2991 4971 3139 5041 ὑμῖν.

1576 5046 1743 5102 Εἶπον
1772 5052 2020 5120 ἐκκόψαι,
2060 5054 2153 5106 καὶ
2195 5055 2505 5124 ἐξεκόψατε·
2552 5054 2705 5111 εἶπον
2733 5060 3005 5127 δέξασθαι,
3049 5064 3144 5117 καὶ

1576 5142 1848 5206 ἐδέξασθεο
1874 5140 2025 5197 εἶπον
2046 5145 2126 5197 ὅτι
2153 5146 2376 5213 μεγάλοι
2401 5147 2543 5210 τινές
2572 5152 2692 5201 ἐστε
2718 5152 2811 5204 καὶ
2839 5152 3143 5223 θαυμαστοὶ

1575 5235 1667 5286 ἐπὶ
1696 5234 1857 5287 Τίτου
1902 5236 1996 5287 καὶ
2026 5236 2378 5301 διδασκάλους
2409 5239 2605 5303 εἰδότες
2633 5242 2919 5298 αἰδεῖσθαιο
2965 5247 3139 5320 άληθῆ

1574 5323 1662 5377 διά
1690 5323 1796 5377 τῶν
1828 5324 2005 5393 ἔργων
2024 5325 2196 5378 ταῦτα
2227 5325 2484 5391 ἐδείξατε.
2517 5331 2625 5383 Καὶ
2647 5334 2741 5403 οὐχ
2771 5333 2942 5401 οὕτως
2970 5337 3141 5407 ἔμαθε

1573 5408 1747 5463 ταῦτα
1766 5413 1893 5481 παρ’
1916 5411 2073 5480 ἐμοῦ,
2099 5413 2174 5476 ῶς
2198 5416 2326 5484 παρ’
2349 5416 2520 5487 ὑμῶν.
2540 5420 2839 5494 Ἐπανῆλθε
2862 5425 2992 5493 γοῦν
3014 5445 3132 5496 σφο-

1578 5499 1703 5571 δρὸς
1748 5501 1980 5571 ἐραστὴς
2014 5503 2168 5571 ὑμῶν
2210 5507 2518 5577 γενόμενος,
2554 5509 2773 5565 πλείονα
2822 5516 2929 5568 τῶν
2967 5516 3139 5585 λόγων

1580 5590 1998 5661 ἐπιδειξαμένων
2035 5594 2207 5665 ὑμῶν.
2242 5599 2510 5667 Γνωρίζω
2544 5601 2612 5655 δὲ
2654 5605 2813 5673 ὑμῖν,
2866 5607 3139 5677 ἀδελφοί,

1581 5681 1697 5749 τὴν
1722 5682 1898 5751 χάριν
1923 5684 2027 5738 τοῦ
2062 5687 2208 5741 Θεοῦ
2242 5689 2355 5756 τὴν
2390 5690 2720 5763 δεδομένην
2759 5697 2829 5751 ἐν
2854 5698 2981 5763 ταῖς
3018 5700 3137 5754 Ἐκ-

1583 5773 1862 5843 κλησιάις
1882 5773 1991 5844 τῆς
2010 5777 2397 5851 Μακεδονίας.
