3792 6312
444 445 550 502 515

517 561 584 633 β’.
622 560 863 632 Ἑπάρας
889 559 1084 622 αὑτοὺς
1099 561 1212 621 τοῖς
1235 557 1556 626 ἐγκωμίοις,
1574 556 1897 627 παραίνεσιν
1916 555 2021 608 πά-

445 653 528 706 λιν
544 652 786 722 καθίησι.
805 652 903 704 Διὰ
919 651 1026 721 γὰρ
1043 647 1199 703 τοῦτο
1216 651 1280 719 τῇ
1300 648 1592 718 ἐπιπλήξει
1610 646 1877 718 παρέμιξε
1891 647 2018 709 τοὺς

447 743 724 808 ἐπαίνους,
750 743 836 796 ἵνα
859 742 932 812 μὴ
955 741 1060 794 ἀπὸ
1083 740 1424 809 ἐπιπλήξεως
1445 739 1524 802 είς
1551 737 1872 810 παραίνεσιν
1895 755 2024 791 κατ-

447 835 618 888 ἐλθὼν
641 833 1078 903 δυσπαράδεκτον
1109 833 1310 902 ποιήσῃ
1341 831 1430 882 τὸν
1464 830 1641 898 λόγον,
1675 829 1809 882 ἀλλὰ
1832 821 2023 893 λεάνας

448 925 630 979 αὐτῶν
660 925 756 996 τὴν
783 923 971 994 ἀκοὴν,
993 922 1136 975 οὕτω
1160 922 1558 994 προοδοποιήσῃ
1586 923 1653 992 τῇ
1681 921 2019 992 παραινέσει.

447 1019 704 1072 Βούλεται
731 1017 840 1088 γὰρ
872 1017 1001 1086 περὶ
1031 1013 1400 1084 ἐλεημοσύνης
1432 1013 1795 1082 διαλεχθῆναι·
1825 1013 1904 1065 διὸ
1932 1013 2026 1066 καὶ

447 1108 736 1180 προλαϐὼν
765 1104 904 1170 εἷπε,
929 1106 1121 1174 Χαίρω
1141 1105 1232 1158 ὅτι
1259 1105 1331 1159 ἐν
1353 1104 1530 1157 παντὶ
1561 1101 1838 1172 θαρρὤέν
1860 1103 2022 1173 ὑμῖν·

445 1201 558 1254 ἀπὸ
587 1199 697 1253 τῶν
729 1200 830 1270 ήδη
859 1197 1312 1268 κατωρθωμένων
1345 1197 1438 1250 καὶ
1476 1199 1556 1256 είς
1581 1196 1738 1250 τοῦτο
1758 1195 2026 1266 προθυμο-

445 1291 644 1359 τέρους
663 1290 852 1345 ποιῶν.
885 1289 996 1343 Kal
1023 1289 1122 1341 οὐκ
1149 1283 1304 1340 εῐπεν
1339 1287 1561 1348 εὐθέως,
1594 1287 1721 1340 Δότε
1747 1283 1840 1340 οὖν
1867 1286 2022 1356 ἐλεη-

450 1379 712 1450 μοσύνην·
751 1379 868 1432 ἀλλ’
907 1379 1008 1449 ὅρα
1047 1375 1144 1447 τὴν
1184 1375 1420 1439 σύνεσιν,
1465 1375 1581 1437 πῶς
1617 1373 1898 1445 πόρρωθεν
1931 1375 2026 1428 καὶ

445 1471 540 1540 ἀφ’
568 1469 774 1540 ὑψηλοῦ
823 1467 1329 1540 προκατασκευάζει
1383 1465 1474 1520 τὸν
1521 1465 1698 1534 λόγον·
1757 1463 2025 1534 Γνωρίζω

447 1563 560 1633 γὰρ
593 1561 755 1628 ὑμῖν,
791 1561 944 1630 φησὶ,
973 1559 1086 1626 τὴν
1113 1559 1289 1628 χάριν
1321 1558 1426 1612 τοῦ
1460 1557 1608 1612 Θεοῦ
1641 1557 1756 1624 τὴν
1787 1557 2025 1626 δεδομέ-

447 1671 570 1720 νην
613 1653 683 1706 ἐν
717 1651 848 1717 ταῖς
887 1651 1272 1717 Ἑκκλησιάις
1329 1649 1434 1718 τῆς
1481 1648 1872 1714 Μακεδονίας.
1909 1650 2026 1702 Ἰνα

448 1738 558 1809 γὰρ
601 1739 676 1809 μὴ
705 1737 1062 1808 ἐπαίρωνται,
1093 1737 1256 1808 χάριν
1291 1736 1354 1789 τὸ
1377 1738 1610 1807 πρᾶγμα
1636 1737 1809 1801 καλεῖ,
1837 1739 1932 1789 καὶ
1957 1737 2026 1790 τὰ

449 1829 652 1898 ἐτέρων
687 1827 1064 1897 διηγούμενος,
1123 1829 1234 1888 τοῖς
1275 1827 1478 1896 ἐτέρων
1523 1828 1818 1896 ἐγκωμίοις
1861 1845 2030 1882 σπου-

446 1919 758 1990 δαιοτέρους
807 1919 1030 1980 τούτους
1075 1917 1388 1988 ἐργάζεται.
1434 1919 1544 1972 Kal
1579 1917 1672 1970 δύο
1712 1919 2026 1990 συντίθησιν

447 2012 706 2074 ἐπαίνους
731 2011 1026 2076 Μακεδόσι,
1063 2011 1261 2080 μᾶλλον
1281 2011 1337 2064 δὲ
1363 2011 1456 2064 καὶ
1484 2015 1653 2082 τρεῖς·
1683 2013 1776 2064 καὶ
1797 2013 1878 2065 ὅτι
1909 2030 2026 2066 πει-

449 2102 695 2172 ρασμοὺς
723 2099 986 2169 γενναίως
1023 2102 1270 2169 φέρουσι,
1299 2101 1392 2154 καὶ
1425 2101 1508 2153 ὃτι
1533 2101 1701 2154 ἐλεεῖν
1735 2101 1900 2166 ίσασι,
1931 2104 2026 2156 καὶ

448 2191 533 2244 ὃτι
570 2193 803 2260 πένητες
824 2191 994 2254 δντες,
1029 2189 1308 2260 δαψίλειαν
1334 2193 1702 2247 ἐνεδείκνυντο
1727 2195 1786 2247 ὲν
1807 2194 2028 2264 ἐλεημο-

451 2282 606 2352 σύνῃ·
662 2281 755 2334 καὶ
800 2281 909 2350 γὰρ
955 2280 1286 2351 ἡρπάγησαν
1345 2283 1526 2336 αὐτῶν
1570 2286 1626 2337 αἱ
1671 2285 1869 2341 οὐσίαι.
1917 2287 2030 2342 Kal

449 2373 608 2428 τοῦτο
637 2373 812 2443 δηλῶν
845 2373 1052 2440 ἔλεγεν,
1078 2374 1243 2441 ἡνίκα
1263 2375 1446 2438 αὐτοῖς
1470 2376 1809 2431 ἐπέστελλεν.
1845 2379 2026 2448 Ὑμεῖς

450 2467 562 2536 γὰρ
589 2465 836 2534 μιμηταὶ
859 2465 1158 2534 ἐγένεσθε,
1182 2467 1338 2536 φησὶ,
1363 2467 1482 2520 τῶν
1516 2469 1892 2536 Ἐκκλησιῶν
1921 2471 2028 2526 τοῦ

455 2556 602 2612 Θεοῦ
633 2555 752 2608 τῶν
764 2557 834 2610 ἐν
864 2555 939 2624 τῇ
968 2555 1244 2624 Ἰουδαίᾳ,
1276 2558 1450 2614 ὄτιτὰ
1475 2561 1628 2614 αὐτὰ
1650 2560 1897 2614 ἐπάθετε
1929 2561 2031 2615 καὶ

451 2646 622 2714 ὑμεῖς
645 2645 763 2700 ὑπὸ
781 2645 899 2700 τῶν
923 2645 1090 2700 ίδίων
1119 2647 1542 2718 συμφυλετῶν,
1556 2649 1820 2719 καθάπερ
1843 2653 2031 2705 κάκεῖ-

451 2753 534 2792 νοι
572 2735 688 2791 ὑπὸ
727 2735 846 2790 τῶν
909 2736 1240 2792 Ἰουδαίων.
1277 2739 1539 2792 ’Δκουσον
1589 2739 1642 2792 τί
1682 2741 1820 2810 μετὰ
1855 2741 2031 2795 ταῦτα

462 2827 740 2896 Ἑϐραίοις
771 2828 1104 2882 ἐπιστέλλων
1127 2830 1299 2898 ἐλεγε-
1325 2832 1434 2886 Kal
1464 2831 1574 2900 γὰρ
1612 2831 1728 2900 τὴν
1752 2833 2030 2902 ἁρπαγὴν

451 2919 572 2974 τῶν
591 2919 986 2988 ὑπαρχόντων
1005 2919 1171 2990 ὑμῶν
1183 2923 1335 2990 μετὰ
1355 2920 1544 2990 χαρᾶς
1561 2923 2028 2990 προσεδέξασθε.

451 3013 630 3084 Χάριν
657 3011 712 3064 δὲ
737 3012 800 3064 τὸ
832 3013 1066 3083 πρᾶγμα
1093 3013 1270 3077 καλεῖ,
1289 3013 1411 3084 οὑχὶ
1437 3015 1816 3070 καταστέλλων
1836 3016 2031 3080 αὐτοὺς

457 3107 642 3176 μόνον,
668 3104 808 3159 ἀλλὰ
836 3104 932 3158 καὶ
957 3105 1376 3176 ἐκκαλούμενος,
1404 3109 1498 3162 καὶ
1541 3109 1899 3179 ἀνεπίφθονον
1941 3111 2032 3164 τὺν

453 3197 612 3266 λόγον
651 3196 1042 3267 ἐργαζόμενος.
1081 3197 1173 3249 Διὸ
1208 3199 1299 3250 καὶ
1330 3199 1392 3250 τὸ
1426 3199 1535 3252 τῶν
1578 3201 1823 3270 ἀδελφῶν
1863 3201 2034 3272 ὄνομα

453 3289 818 3360 προσέθηκεν,
878 3287 1018 3340 ὥστε
1073 3290 1253 3342 πᾶσαν
1295 3289 1660 3360 ὑποτεμέσθαι
1705 3293 2028 3363 βασκανίαν·

456 3385 549 3432 καί
582 3379 690 3449 γάρ
713 3379 896 3449 μέλλει
933 3378 1052 3448 μεθ’
1088 3380 1396 3450 ὑπερϐολῆς
1429 3385 1794 3453 ἐγκωμιάζειν
1815 3387 2030 3451 αὐτούς.

462 3473 731 3524 Ἀκουσον
769 3471 899 3540 γοῦν
943 3471 1052 3524 τῶν
1096 3473 1353 3526 ἐπαίνων.
1390 3475 1573 3528 Εἰπὼν
1607 3478 1736 3548 γάρ,
1765 3479 2034 3548 Γνωρίζω

457 3561 602 3631 ὑμῖν
625 3560 741 3628 τὴν
771 3561 949 3630 χάριν
978 3561 1086 3615 τοῦ
1119 3563 1286 3628 Θεοῦ,
1317 3565 1417 3618 οὑκ
1442 3561 1585 3630 εἷπε,
1619 3567 1726 3639 Τὴν
1747 3569 2035 3640 δεδομένην

461 3657 521 3705 ἐν
549 3653 674 3722 τῇδε
722 3655 816 3706 καὶ
861 3653 985 3724 τῇδε
1025 3657 1090 3724 τῇ
1126 3655 1303 3718 πόλει,
1354 3657 1467 3710 ἀλλ’
1497 3657 1789 3730 ὁλόκληρον
1826 3665 2038 3718 ἐπαινεῖ

460 3743 524 3794 τὸ
557 3743 708 3804 ἔθνος
743 3742 939 3810 λέγων,
988 3745 1091 3798 Ἐν
1111 3745 1241 3811 ταῖς
1284 3747 1672 3815 Ἑκκλησίαις
1715 3749 1822 3816 τῆς
1847 3755 2037 3806 Μακε-

463 3835 691 3899 δονίας.
729 3829 860 3888 Εἶτα
895 3837 988 3888 καὶ
1031 3837 1199 3906 αὑτὴν
1233 3837 1384 3910 [554]
1430 3840 1698 3910 διηγεῖται
1723 3844 1821 3912 τὴν
1854 3844 2034 3915 χάριν.

466 3927 587 3978 Ὅτι
620 3927 691 3979 ἐν
731 3926 933 3994 πολλῇ
963 3927 1180 3997 δοκιμῇ
1216 3931 1478 3999 θλίψεως
1509 3934 1546 4000 ἠ
1582 3937 1898 4002 περισσεία
1928 3935 2038 4005 τῆς

464 4015 658 4086 χαρᾶς
687 4017 904 4071 αὐτῶν.
939 4016 1090 4084 Εἶδες
1113 4021 1357 4088 σύνεσιν;
1385 4025 1604 4096 Πρῶτον
1629 4027 1736 4097 γὰρ
1761 4031 1934 4082 ἐκεῖνο
1959 4029 2038 4083 λέ·

465 4111 705 4182 γει,-οὑχ
730 4110 757 4164 ὃ
791 4110 1062 4181 βούλεται,
1103 4113 1219 4168 ἀλλ’
1251 4116 1438 4188 ἕτερον
1478 4119 1582 4188 πρὸ
1629 4121 1817 4184 αὑτοῦ,
1845 4122 1930 4174 ἵνα
1959 4125 2037 4196 μὴ

464 4201 596 4275 δόξῃ
647 4205 900 4272 ἐπίτηδες
949 4205 1105 4258 τοῦτο
1165 4211 1358 4270 ποιεῖν,
1404 4209 1541 4262 ἀλλὰ
1577 4210 1684 4262 ἀπὸ
1719 4211 2038 4276 ἀκολουθίας

465 4297 663 4368 ἑτέρας
695 4299 782 4351 ἐπ’
813 4298 944 4351 αὐτὸ
987 4299 1263 4370 ἔρχεσθαι·
1307 4302 1404 4354 Ἐν
1434 4302 1636 4370 πολλῇ
1664 4303 1877 4372 δοκιμῇ
1909 4307 2038 4360 θλί-

467 4397 650 4460 ψεως.
686 4392 752 4444 ⁸0
795 4393 892 4444 καὶ
924 4391 1108 4455 αὐτοῖς
1139 4393 1413 4448 Μακεδόσι
1457 4395 1787 4448 ἐπιστέλλων
1831 4396 2036 4464 ἐλεγεν,

467 4485 553 4538 ὅτι
577 4482 834 4552 Μιμηται
859 4483 1178 4552 ἐγενήθητε
1207 4485 1314 4539 τοῦ
1338 4487 1576 4553 Κυρίου,
1601 4485 1915 4556 δεξάμενοι
1937 4489 2041 4542 τὸν

467 4579 657 4646 λόγον
695 4575 765 4630 ἐν
801 4578 1002 4644 θλίψει
1033 4577 1255 4646 πολλῇ,
1291 4577 1441 4648 μετὰ
1471 4575 1660 4646 χαρᾶς
1701 4579 2042 4647 Πνεύματος

471 4666 666 4734 ἁγίου·
717 4665 812 4718 καὶ
861 4666 1043 4734 πάλιν,
1087 4666 1212 4735 Ἀφ’
1253 4665 1421 4736 ὑμῶν
1463 4668 1750 4738 ἐξήχηται
1787 4671 1820 4722 ὀ
1859 4669 2041 4737 λόγος

471 4755 579 4810 τοῦ
605 4758 849 4825 Κυρίου,
885 4760 959 4812 οὺ
983 4759 1177 4827 μόνον
1203 4759 1272 4812 ἐν
1301 4759 1375 4828 τῇ
1397 4761 1732 4826 Μακεδονίᾳ
1761 4760 1858 4814 καί
1881 4760 1952 4813 ἐν
1967 4759 2041 4828 τῇ

485 4848 714 4917 Ἀχαΐα,
754 4849 916 4904 ἀλλὰ
952 4850 1051 4903 καὶ
1087 4850 1157 4904 ἐν
1186 4851 1364 4903 παντὶ
1393 4853 1552 4916 τόπῳ
1579 4854 1618 4920 ἡ
1647 4853 1849 4917 πίστις
1879 4850 2043 4919 ὑμῶν

475 4942 516 5010 ἡ
561 4943 712 5009 πρὸς
767 4944 874 4998 τὸν
925 4944 1074 4998 Θεὸν
1113 4943 1466 5008 ἐξελήλυθε.
1498 4944 1562 4996 Τί
1608 4944 1666 4997 δέ
1718 4945 1885 5005 ἐστιν,
1940 4943 2045 4996 Ἐν

369 5041 372 5044 ’
479 5031 681 5102 πολλῇ
719 5033 934 5104 δοκιμῇ
991 5036 1252 5104 θλίψεως
1281 5036 1320 5102 ἠ
1359 5037 1675 5103 περισσεία
1715 5035 1825 5104 τῆς
1858 5035 2046 5104 χαρᾶς

479 5121 714 5187 nimim;
752 5125 1062 5198 Ἀμφότερα
1096 5127 1216 5198 μεθ’
1251 5127 1556 5198 ὑπερϐολῆς
1587 5127 1806 5196 γέγονεν
1839 5127 2044 5190 αὐτοῖς,

482 5210 640 5280 φησὶ,
678 5212 772 5264 καὶ
813 5215 848 5282 ἡ
889 5214 1064 5284 θλῖψις
1101 5216 1198 5270 καὶ
1240 5219 1274 5288 ἡ
1314 5217 1477 5288 χαρά.
1518 5217 1609 5270 Διὸ
1665 5219 1759 5271 καὶ
1805 5217 1940 5270 πολὺ
1985 5217 2048 5270 τὸ

483 5299 787 5368 παράδοξον
839 5298 926 5372 ἦν,
961 5303 1043 5356 ὃτι
1075 5305 1312 5378 τοσαύτη
1357 5305 1554 5377 ἡδονῆς
1605 5305 1894 5376 περιουσία
1941 5306 2048 5360 ἀπὸ

483 5389 714 5460 θλίψεως
744 5391 924 5456 αὐτοῖς
955 5395 1302 5466 ἐϐλάστησεν.
1329 5399 1402 5452 Οὑ
1434 5397 1543 5468 γὰρ
1577 5398 1644 5469 δὴ
1673 5398 1834 5468 μόνον
1873 5399 2048 5469 λύπην

484 5485 584 5538 οὐκ
614 5483 818 5544 ἔτεκεν,
847 5485 981 5538 ἀλλὰ
1013 5486 1108 5539 καὶ
1137 5488 1359 5558 ἀφορμὴ
1390 5489 1611 5558 γέγονεν
1639 5477 1823 5552 αὐτοῖς
1849 5491 2048 5560 εὖφρο-

488 5573 654 5644 ούνης
682 5575 714 5644 ή
748 5573 944 5644 θλίψις,
969 5577 1063 5629 καὶ
1084 5575 1258 5632 ταῦτα
1287 5578 1454 5648 πολλὴ
1477 5577 1630 5634 οὑσα.
1661 5580 1830 5634 Τοῦτο
1853 5579 1911 5634 δέ
1939 5580 2052 5634 ἐλε-

485 5681 602 5735 γεν,
637 5665 872 5734 ἀλείφων
906 5667 1098 5730 αὐτοὺς
1143 5669 1204 5721 ἐν
1245 5671 1357 5732 τοῖς
1405 5674 1728 5742 πειρασμοῖς
1775 5672 2051 5739 γενναίους

487 5752 629 5812 εἶναι
653 5759 744 5811 καὶ
767 5759 1028 5830 ἀπεριτρέ
1041 5777 1220 5824 ττι-ους.
1246 5761 1380 5815 Οὑδέ
1400 5763 1508 5832 γὰρ
1534 5763 1718 5826 ἁπλῶς
1741 5763 2050 5831 ἐθλίϐησαν,

487 5847 602 5902 ἀλλ’
637 5848 806 5914 οὕτως
838 5851 912 5914 ὡς
951 5853 1043 5907 καὶ
1079 5851 1293 5924 δόκιμοι
1316 5853 1569 5922 γενέσθαι
1601 5853 1814 5930 διάθτῆς
1844 5855 2049 5924 ὑπομο-

1123 441 1182 500 S.
1222 438 1510 496 JOANNIS
1545 431 2042 494 CHRYSOSTOMI
2083 433 2414 489 ARCHIEP.
2453 429 3009 488 CONSTANTINOI’.

3611 425 3708 478 εει

2125 555 2242 624 νῆς·
2280 552 2476 623 μᾶλλον
2503 551 2560 603 δέ
2589 551 2649 602 οὑ
2683 549 2852 616 λέγει,
2883 547 2970 601 διὰ
3017 548 3116 617 τῆς
3157 542 3466 616 ὑπομονῆς,
3501 541 3640 598 ἀλλ’,
3683 539 3710 591 ὃ

2125 643 2284 696 πλέον
2333 637 2402 713 ἦν
2445 643 2544 711 τῆς
2578 639 2875 710 ὑπομονῆς,
2919 637 3094 708 χαράν
3118 645 3158 689 ⁸.
3197 635 3310 688 Kal
3363 633 3492 686 οὑδέ
3541 631 3710 702 χαρὰν

2125 733 2310 797 ἁπλῶς
2331 733 2502 802 λέγει,
2531 731 2687 795 ἀλλὰ,
2717 729 3034 800 περισσείαν
3057 728 3252 798 χαρᾶς·
3285 725 3384 778 καὶ
3409 724 3524 794 γὰρ
3547 721 3706 794 πολλή

2123 826 2221 878 καὶ
2253 825 2459 894 ἄφατος
2485 817 2818 892 ἐϐλάστησεν
2860 823 2918 874 ἐν
2948 821 3148 882 αὑτοῖς.
3186 817 3296 873 Καὶ
3333 819 3378 886 ἡ
3417 817 3574 870 κατὰ
3595 815 3706 878 βά-

2125 921 2268 981 θους
2298 915 2560 981 πτωχεία
2581 913 2778 968 αὐτῶν
2799 911 3240 980 ἐπερίσσευσεν
3269 911 3360 976 είς
3387 907 3502 961 τόν
3527 907 3708 961 πλοῦ-

2123 1024 2233 1060 τον
2259 1005 2371 1074 τῆς
2395 1007 2734 1073 ἁπλότητος
2756 1004 2975 1059 αὐτῶν.
3001 1004 3170 1057 Πάλιν
3207 1001 3508 1080 ἀμφότερα
3539 998 3706 1052 ταῦτα

2129 1097 2248 1168 μεθ’
2279 1097 2606 1168 ὑπερϐολῆς.
2637 1097 2850 1167 Ὠσπερ
2875 1097 2984 1166 γὰρ
3019 1096 3051 1166 ἠ
3085 1091 3255 1162 πολλὴ
3283 1091 3472 1160 θλίψις
3511 1089 3708 1160 πολλὴν

2125 1189 2298 1260 χαρὰν
2339 1189 2512 1253 ἔτεκε,
2547 1189 2641 1242 καὶ
2669 1185 2984 1258 περισσείαν
3007 1186 3204 1257 χαρᾶς·
3246 1183 3431 1246 οὕτως
3467 1184 3502 1252 ἡ
3547 1181 3708 1254 πολλὴ

2126 1281 2284 1334 πενία
2315 1279 2480 1332 πολὺν
2510 1277 2737 1332 πλοῦτον
2765 1277 2949 1330 ἔτεκεν
2973 1274 3364 1346 ἐλεημοσύνης.
3403 1272 3584 1325 Τοῦτο
3607 1271 3708 1341 γὰρ

2125 1371 2392 1441 ἐδήλωσεν
2424 1369 2616 1435 είπὼν,
2653 1369 3130 1436 Ἐπερίσσευσεν
3171 1367 3261 1431 είς
3293 1365 3410 1418 τὸν
3442 1363 3714 1418 πλοῦτον

2125 1463 2235 1534 τῆς
2255 1464 2592 1530 ἁπλότητος
2623 1461 2842 1516 αὐτῶν.
2869 1461 2943 1514 Οὑ
2969 1460 3076 1530 γὰρ
3113 1459 3192 1530 τῷ
3225 1459 3420 1529 μέτρῳ
3445 1457 3562 1510 τῶν
3579 1457 3710 1510 διδο-

2129 1557 2327 1626 μένων,
2361 1556 2495 1610 ἀλλὰ
2519 1559 2586 1626 τῇ
2611 1554 2804 1626 γνώμῃ
2833 1553 2942 1607 τῶν
2973 1554 3320 1624 παρεχόντων
3365 1553 3403 1622 ἡ
3433 1550 3710 1620 φιλοτιμία

2125 1648 2388 1718 κρίνεται.
2425 1649 2515 1700 Διὸ
2545 1648 2780 1718 οὐδαμοῦ
2806 1647 2954 1714 λέγει
2997 1645 3222 1698 πλοῦτον
3273 1642 3389 1695 τῶν
3425 1641 3710 1704 δοθέντων,

2124 1739 2282 1804 ἀλλὰ,
2306 1740 2581 1794 Πλοῦτον
2607 1737 2713 1808 τῆς
2739 1739 3081 1805 ἁπλότητος
3103 1735 3326 1790 αὐτῶν.
3357 1735 3432 1787 Ὃ
3463 1733 3526 1786 δὲ
3549 1733 3712 1800 λέγει.

2123 1831 2364 1884 τοιοῦτόν
2391 1831 2557 1884 ἐστιν·
2589 1833 2662 1884 Οὑ
2701 1832 2860 1900 μόνον
2895 1831 2992 1882 οὑκ
3020 1827 3330 1882 ἐνεπόδισεν
3358 1829 3562 1888 αὐτοῖς
3585 1827 3713 1896 πρὸς

2125 1921 2402 1993 δαψιλείαν
2439 1921 2760 1994 ἡπτωχεία,
2791 1919 2927 1974 ἀλλὰ
2972 1919 3064 1972 καὶ
3111 1917 3336 1988 ἀφορμὴ
3389 1916 3597 1984 γέγονε
3625 1917 3714 1969 τοι]

2125 2015 2502 2086 περισσεῦσαι,
2535 2013 2722 2086 ὥσπερ
2749 2015 2780 2083 ἡ
2810 2013 2987 2082 θλίψις
3010 2011 3103 2064 τοῦ
3132 2011 3398 2082 ἡσθῆναι.
3429 2011 3593 2080 Ὅσῳ
3611 2011 3714 2078 γὰρ

2123 2101 2264 2177 ἦσαν
2308 2107 2538 2176 πένητες
2595 2105 2832 2175 τοσούτῳ
2884 2104 3084 2175 μᾶλλον
3123 2101 3580 2172 ἐφιλοτιμοῦντο,
3627 2101 3716 2154 καὶ

2127 2199 2534 2270 προθυμότερον
2563 2201 2842 2268 παρεῖχον.
2871 2197 2961 2250 Διὸ
2987 2197 3080 2250 καὶ
3106 2195 3314 2266 σφόδρα
3341 2196 3561 2257 αὐτοὺς
3589 2193 3716 2246 θαυ-

2130 2291 2314 2360 μάζει,
2344 2291 2426 2342 ὅτι
2455 2290 2518 2341 ἐκ
2553 2287 2820 2356 τοσαύτης
2845 2286 3036 2350 πενίας
3061 2285 3332 2356 τοσαύτην
3357 2285 3718 2350 ἐπεδείξαντο

2129 2381 2462 2451 φιλοτιμίαν.
2510 2381 2581 2434 Ἠ
2617 2379 2726 2448 γὰρ
2763 2381 2910 2432 κατὰ
2933 2377 3160 2442 ,βάθους
3193 2378 3474 2446 πτωχεία
3499 2375 3716 2442 αὐτῶν,

2127 2472 2424 2538 τουτέστιν,
2473 2473 2507 2541 ἡ
2549 2469 2717 2541 πολλὴ
2752 2469 2845 2522 καὶ
2874 2469 3098 2536 ἄφατος,
3128 2467 3327 2536 ἔδειξεν
3383 2469 3584 2520 αὑτῶν
3623 2469 3718 2538 τὴν

2130 2565 2430 2635 ἁπλότητα.
2479 2561 2619 2616 Ἀλλ’
2664 2563 2764 2615 οὑκ
2819 2556 2992 2620 εἶπεν.
3031 2561 3298 2625 Ἔδειξεν,
3333 2561 3512 2622 ἀλλὰ,
3563 2563 3714 2614 Ἐπε-
3789 2581 3792 2608 |

2131 2659 2407 2730 ρίσσευσε⁹
2450 2657 2546 2709 καὶ
2591 2655 2693 2708 οὑκ
2747 2651 2920 2718 εἶπεν,
2963 2654 3290 2722 Ἀπλότητα,
3323 2653 3499 2716 ἀλλὰ,
3531 2654 3716 2708 luci-
3789 2695 3792 2706 .

2128 2767 2235 2802 τον
2257 2749 2615 2813 ἁπλότητος,
2644 2745 3272 2816 τουτέστιν,ἀντίρῥοττον
3307 2744 3408 2798 τοῦ
3449 2747 3720 2814 μεγέθοκ
3789 2761 3792 2790 !

2128 2842 2230 2908 τῆς
2273 2837 2566 2908 πτωχείας·
2611 2835 2810 2906 μᾶλλον
2856 2835 2935 2900 δὲ,
2987 2836 3082 2888 καὶ
3131 2835 3312 2905 πολλῷ
3349 2837 3590 2905 μείζονα
3631 2838 3718 2890 τὸν

2131 2929 2292 2997 ὄγκον
2333 2927 2676 2992 ἐπεδείξαντο
2697 2927 2795 2998 τῆς
2825 2927 3121 2996 δαψιλείας.
3155 2924 3288 2979 Εἶτα
3325 2929 3472 2980 αὑτὸ
3507 2929 3608 2982 καὶ
3629 2931 3716 2997 ἑρ-

2135 3021 2360 3094 μηνεύει
2399 3020 2754 3090 σαφέστερον,
2807 3019 2996 3086 λέγων·
3061 3019 3188 3071 Ὅτι
3233 3020 3390 3072 κατὰ
3453 3020 3716 3088 δύναμιν
3789 3051 3792 3064 ι

2125 3112 2403 3184 μαρτυρῶ
2433 3112 2763 3184 (ἀξιόπιστος
2815 3113 2844 3163 ὁ
2893 3111 3122 3181 μάρτυς)
3151 3112 3245 3164 καὶ
3277 3111 3428 3180 ὑπὲρ
3459 3112 3710 3181 δύναμιν·

2131 3205 2429 3270 τουτέστιν,
2475 3203 2890 3272 Ἐπερίσσευσεν
2919 3205 2997 3264 είς
3023 3203 3114 3254 τὸν
3144 3200 3373 3256 πλοῦτον
3410 3205 3518 3274 τῆς
3547 3203 3712 3256 ἁπλό-

2132 3311 2292 3366 τητος
2315 3294 2512 3348 αὐτῶν·
2544 3293 2758 3346 Μᾶλλον
2788 3293 2845 3346 δὲ
2885 3293 2946 3345 οὑ
2991 3293 3078 3345 διὰ
3114 3290 3303 3344 τούτου
3355 3293 3552 3362 μόνον,
3585 3295 3714 3347 alii

2133 3391 2227 3441 καὶ
2273 3387 2361 3440 διὰ
2401 3386 2510 3438 τῶν
2556 3385 2682 3455 ἑξῆς
2709 3386 2960 3438 ἁπάντων
2998 3385 3129 3437 αὑτὸ
3153 3385 3323 3456 δηλοῖ·
3353 3388 3714 3454 Αὐθαίρετοι

2133 3481 2261 3549 γὰρ,
2297 3478 2480 3548 φησίν.
2710 3477 2839 3530 Ἰδοὺ
2871 3478 2962 3530 καὶ
3007 3477 3168 3548 ἑτέρα
3200 3477 3512 3548 ὑπερϐολή.
3555 3479 3716 3534 Μετὰ

2134 3569 2374 3640 πολλῆς
2411 3569 2866 3640 παρακλήσεως.
2910 3570 3041 3622 Ἰδοὺ
3073 3571 3166 3622 καὶ
3191 3569 3352 3640 τρίτη
3387 3573 3490 3622 καὶ
3519 3571 3718 3640 τετάρ-
3789 3615 3792 3620 .

2133 3680 2222 3734 τη.
2255 3665 2529 3732 Δεόμενοι
2562 3663 2750 3732 ¹ἡμῶν.
2793 3661 2920 3716 Ἰδοὺ
2948 3662 3040 3714 καὶ
3071 3661 3324 3732 πέμπτη.
3353 3661 3472 3714 Καὶ
3511 3663 3572 3714 ἐν
3603 3661 3714 3714 Oli-

2135 3755 2225 3824 ψει
2246 3753 2416 3816 ὄντες,
2451 3753 2545 3806 καὶ
2571 3755 2628 3806 ἐν
2658 3751 2836 3823 πενίᾳ.
2861 3750 3011 3820 Αὕτη
3035 3749 3188 3832 ἐκτη.
3219 3751 3332 3804 Kal
3358 3751 3600 3822 ἑϐδόμη,
3625 3753 3718 3805 καὶ

2141 3845 2258 3916 μεθ’
2283 3845 2386 3898 ὑπε
2395 3843 2592 3914 ρϐολῆς
2623 3843 2848 3898 ἔδωκαν.

2217 3943 2286 4005 γ’.
2311 3932 2443 3988 Εἶτα
2463 3934 2646 4006 ἐπειδὴ
2665 3935 2822 3987 τοῦτο
2848 3935 3078 4005 μάλιστα
3099 3934 3340 4004 βούλεται
3364 3941 3716 3993 κατασκευά-

2139 4042 2228 4079 σαι
2275 4024 2427 4095 παρὰ
2451 4025 2781 4096 Κορινθίοις,
2808 4025 2870 4076 τὸ
2910 4024 3047 4094 μετὰ
3080 4027 3456 4095 προαιρέσεως
3493 4027 3718 4090 δοῦναι,

2135 4117 2288 4188 αὑτῴ
2330 4117 2564 4188 μάλιστα
2609 4116 2971 4185 ἐνδιατρίϐει,
3003 4117 3176 4182 λέγων
3207 4157 3222 4181 ,
3261 4117 3428 4172 Μετὰ
3467 4121 3718 4186 ,πολλῆς

2136 4211 2593 4278 παρακλήσεως,
2609 4209 2722 4272 καὶ,
2737 4209 3008 4278 Δεόμενοι
3023 4209 3208 4278 ἡμῶν.
3225 4211 3336 4280 Οὐχ
3351 4211 3522 4280 ἡμεῖς
3533 4214 3718 4265 αὐτῶν

2139 4301 2440 4372 ἐδεήθημεν
2465 4341 2480 4364 ,
2515 4300 2630 4354 ἀλλ’
2675 4301 2832 4354 αὐτοὶ
2867 4301 3047 4370 ἡμῶν.
3103 4299 3167 4353 Τί
3211 4300 3462 4370 δεόμενοι
3503 4305 3714 4373 ἡμῶνς

2145 4392 2265 4459 Τὴν
2281 4392 2480 4460 χάριν,
2511 4391 2612 4445 καὶ
2645 4391 2762 4457 τὴν
2799 4390 3234 4459 κοινωνίαντῆς
3267 4393 3578 4460 διακονίας
3609 4397 3714 4463 τῆς

2138 4487 2226 4550 είς
2257 4483 2398 4550 τοὺς
2424 4483 2654 4554 ἁγίους.
2687 4480 2842 4545 Εἶδες
2877 4483 2992 4546 πῶς
3027 4483 3186 4537 πάλιν
3221 4485 3442 4557 ἐπαίρει
3473 4487 3536 4539 τὸ
3569 4491 3714 4558 πρᾶο

2139 4599 2276 4652 γμα,
2301 4585 2516 4650 σεμνοῖς
2548 4581 2806 4651 ὀνόμασιν
2827 4581 2960 4633 αὑτὸ
2984 4581 3202 4646 καλῶν;
3240 4582 3348 4633 Kal
3380 4583 3494 4654 γάρ
3527 4586 3714 4654 ἐπειδὴ

2143 4677 2384 4745 ζηλωταὶ
2417 4671 2556 4746 ἦσαν
2583 4675 2909 4744 πνευμάτων
2933 4713 2949 4732 .
2972 4675 3129 4744 χάριν
3157 4675 3286 4726 αὑτὸ
3303 4677 3594 4746 ὀνομάζει,
3631 4679 3712 4730 Iv:

2141 4767 2518 4836 ἐπιδράμωσι·
2557 4767 2648 4818 καὶ
2677 4765 2960 4818 κοινωνίαν
3001 4763 3184 4826 πάλιν,
3213 4764 3300 4816 ἴνα
3335 4766 3588 4836 μάθωσιν
3631 4771 3710 4820 ὅτι

2142 4857 2528 4927 λαμϐάνουσιν,
2555 4857 2612 4910 οὑ
2633 4853 2835 4909 διδόασι
2869 4855 3050 4923 μόνον.
3083 4855 3250 4908 Τοῦτο
3273 4851 3368 4908 οὖν
3391 4859 3546 4926 ἡμᾶς
3567 4874 3708 4928 παρα

2143 4950 2375 5004 ἐκάλουν
2400 4987 2414 5012 ,
2447 4949 2613 5017 φησὶν
2633 4987 2647 5012 ,
2685 4947 2827 5000 ὥστε
2850 4950 2997 5019 ἡμᾶς
3029 4947 3394 5014 ἀναδέξασθαι
3413 4953 3518 5020 τὴν
3537 4951 3712 5004 τοιαύ-

2143 5057 2243 5110 την
2269 5039 2564 5094 διακονίαν.
2585 5039 2693 5092 Καί
2711 5041 2783 5092 οὐ
2815 5039 3004 5105 καθὼς
3025 5041 3391 5107 ἠλπίσαμεν.
3417 5041 3590 5095 Τοῦτο
3617 5045 3704 5097 καὶ

2148 5135 2285 5205 πρὸς
2323 5133 2421 5203 τὴν
2450 5133 2722 5203 ποσότητά
2753 5149 2887 5204 φησι
2907 5173 2922 5196 ,
2953 5134 3045 5186 καὶ
3079 5133 3213 5204 πρὸς
3241 5133 3340 5196 τὰς
3367 5134 3598 5204 θλίψεις.
3635 5137 3702 5188 03

2145 5225 2256 5295 γὰρ
2301 5223 2368 5276 ἂν
2419 5223 2762 5293 ἠλπίσαμεν,
2803 5222 2985 5294 φησὶν,
3037 5223 3120 5276 ὅτι
3155 5223 3214 5275 ἐν
3255 5224 3496 5294 τοσαύτῃ
3537 5223 3706 5294 6M2}:

2150 5316 2304 5376 ὅντες
2349 5315 2446 5367 καὶ
2493 5314 2678 5384 πενίᾳ,
2733 5316 2832 5367 καὶ
2883 5315 3218 5383 κατήπειξαν
3271 5315 3342 5368 ἂν
3385 5317 3568 5384 ἡμᾶς,
3619 5317 3708 5368 καὶ

2145 5408 2386 5462 τοσαῦτα
2433 5407 2834 5478 παρεκάλεσαν.
2871 5407 2982 5460 Kal
3007 5409 3105 5478 τὴν
3131 5408 3224 5461 τοῦ
3255 5409 3444 5461 λοιποῦ
3489 5410 3544 5462 δὲ
3595 5409 3700 5478 βίοι

2149 5499 2470 5569 ἐπιμέλειαν
2491 5497 2672 5551 αὑτῶν
2711 5497 2975 5568 ἐδήλωσεν
3004 5500 3170 5550 είπὼν
3195 5515 3211 5529 ·
3261 5500 3426 5553 Ἀλλ’
3459 5502 3697 5564 ἑαυτοῦ(

2147 5591 2380 5644 ἔδωκαν
2405 5587 2642 5658 πρῶτον
2687 5587 2768 5653 τῷ
2796 5590 3011 5656 Κιψίῳ,
3043 5591 3142 5642 καὶ
3161 5590 3303 5659 ἡμῖν
3325 5591 3424 5645 διὰ
3457 5593 3698 5660 θελήμα-

2149 5701 2252 5750 τος
2279 5683 2448 5737 Θεοῦ.
2485 5683 2570 5735 Ἐν
2597 5683 2727 5738 πᾶσι
2749 5685 2856 5754 γάρ
2882 5685 3197 5754 ὑπήκουσαν
3223 5683 3387 5738 πλέον
3413 5725 3430 5748 ,
3461 5685 3498 5756 ῆ
3545 5701 3702 5754 προσ·

2215 5805 2240 5832 ⁸
2267 5805 2401 5867 Χαρά
2436 5803 2482 5852 ἱη
2523 5809 2741 5864 margine
2765 5806 2998 5855 Savilius:
3047 5809 3123 5856 vel
3167 5808 3374 5860 farusse
3419 5813 3602 5860 melius
3623 5822 3704 5866 ἰλ-

2157 5871 2258 5930 ρᾷς,
2283 5873 2336 5914 ιιι
2363 5880 2507 5928 supra
2529 5870 2578 5917 in
2605 5867 2872 5930 Scriptura:
2904 5883 3064 5919 versu.
