3792 6318
42 255 161 310 513

116 372 181 425 2.
233 368 526 439 Postquam
555 380 651 422 eos
695 363 940 420 laudibus
963 362 1173 427 extulit,
1220 357 1642 440 admonitionem

42 477 244 517 rursus
282 462 522 517 adhibet.
563 460 689 515 Ideo
730 459 876 514 enim
921 454 1277 526 objurgationi
1324 452 1509 507 laudes
1543 450 1640 505 ad-

43 554 292 619 miscuit,
327 569 397 609 ne
421 553 489 608 ab
517 550 885 621 objurgatione
913 548 983 603 ad
1012 546 1335 602 monendum
1363 544 1634 614 delapsus,

42 649 234 704 minus
264 658 542 718 acceptam
586 647 883 701 orationem
930 643 1199 706 redderet,
1246 639 1640 696 verumlenitis

42 743 205 813 prius
240 742 481 812 ipsorum
519 740 758 801 auribus,
791 737 863 792 ita
905 736 1006 793 sibi
1034 736 1173 790 viam
1218 734 1285 789 ad
1316 733 1638 788 monendum

40 842 289 904 pararet.
325 831 446 886 Vult
471 832 612 886 enim
635 830 701 884 de
719 829 1058 899 eleemosyna
1086 827 1246 883 verba
1269 825 1443 880 facere
1467 842 1479 878 :
1501 824 1641 878 unde

39 926 214 978 etiam
246 925 398 994 prius
423 924 576 985 dixit,
607 922 815 977 Gaudeo
841 922 977 992 quod
1011 921 1065 974 in
1102 920 1332 973 omnibus
1362 919 1561 987 con/ida
1584 919 1639 970 in

39 1017 207 1069 vobis.
234 1016 502 1071 Nimirum
528 1015 597 1069 ab
625 1015 713 1079 iis,
743 1029 862 1084 quae
884 1014 992 1082 jam
1024 1013 1236 1082 egregie
1259 1011 1635 1080 prmstiterant,

37 1109 106 1162 ad
142 1109 254 1163 hoc
280 1109 635 1179 promptiores
663 1108 912 1162 reddens.
940 1106 1047 1160 Nec
1068 1120 1195 1159 vero
1217 1105 1459 1174 pretinus
1482 1102 1635 1167 dixit,

38 1200 469 1271 Eleemosynam
501 1201 660 1271 igitur
678 1200 830 1264 date;
862 1199 956 1254 sed
984 1198 1347 1254 animadverte
1374 1212 1532 1267 sagax
1554 1198 1636 1266 ip-

37 1294 155 1345 sius
187 1293 499 1355 c0nsilium,
552 1289 820 1361 quomodo
848 1290 1057 1345 eminus
1099 1298 1258 1358 atque
1286 1288 1352 1343 ab
1382 1290 1490 1342 alto
1517 1302 1637 1341 ora-

36 1384 251 1437 tionem
284 1383 644 1452 praemuniat:
692 1378 887 1435 Notam
922 1381 1087 1447 enim,
1120 1380 1309 1450 inquit,
1340 1378 1476 1433 vobis
1501 1379 1633 1450 facio

34 1478 269 1547 gratiam
300 1476 420 1545 Dei,
447 1492 558 1547 qute
576 1477 702 1530 data
725 1486 797 1531 est
816 1476 869 1529 in
897 1474 1134 1529 Ecclesiis
1155 1473 1209 1528 Μ
1214 1474 1485 1528 acedonite.
1504 1471 1637 1527 Gra-

36 1575 170 1623 tiam
204 1569 259 1623 id
292 1580 467 1630 vocat,
501 1584 567 1623 ne
608 1567 802 1622 animis
829 1566 1117 1622 efferantur
1149 1583 1163 1620 :
1203 1580 1265 1619 ac
1292 1579 1380 1619 res
1409 1563 1634 1618 aliorum

34 1675 276 1714 narrans
307 1659 361 1715 id
390 1660 515 1729 agit,
570 1669 628 1714 ut
667 1659 793 1715 dum
841 1659 973 1713 alios
1020 1658 1217 1723 laudat,
1268 1657 1636 1727 diligentiores

36 1754 136 1808 hos
161 1753 394 1809 efﬁciat.
445 1751 523 1808 lle
558 1753 714 1820 duas,
749 1752 856 1807 imo
899 1760 1008 1807 tres
1046 1750 1420 1806 Macedonibus
1451 1747 1636 1804 laudes

36 1846 270 1910 tribuit;
306 1844 452 1916 quod
498 1843 819 1898 tentationes
844 1852 1065 1897 strenuo
1093 1843 1272 1895 animo
1301 1840 1633 1911 perferrent;

32 1936 183 2007 quod
206 1935 499 2008 egentibus
528 1950 683 2005 opem
733 1933 874 1989 ferre
921 1942 1171 2000 nossent;
1220 1931 1361 2002 quod
1394 1931 1636 2001 quamvis

34 2030 138 2097 ipsi
170 2030 363 2098 inopia
410 2028 733 2091 laborarent,
763 2025 1179 2080 muniflceutiam
1206 2031 1381 2078 tamen
1410 2023 1462 2077 in
1487 2023 1635 2078 elee-

32 2121 289 2192 mnsynis
320 2119 634 2175 exhiberent
664 2136 678 2173 :
710 2133 831 2172 nam
857 2117 959 2171 illis
982 2131 1094 2171 sua:
1119 2129 1330 2186 quoque
1356 2113 1636 2169 facultates

32 2223 243 2282 ereptae
276 2212 513 2267 fuerant.
562 2210 721 2280 quue
758 2208 1092 2279 significabat
1134 2223 1253 2263 eum
1296 2208 1348 2261 in
1387 2208 1630 2277 epistola,

30 2320 195 2373 quam
228 2303 303 2356 ad
342 2304 487 2371 ipsos
510 2300 797 2363 scribebat,
821 2300 1045 2365 diceret,
1085 2297 1185 2351 Vos
1206 2299 1336 2351 enim
1356 2297 1635 2350 imitatores

33 2399 159 2466 facti
186 2397 321 2451 estis
348 2395 681 2449 Ecclesiarum
712 2392 822 2452 Dei.
848 2407 962 2462 qua:
977 2400 1089 2445 sunt
1110 2392 1163 2444 in
1175 2389 1379 2454 Judtea,
1398 2389 1636 2458 quoniam

30 2490 214 2542 eadem
233 2488 384 2558 passi
412 2488 526 2541 estis
551 2504 583 2539 a
612 2485 975 2540 contribulibus
1014 2483 1208 2545 vestris,
1244 2498 1359 2547 qua:
1377 2482 1457 2535 illi
1475 2497 1506 2533 a
1528 2478 1633 2533 Ju-

29 2582 156 2633 da'is
178 2579 267 2648 (l.
310 2573 480 2632 Thess.
501 2578 556 2632 2.
589 2577 701 2641 14).
734 2576 872 2631 Audi
899 2576 1007 2645 jam
1038 2574 1229 2644 quibus
1252 2584 1433 2643 postea
1454 2572 1635 2628 verbis

30 2682 236 2736 utatur,
269 2686 403 2725 cum
433 2669 496 2724 ad
536 2668 789 2723 llebrteos
819 2668 1023 2733 scribit,
1054 2664 1191 2719 Nam
1225 2675 1271 2719 et
1289 2667 1524 2735 rapinam
1551 2680 1635 2719 ve—

33 2776 268 2818 strorum
304 2763 549 2817 bonorum
574 2779 689 2815 cum
745 2761 932 2832 gaudio
977 2759 1266 2828 suscepistis
1305 2757 1492 2828 (Hebr.
1542 2756 1631 2813 i0.

27 2856 97 2910 54
122 2856 164 2924 ).
196 2854 449 2910 Gratiam
482 2868 642 2922 porro
671 2852 808 2907 hanc
854 2868 967 2907 rem
994 2862 1183 2918 vocat,
1224 2865 1330 2905 non
1376 2851 1549 2905 solum
1577 2860 1635 2906 ut

28 2962 124 3002 eos
155 2948 215 3001 in
244 2946 517 3000 modestia
542 2946 835 3012 contineat,
866 2943 961 2999 sed
987 2944 1146 2999 etiam
1184 2952 1242 2999 ut
1271 2945 1389 2999 illos
1409 2944 1626 3011 excitet,

28 3055 126 3093 nec
176 3036 512 3092 invidiosam
554 3036 855 3091 orationem
896 3036 1104 3091 reddat.
1136 3036 1366 3104 Quocira
1404 3036 1630 3091 fratrum

26 3145 251 3200 quoque
276 3144 477 3183 nomen
500 3129 763 3198 adjunxit,
787 3136 845 3183 ut
867 3129 1088 3184 livorem
1114 3145 1325 3184 omnem
1358 3130 1629 3184 succidat:

27 3226 249 3279 eximiis
282 3225 433 3278 enim
461 3222 705 3277 laudibus
732 3221 1047 3277 Macedones
1077 3237 1270 3277 ornare
1301 3231 1468 3291 parat.
1493 3221 1631 3276 Audi

29 3320 232 3389 quippe
262 3316 399 3387 quid
425 3316 492 3370 de
521 3316 586 3371 iis
628 3316 897 3386 praedicet.
927 3314 1059 3369 Nam
1090 3330 1211 3370 cum
1240 3314 1482 3381 dixisset,
1516 3314 1630 3369 Νο-

30 3420 130 3462 tam
176 3408 330 3463 vobis
374 3407 509 3477 [acia
551 3407 768 3477 gratiam
817 3405 934 3470 Dei,
979 3421 1082 3459 non
1128 3404 1281 3472 dixit,
1335 3405 1464 3474 Quae
1505 3405 1629 3460 data

29 3509 109 3555 est
140 3500 195 3553 in
228 3499 343 3552 hac
376 3497 456 3552 vel
488 3498 539 3551 in
577 3498 663 3551 illa
686 3497 932 3561 civitate;
957 3510 1144 3551 verum
1172 3496 1475 3552 universam
1498 3512 1629 3568 gen-

29 3600 134 3645 tem
169 3588 433 3644 laudibus
470 3596 626 3642 ornat
653 3587 839 3643 dicens
867 3606 880 3641 :
906 3586 974 3641 In
1006 3586 1250 3642 Ecclesiis
1290 3586 1627 3643 Macedoniae.

28 3681 144 3735 Mox
206 3682 391 3750 ipsam
438 3695 650 3750 quoque
698 3680 924 3750 gratiam
967 3679 1226 3734 declarat.
1274 3679 1330 3734 2.
1374 3681 1630 3748 Quoniam

28 3776 80 3828 in
120 3775 298 3827 multo
330 3774 668 3841 experimento
718 3771 1054 3825 tribulationis
1098 3770 1410 3826 abundantia
1455 3772 1631 3845 gaudii

28 3870 264 3935 ipsorum
316 3864 434 3933 fuit.
464 3863 649 3917 Viden'
680 3862 826 3916 Pauli
862 3863 1248 3933 sagacitatem?
1276 3863 1461 3919 Priore
1486 3863 1630 3919 enim

30 3959 149 4013 loco
182 3956 343 4012 istud
373 3971 478 4010 non
508 3954 637 4009 dicit
660 3955 800 4025 quod
829 3954 1061 4020 volebat,
1094 3954 1189 4011 sed
1225 3955 1449 4010 alterum
1475 3966 1631 4011 ante-

28 4055 203 4124 ponit,
237 4066 321 4107 ne
348 4050 590 4105 consulto
613 4048 714 4103 hoc
737 4048 913 4103 facere
943 4047 1186 4103 videatur
1207 4090 1222 4113 ,
1252 4048 1347 4103 sed
1369 4064 1435 4103 ex
1463 4049 1630 4104 altera

29 4146 337 4200 verborum
365 4142 505 4196 serie
524 4139 591 4195 ad
616 4144 717 4194 hoc
746 4140 929 4194 venire
961 4156 975 4193 :
1004 4139 1072 4192 In
1100 4139 1257 4193 multo
1293 4142 1633 4210 experimento

30 4236 408 4292 tribulationis.
436 4234 490 4287 Id
533 4233 672 4304 quod
717 4232 781 4286 ad
834 4232 979 4301 ipsos
1025 4247 1237 4301 quoque
1274 4232 1630 4301 Macedones,

31 4348 146 4384 cum
176 4330 249 4383 ad
283 4341 388 4383 eos
416 4325 710 4388 scriberet,
740 4323 953 4378 dicebat
983 4339 997 4377 :
1028 4320 1314 4377 lmitatores
1353 4324 1475 4394 facti
1514 4326 1633 4379 estis

33 4422 266 4485 Domini,
307 4418 613 4486 excipientes
637 4416 839 4469 verbum
864 4415 917 4467 in
945 4412 1271 4467 tribulatione
1296 4413 1453 4467 multa
1471 4455 1487 4478 ,
1519 4431 1633 4468 cum

32 4516 220 4585 gaudia
270 4511 512 4578 Spiritus
548 4506 749 4579 saneti(
777 4509 827 4562 l.
857 4505 1033 4560 Thess.
1058 4506 1109 4560 1.
1136 4505 1169 4560 6
1202 4505 1253 4576 );
1276 4515 1331 4559 et
1358 4520 1561 4569 rursus,
1588 4505 1633 4559 A

32 4609 166 4661 vobis
193 4606 365 4658 etiam
392 4598 686 4667 diffamatus
709 4608 780 4652 est
804 4613 966 4652 sermo
987 4595 1198 4650 Domini
1220 4636 1236 4659 ,
1265 4613 1368 4650 non
1394 4598 1558 4652 solum
1580 4598 1636 4652 in

34 4695 361 4752 Macedonia
398 4703 445 4747 et
468 4696 519 4746 in
546 4691 759 4757 Achaia,
786 4689 876 4743 sed
896 4690 1046 4743 etiam
1064 4689 1120 4743 in
1147 4689 1286 4743 omni
1329 4689 1439 4745 loco
1474 4700 1635 4745 vestra

34 4793 182 4859 ﬁdes,
209 4802 343 4861 qua:
379 4795 451 4840 est
479 4785 546 4837 ad
572 4784 759 4848 Deum,
785 4784 1015 4855 profecta
1042 4791 1117 4837 est
1141 4780 1249 4855 (Ib.
1276 4797 1323 4835 v.
1356 4782 1435 4853 8).
1463 4782 1632 4850 Quid-

36 4900 157 4937 nam
185 4890 385 4936 autem
416 4877 497 4932 bis
522 4876 699 4931 verbis
725 4875 825 4931 sibi
860 4874 987 4941 vult,
1014 4873 1081 4928 In
1111 4879 1270 4929 multo
1298 4876 1635 4944 experimento

38 4971 399 5030 tribulationis
425 4967 736 5022 abundantia
764 4966 940 5038 gaudii
971 4982 1146 5020 eorum
1172 4966 1312 5036 fuit?
1341 4965 1635 5034 Utrumque

37 5070 251 5138 inquit,
289 5063 492 5118 mirum
519 5062 571 5115 iu
602 5059 818 5113 modum
852 5058 979 5127 ipsis
1006 5057 1257 5128 contigit,
1288 5068 1344 5113 et
1368 5058 1635 5112 tribulatio

39 5175 90 5219 et
115 5162 341 5217 laetitia.
367 5157 449 5211 Ex
472 5170 577 5226 quo
616 5152 927 5208 incredibile
970 5150 1238 5221 quidpiam
1276 5150 1591 5204 nascebatur
1614 5190 1628 5215 ,

40 5255 181 5325 quod
213 5262 374 5308 tanta
401 5248 686 5318 voluptatis
711 5246 928 5301 ubertas
954 5254 1008 5299 et
1047 5244 1199 5314 copia
1243 5259 1310 5299 ex
1346 5242 1635 5299 afﬂictione

42 5349 172 5417 Ipsis
194 5347 463 5402 oriretur.
493 5340 674 5410 Neque
702 5339 844 5394 enim
873 5335 1034 5391 modo
1062 5350 1351 5391 maerorem
1379 5336 1483 5390 illis
1513 5336 1634 5390 nul-

45 5441 152 5495 lum
185 5436 474 5495 tribulatio
514 5440 833 5505 pepererat,
868 5432 963 5486 sed
1010 5430 1210 5483 laetitite
1246 5445 1457 5500 quoque
1506 5430 1634 5501 ipsis

42 5551 269 5591 causam
298 5530 640 5602 praebuerat,
670 5527 770 5583 etsi
792 5526 956 5580 multa
985 5532 1120 5579 erat.
1155 5525 1246 5579 llis
1273 5539 1432 5594 porro
1460 5525 1639 5581 verbis

44 5630 327 5689 utebatur,
357 5634 416 5679 ut
442 5637 536 5677 eos
579 5620 645 5675 ad
694 5628 965 5674 certamen
1007 5625 1232 5686 ungeret
1280 5631 1344 5671 ac
1391 5625 1639 5671 strenuos

46 5727 475 5789 constantesque
502 5712 768 5771 redderet.
797 5709 914 5766 Non
942 5708 1090 5765 enim
1118 5707 1304 5765 leviter
1330 5708 1508 5765 vexati
1530 5707 1642 5765 fue-

1083 242 1146 300 lN
1182 239 1396 299 EPIST.
1437 239 1480 296 ll
1539 240 1632 295 AD
1668 238 1825 297 COR.
1871 241 2100 299 llOlllL.
2143 245 2283 301 XVI.

3215 269 3322 327 5H.

1747 366 1870 459 rant
1892 398 1912 459 ζ
1938 360 2034 459 sed
2064 361 2136 459 ita
2156 405 2172 431 ,
2203 375 2262 420 ut
2284 381 2379 435 per
2397 369 2708 438 patientiam
2736 376 2902 435 virtus
2922 396 3105 439 eorum
3137 390 3324 459 explo-

1745 448 2049 544 rata_fuerit
2076 472 2089 506 :
2120 456 2227 510 imo
2249 473 2375 513 vero
2404 476 2533 528 non,
2562 464 2667 520 Per
2691 470 3020 537 patientiam.
3048 448 3325 544 dixin-sed

1744 539 1885 641 quod
1927 543 2047 611 plus
2086 556 2205 601 erat
2247 564 2405 619 quant
2436 554 2689 622 patientia
2713 599 2728 622 ,
2754 562 3028 630 gaudium.
3059 569 3168 625 Nec
3188 539 3326 641 gau-

1744 631 1888 687 dium
1919 637 2234 706 simpliciter
2262 642 2411 710 dicit,
2442 647 2537 702 sed
2563 651 2739 719 gaudii
2783 654 3162 717 abundantiam
3188 631 3324 722 :in-

1740 738 1872 817 gens
1895 730 2039 783 enim
2067 742 2121 785 et
2150 748 2268 802 qua:
2308 737 2485 793 verbis
2509 742 2762 811 explicari
2788 762 3018 817 nequeat
3054 754 3235 813 laetitia
3266 760 3322 816 in

1742 815 1875 911 ipsis
1901 828 2022 874 nata
2052 832 2153 876 est.
2186 821 2251 878 Et
2274 827 2521 884 altissima
2541 847 2813 904 paupertas
2851 815 3023 898 eorum
3051 848 3332 911 abundavit

1741 909 1795 962 in
1829 910 2032 970 divitias
2075 916 2414 983 simplicitatis
2456 940 2652 982 eorum.
2685 929 2977 1005 Utrumque
3004 953 3190 996 rursus
3220 909 3324 999 hoc

1741 1188 1948 1254 peperit
1976 1206 1989 1243 :
2020 1190 2091 1246 ita
2122 1209 2187 1249 ex
2233 1211 2423 1268 magna
2453 1216 2762 1273 paupertate
2803 1211 3043 1281 iungentes
3086 1218 3320 1276 eleemo-

1738 1290 1886 1378 sj-tnte
1907 1294 2041 1378 opes
2071 1294 2203 1341 orta:
2229 1300 2372 1345 sunt.
2402 1292 2517 1348 Hoc
2559 1297 2702 1352 enim
2735 1301 2817 1355 his
2846 1304 3024 1360 verbis
3049 1308 3321 1378 significa-

1737 1369 1835 1474 vit“,
1882 1372 2168 1433 Abundauit
2201 1382 2255 1435 in
2289 1385 2491 1441 divitias
2526 1390 2865 1461 simplicitatis
2904 1369 3315 1474 eorumiNeque

1736 1464 1880 1519 enim
1908 1482 1971 1521 ex
1998 1468 2263 1528 donorum
2293 1492 2564 1547 mensnra,
2590 1485 2686 1539 sed
2714 1502 2780 1542 ex
2800 1488 3113 1549 donantium
3137 1464 3318 1553 animo

1735 1553 2026 1654 liberalitas
2049 1565 2360 1624 aestimatur.
2385 1572 2740 1639 Quamobrem
2769 1598 3028 1654 nusquam
3055 1589 3317 1648 donorum

1735 1648 1942 1715 copiam
1969 1651 2117 1720 dicit,
2147 1657 2266 1723 sed,
2295 1659 2510 1717 Divitias
2538 1667 2875 1736 simplicitatis
2889 1648 3099 1734 eorum.
3129 1680 3185 1736 Id
3212 1697 3314 1738 au-

1739 1745 1847 1840 tem
1874 1742 2097 1840 perinde
2137 1757 2220 1802 est
2261 1765 2326 1807 ac
2372 1753 2419 1808 si
2462 1755 2664 1814 diceret
2695 1777 2708 1813 :
2742 1761 2858 1818 Non
2888 1768 3047 1823 modo
3077 1771 3204 1840 ipsis
3249 1776 3318 1831 ad

1736 1827 2125 1931 liberalitatem
2164 1839 2299 1931 nihil
2348 1842 2712 1914 impedimenti
2770 1868 3052 1923 paupertas
3096 1827 3315 1931 attulit;

1736 1933 1924 1976 verum
1952 1929 2164 1983 occasio
2190 1930 2318 2000 ipsis
2347 1932 2446 1989 fuit
2476 1937 2689 1995 uberius
2718 1942 2995 2014 largiendi,
3022 1967 3128 2006 non
3157 1929 3316 2011 secus

1735 2025 1800 2067 ac
1826 2014 2093 2111 tribulatio
2119 2023 2345 2090 amplius
2382 2027 2671 2097 gaudendi.
2699 2032 2815 2101 Quo
2843 2039 2985 2092 enim
3014 2046 3317 2111 egentiores

1737 2113 1909 2203 erant,
1939 2106 2038 2203 hoc
2067 2113 2253 2180 majori
2289 2117 2453 2173 animi
2482 2124 2899 2192 promptitudine
2933 2106 3313 2203 largiebantur.

1737 2192 1891 2298 linde
1916 2200 2079 2255 etiam
2104 2218 2430 2295 magnopere
2470 2226 2565 2266 eos
2594 2213 2775 2270 laudat
2800 2232 2862 2272 ac
2891 2192 3111 2292 suspicit
3135 2266 3150 2293 ,
3173 2192 3317 2298 quod

1736 2285 1791 2380 in
1820 2296 1961 2343 tanta
1997 2306 2234 2363 egestate
2282 2292 2441 2356 tantis
2469 2302 2803 2363 liberalitatis
2837 2285 3105 2380 specimen
3135 2285 3316 2376 'dede-

1736 2379 1864 2434 rint.
1893 2383 2155 2439 Altissima
2198 2390 2331 2442 enim
2372 2408 2545 2447 eorum
2569 2379 2879 2468 paupertas,
2905 2404 2955 2457 id
2983 2417 3097 2473 est,
3128 2410 3317 2481 ingens

1735 2480 1895 2542 atque
1923 2475 2223 2545 inelTabilis,
2253 2483 2647 2553 simplicitatem
2692 2506 2877 2548 eorum
2907 2475 3312 2563 demonstravit.

1735 2567 1805 2660 at
1828 2583 1954 2624 vero
1976 2588 2082 2628 non
2108 2574 2260 2641 dixit,
2291 2579 2703 2649 Demonstravit,
2731 2590 2845 2654 sed,
2869 2593 3154 2654 Abundavit
3173 2618 3192 2656 :
3218 2619 3317 2660 nec

1736 2656 1861 2713 item
1884 2702 1900 2727 ,
1925 2660 2330 2733 Simplicitatem
2351 2711 2365 2734 ,
2398 2675 2491 2728 sed
2517 2715 2532 2739 ,
2564 2675 2782 2734 Divitias
2806 2683 3141 2754 simplicitatis
3163 2733 3179 2758 ,
3213 2656 3316 2750 hoc

1734 2759 1820 2853 est
1831 2766 1980 2853 .qna:
2010 2762 2335 2853 paupertatis
2378 2767 2728 2834 magnitudini
2770 2778 3119 2842 responderet
3146 2800 3160 2835 :
3186 2791 3314 2853 quin

1734 2841 1910 2934 potius
1925 2847 2091 2902 multo
2111 2850 2363 2919 majorem
2383 2855 2754 2916 liberalitatem
2775 2841 3156 2934 praestiterunt.
3177 2841 3310 2933 'Izum

1734 2930 1837 2987 hoc
1863 2938 2100 3007 apertius
2122 2942 2279 2996 etiam
2307 2948 2547 3015 exponit,
2566 2950 2751 3009 dicens
2766 2930 2852 3011 i3.
2878 2958 3008 3026 Quia
3035 2930 3311 3023 secundum

1732 3027 1960 3121 virtutem
2005 3030 2243 3099 testiﬁcor
2263 3073 2281 3100 ,
2311 3036 2415 3090 fide
2443 3038 2633 3109 dignus
2662 3046 2846 3113 testis,
2875 3060 2924 3103 et
2951 3067 3108 3121 supra
3151 3059 3312 3111 virtu-

1732 3123 1878 3171 tem:
1928 3117 2029 3214 hoc
2067 3131 2187 3187 est,
2243 3123 2569 3185 Exuberavit
2614 3132 2668 3187 in
2709 3134 2921 3195 divitias
2961 3117 3321 3214 simplicitatis

1731 3223 1939 3265 eorum.
1969 3210 2081 3268 lino
2104 3230 2208 3270 nou
2239 3233 2333 3287 per
2356 3220 2458 3275 hoc
2484 3232 2707 3291 tantum,
2737 3231 2832 3285 sed
2874 3242 2927 3287 et
2966 3210 3149 3305 ρει-γετί
3193 3259 3313 3312 qua:

1731 3313 2028 3402 sequuntur
2049 3305 2101 3361 id
2124 3307 2322 3364 indicat
2348 3328 2361 3363 :
2392 3310 2676 3371 Voluntarii
2702 3321 2843 3376 enim
2865 3328 3089 3394 fuerunt,
3119 3305 3309 3402 inquit.

1731 3390 1813 3446 En
1844 3394 2065 3452 alteram
2093 3400 2251 3454 etiam
2282 3404 2773 3474 amplificationem.
2802 3390 3009 3472 ιίϐιιηι
3038 3390 3206 3477 multa.
3227 3442 3315 3482 ean

1731 3483 2031 3542 hortatione.
2056 3489 2134 3544 Eu
2172 3494 2379 3549 tertiam
2417 3511 2481 3552 ac
2526 3509 2793 3568 quartam.
2828 3504 3152 3566 Obsecrantes
3199 3532 3310 3572 nos.

1730 3575 1812 3631 En
1838 3578 2097 3648 quintam.
2128 3583 2196 3639 Et
2219 3588 2434 3655 quidem
2456 3604 2575 3645 cum
2602 3593 2891 3654 afflictione
2919 3615 2981 3655 ac
3003 3616 3311 3675 paupertate

1732 3682 2121 3766 premerentur.
2148 3675 2305 3732 Sexta
2327 3678 2444 3736 htec
2469 3692 2570 3738 est.
2604 3684 2861 3756 Septima,
2892 3694 3032 3762 quod
3060 3699 3319 3766 copiosis-

1731 3758 1868 3814 sime
1895 3760 2159 3819 dederint.

1803 3852 1858 3906 5.
1900 3852 2121 3922 Postea,
2153 3859 2275 3927 quia
2318 3859 2422 3916 hoc
2462 3865 2793 3932 potissimum
2838 3874 2979 3942 apud
3005 3875 3319 3938 Corinthios

1733 3941 1950 4001 efficere
1990 3950 2274 4017 studebat,
2307 3961 2363 4008 ut
2405 3954 2629 4012 libenter
2674 3960 3032 4033 largireutur,
3062 3969 3113 4024 in
3145 3987 3206 4026 ea
3250 3989 3313 4029 re

1733 4042 2029 4108 praesertim
2076 4043 2389 4101 immoratur
2411 4088 2426 4112 ,
2464 4049 2679 4117 (licens,
2713 4054 2837 4109 Cum
2882 4060 3042 4114 multa
3076 4066 3309 4120 exhorta-

1735 4130 1905 4194 tione;
1932 4142 2018 4198 et,
2051 4133 2379 4192 Obsecrantes
2423 4155 2534 4193 nos.
2563 4141 2679 4198 Non
2710 4161 2836 4211 eos,
2870 4148 3069 4219 inquit,
3100 4160 3310 4226 rogavi-

1734 4238 1888 4287 mus,
1934 4226 2029 4281 sed
2084 4226 2179 4296 ipsi
2229 4244 2344 4284 nos.
2378 4231 2513 4298 Quid
2561 4244 2737 4290 autem
2786 4240 3128 4299 obsecrantes
3179 4252 3314 4304 nos?

1738 4312 1965 4369 Gratiam
2010 4326 2055 4370 et
2107 4322 2608 4378 communicationem
2661 4328 2941 4397 ministerii,
2973 4336 3107 4403 quod
3151 4339 3211 4405 ﬁt
3258 4342 3313 4395 in

1733 4408 2195 4466 sanctos.Videsne
2223 4427 2411 4467 rursus
2438 4430 2545 4484 quo
2574 4426 2728 4486 pacto
2758 4436 2871 4476 rem
2900 4426 3201 4495 ampliﬁcet,
3229 4431 3313 4486 in-

1736 4501 1974 4571 signibus
2019 4503 2321 4559 nominibus
2364 4521 2484 4561 eam
2524 4515 2876 4581 nuneupans?
2904 4516 3033 4584 Quia
3064 4521 3204 4577 enim
3236 4525 3313 4581 illi

1737 4592 2021 4662 spirituum
2048 4595 2270 4650 studiosi
2301 4607 2454 4653 erant
2476 4641 2491 4666 ,
2525 4601 2749 4670 gratiam
2781 4603 2833 4658 id
2861 4608 3123 4676 appellat,
3157 4624 3213 4668 ut
3241 4616 3309 4671 ad

1738 4700 1856 4741 eam
1885 4698 2231 4743 accurrerent
2262 4706 2275 4743 :
2310 4705 2372 4746 ac
2415 4708 2600 4749 rursus
2647 4700 3181 4759 communicationem
3206 4746 3223 4773 ,
3256 4718 3314 4763 ut

1736 4778 2094 4851 intelligerent
2113 4796 2173 4836 se
2193 4797 2299 4836 non
2331 4791 2534 4841 tantum
2561 4786 2710 4853 dare,
2737 4788 2831 4844 sed
2858 4791 3018 4847 etiam
3043 4796 3313 4865 accipere.

1739 4873 1852 4929 lloe
1879 4874 2076 4945 itaque,
2101 4875 2289 4947 inquit,
2315 4892 2346 4931 a
2372 4878 2525 4934 nobis
2550 4880 2793 4949 precibus
2814 4884 3227 4952 contendebant.
3255 4901 3315 4946 ut

1738 4963 2041 5034 hujusmodi
2069 4968 2418 5023 ministerium
2448 4971 2861 5040 susciperemus.
2884 4974 2939 5031 5.
2963 4975 3030 5030 Et
3058 4995 3157 5033 non
3184 4981 3313 5036 sicut

1736 5066 2068 5128 speravimus.
2100 5060 2224 5115 Haec
2253 5060 2412 5115 verba
2442 5071 2549 5115 tum
2578 5063 2644 5116 ad
2677 5063 2973 5135 largitionis
2999 5070 3310 5139 amplitudi-

1739 5166 1902 5217 nem,
1951 5159 2058 5204 tum
2114 5150 2181 5206 ad
2233 5152 2560 5208 calamitates
2608 5152 2790 5210 refert.
2844 5155 3143 5228 Numquam
3197 5161 3312 5221 fore

1738 5245 2157 5314 speravissemus
2180 5286 2194 5309 ,
2224 5245 2424 5315 inquit,
2472 5254 2527 5300 ut
2548 5287 2563 5311 ,
2596 5261 2715 5301 cum
2757 5249 2809 5302 in
2841 5259 2981 5305 tanta
3011 5254 3312 5314 calamitate

1741 5350 1805 5389 ac
1833 5346 2140 5406 paupertate
2182 5347 2557 5403 versarentur,
2589 5353 2689 5393 nos
2739 5340 2899 5396 etiam
2945 5356 3197 5414 urgerent
3246 5362 3310 5404 ac

1743 5437 2020 5498 tantopere
2050 5427 2408 5483 obsecrarent.
2436 5428 2518 5484 Ad
2550 5430 2663 5485 haec
2688 5472 2703 5498 ,
2731 5448 2830 5502 qua
2870 5433 3227 5493 sollicitudine
3257 5439 3310 5493 in

1742 5520 1944 5589 reliqua
1975 5520 2077 5575 vita
2108 5520 2395 5575 excolenda
2442 5531 2735 5591 uterentur,
2762 5524 2843 5578 Itis
2870 5527 3046 5583 verbis
3072 5530 3307 5585 declara-

1744 5611 1820 5666 vit
1835 5629 1849 5665 :
1865 5611 1972 5667 Sed
1990 5612 2179 5681 seipsos
2200 5612 2418 5679 primunt
2443 5614 2683 5668 dederunt
2703 5613 2939 5679 Domino,
2963 5618 3144 5671 deinde
3170 5620 3310 5674 nobis

1747 5724 1836 5781 per
1860 5704 2164 5762 voluntatem
2197 5704 2311 5761 Dei.
2340 5704 2396 5761 lu
2424 5706 2670 5763 omnibus
2690 5709 2831 5763 enim
2858 5722 3039 5764 eorum
3060 5709 3316 5763 obedien—
