3792 6312
576 242 685 302 bili

577 360 650 412 tia
674 354 1123 425 exspectationem
1148 359 1381 406 nostram
1408 348 1693 418 superavit.
1718 346 1827 401 Nec
1852 345 2016 410 enim,
2038 345 2162 415 quia

574 452 855 523 egentibus
874 449 1095 513 dabam,
1119 445 1319 500 ideirco
1342 443 1569 497 aliarum
1597 442 1850 495 virtutum
1871 454 2052 493 curam
2078 437 2167 490 ab-

572 542 850 612 jiciehant,
866 538 959 593 sed
982 537 1189 604 seipsos
1206 535 1430 588 Domino
1450 533 1676 601 primum
1693 527 2164 595 obtulerunt.Quid

574 640 879 696 autemest,
902 628 1117 684 Domino
1138 626 1428 693 semetipsos
1454 622 1736 677 dederunt?
1765 621 1877 675 Hoc
1898 631 2000 683 est,
2032 633 2164 672 con-

576 735 855 780 secrarunt
879 738 894 787 ;
928 719 1133 792 probati
1156 719 1206 773 in
1230 717 1331 771 ﬁde
1346 716 1693 779 exstiterunt;
1718 713 1879 768 animi
1903 714 2165 781 magnitu-

576 820 756 873 dinem
783 817 839 871 in
868 813 1250 869 tentationibus
1279 808 1665 873 adhibuerunt,
1696 806 2120 861 moderationem
2142 844 2158 868 ,

578 909 907 968 facilitatem,
935 904 1232 965 caritatem,
1258 900 1596 968 studiumque
1647 899 1699 951 in
1751 897 1869 951 aliis
1913 896 2162 950 omnibus

546 1048 558 1061 .
576 1002 863 1057 virtutibus
886 1008 1045 1067 atque
1070 996 1395 1049 alacritatem
1421 1008 1529 1061 pra:
1551 1006 1611 1047 se
1636 991 1889 1045 tulerunt.
1922 989 2056 1055 Quid
2081 989 2162 1042 his

577 1093 757 1148 verbis
803 1090 903 1144 sibi
955 1088 1087 1150 vult,
1121 1084 1187 1139 El
1218 1082 1406 1137 nobis?
1432 1083 1543 1136 Hoc
1590 1093 1691 1142 est.
1737 1080 2049 1135 obedientes
2103 1094 2163 1133 se

580 1186 735 1240 nobis
785 1181 1161 1252 prazbuerunt;
1217 1177 1564 1239 dilexerunt,
1609 1182 1941 1245 paruerunt,
1998 1182 2054 1226 ut
2107 1180 2163 1226 et

580 1282 673 1336 Dei
705 1282 848 1350 leges
879 1279 1201 1347 implerent,
1235 1286 1289 1331 et
1330 1275 1570 1330 caritatis
1613 1273 1829 1328 vinculo
1884 1271 2159 1327 nobiscum

578 1376 1019 1443 astringerentur.
1052 1374 1128 1426 Ac
1158 1368 1451 1439 perpende,
1504 1366 1777 1436 quomodo
1821 1365 1908 1421 hic
1949 1378 2161 1434 quoque

578 1484 766 1523 eorum
816 1467 1227 1521 intentissimum
1272 1462 1509 1518 studium
1564 1461 1854 1522 ostendat,
1908 1458 2092 1513 dicens
2142 1473 2156 1509 :

580 1560 887 1629 Semetipsos
900 1559 1141 1611 dederunt
1162 1555 1398 1609 Domino.
1430 1553 1566 1616 Non,
1596 1551 1787 1622 inquit,
1813 1550 2001 1619 partim
2030 1550 2158 1612 Deo,

577 1651 774 1721 partim
792 1649 992 1704 mundo
1008 1646 1349 1712 ohedierunt,
1368 1644 1460 1699 sed
1478 1644 1655 1698 omnia
1680 1642 1806 1706 Deo,
1827 1649 1985 1710 atque
1998 1640 2158 1695 etiam

576 1744 783 1813 seipsos
813 1751 956 1796 totos
998 1741 1049 1795 ei
1100 1739 1384 1795 dederunt.
1413 1737 1598 1807 Neque
1623 1736 1764 1789 enim
1791 1734 1862 1788 ob
1888 1734 2027 1803 piam
2055 1733 2160 1786 lar-

573 1839 828 1909 gitionem
860 1834 1163 1904 arrogantia
1192 1832 1316 1888 elati
1342 1839 1488 1895 sunt,
1518 1844 1700 1883 verum
1729 1843 1850 1883 cum
1891 1826 2159 1895 ingentem

573 1931 724 2002 prius
762 1927 1116 1983 humilitatem
1142 1966 1157 1992 ,
1186 1925 1455 1994 ingentem
1485 1921 1844 1976 obedientiam
1887 1928 1941 1973 et
1985 1918 2159 1972 hono-

573 2037 709 2085 rem,
738 2034 982 2091 magnam
1016 2016 1408 2087 philosophiam
1433 2013 1818 2074 exhibuissent,
1847 2011 1915 2065 ita
1942 2009 2158 2064 demum

571 2116 970 2183 eleemosynam
1016 2109 1224 2179 elargiti
1269 2116 1414 2161 sunt.
1444 2104 1580 2173 Quid
1633 2120 1793 2174 porro
1846 2104 1930 2158 his
1981 2102 2160 2156 verbis

571 2205 919 2274 signiﬁcatur,
956 2199 1056 2253 Per
1097 2199 1403 2253 voluntatem
1447 2194 1864 2263 Dei?Quottiatn
1909 2194 2155 2257 dixerat,

575 2299 746 2352 Semet
766 2297 901 2365 ipsos
927 2294 1069 2347 nobis
1089 2293 1359 2357 dederunt,
1390 2305 1517 2352 non,
1550 2288 1742 2357 inquit,
1771 2288 2003 2341 humano
2030 2285 2159 2339 affe-

572 2398 683 2455 ctu,
715 2394 810 2441 sed
833 2384 1123 2440 secundum
1156 2384 1246 2438 Dei
1272 2383 1602 2437 voluntatem
1627 2380 1727 2434 huc
1758 2378 1957 2433 fecere.
1987 2377 2038 2432 6.
2070 2375 2158 2429 Ita

571 2493 628 2536 ut
668 2496 960 2551 rogaremus
999 2477 1214 2541 Titum,
1240 2485 1293 2528 ut
1332 2472 1757 2547 quemadmodum
1800 2472 1968 2537 carpit,
1998 2471 2070 2523 ita
2110 2478 2157 2523 et

572 2571 800 2644 perﬁciat
829 2572 881 2623 in
910 2568 1048 2623 vobis
1094 2568 1310 2639 gratiam
1355 2567 1524 2619 istam.
1554 2564 1619 2617 Et
1647 2577 1894 2633 quaenam
1920 2570 2001 2616 est
2041 2559 2157 2615 haec

569 2664 856 2720 verborum
887 2661 1099 2717 series?
1126 2658 1354 2731 Egregia
1380 2673 1507 2712 sane
1532 2670 1595 2712 ac
1623 2670 1744 2711 cum
1785 2654 1851 2709 iis
1872 2669 1991 2724 qua:
2022 2668 2158 2724 pras-

569 2761 850 2811 cesserunt
893 2753 1116 2824 pulchre
1142 2750 1440 2806 cohaerens.
1466 2748 1725 2816 Quoniam
1751 2747 1917 2813 enim,
1961 2745 2152 2815 inquit,

568 2864 665 2905 eos
691 2850 745 2903 in
766 2848 1013 2901 omnibus
1037 2886 1051 2910 ,
1084 2844 1187 2898 hoc
1215 2849 1299 2898 est
1322 2842 1374 2897 in
1402 2840 1803 2905 tentationibus,
1832 2840 1884 2893 in
1931 2839 2158 2894 eleemo-

567 2941 738 3013 synis,
774 2941 827 2995 in
856 2939 1019 2994 nostri
1046 2951 1248 3001 amore,
1271 2949 1333 2990 ac
1356 2933 1562 3005 reliqua
1588 2931 1711 2986 vitae
1732 2932 1982 3003 puritate,
2003 2945 2155 2985 acres

568 3051 632 3090 ac
662 3035 927 3089 ferventes
962 3045 1082 3087 esse
1111 3028 1476 3099 comperimus
1511 3042 1525 3078 :
1553 3034 1612 3080 ut
1650 3040 1746 3079 vos
1776 3038 1986 3095 quoque
2013 3025 2157 3092 ipso-

566 3142 686 3182 rum
712 3127 961 3180 virtutem
986 3122 1304 3192 adtequetis,
1327 3119 1506 3173 Titum
1533 3116 1797 3172 misimus.
1819 3113 1876 3170 ld
1899 3115 2042 3170 enim
2072 3114 2154 3169 his

567 3220 745 3276 verbis
772 3218 1050 3281 indicavit,
1083 3216 1183 3271 etsi
1214 3230 1321 3269 non
1354 3212 1422 3267 ita
1452 3212 1521 3266 sit
1549 3210 1822 3280 loquutus.
1850 3210 1927 3262 Ac
1970 3208 2153 3261 consi-

566 3314 726 3368 deres
764 3313 922 3367 velim
966 3309 1165 3365 amoris
1210 3305 1654 3377 magnitudinem.
1683 3302 1765 3357 Ab
1804 3302 1926 3366 illis,
1958 3300 2147 3369 inquit,

566 3419 689 3458 cum
729 3416 1042 3473 rogaremur
1068 3408 1125 3455 et
1163 3400 1606 3463 obsecraretnur,
1630 3397 1699 3452 de
1736 3394 1889 3449 vobis
1936 3392 2151 3449 solliciti

571 3510 807 3560 eramus,
831 3494 1083 3548 nimirum
1117 3507 1184 3545 ne
1213 3490 1281 3544 ab
1312 3490 1414 3544 illis
1440 3487 1809 3544 vinceremini.
1833 3485 1962 3554 Quae
1990 3484 2154 3539 etiam

567 3588 722 3643 nobis
748 3586 993 3642 mittendi
1014 3584 1120 3639 Titi
1146 3598 1308 3638 causa
1335 3582 1451 3649 fttit,
1478 3591 1535 3636 ut
1560 3581 1685 3634 hinc
1703 3593 1916 3649 quoque
1936 3574 2152 3631 excitati

566 3691 621 3734 et
662 3675 1074 3734 comtnonefacti
1099 3718 1113 3739 ,
1141 3673 1457 3728 Macedonas
1497 3669 1904 3726 :cmularemini.
1938 3668 2151 3722 Etenim

566 3773 676 3827 illic
702 3781 818 3825 erat
840 3769 1012 3833 Titus,
1035 3783 1159 3822 cum
1186 3765 1303 3820 haec
1326 3765 1551 3835 epistola
1582 3764 1928 3818 scriberetur.
1959 3758 2154 3814 Osten-

565 3866 643 3917 tlit
690 3873 864 3915 autem
905 3876 1025 3914 ettm
1052 3860 1163 3928 jam
1211 3866 1335 3912 ante
1382 3856 1528 3910 Pauli
1577 3851 2002 3909 cohortatiouem
2049 3849 2152 3903 hoc

566 3955 744 4009 facere
791 3954 1017 4021 cmpisse
1044 3994 1059 4018 ,
1108 3965 1228 4005 cum
1286 3951 1359 4002 ait
1396 3966 1409 4001 :
1457 3945 1525 4003 Ut
1568 3944 1990 4016 quemadmodum
2036 3950 2153 3997 ante

569 4049 740 4116 erepit.
769 4046 921 4102 Unde
949 4046 1113 4100 etiam
1138 4032 1375 4098 miriﬁcis
1398 4040 1645 4097 laudibus
1665 4055 1787 4094 eum
1819 4036 2003 4103 afﬁcit,
2036 4047 2148 4092 tum

566 4143 619 4196 itt
664 4140 885 4197 exordio
906 4183 921 4203 ,
951 4140 1027 4194 sic
1051 4140 1279 4207 loquens
1307 4158 1320 4194 :
1353 4136 1429 4189 Eo
1456 4135 1588 4206 quod
1618 4151 1717 4187 non
1755 4132 2027 4187 invenerim
2060 4129 2148 4183 Ti-

565 4246 669 4287 tum
692 4239 923 4304 fratrem,
955 4249 1055 4286 non
1096 4230 1247 4283 habui
1288 4232 1506 4297 requiem
1534 4226 1736 4297 spiritui
1763 4242 1871 4279 meo
1902 4227 1919 4293 (
1945 4222 2002 4276 2.
2026 4220 2146 4277 Cor.

562 4328 618 4381 2.
654 4328 721 4381 15
747 4328 796 4395 );
830 4332 937 4379 tum
970 4325 1069 4378 huc
1107 4324 1225 4377 loco
1253 4338 1347 4391 per
1373 4320 1548 4375 omnia
1591 4320 1706 4373 hate
1743 4319 1905 4372 verba
1936 4332 2053 4386 qum
2082 4313 2150 4368 de

564 4434 630 4473 eo
659 4417 860 4478 habuit,
909 4430 971 4469 ac
1015 4416 1245 4481 denique
1290 4428 1383 4482 per
1416 4413 1516 4465 huc
1548 4411 1741 4479 ipsum.
1773 4408 1955 4478 Neque
2006 4407 2147 4461 enim

562 4513 751 4581 exigua
783 4511 895 4563 laus
922 4518 1005 4563 est
1031 4508 1299 4576 incipere,
1327 4506 1522 4575 quippe
1551 4518 1668 4573 qua:
1699 4501 1996 4556 ferventem
2024 4498 2145 4552 ani-

564 4621 709 4662 mum
742 4603 961 4659 indicet.
994 4600 1223 4669 ideoque
1250 4600 1398 4653 illum
1426 4597 1571 4651 misit
1590 4637 1605 4663 ,
1639 4611 1703 4650 ex
1729 4594 1834 4648 Titi
1862 4592 2146 4663 praesentia

563 4712 812 4769 magnum
841 4694 945 4750 illis
988 4692 1055 4747 ad
1096 4690 1393 4759 largitionis
1436 4687 1669 4743 studium
1713 4685 1891 4740 calcar
1920 4683 2144 4738 addens.

565 4793 643 4845 Ac
673 4798 956 4858 propterea
988 4783 1235 4838 laudibus
1263 4795 1387 4836 eum
1414 4779 1665 4840 extollit,
1696 4789 1751 4832 ut
1794 4792 1916 4831 eum
1963 4776 2151 4830 Corin-

567 4882 690 4935 thiis
718 4878 1089 4936 vehementius
1138 4874 1406 4930 conciliet.
1437 4872 1569 4927 Nam
1610 4881 1665 4927 et
1708 4869 1849 4925 istud
1897 4884 2147 4940 magnum

565 4974 632 5028 ad
661 4972 1087 5044 persuadendum
1138 4968 1345 5040 pondus
1393 4967 1587 5033 habet,
1613 4981 1735 5021 cum
1768 4965 1812 5019 is
1855 4964 1946 5035 qui
1972 4973 2152 5018 monet

567 5066 830 5121 benevolo
856 5066 1035 5118 animo
1062 5073 1164 5117 est.
1197 5059 1429 5116 Pulchre
1457 5068 1634 5113 autem
1663 5056 1830 5112 semel
1859 5064 1913 5112 et
1956 5055 2150 5110 iterum

567 5171 639 5210 ac
684 5155 843 5210 tertio
889 5155 1245 5225 eleetnosynte
1288 5155 1617 5206 mentionem
1660 5148 1883 5214 faciens,
1925 5145 2149 5216 gratiam

567 5261 688 5302 eam
722 5254 894 5300 vocat.
925 5243 1076 5298 Nunc
1100 5244 1244 5297 enim
1273 5243 1367 5307 ait,
1398 5240 1589 5295 Notam
1616 5248 1780 5292 autem
1811 5236 1947 5291 vobis
1974 5235 2108 5306 facio
2133 5276 2148 5301 ,

569 5344 773 5413 fratres,
801 5338 1016 5410 gratiam
1044 5336 1162 5403 Dei,
1190 5351 1301 5403 qua?
1326 5336 1447 5389 data
1475 5335 1618 5389 estin
1645 5330 1882 5385 Ecclesiis
1909 5327 2153 5383 Maccdo-

568 5432 705 5497 nice;
734 5443 875 5484 nunc
898 5468 913 5493 ,
945 5427 1233 5482 Voluntarii
1282 5428 1485 5496 fuerunt
1507 5466 1522 5490 ,
1553 5439 1665 5478 cum
1716 5421 1875 5474 multa
1925 5419 2154 5472 oratione

566 5524 883 5580 obsecrantes
912 5537 1002 5575 nos
1026 5519 1241 5592 gratiam
1288 5526 1337 5571 et
1374 5516 1914 5576 communicationem;
1943 5526 2006 5565 ac
2031 5526 2154 5565 rur-

568 5633 680 5679 sus,
718 5614 785 5670 Ut
817 5610 1243 5685 quemadmodum
1269 5609 1411 5679 prius
1456 5610 1604 5678 carpit
1629 5649 1643 5675 ,
1670 5608 1740 5660 ita
1769 5616 1814 5659 et
1844 5603 2072 5675 perﬁciat
2100 5603 2155 5656 in

569 5711 706 5765 vobis
732 5708 947 5780 gratiam
987 5705 1158 5759 istam.

1367 235 1422 292 S.
1461 232 1735 291 JOANNIS
1768 228 2242 287 CHRYSOSTOHl
2286 227 2602 287 ARCIIIEP.
2643 230 3178 291 CONSTANTINOP.
3682 244 3741 297 Sli

2339 344 2393 399 4.
2432 343 2817 417 Eleanosynam
2862 363 3069 419 erogare
3102 350 3269 419 majus
3308 360 3397 415 est,
3427 367 3566 419 quant
3595 369 3742 405 norma:

2268 437 2336 488 ad
2376 437 2531 489 vitam
2574 453 2827 493 revocare.
2852 469 2923 479 —
2947 440 3153 494 Etenim
3200 442 3381 507 ingens
3423 442 3598 496 bonum
3621 460 3669 499 ac
3689 446 3741 499 Dei

2267 527 2467 580 donum
2518 527 2620 582 hoe
2661 539 2783 591 est,
2810 530 2953 599 quod
3001 531 3047 583 si
3097 541 3404 600 praestetur,
3437 532 3536 586 Deo
3558 533 3740 602 ipsinos,

2266 628 2520 687 quantum
2553 619 2667 674 ﬁeri
2696 629 2869 689 potest
2900 621 3103 676 similes
3128 622 3341 676 efﬁciat.
3366 622 3474 675 Hoc
3497 623 3617 676 enim
3636 626 3743 692 potis-

2266 710 2459 763 simum
2491 709 2653 766 homo
2673 721 2776 766 est.
2800 712 2954 767 Unde
2977 714 3138 767 etiam
3170 713 3398 767 hominis
3438 713 3651 767 indicium
3670 719 3742 783 qui-

2265 803 2386 857 dam
2412 804 2618 867 (licens,
2639 806 2741 860 hoc
2773 809 2981 877 posuit:
3004 807 3197 877 Magna
3222 824 3300 861 res
3327 817 3419 869 est,
3450 808 3615 876 inquit,
3636 808 3742 871 bona,

2264 910 2325 948 ac
2349 898 2519 966 magni
2545 899 2691 967 pretii
2713 900 2789 951 vir
2809 900 3136 969 eleemosyna:
3160 900 3414 953 studiosus
3432 898 3594 965 (Prov.
3615 900 3680 953 20.
3700 908 3742 969 6).

2264 988 2431 1056 Major
2457 990 2572 1044 iure
2593 992 2762 1059 gratia
2793 1002 2875 1045 est
2897 1033 2913 1057 ,
2938 1007 3096 1061 quam
3126 1001 3365 1046 mortuos
3402 991 3469 1045 ad
3498 992 3630 1045 vitam
3646 1008 3745 1045 rem-

2264 1095 2408 1134 care.
2435 1080 2705 1136 Christum
2735 1082 2877 1136 enim
2922 1083 3063 1136 fame
3105 1082 3438 1137 laborantem
3483 1083 3607 1137 alere
3640 1084 3745 1135 multa

2265 1174 2603 1241 praestantius
2629 1184 2747 1239 est,
2775 1189 2935 1243 quam
2981 1174 3032 1228 in
3077 1176 3292 1229 nomine
3332 1174 3459 1229 Jesu
3498 1189 3526 1227 a
3561 1176 3747 1228 moueat

2264 1266 2425 1317 vitam
2450 1264 2691 1320 homines
2710 1267 2974 1320 excitare:
2995 1265 3100 1319 illic
3119 1266 3264 1320 enim
3287 1265 3502 1319 Christo
3524 1264 3747 1319 beneﬁcium

2263 1354 2379 1419 das,
2411 1354 2497 1408 hic
2522 1355 2610 1409 ille
2636 1354 2752 1409 tibi.
2786 1355 2952 1411 Porro
2982 1372 3086 1409 non
3110 1355 3210 1420 iis,
3239 1356 3332 1425 qui
3362 1356 3645 1410 beneﬁcium
3664 1359 3749 1408 acts

2266 1447 2436 1515 piunt,
2455 1446 2551 1500 sed
2580 1446 2645 1500 iis
2670 1446 2758 1515 qui
2786 1446 2933 1507 dant.
2954 1461 3160 1502 merces
3187 1457 3269 1501 est
3292 1448 3589 1501 constituta.
3614 1448 3747 1501 Etenim

2264 1536 2316 1589 in
2339 1536 2714 1591 miraculorum
2743 1537 2977 1592 editione
2996 1538 3292 1593 debitorem
3323 1549 3376 1593 te
3409 1539 3542 1593 Deus
3565 1539 3700 1603 habet,
3722 1542 3749 1591 ia

2262 1626 2604 1697 eleemosyna
2633 1636 2811 1681 autem
2843 1638 2897 1682 tu
2942 1629 3110 1684 Deum
3156 1630 3249 1684 tibi
3289 1631 3591 1685 obstrictum
3628 1632 3747 1685 habet.

2264 1717 2620 1789 Eleemosyna
2661 1734 2791 1773 vero
2836 1728 2946 1774 tum
2989 1719 3202 1774 demum
3255 1731 3360 1787 est,
3408 1737 3525 1777 cum
3574 1732 3618 1775 ttt
3649 1722 3748 1775 alacri

2261 1810 2461 1875 animo,
2485 1824 2605 1863 cum
2628 1809 2772 1881 large
2794 1819 2848 1865 et
2865 1811 3079 1881 copiose
3102 1812 3308 1879 tribuis,
3334 1828 3455 1867 cum
3485 1815 3670 1881 teipsum
3689 1830 3749 1865 nos

2261 1900 2413 1963 dare.
2446 1902 2538 1956 sed
2569 1903 2813 1972 accipere
2842 1905 3116 1958 existimas
3138 1945 3154 1970 ,
3182 1920 3301 1959 cum
3332 1915 3391 1959 ut
3421 1907 3686 1960 beneﬁcium
3706 1920 3751 1956 ae

2260 1992 2465 2062 cipieus
2493 2002 2549 2048 et
2574 2004 2835 2064 quaestum
2862 1993 3165 2061 faciens,ac
3184 2011 3288 2050 non
3321 2006 3580 2065 tamquam
3600 1997 3750 2066 perdas

2263 2083 2470 2153 largiris
2505 2102 2518 2137 :
2551 2100 2674 2138 nant
2707 2085 2808 2140 hoc
2836 2101 2903 2139 ne
2934 2086 3249 2141 beneﬁcium
3274 2088 3490 2156 quidem
3511 2093 3751 2142 censendum

2260 2174 2441 2230 fuerit.
2464 2175 2563 2243 Qui
2603 2178 2747 2231 enim
2788 2177 3019 2247 inopiam
3067 2178 3288 2233 alterius
3323 2179 3594 2243 sublevat,
3620 2178 3654 2233 is
3681 2182 3751 2231 lato

2260 2268 2442 2323 animo
2463 2283 2584 2324 esse
2607 2284 2708 2324 nec
2724 2270 2950 2325 moleste
2975 2270 3118 2325 ferre
3137 2270 3318 2325 debet.
3337 2276 3525 2326 Annon
3548 2272 3750 2326 absurdum

2260 2358 2443 2422 fuerit,
2473 2360 2517 2413 si
2558 2374 2683 2413 cum
2728 2360 2949 2415 alterius
2977 2376 3262 2417 matrorent
3291 2363 3542 2417 discutias
3561 2405 3573 2424 .
3599 2377 3751 2418 matteas

2261 2449 2419 2519 ipse?
2447 2466 2616 2521 neque
2643 2452 2785 2506 enim
2832 2453 2930 2523 ipsi
2968 2453 3078 2523 jam
3105 2455 3472 2525 eleemosyna:
3497 2470 3658 2508 nomen
3679 2456 3751 2506 reti.

2260 2558 2425 2614 quum
2453 2543 2602 2599 facis.
2630 2544 2760 2598 Nam
2809 2546 2852 2599 si
2906 2545 3103 2600 idcirco
3147 2561 3382 2611 maeres,
3434 2546 3567 2617 quod
3606 2547 3752 2599 alterius

2261 2650 2551 2691 maerorem
2590 2635 2892 2704 depuleris,
2922 2646 3176 2691 extremm
3206 2638 3486 2706 cujusdam
3510 2636 3752 2692 crudelitatis

2259 2743 2322 2782 ac
2349 2728 2575 2782 feritatis
2604 2736 2975 2796 argumentum
3003 2728 3120 2782 etiis
3152 2750 3164 2783 :
3192 2738 3416 2798 prastat
3440 2729 3570 2782 enim
3597 2742 3677 2781 nou
3698 2726 3752 2777 ἀε-

2260 2820 2481 2890 pellere,
2507 2835 2664 2890 quam
2692 2821 2764 2874 ita
2793 2820 3081 2889 depellere.
3114 2820 3250 2888 Quid
3288 2832 3471 2876 autem
3496 2822 3749 2877 onminoel.

2258 2928 2292 2967 ο
2318 2912 2501 2977 homo,
2532 2914 2671 2983 quod
2700 2914 2935 2968 maeres?
2960 2928 3026 2967 an
3058 2930 3121 2967 ne
3147 2930 3337 2968 aurum
3370 2925 3514 2968 tuunt
3534 2911 3750 2967 minuatur?

2259 3004 2316 3061 Si
2346 3005 2448 3060 hoc
2475 3006 2656 3059 animo
2685 3021 2763 3071 es,
2792 3020 3015 3076 prorsus
3040 3022 3107 3061 ne
3134 3006 3231 3062 des
3257 3007 3479 3077 quidem
3503 3026 3517 3061 :
3537 3008 3622 3061 nisi
3641 3006 3703 3058 lilii
3722 3004 3748 3053 in

2257 3098 2404 3154 caelis
2424 3114 2611 3154 aurum
2640 3108 2789 3154 tuum
2818 3101 3002 3154 multis
3030 3100 3269 3170 partibus
3294 3101 3479 3169 augeri
3498 3098 3692 3157 confidis,
3711 3109 3747 3146 is

2259 3192 2481 3247 tribuas.
2511 3193 2581 3245 At
2605 3190 2689 3246 hic
2712 3191 2879 3245 vicem
2908 3191 3000 3245 tibi
3018 3190 3236 3259 rependi
3265 3192 3503 3261 postulas
3522 3190 3543 3243 ἲ
3564 3187 3669 3257 Quid
3685 3184 3747 3235 iu’

2257 3284 2387 3341 Sine
2426 3284 2823 3356 eleemosynam
2849 3284 3244 3355 eleemosynam
3272 3296 3399 3340 esse
3421 3324 3437 3349 ,
3464 3297 3565 3337 non
3588 3278 3745 3345 negotia-

2259 3380 2479 3433 tionem.
2511 3377 2652 3432 Sane
2691 3376 2839 3431 mnlti
2884 3377 2937 3430 in
2969 3380 3068 3430 hac
3093 3390 3304 3445 quoque
3328 3376 3443 3430 vita
3486 3378 3744 3442 receperim-

2256 3488 2441 3528 verum
2470 3487 2574 3526 non
2599 3471 2671 3524 ita
2697 3478 3035 3540 receperunt,
3058 3469 3207 3539 quasi
3230 3469 3536 3538 superiores
3557 3466 3610 3517 iis
3629 3461 3745 3516 futuri.

2256 3566 2346 3637 qui
2387 3563 2475 3619 hic
2519 3563 2653 3618 nihil
2699 3571 3021 3632 acceperunt
3051 3576 3068 3613 ε
3096 3560 3221 3631 quin
3264 3560 3451 3629 potius
3493 3554 3683 3613 nonnulli
3709 3565 3747 3603 et

2255 3659 2383 3725 illis,
2400 3667 2461 3713 ut
2484 3655 3011 3725 intbeciiliores,quia
3038 3653 3228 3708 futuris
3249 3654 3409 3709 bonis
3429 3668 3530 3707 non
3546 3646 3747 3705 admodum

2254 3748 2625 3803 alliciebantur
2647 3786 2662 3809 ,
2691 3745 2779 3800 hic
2824 3754 3163 3813 receperunt.
3207 3742 3275 3798 Et
3300 3744 3444 3798 sicut
3474 3742 3698 3797 helluones
3718 3744 3751 3785 et

2256 3841 2488 3912 imperiti
2537 3839 2783 3894 homines
2831 3840 3141 3907 ventrisque
3186 3838 3485 3906 mancipia,
3525 3834 3583 3889 ad
3616 3844 3749 3899 regiam

2254 3947 2494 3990 mensam
2546 3930 3060 4000 acciti,eongruum
3107 3938 3314 3997 tempus
3362 3940 3622 3998 puerorum
3656 3934 3751 3975 more

2256 4026 2473 4081 minime
2498 4031 2873 4092 exspectantes
2896 4063 2911 4087 ,
2942 4021 3266 4089 voluptatem
3292 4035 3449 4074 suam
3476 4017 3747 4072 labefactant.

2253 4126 2651 4173 antevertcntes
2671 4115 2795 4185 ipsi,
2818 4114 3095 4168 vilioribus
3119 4112 3291 4183 epulis
3319 4128 3445 4168 sese
3470 4109 3749 4181 ingurgitent:

2254 4212 2323 4264 ita
2356 4210 2411 4264 hi
2439 4224 2669 4281 quoque,
2699 4210 2788 4277 qui
2829 4207 2882 4260 in
2911 4205 3011 4259 hac
3036 4205 3140 4258 vita
3170 4205 3306 4259 bona
3336 4213 3577 4273 qurerunt
3599 4208 3642 4253 et
3662 4195 3752 4249 acci-

2254 4304 2427 4372 piunt,
2452 4302 2641 4355 futura:
2664 4297 2969 4353 mercedem
2996 4297 3264 4350 minuunt.
3293 4294 3445 4349 itane
3469 4307 3585 4348 vero
3603 4298 3749 4349 uncum

2255 4394 2535 4463 pecuniam
2561 4390 2751 4446 faenori
2778 4388 2874 4443 das
2899 4428 2915 4451 ,
2947 4401 3145 4442 sortem
3176 4395 3318 4439 tuam
3346 4386 3508 4454 longo
3531 4389 3631 4452 post
3668 4388 3749 4429 teu-

2256 4505 2386 4560 pore
2410 4486 2648 4556 recipere
2673 4484 2825 4552 cupis
2847 4522 2862 4548 ,
2890 4496 2954 4537 ac
2983 4481 3209 4535 fortasse
3237 4496 3303 4534 ne
3328 4480 3563 4548 recipere
3583 4470 3747 4544 quidem.

2256 4591 2313 4635 ut
2345 4595 2416 4635 ex
2461 4592 2607 4632 mora
2649 4575 2826 4632 ftenus
2855 4574 2947 4628 tibi
2992 4582 3280 4644 augeatur;
3313 4572 3402 4625 hic
3425 4578 3595 4626 contra
3631 4561 3748 4617 statim

2254 4674 2445 4743 exigis,
2474 4671 2633 4740 idque
2657 4684 2778 4725 cum
2810 4682 2915 4722 non
2947 4666 3056 4732 hic,
3088 4665 3181 4721 sed
3213 4665 3320 4719 illic
3344 4673 3591 4734 perpetuo
3611 4660 3749 4712 iuturus

2257 4765 2363 4829 sis;
2394 4779 2499 4818 non
2540 4762 2628 4816 hic
2682 4759 2942 4830 judicium
2990 4757 3260 4811 subiturus
3285 4796 3299 4819 ,
3330 4755 3426 4809 sed
3472 4755 3569 4808 illic
3602 4756 3748 4803 causam

2257 4855 2530 4912 dicturus?
2555 4854 2624 4909 Et
2649 4851 2865 4924 quidem
2894 4850 2942 4904 si
2971 4850 3065 4904 tibi
3090 4847 3347 4918 quispiam
3380 4848 3518 4901 aedes
3540 4843 3627 4898 illic
3645 4848 3747 4905 appr

2257 4957 2402 5005 raret
2427 4986 2443 5013 ,
2469 4945 2556 5000 tibi
2581 4951 3007 4999 commoraturus
3037 4939 3253 4993 minime
3283 4952 3435 4993 esses
3453 4980 3469 5004 ,
3497 4926 3750 4990 contumelia

2259 5041 2312 5096 id
2341 5041 2601 5103 duceres;
2630 5050 2772 5091 nune
2797 5043 2977 5090 autem
3005 5032 3093 5087 hic
3116 5031 3264 5086 dives
3295 5045 3420 5085 esse
3450 5016 3749 5086 studes,ka

2258 5144 2383 5188 ante
2407 5145 2685 5201 vesperam
2714 5141 2927 5199 quoque
2970 5123 3194 5180 fortasse
3233 5122 3558 5192 migrandum
3579 5104 3752 5170 tihiesl?

2261 5230 2341 5281 An
2384 5234 2437 5279 te
2464 5222 2594 5293 fugit
2617 5236 2715 5277 nos
2752 5220 2805 5275 in
2829 5219 3002 5274 aliena
3042 5216 3259 5285 regione
3301 5223 3559 5283 tamquam
3582 5204 3749 5293 hospites

2258 5332 2315 5377 et
2342 5320 2576 5376 advenas
2600 5314 2841 5371 versari?
2870 5328 2939 5367 an
2966 5310 3139 5366 nescis
3162 5308 3396 5363 advenas
3418 5322 3479 5361 ea
3498 5317 3600 5360 esse
3621 5292 3747 5351 cotidi-

2263 5417 2429 5479 tione,
2453 5421 2510 5467 ut
2529 5420 2638 5465 tum
2664 5407 2963 5477 ejiciantur,
2989 5417 3112 5459 cum
3134 5400 3352 5455 minime
3379 5400 3429 5453 id
3452 5388 3748 5479 exspectante

2264 5472 2591 5578 opinantur?
2630 5502 2682 5557 id
2695 5472 2848 5573 quod
2874 5498 3031 5555 nobis
3059 5510 3156 5551 usu
3183 5498 3349 5560 venit.
3381 5493 3637 5559 Propterea
3653 5472 3747 5578 quill:

2264 5576 2391 5668 quid
2445 5593 2868 5654 exstruxerimus
2889 5631 2906 5657 ,
2934 5589 3020 5644 hic
3059 5586 3427 5655 relinquimus.
3465 5580 3621 5649 Neque
3653 5576 3747 5667 enim

2268 5666 2393 5749 sinit
2441 5702 2541 5745 nos
2570 5686 2829 5742 Dominus
2865 5696 2931 5740 ea
2977 5678 3252 5737 nobiseum
3303 5677 3424 5733 hinc
3465 5666 3747 5730 eaedem“
