3696 6212
34 322 51 341 κ’
86 346 386 416 ιδοκήσαμεν·
415 347 535 401 οὐδὲ
556 388 570 411 ,
602 348 791 421 ἐπειδὴ
833 348 1048 421 ἠλέουν,
1092 351 1202 403 τῶν
1233 332 1581 417 ἀλλων’ὴμέρ

38 506 41 509 Α
89 437 195 491 λουν
218 438 387 507 ἀρετῶν
412 480 427 503 ,
455 440 591 493 ἀλλά
629 442 842 511 πρῶτον
884 444 1110 506 ἑαυτοὺς
1139 444 1347 496 ἔδωκαν
1374 440 1453 511 τῷ
1474 442 1581 492 Κυ-

81 529 185 599 ρίῳ.
221 531 429 593 Τίέστιν,
470 533 734 586 Ἔδωκαν
758 534 1010 599 ἑαυτοὺς
1057 532 1137 598 τῷ
1179 534 1414 602 Κυρίφ;
1462 534 1581 583 Ἀν-

79 620 273 687 έθηκαν,
299 622 494 692 δόκιμοι
524 624 653 694 περὶ
680 624 778 693 τὴν
820 626 999 678 πίστιν
1026 625 1303 693 ἐφάνησαν
1324 665 1337 687 ,
1378 622 1582 691 πολλὴν

78 709 167 782 τὴν
198 713 407 780 ἀνδρείαν
448 716 507 766 ἐν
546 718 658 777 τοῖς
706 718 1034 786 πειρασμοῖς
1085 716 1447 780 ἐπεδείξαντο,
1485 713 1583 784 τὴν

77 803 409 872 κοσμιότητα,
440 804 543 874 τὴν
589 805 911 867 ἐπιείκειαν,
956 807 1057 875 τὴν
1108 807 1348 877 ἀγάπην,
1394 807 1493 875 τὴν
1524 807 1583 858 ἐν

69 894 173 954 τοῖς
198 893 345 957 ἄλλοις
374 894 576 947 ἀπασιν
605 897 831 964 ἀγαθοῖς
866 896 1178 967 προθυμίαν
1204 914 1264 949 τε
1301 897 1393 950 καὶ
1418 913 1583 949 σπου-

65 980 175 1051 δήν.
207 984 260 1035 Τί
300 986 419 1045 ἐστι,
455 986 567 1038 Καὶ
599 986 776 1054 mir;
804 986 1077 1056 Πειθήνιοι
1107 988 1394 1054 γεγόνασιν
1419 988 1575 1057 ἡμῖν,

62 1073 335 1145 ἠγάπησαν,
357 1077 666 1146 ὑπήκουσαν
683 1078 915 1141 καὶτοὺς
940 1077 1035 1131 τοῦ
1068 1078 1201 1131 Θεοῦ
1226 1079 1422 1148 νόμους
1448 1078 1553 1148 πλη
1574 1106 1586 1112 -

59 1166 280 1233 ροῦντες,
301 1168 383 1221 καὶ
416 1170 550 1238 ἡμῖν
584 1168 672 1221 διά
688 1170 786 1237 τῆς
806 1170 1024 1240 ἀγάπης
1042 1169 1429 1239 συνδεδεμένοι.
1453 1169 1585 1221 Σκό-

59 1270 152 1309 πει
170 1258 218 1310 δῖε.
246 1259 344 1320 πῶς
359 1261 444 1311 καὶ
458 1258 690 1312 ἐνταῦθα
706 1259 802 1330 τὴν
823 1261 1072 1313 ἐπίτασιν
1088 1261 1351 1323 δείκνυσι,
1374 1260 1548 1329 λέγων
1566 1275 1581 1290 ·

66 1350 309 1404 Ἕὸωκαν
336 1350 583 1416 ἑαυτοὺς
599 1350 679 1416 τῷ
708 1352 918 1420 Κυρίῳ.
962 1352 1094 1421 Οὐχὶ
1128 1352 1193 1404 τά
1236 1352 1333 1421 μὲν
1362 1351 1438 1420 τῷ
1466 1350 1584 1421 Θεῷ

56 1440 360 1511 ὑπήκουσαν,
382 1442 447 1494 τά
478 1444 534 1495 δέ
565 1442 643 1512 τῷ
670 1443 879 1512 κόσμῳ,
908 1441 1044 1494 ἀλλά
1072 1441 1249 1494 πάντα
1284 1439 1457 1510 αύτῷ,
1489 1442 1585 1493 καὶ

52 1529 207 1594 ὅλους
255 1533 461 1597 ἑαυτοὺς
508 1534 716 1588 ἔδωκαν
753 1533 831 1603 τῷ
874 1534 1012 1604 Θεῷ.
1064 1533 1198 1586 Οὐδὲ
1243 1533 1350 1605 γὰρ
1396 1534 1585 1603 ἐπειδὴ

52 1618 263 1687 ἠλέουν,
298 1623 664 1695 ἀπενοήθησαν
694 1642 706 1654 ·
748 1624 884 1678 ἀλλά
943 1623 1150 1687 πολλὴν
1185 1622 1585 1694 ἐπιδειξάμενοι

45 1712 522 1783 ταπεινοφροσύνην
544 1752 559 1776 ,
596 1713 803 1783 πολλὴν
831 1714 1081 1785 ὑπακοὴν
1102 1754 1117 1779 ,
1150 1713 1352 1783 πολλὴν
1382 1713 1546 1784 τιμὴν
1566 1751 1583 1777 ,

44 1802 243 1871 πολλὴν
273 1803 600 1873 φιλοσοφίαν,
625 1804 768 1859 οὕτω
794 1806 889 1859 καὶ
933 1806 1031 1874 τὴν
1069 1805 1441 1877 ἐλεημοσύνην
1471 1806 1585 1877 είρ-

40 1893 298 1960 γάσαντο.
325 1894 384 1946 Τί
408 1894 463 1948 δέ
489 1896 641 1958 ἐστι,
671 1897 773 1949 Διά
798 1895 1131 1964 θελήματος
1163 1896 1351 1960 Θεοῦ;
1407 1896 1587 1949 Ἐπει-

42 1983 113 2052 δὴ
165 1978 334 2049 εἶπεν,
383 1984 543 2052 Ἡμῖν
600 1985 833 2039 ἔδωκαν
882 1986 1155 2052 ἑαυτοὺς,
1183 1986 1304 2040 οὐδὲ
1336 1988 1465 2056 ἡμῖν
1492 1988 1587 2039 ἀν-

38 2074 336 2145 θρωπίνως,
365 2075 498 2129 ἀλλά
540 2078 635 2130 καὶ
671 2077 830 2130 τοῦτο
864 2078 1002 2131 κατά
1032 2077 1131 2149 τὴν
1155 2078 1249 2132 τοῦ
1289 2077 1426 2131 Θεοῦ
1447 2076 1587 2147 γνώ-

42 2183 161 2235 μην
193 2165 407 2219 ἐποίουν.
441 2167 621 2219 Ὥστε
652 2165 810 2235 ’ἡμᾶς
833 2166 1247 2235 παρακαλέσαι
1272 2169 1459 2232 Τίτον,
1489 2168 1589 2220 ἵνα

33 2257 229 2322 καθὼς
248 2255 641 2325 προενήρξατο
661 2258 730 2309 ἐν
753 2256 916 2325 ὑμῖν,
936 2258 1125 2321 οὔτως
1145 2257 1466 2325 ἐπιτελέσῃ
1488 2256 1588 2311 καὶ

33 2350 159 2415 τὴν
216 2349 381 2419 χάριν
428 2350 678 2415 ταύτην.
740 2350 849 2401 Καὶ
883 2349 1013 2402 ποία
1073 2350 1365 2403 ἀκολουθία
1408 2349 1586 2421 αῦτη;

35 2441 221 2511 Πολλὴ
248 2441 333 2493 καὶ
365 2440 566 2510 σφόδρα
600 2441 707 2493 τῶν
735 2440 1041 2511 ἔμπροσθεν
1069 2441 1325 2511 ἐχομένη.
1371 2441 1587 2511 Ἐπειδὴ

33 2532 155 2603 γὰρ
190 2532 395 2600 εἴδομεν
424 2542 449 2569 ει
472 2529 669 2593 αὐτοὺς
691 2530 976 2601 σφοδροὺς,
1013 2532 1197 2600 φησὶν,
1237 2532 1331 2584 καὶ
1356 2532 1592 2601 θερμοὺς

33 2626 90 2675 ἐν
132 2623 343 2684 ἀπασιν,
366 2623 422 2673 ἐν
447 2625 792 2691 πειρασμοῖς,
817 2624 874 2673 ἐν
892 2622 1255 2693 ἐλεημοσύνη,
1277 2624 1334 2675 ἐν
1350 2625 1415 2693 τῇ
1451 2621 1591 2692 πρὸς

33 2714 184 2784 ἡμᾶς
213 2715 411 2785 ἀγάπῃ,
440 2713 496 2764 ἐν
527 2714 591 2782 τῇ
614 2712 772 2782 λοιπῇ
797 2713 891 2764 τοῦ
926 2712 1042 2781 βίου
1074 2712 1415 2783 καθαρότητι
1446 2729 1460 2742 ·
1499 2712 1593 2766 ἶνα.

34 2798 202 2874 [556]
230 2802 319 2853 καὶ
347 2802 502 2869 ὑμεῖς
535 2800 718 2864 αὐτοῖς
732 2800 1050 2871 ἐξισωθῆτε,
1074 2803 1397 2873 ἐπέμψαμεν
1415 2802 1590 2855 Τίτον.

39 2893 193 2946 Ἀλλ’
224 2892 361 2945 οὕτω
389 2894 486 2963 μὲν
519 2892 618 2945 ούκ
644 2889 795 2956 εἶπε,
825 2893 981 2953 τοῦτο
1007 2896 1063 2947 δέ
1096 2894 1329 2965 ἐδήλωσε
1355 2936 1369 2949 .
1399 2894 1595 2947 Σκόπει

33 2983 228 3053 φιλίας
260 2980 581 3052 ὑπερϐολήν.
615 2983 752 3054 Παρ’
780 2982 1003 3036 ἐκείνων
1036 2984 1145 3055 γὰρ
1178 2986 1599 3057 παρακαλούμε-

33 3094 146 3141 νοι,
182 3074 331 3144 φησὶ,
356 3072 452 3125 καὶ⁵
482 3071 810 3143 ἀξιούμενοι,
835 3072 903 3127 τά
927 3074 1166 3144 ὑμέτερα
1192 3076 1597 3146 ἐμεριμνῶμεν,

33 3168 115 3236 μή
168 3182 285 3227 πως
334 3163 513 3216 αὐτῶν
554 3163 913 3233 ἐλαττωθῆτε.
949 3165 1040 3217 Διὸ
1087 3166 1181 3217 καὶ
1202 3166 1601 3238 ἀπεστείλαμεν

35 3257 216 3319 ι’ῖτον,
235 3256 321 3308 ἵνα
348 3253 639 3307 κάντεῦθεν
654 3253 1021 3324 διεγερθέντες
1039 3255 1129 3307 καὶ
1146 3257 1598 3327 ὑπομνησθέντες,

35 3348 316 3417 ζηλὼσητε
349 3345 689 3407 Μακεδόνας.
732 3346 842 3397 Καὶ
875 3346 982 3415 γάρ
1008 3344 1298 3415 ἐτύγχανεν
1328 3348 1445 3399 ἐκεῖ
1467 3346 1541 3401 ὢν
1573 3350 1602 3401 ό

35 3441 211 3503 Γίτος,
241 3441 330 3491 ὅτε
362 3440 395 3508 ἡ
449 3437 706 3508 ἐπιστολὴ
750 3436 887 3507 αῦτη
934 3438 1224 3509 ἐγράφετο.
1277 3439 1603 3494 Δείκνυσιδέ

35 3533 194 3585 ιύτὸν
239 3531 333 3582 καὶ
386 3528 725 3600 κατάρξαντα
743 3529 931 3582 τούτου
966 3532 1072 3601 πρὸ
1093 3534 1192 3601 τῆς
1220 3531 1434 3583 Παύλου
1464 3549 1600 3603 προ·

45 3622 241 3694 ροπῆς
261 3638 275 3651 ο
310 3622 445 3674 Ἵνα
488 3620 680 3686 καθὼς
721 3620 1136 3687 προενήρξατο
1162 3660 1178 3685 ,
1219 3622 1370 3691 φησί.
1398 3622 1489 3674 Διὸ
1512 3624 1604 3676 καὶ

35 3712 248 3779 ιεγάλα
297 3710 464 3764 αὑτοῦ
503 3710 651 3777 λέγει
682 3708 932 3778 ἐγκώμια
955 3747 970 3771 ,
1001 3712 1059 3761 ἐν
1082 3711 1223 3780 ἀρχῇ
1265 3711 1383 3779 μὲν,
1409 3712 1491 3763 ὅτι
1522 3710 1604 3776 Τῷ

36 3804 96 3871 ιὴ
135 3800 347 3869 εὑρεῖν
361 3816 439 3868 με
472 3801 640 3851 Τίτον
668 3797 775 3851 τὸν
806 3798 1075 3866 ἀδελφόν
1098 3816 1239 3867 μου,
1271 3802 1381 3851 οὐκ
1409 3799 1603 3867 ἔσχον

36 3908 243 3945 ηνεσιν
275 3890 358 3955 τῷ
379 3891 673 3958 πνεύματί
696 3906 815 3957 μου
842 3905 855 3918 ’
892 3888 1149 3942 ἐντεῦθεν
1176 3889 1231 3942 δὲ
1261 3890 1435 3942 ταῦτα
1457 3890 1603 3960 άπερ

36 3987 256 4053 ἴρηκεν
286 3982 508 4033 ἅπαντα
528 4019 542 4043 ,
580 3980 674 4031 καὶ
703 3978 861 4030 τοῦτο
888 3978 945 4030 δέ
980 3978 1131 4031 αὑτό.
1170 3979 1244 4030 Οὐ
1273 3978 1467 4048 μικρὸν
1494 3978 1603 4047 γὰρ

36 4075 123 4127 at
154 4070 325 4123 τοῦτο
352 4070 652 4140 ἐγκώμιον,
689 4070 748 4122 τὸ
773 4070 867 4121 καὶ
894 4067 1327 4138 προενάρξασθαι
1353 4086 1364 4099 ·
1396 4068 1603 4138 θερμῆς

36 4167 127 4235 ἀρ
151 4163 323 4216 τοῦτο
347 4163 444 4215 καὶ
473 4161 700 4230 ζεούσης
717 4161 914 4231 ψυχῆς.
938 4160 1027 4212 Διὸ
1050 4163 1141 4213 καὶ
1162 4159 1403 4230 ἐπεμψεν
1420 4161 1601 4225 αὑτὸν,

36 4255 301 4323 εγίστην
350 4253 537 4314 αὐτοῖς
575 4251 802 4313 ἐντιθεὶς
838 4249 1131 4303 κάντεῦθεν
1170 4251 1482 4321 προτροπὴν
1509 4250 1602 4302 τοῦ

35 4347 205 4398 ιῦναι
235 4382 251 4407 ,
290 4345 399 4413 τὴν
440 4343 747 4412 παρουσίαν
779 4341 959 4395 Τίτου.
989 4342 1086 4393 Διά
1129 4341 1285 4395 τοῦτο
1329 4343 1420 4395 καὶ
1451 4342 1607 4395 ἐπαί-

35 4455 82 4489 ει
140 4436 269 4496 τοῖς
320 4434 571 4495 ἐπαίνοις
590 4432 770 4494 αὑτὸν,
801 4432 1081 4485 οἰκειῶσαι
1116 4432 1439 4504 βουλόμενος
1475 4451 1604 4503 σφο-

35 4528 281 4595 >ότερον
317 4525 437 4586 τοῖς
466 4522 772 4593 Κορινθίοις
790 4522 881 4574 τὸν
912 4522 1216 4592 ἄνθρωπον.
1246 4524 1353 4577 Καὶ
1382 4524 1490 4594 γὰρ
1511 4525 1605 4577 καὶ

36 4620 171 4673 »ὖτο
232 4618 387 4689 πρὸς
425 4617 486 4669 τὸ
524 4621 707 4669 πεῖσαι
739 4616 884 4686 μέγα
910 4659 925 4681 ,
952 4618 1013 4670 τὸ
1054 4619 1269 4682 οίκείως
1293 4618 1603 4673 διακεῖσθαι

38 4726 84 4758 ιν
151 4701 642 4773 συμϐουλεύοντα.
677 4703 871 4766 Καλῶς
910 4704 965 4757 δὲ
1009 4704 1103 4757 καὶ
1120 4704 1265 4770 ἅπαξ
1291 4706 1382 4757 καὶ
1406 4706 1486 4769 δὶς
1513 4706 1606 4757 καὶ

37 4802 123 4863 δὶς
155 4799 567 4871 μνημονεύσας
593 4798 692 4867 τῆς
712 4799 831 4870 ἐλεη
842 4798 1099 4868 μοσύνης,
1116 4798 1276 4867 χάριν
1293 4799 1353 4851 τὸ
1372 4801 1606 4870 πρᾶγμα.

37 4896 186 4954 ιλεῖ,
233 4893 343 4945 νῦν
386 4893 487 4962 μὲν
510 4892 680 4959 λέγων
702 4930 717 4953 ,
748 4890 1012 4957 Γνωρίζω
1032 4888 1100 4941 δὲ
1130 4890 1291 4958 ὑμῖν,
1332 4890 1605 4960 ἀδελφοί,

37 5004 113 5051 ιν
164 4985 373 5052 χάριν
404 4983 514 5036 τοῦ
556 4981 705 5036 Θεοῦ
736 4982 848 5049 τὴν
869 4979 1197 5049 δεδομένην
1223 4982 1292 5034 ἐν
1321 4982 1449 5047 ταῖς
1485 4983 1607 5035 Ἐκ.

37 5077 319 5143 ῖησίαις
366 5074 487 5143 τῆς
540 5072 912 5138 Μακεδονίας
938 5085 952 5101 ⁸
989 5072 1082 5124 νῦν
1120 5071 1196 5133 δέ,
1237 5074 1602 5140 Αὑθαίρετοι,

38 5168 143 5222 τὰ
205 5165 478 5233 πολλῆς
514 5162 947 5232 παρακλήσεως
986 5164 1255 5234 δεόμενοι
1286 5164 1454 5235 ἡμῶν
1489 5165 1606 5233 τὴν

37 5262 170 5329 ζριν
209 5258 330 5311 καὶ
378 5256 498 5324 τὴν
529 5255 873 5309 κοινωνίαν·
908 5255 1003 5308 καὶ
1034 5256 1216 5320 πάλιν,
1249 5256 1383 5310 ἰνα
1411 5255 1605 5323 καθὼς

37 5349 487 5418 ιοενήρξατο,
521 5347 671 5399 οὕτω
704 5345 802 5398 καί
845 5344 1159 5414 ἐπιτελέσῃ
1207 5351 1294 5412 εἰς
1324 5345 1477 5415 ὑμᾶς
1503 5349 1603 5402 καί

46 5461 101 5495 ν
130 5442 353 5512 χάριν
386 5440 635 5505 ταύτην.

37 5540 93 5587 ς’.
126 5536 265 5586 Καὶ
286 5532 373 5601 γά
381 5549 417 5602 ρ
437 5530 575 5601 μέγα
594 5528 740 5580 ἐστὶν
759 5526 959 5595 ἀγαθὸν
975 5529 1066 5581 καὶ
1081 5529 1214 5582 Θεοῦ
1230 5530 1399 5601 δῶρον
1422 5531 1597 5596 τοῦτο,

37 5656 52 5687 ¹
90 5650 285 5703 Savil.
321 5654 380 5700 in
400 5662 577 5711 marg.,
611 5648 820 5707 οἴδαμεν,
852 5644 978 5694 forte
1016 5649 1210 5700 melius.

1130 226 1198 284 IN
1233 224 1455 282 EPIST.
1491 220 1532 276 11
1574 221 1667 276 ΑΒ
1702 223 1859 282 COR.
1903 227 2134 284 HOMIL.
2166 228 2307 284 XVI.

3142 216 3245 285 διο

1686 350 1781 403 καὶ
1808 350 1957 421 αὐτῷ
1985 351 2064 421 τῷ
2087 350 2207 421 Θεῷ
2238 351 2378 404 κατά
2406 349 2633 420 δύναμιν
2666 349 2814 419 ἡμᾶς
2834 347 3071 417 ἐξομοιοῖ
3109 365 3245 401 κατ-

1685 442 2011 513 ορθούμενον
2034 460 2048 473 ·
2074 443 2231 496 τοῦτο
2270 444 2379 513 γὰρ
2417 440 2650 511 μάλιστα
2694 438 3001 508 ἄνθρωπος.
3060 439 3250 506 Λέγων

1687 532 1817 599 γοῦν
1842 552 1927 597 τις
1949 535 2145 605 δεῖγμα
2162 533 2470 605 ἀνθρώπου,
2490 531 2648 584 τοῦτο
2669 531 2878 583 τέθεικε
2898 546 2911 560 ·
2935 529 3098 598 Μέγα
3118 530 3249 599 γάρ,

1687 626 1871 694 φησὶν,
1903 626 2235 695 ἅνθρωπος,
2255 625 2353 679 καὶ
2382 625 2577 693 τίμιον
2601 622 2756 689 ἀνὴρ
2771 622 3066 689 ἐλεήμων.
3089 621 3250 687 Αὕτη

1690 718 1937 789 μείζωνή
1972 718 2131 787 χάρις
2153 760 2166 781 ,
2195 717 2228 787 ἢ
2256 717 2481 787 νεκροὺς
2520 715 2763 784 ἀνιστᾷν.
2801 712 2908 764 Τοῦ
2949 714 3057 782 γάρ
3086 712 3145 762 ἐν
3172 707 3254 779 τῷ

1687 809 1910 879 ὀνόματι
1966 808 2137 879 ’ῐησοῦ
2185 810 2311 871 τοὺς
2350 807 2715 867 ἀποθανόντας
2786 803 3023 873 ἐγείρειν
3074 798 3255 869 πολλῷ

1692 899 1875 969 μεῖζον
1908 897 1971 951 τὺ
2002 899 2274 951 πεινῶντα
2321 898 2544 968 τρέφειν
2585 897 2677 950 τὸν
2715 894 2952 965 Χριστόν
2980 908 2992 920 ⁸
3020 890 3257 945 ἐνταῦθα

1693 991 1791 1060 μὲν
1818 991 1926 1061 γάρ
1946 992 2009 1044 σὺ
2036 992 2126 1043 τὸν
2153 989 2386 1061 Χριστὸν
2409 990 2734 1059 εὐεργετεῖς,
2762 987 2877 1039 ἐκεῖ
2901 985 2957 1037 δέ
2981 985 3141 1048 αὐτός
3169 1000 3251 1039 σε.

1689 1084 1799 1136 Καὶ
1828 1086 1856 1136 ό
1880 1082 2069 1153 μισθὸς
2104 1083 2159 1136 δὲ
2193 1084 2250 1134 ἐν
2275 1082 2352 1151 τῷ
2382 1084 2554 1134 ποιεῖν
2584 1075 2665 1143 εῦ,
2684 1080 2784 1131 ούκ
2814 1078 2871 1129 ἐν
2902 1076 2979 1146 τῷ
3020 1077 3256 1144 πάσχειν

1692 1170 1775 1227 εῦ.
1798 1173 2067 1227 Ἐνταῦθα
2094 1174 2190 1243 μὲν
2216 1172 2347 1242 γὰρ,
2377 1170 2595 1223 ἐπὶτῶν
2630 1169 2873 1240 σημείων
2904 1166 3068 1235 λέγω,
3096 1166 3258 1228 αὐτὸς

1690 1266 1926 1334 ὀφείλεις
1958 1265 2037 1335 τῷ
2061 1263 2180 1334 Θεῷ
2211 1280 2224 1293 ·
2258 1263 2350 1315 ἐπὶ
2390 1262 2446 1315 δὲ
2471 1261 2570 1331 τῆς
2602 1257 2993 1329 ἐλεημοσύνης,
3014 1256 3103 1309 τὸν
3126 1256 3256 1308 Θεὸν

1691 1356 1973 1426 ὀφειλέτην
2017 1355 2194 1425 ἔχεις.
2236 1351 2601 1423 Ἐλεημοσύνη
2636 1350 2692 1402 δέ
2742 1352 2909 1411 ἐστιν,
2945 1348 3071 1399 ὅταν
3121 1345 3261 1417 μετά

1692 1443 1996 1515 προθυμίας
2032 1444 2281 1512 γίνηται,
2322 1443 2449 1494 ὅταν
2501 1440 2639 1511 μετά
2676 1436 2990 1507 δαψιλείας,
3017 1438 3145 1489 ὅταν
3178 1436 3259 1505 μὴ

1691 1534 1917 1606 νομίσῃς
1960 1534 2178 1595 διδόναι,
2224 1533 2360 1585 ἀλλά
2398 1532 2714 1602 λαμϐάνειν,
2767 1530 2893 1582 ὅταν
2934 1528 3009 1592 ὼς
3033 1529 3259 1599 εὐεργεο

1690 1627 1953 1696 τούμενος
1973 1667 1987 1685 .
2007 1627 2135 1679 ὅταν
2168 1626 2242 1688 ὼς
2279 1626 2576 1696 κερδαίνων
2605 1624 2698 1677 καὶ
2732 1623 2806 1693 μὴ
2829 1621 3067 1685 ἀπολλύς
3091 1639 3104 1652 ·
3134 1620 3258 1673 ἐπε)⁸

1691 1719 1850 1773 τοῦτο
1877 1718 1995 1771 οὐδὲ
2020 1718 2195 1787 χάρις.
2222 1716 2324 1771 Τὸν
2356 1718 2462 1787 γάρ
2490 1718 2676 1787 ἕτερον
2715 1714 2990 1778 ἐλεοῦντα,
3020 1714 3257 1784 χαίρειν,

1693 1810 1751 1862 ού
1796 1809 2168 1879 δυσχεραίνειν
2207 1807 2308 1860 δεῖ.
2360 1808 2482 1870 Πῶς
2510 1807 2617 1878 γάρ
2650 1807 2750 1860 ούκ
2797 1806 3023 1870 ἄτοπον,
3067 1808 3115 1858 εί
3161 1806 3260 1875 τὴν

1694 1900 1883 1970 ἐτέρου
1928 1898 2071 1951 λύων
2110 1898 2371 1966 ἀθυμίαν.
2417 1898 2578 1960 αὐτὸς
2609 1897 2912 1967 ἀθυμοίης;
2944 1894 3260 1963 οὐκέτιγάρ

1695 1994 1791 2063 ἐᾷς
1834 1989 2003 2060 αὐτὴν
2044 1986 2415 2058 ἐλεημοσύνην
2458 1983 2619 2040 εἶναι.
2658 1989 2717 2039 Et
2759 1987 2868 2057 γάρ
2893 1986 3141 2056 ἀθυμεῖς,
3178 1984 3262 2037 ὃτι

1695 2084 1882 2153 ἕτερον
1919 2078 2236 2150 άπήλλαξας
2278 2078 2538 2147 ἀθυμίας,
2577 2078 2813 2146 ἐσχάτης
2861 2077 3142 2148 ὠμότητος
3167 2077 3263 2129 καὶ¹

1698 2173 1850 2245 [557]
1870 2172 2265 2243 ἀπανθρωπίας
2285 2171 2487 2239 δεῖγμα
2511 2168 2764 2237 ἐκφέρεις
2786 2168 3025 2237 ’βέλτιον
3046 2168 3153 2238 γὰρ
3185 2166 3261 2237 μὴ

1698 2263 2082 2325 ἀπαλλάττειν,
2117 2263 2150 2333 ἢ
2191 2260 2363 2323 οὕτως
2396 2258 2760 2313 ἀπαλλάττειν
2779 2296 2794 2312 .
2828 2259 2892 2311 Τί
2924 2258 2979 2310 δὲ
3007 2259 3143 2322 ὅλως
3165 2261 3263 2311 καὶ⁵

1699 2353 1927 2422 ἀθυμεῖς
1946 2391 1961 2412 ,
1988 2351 2272 2421 ἀνθρωπε;
2318 2351 2393 2419 μὴ
2423 2348 2642 2401 ἔλαττόν
2672 2364 2753 2400 σοι
2780 2347 3006 2417 γένηται
3030 2348 3089 2400 τὸ
3123 2366 3261 2419 χρυ-

1701 2444 1848 2508 σίον;
1882 2442 2091 2503 Ὂλως,
2130 2442 2177 2492 εί
2214 2440 2470 2508 τοιαύτην
2528 2439 2671 2508 έχεις
2724 2438 3075 2508 προαίρεσιν,
3128 2439 3263 2509 μηδὲ

1698 2533 1803 2602 δῷς
1832 2549 1846 2563 ’
1887 2534 1935 2585 εί
1968 2534 2043 2602 μὴ
2067 2532 2286 2601 θαρρεῖς
2302 2532 2383 2582 ὅτι
2410 2529 3077 2593 πολυπλασιάζεταίσοιέν
3097 2530 3264 2600 ούρα-

1699 2626 1829 2687 νοῖς,
1860 2625 1938 2693 μὴ
1976 2623 2289 2691 παράσχῃς.
2347 2619 2487 2672 Ἀλλ’
2517 2619 2750 2672 ἐνταῦθα
2780 2620 2959 2689 ζητεῖς
2990 2623 3087 2691 τὴν
3114 2622 3266 2674 ἀντί-

1700 2718 1867 2770 δοσιν.
1898 2716 1996 2769 Διά
2022 2716 2075 2768 τί
2104 2733 2118 2777 ;
2158 2716 2327 2781 Ἀφες
2359 2712 2458 2784 τὴν
2490 2712 2859 2782 ἐλεημοσύνην
2889 2712 3267 2783 ἐλεημοσύνην

1703 2805 1842 2863 εἶναι
1872 2812 1964 2863 καί
1995 2808 2070 2879 μὴ
2097 2806 2390 2876 ἐμπορίαν.
2441 2805 2633 2857 Πολλοὶ
2667 2804 2767 2874 μὲν
2788 2801 2881 2857 οῦν
2908 2806 3003 2858 καὶ
3032 2805 3271 2860 ἐνταῦθα

1706 2901 1976 2956 ἀπέλαϐον
1997 2939 2011 2962 ,
2044 2899 2160 2951 ἀλλ’
2203 2899 2302 2967 οὐχ
2334 2896 2507 2960 οὕτως
2549 2897 2768 2961 ἔλαϐον,
2802 2897 2878 2959 ὡς
2913 2897 3081 2967 ταύτῃ
3108 2898 3269 2951 πλέον

1711 2996 1923 3061 ἕξοντες
1973 2992 2080 3045 τῶν
2114 2991 2174 3043 οὐ
2202 2990 2473 3043 λαϐόντων
2496 2989 2747 3047 ἐνταῦθα,
2772 2989 2888 3042 ἀλλ’
2914 2989 3043 3041 ἐνιοι
3064 2990 3269 3044 τούτων

1706 3086 1782 3147 ὡς
1812 3083 2193 3152 ἀσθενέστεροι
2214 3123 2227 3143 ,
2262 3079 2447 3149 ἐπειδὴ
2475 3082 2587 3142 τοῖς
2622 3082 2737 3132 ἐκεῖ
2770 3080 2831 3132 ού
2867 3080 3068 3149 σφόδρα
3092 3080 3270 3149 ἐφείλ-

1706 3192 1894 3229 κοντο.
1927 3175 2037 3227 Καὶ
2065 3170 2253 3239 ὣσπερ
2275 3171 2325 3222 οἱ
2358 3170 2529 3239 λίχνοι
2558 3171 2653 3223 καὶ
2680 3170 3031 3240 ἀπειρόκαλοι
3049 3172 3144 3223 καὶ
3166 3189 3269 3239 γα-

1710 3266 1869 3337 στρὸς
1899 3265 2074 3317 δοῦλοι
2095 3265 2187 3316 ἐπὶ
2228 3263 2509 3332 βασιλικὴν
2538 3260 2826 3331 κληθέντες
2856 3262 3151 3332 τράπεζαν,
3176 3264 3272 3317 καὶ

1707 3357 1798 3410 τὸν
1850 3358 2192 3427 προσήκοντα
2238 3352 2427 3423 καιρὸν
2469 3352 2569 3405 ούκ
2614 3352 2997 3421 ἀναμένοντες,
3042 3353 3273 3408 κατὰτὰ

1709 3449 1897 3504 παιδία
1946 3449 2015 3500 τά
2059 3445 2260 3517 μικρὰ,
2286 3444 2637 3515 λυμαίνονται
2667 3444 2844 3496 αὐτῶν
2874 3446 2970 3514 τὴν
3007 3446 3274 3516 εὐφροσύ-

1709 3558 1827 3611 νην,
1846 3538 2339 3609 προλαμϐάνοντες,
2360 3537 2450 3589 καὶ
2471 3536 2821 3606 κορεννύντες
2837 3538 3064 3600 ἑαυτοὺς
3083 3538 3273 3602 σιτίοις

1712 3629 2156 3700 καταδεεστέροις
2178 3645 2191 3656 ⁵
2226 3628 2368 3680 οῦτω
2409 3627 2472 3699 δὴ
2512 3630 2606 3681 καὶ
2635 3622 2781 3681 οῦτοι
2809 3629 2856 3680 οί
2892 3628 3122 3681 ἐνταῦθα
3153 3631 3275 3682 ἐπι-

1711 3721 1996 3793 ζητοῦντες
2038 3720 2133 3772 καὶ⁸
2179 3718 2568 3789 λαμϐάνοντες,
2624 3721 2714 3771 τὸν
2761 3718 2949 3788 μισθὸν
2992 3720 3274 3775 ἐλαττοῦσι

1710 3815 1802 3868 τὸν
1846 3816 1982 3866 ἐκεῖ.
2032 3807 2164 3865 Εἶτα
2207 3809 2465 3873 δανείζων
2515 3810 2633 3879 μὲν,
2666 3809 2803 3879 μετά
2844 3810 3062 3863 πλείονα
3084 3810 3273 3882 χρόνον

1712 3905 2000 3973 ἐπιθυμεῖς
2049 3900 2342 3954 ἀπολαϐεῖν
2395 3899 2457 3951 τὸ
2504 3898 2836 3967 κεφάλαιον,
2882 3900 3021 3965 τάχα
3057 3900 3112 3951 δὲ
3156 3899 3275 3953 οὐδὲ

1712 3995 2026 4056 ἀπολαϐεῖν,
2061 3993 2148 4045 ἵνα
2174 3994 2241 4061 τῇ
2276 3990 2527 4061 μελλήσει
2552 3989 2770 4042 πλείονα
2811 3990 2903 4043 τὸν
2930 3992 3086 4043 τόκον
3107 3993 3272 4061 ἐργά-

1714 4106 1782 4159 σῃ
1808 4104 1822 4117 ·
1854 4084 2087 4138 ἐνταῦθα
2114 4084 2170 4136 δέ
2204 4083 2404 4145 εὐθέως
2435 4084 2707 4145 ἀπαιτεῖς,
2739 4082 2833 4134 καὶ
2855 4082 3023 4135 ταῦτα
3046 4084 3105 4135 οὐ
3143 4084 3273 4152 μέλ-

1710 4180 1818 4231 λων
1851 4176 2083 4228 ἐνταῦθα
2109 4170 2245 4226 εἶναι
2272 4213 2286 4237 ,
2325 4172 2440 4225 ἀλλ’
2490 4172 2605 4223 ἐκεῖ
2623 4170 2920 4238 διηνεκῶς,
2965 4171 3025 4222 ού
3062 4172 3273 4240 μέλλων

1712 4269 1947 4325 ἐνταῦθα
1978 4264 2325 4328 δικάζεσθαι,
2355 4262 2469 4317 ἀλλ’
2499 4264 2616 4314 ἐκεῖ
2646 4260 2741 4323 τὰς
2770 4260 2999 4324 εὐθύνας
3022 4263 3271 4329 ύφέξων;

1712 4362 1824 4415 Καὶ
1861 4362 1910 4411 εί
1960 4359 2057 4429 μέν
2094 4356 2177 4419 τίς
2216 4372 2299 4408 σοι
2351 4352 2747 4417 κατεσκεύαζεν
2784 4353 2979 4416 οἰκίας,
3022 4352 3153 4406 ἔνθα
3196 4354 3272 4423 μὴ

1713 4455 1936 4526 ἔμελλες
1974 4452 2173 4522 μένειν,
2204 4448 2405 4519 ζημίαν
2426 4446 2487 4498 τὸ
2520 4447 2751 4515 πρᾶγμα
2782 4444 3038 4515 ἐνόμισας
3067 4445 3152 4498 ἄν’
3179 4444 3276 4497 νῦν

1711 4547 1767 4600 δέ
1798 4542 2028 4597 ἐνταῦθα
2050 4540 2225 4610 βούλει
2258 4539 2525 4600 πλουτεῖν,
2560 4535 2680 4589 ὅθεν
2713 4536 2813 4588 καὶ
2851 4536 2956 4606 πρὸ
2982 4537 3079 4605 τῆς
3108 4536 3275 4588 ἐσπέ-

1716 4656 1814 4710 ρας
1844 4636 2057 4706 μέλλεις
2089 4632 2349 4694 πολλάκις
2379 4630 2717 4700 άποδημεῖν;
2754 4628 2867 4681 Οὐκ
2891 4622 3054 4689 οἶδας,
3084 4628 3166 4680 ὅτι
3189 4628 3276 4681 ἐπ’

1713 4724 1997 4796 ἀλλοτρίας
2031 4721 2395 4793 διατρίϐομεν,
2437 4718 2687 4788 καθάπερ
2713 4717 2852 4783 ξένοι
2880 4718 2973 4769 καὶ
2998 4717 3273 4787 πάροικοι;

1713 4820 1814 4873 οῦκ
1841 4814 2011 4880 οἶδας,
2054 4816 2135 4868 ὅτι
2168 4812 2449 4885 παροίκων
2481 4810 2629 4863 ἐστὶν
2660 4808 3041 4872 ἐκϐάλλεσθαι,
3070 4809 3156 4860 ὅτε
3199 4807 3273 4879 μὴ

1715 4909 2078 4982 προσδοκῶσι,
2115 4905 2246 4977 μηδὲ
2296 4903 2645 4967 ἐλπίζουσιν;
2686 4901 2821 4969 ὅπερ
2852 4901 2946 4951 καὶ
2976 4900 3134 4970 ἡμεῖς
3171 4900 3275 4953 πά-

1717 5019 1938 5073 σχομεν.
1968 4999 2067 5052 Διά
2093 4998 2157 5068 δὴ
2192 4996 2370 5057 τοῦτο,
2406 4995 2504 5046 ὅσα
2535 4992 2601 5046 ἂν
2630 4991 3149 5059 κατασκευάσωμεν,
3182 4992 3271 5042 ἐν-

1713 5092 1884 5149 ταῦθα
1906 5092 2155 5161 ἀφίεμεν.
2186 5087 2261 5141 Οὐ
2290 5086 2397 5156 γάρ
2426 5084 2697 5153 συγχωρεῖ
2722 5083 2751 5134 ό
2772 5082 3046 5150 Δεσπότης
3067 5080 3277 5150 λαμϐά-

1714 5200 1902 5246 νοντας
1939 5181 2076 5235 αύτά
2103 5176 2378 5237 ἀπελθεῖν,
2406 5176 2470 5230 άν
2509 5190 2569 5226 τε
2598 5172 2774 5235 οίκίας
2814 5171 3275 5242 οἰκοδομήσωμεν,

1714 5278 1779 5332 ἄν
1817 5292 1875 5329 τε
1905 5271 2111 5342 ἀγροὺς
2143 5268 2522 5340 ἀγοράσωμεν,
2554 5264 2620 5319 ἀν
2661 5280 2721 5317 τε
2755 5264 3080 5335 ἀνδράποδα,
3112 5265 3177 5317 άν
3214 5280 3275 5316 τε

1717 5365 1909 5434 σκεύη,
1956 5363 2019 5416 άν
2062 5376 2121 5413 τε
2148 5357 2336 5427 ἐτερόν
2384 5374 2437 5410 τι
2477 5353 2736 5408 τοιοῦτον.
2770 5354 2844 5406 Οὐ
2887 5354 3045 5423 μόνον
3086 5353 3141 5405 δὲ
3174 5354 3275 5407 οὐκ

1714 5458 1940 5527 ἀφίησιν
1968 5449 2219 5504 ἐντεῦθεν
2244 5447 2506 5509 λαϐόντας
2529 5444 2804 5507 ἀπελθεῖν,
2835 5443 2947 5497 ἀλλ’
2976 5444 3095 5496 οὐδὲ
3126 5443 3274 5511 λογί-

1717 5545 1865 5609 ζεταί
1895 5560 1977 5598 σοι
2004 5541 2098 5595 τὸν
2124 5540 2335 5611 μισθόν’
2371 5541 2600 5609 προεῖπε
2629 5536 2737 5607 γάρ
2780 5553 2883 5600 σοι,
2914 5536 2996 5589 ὅτι
3029 5536 3103 5602 μὴ
3130 5537 3275 5587 οἱκο-

1717 5638 1983 5709 δομὴσῃς,
2007 5632 2141 5706 μηδέ
2164 5630 2478 5700 δαπανήσῃς
2507 5627 2574 5681 τά
2611 5625 2885 5697 ἀλλότρια,
2924 5622 3059 5678 ἀλλά
3088 5623 3154 5676 τὰ
3180 5622 3273 5680 σά.
