4096 6326
571 328 635 383 η
1307 323 1363 378 s.
1403 323 1681 381 JOANNIS
1714 324 2186 388 CIIRYSOSTOMI
2226 334 2540 394 ABClllEP.
2584 341 3115 409 consummes.
3756 368 3827 423 ta

568 444 649 491 tes
690 434 1049 502 vocabantur,
1094 436 1311 508 quidam
1360 437 1670 498 Corinthius
1708 451 1828 497 erat
1870 441 1971 517 (a).
2017 444 2114 500 Hte

2246 448 2343 531 sua
2383 440 2782 531 permittebant.
2828 444 2978 503 stulti
3024 464 3235 523 quoque
3275 458 3471 514 conati
3517 462 3657 531 apud
3694 464 3820 521 illas

563 543 724 598 porro
744 544 776 584 a
804 531 957 584 nobis
995 545 1099 584 non
1128 531 1502 586 ostentationis
1545 545 1705 587 causa
1729 574 1743 599 ,
1775 549 1873 588 nec
1916 535 1981 589 ad
2011 551 2137 591 eru-

559 621 816 678 ditionem
846 622 1204 679 exhibendam
1254 622 1395 678 dicta
1440 633 1603 680 sunt:
1643 626 1770 695 quid
1801 627 1943 681 enim
1988 629 2138 698 juvat

558 714 674 769 haec
699 715 901 771 nosse?
931 715 1025 768 sed
1056 714 1170 769 haec
1193 714 1262 769 ad
1302 715 1542 785 epistolae
1584 726 1949 786 argumentum
1982 720 2137 776 nobis

554 808 1049 864 conlerunt.-Multa
1077 817 1255 863 autem
1295 808 1349 862 in
1377 808 1479 863 hac
1504 809 1636 865 urbe
1672 824 1861 879 passus
1888 821 1971 865 est
2001 812 2137 867 Pau-

555 897 660 962 lus,
688 908 743 954 et
766 898 1012 954 Christus
1042 899 1095 951 in
1122 897 1208 952 illa
1234 912 1501 969 apparens
1522 899 1594 966 ei,
1625 900 1759 955 dixit
1790 919 1804 955 :
1835 900 1918 954 Ne
1941 912 2131 969 taceas,

554 992 643 1046 sed
668 992 869 1061 loquere
907 1006 925 1044 :
954 990 1073 1061 quia
1098 990 1288 1045 multus
1309 1001 1381 1045 est
1409 992 1534 1045 mihi
1561 994 1778 1064 populus
1816 994 1868 1047 in
1896 994 1992 1048 ltac
2014 995 2134 1048 civi-

552 1092 657 1137 tate
684 1083 823 1152 (Act.
855 1081 943 1137 18.
990 1081 1045 1137 9.
1092 1080 1202 1152 10).
1234 1082 1301 1136 Et
1339 1084 1535 1137 mansit
1582 1083 1653 1137 ibi
1690 1083 1826 1139 duos
1852 1098 2042 1139 annos.
2074 1085 2134 1141 ln

552 1175 652 1230 hac
670 1189 882 1246 quoque
900 1172 1113 1228 daemon
1132 1173 1281 1237 exiit,
1306 1187 1464 1243 quem
1487 1172 1658 1229 Judai
1682 1172 1991 1243 adjurantes
2012 1190 2130 1244 gra-

551 1268 631 1323 via
659 1268 728 1322 ab
759 1267 853 1321 illo
880 1266 1022 1336 passi
1051 1274 1176 1321 sunt
1201 1282 1214 1317 :
1241 1267 1293 1319 in
1324 1265 1425 1320 hac
1464 1265 1591 1320 item
1617 1266 1835 1336 quidam
1865 1269 2129 1336 poeniten-

549 1360 619 1415 tia
661 1359 805 1414 ducti
845 1358 1009 1413 libros
1052 1357 1285 1428 magicos
1325 1344 1763 1425 combusserun't;
1792 1369 1845 1414 et
1871 1359 1980 1413 visa
2007 1370 2130 1415 sunt

545 1453 925 1525 quinquaginta
956 1451 1119 1506 millia
1150 1471 1163 1506 :
1200 1452 1253 1506 in
1298 1450 1403 1506 hac
1444 1450 1667 1506 demum
1691 1492 1708 1518 ,
1730 1450 1975 1508 Gallione
2006 1470 2128 1523 pro-

546 1543 768 1599 consule
792 1543 844 1597 in
883 1541 1134 1597 tribunali
1163 1541 1387 1611 sedente
1406 1582 1422 1609 ,
1454 1542 1652 1598 Paulus
1677 1542 1993 1598 verberatus
2018 1554 2123 1599 est.

546 1635 748 1691 Videas
773 1648 907 1704 ergo
931 1633 1183 1690 diabolus
1221 1634 1490 1688 civitatem
1529 1649 1777 1705 magnam
1806 1643 1861 1690 et
1904 1635 2125 1705 populo-

543 1744 659 1783 sam
691 1728 969 1782 veritatem
996 1725 1307 1795 accepisse;
1341 1726 1521 1791 illam,
1562 1727 1781 1796 inquam
1803 1768 1817 1791 ,
1848 1726 2047 1780 divitiis
2071 1736 2127 1781 et

522 1821 804 1897 sapientia
854 1819 1197 1881 mirabilem,
1242 1816 1572 1885 Graeciaeque
1617 1818 1979 1885 pmipuam;
2037 1831 2125 1872 res

540 1912 682 1966 enim
734 1909 1144 1965 Atheniensium
1192 1914 1249 1959 et
1302 1904 1869 1973 Lacedaemoniorum,
1915 1905 2127 1965 sublato

534 2003 647 2071 iam
674 2002 799 2056 olim
828 2001 957 2071 ipsis
980 1998 1226 2069 imperio,
1256 2000 1453 2054 misere
1476 1998 1726 2068 jacebant
1748 2016 1761 2051 :
1787 1998 1972 2055 videns
1996 1999 2121 2054 item

537 2093 850 2153 Corinthios
876 2091 1042 2147 alacri
1065 2092 1257 2147 animo
1275 2090 1499 2146 verbum
1525 2090 1617 2165 Dei
1646 2090 1965 2160 suscepisse;
1993 2090 2122 2161 quid

538 2185 701 2242 facit!
726 2184 987 2244 Homines
1031 2183 1259 2240 dividit:
1289 2183 1493 2240 sciebat
1541 2183 1685 2241 enim
1735 2198 2122 2255 regnum-om-

538 2278 685 2333 nium
716 2276 1148 2348 potentissimum
1177 2276 1230 2330 in
1272 2277 1508 2344 seipsum
1554 2273 1782 2331 divisum
1831 2284 1974 2331 stare
2011 2290 2117 2330 non

539 2385 716 2441 posse.
745 2368 1095 2427 Occasionem
1137 2379 1314 2424 autem
1348 2368 1533 2423 habuit
1574 2368 1639 2422 ad
1672 2366 1895 2422 insidias
1925 2382 2117 2437 paran-

536 2464 651 2527 das,
682 2462 1034 2518 habitantium
1062 2461 1283 2516 divitias
1302 2471 1466 2531 atque
1490 2460 1827 2529 sapientiam.
1854 2457 1989 2513 Hinc
2012 2458 2119 2513 illis

534 2557 588 2612 in
617 2555 874 2611 factiones
902 2554 1186 2609 adversum
1219 2569 1279 2608 se
1306 2563 1490 2606 mutuo
1516 2551 1699 2606 divisis
1718 2592 1734 2617 ,
1759 2565 1879 2604 cum
1902 2549 2118 2620 quidam

414 2692 421 2699 η
529 2665 717 2706 eorum
761 2664 820 2703 se
870 2656 1061 2717 suopte
1107 2645 1331 2699 arbitrio
1383 2643 1741 2713 delegissent,
1794 2642 2115 2697 multitudini

535 2740 882 2811 praefuerunt;
912 2748 968 2793 et
994 2737 1085 2791 alii
1114 2735 1327 2805 quidem
1356 2736 1439 2791 his
1458 2778 1474 2801 ,
1501 2734 1593 2790 alii
1619 2735 1723 2790 illis
1749 2750 1869 2791 sese
1890 2735 2113 2790 dedide-

537 2839 662 2887 runt
684 2870 700 2896 ,
732 2829 840 2885 illis
866 2838 925 2883 ut
958 2826 1212 2883 divitibus
1236 2868 1252 2892 ,
1299 2826 1383 2882 his
1426 2834 1484 2881 ut
1513 2825 1844 2895 sapientibus
1872 2826 1963 2895 qui
1994 2827 2113 2895 plus

534 2928 751 2993 possent
775 2920 968 2976 docere
997 2937 1012 2973 :
1040 2919 1153 2990 qui,
1171 2916 1439 2987 adiunctis
1462 2918 1565 2972 sibi
1591 2919 1718 2980 illis,
1745 2918 2113 2987 gloriabantur

530 3032 589 3071 se
620 3016 769 3085 plura
802 3014 1002 3076 dicere,
1043 3024 1207 3079 quam
1226 3009 1513 3079 Apostolus
1537 3026 1553 3074 ;
1578 3009 1629 3061 id
1653 3009 1793 3078 quod
1835 3008 1991 3063 etiam
2023 3008 2113 3063 ille

530 3106 871 3163 subindicans
900 3102 1146 3159 dicebat:
1178 3100 1301 3155 Non
1327 3100 1469 3171 potui
1494 3099 1629 3154 vobis
1674 3100 1810 3170 loqui
1858 3111 2112 3168 tamquam

527 3198 877 3271 spiritualibus
909 3197 927 3266 (
959 3197 1007 3251 1.
1037 3195 1155 3250 Cor.
1185 3195 1236 3249 5.
1274 3194 1299 3247 1
1335 3191 1376 3265 ).
1404 3193 1563 3247 Certe
1609 3208 1713 3246 non
1745 3207 1809 3247 ex
1840 3192 1984 3247 Pauli
2014 3207 2109 3263 pe-

531 3290 707 3356 nuria,
730 3289 823 3345 sed
854 3305 917 3344 ex
949 3288 1160 3342 illorum
1190 3285 1495 3339 inﬁrmitate
1527 3283 1724 3337 factum
1752 3292 1833 3337 est
1856 3324 1873 3349 ,
1903 3292 1962 3337 ut
2002 3300 2107 3339 non

528 3384 691 3439 multa
749 3382 993 3435 audirent
1038 3393 1056 3434 :
1103 3387 1159 3433 et
1204 3376 1307 3430 hoc
1354 3374 1550 3429 indicat
1594 3373 1748 3439 illud,
1793 3375 1919 3428 Sine
1968 3374 2110 3428 nobis

421 3529 431 3539 ‘
526 3476 698 3530 diuites
742 3473 864 3545 facti
914 3471 1030 3524 estis
1076 3468 1171 3539 (1.
1202 3468 1319 3524 Cor.
1346 3468 1400 3521 4.
1433 3466 1526 3537 8).
1567 3465 1697 3533 Qua:
1740 3481 1825 3519 res
1856 3479 1962 3519 non
1989 3480 2111 3534 par-

527 3583 611 3633 va,
644 3565 738 3620 sed
765 3563 1002 3618 omnium
1034 3559 1487 3631 perniciosissima
1524 3566 1677 3637 erat,
1704 3545 1846 3626 quod
1868 3556 2105 3612 Ecclesia

524 3655 933 3713 discinderetur.
967 3652 1046 3708 Ad
1075 3653 1191 3706 haec
1213 3661 1390 3706 autem
1414 3647 1561 3717 aliud
1584 3648 1767 3723 scelus
1781 3647 2104 3710 admitteba-

526 3757 629 3815 tur,
659 3745 801 3817 quod
830 3743 1046 3816 quidam
1073 3784 1087 3809 ,
1116 3741 1204 3811 qui
1231 3755 1349 3794 cum
1379 3752 1609 3793 noverca
1640 3752 1737 3792 sua
1766 3738 1969 3805 coiret,
2002 3752 2103 3794 nec

527 3839 684 3893 modo
698 3852 801 3891 non
818 3836 1198 3903 corriperetur,
1216 3830 1311 3885 sed
1332 3830 1492 3883 etiam
1509 3836 1680 3883 castus
1694 3836 1927 3897 cogeret,
1947 3836 2100 3885 etse-

525 3929 783 4001 quacibus
808 3928 921 3981 suis
949 3924 1201 3980 suaderet
1230 3930 1286 3976 ut
1329 3920 1495 3974 altum
1524 3928 1799 3989 saperent.
1828 3919 1953 3975 ideo
1979 3922 2055 3975 ait
2081 3938 2096 3976 :

528 4022 592 4078 Et
619 4038 709 4077 vos
748 4019 916 4090 inﬂati
945 4018 1062 4072 estis
1086 4057 1101 4083 ,
1129 4024 1176 4069 et
1219 4030 1320 4067 non
1345 4014 1506 4085 magis
1535 4013 1733 4067 luxistis
1765 4013 1856 4085 (1.
1889 4011 2009 4069 Cor.
2040 4015 2095 4071 5.

520 4116 602 4191 2).
631 4115 711 4172 Ad
743 4115 857 4169 hmo
886 4120 1061 4167 autem
1091 4106 1309 4179 quidam
1328 4122 1395 4161 ex
1425 4106 1491 4161 iis
1514 4104 1606 4177 qui
1633 4106 1975 4175 perfectiores
2001 4108 2101 4161 ha-

524 4210 804 4273 bebantur,
834 4219 955 4261 cum
985 4203 1054 4257 ob
1084 4199 1369 4271 ingluviem
1394 4213 1457 4253 ea
1491 4213 1612 4268 quae
1636 4197 1793 4252 idolis
1822 4198 2093 4252 immolata

526 4300 735 4355 inerant
752 4296 1119 4365 degustarent,
1145 4299 1200 4345 et
1230 4290 1286 4343 in
1312 4288 1525 4358 templis
1548 4290 1948 4357 accumberent,
1978 4305 2096 4344 om-

519 4391 603 4444 nia
627 4388 1063 4460 pessumdabant.
1098 4384 1201 4439 Alii
1249 4398 1461 4438 rursum
1489 4384 1613 4437 lites
1641 4393 1697 4437 et
1718 4381 2090 4438 contentiones

521 4481 777 4539 habentes
805 4491 904 4549 pro
925 4475 1169 4548 pecuniis
1188 4515 1205 4543 ,
1233 4474 1473 4531 externis
1498 4473 1851 4529 tribunalibus
1880 4472 2090 4543 negotia

585 4742 660 4807 (a)
681 4743 939 4793 Periander
955 4735 1229 4807 Corinthius
1244 4735 1445 4807 septem
1460 4731 1554 4807 illis
1569 4729 1769 4807 Graecia
1777 4732 2091 4807 sapientibus

522 4798 865 4866 nundinentur
888 4817 915 4851 a
937 4798 1241 4866 quibusdam.
1257 4801 1359 4866 Non
1389 4806 1483 4842 una
1500 4798 1682 4857 Quippe
1718 4799 1797 4843 est
1817 4798 1867 4843 in
1891 4805 2083 4859 septem

523 4861 814 4933 sapienlium
835 4861 1124 4915 recensione
1138 4861 1400 4909 sententia.

2245 526 2563 596 circuibant,
2593 547 2727 602 quos
2751 535 2910 591 etiam
2954 540 3166 597 tonderi
3210 545 3383 614 jubet.
3424 526 3581 607 Aliud
3607 569 3818 625 quoque

2244 621 2499 678 delictum
2524 635 2639 679 erat
2660 642 2765 683 non
2793 644 3034 700 parvum,
3063 636 3203 705 quod
3238 638 3291 691 in
3323 644 3563 699 ecclesiis
3592 621 3813 702 seorsim

2242 713 2610 783 eomederent,
2645 734 2816 790 neque
2844 724 3029 793 egenis
3056 726 3413 795 impertirent.
3440 733 3496 787 lu
3527 735 3630 791 alia
3654 739 3815 793 etiam

2243 820 2300 900 re
2315 809 2641 900 ‘peccabant,
2666 814 2806 883 quod
2826 815 2893 871 de
2913 817 3326 877 cbarismatibus
3348 825 3510 881 altum
3540 841 3817 900 saperent,

2241 894 2468 967 indeque
2514 902 2650 958 inter
2694 905 2819 961 illos
2860 909 3130 966 aemulatio
3159 915 3393 970 oriretur
3425 936 3439 971 :
3466 894 3616 991 quod
3636 894 3811 992 ipsum

2227 1004 2447 1085 quoque
2476 994 2766 1051 Ecclesiam
2806 1000 3101 1058 scindebat.
3144 1004 3573 1065 Resurrectionis
3600 1029 3817 1085 quoque

2236 1078 2477 1175 doctrina
2504 1087 2641 1155 apud
2674 1089 2793 1145 illos
2821 1091 3154 1150 claudicabat
3182 1114 3197 1149 :
3228 1100 3444 1168 quidam
3475 1078 3634 1158 enim'
3668 1078 3811 1175 apud

2236 1170 2357 1227 illos
2387 1173 2615 1232 futuram
2647 1194 2932 1251 corporum
2973 1190 3425 1247 resurrectionem
3476 1209 3581 1248 non
3629 1170 3815 1251 adino-

2238 1262 2363 1317 dum
2402 1268 2727 1338 credebant,
2755 1272 2955 1331 Gnaeos
2985 1277 3157 1333 adhuc
3187 1281 3426 1338 stultitia:
3449 1286 3637 1339 morbo
3667 1286 3815 1343 labo-

2234 1363 2439 1445 rantes.
2471 1356 2598 1413 Hmc
2623 1362 2819 1431 quippe
2844 1367 3018 1420 omnia
3044 1378 3222 1424 ortum
3252 1370 3521 1429 habebant
3549 1390 3614 1429 ex
3641 1376 3806 1445 philo-

2230 1444 2435 1515 sophiae
2480 1458 2716 1506 externa:
2764 1450 3001 1519 stultitil
3041 1474 3055 1510 :
3103 1468 3159 1514 et
3206 1459 3322 1530 haec
3378 1473 3497 1519 erat
3546 1444 3809 1522 malorum

2232 1544 2403 1628 mater
2430 1552 2442 1587 :
2465 1537 2590 1595 hinc
2615 1540 3068 1615 discindebantur,
3088 1550 3231 1621 quod
3244 1552 3416 1622 ipsum
3434 1571 3462 1607 a
3481 1556 3819 1628 philosophia

2229 1624 2546 1683 didicerant.
2594 1631 2728 1685 Nam
2773 1643 2829 1687 et
2871 1636 2950 1690 illi
2996 1640 3095 1692 sibi
3143 1651 3329 1696 mutuo
3354 1624 3817 1716 adversabantur,

2229 1718 2434 1792 imperii
2456 1729 2509 1774 et
2523 1736 2672 1777 vana:
2696 1725 2882 1793 gloriae
2908 1742 3070 1784 causa
3100 1732 3328 1787 aliorum
3356 1750 3571 1806 semper
3592 1748 3819 1795 senten-

2230 1811 2355 1865 tiam
2379 1813 2778 1885 impugnantes,
2807 1829 2863 1874 et
2889 1836 3025 1876 nova
3055 1824 3324 1892 prioribus
3350 1828 3551 1884 addere
3578 1832 3810 1886 studen-

2228 1910 2329 1957 tes.
2360 1902 2449 1959 Sic
2470 1918 2646 1962 autem
2673 1908 2848 1965 δῆθειὶ
2876 1922 3031 1967 erant
3059 1956 3073 1980 ,
3103 1916 3225 1985 quia
3253 1920 3548 1975 ratiociniis
3568 1937 3662 1977 sua
3691 1939 3817 1993 per-

2227 1992 2525 2050 mittebant.
2557 1997 2635 2051 llli
2664 2009 2844 2055 autem
2873 2007 3205 2072 scripserunt
3231 2008 3279 2063 ei
3305 2024 3401 2079 per
3429 1992 3804 2077 Fortunatam,

2225 2085 2550 2156 Stephanam
2598 2101 2652 2145 et
2677 2092 2966 2148 Achaicum
2999 2096 3292 2163 mittentes,
3318 2115 3544 2170 quorum
3566 2119 3729 2173 opera
3752 2116 3813 2159 et

2226 2180 2340 2250 ipse
2375 2180 2668 2251 Epistulam
2712 2185 2877 2241 misit.
2925 2187 3133 2245 Et'hoc
3162 2190 3417 2247 indicavit
3446 2195 3498 2249 in
3544 2196 3649 2252 line
3677 2195 3811 2267 Epi~

2222 2272 2373 2325 stola:
2396 2313 2414 2338 ,
2442 2289 2546 2327 non
2574 2274 2640 2329 de
2670 2277 2917 2332 omnibus
2946 2278 3169 2349 loquens
3194 2322 3207 2343 ,
3239 2282 3336 2337 sed
3366 2283 3433 2338 de
3459 2286 3726 2341 connubio
3750 2298 3810 2342 et

2222 2361 2289 2416 de
2308 2364 2623 2432 virginitate.
2645 2365 2765 2421 Ideo
2785 2368 2995 2422 dicebat.
3019 2388 3033 2423 :
3057 2370 3136 2423 De
3152 2370 3329 2439 quibus
3349 2384 3514 2426 autem
3536 2378 3817 2443 sm'psistt'o

2221 2455 2343 2507 milti
2372 2454 2448 2527 (1.
2476 2455 2592 2509 Cor.
2627 2459 2679 2509 7.
2709 2457 2819 2529 11).
2847 2457 2943 2514 Ille
2970 2477 3132 2530 porro
3179 2472 3235 2518 et
3258 2463 3327 2518 de
3353 2466 3546 2535 quibus
3572 2469 3809 2538 scripse-

2220 2556 2363 2613 runt,
2393 2557 2448 2601 et
2474 2547 2542 2603 de
2568 2550 2767 2619 quibus
2800 2567 2905 2605 non
2937 2555 3308 2623 scripserunt,
3336 2557 3618 2628 epistolam
3649 2560 3802 2623 texit,

2219 2652 2341 2691 cum
2373 2640 2553 2693 omnia
2602 2641 2816 2695 illorum
2853 2644 2980 2697 vitia
3008 2644 3334 2702 edidicisset.
3382 2649 3446 2703 Et
3481 2663 3601 2704 cum
3631 2648 3806 2711 literis

2216 2728 2555 2785 Timotheum
2570 2732 2753 2798 mittit,
2775 2748 2972 2803 gnarus
2994 2736 3096 2788 vim
3122 2752 3365 2807 magnam
3384 2737 3655 2793 habituras
3681 2740 3807 2794 lite-

2218 2837 2302 2875 ras
2320 2837 2472 2887 esse,
2499 2838 2599 2876 nec
2620 2839 2838 2893 parvam
2865 2828 3232 2881 accessionem
3254 2829 3532 2883 allaturam
3555 2830 3800 2901 discipuli

2216 2914 2577 2979 prmaentiam.
2618 2914 2750 2980 Quia
2778 2930 2908 2969 vero
2945 2916 3006 2981 ii,
3038 2918 3127 2986 qui
3158 2917 3455 2973 Ecclesiam
3482 2920 3807 2990 diviserant,

2214 3010 2462 3059 verentes
2491 3018 2560 3059 ne
2588 3004 2904 3060 ambitionis
2932 2996 3093 3061 causa
3139 3006 3191 3062 id
3234 3008 3425 3063 iecisse
3451 3008 3760 3066 viderentur
3778 3054 3804 3078 ,

2217 3096 2472 3164 propositi
2498 3096 2578 3150 sui
2602 3096 2852 3151 obtentus
2879 3100 3337 3169 excogitaverunt,
3366 3102 3506 3171 quod
3537 3104 3796 3160 nimirum

2216 3186 2530 3255 perfectiora
2561 3187 2816 3241 docerent
2840 3198 2894 3242 et
2918 3190 3272 3258 sapientiores
3295 3191 3412 3245 aliis
3436 3204 3642 3259 essent;
3665 3210 3799 3250 con-

2215 3287 2293 3329 tra
2336 3276 2477 3331 hunc
2506 3278 2752 3332 morbum
2797 3277 2970 3348 primo
3010 3280 3238 3350 insurgit
3280 3281 3511 3349 Paulus,
3554 3285 3793 3341 radicem

2213 3369 2479 3424 malorum
2508 3369 2837 3439 deprimens,
2865 3386 3073 3428 necnon
3101 3371 3496 3428 dissensionem
3520 3376 3643 3432 inde
3672 3378 3795 3432 sub-

2211 3472 2383 3516 ortam
2411 3479 2428 3514 :
2456 3462 2731 3531 multaque
2779 3463 3028 3534 loquendi
3078 3464 3268 3519 ﬁducia
3316 3466 3501 3520 utitur.
3551 3467 3615 3522 Hi
3646 3470 3789 3523 enim

2209 3553 2440 3607 maxime
2463 3553 2704 3607 omnium
2732 3555 2978 3624 discipuli
3016 3558 3099 3611 sui
3125 3566 3315 3620 erant;
3345 3558 3557 3614 idcirco
3587 3561 3659 3614 ait
3690 3560 3791 3617 :Si

2208 3647 2325 3700 aliis
2349 3662 2450 3699 non
2470 3661 2581 3699 sum
2596 3643 2876 3715 apostolus,
2900 3648 3036 3726 vobis
3062 3659 3195 3702 certe
3223 3665 3336 3703 sum
3359 3666 3378 3705 :
3403 3666 3488 3704 vos
3515 3653 3647 3705 enim
3668 3655 3798 3708 ostio

2208 3736 2525 3810 signaculum
2555 3738 2870 3805 apostolatus
2900 3742 2996 3794 mei
3019 3742 3097 3809 (1.
3122 3740 3242 3794 Cor.
3272 3742 3324 3795 9.
3341 3741 3399 3810 τὶ)
3436 3762 3449 3796 :
3478 3752 3528 3797 et
3558 3744 3673 3799 aliis
3700 3745 3789 3799 in-

2208 3831 2470 3884 ﬁrmiores
2499 3838 2688 3892 erant;
2732 3830 2851 3884 ideo
2891 3832 3020 3885 dicit
3050 3848 3061 3881 :
3094 3831 3215 3885 Non
3245 3834 3375 3886 enim
3418 3844 3473 3887 ut
3500 3838 3787 3904 spirituali-

2205 3926 2296 3980 ιω
2336 3926 2570 3996 loquutus
2616 3941 2729 3979 sum
2756 3924 3021 3978 :nondum
3065 3924 3197 3977 enim
3239 3926 3506 3994 poteratis,
3554 3932 3642 3981 sed
3689 3946 3789 3985 nec

2203 4034 2337 4071 nunc
2364 4017 2565 4085 potestis
2598 4018 2616 4086 (
2640 4017 2691 4070 1.
2723 4013 2843 4070 Cor.
2875 4016 2928 4069 3.
2954 4012 3035 4084 2).
3069 4014 3179 4069 Hoc
3203 4025 3381 4071 autem
3410 4017 3558 4085 dicit,
3588 4034 3655 4074 ne
3684 4036 3789 4090 pu-

2203 4118 2377 4163 tarent
2402 4123 2524 4163 eum
2555 4108 2626 4162 ita
2650 4106 2794 4176 loqui
2821 4105 2889 4160 de
2912 4115 3152 4176 tempore
3192 4112 3483 4178 praeterito.
3514 4109 3785 4169 Caeterum

2201 4200 2487 4256 verisimile
2506 4208 2589 4254 est
2613 4212 2717 4253 non
2747 4207 3027 4268 corruptos
3053 4214 3240 4254 omnes
3266 4198 3432 4256 fuisse
3455 4243 3470 4267 ,
3497 4203 3589 4258 sed
3614 4220 3783 4274 quos-

2198 4292 2321 4347 dam
2366 4293 2504 4346 inter
2549 4290 2669 4345 illos
2699 4288 2861 4346 fuisse
2897 4290 3183 4346 admodum
3213 4303 3446 4347 sanctos.
3476 4294 3545 4348 Et
3592 4298 3693 4351 hoc
3725 4299 3779 4353 in

2198 4384 2373 4439 medio
2400 4381 2651 4452 Epistolas
2682 4381 2999 4451 signiﬁcavit
3043 4382 3227 4438 dicens
3256 4401 3270 4437 :
3299 4382 3428 4437 Mihi
3472 4395 3641 4440 autem
3685 4406 3781 4458 pro

2195 4475 2403 4529 minimo
2429 4481 2502 4527 est
2526 4481 2581 4525 ut
2605 4488 2636 4525 a
2659 4472 2796 4526 vobis
2812 4472 3035 4543 judicer;
3062 4483 3115 4528 et
3135 4473 3391 4542 adjiciens
3420 4492 3433 4527 :
3461 4473 3587 4529 Haec
3607 4488 3775 4533 autem

2196 4563 2553 4635 transﬁguravi
2572 4564 2627 4616 in
2652 4579 2729 4617 me
2754 4574 2800 4618 et
2818 4564 3003 4636 Apollo
3032 4564 3105 4636 (1.
3123 4564 3241 4619 Cor.
3270 4566 3322 4619 ὅ.
3344 4565 3422 4635 6).
3452 4566 3586 4635 Quia
3614 4570 3775 4640 igitur

2192 4673 2256 4713 ex
2283 4655 2583 4725 arrogantia
2610 4655 2788 4710 omnia
2828 4656 3180 4727 gignebantur
3206 4657 3343 4710 mala
3364 4696 3381 4722 ,
3411 4664 3466 4711 et
3489 4659 3629 4728 quod
3660 4661 3778 4717 exi-

2193 4748 2472 4803 stimarent
2498 4761 2558 4800 se
2588 4746 2713 4814 quid
2740 4747 2966 4817 amplius
2991 4746 3155 4814 scire,
3188 4746 3329 4801 hunc
3370 4748 3612 4804 morbum
3646 4761 3774 4808 ante

2191 4839 2327 4895 alios
2352 4837 2507 4902 tollit,
2530 4846 2585 4893 et
2604 4837 2865 4908 incipiens
2892 4836 3022 4894 dicit
3046 4854 3062 4892 :

1943 5209 2288 5271 HOMILIA
2331 5209 2382 5271 Ι.

506 5377 632 5443 (ἓν.
665 5373 797 5433 liv.
848 5377 899 5431 1.
947 5376 1143 5431 Paulus
1184 5387 1388 5433 uocatus
1429 5380 1688 5448 apostolus
1725 5380 1911 5437 Christi
1953 5386 2078 5439 Jesu

572 5486 664 5541 per
688 5470 990 5523 voluntatem
1016 5468 1111 5524 Dei
1128 5511 1146 5536 ,
1168 5479 1213 5523 et
1242 5468 1512 5525 Sosthenes
1543 5474 1722 5542 frater,
1754 5474 1807 5528 2.
1834 5474 2074 5530 Ecclesia:

568 5561 611 5616 ἕ.
634 5564 667 5615 ,ἱ
685 5602 701 5627 ,
727 5578 838 5631 qua
858 5572 930 5617 est
956 5560 1182 5617 Corinthi
1202 5604 1218 5629 ,
1251 5564 1577 5633 sanctiﬁcatis
1603 5565 1655 5618 in
1681 5565 1883 5621 Christo
1908 5567 2033 5622 Jesu
2053 5612 2068 5634 ,

567 5654 754 5709 vocatis
777 5655 963 5709 sanctis
984 5671 1101 5708 cum
1127 5654 1355 5710 omnibus
1380 5656 1722 5711 invocantibus
1748 5674 1931 5713 nomen
1962 5657 2071 5713 Do-

2256 5396 2434 5441 nostro
2458 5404 2477 5441 :
2505 5389 2559 5443 5.
2592 5393 2757 5460 gratia
2782 5392 2917 5445 vobis
2941 5404 2990 5447 et
3014 5411 3119 5465 pa:
3145 5414 3177 5451 a
3206 5398 3311 5454 Deo
3330 5399 3489 5457 Palu
3509 5415 3691 5463 nostro
3713 5415 3764 5462 et

2255 5479 2473 5532 Domino
2498 5480 2621 5534 Jesu
2649 5482 2870 5537 Christo.

2252 5572 2300 5623 1.
2338 5569 2473 5626 Vide
2516 5572 2785 5641 quomodo
2826 5577 3006 5632 statim
3040 5595 3069 5633 a
3099 5581 3360 5651 principio
3395 5598 3758 5657 arrogantiam

2177 5662 2370 5730 dejecit
2389 5705 2402 5727 ,
2431 5672 2484 5719 et
2511 5664 2657 5719 humi
2684 5668 2874 5723 stravit-
2894 5684 3108 5727 omnem
3156 5673 3368 5733 illorum
3395 5680 3753 5735 existimatio-

567 5745 689 5799 mitti
713 5744 873 5799 nostri
913 5744 1036 5801 Iesu
1065 5744 1251 5802 Christi
1289 5748 1341 5802 in
1380 5750 1517 5803 omni
1543 5748 1651 5803 loco
1678 5760 1722 5802 et
1749 5751 1975 5820 ipsorum
2018 5764 2063 5807 ct
2174 5770 2327 5820 nem,
2360 5763 2603 5810 vocatum
2636 5772 2695 5813 se
2721 5755 2922 5815 dicens.
2956 5760 3137 5835 Neque
3159 5768 3301 5823 enim
3335 5770 3533 5837 inveni,
3560 5773 3755 5845 inquit,
