4082 6326
672 351 743 408 IS
1383 349 1441 404 3.
1483 343 1774 404 JOANNIS
1802 337 2305 401 CHRYSOSTOHI
2340 337 2662 398 ARCHIEP.
2701 342 3263 402 LONSTANTINUP.
3853 359 3919 408 η

663 467 798 528 Θεὸς
828 462 985 519 τοῦτο
1011 463 1242 536 ἠθέλησε
1268 469 1330 518 τὸ
1359 464 1533 529 οὕτως
1560 463 1706 532 ὑμᾶς
1759 461 2017 530 σωθῆναι.
2073 457 2243 512 Οὐδὲν

661 550 771 620 γὰρ
815 551 968 620 ἡμεῖς
991 547 1462 621 κατωρθώσαμεν,
1508 546 1646 600 ἀλλὰ
1674 544 1763 598 διὰ
1794 544 1890 597 τοῦ
1931 542 2242 621 θελήματος

658 633 754 686 τοῦ
782 631 916 685 Θεοῦ
965 631 1064 700 τὴν
1109 620 1384 702 σωτηρίαν
1425 629 1503 701 [4]
1540 626 1855 700 εύράμεθαο
1907 625 2000 679 καὶ
2049 620 2236 692 ἐπειδὴ

659 713 810 786 αὐτῷ
838 713 1038 779 έδοξεν,
1069 713 1403 783 ἐκλήθημεν,
1451 713 1553 764 οὐκ
1582 709 1770 780 ἐπειδὴ
1796 709 1939 774 ἄξιοι
1968 703 2135 778 ἦμεν.

729 799 901 852 Πάλιν
944 797 1248 868 μετριάζει.
1287 795 1597 848 συντάττων
1638 791 1817 860 ἐαυτῷ
1851 792 1948 845 τὸν
1984 790 2242 844 ἐλάττονα

657 881 837 952 πολλῷ
853 893 878 922 ι
895 896 909 910 ·
938 880 1034 933 καὶ
1055 878 1168 948 γὰρ
1183 877 1316 930 πολὺ
1336 878 1396 929 τὸ
1422 877 1583 948 μέσον
1599 872 1666 946 ἦν
1687 875 1900 928 Παύλου
1922 876 2014 928 καὶ
2034 871 2244 927 Σωσθέο

657 982 802 1029 νους.
830 965 893 1017 Εἰ
937 963 1017 1022 δὲ.
1049 961 1176 1014 ἔνθα
1211 959 1466 1014 τοσοῦτον
1509 955 1582 1030 ἦν
1618 959 1680 1012 τὸ
1721 960 1916 1029 μέσον,
1955 956 2241 1020 συνέταξεν

655 1046 837 1116 ἐαυτῷ
870 1046 960 1099 τὸν
983 1042 1435 1111 καταδεέστερον,
1456 1042 1507 1093 τί
1538 1042 1603 1094 ἂν
1633 1042 1805 1111 ἔχοιεν
1839 1041 2014 1093 εἰπεῖν
2043 1042 2240 1092 ἐκεῖνοι

654 1133 703 1184 οἰ
731 1131 858 1192 τοὺς
887 1126 1182 1199 ὁμοτίμους
1223 1124 1628 1195 ὑπερορῶντεςς
1673 1124 1750 1192 Τῇ
1787 1123 2110 1189 Ἐκκλησία
2135 1122 2242 1175 τοῦ

655 1211 828 1268 Θεοῦ.
843 1211 917 1265 Οὑ
938 1207 1092 1263 τοῦδε
1118 1207 1212 1261 καὶ
1233 1206 1408 1270 τοῦδε,
1423 1207 1558 1260 ἀλλά
1579 1208 1684 1262 τοῦ
1707 1207 1876 1261 Θεοῦ.
1899 1205 1980 1273 Τῇ
2001 1206 2157 1270 οὔσῃ
2173 1204 2244 1256 ἐν

654 1295 940 1362 Κορίνθῳ.
976 1292 1138 1361 Ὁρᾷς
1172 1291 1289 1353 πῶς
1323 1289 1450 1342 καθ’
1481 1291 1719 1359 ἑκάστην
1761 1289 1904 1353 λέξιν
1944 1286 2243 1340 κατέϐαλεν

653 1377 838 1432 αὐτῶν
877 1376 939 1428 τὸ
984 1374 1234 1444 φύσημα,
1267 1373 1365 1443 τὴν
1400 1373 1641 1426 διάνοιαν
1671 1373 1869 1437 ἐθίζων
1897 1371 1985 1424 διὰ
2022 1371 2239 1423 πάντων

652 1459 792 1530 πρὸς
836 1457 932 1510 τὸν
966 1456 1235 1527 οὐρανόν;
1290 1456 1620 1527 Ἐκκλησίαν
1657 1455 1712 1508 δὲ
1746 1455 1882 1507 Θεοῦ
1932 1453 2106 1518 καλεῖ,
2133 1453 2241 1505 δει-

652 1544 783 1605 κνὺς
836 1542 919 1594 ὅτι
975 1540 1217 1610 ἡνῶσθαι
1273 1539 1442 1609 αὐτὴν
1490 1541 1616 1610 χρή.
1650 1539 1713 1590 Εἰ
1763 1538 1868 1609 γὰρ
1895 1536 2030 1590 Θεοῦ
2063 1538 2234 1602 ἐστιν,

653 1625 879 1694 ἦνωται.
916 1623 1011 1676 καὶ
1046 1623 1144 1692 μία
1175 1622 1341 1685 ἐστὶν,
1375 1621 1476 1673 οὐκ
1501 1624 1558 1673 ἐν
1605 1620 1854 1690 Κορίνθῳ
1889 1621 2069 1690 μόνον,
2103 1617 2240 1671 ἀλλά

652 1709 751 1762 καὶ
789 1709 846 1760 ἐν
877 1706 1026 1778 πάσῃ
1067 1708 1133 1777 τῇ
1188 1706 1505 1776 οἰκουμένῃ.
1539 1706 1612 1758 Τὸ
1644 1703 1752 1775 γὰρ
1778 1704 1876 1774 τῆς
1912 1702 2239 1773 Ἐκκλησίας

651 1789 824 1860 ὄνομα
861 1787 922 1840 οὐ
949 1787 1255 1858 χωρισμοῦ,
1283 1787 1422 1841 ἀλλά
1454 1787 1703 1850 ἐνὼσεὼς
1730 1788 1849 1838 ἐστι
1879 1785 1974 1838 καὶ
2003 1799 2237 1853 συμφω-

651 1873 770 1933 νίας
794 1871 987 1941 ὄνομα.
1015 1867 1424 1939 Ἠγιασμένοις
1451 1871 1521 1921 ἐν
1550 1868 1788 1934 Χριστῷ
1824 1866 2041 1933 Ἰησοῦ.
2067 1866 2239 1918 Πάλιν

650 1955 749 2010 τοῦ
786 1953 960 2024 Ἰησοῦ
993 1955 1052 2007 τὸ
1080 1955 1268 2022 ὄνομα,
1303 1950 1541 2019 οὐδαμοῦ
1587 1949 1891 2018 ἀνθρώπων
1924 1949 2131 2015 τίθησι.
2173 1947 2243 1999 Τί

648 2041 705 2093 δέ
737 2041 885 2092 ἐστιν
940 2037 969 2089 ὁ
1016 2035 1318 2106 (haupt/6;;
1374 2036 1448 2087 T6
1494 2033 1740 2105 λουτρὸν.
1791 2033 1820 2085 ὁ
1870 2031 2234 2104 καθαρισμός.

661 2121 1100 2191 Ἀναμιμνήσκει
1126 2119 1232 2192 γάρ
1265 2121 1464 2182 αὐτοὺς
1491 2119 1592 2188 τῆς
1619 2118 1826 2181 οἰκείας
1869 2117 2235 2188 ἀκαθαρσίας,

649 2199 715 2277 ἧς
751 2200 1054 2274 ἀπήλλαξε,
1096 2202 1190 2254 καὶ
1230 2201 1409 2254 πείθει
1448 2201 1623 2272 μικρά
1649 2204 1869 2271 φρονεῖν
1891 2219 1905 2232 ⁸
1955 2202 2015 2253 οὐ
2045 2199 2155 2270 γὰρ
2178 2201 2236 2251 ἐν

648 2289 762 2350 τοῖς
808 2285 1030 2347 οἰκείοις
1064 2285 1511 2355 κατορθώμασιν,
1574 2285 1690 2338 ἀλλ’
1730 2285 1788 2338 ἐν
1827 2287 1894 2355 τῇ
1951 2283 2045 2337 τοῦ
2097 2283 2232 2336 Θεοῦ

649 2368 1031 2439 φιλανθρωπίᾳ
1064 2368 1428 2438 ήγιάσθησαν.
1461 2367 1720 2434 κλητοῖς
1745 2369 1956 2437 ἁγίοις.
1989 2367 2096 2418 Καὶ
2124 2367 2232 2435 γάρ

649 2453 806 2507 τοῦτο
844 2451 976 2504 αὐτὸ
1005 2449 1066 2504 τὸ
1092 2451 1274 2503 πίστει
1323 2451 1584 2520 σωθῆναι,
1621 2452 1807 2519 φησὶν,
1830 2451 1928 2504 οὐκ
1954 2451 2011 2516 ἐξ
2040 2449 2194 2517 ὑμῶν
2216 2465 2230 2478 ·

649 2537 710 2589 οὐ
761 2535 872 2605 γάρ
909 2533 1248 2604 προσήλθετε
1297 2533 1526 2605 πρῶτοι,
1567 2531 1683 2585 ἀλλ’
1735 2533 2024 2602 ἐκλήθητε.
2068 2531 2232 2583 Ὥστε

649 2619 772 2673 οὖδέ
809 2618 871 2671 τὸ
907 2616 1104 2688 μικρὸν
1142 2616 1327 2682 τοῦτο,
1359 2617 1626 2685 ὑμέτερον
1657 2616 1798 2668 ὅλον.
1838 2615 2024 2666 Καίτοι
2059 2615 2107 2665 εἰ
2138 2613 2234 2664 καὶ

648 2699 1007 2772 προσὴλθετε,
1062 2699 1272 2768 μυρίων
1314 2699 1467 2760 ὀντες
1524 2697 1817 2751 ὑπεύθυνοι
1869 2695 2078 2762 κακῶν,
2113 2694 2236 2747 οὐδὲ

648 2783 822 2846 οὕτως
849 2784 978 2852 ύμῖν
1012 2783 1192 2852 χάρις,
1223 2781 1362 2833 ἀλλὰ
1395 2781 1472 2850 τῷ
1505 2780 1644 2851 Θεῷ.

720 2867 820 2919 Διά
863 2865 1023 2918 τοῦτο
1076 2867 1171 2918 καὶ
1223 2865 1493 2932 Ἐφεσίοις
1546 2865 1773 2936 γράφων
1824 2863 1999 2932 ἔλεγε·
2030 2863 2235 2930 Χάριτί

649 2949 790 3004 ἐστε
819 2948 1200 3016 σεσωσμένοι
1235 2947 1333 3003 διὰ
1372 2950 1654 3013 πίστεως,
1692 2948 1790 3000 καί
1821 2948 1998 3000 τοῦτο
2031 2949 2143 2999 οὐκ
2165 2946 2234 3008 ἐξ

649 3030 834 3101 ὑμῶν.
860 3030 995 3083 Οὐδὲ
1024 3033 1056 3098 ὴ
1087 3019 1271 3091 πίστις
1298 3032 1452 3099 ὑμῶν
1481 3030 1776 3099 ὁλόκληρος
1797 3046 1810 3057 ·
1844 3031 1903 3081 οὺ
1941 3029 2050 3097 γὰρ
2077 3029 2235 3095 ὑμεῖς

648 3114 1008 3168 ἐπιστεύσατε
1040 3112 1426 3183 προλαϐόντες,
1479 3112 1615 3164 ἀλλὰ
1665 3111 1956 3180 κληθέντες
1987 3109 2233 3180 ὑπηκού-

651 3213 801 3251 σατε.
828 3197 951 3250 Σὺν
976 3193 1124 3249 πᾶσι
1155 3195 1274 3261 τοῖς
1302 3193 1799 3262 ἐπικαλουμένοις
1828 3193 1894 3246 τὸ
1920 3193 2107 3261 ὄνομα
2129 3192 2234 3245 τοῦ

647 3279 871 3346 Κυρίου
916 3276 1088 3346 ἡμῶν
1129 3277 1334 3344 Ἰησοῦ
1380 3277 1662 3344 Χριστοῦ.
1695 3276 1771 3330 Ού
1804 3275 1900 3328 τοῦ
1937 3275 2106 3338 δεῖνος
2141 3275 2236 3327 καὶ

648 3363 753 3414 τοῦ
769 3362 975 3424 δεῖνος,
1009 3360 1146 3414 ἀλλά
1182 3361 1254 3414 Τὸ
1294 3360 1482 3430 ὄνομα
1512 3360 1615 3414 τοῦ
1645 3358 1892 3426 Κυρίου.
1924 3359 2026 3411 Ἐν
2055 3357 2236 3410 παντί

649 3445 816 3509 τόπῳ
845 3442 1046 3497 αὐτῶν
1076 3461 1140 3497 τε
1169 3445 1265 3496 καί
1298 3442 1488 3511 ήμῶν.
1523 3444 1588 3495 Εἰ
1623 3441 1733 3512 γὰρ
1762 3442 1855 3494 καὶ
1882 3441 2018 3511 πρὸς
2045 3442 2236 3511 Κορινο

651 3529 802 3590 θίους
847 3527 917 3581 τὰ
957 3526 1268 3597 γράμματά
1312 3530 1430 3579 ἐστι
1476 3527 1839 3597 γεγραμμένα
1889 3526 2072 3597 μόνον,
2098 3525 2234 3578 ἀλλὰ

650 3610 749 3664 καὶ
793 3611 1018 3664 πάντων
1039 3609 1147 3662 τῶν
1184 3609 1243 3660 ἐν
1281 3608 1433 3681 πάσῃ
1466 3611 1532 3679 τῇ
1570 3612 1641 3680 γῇ
1679 3607 1956 3679 μέμνηται
2003 3608 2232 3671 πιστῶν,

649 3694 860 3757 δεικνὺς
896 3695 980 3747 ὅτι
1015 3693 1114 3765 τὴν
1153 3693 1247 3746 ἐπὶ
1278 3693 1382 3762 τῆς
1414 3692 1737 3762 οἰκουμένης
1794 3693 1926 3762 μίαν
1959 3692 2042 3746 δεῖ
2092 3687 2233 3746 εἷναι

665 3773 1018 3846 Ἐκκλησίαν,
1075 3774 1254 3830 καίτοι
1307 3775 1497 3838 τόποις
1544 3775 1759 3837 πολλοῖς
1792 3774 2232 3844 κεχωρισμένην,

651 3860 750 3912 καὶ
799 3858 979 3929 σωλλῷ
1029 3859 1228 3927 μᾶλλον
1281 3858 1380 3928 τὴν
1428 3860 1486 3909 ἐν
1523 3856 1795 3927 Κορίνθῳ.
1831 3858 1894 3909 Εἰ
1934 3858 1988 3908 δὲ
2019 3858 2235 3919 ότόπος

653 3938 900 4010 χωρίζει,
935 3940 1049 3992 ἀλλ’
1078 3941 1108 3990 6
1161 3939 1365 4009 Κύριος
1406 3939 1601 3999 αὐτοὺς
1629 3939 1890 3990 συνάπτει
1918 3941 2097 4002 κοινὸς
2127 3939 2201 3992 ῶν
2220 3957 2233 3969 ·

653 4021 738 4075 διδ
769 4023 864 4075 καὶ
895 4021 1030 4073 ἐνῶν
1058 4022 1255 4083 αὐτοὺς
1289 4021 1538 4090 ἐπήγαγε
1565 4021 1648 4080 τὸ,
1687 4019 1874 4087 Ἠμῶν
1900 4037 1964 4074 τε
1999 4022 2098 4081 καί
2129 4025 2240 4075 αὐ-

651 4103 794 4160 τῶν.
832 4104 974 4157 Πολὺ
1010 4103 1067 4156 δὲ
1095 4103 1256 4156 τοῦτο
1289 4104 1498 4156 ἐκείνου
1528 4103 2096 4175 κυριώτερον.Ὧσπερ
2128 4106 2236 4173 γὰρ

653 4188 707 4242 οἰ
732 4189 790 4240 ἐν
816 4188 897 4240 ἐνὶ
934 4186 1086 4256 τόπῳ
1113 4187 1284 4251 ὁντες,
1322 4185 1450 4239 ὁταν
1482 4185 1711 4248 πολλοὺς
1737 4185 1932 4254 ἔχωσιν
1961 4187 2235 4247 ἐναντίους

651 4271 940 4334 δεσπότας,
978 4271 1365 4340 διεσπασμένοι
1397 4271 1523 4330 εἰσὶ,
1559 4270 1654 4322 καὶ
1699 4270 1850 4321 οὐδὲν
1887 4271 1994 4321 ἀπὸ
2023 4269 2115 4321 τοῦ
2149 4269 2236 4318 τό-

655 4371 759 4407 που
786 4356 865 4416 είς
895 4353 1148 4423 ὁμόνοιαν
1181 4351 1540 4418 ὠφελοῦνται,
1569 4351 1799 4421 διάφορα
1828 4353 1935 4404 τῶν
1959 4352 2235 4404 δεσποτῶν

654 4435 1074 4497 ἐπιταττόντων,
1095 4435 1189 4485 καὶ
1221 4433 1357 4504 πρὸς
1391 4433 1620 4493 ἑαυτοὺς
1654 4433 1919 4484 ἑλκόντων
1964 4436 2083 4502 (Ui)
2129 4433 2241 4486 δύ·

653 4519 844 4570 νασθε
874 4515 1005 4585 γὰρ,
1053 4515 1207 4586 φησὶ,
1258 4513 1380 4580 Θεῷ
1405 4513 1722 4578 δουλεύειν
1754 4514 1850 4566 καὶ
1878 4513 2192 4583 μαμμωνᾷ)
2217 4531 2231 4545 ο

654 4596 828 4661 οὕτως
875 4598 925 4650 οί
971 4599 1030 4650 ἐν
1068 4598 1358 4669 διαφόροις,
1385 4599 1572 4660 τόποις
1605 4597 1776 4660 ὄντες,
1810 4597 1905 4648 ἐὰν
1947 4595 2022 4666 μὴ
2051 4595 2237 4664 διαφό-

659 4697 787 4752 ρους
818 4681 981 4750 ἐχωσι
1016 4682 1258 4752 κυρίους,
1288 4681 1402 4734 ἀλλ’
1436 4682 1534 4734 ἕνα
1582 4681 1764 4750 μόνον,
1806 4678 1959 4732 οὐδὲν
1993 4678 2100 4730 ἀπὸ
2128 4679 2236 4730 τῶν

655 4765 838 4818 τόπων
867 4766 945 4826 εἰς
962 4765 1217 4833 ὁμόνοιαν
1246 4764 1750 4833 παραδλάπτονται,
1777 4762 1871 4816 τοῦ
1906 4763 2112 4833 Κυρίου
2142 4761 2235 4814 τοῦ

655 4848 774 4912 ἐνὸς
803 4847 1167 4910 συνάπτοντος
1202 4835 1416 4909 αύὲούς.
1440 4847 1516 4899 Οὐ
1537 4847 1683 4913 λέγω
1714 4846 1915 4904 τοίνυν,
1942 4848 2129 4916 φησὶν,
2153 4848 2237 4900 ὄτι

654 4932 793 5004 πρὸς
853 4929 1176 5002 Κορινθίους
1207 4930 1484 5000 Κορίνθιοι
1515 4931 1668 4993 ὄντες
1702 4932 1949 5000 ὁμονοεῖν
1991 4930 2234 4999 ὀφείλετε

659 5017 847 5087 μόνον,
873 5014 1014 5068 ἀλλὰ
1043 5016 1136 5067 καὶ
1172 5013 1308 5083 πρὸς
1355 5013 1561 5075 πάντας
1592 5014 1718 5075 τοὺς
1758 5014 1818 5065 ἐν
1841 5016 1906 5083 τῇ
1942 5013 2232 5083 οἰκουμένῃ

655 5099 829 5169 πάσῃ,
863 5096 1042 5149 κοινὸν
1101 5095 1314 5166 ἔχοντες
1359 5096 1655 5164 Δεσπότην.
1704 5095 1806 5146 Διά
1854 5095 2012 5147 τοῦτο
2052 5097 2146 5147 καὶ
2171 5098 2238 5146 ἐκ

652 5180 908 5252 δευτέρου
960 5178 1272 5250 προσέθηκε
1307 5177 1390 5240 τὸ,
1414 5176 1628 5244 Ἡμῶν.
1668 5176 1888 5247 Ἐπειδὴ
1929 5178 2038 5247 γὰρ
2088 5174 2232 5241 εἶπε,

660 5264 733 5320 Τὸ
765 5265 954 5332 ὄνομα
981 5261 1087 5316 τοῦ
1120 5261 1339 5330 Κυρίου
1379 5258 1548 5327 ἡμῶν
1579 5261 1783 5326 Ἰησοῦ
1812 5260 2090 5328 Χριστοῦ,
2147 5261 2233 5314 ἵνα

659 5345 734 5416 μὴ
754 5345 878 5416 δόξῃ
914 5342 1170 5414 χωρίζειν
1205 5343 1359 5411 παρά
1379 5344 1491 5404 τοῖς
1521 5343 1790 5410 ἀνοήτοις,
1826 5343 2021 5410 ἐπάγει
2048 5343 2229 5407 πάλιν,

652 5429 878 5496 Κυρίου
907 5425 1076 5496 ἡμῶν
1099 5442 1163 5479 τε
1186 5426 1285 5479 καὶ
1308 5424 1530 5479 αὐτῶν.
1558 5425 1665 5476 Καὶ
1693 5425 1778 5478 ἰνα
1800 5423 1878 5497 [5]
1902 5427 2233 5497 σαφέστερον

654 5509 684 5562 δ
720 5509 863 5577 λέγω
893 5510 1139 5580 γένηται,
1176 5506 1563 5577 ἀναγνώσομαι
1596 5509 1736 5562 κατά
1759 5510 1821 5561 τὸ
1851 5509 2027 5579 νόημα
2055 5509 2196 5562 οῦτω
2216 5528 2229 5541 ·

655 5589 865 5656 Παῦλος
889 5591 982 5644 καὶ
1009 5589 1292 5659 Σωσθένης
1323 5593 1392 5662 τῇ
1427 5590 1722 5661 Ἐκκλησία
1751 5591 1844 5644 τοῦ
1879 5590 2018 5644 Θεοῦ
2042 5594 2106 5662 τῇ
2144 5592 2231 5645 οῦ-

657 5691 729 5745 σῃ
780 5673 840 5726 ἐν
891 5673 1160 5745 Κορίνθῳ,
1219 5674 1316 5728 καὶ
1350 5677 1486 5729 πᾶσι
1523 5678 1638 5738 τοῖς
1681 5673 2133 5744 ἐπικαλουμένοις
2171 5676 2233 5729 τδ

654 5757 825 5828 ὖνομα
849 5756 943 5811 τοῦ
967 5758 1171 5827 Κυρίου
1198 5757 1358 5828 ἡμῶν
1377 5775 1435 5812 τε
1464 5760 1556 5813 καὶ
1584 5758 1762 5812 αὐτῶν
1791 5760 1849 5812 ἐν
1877 5760 2043 5812 παντὶ
2062 5759 2231 5829 τόπῳ,

717 5934 1035 6002 'Legebatur
1067 5937 1301 5990 Ἄπολλῶ.

2345 455 2453 510 κᾶν
2507 459 2568 511 ἐν
2609 457 2818 532 Ῥώμῃ,
2876 460 2984 514 κᾶν
3027 460 3160 514 ὅπου
3207 460 3407 535 δήποτε
3447 459 3516 515 ἂν
3561 452 3700 517 ὦσι·
3742 463 3919 535 Χάρις

2344 538 2491 608 ὖμῖν
2522 541 2620 595 καὶ
2645 543 2855 612 εἰρήνη
2891 544 3012 600 ἀπὸ
3047 544 3196 599 Θεοῦ
3225 533 3459 612 Πατρός
3480 544 3654 614 ἡμῶν
3673 547 3775 602 καὶ
3798 533 3916 604 ιζνᾲ

2343 624 2478 689 ρίου
2501 623 2707 690 Ἰησοῦ
2731 627 3009 695 Χριστοῦ.
3041 629 3113 680 Ἢ
3135 621 3279 681 οὕτω
3311 627 3496 692 πάλιν,
3531 628 3560 681 6
3591 629 3685 683 καὶ
3722 632 3923 700 μᾶλλον

2343 705 2585 777 ἠγοῦμαι
2614 707 2977 778 ἀληθέστερον
3015 705 3191 763 εἶναι·
3232 709 3444 772 Παῦλος
3491 712 3584 764 καὶ
3637 712 3921 785 Σωσθένης

2343 790 2456 850 τοῖς
2509 792 2567 844 ἐν
2610 792 2861 864 Κορίνθῳ
2912 793 3286 865 ἡγιασμένοις,
3334 793 3553 860 κλητοῖς
3598 794 3775 862 ἁγίοις
3821 798 3919 850 σῦν

2346 876 2479 926 πᾶσι
2500 876 2613 938 τοῖς
2637 876 3086 946 ἐπικαλουμένοις
3114 876 3175 929 τὸ
3206 877 3376 946 ὄνομα
3402 876 3498 930 τοῦ
3529 878 3733 948 Κυρίου
3764 879 3921 948 ήμῶν

2357 956 2531 1026 Ἰησοῦ
2564 959 2800 1029 Χριστοῦ
2835 960 2894 1011 ἐν
2938 961 3100 1012 παντὶ
3128 961 3280 1028 τόπῳ
3316 957 3499 1011 αὐτῶν
3531 976 3590 1012 τε
3616 961 3705 1013 καὶ
3738 961 3915 1030 ἡμῶν.

2345 1039 2628 1108 Τουτέστι,
2663 1043 2837 1113 Χάρις
2877 1044 3007 1113 ὑμῖν
3054 1044 3149 1096 καὶ
3193 1044 3383 1113 εἰρήνη
3411 1043 3541 1112 ὑμῖν
3582 1045 3701 1105 τοῖς
3725 1045 3919 1096 ἐν·Κο-

2343 1122 2510 1195 ρίνθῳ
2541 1126 2917 1196 ἡγιασμένοις,
2953 1128 3047 1181 καὶ
3087 1127 3308 1196 κλητοῖς
3339 1126 3655 1196 γενομένοις
3674 1143 3688 1158 ·
3720 1127 3781 1180 οὐ
3818 1127 3918 1197 μό-

2341 1221 2474 1271 νοις,
2525 1207 2663 1261 ἀλλά
2713 1209 2851 1278 μετὰ
2877 1210 3098 1264 πάντων
3129 1210 3238 1261 τῶν
3272 1210 3331 1261 ἐν
3353 1209 3517 1262 παντὶ
3538 1209 3689 1279 τόπῳ
3721 1211 3920 1262 ἐπικα-

2341 1285 2432 1339 λου
2442 1288 2620 1357 μένων
2639 1291 2700 1342 τὸ
2724 1291 2893 1360 ὄνομα
2916 1289 3011 1343 τοῦ
3043 1291 3253 1361 Κυρίου
3285 1290 3445 1361 ἡμῶν
3480 1290 3656 1361 Ἰησοῦ
3679 1289 3923 1361 Χριστοῦ

2341 1371 2436 1422 καὶ
2486 1371 2688 1425 αὐτῶν.
2743 1372 2808 1426 Εἰ
2852 1373 2908 1426 δέ
2954 1373 3063 1426 ἀπὸ
3091 1374 3378 1444 χάριτοςή
3432 1373 3648 1444 εἰρήνη,
3676 1372 3732 1424 τί
3775 1372 3921 1442 μέγα

2342 1457 2581 1524 φρονεῖς,
2617 1458 2672 1509 τί
2704 1457 2845 1527 μέγα
2880 1460 3078 1528 φυσᾷς.
3111 1456 3295 1527 χάριτι
3331 1456 3524 1518 σωθείς
3552 1473 3567 1520 ;
3602 1457 3650 1509 εἰ
3680 1455 3734 1508 δὲ
3763 1457 3922 1527 εἰρή-

2341 1553 2444 1608 νην
2467 1536 2612 1607 ἔχεις
2650 1539 2788 1608 πρὸς
2819 1540 2909 1592 τὸν
2937 1539 3089 1602 Θεὸν,
3124 1540 3178 1592 τί
3207 1540 3416 1609 ἑτέροις
3447 1537 3675 1590 σεαυτὸν
3700 1539 3924 1607 προσνέο

2343 1636 2466 1688 μεις
2489 1621 2537 1684 ι›;
2554 1621 2712 1674 τοῦτο
2737 1622 2846 1691 γὰρ
2876 1620 3280 1683 διαστασιάζειν
3296 1623 3434 1674 ἐστί.
3459 1621 3523 1673 Τί
3551 1620 3680 1690 γὰρ.
3705 1621 3754 1672 εἰ
3780 1620 3928 1690 πρὸς

2341 1701 2487 1754 τόνδε
2525 1704 2835 1773 εἰρηνεύετε
2867 1706 2961 1756 καὶ
3015 1707 3153 1773 πρὸς
3194 1705 3366 1768 τόνδε,
3417 1705 3509 1757 καὶ
3545 1705 3706 1771 χάριν
3729 1702 3917 1770 ἐχετες

2354 1784 2495 1850 Ἐγὼ
2527 1785 2582 1836 δέ
2616 1786 2724 1837 ἀπὸ
2771 1785 2868 1838 τοῦ
2918 1785 3053 1838 Θεοῦ
3100 1785 3236 1838 αἰτῶ
3269 1785 3443 1838 ταῦτα
3474 1787 3600 1853 ὑμῖν
3631 1785 3922 1853 ἀμφότερα

2340 1867 2616 1934 γενέσθαι,
2646 1869 2740 1920 καὶ
2767 1869 2862 1921 ἀπ’
2912 1869 3078 1922 αὑτοῦ
3110 1870 3201 1921 καὶ
3236 1869 3372 1940 πρὸς
3412 1867 3593 1922 αὐτόν.
3635 1866 3773 1920 Οὔτε
3806 1867 3921 1935 γὰρ

2342 1947 2536 2016 βεϐαία
2564 1950 2715 2019 μένει
2753 1963 2799 2014 ο,
2831 1951 2899 2005 ἀν
2928 1951 3002 2022 μὴ
3032 1951 3133 2022 τῆς
3164 1951 3370 2005 ἀνωθεν
3397 1949 3682 2023 ἀπολαύσῃ
3719 1950 3919 2020 ῥοπῆς*

2339 2028 2488 2090 οὔτε.
2536 2032 2632 2084 ἐὰν
2679 2033 2753 2102 μὴ
2807 2035 2944 2104 πρὸς
2975 2035 3139 2087 αὐτὸν
3184 2034 3242 2106 ῃ,
3292 2033 3447 2087 ἔσται
3484 2051 3537 2087 τι
3567 2033 3732 2085 πλέον
3761 2033 3916 2102 ὑμῖν.

2340 2113 2508 2166 Οὐδὲν
2532 2115 2858 2186 γάρεδφελος
2890 2118 3042 2187 ἡμίν,
3075 2116 3178 2170 κᾶν
3202 2117 3337 2186 πρὸς
3363 2117 3572 2180 πάντας
3601 2111 3752 2186 ὦμεν
3774 2117 3921 2185 εἰρη-

2339 2198 2496 2261 νικοί,
2546 2199 2686 2269 πρὸς
2721 2193 2779 2252 δὲ
2827 2199 2917 2252 τὸν
2953 2201 3086 2254 Θεὸν
3132 2199 3682 2270 ἐκπεπολεμωμένοι·
3724 2196 3921 2262 ῶσπερ

2336 2279 2488 2332 οὐδὲν
2521 2280 2716 2351 βλάϐος
2749 2284 2900 2354 ἡμῖν,
2949 2283 3055 2336 κάν
3087 2285 3238 2354 παρὰ
3271 2283 3491 2336 πάντων
3521 2280 3917 2351 πολεμῶμεθα,

2335 2364 2414 2432 τῷ
2449 2365 2506 2416 δὲ
2543 2365 2662 2434 Θεῷ
2701 2366 3106 2437 εἰρηνεύωμεν·
3143 2369 3236 2420 καὶ
3287 2366 3450 2420 πάλιν
3499 2365 3651 2417 οὐδὲν
3696 2364 3913 2430 ὁφελος,

2337 2447 2442 2499 κᾶν
2483 2449 2631 2515 παρά
2681 2451 2847 2500 πᾶσιν
2877 2448 3276 2517 εὑδοκιμῶμεν,
3307 2448 3384 2516 τῷ
3413 2447 3470 2498 δὲ
3520 2446 3708 2514 Κυρίῳ
3744 2461 3910 2513 προσ-

2334 2528 2653 2598 κρούωμεν’
2685 2529 2874 2601 ὥσπερ
2902 2531 3077 2594 οὐδεὶς
3111 2531 3379 2592 κίνδυνος,
3409 2528 3509 2583 κᾶν
3536 2529 3738 2589 πάντες
3762 2529 3922 2597 ἡμᾶς

2333 2613 2788 2683 ἀποστρέφωνται
2830 2615 2925 2667 καὶ
2979 2615 3233 2683 μισῶσιν.
3263 2617 3293 2668 6
3323 2614 3380 2666 δὲ
3417 2613 3550 2675 Θεὸς
3579 2611 3922 2680 ἀποδέχηται

2334 2697 2430 2749 καὶ
2485 2697 2634 2768 φιλῇ.
2679 2699 2742 2750 Ἡ
2794 2699 2906 2768 γὰρ
2942 2698 3112 2762 ὅντως
3169 2699 3418 2770 χάρις,ή
3473 2698 3641 2760 ὅντως
3694 2698 3914 2767 εἰρήνη,

2334 2781 2487 2850 παρά
2508 2780 2604 2834 τοῦ
2635 2781 2793 2834 Θεοῦ.
2828 2782 2886 2835 '0
2913 2781 3014 2851 μὲν
3037 2782 3148 2850 γὰρ
3172 2783 3272 2851 τὴν
3299 2783 3450 2852 παρά
3486 2780 3564 2850 τῷ
3592 2779 3712 2849 Θεῷ
3751 2780 3916 2849 χάριν

2335 2863 2493 2931 έχων,
2545 2865 2735 2915 οὐδένα
2788 2864 3014 2926 δέδοικε,
3049 2865 3152 2915 κᾶν
3191 2864 3362 2942 μυρία
3393 2865 3575 2932 πάσχῃ
3626 2863 3774 2914 δεινά
3800 2881 3810 2892 ·
3850 2865 3916 2914 οὐ

2334 2948 2479 3013 λέγω
2510 2946 2817 3015 ἄνθρωπον,
2861 2945 2975 2998 ἀλλ’
3004 2947 3124 2999 οὐδὲ
3153 2946 3314 3021 αῦτὺγ
3345 2945 3444 2998 16v
3462 2945 3705 2998 διάϐολον
3728 2961 3739 2974 ο
3799 2946 3825 2996 ὁ
3856 2946 3918 2996 δὲ

2335 3028 2510 3097 τούτῳ
2564 3028 3046 3098 προσκεκρουκὼς,
3102 3030 3312 3091 πάντας
3351 3026 3670 3089 ὑποπτεύει,
3720 3026 3821 3078 κᾶν
3854 3029 3917 3076 ἐν

2335 3110 2604 3181 ἀσφαλείᾳ
2638 3106 2777 3165 εἶναι
2832 3111 2984 3181 δοκῇ.
3021 3112 3288 3165 Ἀστατον
3325 3111 3433 3182 γὰρ
3461 3110 3522 3162 τὺ
3563 3109 3671 3163 τῶν
3696 3110 3918 3177 ἀνθρὼ-

2337 3213 2454 3248 πων
2481 3195 2656 3262 γένος,
2688 3194 2783 3247 καὶ
2810 3194 2876 3246 ού·
2901 3194 3043 3262 φίλοι
3076 3194 3235 3263 μόνον
3267 3194 3361 3246 καὶ
3394 3193 3632 3261 ἀδελφοὶ,
3665 3193 3779 3246 ἀλλ’
3810 3193 3920 3263 ἤδη

2337 3280 2430 3331 καὶ
2464 3277 2700 3347 πατέρες
2741 3276 3224 3346 μεταϐαλλόμενοι,
3279 3276 3538 3340 πολλάκις
3567 3276 3676 3329 ἀπὸ
3709 3279 3920 3344 πικρᾶς

2336 3360 2517 3423 αἰτίας
2541 3361 2751 3423 τοῦτον,
2783 3361 2844 3414 6v
2891 3360 3211 3428 ἐγέννησαν,
3251 3359 3310 3413 6v
3327 3359 3662 3427 ἐφύτευσαν,
3691 3359 3921 3412 πάντων

2337 3444 2614 3514 πολεμίων
2646 3443 2846 3514 μᾶλλον
2877 3442 3085 3515 ἡλασαν
3107 3459 3124 3471 ’
3155 3444 3250 3496 καὶ
3280 3444 3468 3507 παῖδες
3525 3443 3771 3513 πατέρας
3823 3441 3920 3507 ἐξ-

2337 3528 2550 3581 έϐαλον.
2588 3526 2790 3579 Σκόπει
2823 3526 2903 3580 δέ.

2410 3613 2476 3682 β’.
2508 3606 2636 3679 Εἶχε
2666 3612 2825 3681 χάριν
2849 3611 2880 3663 ὁ
2911 3609 3078 3664 Δαυῒδ
3101 3609 3252 3682 παρὰ
3269 3610 3346 3681 τῷ
3369 3609 3486 3680 Θεῷ
3511 3627 3525 3641 ο
3563 3605 3674 3680 εἷχε
3707 3610 3866 3681 χάριν
3888 3612 3922 3663 ὁ

2350 3693 2672 3764 Ἀσεσαλὼμ
2714 3693 2866 3766 παρά
2913 3697 3026 3759 τοῖς
3072 3693 3414 3764 ἀνθρὼποις’
3463 3689 3574 3747 οἷον
3621 3689 3714 3747 οὖν
3759 3693 3923 3756 τέλος

2337 3777 2596 3848 ἑκάτερος
2641 3765 2806 3848 ἔσχε,
2844 3777 2940 3829 καὶ
2988 3777 3074 3841 τίς
3116 3777 3456 3847 ηὐδοκίμησε
3513 3765 3734 3844 μᾶλλον,
3773 3776 3916 3831 ῖστε.

2337 3857 2464 3930 Εῐχε
2506 3861 2666 3930 χάριν
2715 3863 2744 3913 6
2794 3859 3044 3929 ’Δϐραάμ
3075 3860 3227 3929 παρὰ
3280 3859 3357 3927 τῷ
3403 3857 3543 3927 Θεῷ,
3575 3860 3602 3910 ὁ
3629 3858 3688 3910 δὲ
3713 3858 3922 3928 Φαραὼ

2338 3942 2492 4014 παρά
2516 3945 2628 4003 τοῖς
2658 3940 3003 4008 ἀνθρὼποις’
3061 3939 3410 4010 χαριζόμενοι
3462 3945 3570 4010 γὰρ
3612 3941 3780 4011 αὐτῷ,
3814 3941 3920 4010 τὴν

2336 4027 2573 4092 γυναῖκα
2599 4022 2692 4074 τοῦ
2721 4022 2936 4075 δικαίου
2973 4022 3316 4093 προῦδωκαν.
3347 4023 3442 4085 Τίς
3475 4019 3565 4077 οὖν
3599 4022 3921 4093 λαμπρότε-

2340 4125 2435 4177 ρος
2462 4108 2652 4174 γέγονε
2675 4106 2767 4159 καὶ
2817 4106 3105 4177 μακάριος,
3155 4107 3319 4160 παντί
3371 4124 3473 4160 που
3513 4102 3693 4177 δῆλον.
3721 4108 3833 4160 Καὶ
3860 4111 3920 4161 τί

2339 4190 2482 4254 λέγω
2516 4189 2645 4260 περὶ
2667 4189 2926 4257 δικαίωνς
2960 4187 3119 4261 Εἶχον
3137 4191 3300 4262 χάριν
3317 4193 3367 4244 οἰ
3404 4191 3730 4261 Ἰσραηλῖται
3758 4190 3918 4260 παρὰ

2339 4275 2416 4343 τῷ
2454 4274 2593 4344 Θεῷ,
2625 4274 2913 4344 ἐμισοῦντο
2945 4275 3002 4329 δέ
3052 4275 3204 4346 παρά
3243 4274 3548 4346 ἀνθρώπων
3588 4276 3695 4326 τῶν
3740 4276 3920 4342 Αίγυο

2340 4359 2540 4412 πτίων*
2575 4358 2690 4412 ἀλλ’
2724 4359 2875 4428 ὅμως
2900 4359 3009 4412 τῶν
3055 4359 3358 4428 μισούντων
3387 4360 3781 4430 περιεγένοντο,
3813 4360 3920 4411 καὶ

2339 4441 2673 4512 ἐκράτησαν,
2730 4441 2850 4512 μεθ’
2900 4442 3032 4508 ὅσης
3076 4443 3316 4503 ἅπαντες
3362 4441 3476 4493 ἴστε
3525 4442 3916 4512 περιφανείας.

2339 4524 2509 4578 Τοῦτο
2557 4525 2738 4577 τοίνυν
2766 4523 3161 4592 σπουδάζωμεν
3209 4523 3448 4587 ἅπαντες
3468 4537 3482 4553 ⁸
3529 4522 3628 4575 κᾶν
3658 4523 3843 4585 δοῦλος

2337 4624 2440 4672 τις,
2473 4608 2630 4661 τοῦτο
2657 4606 2921 4678 εὐχέσθω,
2953 4606 3059 4678 πρὸ
3091 4605 3185 4658 τοῦ
3225 4604 3486 4658 δεσπότου
3515 4605 3665 4676 παρά
3689 4605 3766 4675 τῷ
3790 4607 3917 4678 Θεῷ

2337 4692 2499 4762 χάριν
2528 4692 2710 4762 εὑρεῖν
2732 4702 2745 4714 ·
2801 4687 2883 4760 [6]
2931 4688 3034 4742 κᾶν
3077 4692 3212 4759 γυνή
3241 4706 3327 4752 τις
3369 4683 3426 4762 ᾖ,
3456 4688 3561 4759 πρὸ
3594 4689 3687 4742 τοῦ
3719 4688 3920 4760 ἀνδρὸς

2338 4774 2492 4845 παρά
2523 4775 2618 4827 τοῦ
2655 4771 2910 4842 Σωτῆρος
2934 4771 3069 4839 Θεοῦ
3095 4772 3327 4841 ζητείτω
3361 4772 3520 4842 χάριν
3545 4789 3558 4802 ·
3607 4774 3710 4826 κᾶν
3745 4787 3914 4841 c191-

2336 4858 2539 4929 τιώτης
2583 4854 2639 4932 ᾖ,
2676 4854 2783 4926 πρὸ
2815 4855 2908 4908 τοῦ
2949 4855 3212 4925 βασιλέως
3241 4856 3334 4909 καὶ
3374 4857 3478 4927 πρὸ
3506 4855 3601 4908 τοῦ
3649 4856 3921 4925 ἄρχοντος

2335 4944 2436 5013 τὴν
2477 4942 2681 4996 ἄνωθεν
2730 4936 2940 4992 εὔνοιαν
2981 4939 3213 5011 ζητείτω
3294 4937 3436 4992 οὕτω
3483 4943 3591 5011 γὰρ
3639 4941 3731 4992 καὶ
3759 4941 3914 5013 παρά

2337 5025 2643 5095 ἀνθρώποις
2675 5022 2974 5092 ἐπέραστος
3003 5021 3124 5095 ἔσῃ.
3175 5021 3297 5084 Πῶς
3336 5022 3378 5072 δ’
3413 5022 3476 5073 ἄν
3516 5039 3596 5083 τις
3628 5021 3776 5092 εὖροι
3810 5024 3915 5091 χά-

2337 5126 2424 5177 ριν
2459 5105 2611 5177 παρὰ
2635 5104 2712 5175 τῷ
2737 5104 2884 5174 Θεῷ;
2917 5105 3042 5168 Πῶς
3066 5106 3124 5158 δὲ
3145 5104 3368 5172 ἑτέρως,
3394 5104 3442 5154 εἰ
3479 5103 3553 5174 μὴ
3589 5106 3698 5156 ἀπὸ
3723 5122 3915 5158 ταπειο

2336 5190 2711 5261 νοφροσύνης;
2771 5188 2833 5240 '0
2888 5188 3034 5254 Θεὸς
3078 5190 3212 5256 γὰρ,
3267 5185 3453 5255 φησὶν,
3498 5189 3915 5255 ὑπερηφάνοις

2335 5271 2781 5331 ἀντιτάσσεται,
2825 5270 3126 5334 ταπεινοῖς
3167 5267 3234 5320 δὲ
3271 5266 3479 5321 δίδωσι
3538 5269 3734 5338 χάριν·
3787 5269 3917 5334 καὶ,

2338 5357 2532 5411 Θυσία
2552 5353 2634 5419 τῷ
2656 5351 2778 5417 Θεῷ
2798 5353 3041 5423 πνεῦμα
3064 5353 3589 5422 συντετριμμένον.
3621 5354 3719 5406 καί
3748 5371 3914 5408 τετα-

2335 5438 2708 5508 πεινωμένην
2738 5438 2988 5506 καρδίαν
3009 5439 3042 5490 ὁ
3072 5437 3213 5502 Θεὸς
3239 5439 3352 5490 οὐκ
3391 5436 3807 5500 ἐξουδενώσει.
3847 5438 3917 5492 EE

2334 5523 2443 5592 γὰρ
2482 5520 2632 5590 παρὰ
2679 5519 2986 5590 ἀνθρώποις
3035 5518 3176 5570 οὕτω
3228 5519 3473 5577 ποθεινὸν
3522 5518 3584 5571 τὸ
3627 5520 3916 5586 ταπεινὸν,

2336 5603 2517 5675 πολλῷ
2545 5602 2746 5673 μᾶλλον
2768 5602 2920 5674 παρὰ
2945 5601 3084 5672 Θεῷ.
3120 5601 3282 5656 Οὕτω
3307 5604 3402 5656 καὶ
3430 5603 3478 5655 οἰ
3505 5601 3566 5667 ἐξ
3595 5603 3764 5656 ἐθνῶν
3813 5605 3912 5674 χά-

2339 5708 2426 5761 ριν
2459 5685 2640 5757 εῦρον,
2672 5686 2814 5741 οὕτω
2843 5687 2936 5740 καὶ
2971 5689 3018 5740 οἰ
3056 5686 3296 5741 Ἰουδαῖοι
3341 5687 3439 5756 τῆς
3472 5687 3693 5757 χάριτος
3721 5689 3906 5753 ἐξέπε-

2339 5789 2449 5826 σον’
2491 5770 2573 5838 Τῇ
2612 5771 2720 5840 γὰρ
2751 5770 3104 5836 δικαιοσύνῃ
3141 5769 3246 5823 τοῦ
3282 5769 3431 5823 Θεοῦ
3467 5771 3579 5837 οὐχ
3609 5771 3901 5839 ὑπετάγη-

2398 5880 2426 5919 δ
2452 5879 2732 5941 [οερίκιιυτ
2773 5877 3071 5939 προσνέμοις.
3179 5879 3199 5904 τ
3223 5873 3436 5925 Savil‘ius
3484 5876 3752 5940 legendum
3777 5885 3899 5938 puta

2267 6005 2272 6010 γ
2341 5944 2484 6001 μένοι.
