4096 6326
305 262 367 320 ‘3
1371 281 1437 338 in
1478 282 1694 341 EPIST.
1733 284 1774 338 ι.
1814 285 1850 338 Α

1955 284 2101 341 COR.
2142 285 2370 345 Βοιιιι.
2411 288 2453 343 Ι.
3509 301 3573 357 Η

314 400 365 457 id
384 399 528 473 quod
555 399 723 458 didici
742 440 760 467 ,
789 414 965 472 neque
985 414 1051 456 ex
1080 412 1197 455 mea
1224 398 1485 469 sapientia
1514 398 1842 469 apprehendi
1868 440 1884 465 ,

312 495 411 549 sed
426 509 543 549 cuni
566 491 871 549 Emlesiam
896 505 1248 564 persequerer
1270 500 1327 546 et
1350 490 1708 556 devastaretn,
1730 505 1890 545 voca-

310 593 400 638 tus
420 599 559 640 sum.
583 583 686 640 Hic
711 594 892 641 autem
914 593 1082 639 totum
1114 582 1354 639 vocantis
1374 592 1478 648 est,
1509 581 1684 637 vocati
1711 580 1845 635 nihil
1869 621 1884 645 ,

309 690 367 733 ut
386 676 463 735 ita
486 676 684 745 dicam,
712 676 814 734 nisi
838 676 981 749 quod
1001 675 1238 732 obediat.
1261 672 1451 730 Christi
1469 673 1613 728 Iesu.
1636 672 1885 744 Magister

304 776 487 824 vester
512 767 760 824 Christus
786 778 869 824 est
896 786 911 820 :
940 778 997 823 et
1032 780 1127 820 vos
1170 763 1460 820 inscribitis
1503 762 1760 817 homines
1785 761 1884 815 do-

302 869 496 915 omne
518 859 829 932 prafectos?
851 857 955 914 Per
972 860 1277 913 uoluntatem
1294 854 1409 910 Dei.
1446 854 1585 909 Deus
1611 853 1752 909 enim
1783 852 1887 907 hoc

300 951 476 1006 voluit
502 960 563 1007 ut
574 965 669 1011 vos
688 952 771 1009 sic
788 950 921 1005 salvi
937 949 1150 1005 essetis.
1166 946 1275 1002 Nos
1299 947 1444 1002 enim
1477 944 1606 998 nihil
1626 944 1883 1013 praeclare

300 1044 540 1115 egimus,
564 1042 661 1099 sed
683 1057 783 1114 per
808 1045 1138 1099 voluntatem
1165 1034 1259 1092 Dei
1284 1040 1508 1092 salutem
1542 1036 1879 1098 invenimus;

296 1144 357 1190 ει
382 1134 506 1206 quia
527 1133 583 1190 id
606 1134 706 1206 ipsi
733 1132 957 1205 placuit,
983 1130 1156 1187 vocati
1181 1144 1368 1184 sumus
1390 1168 1406 1192 ,
1436 1140 1540 1181 non
1571 1125 1712 1195 quod
1734 1125 1878 1194 digiti

368 1316 531 1372 Pauli
553 1318 822 1371 modestia.
848 1346 921 1359 —
942 1312 1009 1369 Et
1038 1310 1309 1369 Sosthenes
1324 1310 1505 1377 frater.
1528 1308 1734 1362 Rursus
1765 1322 1879 1359 mo—

292 1406 448 1465 deste
462 1409 593 1480 agit,
613 1408 873 1464 minorem
899 1406 951 1460 in
978 1403 1164 1459 eodem
1191 1415 1372 1456 secum
1395 1400 1585 1454 ordine
1625 1413 1827 1467 ponens
1855 1413 1868 1448 :

288 1514 419 1555 nam
446 1498 670 1554 multum
700 1497 857 1566 spatii
880 1504 995 1551 erat
1019 1494 1237 1549 Paulum
1280 1491 1421 1546 inter
1447 1498 1503 1545 et
1526 1488 1869 1545 Susthenem.

286 1587 446 1656 Quod
472 1587 517 1643 si
545 1601 666 1642 cum
696 1593 902 1640 tantum
945 1584 1231 1638 interesset
1272 1580 1616 1646 discriminis,
1654 1577 1868 1632 inferio-

282 1692 405 1733 rem
445 1676 545 1732 sibi
575 1674 837 1747 adjunxit,
857 1674 985 1746 quid
1025 1674 1208 1730 dicere
1251 1672 1457 1744 possint
1491 1671 1599 1737 illi,
1632 1670 1722 1741 qui
1769 1670 1867 1723 ho-

280 1783 421 1824 nore
434 1767 536 1823 sibi
554 1783 711 1839 pares
725 1767 1055 1838 despiciunt?
1072 1765 1314 1823 Ecclesia:
1332 1765 1447 1831 Dei.
1465 1764 1583 1820 Non
1600 1764 1756 1833 hujus
1776 1772 1869 1818 aut

278 1859 450 1926 illius,
476 1860 571 1915 sed
614 1858 726 1913 Dei.
760 1861 889 1924 Qua
924 1867 998 1912 est
1026 1857 1274 1913 Corinthi.
1306 1857 1489 1913 Viden’
1511 1856 1783 1927 quomodo
1814 1856 1865 1910 in

274 1949 852 2021 singulisdictionibus
875 1949 1091 2005 illorum
1108 1949 1301 2004 fastum
1319 1948 1553 2016 dejiciat,
1574 1962 1671 2017 per
1686 1948 1863 2001 omnia

274 2050 513 2096 mentem
540 2040 673 2096 etclo
701 2040 1085 2097 assuefaciens.
1123 2039 1416 2095 Ecclesium
1446 2049 1623 2093 autem
1652 2038 1743 2093 Dei
1770 2054 1862 2090 vo-

269 2144 385 2200 cat,
415 2134 703 2189 ostendens
718 2148 838 2189 eam
868 2141 1119 2203 oportere
1136 2147 1256 2187 esse
1284 2130 1581 2185 unit:im.Si
1598 2129 1739 2184 enim
1766 2130 1855 2183 Dei

268 2233 379 2291 est,
408 2224 553 2278 unita
582 2232 637 2279 et
668 2238 774 2278 una
800 2232 903 2288 est,
928 2238 1035 2277 non
1057 2220 1302 2277 Corinthi
1329 2220 1502 2275 solum
1526 2261 1541 2285 ,
1573 2218 1667 2273 sed
1696 2218 1856 2273 etiam

270 2315 328 2369 in
359 2325 471 2373 toto
495 2315 648 2371 orbe.
673 2314 935 2370 Ecclesiae
959 2313 1158 2383 quippe
1196 2326 1392 2366 nomen
1424 2327 1530 2366 non
1557 2310 1856 2379 separatio-

265 2407 358 2463 nis
379 2448 396 2472 ,
427 2406 521 2462 sed
568 2405 781 2460 unionis
808 2416 863 2461 et
892 2403 1193 2459 concordiae
1237 2418 1431 2457 nomen
1478 2411 1581 2455 est.
1613 2400 1856 2468 Sanctiﬁ-

262 2502 396 2553 catis
416 2498 470 2552 in
490 2498 687 2552 Christo
705 2495 855 2550 Iesu.
879 2496 1083 2551 Rursus
1114 2510 1307 2549 nomen
1336 2494 1485 2559 Jesu,
1513 2502 1567 2547 et
1596 2507 1853 2561 nusquam

261 2588 544 2643 hominum
574 2601 769 2641 nomen
802 2587 971 2655 ponit.
996 2585 1133 2651 Quid
1163 2595 1242 2639 est
1272 2594 1451 2637 autem
1480 2582 1853 2637 sanctiﬁcatio?

259 2680 565 2737 Lavacrum
590 2719 605 2745 ,
638 2678 905 2750 purgatio.
938 2678 995 2732 In
1026 2676 1339 2730 memoriam
1378 2674 1520 2727 enim
1552 2675 1656 2727 illis
1697 2689 1851 2727 revo-

258 2781 355 2828 cat
380 2770 771 2826 immunditiam
819 2784 972 2824 suam
997 2809 1014 2833 ,
1043 2782 1073 2821 a
1100 2783 1201 2838 qua
1235 2766 1480 2821 liberavit
1503 2780 1617 2832 eos,
1644 2777 1698 2819 et
1722 2781 1849 2819 sua-

255 2862 356 2918 det
378 2873 434 2917 ut
458 2861 732 2917 humiliter
752 2860 989 2917 sentiant
1014 2877 1028 2912 :
1061 2873 1165 2913 non
1188 2857 1330 2912 enim
1358 2872 1422 2912 ex
1447 2858 1716 2926 praeclaris
1737 2857 1849 2910 suis

254 2955 462 3024 gestis,
493 2952 591 3007 sed
619 2969 685 3007 ex
715 2951 814 3007 Dei
857 2951 1146 3006 clementia
1186 2949 1506 3005 sanctiﬁcati
1555 2960 1699 3002 sunt.
1743 2947 1846 3001 Yo-

252 3046 388 3100 catis
416 3045 622 3109 metis.
657 3042 869 3099 Etenim
896 3043 1000 3097 hoc
1024 3042 1218 3111 ipsum,
1247 3038 1454 3110 inquit,
1484 3054 1548 3092 ex
1577 3038 1679 3092 ﬁde
1703 3038 1846 3092 salu-

252 3145 369 3191 tem
399 3134 680 3205 consequi,
710 3148 817 3189 non
844 3149 909 3189 ex
936 3133 1087 3187 vobis
1116 3139 1201 3186 est
1228 3146 1241 3182 :
1274 3146 1379 3183 non
1409 3129 1551 3184 enim
1583 3130 1736 3197 primi
1763 3114 1844 3182 ac-

250 3226 526 3292 cessistis,
550 3223 646 3279 sed
665 3224 838 3279 vocati
859 3223 1011 3278 estis.
1034 3220 1216 3290 Itaque
1240 3234 1413 3288 neque
1436 3218 1563 3272 illud
1592 3218 1842 3287 exiguum

248 3331 281 3370 a
307 3315 467 3370 vobis
494 3323 664 3369 totum
689 3323 792 3368 est.
813 3312 1144 3381 Quamquam
1166 3308 1379 3364 etiamsi
1398 3306 1734 3361 accesseritis
1761 3311 1844 3360 ln-

251 3404 505 3462 numeris
551 3404 771 3461 obnoxii
820 3403 1010 3470 malis,
1042 3416 1218 3473 neque
1265 3400 1344 3455 sic
1368 3399 1521 3455 vobis
1545 3398 1714 3470 gratia
1744 3398 1840 3451 ha-

249 3499 435 3556 benda
465 3508 579 3566 est,
602 3498 698 3554 sed
727 3498 857 3553 Deo.

220 3658 225 3659 ί
325 3591 572 3645 Ecclesia:
601 3590 788 3644 unitas.
813 3588 1242 3659 —Quapr0pter
1284 3585 1352 3640 ad
1397 3584 1656 3654 Ephesios
1704 3584 1840 3639 scri-

247 3684 390 3740 bons
417 3681 629 3736 dicebat
651 3698 665 3737 :
689 3680 868 3736 Gratia
892 3681 1018 3735 salvi
1044 3680 1168 3750 [acti
1197 3680 1338 3744 estis,
1360 3695 1449 3747 per
1476 3678 1650 3746 ﬁdem,
1679 3680 1841 3731 ethoc

247 3790 359 3829 non
383 3790 447 3828 ex
465 3774 601 3828 vobis
637 3772 865 3846 (Ephes.
909 3771 967 3827 Ξ.
996 3771 1091 3845 8).
1132 3770 1317 3841 Neque
1342 3768 1491 3829 .ﬁdes
1526 3778 1701 3824 vestra
1728 3778 1837 3823 tota

247 3882 321 3923 ex
348 3865 502 3921 vobis
532 3883 546 3920 :
574 3880 749 3935 neque
771 3864 914 3920 enim
945 3879 1040 3919 vos
1064 3863 1333 3919 credendo
1359 3861 1713 3933 praevenistis.
1742 3862 1835 3916 sed

248 3958 429 4013 vocati
451 3957 730 4013 obedistis.
753 3957 881 4012 Cum
908 3957 1136 4011 omnibus
1156 3955 1501 4009 invocantibus
1533 3970 1712 4010 nomen
1740 3953 1836 4007 Do-

247 4049 379 4103 mini
408 4049 569 4101 nostri
587 4046 715 4102 Jesu
738 4046 945 4102 Christi.
966 4046 1084 4102 Non
1114 4047 1271 4116 hujus
1289 4057 1382 4100 aut
1401 4047 1568 4113 illius,
1594 4046 1689 4101 sed
1717 4046 1835 4101 No-

248 4158 367 4196 men
397 4140 624 4195 Domini.
651 4137 721 4192 In
741 4140 877 4192 omni
898 4140 1008 4193 loco
1032 4150 1080 4193 et
1100 4140 1325 4209 ipsorum
1346 4146 1390 4190 et
1411 4146 1601 4191 nostra.
1632 4137 1828 4191 Etiam-

248 4237 299 4291 si
328 4234 472 4291 enim
505 4233 674 4287 litera:
714 4230 783 4285 ad
809 4228 1119 4286 Corinthios
1148 4230 1322 4285 solum
1348 4228 1561 4298 scriptae
1604 4228 1707 4282 sint
1732 4245 1747 4293 ;
1778 4239 1833 4284 at

250 4339 442 4382 omnes
464 4324 523 4378 in
543 4322 798 4377 universa
824 4328 964 4375 terra
993 4321 1180 4377 ﬁdeles
1215 4328 1513 4384 memorat,
1542 4319 1832 4375 ostendens

250 4432 413 4473 unam
431 4430 551 4471 esse
566 4410 764 4469 debere
780 4414 830 4467 in
848 4413 979 4468 orbe
1001 4414 1319 4479 Ecclesium,
1342 4413 1470 4469 licet
1483 4412 1664 4467 multis
1681 4414 1731 4467 in
1754 4414 1832 4467 lo-

247 4509 330 4564 eis
346 4514 647 4577 separatam
664 4546 679 4570 ,
701 4503 971 4573 multoque
999 4506 1165 4575 magis
1182 4496 1448 4575 ezim’quae
1464 4514 1543 4560 est
1564 4504 1829 4563 Corinthi.

247 4598 403 4667 Quod
437 4600 483 4653 si
523 4598 671 4652 locus
710 4605 940 4665 separat,
986 4607 1039 4648 at
1081 4596 1338 4650 Dominus
1386 4596 1506 4649 illos
1534 4597 1830 4666 conjungit,

247 4690 555 4746 communis
579 4703 704 4744 cum
731 4687 800 4742 sit
824 4704 837 4740 :
868 4686 992 4741 ideo
1015 4685 1343 4757 conjungens
1385 4688 1504 4743 illos
1533 4688 1828 4756 subjunxit,
1876 4726 1879 4735 π

248 4780 319 4838 Et
349 4782 511 4837 nostri
533 4791 580 4836 et
617 4782 863 4853 ipsorum.
900 4778 996 4833 Est
1022 4787 1198 4832 autem
1230 4778 1333 4833 hoc
1372 4779 1465 4834 illo
1496 4781 1663 4850 magis
1709 4797 1830 4849 pro-

248 4875 448 4945 prium.
474 4871 627 4930 Sicut
653 4872 791 4928 enim
822 4871 892 4935 ii,
926 4870 1012 4941 qui
1042 4885 1146 4923 uno
1173 4870 1225 4922 in
1256 4870 1376 4924 loco
1401 4880 1544 4936 sunt,
1572 4888 1693 4925 cum
1716 4873 1831 4940 plu-

247 4968 422 5023 rimos
446 4965 643 5021 habent
670 4964 917 5020 dominos
940 4961 1257 5025 contrarios,
1292 4962 1443 5018 divisi
1476 4974 1598 5017 sunt
1623 4972 1674 5018 et
1700 4963 1831 5018 nihil

246 5057 317 5113 ad
348 5055 691 5113 concordiam
720 5071 751 5110 a
794 5057 913 5111 loco
940 5055 1206 5125 iuvantur,
1240 5052 1471 5107 dominis
1512 5056 1717 5107 diversa
1746 5054 1833 5123 ju-

249 5149 500 5205 bentibus
528 5155 584 5204 et
616 5147 684 5203 ad
709 5163 767 5203 se
793 5147 1126 5203 trahentibus
1154 5163 1168 5200 :
1200 5143 1320 5198 Non
1348 5148 1553 5215 potestis
1574 5148 1724 5209 enim,
1752 5147 1831 5199 ἰη-

248 5243 388 5313 quit,
413 5241 598 5297 servire
616 5237 727 5294 Deo
755 5247 801 5293 et
829 5238 1119 5309 mamonaz(
1154 5235 1421 5290 Μαιιὴωϐ.
1449 5238 1519 5291 24
1553 5237 1570 5307 )
1600 5256 1611 5291 :
1641 5237 1717 5290 sic
1739 5238 1829 5307 qui

249 5332 305 5388 in
332 5332 564 5387 diversis
592 5331 728 5387 locis
754 5338 898 5390 sunt,
951 5330 993 5384 si
1027 5345 1132 5384 non
1163 5328 1405 5383 diversos
1436 5328 1704 5383 habebant
1728 5328 1824 5383 do-

248 5423 447 5489 minos,
482 5423 580 5479 sed
611 5437 774 5478 unum
818 5428 1042 5484 tantum,
1076 5420 1207 5473 nihil
1239 5418 1305 5472 ad
1342 5419 1682 5472 concordiam
1715 5435 1829 5472 ser-

250 5512 475 5569 vandam
495 5529 528 5569 a
550 5514 685 5570 locis
710 5513 989 5574 larduntur,
1013 5526 1119 5565 uno
1143 5511 1359 5565 domino
1381 5508 1499 5563 illos
1522 5512 1825 5580 Ctipulattlc.

248 5604 361 5662 Non
391 5606 514 5663 dico
546 5606 729 5678 igitur,
754 5605 941 5676 inquit,
972 5617 1086 5666 vos,
1109 5600 1366 5657 Corinthii
1390 5615 1510 5655 cum
1542 5601 1679 5670 sitis,
1703 5618 1821 5656 cum

246 5697 538 5759 Corinthiis
580 5708 786 5756 tantum
826 5694 1119 5755 concordes
1148 5709 1268 5752 esse
1310 5693 1528 5763 debere,
1573 5695 1665 5751 sed
1699 5710 1819 5751 cum

2000 400 2245 456 omnibus
2268 403 2356 473 qui
2389 404 2440 457 in
2467 402 2597 461 orbe
2623 415 2745 460 sunt
2771 446 2786 472 ,
2818 422 2941 463 eum
2970 424 3306 469 communem
3334 412 3575 473 habeatis

1997 489 2303 549 Dominum.
2336 494 2459 550 Ideo
2495 498 2730 552 secundo
2767 499 2981 569 adjecit,
3014 499 3213 560 Nostri.
3256 506 3395 573 Quia
3428 508 3572 563 enim

1993 580 2147 648 dixit,
2181 583 2379 638 Nomen
2408 584 2616 640 Domini
2650 590 2808 643 nostri
2833 590 2954 644 Jesu
2977 590 3202 657 Christi;
3231 610 3297 649 ne
3318 597 3458 669 apud
3488 598 3571 654 iu-

1991 670 2248 742 sipientes
2281 689 2531 745 separare
2565 678 2853 742 videretur,
2894 696 3078 736 rursus
3121 682 3320 751 adjicit,
3363 685 3570 742 Domini

1990 765 2149 819 nostri
2167 776 2216 821 et
2241 767 2489 838 ipsorum.
2520 766 2594 824 Ἐι
2620 780 2675 824 ιιι
2712 772 2907 826 εἰετξιις
2931 774 3119 827 evadat
3161 776 3213 829 id
3240 777 3379 845 quod
3418 778 3564 843 dico,

1989 855 2069 908 sic
2098 855 2269 925 legam
2291 868 2355 912 .ut
2397 872 2587 914 sensus
2624 864 2852 930 postulat
2892 880 2905 915 :
2947 863 3141 919 Paulus
3181 873 3236 919 et
3273 865 3562 923 Sostbenes

1986 945 2240 1001 Ecclesia:
2272 949 2384 1010 Dei.
2415 966 2535 1020 qua:
2559 962 2642 1006 est
2668 953 2926 1020 Corinthi,
2960 965 3015 1011 et
3039 958 3286 1014 omnibus
3315 936 3567 1016 invocati-

1986 1036 2127 1090 tibus
2151 1053 2345 1093 nomen
2378 1039 2583 1097 Domini
2617 1046 2783 1097 nostri
2816 1054 2874 1099 et
2904 1045 3139 1114 ipsorum
3168 1049 3220 1101 in
3248 1051 3395 1104 omni
3421 1052 3561 1115 loco,

1982 1126 2094 1180 sive
2121 1127 2325 1197 Romae,
2365 1131 2475 1186 sive
2518 1132 2836 1205 ubicumque
2880 1136 3075 1192 fuerint
3102 1151 3117 1197 :
3149 1138 3326 1193 Gratia
3355 1144 3492 1196 nobis
3516 1154 3561 1196 et

1983 1232 2086 1285 pax
2108 1235 2140 1271 a
2166 1218 2276 1274 Deo
2310 1219 2467 1276 Patre
2504 1236 2675 1278 nostro
2708 1235 2754 1278 et
2790 1225 3008 1282 Domino
3036 1227 3162 1285 Iesu
3197 1230 3415 1298 Christo.
3463 1233 3556 1289 Vel

1979 1308 2057 1362 sic
2084 1324 2321 1378 rursum,
2349 1323 2407 1365 ut
2424 1315 2586 1369 etiam
2609 1317 2798 1370 melius
2825 1333 2945 1372 esse
2969 1320 3219 1377 existimo
3243 1342 3256 1377 :
3286 1322 3481 1379 Paulus
3504 1337 3557 1381 et

1976 1396 2271 1457 Sosthenes
2312 1404 2375 1459 iis
2410 1406 2497 1475 qui
2530 1406 2768 1463 Corinthi
2809 1419 2933 1465 sunt
2961 1414 3325 1483 sanctiﬁcatis,
3353 1420 3555 1475 vocatis

1974 1493 2174 1546 sanctis
2198 1510 2320 1547 cum
2338 1497 2587 1553 omnibus
2612 1503 2702 1569 qui
2731 1500 2977 1557 invocant
2996 1518 3192 1561 nomen
3221 1506 3429 1562 Domini
3456 1526 3553 1563 no-
3614 1492 3619 1497 ’

1972 1583 2067 1637 stri
2091 1584 2216 1640 Iesu
2246 1585 2447 1641 Christi
2490 1590 2541 1642 in
2572 1593 2716 1647 omni
2758 1592 2879 1647 loco
2905 1595 3142 1664 ipsorum
3182 1607 3237 1653 et
3274 1602 3462 1655 nostri.
3493 1600 3550 1658 ld

1970 1683 2073 1739 est,
2097 1674 2275 1739 Gratia
2304 1677 2456 1733 vobis
2484 1688 2537 1733 et
2564 1695 2664 1747 pax
2694 1683 2865 1747 vobis,
2893 1686 2980 1753 qui
3002 1686 3241 1741 Corinthi
3270 1689 3403 1744 estis
3429 1706 3552 1746 san-

1968 1765 2185 1821 ctiﬁcati
2210 1776 2263 1822 et
2288 1769 2495 1833 vocati;
2522 1786 2627 1825 non
2658 1773 2806 1839 solis,
2838 1774 2931 1829 sed
2959 1791 3079 1830 cum
3101 1778 3349 1833 omnibus
3373 1781 3462 1849 qui
3492 1782 3545 1835 in

1969 1857 2113 1911 omni
2141 1857 2260 1912 loco
2287 1859 2531 1914 invocant
2553 1877 2745 1918 nomen
2778 1864 2983 1919 Domini
3009 1869 3177 1922 nostri
3199 1868 3325 1924 Jesu
3348 1869 3545 1927 Christi

1967 1956 2021 2001 et
2042 1948 2298 2018 ipsorum.
2327 1948 2382 2004 Si
2410 1960 2588 2006 autem
2615 1968 2680 2008 ex
2703 1956 2871 2024 gratia
2910 1971 3011 2025 pax
3041 1968 3144 2023 est,
3172 1974 3268 2014 cur
3294 1975 3543 2030 magnum

1965 2040 2145 2108 Sapis?
2174 2056 2269 2096 cur
2298 2051 2499 2097 tantum
2528 2044 2751 2112 inﬂaris,
2783 2063 2903 2101 cuin
2927 2064 3023 2118 per
3049 2052 3272 2120 gratiam
3303 2065 3545 2109 servatus

1964 2131 2076 2183 sis?
2104 2131 2157 2185 Si
2185 2147 2313 2187 vero
2356 2148 2537 2202 pacem
2589 2136 2754 2191 habes
2794 2140 2932 2207 apud
2977 2141 3167 2207 Deum,
3211 2159 3308 2197 cur
3346 2154 3396 2199 te
3422 2148 3541 2200 aliis

1960 2222 2252 2279 adscribis?
2279 2225 2379 2279 hoc
2398 2228 2539 2281 enim
2572 2236 2656 2282 est
2680 2228 2957 2285 dissidere.
2982 2232 3117 2299 Quid
3146 2235 3311 2303 enim,
3342 2237 3387 2290 si
3416 2252 3537 2291 eum

1962 2311 2064 2368 hoc
2082 2324 2137 2368 et
2165 2329 2286 2369 cum
2320 2315 2410 2369 illo
2434 2319 2655 2387 gratiam
2683 2318 2930 2375 habetis?
2960 2322 3071 2393 Ego
3101 2336 3279 2379 autem
3314 2336 3457 2395 peto,
3483 2338 3540 2383 ut

1958 2419 1988 2458 a
2017 2405 2128 2460 Deo
2155 2407 2270 2461 haec
2292 2408 2443 2463 vobis
2471 2420 2693 2482 utraque
2724 2411 2871 2476 ﬁant,
2905 2424 2956 2467 et
2982 2413 3051 2467 ab
3074 2415 3167 2468 illo
3192 2425 3246 2470 et
3268 2416 3335 2471 ad
3364 2418 3534 2472 illum.

1958 2494 2140 2565 Neque
2181 2497 2323 2552 enim
2369 2497 2523 2553 ﬁrma
2566 2502 2893 2567 manserint,
2937 2503 3041 2557 nisi
3088 2520 3316 2572 superna
3366 2511 3534 2578 gratia

1956 2585 2199 2642 fruantur
2227 2607 2239 2641 :
2265 2604 2437 2659 neque
2460 2590 2505 2645 si
2531 2606 2637 2646 non
2663 2592 2768 2646 sint
2783 2592 2848 2647 ad
2866 2594 3059 2663 ipsum,
3080 2596 3229 2651 nobis
3244 2598 3532 2668 quidquam

1954 2680 2263 2747 proderunt,
2283 2684 2326 2735 si
2342 2697 2463 2738 cum
2484 2683 2730 2739 omnibus
2756 2701 2938 2755 pacem
2960 2686 3235 2751 habentes,
3273 2706 3397 2745 cum
3420 2691 3532 2746 Deo

1952 2769 2147 2824 bellum
2179 2772 2469 2829 habeamus
2490 2793 2503 2840 ;
2524 2785 2582 2830 ut
2606 2776 3056 2835 nihilnoeumenti
3079 2781 3231 2837 nobis
3252 2784 3375 2850 erit,
3398 2785 3443 2839 si
3462 2785 3531 2841 ab

1951 2863 2198 2917 omnibus
2224 2865 2611 2936 impugnemur,
2634 2876 2826 2923 etcum
2857 2871 2964 2924 Deo
2987 2887 3170 2941 pacem
3202 2874 3526 2934 habeamus:

1951 2968 2014 3008 ac
2045 2970 2256 3009 rursum
2286 2957 2428 3011 nulla
2466 2959 2667 3014 utilitas
2696 2960 2741 3015 si
2776 2960 2845 3015 ab
2879 2962 3127 3017 omnibus
3166 2964 3525 3032 celebremur,

1949 3056 2003 3100 et
2034 3045 2311 3101 Dominum
2342 3047 2706 3116 oﬂ‘endamus;
2734 3061 2790 3104 ut
2809 3053 2966 3106 etiam
2995 3053 3192 3108 nullum
3213 3056 3519 3124 periculum,

1948 3139 1991 3190 si
2019 3152 2204 3192 omnes
2222 3153 2317 3192 nos
2337 3149 2648 3194 aversentur
2664 3151 2718 3195 et
2737 3142 2859 3195 odio
2884 3144 3133 3209 habeant,
3160 3145 3404 3214 Densque
3425 3162 3522 3201 nos

1947 3229 2204 3297 approbet
2237 3239 2291 3284 et
2327 3229 2546 3301 diligat:
2578 3245 2701 3284 vera
2740 3232 2881 3286 enim
2913 3233 3077 3300 gratia
3113 3243 3166 3287 et
3196 3248 3317 3287 vera
3358 3250 3458 3303 pax
3493 3252 3521 3287 a

1947 3317 2057 3372 Deo
2076 3327 2176 3372 est.
2203 3318 2335 3374 Nam
2363 3321 2450 3389 qui
2470 3320 2693 3390 gratiam
2716 3336 2833 3389 qua:
2854 3338 2881 3373 a
2912 3321 3020 3375 Deo
3048 3332 3129 3376 est
3151 3321 3327 3386 habet,
3354 3323 3522 3377 nemi-

1946 3424 2068 3463 nem
2089 3412 2256 3478 timet,
2280 3412 2487 3465 etiamsi
2508 3412 2780 3482 innumera
2797 3415 2976 3482 gravia
3002 3415 3261 3483 patiatur;
3282 3430 3379 3471 nec
3396 3411 3518 3471 dico

1945 3498 2238 3566 hominem,
2267 3501 2360 3555 sed
2386 3515 2557 3570 neque
2577 3501 2734 3555 etiam
2761 3502 3049 3557 diabolum.
3072 3502 3172 3570 Qui
3199 3518 3328 3559 vero
3350 3504 3513 3558 Deum

1944 3589 2181 3655 offendit,
2214 3606 2401 3647 omnes
2426 3602 2703 3661 suspectos
2738 3591 2915 3657 habet,
2949 3594 3156 3648 etiamsi
3182 3594 3234 3648 in
3261 3603 3375 3648 tuto
3394 3608 3516 3649 esse

1943 3678 2201 3734 videatur.
2252 3682 2502 3738 lnstabile
2541 3698 2769 3751 namque
2801 3692 2883 3738 est
2913 3698 3080 3753 genus
3122 3684 3429 3750 hominum;
3461 3695 3517 3740 et

1943 3787 2047 3827 non
2075 3772 2246 3826 solum
2274 3774 2428 3828 amici
2466 3784 2521 3828 et
2562 3774 2772 3840 fratres,
2808 3776 2901 3829 sed
2930 3776 3088 3830 etiam
3129 3786 3329 3847 patres,
3352 3792 3511 3848 parva

1940 3880 2085 3935 ωερε
2109 3865 2175 3920 de
2199 3880 2356 3920 causa
2399 3869 2607 3934 mtttati,
2654 3883 2809 3936 quem
2850 3878 3169 3937 genuerunt,
3202 3884 3357 3938 quem
3392 3884 3521 3937 prc-

1938 3964 2212 4021 Crearunt,
2255 3957 2423 4025 magis
2449 3971 2608 4026 quam
2636 3972 2823 4012 omnes
2863 3958 3044 4013 hostes
3083 3958 3422 4029 abiecerunt;
3459 3969 3509 4011 et

1940 4045 2033 4099 lilii
2062 4054 2240 4114 patres
2270 4046 2603 4100 extulerunt.
2635 4049 2887 4102 Animum
2913 4049 3125 4104 adhibe.

2006 4137 2059 4191 2.
2092 4137 2270 4191 Gratia
2298 4136 2389 4192 Dei
2413 4139 2700 4207 quarenda,
2741 4156 2840 4191 non
2880 4140 3156 4192 hominum.
3178 4166 3251 4183 -—-
3271 4138 3505 4194 Gratiam

1936 4229 2120 4285 habuit
2161 4227 2326 4283 David
2366 4228 2504 4298 apud
2544 4228 2748 4292 Deum;
2791 4230 3015 4299 gratiam
3046 4228 3229 4283 habuit
3253 4228 3505 4284 Absalom

1934 4321 2076 4393 apud
2120 4320 2365 4376 homines
2388 4340 2402 4375 :
2424 4332 2585 4391 quem
2627 4322 2785 4376 linem
2813 4331 3037 4393 uterque
3072 4322 3275 4389 habuit,
3312 4334 3367 4378 et
3392 4333 3510 4377 uter

1934 4414 2104 4485 magis
2126 4414 2379 4484 probatus
2393 4423 2447 4469 et
2465 4413 2639 4468 clarus
2664 4414 2841 4478 fuerit,
2863 4400 3306 4469 nostis.Cratiam
3326 4414 3502 4468 habuit

1935 4505 2203 4561 Abraham
2233 4504 2375 4574 apud
2407 4505 2594 4567 Deum,
2631 4503 2834 4556 Pharao
2862 4511 3041 4557 autem
3062 4503 3199 4572 apud
3229 4504 3508 4562 homines:

1935 4596 1989 4650 hi
2020 4610 2246 4664 namque
2271 4591 2493 4663 gratiam
2516 4592 2632 4661 ejus
2660 4602 2985 4662 aucupantes
3012 4608 3230 4647 uxorem
3254 4592 3381 4662 justi
3404 4596 3506 4661 ipsi

1936 4686 2277 4756 prodiderunt
2302 4703 2315 4737 :
2351 4696 2468 4738 uter
2492 4684 2654 4754 igitur
2673 4683 3021 4753 splendidior,
3045 4692 3159 4738 uter
3183 4685 3369 4739 beatus
3390 4684 3499 4757 lue

1934 4778 2024 4843 rit,
2054 4776 2221 4831 cuivis
2246 4775 2589 4845 perspicuum
2628 4783 2731 4829 est.
2773 4774 2975 4844 Ecquid
3006 4774 3073 4829 de
3098 4774 3255 4844 justis
3282 4774 3507 4844 loquor?

1934 4868 2165 4925 Gratiam
2194 4869 2332 4939 apud
2358 4868 2521 4923 Deum
2553 4867 2784 4921 habuere
2808 4865 3077 4932 Israelitze,
3104 4874 3159 4921 et
3182 4866 3303 4920 odio
3335 4866 3503 4920 habe-

1934 4961 2128 5015 bantur
2164 4959 2232 5014 ab
2270 4957 2575 5013 hominibus
2617 4955 2883 5027 Egyptiis
2915 4974 2928 5011 :
2961 4966 3015 5011 et
3056 4972 3151 5012 eos
3179 4956 3266 5026 qui
3299 4972 3358 5011 se
3384 4954 3506 5009 odio

1934 5051 2198 5109 habebant
2218 5056 2558 5119 superarunt,
2589 5048 2746 5118 idque
2774 5047 3062 5117 coriSpicno
3084 5064 3188 5117 quo
3214 5046 3360 5101 scitis
3388 5062 3504 5099 om-

1933 5161 2027 5201 nes
2057 5144 2233 5199 modo.
2258 5142 2371 5197 Hoc
2395 5157 2523 5212 ergo
2547 5156 2793 5197 curemus
2810 5154 3032 5194 omnes:
3058 5139 3299 5209 quamvis
3315 5153 3525 5199 serius,

1932 5239 2053 5309 quis
2076 5238 2164 5303 sit,
2189 5238 2291 5291 hoc
2317 5244 2563 5305 precetur
2584 5243 2639 5287 ut
2658 5233 2795 5303 apud
2818 5233 2984 5288 Deum
3003 5232 3169 5302 magis
3188 5247 3343 5301 quam
3366 5231 3501 5301 apud

1932 5330 2117 5386 herum
2146 5343 2296 5383 suum
2327 5328 2552 5397 gratiam
2585 5325 2853 5391 inveniat;
2886 5325 3127 5393 quamvis
3158 5342 3292 5380 uxor
3322 5323 3503 5388 fuerit,

1933 5422 2050 5499 plus
2077 5434 2231 5490 quam
2254 5417 2494 5487 conjugis
2535 5415 2834 5472 Servatoris
2865 5414 2945 5469 sui
2987 5414 3083 5471 Dei
3110 5415 3331 5485 gratiam
3355 5429 3503 5483 qure-

1930 5520 2048 5578 rat;
2100 5510 2341 5580 quamvis
2380 5510 2569 5573 miles,
2614 5508 2782 5576 magis
2825 5522 2983 5578 quam
3034 5506 3377 5578 Imperatoris
3416 5516 3509 5560 aut

1930 5602 2184 5674 principis
2207 5642 2223 5666 ,
2251 5616 2536 5671 supernam
2566 5598 2993 5655 benevolentiam
3010 5606 3252 5671 expetat:
3275 5595 3506 5653 sicenim

1933 5692 2096 5750 etiam
2121 5689 2260 5765 apud
2292 5690 2536 5750 homines
2580 5688 2830 5747 amabilis
2854 5688 2981 5745 eris.
3011 5686 3288 5755 Quomodo
3330 5694 3504 5742 autem
