4096 6326
578 335 643 391 IK
1363 340 1421 397 S.
1460 339 1739 397 JOANNIS
1774 338 2242 396 CHRYSOSTOMI
2284 341 2598 401 ARCHIEP.
2637 346 3171 411 CONSTAN'I‘INOP.
3771 369 3841 424 16

569 448 694 526 quis
726 450 953 520 gratiam
985 451 1219 508 inveniat
1252 457 1391 524 apud
1424 456 1627 509 Deuun
1666 455 1785 522 Quo
1824 454 1934 508 alio
1969 454 2150 517 modo,

570 556 728 610 quam
749 543 820 598 ab
848 542 1188 601 humilitate?
1215 543 1356 601 Deus
1398 547 1552 612 enim,
1590 546 1785 616 inquit,
1814 544 2040 615 superbia
2069 558 2149 596 re-

565 635 716 694 sistit,
750 629 1025 689 [inutilibus
1043 647 1213 691 autem
1238 637 1325 691 dat
1360 638 1579 708 gratiam
1600 634 1785 707 (Prov.
1822 637 1876 692 ὅ.
1918 634 2044 704 51);
2074 643 2150 697 et,

566 727 891 796 Sacriﬁcium
944 726 1041 782 Deo
1055 727 1250 795 spiritus
1272 728 1706 795 contribulatus.et,
1720 727 2146 784 Humiliatumcor

564 815 700 872 Deus
728 835 831 873 non
852 818 1094 884 despiciet
1116 817 1285 888 (Ριαι.
1310 818 1399 875 50.
1434 818 1547 887 19).
1578 818 1709 873 Nam
1736 819 1781 873 si
1808 820 1946 888 apud
1974 818 2151 873 homi-

560 925 660 965 nes
679 919 785 964 tam
808 908 1186 964 desiderabilis
1210 920 1294 965 est
1317 909 1617 974 humilitas,
1644 910 1809 964 multo
1830 911 1998 980 magis
2013 909 2150 979 apud

566 1000 752 1053 Deum.
782 999 855 1053 Ita
880 1008 935 1053 et
954 1000 1181 1068 gentiles
1202 1000 1426 1069 gratiam
1454 1000 1793 1066 invenerunt,
1817 1001 1887 1055 ita
1913 1000 2150 1056 θωυάωί

561 1092 729 1161 gratia
759 1091 1073 1147 exciderunt
1105 1109 1118 1145 :
1162 1091 1390 1147 Iustitia
1422 1109 1637 1163 namque
1680 1091 1773 1148 Dei
1804 1109 1905 1147 non
1942 1093 2150 1162 subjecti

564 1184 770 1252 {uerunt
790 1182 965 1253 (Rom.
998 1184 1084 1239 l0.
1112 1184 1193 1255 5).
1222 1185 1448 1241 Humilis
1472 1184 1740 1256 gratiosus
1760 1194 1813 1240 et
1830 1185 2009 1239 suavis
2033 1200 2149 1238 om-

560 1273 718 1330 nibus
759 1284 861 1342 est,
910 1284 1168 1345 perpetuo
1212 1275 1266 1330 in
1313 1291 1441 1347 pace
1468 1276 1671 1341 vivens,
1721 1277 2024 1347 nullamque
2053 1277 2147 1330 ha-

560 1368 689 1420 bens
713 1366 837 1421 belli
854 1368 1213 1422 occasionem.
1235 1367 1461 1425 Etiamsi
1477 1370 1620 1423 enim
1650 1368 1799 1425 illum
1821 1371 2143 1424 contumelia

530 1469 612 1514 .et
639 1460 898 1514 conviciis
928 1460 1148 1526 affu-ias,
1190 1461 1402 1515 etiamsi
1446 1461 1658 1531 quidvis
1697 1461 1915 1524 dixeris,
1952 1462 2145 1516 tacebit

556 1551 649 1605 ille
674 1561 727 1605 et
756 1551 951 1605 leniter
972 1552 1133 1613 feret;
1184 1562 1239 1607 et
1271 1563 1468 1607 tantam
1511 1553 1745 1608 servabit
1786 1554 1922 1623 apud
1954 1568 2144 1608 omnes

556 1652 763 1709 pacem,
791 1650 1042 1710 quantam
1080 1657 1147 1698 ne
1176 1642 1371 1699 dicere
1409 1644 1625 1714 quidem
1654 1646 1847 1715 possis,
1874 1645 2143 1714 etiamque

554 1731 692 1800 apud
722 1730 914 1786 Deum.
948 1732 1191 1788 Mandata
1218 1734 1415 1805 quippe
1442 1734 1535 1791 Dei
1566 1750 1633 1791 eo
1663 1735 1904 1799 tendunt,
1932 1745 1988 1789 ut
2017 1750 2138 1790 cum

554 1822 860 1879 hominibus
886 1839 987 1894 pax
1016 1824 1275 1881 habeatur
1299 1846 1311 1879 :
1350 1837 1406 1882 et
1433 1828 1591 1880 vitam
1632 1834 1867 1881 nostram
1896 1826 1967 1879 ita
1998 1834 2139 1883 recte

554 1917 915 1986 transigimus,
946 1918 991 1971 si
1023 1929 1203 1971 mutua
1226 1934 1346 1972 cum
1377 1918 1503 1973 aliis
1525 1933 1655 1988 pace
1683 1916 1938 1973 fruamur.
1971 1916 2136 1972 Deum

553 2008 693 2062 enim
719 2024 880 2061 nemo
909 2009 1105 2063 ltedere
1134 2010 1366 2078 poterit:
1391 2018 1578 2064 natura
1605 2009 1801 2079 quippe
1842 2009 1928 2063 illa
1956 2008 2106 2079 perui

551 2098 654 2153 cici
674 2098 905 2154 obnoxia
939 2114 1046 2154 non
1082 2110 1167 2154 est
1187 2108 1241 2155 et
1266 2101 1412 2155 omni
1437 2100 1668 2171 passioni
1698 2101 1961 2171 superior.
1994 2101 2135 2157 Nihil

549 2189 624 2244 ita
652 2189 950 2244 mirabilem
982 2188 1345 2246 Christianum
1375 2190 1550 2246 reddit
1580 2200 1635 2245 ut
1662 2191 1958 2246 humilitas.
1997 2192 2132 2247 Audi

545 2285 691 2336 enim
717 2283 1079 2337 Abrahamum
1106 2284 1372 2339 dicentem
1405 2302 1418 2339 :
1448 2283 1563 2356 Ego
1590 2295 1759 2338 autent
1787 2301 1897 2339 sum
1931 2293 2066 2338 terra
2086 2296 2135 2339 et
2188 2286 2191 2289 λ

544 2372 673 2425 cinis
705 2371 853 2441 (Gen.
880 2372 968 2427 18.
995 2372 1087 2442 27)
1113 2390 1127 2437 ;
1159 2384 1209 2427 et
1260 2374 1424 2429 Deum
1452 2390 1640 2428 rursus
1662 2375 1730 2429 de
1764 2375 1968 2446 Moyse.
1992 2376 2133 2443 quod

544 2466 707 2520 fuerit
731 2465 969 2521 omnium
1009 2466 1284 2522 hominum
1326 2468 1660 2523 mitissimus.
1692 2468 1831 2522 Nihil
1872 2468 2013 2522 enim
2040 2469 2133 2522 illo

541 2558 799 2613 humilius
830 2558 949 2625 fuit,
1000 2560 1091 2630 qui
1133 2574 1254 2616 cum
1283 2560 1416 2614 tanti
1456 2561 1635 2629 populi
1665 2560 1769 2615 dux
1799 2569 1961 2623 esset,
2009 2575 2131 2614 cum

540 2665 722 2719 regem
752 2660 808 2705 et
831 2652 1125 2705 exercitum
1164 2651 1535 2722 Egyptiorum
1558 2651 1797 2705 omnium
1824 2652 1973 2722 quasi
2010 2667 2130 2705 mu-

539 2755 661 2795 scas
690 2743 741 2795 iu
768 2758 916 2795 mare
946 2743 1314 2807 demersisset,
1341 2751 1397 2799 et
1428 2752 1569 2796 tanta
1610 2742 1663 2797 in
1694 2742 1947 2815 IEgypto,
1983 2753 2124 2799 tanta

541 2830 596 2883 in
618 2832 751 2884 mari
769 2831 957 2887 Rubro
976 2842 1028 2886 et
1051 2832 1104 2886 in
1125 2832 1342 2887 deserto
1360 2842 1737 2903 perpetrasset,
1758 2844 2129 2905 tantarumque

540 2936 717 2975 rerum
750 2922 1075 2977 testimoniis
1122 2923 1388 2979 frueretur
1408 2967 1423 2988 ,
1456 2925 1535 2979 sic
1581 2926 1802 2981 aﬂectus
1831 2937 1948 2979 erat
1973 2927 2128 2995 quasi

538 3029 674 3067 unus
701 3028 765 3067 ex
792 3014 943 3081 plebe
967 3031 981 3079 ;
1006 3025 1226 3081 eratque
1252 3030 1438 3069 socero
1465 3030 1631 3085 gener
1660 3015 1931 3079 humilior,
1959 3016 2126 3071 illius-

536 3120 639 3173 que
669 3103 950 3157 censilium
981 3105 1205 3173 accepit.
1239 3104 1353 3158 Non
1398 3106 1621 3161 moleSIe
1651 3105 1790 3171 tulit,
1814 3122 1919 3161 non
1945 3106 2078 3162 dixit
2107 3129 2122 3164 :

537 3196 674 3263 Quid
708 3196 848 3251 hoc?
877 3207 995 3265 post
1037 3207 1114 3252 tot
1158 3208 1408 3268 tantaque
1451 3198 1706 3268 praeclare
1746 3210 1889 3269 gesta
1931 3201 2122 3255 venisti

538 3288 694 3341 nobis
729 3288 954 3342 consilia
1006 3289 1271 3343 daturus?
1296 3288 1449 3355 Quod
1497 3298 1672 3345 tamen
1704 3291 1857 3346 multi
1902 3291 2118 3358 faciunt,

533 3382 741 3435 et’amsi
765 3382 884 3449 quis
913 3382 1172 3450 Optimum
1205 3381 1298 3435 det
1335 3381 1639 3446 consilium,
1678 3399 1917 3452 persona:
1949 3384 2123 3439 humi-

533 3473 739 3527 litatem
768 3474 1042 3542 despectui
1088 3473 1365 3530 habentes.
1400 3476 1467 3529 At
1497 3491 1601 3530 non
1638 3478 1735 3532 sic
1761 3479 1867 3539 ille,
1907 3479 1999 3532 sed
2027 3496 2121 3549 per

533 3565 883 3619 humilitatem
914 3567 1088 3621 omnia
1118 3578 1263 3621 recte
1290 3567 1501 3637 agebat.
1536 3567 1671 3621 Hinc
1700 3569 1850 3622 aulas
1876 3570 2119 3639 despexit

531 3655 725 3725 regias,
755 3656 876 3726 quia
908 3672 1033 3711 vere
1060 3656 1278 3712 humilis
1302 3668 1419 3712 erat
1445 3676 1456 3711 :
1486 3666 1720 3714 mentem
1747 3661 1890 3714 enim
1929 3676 2115 3715 sanam

530 3755 585 3799 et
614 3748 885 3817 excelsam
930 3747 1057 3803 facit
1100 3750 1390 3803 humilitas.
1417 3749 1642 3817 Quantae
1672 3750 1813 3805 enim
1840 3762 1895 3805 et
1920 3752 2116 3806 mentis

530 3846 583 3890 et
614 3839 777 3891 animi
808 3832 1192 3907 magnitudinis
1239 3840 1398 3895 fuerit
1439 3850 1494 3895 et
1528 3842 1744 3896 domum
1782 3852 1836 3905 et
1876 3860 2113 3898 mensam

532 3929 728 3998 regiam
770 3929 1089 3999 despicere?
1119 3931 1291 4000 Reges
1317 3934 1458 3985 enim
1490 3935 1642 4003 quasi
1688 3935 1760 3989 dii
1805 3935 2113 3991 colebantur

528 4021 666 4090 apud
698 4021 1001 4093 Egyplios,
1054 4039 1116 4077 ac
1151 4024 1347 4077 divitiis
1394 4026 1763 4098 thesaurisque
1804 4026 2114 4086 fruebantur

531 4113 843 4169 innumeris.
879 4116 1127 4169 Attamen
1160 4115 1247 4168 ille
1278 4116 1361 4169 his
1407 4118 1653 4171 omnibus
1680 4118 1935 4185 dimissis,
1966 4121 2114 4191 abje-

527 4205 733 4274 ctisque
776 4204 989 4275 Afgypti
1039 4208 1287 4276 sceptris,
1327 4208 1393 4261 ad
1443 4212 1681 4278 captivos
1720 4220 1773 4265 et
1804 4226 2107 4280 Oppressus,

527 4294 618 4363 qui
647 4295 698 4346 in
730 4295 841 4348 luto
867 4304 922 4349 et
946 4297 1203 4349 lateribus
1230 4299 1602 4360 versabantur,
1636 4316 1770 4368 quos
1801 4304 1939 4357 servi
1971 4305 2110 4373 regis

524 4386 817 4440 horrebant
849 4407 861 4441 :
888 4402 1008 4440 nam
1036 4388 1156 4441 illos
1183 4388 1626 4445 abominabantur
1656 4393 1889 4464 Egyptii
1914 4396 2105 4467 (Exod.

528 4481 580 4533 l.
618 4479 726 4551 i3),
759 4479 929 4551 inquit
963 4496 977 4534 :
1024 4480 1091 4535 ad
1138 4493 1236 4535 nos
1280 4481 1555 4552 confugit,
1587 4484 1840 4555 illosque
1877 4489 2109 4544 dominis
2144 4492 2147 4497 ’

498 4560 501 4561 ν
525 4574 833 4642 praeposuit.
863 4572 1011 4629 Unde
1036 4573 1209 4645 palam
1231 4585 1331 4637 est,
1360 4576 1499 4632 hunc
1528 4578 1803 4647 humilem,
1836 4583 2107 4639 excelsum

526 4665 1029 4734 magnanimumque
1055 4681 1193 4720 esse.
1226 4669 1537 4737 Arrogantia
1560 4672 1701 4724 enim
1722 4687 1791 4726 ex
1826 4674 1906 4728 rili
1928 4685 2108 4731 mente

523 4764 576 4807 et
599 4754 841 4808 iiliberali
885 4756 1062 4809 animo
1115 4760 1382 4823 nascitur;
1431 4764 1782 4819 mansuetudo
1819 4777 1997 4821 autem
2041 4782 2107 4822 ex

522 4862 716 4917 magno
739 4858 793 4902 et
821 4849 1033 4902 excelso
1055 4849 1253 4903 animo.

591 4940 647 4995 3.
682 4939 960 4995 Humilitas
990 4944 1387 4996 commendatur.
1410 4970 1479 4985 -—-
1503 4944 1568 4999 Et
1591 4946 1634 5000 si
1666 4948 1858 5016 placet,
1897 4960 2101 5005 utrum-

522 5046 625 5101 que
655 5032 916 5100 exemplis
941 5033 1309 5088 discutiamus.
1344 5035 1439 5089 Dic
1465 5037 1605 5090 enim
1638 5039 1789 5104 mihi,
1817 5042 1906 5108 qui
1934 5042 2103 5095 Abra-

522 5125 681 5177 hamo
708 5125 970 5179 excelsius
1000 5126 1132 5179 fuit?
1161 5130 1317 5195 Atqui
1350 5128 1439 5182 ille
1462 5140 1577 5183 erat
1600 5133 1687 5199 qui
1717 5133 1947 5198 dicebat,
1988 5133 2099 5205 Ego

506 5228 633 5268 trum
657 5224 789 5268 terra
814 5226 861 5270 et
888 5217 1013 5271 ciuis
1059 5216 1227 5287 (Ceu.
1264 5218 1329 5275 18
1378 5219 1489 5288 9.7)
1524 5236 1539 5273 :
1574 5222 1659 5274 ille
1688 5232 1805 5276 erat
1833 5224 1922 5292 qui
1951 5225 2098 5281 dice-

521 5306 627 5369 bat,
663 5303 747 5357 Ne
765 5309 829 5361 sit
860 5324 1029 5377 pugna
1075 5309 1205 5361 inter
1230 5326 1308 5363 me
1337 5322 1384 5362 et
1415 5321 1459 5362 te
1487 5309 1635 5380 (Gen.
1672 5314 1758 5369 15.
1792 5314 1870 5376 8).
1899 5314 2094 5371 Verum

518 5398 606 5453 hic
640 5399 855 5454 humilis
894 5402 1172 5455 manubias
1202 5402 1443 5470 despexit
1474 5403 1716 5458 Persicas
1740 5448 1754 5465 .
1802 5419 1854 5461 et
1904 5407 2095 5461 barba-

523 5490 633 5545 rica
674 5492 996 5560 contempsit
1027 5502 1247 5562 tropica.
1282 5493 1392 5548 Iloc
1420 5510 1581 5563 porro
1610 5510 1674 5550 ex
1702 5498 1863 5550 animi
1896 5501 2097 5569 magni-

515 5582 701 5637 tudine
742 5597 813 5639 et‘
840 5584 1170 5638 sublimitate
1201 5585 1448 5640 faciebat.
1480 5586 1572 5640 Ille
1598 5604 1827 5658 namque
1856 5605 1979 5645 vere
2006 5607 2093 5646 su-

514 5666 691 5720 blimis
720 5676 831 5733 est,
862 5667 952 5737 qui
1002 5668 1209 5721 sincere
1250 5678 1332 5723 est
1383 5669 1631 5738 humilis,
1662 5689 1765 5727 non
1809 5673 2085 5740 adulator,

519 5774 625 5813 non
654 5759 741 5829 qui
771 5759 937 5814 ironia
972 5760 1154 5815 utitur.
1189 5759 1345 5817 Aliud
1370 5762 1512 5818 enim
1543 5773 1625 5819 est
1654 5767 2085 5837 magnanimitas,

2260 455 2403 510 aliud
2453 462 2755 529 arrogantia
2784 481 2799 517 :
2827 465 2929 519 hoc
2972 481 3150 523 autem
3200 472 3322 527 hinc
3368 476 3705 534 manifestum
3730 494 3837 537 est.

2260 544 2341 598 Sit
2371 547 2491 615 quis
2525 549 2694 604 lutum
2724 568 2848 607 esse
2878 554 3045 610 lutum
3078 570 3267 628 putans
3293 574 3348 618 et
3375 566 3500 621 illud
3531 567 3833 640 despiciat;

2258 638 2393 693 alius
2424 652 2603 696 autem
2635 646 2723 713 qui
2774 646 2944 701 lutum
2993 664 3091 719 pro
3119 668 3251 707 auro
3280 654 3474 713 habeat
3498 702 3512 724 ,
3541 638 3839 718 admiretur

2256 738 2313 783 et
2340 734 2517 803 magni
2546 736 2738 790 faciat:
2765 749 2883 794 uter
2904 743 3102 797 excelsi
3122 747 3283 804 animi
3316 749 3424 803 est?
3447 764 3623 807 annon
3652 755 3717 821 is,
3750 759 3839 824 qui

2258 819 2425 875 lutum
2454 838 2561 879 non
2588 825 2914 886 admiratur?
2945 843 3067 889 uter
3093 850 3222 891 vero
3243 838 3436 908 abiecti
3480 843 3642 898 animi
3671 819 3725 900 et
3754 819 3836 899 vi-

2257 908 2323 964 lis
2351 913 2458 967 est?
2486 929 2665 971 nonne
2693 921 2785 989 qui
2815 921 2946 976 illud
2972 924 3267 982 admiratur
3285 938 3338 983 et
3364 934 3538 1001 magni
3570 934 3729 989 facit?
3755 935 3829 990 Ita

2257 1002 2342 1059 hic
2371 1008 2531 1063 etiam
2556 1020 2743 1080 reputa
2773 1030 2787 1066 :
2814 1028 2934 1068 eum
2966 1032 3182 1088 nempe,
3226 1023 3314 1092 qui
3360 1037 3422 1078 se
3451 1033 3645 1080 terram
3674 1036 3729 1081 et
3752 1030 3836 1082 ci-

2251 1294 2373 1335 esse
2403 1293 2573 1351 putat,
2602 1286 2694 1341 sed
2722 1290 2958 1359 seipsum
2982 1294 3110 1349 colit
3134 1306 3187 1350 et
3207 1298 3374 1353 altum
3399 1300 3466 1355 de
3487 1317 3545 1356 se
3570 1306 3725 1372 sapit.
3753 1308 3831 1359 vi-

2250 1371 2353 1426 lem
2387 1376 2566 1446 ulique
2595 1393 2733 1445 esse,
2766 1383 2855 1451 qui
2882 1398 3040 1453 parva
3075 1390 3248 1459 magni
3275 1389 3450 1445 faciat.
3474 1371 3828 1465 Undeipalam

2248 1473 2331 1517 est
2372 1481 2435 1521 ex
2481 1484 2670 1539 magna
2712 1475 2877 1528 animi
2919 1478 3245 1537 sublimitate
3285 1486 3642 1553 patriarcham
3689 1488 3828 1547 hanc

2245 1558 2492 1626 emisisse
2539 1576 2743 1629 vocem,
2800 1565 2909 1636 Ego
2942 1581 3107 1624 autem
3144 1589 3258 1626 sunt
3303 1578 3435 1629 terra
3477 1589 3523 1631 et
3569 1581 3728 1643 cinis;
3758 1597 3823 1637 es

2245 1650 2442 1704 mentis
2477 1653 2822 1718 sublimitate,
2864 1675 2968 1712 non
3009 1678 3074 1716 ex
3109 1671 3434 1735 arrogantia.
3468 1670 3827 1737 Quemadmo.

2245 1739 2369 1792 dum
2398 1744 2542 1795 enim
2572 1744 2623 1797 in
2666 1750 2981 1816 corporibus
3009 1754 3151 1808 aliud
3191 1766 3274 1810 est
3327 1771 3573 1829 vegetum
3604 1775 3656 1817 et
3688 1766 3824 1820 bona

2244 1834 2423 1886 carnis
2454 1832 2763 1894 habitudine
2791 1854 2930 1904 esse,
2962 1845 3102 1899 aliud
3143 1861 3263 1902 esse
3302 1848 3530 1908 humore
3559 1854 3820 1920 inﬂatum,

2246 1923 2370 1979 licet
2392 1926 2444 1980 in
2478 1936 2706 1999 utroque
2730 1947 2860 1988 caro
2890 1940 3223 2004 promineat;
3256 1952 3309 1994 at
3341 1943 3391 1995 in
3423 1944 3524 1998 hoc
3545 1958 3820 2016 corrupta,

2244 2016 2294 2072 in
2339 2018 2429 2072 illo
2469 2036 2637 2079 sana:
2686 2026 2756 2080 ita
2794 2028 2952 2082 etiam
2992 2032 3132 2085 aliud
3163 2042 3245 2087 est
3292 2050 3412 2091 esse
3458 2052 3820 2109 arrogantem,

2240 2111 2379 2177 quod
2409 2123 2489 2168 est
2519 2130 2639 2171 esse
2686 2116 2911 2176 humore
2952 2133 3283 2193 turgentem;
3312 2128 3455 2182 aliud
3484 2145 3607 2185 esse
3648 2134 3818 2188 subli-

2240 2215 2401 2265 mem,
2434 2205 2575 2273 quod
2605 2217 2689 2262 est
2713 2218 2955 2279 vegetum
2978 2228 3115 2269 esse.
3152 2216 3220 2270 Et
3247 2233 3463 2286 rursus,
3497 2231 3578 2277 est
3604 2225 3818 2293 quidam

2234 2296 2479 2362 corporis
2520 2306 2720 2353 statura
2768 2319 3053 2371 procerus;
3100 2309 3237 2363 alius
3280 2321 3455 2365 autem
3490 2315 3665 2370 brevis
3710 2328 3818 2371 sta-

2239 2394 2374 2450 tura,
2402 2392 2638 2458 acceptis
2676 2394 2872 2448 calceis
2916 2396 2973 2451 lit
3000 2399 3195 2455 altior:
3226 2414 3403 2457 utrum
3439 2423 3565 2476 ergo
3598 2413 3813 2465 vocabi-

2234 2491 2354 2529 mus
2384 2493 2664 2545 procerum
2695 2494 2748 2538 et
2785 2502 3053 2558 magnum,
3087 2496 3310 2560 quasso?
3335 2512 3510 2552 annon
3542 2516 3685 2565 eum,
3723 2505 3815 2572 qui

2235 2581 2299 2620 ex
2328 2578 2513 2625 natura
2537 2589 2631 2628 sua
2658 2592 2908 2644 procerus
2926 2583 3047 2636 est?
3065 2582 3156 2639 ille
3181 2589 3322 2640 enim
3344 2587 3579 2646 alienum
3605 2591 3705 2649 hoc
3722 2595 3818 2649 ha-

2234 2655 2345 2721 bet,
2378 2671 2431 2713 et
2452 2678 2613 2733 super
2634 2665 2850 2724 humilia
2871 2675 3187 2741 ascendens,
3212 2679 3289 2733 sic
3316 2696 3568 2749 procerus
3593 2686 3814 2743 effectus

2232 2759 2314 2803 est
2343 2770 2355 2804 :
2387 2753 2436 2807 id
2468 2757 2609 2825 quod
2636 2761 2797 2815 etiam
2837 2766 2984 2849 multi
3014 2768 3255 2825 homines
3285 2774 3502 2840 faciunt,
3537 2780 3627 2848 qui
3654 2790 3813 2849 pecu-

2232 2841 2334 2896 niis
2364 2853 2417 2897 et
2444 2847 2609 2913 gloria
2658 2867 2776 2906 sese
2802 2841 3060 2911 extoliunt
3084 2901 3097 2921 ,
3130 2860 3289 2931 idque
3320 2881 3424 2919 non
3453 2878 3535 2922 est
3555 2841 3808 2929 altitudo.

2231 2932 2489 2991 Excelsus
2519 2941 2660 2993 enim
2688 2954 2768 2997 est
2798 2945 2907 3011 ille,
2934 2948 3022 3017 qui
3051 2950 3239 3031 horum
3263 2957 3411 3011 nullo
3426 2973 3560 3028 opus
3584 2959 3807 3031 habens,

2228 3024 2320 3078 sed
2348 3029 2523 3081 omnia
2553 3031 2887 3101 despiciens,
2931 3038 2981 3091 in
3020 3054 3077 3094 se
3112 3020 3529 3121 magnitudinem
3575 3020 3803 3110 obtinet:

2226 3114 2403 3171 Simus
2432 3134 2559 3191 ergo
2600 3122 2830 3180 humiles
2854 3169 2866 3186 .
2905 3137 2959 3181 ut
3006 3114 3261 3188 sublimes
3303 3137 3599 3195 efﬁciamur
3642 3165 3654 3199 :
3686 3160 3806 3199 nam

2230 3209 2329 3274 Qui
2370 3227 2423 3264 se
2461 3215 2715 3277 humiliut,
2757 3219 3060 3276 multabitur
3102 3224 3311 3293 (Matth.
3346 3230 3435 3283 23.
3474 3234 3582 3301 12),
3616 3238 3802 3303 inquit.

2225 3300 2329 3355 Sed
2358 3319 2463 3358 non
2498 3306 2585 3361 ille
2613 3324 2871 3380 arrogans
2918 3316 3035 3369 talis
3074 3327 3188 3382 est;
3220 3323 3458 3377 omnium
3496 3300 3697 3395 quippe
3726 3344 3807 3386 est

2226 3393 2513 3449 vilissimus
2542 3416 2556 3451 :
2588 3398 2728 3455 bulla
2758 3404 2897 3458 enim
2931 3408 3162 3477 inﬂatur,
3192 3412 3283 3465 sed
3326 3413 3438 3469 haec
3469 3393 3671 3483 inﬂatio
3698 3438 3802 3477 non

2223 3485 2393 3539 solida
2442 3498 2541 3550 est.
2577 3491 2702 3546 Ideo
2741 3496 3039 3564 hujusmodi
3096 3501 3340 3559 homines
3384 3506 3593 3564 inﬂatos
3644 3529 3803 3568 voca-

2224 3592 2342 3632 mus
2392 3579 2492 3647 Qui
2540 3584 2681 3651 enim
2732 3588 3005 3645 tnoderate
3058 3597 3237 3679 sentit,
3269 3614 3334 3651 ne
3366 3598 3416 3651 in
3448 3602 3654 3671 magnis
3682 3607 3799 3674 qui-

2221 3669 2342 3725 dem
2372 3674 2535 3727 a'tum
2559 3679 2715 3745 sapit,
2747 3680 3003 3737 vilitatem
3034 3669 3183 3740 suam
3226 3699 3405 3745 notam
3438 3669 3639 3749 habens
3668 3669 3801 3767 τ’(ιυὶ

2221 3764 2397 3819 autem
2434 3766 2549 3821 vilis
2579 3777 2685 3835 est,
2710 3772 2871 3827 etiam
2906 3779 2956 3828 ln
2984 3780 3165 3846 parvis
3195 3795 3443 3849 magnum
3483 3787 3642 3854 sapit.
3674 3764 3802 3844 Adi-

2220 3854 2489 3922 piscamur
2512 3874 2639 3929 ergo
2684 3878 2747 3915 ex
2782 3864 3078 3921 humilitate
3106 3869 3482 3928 sublimitatem
3510 3892 3527 3928 :
3553 3879 3801 3935 conside-

2218 3962 2397 4002 remus
2425 3950 2771 4007 humanarum
2802 3971 2979 4010 rerum
3009 3967 3273 4029 naturam,
3299 3973 3355 4018 ut
3376 3954 3671 4024 futurorum
3699 3971 3797 4028 de-

2217 4040 2413 4094 siderio
2440 4041 2805 4099 incendantur.
2824 4046 2935 4103 Non
2967 4052 3073 4104 alio
3093 4054 3285 4122 quippe
3309 4058 3467 4112 modo
3482 4070 3657 4127 potest
3678 4064 3796 4132 quis

2220 4130 2437 4188 humilis
2466 4134 2599 4201 lieri,
2633 4152 2790 4205 quam
2822 4155 2911 4208 per
2940 4140 3237 4200 divinarum
3268 4162 3445 4202 rerum
3469 4130 3708 4207 amorem
3741 4164 3795 4209 et

2218 4226 2559 4291 praesentium
2592 4227 2925 4296 despectum.
2967 4230 3036 4286 Ut
3080 4234 3221 4290 enim
3252 4237 3297 4291 si
3328 4241 3447 4309 quis
3477 4257 3697 4310 regnum
3726 4245 3795 4299 sit

2214 4327 2619 4385 assequuturus,
2649 4320 2948 4389 deindeque
2992 4338 3089 4392 pro
3130 4325 3215 4381 illa
3261 4343 3493 4399 purpura
3525 4334 3716 4403 aliquis
3742 4338 3791 4392 ei

2215 4406 2483 4476 vulgarem
2510 4410 2762 4464 exhibeat
2806 4412 3083 4478 honorem,
3120 4417 3263 4472 illum
3304 4422 3452 4474 nihili
3497 4423 3651 4478 faciet
3681 4443 3694 4478 :
3720 4429 3791 4481 ita

2215 4507 2266 4550 et
2292 4514 2390 4551 nos
2423 4504 2701 4567 prmsentia
2731 4504 2906 4581 omnia
2935 4504 3314 4575 deridebimus,
3346 4513 3388 4564 si
3433 4513 3691 4570 honorem
3723 4518 3788 4572 il-

2216 4588 2321 4640 lum
2343 4593 2795 4660 concupiscamus.
2823 4592 2936 4649 Non
2960 4598 3148 4652 videtis
3170 4614 3379 4669 pueros,
3406 4619 3523 4657 cum
3548 4607 3791 4664 ludentes

2214 4682 2379 4735 aciem
2410 4693 2645 4737 statuunt
2674 4698 2725 4737 et
2754 4686 2965 4753 milites,
2998 4693 3421 4758 prazcedcntibus
3444 4701 3783 4765 prmconibus

2212 4783 2266 4828 et
2290 4774 2586 4841 lictoribus,
2614 4786 2668 4831 et
2711 4793 2843 4845 puer
2868 4781 3072 4837 medius
3101 4785 3265 4839 instar
3292 4786 3442 4840 ducis
3486 4790 3706 4853 incedit,
3736 4803 3791 4847 et

2211 4883 2367 4937 quam
2419 4874 2523 4923 sint
2578 4869 2664 4922 illa
2712 4873 2970 4938 puerilia?
3010 4875 3155 4929 Talia
3185 4889 3309 4931 sunt
3340 4878 3591 4944 humana,
3624 4890 3676 4935 et
3704 4882 3787 4938 his

2211 4960 2416 5024 viliora,
2443 4976 2560 5029 quae
2590 4960 2746 5014 hodie
2766 4973 2908 5027 sunt,
2929 4975 2981 5019 et
3002 4982 3119 5020 cras
3141 4983 3244 5019 non
3265 4978 3440 5022 erunt.
3458 4970 3635 5025 Simus
3657 4988 3788 5045 ergo

2210 5050 2293 5106 his
2315 5053 2553 5118 altiores,
2586 5063 2639 5108 et
2678 5069 2779 5108 non
2824 5057 2995 5111 solum
3028 5057 3142 5111 haec
3185 5072 3291 5112 non
3321 5062 3783 5132 concupiscamus,

2207 5145 2301 5200 sed
2327 5148 2485 5201 etiam
2516 5148 2918 5216 erubescamus,
2944 5152 2988 5204 si
3015 5151 3136 5219 quis
3158 5152 3311 5205 nobis
3334 5154 3420 5207 illa
3454 5158 3670 5212 tribuat.
3707 5160 3782 5213 lta

2206 5238 2347 5291 enim
2383 5240 2570 5291 horum
2609 5239 2833 5310 depulso
2862 5257 3064 5307 amore,
3109 5242 3346 5299 divinum
3396 5247 3543 5301 illum
3581 5266 3774 5305 conse-

2205 5345 2450 5398 quemur,
2484 5340 2534 5382 et
2566 5330 2849 5385 immortali
2877 5331 3117 5386 fruemur
3142 5334 3308 5404 g‘loria
3336 5355 3348 5389 :
3372 5353 3528 5407 quam
3554 5354 3652 5393 nos
3673 5356 3784 5394 0m-

2204 5438 2300 5476 nes
2322 5420 2530 5491 assequi
2552 5425 2821 5495 contingat
2840 5425 3006 5493 gratia
3026 5434 3077 5480 et
3098 5426 3421 5498 benignitate
3450 5429 3665 5486 Domini
3680 5450 3779 5487 no-

2204 5515 2297 5566 stri
2322 5512 2448 5567 Jesu
2475 5512 2692 5581 Christi,
2714 5520 2922 5584 quicum
2953 5517 3093 5573 Patri
3114 5536 3321 5590 unaque
3345 5520 3779 5590 Spiritui'sanctn

2199 5607 2388 5677 gloria,
2409 5608 2712 5677 imperium,
2737 5610 2926 5675 honor,
2951 5626 3097 5667 nunc
3112 5621 3167 5666 et
3186 5629 3417 5685 semper,
3436 5627 3490 5671 et
3510 5616 3562 5671 in
3580 5619 3776 5673 saecula

2201 5700 2535 5755 swculorum.
2569 5703 2700 5758 Ame
2710 5720 2762 5756 ιι.
