4082 6326
651 338 718 395 ιτ
798 300 804 307 ’
1417 336 1476 394 s.
1512 334 1799 395 JOANNIS
1834 335 2329 394 cnnvsoswm
2371 336 2697 397 ARCHIEP.
2740 338 3289 401 consumma
3841 347 3909 402 ιε

668 466 3869 499 ._—___—_______._________________.____

2143 551 2387 608 OMIAIA
2423 549 2503 610 B'.

647 642 1003 714 Εὐχαριστῶ
1032 644 1113 710 τῷ
1139 644 1263 711 Θεῷ
1292 662 1414 715 μου
1447 644 1707 700 πάντοτε
1738 645 1872 715 περί
1902 644 2070 715 ὐμῶν
2087 684 2104 708 ,
2130 641 2231 697 ἐπι

599 762 605 767 -
719 724 795 794 τῇ
822 726 1015 796 χάριτι
1043 727 1150 783 τοῦ
1183 729 1334 783 Θεοῦ
1361 727 1438 798 τῇ
1461 728 1710 798 δοθείσῃ
1735 729 1881 799 ὑμῖν
1905 730 1975 784 έν
2001 726 2238 797 Χριστῷ

2342 644 2525 714 μένου,
2566 646 2662 699 καὶ
2687 645 3309 718 προκαταλαμϐάνοντος
3340 648 3537 711 αὐτούς
3572 650 3688 702 ἐστι
3716 649 3783 703 τὰ
3818 652 3917 722 ῥή-

2339 745 2505 799 ματα.
2542 729 2721 782 Ὥστε
2755 728 2915 798 ὑμᾶς
2933 729 3019 798 μὴ
3054 731 3435 798 ὑστερεῖσθαι
3461 731 3531 784 ἐν
3554 731 3770 800 μηδενί
3805 749 3913 803 χα-

732 808 928 875 Ἰησοῦ
970 826 985 841 ο
1024 809 1115 864 ὅτι
1156 811 1229 864 ἐν
1263 810 1443 864 παντί
1488 810 1928 879 ἐπλουτίσθητε
1956 810 2026 865 ἐν
2052 808 2235 875 αὐτῷ.
2328 811 2597 880 ρίσματι.
2612 812 2774 881 Μέγα
2801 811 3037 867 ἐνταῦθα
3056 811 3330 883 ζητεῖται·
3354 815 3403 867 εί
3428 813 3479 866 οί
3502 813 3915 877 πλουτισθέντες

715 897 790 947 α.¹
823 894 890 945 Ὃ
918 894 1032 957 τοῖς
1058 893 1238 957 ἀλλοις
1267 896 1526 965 παραινεῖ
1556 895 1751 958 ποιεῖν,
1772 893 1968 963 λέγων,
2005 894 2110 947 Ἐν
2136 892 2237 945 εὐ-

647 976 927 1045 χαριστίᾳ
946 979 1017 1030 τὰ
1048 977 1341 1047 αίτήματα
1371 977 1539 1048 ὑμῶν
1565 976 1932 1050 γνωριζέσθω
1957 976 2107 1045 πρὸς
2131 974 2240 1028 τὸν

649 1058 821 1123 Θεὸν,
855 1058 1014 1113 τοῦτο
1046 1062 1140 1114 καὶ
1166 1062 1329 1127 αὐτὸς
1368 1064 1628 1135 ἔπραττε,
1652 1063 1920 1117 διδάσκων
1946 1062 2093 1132 ἡμᾶς
2129 1060 2238 1113 ἀπὸ

645 1140 854 1195 τούτων
876 1143 1141 1214 ἄρχεσθαι
1168 1146 1276 1199 τῶν
1306 1146 1481 1215 λόγων
1504 1148 1611 1211 ἀεὶ,
1639 1148 1735 1201 καὶ
1759 1146 1865 1218 πρὸ
1896 1143 1965 1200 πό
1976 1162 2115 1199 ντων
2147 1145 2235 1197 εὑ-

646 1228 926 1295 χαριστεῖν
954 1225 1033 1296 τῷ
1054 1227 1193 1297 Θεῷ.
1224 1229 1390 1281 Οὐδὲν
1413 1229 1522 1300 7&9
1544 1229 1689 1283 οὕτω
1708 1229 1785 1299 τῷ
1806 1228 1925 1300 Θεῷ
1957 1229 2130 1297 φίλον,
2158 1227 2235 1291 ὡς

644 1308 708 1361 τὸ
734 1308 1098 1380 εὐχαρίστους
1127 1307 1289 1373 εἶναι,
1315 1312 1410 1365 καὶ
1442 1313 1581 1383 ὑπὲρ
1604 1312 1816 1366 ἑαυτῶν
1846 1314 1942 1365 καὶ
1971 1313 2111 1383 ὑπὲρ
2137 1311 2233 1365 ἀλ-

644 1391 771 1447 λων.
794 1392 889 1447 Διὸ
913 1393 1011 1447 καὶ
1031 1395 1213 1465 πάσης
1234 1395 1421 1466 σχεδὸν
1450 1395 1771 1466 Ἐπιστολῆς
1795 1395 1953 1449 τοῦτο
1979 1394 2232 1470 προτίθη-

646 1490 732 1529 σιν
754 1493 770 1507 ·
798 1476 1033 1532 ἐνταῦθα
1060 1478 1117 1531 δέ
1150 1479 1245 1533 καὶ
1282 1478 1710 1550 ἀναγκαιότερον
1740 1479 1774 1551 ἢ
1814 1481 1872 1532 ἐν
1900 1481 2021 1543 ταῖς
2043 1478 2230 1541 ἀλλαις

642 1558 777 1611 αὐτὸ
805 1561 1058 1631 πράττει.
1101 1561 1159 1615 '0
1191 1562 1299 1633 7&9
1324 1563 1688 1635 εὐχαριστῶν,
1720 1564 1810 1615 καὶ
1842 1563 1917 1627 ὡς
1950 1559 2009 1615 εὖ
2033 1560 2232 1616 ’παθὼν

640 1638 976 1710 εὐχαριστεῖ,
1012 1643 1108 1695 καὶ
1158 1644 1250 1697 ἐπὶ
1295 1645 1479 1717 χάριτι
1514 1644 1827 1715 εὐχαριστεῖ
1860 1663 1869 1672 ·
1912 1647 1945 1715 ή
1976 1645 2032 1697 δέ
2071 1644 2231 1713 χάρις

639 1721 741 1775 οὐκ
772 1722 961 1794 όφειλὴ
991 1726 1113 1778 οὐδέ
1151 1726 1354 1799 ἀμοιϐὴ
1398 1727 1523 1781 οὐδὲ
1562 1728 1860 1789 ἀντίδοσις·
1896 1728 1925 1780 δ
1954 1724 2229 1795 πανταχοῦ

642 1804 742 1874 μὲν
772 1806 1069 1873 ἀναγκαῖον
1098 1807 1302 1876 λέγειν,
1334 1810 1514 1880 πολλῷ
1533 1810 1589 1862 δὲ
1616 1810 1776 1862 πλέον
1807 1810 1899 1861 ἐπὶ
1929 1808 2232 1878 Κορινθίων

619 1886 747 1962 ,τῶν
775 1890 1085 1959 κεχηνότων
1115 1892 1252 1961 πρὸς
1291 1894 1420 1955 τοὺς
1459 1893 1818 1959 διατεμόντας
1860 1893 1961 1961 τὴν
1997 1891 2229 1962 Ἐκκλη⁹

638 1971 779 2028 σίαν.
822 1972 905 2037 Τῷ
934 1975 1056 2038 Θεῷ
1090 1993 1229 2043 μου.
1282 1975 1418 2027 ’Δπὺ
1461 1973 1665 2045 πολλῆς
1695 1977 1795 2045 τῆς
1837 1974 2128 2036 διαθέσεως
2170 1974 2228 2029 τδ

636 2054 832 2106 κοινδν”
858 2056 1095 2125 ἁρπάζει
1143 2057 1237 2108 καὶ
1290 2057 1662 2120 ίδιοποιεῖται,
1711 2058 1741 2110 δ
1784 2057 1878 2111 καὶ
1920 2059 2227 2127 προφήταις

633 2135 756 2199 ἔθος
788 2137 875 2190 ἀεὶ
896 2138 1077 2206 λέγειν
1105 2155 1117 2167 ·
1166 2140 1219 2191 '0
1253 2139 1416 2204 Θεὸς,
1452 2143 1485 2193 ό
1519 2142 1664 2207 Θεός
1690 2158 1827 2209 μου.
1861 2142 1970 2194 Καὶ
2001 2143 2080 2203 είς
2101 2159 2227 2212 προ·

631 2220 839 2291 τροπὴν
862 2222 1060 2285 αὐτοὺς
1096 2223 1279 2291 ἐνάγει
1300 2235 1326 2262 ι
1354 2222 1447 2275 τοῦ
1480 2224 1573 2276 καὶ
1607 2224 1805 2286 αὐτοὺς
1835 2222 1993 2276 τοῦτο
2025 2224 2221 2291 λέγειν.

640 2302 700 2356 '0
747 2302 856 2374 7&9
901 2303 1046 2357 οὕτω
1091 2304 1285 2372 λέγων,
1322 2305 1429 2358 ἀπὸ
1459 2305 1678 2359 πάντων
1723 2305 1831 2359 τῶν
1867 2306 2224 2379 ἀνθρωπίνων

631 2388 926 2457 ἀναχωρεῖ,
961 2388 1057 2439 καὶ
1098 2390 1268 2457 χωρεῖ
1297 2388 1433 2457 πρὸς
1462 2390 1691 2447 ἐκεῖνον,
1734 2388 1790 2442 δν
1835 2390 1975 2458 μετά
2023 2390 2225 2459 πολλῆς

630 2467 789 2520 καλεῖ
817 2468 920 2538 τῆς
951 2468 1267 2533 διαθέσεως.
1296 2471 1465 2523 Τοῦτο
1497 2470 1607 2541 γὰρ
1637 2469 1863 2525 δύναται
1890 2471 2067 2538 λέγειν
2090 2488 2224 2541 γνη-

631 2550 764 2615 σίως
800 2554 828 2605 ὁ
874 2553 983 2606 ἀπὸ
1014 2552 1121 2606 τῶν
1167 2552 1437 2623 βιωτικῶν
1484 2554 1790 2608 ἀναϐαίνων
1835 2554 1923 2607 ἀεὶ
1961 2555 2094 2623 πρὸς
2134 2554 2224 2606 τὸν

629 2635 781 2703 Θεὸν,
811 2638 904 2691 καὶ
928 2638 1184 2692 ἀπάντων
1215 2639 1375 2691 αὐτὸν
1407 2638 1685 2706 προτιθεὶς
1712 2640 1965 2704 πάντοτε,
2002 2638 2097 2691 καὶ
2130 2638 2222 2691 εὑ-

627 2719 906 2791 χαριστῶν
924 2720 1211 2791 διηνεκῶς,
1238 2721 1336 2789 οὐχ
1361 2720 1501 2789 ὑπὲρ
1529 2720 1627 2789 τῆς
1659 2720 1759 2790 ήδη
1789 2719 2038 2791 δοθείσης
2068 2722 2224 2793 χάρι-

627 2819 743 2867 τος,
772 2802 888 2855 ἀλλ’
913 2802 969 2855 εί
995 2804 1127 2855 ποτέ
1165 2820 1215 2855 τι
1244 2803 1339 2855 καὶ
1388 2802 1527 2872 μετά
1572 2802 1747 2856 ταῦτα
1769 2803 1977 2871 ἀγαθὸν
2009 2806 2221 2874 γέγονε,

629 2886 725 2938 καὶ
756 2886 896 2956 ὑπὲρ
915 2884 1108 2938 τούτου
1134 2885 1234 2955 τὴν
1262 2885 1434 2957 αὐτὴν
1460 2887 1721 2959 ἀναφέρει
1748 2888 2027 2959 εὐφημίαν
2050 2890 2218 2960 αὐτῷ.

628 2968 730 3021 Διά
751 2968 911 3021 τοῦτο
937 2968 1035 3039 οὐχ
1064 2968 1251 3032 ἁπλῶς
1278 2964 1451 3035 εἶπεν,
1486 2971 1837 3041 Εὐχαριοτῶ,
1866 2972 2025 3035 ἀλλά,
2062 2972 2221 3026 Πάν-

626 3066 766 3104 τοτε
791 3049 944 3117 ὑπὲρ
979 3049 1167 3119 ὑμῶν.
1218 3052 1489 3104 παιδεύων
1520 3052 1719 3116 αὐτοὺς
1764 3053 1857 3107 καὶ
1901 3054 1989 3107 ἀεὶ
2021 3054 2220 3109 ειδέναι

626 3134 808 3205 χάριν,
842 3134 938 3186 καὶ
988 3132 1178 3203 μηδενὶ
1222 3135 1395 3205 ἑτέρῳ
1422 3132 1522 3206 [9],
1565 3135 1681 3188 ἀλλ’
1713 3134 1747 3207 ἢ
1775 3134 1854 3206 τῷ
1882 3135 2002 3207 Θεῷ
2035 3137 2218 3208 μόνον.

639 3216 775 3273 Ἐπί
816 3215 891 3284 τῇ
922 3215 1120 3285 χάριτι
1165 3217 1271 3272 τοῦ
1304 3219 1473 3273 Θεοῦ.
1528 3221 1693 3291 Ὁρᾷς
1731 3220 1849 3285 πῶς
1881 3223 2221 3295 πανταχόθεν

624 3301 824 3365 αὐτοὺς
852 3299 1159 3373 διορθοῦται
1186 3318 1200 3368 ;
1243 3300 1414 3355 Ἔνθα
1438 3301 1548 3375 7&9
1577 3305 1737 3376 χάρις
1766 3306 1939 3373 ἐστὶν,
1962 3306 2099 3378 ἔργα
2118 3311 2218 3364 οὐκ

624 3381 774 3436 ἔστιν
798 3398 812 3412 ·
846 3383 981 3437 ἔνθα
1004 3383 1162 3455 ἔργα,
1195 3384 1379 3438 οὐκέτι
1402 3386 1564 3457 χάρις
1599 3387 1769 3441 ἐστίν.
1803 3389 1867 3442 El
1906 3391 2089 3443 τοίνυν
2115 3391 2215 3461 χά-

626 3482 730 3536 ρις,
754 3465 809 3519 τί
836 3466 981 3536 μέγα
1010 3469 1287 3537 φρονεῖτε;
1320 3466 1923 3541 πόθενλπεφυσιωμένοι
1951 3475 2104 3541 ἐστέ;
2138 3476 2217 3545 Τῇ

620 3552 871 3621 δοθείσῃ
917 3552 1085 3622 ὑμῖν.
1130 3552 1241 3605 Kal
1281 3553 1371 3607 διὰ
1404 3554 1550 3618 τίνος
1579 3555 1771 3628 ἐδόθη;
1814 3553 1924 3628 ἆρα
1957 3559 2026 3612 δι’
2055 3560 2215 3630 ἐμοῦ,

621 3637 656 3711 ἢ
693 3640 760 3695 δι’
795 3640 982 3712 ἐτέρου
1032 3642 1368 3706 ἀποστόλους
1414 3642 1701 3713 Οὐδαμῶς,
1742 3645 1878 3699 ἀλλά
1908 3646 1995 3700 διὰ
2041 3648 2216 3719 Ἰησοῦ

620 3722 861 3793 Χριστοῦ
886 3739 900 3753 ο
929 3723 989 3777 τὸ
1027 3723 1159 3796 7&9,
1198 3724 1304 3777 Ἐν
1328 3724 1566 3793 Χριστῷ
1599 3727 1826 3794 Ἰησοῦ,
1859 3729 2020 3782 τοῦτό
2043 3730 2214 3785 ἐστιν.

625 3808 768 3878 Ὅρα
796 3806 916 3869 πῶς
947 3805 1219 3878 πολλαχοῦ
1247 3808 1309 3861 τὸ
1333 3848 1349 3871 ,
1389 3808 1480 3875 ἐν,
1514 3809 1637 3864 ἀντὶ
1665 3810 1783 3876 τοῦ,
1811 3812 1886 3864 δι’
1921 3809 2016 3878 οὗ,
2044 3815 2211 3868 ἐστίν.

620 3890 737 3942 Οὐκ
778 3891 888 3961 ἄρα
938 3890 1162 3945 ἔλαττον
1216 3892 1375 3945 τοῦτο
1424 3893 1541 3956 τοῦ,
1593 3892 1878 3947 διάΝὊτι
1926 3895 1997 3947 ἐν
2033 3897 2214 3950 παντί

619 3972 1086 4039 ἐπλουτίσθητε.
1134 3972 1305 4027 Πάλιν
1346 3973 1437 4027 διά
1476 3974 1658 4040 τίνος;
1711 3975 1798 4027 Ἐν
1836 3975 2009 4047 αὐτῷ,
2060 3979 2211 4051 φησί.

621 4053 734 4107 Καὶ
760 4054 859 4122 οὐχ
888 4054 1079 4117 ἀπλῶς
1114 4055 1529 4126 ἐπλουτίσθητε,
1550 4056 1689 4111 ἀλλά
1725 4058 1819 4112 καὶ
1873 4060 1978 4114 Ἕν
2008 4062 2211 4117 παντί.

625 4136 794 4190 Ὅταν
819 4131 913 4190 οὖν
942 4136 1037 4189 καὶ
1076 4136 1305 4203 πλοῦτος
1335 4133 1393 4213 ᾖ,
1435 4140 1531 4193 καὶ
1557 4139 1691 4195 Θεοῦ
1726 4142 1979 4208 πλοῦτος,
2018 4147 2114 4200 καὶ
2154 4148 2215 4199 ἐν

626 4220 805 4285 παντὶ,
838 4220 933 4273 καὶ
955 4220 1045 4274 διά
1071 4220 1164 4275 τοῦ
1202 4223 1564 4293 Μονογενοῦς,
1600 4225 1856 4297 ἐννόησον
1884 4229 1976 4282 τὸν
2005 4230 2214 4299 ἄφατον

619 4303 916 4387 θησαυρόν.
955 4306 1059 4359 Ἐν
1082 4307 1262 4359 παντί
1286 4308 1447 4375 λόγῳ
1468 4308 1566 4360 καί
1591 4308 1758 4377 πάσῃ
1785 4310 2020 4379 γνώσει.
2052 4315 2212 4387 Λόγῳ

618 4387 680 4439 οὐ
713 4387 792 4456 τῷ
817 4385 1036 4451 ἔξωθεν,
1064 4389 1201 4441 ἀλλά
1238 4388 1318 4459 τῷ
1346 4389 1441 4442 τοῦ
1480 4390 1635 4443 Θεοῦ.
1679 4394 1833 4445 Ἔστι
1875 4394 1984 4466 7&9
2023 4385 2212 4463 γνῶσις

618 4469 779 4539 λόγου
816 4470 1009 4542 χωρὶς,
1045 4472 1140 4524 καὶ
1181 4471 1298 4524 ἔστι
1323 4473 1523 4540 γνῶσις
1561 4474 1699 4543 μετά
1738 4474 1920 4544 λόγου.
1958 4480 2068 4533 Kal
2102 4482 2210 4553 7&9

619 4553 728 4633 είσὶ
758 4554 946 4607 πολλοὶ
967 4553 1172 4623 γνῶσιν
1194 4554 1295 4624 μὲν
1320 4555 1556 4626 ἔχοντες,
1586 4556 1744 4626 λόγον
1765 4558 1819 4612 δὲ
1840 4561 1941 4613 οὐκ
1970 4562 2207 4633 ἔχοντες,

615 4630 731 4690 οἷον
761 4638 812 4691 οί
838 4636 1064 4702 ίδιῶται,
1090 4638 1184 4692 καὶ
1211 4639 1286 4710 μὴ
1323 4640 1611 4711 δυνάμενοι
1646 4630 2007 4715 παραστῆσαι
2020 4630 2209 4717 σαφῶς

618 4721 762 4794 ἅπερ
807 4722 1024 4794 ἔχουσιν
1057 4724 1115 4777 ἐν
1143 4723 1373 4794 διανοίᾳ.
1426 4725 1564 4777 Ἀλλ’
1604 4728 1702 4798 οὐχ
1752 4729 1911 4799 ὑμεῖς
1951 4731 2203 4797 τοιοῦτοι,

618 4807 807 4879 φησὶν,
851 4808 989 4863 ἀλλά
1018 4809 1112 4863 καὶ
1139 4809 1326 4882 νοῆσαι
1347 4809 1440 4863 καὶ
1475 4811 1649 4863 εἰπεῖν
1675 4804 1885 4868 ἱκανοί)
1903 4817 2105 4881 Καθὼς
2141 4817 2209 4871 τὸ

612 4891 947 4960 μαρτύριον
987 4891 1096 4945 τοῦ
1144 4892 1403 4961 Χριστοῦ
1447 4892 1762 4961 ἐϐεϐαιώθη
1797 4897 1863 4967 ἐν
1903 4899 2064 4967 ὑμῖν.
2119 4900 2207 4953 Ἐν

615 4974 770 5043 τάξει
808 4975 1047 5029 ἐπαίνων
1078 4977 1173 5029 καὶ
1204 4977 1553 5047 εὐχαριστίας
1598 4979 1798 5050 σφόδρα
1850 4982 2031 5035 αὐτῶν
2072 4984 2206 5037 καθα

615 5059 871 5113 άπτεται.
904 5058 978 5112 Οὐ
1012 5058 1121 5129 7&9
1158 5059 1247 5112 διὰ
1274 5061 1376 5130 τῆς
1414 5060 1612 5126 ἔξωθεν
1639 5062 1976 5133 φιλοσοφίας,
2015 5068 2202 5138 φησὶν,

613 5141 736 5194 οὐδὲ
764 5141 852 5223 διά
884 5142 985 5212 τῆς
1020 5141 1220 5208 ἔξωθεν
1247 5142 1606 5209 παιδεύσεως,
1639 5145 1772 5198 ἀλλὰ
1800 5147 1888 5201 διὰ
1917 5150 2015 5219 τῆς
2046 5152 2204 5223 χάρι-

615 5240 707 5287 τος
743 5222 839 5276 τοῦ
876 5223 1035 5287 Θεοῦ,
1074 5226 1167 5279 καὶ
1200 5225 1293 5279 τοῦ
1318 5226 1548 5280 πλούτου
1576 5227 1672 5279 καὶ
1699 5229 1796 5299 τῆς
1822 5230 2081 5299 γνώσεως
2109 5222 2203 5290 καὶ

612 5306 712 5361 τοῦ
745 5307 902 5377 λόγου
932 5310 1027 5362 τοῦ
1064 5310 1195 5382 παρ’
1219 5311 1384 5363 αὐτοῦ
1405 5310 1650 5375 δοθέντος
1676 5313 1976 5387 ἠδυνήθητε
2012 5320 2202 5389 μαθεῖν

612 5391 683 5445 τά
725 5391 823 5461 τῆς
867 5392 1124 5464 ἀληθείας
1177 5395 1421 5465 δόγματα
1481 5398 1572 5449 καί
1619 5394 1980 5470 βεϐαιωθῆναι
2021 5406 2101 5469 εἰς
2142 5407 2202 5460 τὸ

618 5475 925 5546 μαρτύριον
956 5478 1051 5531 τοῦ
1086 5478 1316 5549 Κυρίου,
1367 5480 1663 5542 τουτέστιν,
1705 5482 1783 5544 εἰς
1818 5484 1878 5536 τὸ
1915 5486 2198 5558 κήρυγμα.

616 5558 836 5614 Πολλῶν
870 5563 977 5635 γὰρ
1031 5561 1373 5616 ἀπελαύσατε
1420 5564 1685 5633 σημείων,
1728 5567 1941 5621 πολλῶν
1986 5572 2200 5643 θαυμά-

614 5662 744 5711 των,
786 5648 993 5717 ἀφάτου
1018 5649 1259 5719 χάριτος,
1287 5647 1425 5702 ὥστε
1449 5648 1705 5714 δέξασθαι
1738 5650 1798 5704 τὸ
1827 5654 2109 5725 κήρυγμα.
2137 5658 2197 5710 El

613 5729 795 5783 τοίνυν
828 5731 1194 5803 ἐϐεϐαιώθητε
1228 5732 1316 5787 διὰ
1350 5735 1593 5805 σημείων
1625 5735 1721 5790 καὶ
1758 5737 1981 5810 χάριτος
2002 5780 2017 5807 ,
2055 5741 2198 5807 τίνος

612 5816 801 5869 ἕνεκεν
831 5818 1280 5889 παρασαλεύεσθε
1307 5836 1319 5884 ;
1350 5819 1533 5875 Ταῦτα
1562 5819 1617 5875 δὲ
1637 5823 1773 5894 ὁμοῦ
1805 5824 1898 5879 καί
1922 5825 2193 5883 καθαπτο-

677 5967 693 5990 ⁸
720 5968 839 6033 Ilii,
866 5972 1044 6029 ἀνάγει.

2336 893 2394 946 ἐν
2418 896 2582 947 παντὶ
2621 894 2785 966 λόγῳ,
2814 895 2891 959 ὡς
2928 896 3095 967 μηδὲν
3133 895 3478 966 ὑστερεῖσθαι
3505 896 3563 950 ἐν
3596 896 3785 969 μηδενὶ
3817 915 3911 969 χα·

2338 974 2585 1047 ρίσματι,
2620 978 2741 1041 πῶς
2772 972 2920 1032 οὗτοι
2955 978 3210 1051 σαρκικοί
3239 980 3397 1033 εἰσιν.
3423 979 3484 1032 El
3508 979 3617 1050 7&9
3647 979 3797 1050 παρά
3816 980 3911 1050 τὴν

2336 1052 2510 1129 ἀρχὴν
2529 1059 2760 1114 τοιοῦτοι
2784 1055 2946 1133 ἦσαν,
2974 1060 3155 1132 πολλῷ
3180 1062 3380 1132 μᾶλλον
3403 1061 3518 1115 νῦν.
3543 1063 3667 1125 Πῶς
3698 1059 3790 1115 οὖν
3812 1063 3879 1114 αὐ
3898 1092 3915 1103 -

2334 1141 2461 1204 τοὺς
2499 1143 2797 1213 σαρκικοὺς
2824 1143 3015 1211 καλεῖς
3055 1148 3137 1199 Οὐ
3166 1143 3277 1215 τὰρ
3307 1144 3621 1213 ἠδυνήθην
3645 1145 3786 1215 ὑμῖν
3809 1148 3914 1198 λα-

2344 1222 2544 1291 λῆσαι,
2577 1226 2762 1297 φησὶν,
2809 1228 2889 1294 ὡς
2925 1228 3369 1297 πνευματικοῖς,
3398 1229 3537 1283 ἀλλ’
3581 1228 3662 1294 ὥς
3705 1226 3912 1297 σαρκι-

2335 1304 2487 1373 κοῖς.
2521 1308 2587 1360 Τί
2614 1305 2708 1364 οὖν
2747 1309 2897 1363 ἔστιν
2928 1312 3103 1364 εἰπεῖν
3123 1327 3139 1377 ;
3163 1311 3286 1364 Ὀτι
3315 1311 3466 1383 παρά
3488 1309 3586 1382 τὴν
3625 1310 3800 1380 ἀρχὴν
3826 1326 3917 1363 πι-

2335 1389 2677 1457 στεύσαντες,
2700 1392 2796 1446 καὶ
2836 1393 3105 1447 παντοίων
3127 1394 3157 1434 ι»
3177 1395 3526 1464 ἐπιτυχόντες
3558 1392 3916 1464 χαρισμάτων

2336 1469 2453 1540 (καὶ
2480 1474 2588 1544 7&9
2617 1474 2843 1545 ἐζήλουν
2874 1476 3056 1548 αὐτὰ),
3090 1475 3318 1547 ὕστερον
3361 1476 3722 1548 ρᾳθυμότεροι
3756 1477 3916 1545 γεγό-

2333 1572 2487 1609 νασιν
2513 1558 2594 1629 ’ἦ
2645 1561 2695 1611 εί
2736 1559 2811 1629 μὴ
2846 1560 3025 1625 τοῦτο,
3076 1561 3159 1615 δτι
3208 1562 3271 1614 οὐ
3317 1562 3455 1632 πρὸς
3492 1560 3742 1623 ἃπαντας
3788 1558 3915 1613 οὔτε

2332 1637 2501 1691 ταῦτα
2526 1639 2651 1693 οὕτε
2693 1642 2878 1694 ἐκεῖνα
2918 1641 3165 1709 λέγεται’
3198 1643 3335 1696 ἀλλά
3363 1643 3432 1696 τὰ
3474 1642 3573 1714 μὲν
3623 1642 3760 1713 πρὸς
3786 1642 3918 1705 τοὺς

2332 1719 2669 1784 ὑπευθύνους
2696 1725 2814 1784 ταῖς
2853 1724 3235 1794 κατηγορίαις,
3282 1725 3350 1778 τά
3386 1725 3442 1778 δέ
3485 1726 3623 1795 πρὸς
3654 1726 3781 1789 τοὺς
3819 1741 3921 1778 κο-

2334 1802 2553 1872 μῶντας
2578 1807 2692 1868 τοῖς
2710 1805 2976 1869 ἐπαίνοις.
3003 1807 3124 1859 Ὀτι
3159 1806 3267 1877 7&9
3294 1803 3439 1877 εἶχον
3463 1805 3542 1859 ἔτι
3571 1808 3916 1877 χαρίσματα,

2338 1887 2589 1955 Ψαλμόν
2617 1905 2708 1955 τις
2735 1888 2881 1957 ἔχει,
2912 1890 3096 1959 φησὶν,
3118 1890 3515 1959 ἀποκάλυψιν
3537 1890 3685 1960 ἔχει,
3712 1888 3917 1959 γλῶσ-

2329 1990 2451 2029 σαν
2473 1978 2618 2045 ἔχει,
2648 1977 2976 2045 ἑρμηνείαν
2995 1977 3121 2048 ἔχει
3141 1992 3154 2005 ⁸
3184 1977 3382 2030 πάντα
3408 1976 3560 2045 πρὸς
3588 1975 3922 2043 οἰκοδομὴν

2329 2059 2585 2127 γινέσθω
2611 2076 2623 2088 ·
2650 2059 2763 2125 καὶ,
2790 2059 3098 2129 Προφῆται
3131 2059 3201 2113 δὲ
3235 2060 3345 2113 δύο
3380 2059 3418 2127 ἣ
3446 2058 3603 2125 τρεῖς
3629 2057 3921 2112 λαλείτω-

2328 2156 2467 2195 σαν.
2508 2143 2663 2196 Ἔστι
2698 2144 2754 2196 δὲ
2797 2146 2891 2198 καὶ
2926 2143 3113 2213 ἕτερόν
3145 2161 3197 2196 τι
3236 2145 3430 2207 είπεῖν,
3460 2144 3542 2196 ἂτι
3574 2142 3767 2212 ῶσπερ
3792 2140 3920 2203 ἔθος

2325 2228 2458 2295 ἡμῖν
2486 2226 2665 2294 λέγειν
2684 2227 2744 2280 τὸ
2773 2228 2932 2281 πλέον
2956 2228 3120 2287 ἅπαν,
3156 2225 3298 2280 οὑτω
3328 2228 3419 2279 καὶ
3440 2226 3673 2279 ἐνταῦθα
3699 2226 3915 2296 εἴρηκε.

2326 2310 2483 2363 Μετά
2519 2312 2576 2364 δὲ
2602 2313 2812 2365 τούτων
2846 2309 3002 2383 οἶμαι
3031 2312 3127 2366 καὶ
3153 2311 3215 2364 τὸ
3239 2310 3434 2364 ἐαυτοῦ
3477 2309 3638 2363 αὐτὸν
3674 2309 3919 2362 αἰνίττε-

2328 2394 2472 2455 σθαι,
2505 2395 2585 2446 ὅτι
2629 2396 2723 2449 καὶ
2766 2397 2926 2459 αὐτὸς
2962 2395 3033 2448 τά
3070 2397 3270 2465 σημεῖα
3302 2394 3632 2457 ἐπεδείξατο,
3660 2392 3919 2465 καθάπερ

2325 2476 2418 2527 καὶ
2447 2476 2505 2527 ἐν
2538 2477 2602 2546 τῇ
2637 2476 2862 2547 δευτέρᾳ
2894 2477 3030 2547 πρὸς
3069 2477 3265 2540 αὐτοὺς
3291 2475 3576 2545 Ἐπιστολῇ
3610 2475 3795 2541 λέγει·
3834 2477 3919 2529 Τὰ

2320 2556 2529 2626 μέντοι
2577 2559 2796 2627 σημεῖα
2844 2559 2950 2613 τοῦ
3004 2560 3357 2614 ἀποστόλου
3400 2556 3794 2625 κατειργάσθη
3842 2558 3918 2611 ἐν

2322 2639 2556 2708 ὑμῖνέν
2580 2642 2748 2711 πάσῃ
2781 2641 3063 2712 ὑπομονῇ
3086 2658 3099 2673 ³
3140 2642 3233 2695 καὶ
3266 2641 3448 2703 πάλιν,
3487 2639 3553 2693 Τί
3588 2639 3698 2709 γάρ
3737 2641 3919 2694 ἐστιν

2323 2722 2355 2776 δ
2395 2725 2696 2793 ἡττήθητε
2742 2724 2896 2793 ὑπὲρ
2936 2726 3045 2791 τὰς
3082 2724 3301 2790 λοιπὰς
3352 2724 3759 2789 Ἔκκλησίας;
3814 2722 3915 2788 Ἣ,

2324 2805 2439 2878 [10]
2464 2808 2601 2879 ὅπερ
2626 2807 2782 2879 ἔφην,
2813 2809 2909 2861 καὶ
2933 2809 3042 2861 τῶν
3073 2808 3268 2861 ἑαυτοῦ
3304 2808 3731 2876 ἀναμιμνήσκει,
3756 2806 3788 2877 ἦ
3816 2807 3916 2859 καὶ

2322 2889 2459 2959 πρὸς
2487 2892 2613 2953 τοὺς
2642 2891 2721 2943 ἔτι
2742 2891 2901 2953 δντας
2922 2890 3174 2960 δοκίμους
3195 2890 3365 2942 ταῦτα
3391 2890 3562 2956 λέγει.
3592 2884 3773 2941 ’Ἦσαν
3800 2890 3916 2960 γὰρ

2322 2972 2508 3025 πολλοὶ¹
2547 2973 2691 3041 ἅγιοι
2732 2974 2930 3040 ἐκεῖσε,
2965 2972 3162 3036 οἵτινες
3206 2974 3302 3026 xal
3336 2971 3532 3038 ἔταξαν
3561 2971 3785 3033 ἑαυτοὺς
3826 2974 3913 3034 είς

2319 3054 2595 3109 διακονίαν
2639 3053 2747 3107 τῶν
2798 3054 2990 3123 ἀγίων,
3042 3056 3139 3108 καὶ
3199 3054 3424 3127 ἀπαρχὴ
3489 3054 3745 3122 γεγόνασι
3808 3052 3915 3121 τῆς

2334 3140 2577 3210 Ἀχαΐας,
2621 3137 2873 3208 καθάπερ
2908 3138 3044 3209 πρὸς
3067 3137 3146 3208 τῷ
3185 3138 3330 3191 τέλει
3374 3137 3540 3206 δηλοῖ.
3577 3135 3787 3199 ’Ἄλλως
3824 3135 3911 3200 δὲ,

2320 3222 2427 3277 κάν
2460 3222 2535 3293 μὴ
2578 3221 2784 3294 σφόδρα
2828 3222 2928 3291 τῆς
2972 3221 3237 3292 ἀληθείας
3288 3223 3518 3293 έχωνται
3568 3220 3616 3273 οί
3671 3218 3911 3280 ἔπαινοι,

2319 3304 2434 3359 ἀλλ’
2466 3306 2614 3374 ὅμως
2639 3303 2999 3375 οἰκονομικῶς
3030 3304 3305 3381 ἐγκεινται
3339 3301 3809 3375 προοδοποιοῦντες
3827 3300 3916 3371 τῷ

2318 3387 2481 3459 λόγῳ.
2534 3387 2594 3444 ’0
2648 3388 2746 3459 μὲν
2792 3388 2902 3460 7&9
2952 3389 3015 3442 ἐκ
3070 3387 3374 3459 προοιμίων
3424 3385 3623 3445 εὐθέως
3672 3383 3915 3454 φορτικά

2318 3470 2710 3542 φθεγγόμενος,
2746 3470 3037 3524 ἀπέκλεισε
3069 3473 3184 3533 τοῖς
3210 3470 3389 3538 λόγοις
3418 3468 3516 3538 τὴν
3553 3467 3722 3536 ἀκοὴν
3752 3465 3916 3535 παρὰ

2316 3558 2431 3619 τοίς
2477 3554 2913 3626 ἀσθενεστέροις.
2968 3555 3071 3607 "Av
3114 3571 3174 3607 τε
3378 3552 3631 3623 ὁμότιμοι
3670 3544 3803 3603 ὦσιν
3852 3550 3913 3601 οἱ

2316 3639 2627 3688 ἀκούοντες.
2652 3637 2963 3688 ὀργίζονται
2990 3654 3004 3667 ·
3027 3636 3094 3688 ἀν
3113 3653 3173 3688 τε
3196 3652 3268 3688 σςο
3332 3652 3401 3688 aa
3431 3635 3705 3688 ἐλάττους.
3731 3633 3913 3688 λυπη-

2316 3639 2627 3703 ἀκούοντες,
2652 3637 2963 3710 ὀργίζονται
2990 3654 3004 3667 ·
3027 3636 3094 3691 ἀν
3113 3653 3173 3689 τε
3196 3630 3401 3708 σφόδρα
3431 3635 3705 3699 ἐλάττους,
3731 3633 3916 3702 λυπη-

2318 3723 2598 3795 θήσονται.
2630 3722 2729 3775 ’Ίν⁹
2767 3716 2861 3775 οὖν
2898 3721 2973 3792 μὴ
3015 3720 3173 3774 τοῦτο
3196 3719 3443 3790 γένηται,
3474 3719 3582 3772 ἀπὸ
3612 3716 3913 3786 ἐγκωμίων

2314 3806 2613 3863 δοκούντων
2659 3800 2797 3859 εἶναι
2833 3807 3065 3859 ποιεῖται
3110 3803 3206 3872 τὴν
3252 3805 3447 3872 ἀρχήν.
3484 3802 3616 3854 Οὐδὲ
3656 3801 3762 3868 γὰρ
3814 3801 3916 3867 ἐγ-

2316 3891 2525 3961 κώμιον
2551 3888 2710 3943 τοῦτο
2749 3884 2815 3958 ἦν
2840 3888 3042 3949 αὐτῶν,
3080 3886 3214 3940 ἀλλά
3242 3888 3339 3956 τῆς
3363 3884 3458 3937 τοῦ
3488 3882 3623 3937 Θεοῦ
3644 3884 3867 3953 χάριτος
3889 3899 3908 3917 ο

2314 3977 2376 4029 τδ
2418 3975 2529 4043 γὰρ
2580 3971 2998 4043 ἁμαρτημάτων
3047 3970 3314 4041 ἀφεθῆναι
3360 3968 3456 4022 καὶ
3520 3965 3907 4034 δικαιωθῆναι,

2314 4058 2473 4112 τοῦτο
2502 4059 2601 4128 τῆς
2647 4056 2854 4109 ἄνωθεν
2888 4052 2956 4125 ἦν
2988 4055 3218 4124 δωρεᾶς.
3254 4055 3352 4110 Διά
3375 4071 3457 4108 τοι
3496 4046 3651 4107 τοῦτο
3690 4050 3782 4103 καὶ
3814 4051 3910 4103 ἐν-

2312 4140 2580 4213 διατρίϐει
2606 4138 2838 4202 τούτοις,
2870 4137 2906 4192 ἃ
2928 4136 3023 4189 τοῦ
3064 4138 3200 4191 Θεοῦ
3222 4138 3458 4192 δείκνυσι
3486 4138 3582 4209 τὴν
3604 4134 3793 4208 φιλανθ
3803 4153 3911 4206 ρω-

2314 4224 2467 4289 πίαν,
2512 4224 2600 4277 ἵνα
2647 4223 2926 4274 ἐπιπλεῖον
2976 4220 3156 4275 αὐτῶν
3210 4221 3491 4292 ἐκκαθάρῃ
3547 4220 3607 4273 τὺ
3661 4220 3901 4289 νόσημα.

2327 4303 2865 4374 Ἀπεκδεχομένους
2920 4301 3035 4369 τὴν
3088 4304 3485 4372 ἀποκάλυψιν
3526 4302 3633 4356 τοῦ
3673 4302 3906 4368 Κυρίου

2313 4390 2485 4467 ἡμῶν
2534 4388 2737 4457 Ἰησοῦ
2761 4387 3041 4455 Χριστοῦ.
3078 4388 3143 4440 Τί
3175 4386 3513 4457 θορυϐεῖσθε,
3542 4384 3699 4454 φησὶ,
3726 4385 3777 4437 τί
3803 4401 3907 4436 τα-

2315 4474 2601 4547 ράσσεσθε,
2653 4474 2734 4525 ὅτι
2777 4471 2838 4523 οὐ
2894 4471 3126 4543 πάρεστι
3173 4472 3449 4542 Χριστός;
3494 4470 3735 4537 Πάρεστι
3797 4469 3908 4538 μὲν

2310 4554 2425 4622 οὖν,
2454 4558 2547 4610 καὶ
2576 4558 2609 4625 ή
2641 4554 2829 4625 ήμέρα
2852 4553 3035 4609 λοιπὸν
3070 4556 3164 4608 ἐπὶ
3193 4554 3403 4625 θύραις.
3436 4553 3548 4607 Kal
3574 4551 3764 4606 σκόπει
3796 4551 3905 4622 τὴν

2313 4640 2524 4710 σοφίαν,
2557 4636 2673 4700 πῶς
2691 4637 2887 4701 αὐτοὺς
2915 4637 3220 4707 ἀπαγαγὼν
3242 4637 3350 4690 τῶν
3372 4636 3744 4708 ἀνθρωπίνων,
3769 4636 3905 4703 ἐφό-

2310 4724 2478 4795 ϐησεν
2499 4722 2820 4791 ἀναμνήσας
2852 4722 2942 4775 τοῦ
2975 4721 3219 4793 βήματος
3253 4720 3347 4775 τοῦ
3387 4718 3640 4790 φοϐεροῦ,
3674 4719 3768 4772 καὶ
3793 4719 3905 4771 δεί-

2309 4809 2427 4875 ξας,
2462 4808 2545 4859 ὅτι
2582 4805 2641 4858 οὐ
2672 4806 2975 4877 προοιμίων
3002 4807 3083 4860 δεῖ
3116 4806 3275 4877 μόνον
3315 4803 3591 4877 χρηστῶν,
3626 4804 3761 4855 ἀλλά
3798 4805 3903 4858 καὶ

2306 4891 2515 4953 τέλους.
2558 4891 2650 4942 Δεῖ
2678 4888 2785 4960 7&9
2820 4889 2956 4959 μετά
2988 4890 3098 4942 τῶν
3132 4888 3486 4961 χαρισμάτων
3517 4885 3744 4951 τούτων,
3794 4887 3900 4940 καὶ

2308 4976 2406 5045 τῆς
2434 4974 2599 5044 ἄλλης
2642 4972 2865 5043 ἀρετῆς,
2908 4974 3008 5046 τὴν
3034 4975 3249 5045 ἡμέραν
3280 4970 3593 5041 ἀναμνῆσαι
3622 4971 3837 5041 ἐκείνην
3874 4986 3893 4999 θ

2309 5059 2404 5113 καὶ
2459 5054 2672 5109 πολλῶν
2712 5057 2871 5127 χρεία
2906 5058 3103 5123 πόνων,
3140 5056 3281 5109 ὥστε
3329 5052 3624 5125 δυνηθῆναι
3661 5054 3795 5123 πρὸς
3827 5054 3900 5107 τὸ

2305 5140 2459 5203 τέλος
2490 5137 2685 5192 ἐλθεῖν.

2377 5224 2443 5294 β’.
2498 5223 2864 5295 Ἀποκάλυψιν
2895 5228 2951 5279 δὲ
2996 5224 3162 5294 λέγει,
3196 5223 3410 5287 δεικνὺς
3452 5224 3533 5276 ὅτι
3578 5221 3624 5275 εί
3675 5221 3768 5273 καὶ
3810 5220 3895 5294 μὴ

2303 5310 2521 5382 δρᾶται,
2542 5308 2658 5360 ἀλλ’
2683 5308 2819 5372 ἐστι,
2841 5312 2936 5363 καὶ
2953 5310 3184 5381 πάρεστι
3204 5308 3295 5363 καὶ
3317 5307 3433 5375 νῦν,
3452 5308 3546 5362 καὶ
3569 5308 3688 5359 τότε
3712 5305 3898 5375 φανή-

2308 5413 2481 5449 σεται.
2526 5392 2835 5465 ’Υπομονῆς
2863 5390 2957 5448 οῦν
2992 5392 3181 5463 χρεία”
3215 5393 3302 5447 διὰ
3332 5393 3487 5447 τοῦτο
3523 5393 3630 5463 γὰρ
3660 5387 3897 5444 ἐλάϐετε

2305 5480 2372 5533 τά
2401 5479 2675 5549 θαύματα,
2701 5478 2785 5532 ἵνα
2813 5479 3030 5549 μείνητε
3062 5477 3286 5547 βέϐαιοι.
3324 5482 3423 5544 ’ος
3446 5476 3544 5530 καί
3564 5474 3892 5541 βεϐαιώσει

2304 5562 2458 5631 ὑμᾶς
2506 5563 2617 5627 ἕως
2675 5561 2889 5625 τέλους
2941 5561 3369 5630 ἀνεγκλήτους.
3427 5559 3687 5613 Ἐνταῦθα
3735 5558 3896 5613 δοκεῖ

2307 5646 2406 5715 μὲν
2435 5645 2634 5707 αὐτοὺς
2664 5644 3012 5715 θεραπεύειν,
3063 5645 3244 5715 πάσης
3280 5646 3334 5697 δέ
3372 5643 3663 5706 κολακείας
3700 5642 3885 5706 ἀπήλ-

2302 5728 2493 5782 λακται
2518 5729 2577 5781 τὸ
2602 5729 2919 5797 λεγόμενον.
2958 5730 3069 5782 Kal
3100 5730 3204 5801 7&9
3224 5724 3361 5782 οἶδεν
3390 5729 3571 5781 αὐτῶν
3597 5729 3882 5782 καθάπτε-

2302 5810 2445 5875 σθαι,
2476 5812 2551 5875 ὠς
2572 5812 2698 5866 ὅταν
2731 5811 2864 5885 λέγῃ
2884 5829 2898 5841 υ
2940 5812 3040 5879 Ὠς
3063 5813 3147 5883 μὴ
3166 5810 3489 5881 ἐρχομένου
3514 5811 3580 5864 δέ
3597 5832 3708 5879 μου
3730 5813 3885 5880 πρὸς

2364 5985 2389 6025 δ
2420 5987 2703 6052 Legebantur
2730 5987 2938 6052 πάντων,
2986 5995 3035 6037 et
3089 6000 3218 6046 mox,
3245 5986 3321 6034 καὶ
3359 5985 3441 6048 γὰρ
3470 5985 3569 6040 ἔζη)
3584 5984 3739 6032 Orﬁto.
