4082 6326
180 344 227 401 \1
1337 349 1404 406 IN
1438 347 1657 406 EPlS‘l‘.
1699 347 1742 403 ι.
1782 351 1799 403 Α

1911 344 2066 403 COH.
2110 346 2337 404 ηοιιιι.
2382 348 2446 404 ll.
3424 356 3491 410 18

1621 502 1967 568 HOMILIA
2010 506 2089 567 Il.

227 670 334 723 Ctr.
362 667 410 722 1.
438 678 497 719 v.
528 663 584 720 ι.
611 660 830 718 Gratias
851 677 955 732 ago
981 663 1097 716 Deo
1122 674 1233 714 meo
1259 673 1456 727 semper
1491 670 1585 725 pro
1610 652 1749 706 vobis
1776 691 1793 716 ,

289 759 527 831 degretia
564 755 680 820 Dei,
707 769 826 825 qua
872 753 999 806 data
1035 760 1109 806 est
1143 749 1281 805 vobis
1307 750 1361 803 in
1400 746 1604 804 Christo
1628 742 1753 799 Jesu
1777 758 1797 797 :

287 854 337 908 5.
366 852 484 921 quia
513 853 566 903 in
585 848 725 903 omni
755 847 938 901 diuites
963 844 1088 916 facti
1116 843 1236 897 estis
1253 843 1304 896 in
1324 840 1435 894 illo.

287 946 337 999 1.
376 941 575 998 Gratia
606 940 718 995 Deo
760 932 1253 1009 πέφαται-011011
1282 931 1417 987 alios
1450 930 1697 985 hortatur
1739 937 1795 981 ut

223 1038 407 1094 faciant
424 1049 553 1090 cum
582 1034 716 1088 dicit
739 1050 753 1085 :
782 1030 848 1085 In
876 1030 1157 1101 gratiarum
1184 1026 1382 1080 actione
1420 1023 1682 1090 petitiones
1706 1037 1794 1074 ve-

215 1142 330 1183 sme
354 1129 679 1182 innotescunt
700 1123 838 1193 apud
856 1120 1060 1184 Deum,-
1091 1118 1194 1173 boc
1218 1117 1393 1187 ipsum
1424 1114 1514 1169 ille
1543 1111 1791 1175 faciebat,

212 1223 407 1277 docens
435 1233 540 1273 nos
561 1217 633 1272 ab
661 1213 966 1285 huiusmodi
996 1225 1209 1281 semper
1238 1208 1416 1264 verbis
1442 1205 1682 1274 incipere
1703 1244 1716 1265 .
1742 1211 1797 1257 et

209 1323 329 1367 ante
365 1311 553 1366 omnia
591 1309 705 1363 Deo
732 1306 933 1378 gratias
957 1318 1135 1376 agere.
1165 1300 1312 1356 Nihil
1342 1300 1483 1354 enim
1515 1306 1623 1352 tam
1652 1304 1797 1351 amat

210 1407 371 1469 Deus,
401 1418 571 1475 quam
608 1411 671 1457 ut
696 1408 847 1471 grato
889 1397 1070 1453 animo
1098 1396 1298 1459 simus,
1330 1402 1384 1447 et
1420 1407 1516 1462 pro
1555 1390 1710 1446 nobis
1738 1399 1795 1444 et

206 1513 299 1567 pro
327 1498 473 1553 aliis.
505 1495 745 1564 Ideoque
774 1493 827 1546 in
854 1489 1001 1545 omni
1041 1486 1155 1541 fere
1175 1485 1401 1554 epistola
1428 1484 1530 1539 hoc
1556 1482 1794 1552 praemit-

203 1591 290 1653 tit;
316 1589 409 1643 hic
426 1602 564 1642 vero
583 1584 759 1654 magis
776 1578 1081 1637 necessario
1102 1577 1203 1631 hoc
1226 1574 1370 1639 facit,
1393 1590 1551 1644 quam
1578 1573 1630 1627 in
1651 1572 1789 1627 aliis.

198 1683 330 1737 Nam
357 1682 451 1750 qui
491 1678 699 1749 gratias
723 1682 852 1746 agit,
881 1683 939 1729 ut
960 1672 1221 1729 beneﬁcio
1241 1669 1473 1724 affectus
1496 1667 1544 1722 id
1572 1668 1713 1737 agit,
1742 1674 1796 1720 et

196 1773 427 1843 gratiam
454 1770 635 1840 gratia
660 1766 929 1837 rependit.
954 1764 1137 1820 Gratia
1164 1776 1291 1817 vero
1317 1776 1416 1817 nec
1433 1759 1668 1815 debitum
1697 1772 1795 1813 nec

196 1880 411 1921 merces
436 1878 547 1918 nec
572 1859 860 1917 retributio
880 1865 983 1913 est.
1011 1854 1164 1923 Quod
1196 1853 1390 1924 ubique
1406 1851 1585 1907 dicere
1607 1862 1794 1904 neces-

195 1973 253 2013 se
281 1966 436 2021 erat,
479 1954 722 2009 maxime
750 1963 880 2005 vero
904 1945 1199 2003 Corinthiis
1220 1985 1237 2010 ,
1283 1944 1373 2013 qui
1415 1942 1689 1997 inhiabant
1726 1938 1794 1994 ad

194 2063 310 2105 eos.
344 2046 438 2117 qui
466 2041 794 2099 scindebant
832 2037 1150 2094 Ecclesiam.
1185 2033 1292 2089 Deo
1317 2050 1448 2089 meo.
1484 2032 1564 2087 Ex
1594 2031 1792 2101 ingenti

194 2142 391 2195 aﬂ’ectu
418 2137 569 2209 quod
604 2148 893 2192 commune
916 2139 1033 2187 erat
1070 2130 1248 2200 rapit,
1280 2136 1337 2184 et
1378 2126 1482 2184 sibi
1520 2126 1792 2197 proprium

196 2234 323 2288 facit
344 2249 363 2296 ;
388 2230 541 2302 quod
568 2229 732 2285 etiam
763 2224 1039 2297 prophetae
1067 2237 1281 2292 semper
1306 2220 1485 2277 dicere
1509 2218 1791 2273 solebant:

197 2324 361 2390 Deus,
390 2322 537 2377 Deus
556 2336 721 2375 meus.
753 2318 1117 2386 Hortaturque
1142 2314 1265 2369 illos
1286 2321 1342 2368 ut
1368 2309 1473 2365 hoc
1512 2310 1685 2379 ipsum
1709 2306 1795 2361 di-

194 2428 341 2472 cant.
364 2414 505 2471 Nam
534 2414 627 2485 qui
656 2412 726 2466 ita
754 2409 992 2481 loquitur
1010 2448 1027 2474 ,
1056 2406 1125 2463 ab
1148 2404 1394 2460 humanis
1424 2401 1676 2458 omnibus
1704 2415 1793 2455 re-

195 2509 372 2573 cedit,
415 2515 474 2561 et
514 2505 584 2560 ad
628 2502 780 2559 illum
809 2500 1013 2566 tendit,
1044 2513 1203 2569 quem
1230 2510 1350 2552 cum
1395 2493 1589 2549 aﬂ‘ectu
1628 2491 1797 2547 multo

198 2610 374 2654 vorat.
409 2599 532 2654 Hoc
556 2598 704 2652 enim
733 2595 948 2666 proprie
975 2601 1030 2648 et
1052 2607 1179 2648 vere
1198 2590 1382 2646 dicere
1408 2597 1584 2659 potest
1613 2587 1679 2652 is,
1704 2585 1797 2657 qui

198 2708 225 2744 a
251 2687 619 2745 sreuhtribus
648 2686 813 2741 rebus
847 2684 918 2738 ad
953 2683 1121 2738 Deum
1153 2694 1369 2750 semper
1411 2677 1654 2734 ascendit
1683 2717 1699 2743 ,
1744 2685 1800 2732 et

205 2784 402 2850 ubique
442 2780 600 2833 illum
659 2775 908 2830 omnibus
947 2770 1243 2841 praeponit,
1286 2769 1495 2837 ipsique
1538 2774 1798 2835 perpetuo

202 2875 398 2945 gratias
424 2871 564 2942 agit,
593 2884 704 2924 non
743 2865 916 2921 solum
953 2863 1022 2919 de
1054 2863 1220 2934 gratia
1261 2860 1373 2930 jam
1421 2859 1582 2923 data;
1618 2855 1712 2912 sed
1752 2855 1797 2911 si

202 2967 320 3037 quid
345 2974 541 3034 postea
563 2961 695 3017 boni
725 2958 920 3013 factum
947 2956 1037 3017 sit.
1063 2968 1159 3025 pro
1182 2968 1247 3009 eo
1268 2953 1428 3008 etiam
1456 2948 1670 3005 laudem
1697 2948 1797 3018 ipsi

201 3059 383 3114 refert.
415 3055 552 3111 Ideo
580 3068 693 3109 non
721 3050 895 3106 solum
921 3048 1073 3113 dixit,
1106 3046 1319 3101 Gratias
1343 3058 1463 3114 ago.
1494 3042 1591 3099 sed
1612 3041 1795 3106 etiam,

206 3151 413 3219 Semper
436 3162 538 3217 pro
564 3144 729 3211 vobis,
760 3155 860 3197 nos
890 3138 1177 3195 instituens
1200 3179 1215 3201 ,
1245 3147 1304 3191 ut
1331 3135 1408 3190 illi
1436 3148 1650 3205 semper
1676 3146 1799 3203 gra-

204 3247 299 3298 tias
326 3242 638 3297 habeamus
661 3279 678 3303 ,
708 3233 1019 3303 neminique
1064 3230 1218 3286 alteri
1243 3270 1259 3293 ,
1290 3226 1386 3283 sed
1434 3227 1543 3281 Deo
1567 3233 1793 3280 tantum.

206 3335 279 3391 De
302 3336 471 3406 gratia
505 3331 625 3385 Dei.
653 3325 844 3383 Vidsn'
872 3328 1143 3396 quomodo
1171 3321 1292 3376 illos
1313 3318 1514 3389 ubique
1542 3315 1810 3387 corrigat?

206 3426 298 3481 Ubi
326 3426 475 3479 enim
500 3430 587 3489 est
609 3418 805 3489 gratia,
835 3431 942 3471 non
971 3421 1096 3469 sunt
1120 3425 1283 3483 opera
1308 3427 1322 3464 :
1348 3408 1438 3464 ubi
1467 3416 1590 3465 sunt
1609 3420 1795 3476 opera,

208 3534 305 3571 non
327 3528 409 3571 est
438 3512 683 3585 amplius
710 3509 906 3581 gratia.
937 3505 997 3562 Si
1022 3518 1155 3575 ergo
1182 3501 1353 3573 gratia
1378 3542 1394 3569 ,
1436 3513 1604 3571 quare
1630 3496 1796 3551 altum

204 3603 383 3677 sapitis
402 3608 428 3661 τ
455 3620 561 3661 cur
597 3601 771 3658 innati
795 3599 928 3655 estis
953 3598 978 3652 τ
1010 3597 1140 3664 Quae
1163 3594 1285 3649 data
1322 3602 1397 3649 est
1431 3591 1589 3647 vobis.
1612 3588 1681 3644 Et
1706 3602 1800 3658 per

206 3714 356 3770 quem
377 3698 509 3752 data
534 3702 623 3749 est
643 3693 669 3747 τ
692 3707 762 3746 an
788 3705 886 3760 per
907 3704 1014 3754 me,
1045 3702 1111 3741 an
1139 3700 1237 3756 per
1262 3684 1425 3740 alium
1456 3678 1799 3753 apostolum?

207 3790 551 3860 Semiaquam
576 3828 595 3851 ,
627 3783 725 3839 sed
752 3796 849 3852 per
873 3780 1060 3835 Jesum
1090 3776 1367 3833 Christum
1401 3793 1414 3830 :
1448 3774 1580 3830 illud
1610 3774 1755 3829 enim
1780 3813 1796 3838 ,

209 3881 270 3936 In
292 3881 497 3937 Christo
524 3876 658 3932 Iesu
680 3918 695 3940 ,
724 3874 827 3929 hoc
852 3869 1137 3943 signiﬁcat.
1187 3866 1321 3924 Vide
1357 3866 1626 3938 quomodo
1655 3880 1800 3935 saepe

209 3972 355 4036 illud,
382 3973 459 4037 in,
492 3984 594 4039 pro
626 3966 738 4031 illo,
766 3980 857 4035 per
878 3979 1048 4034 quem,
1080 3968 1330 4032 ponatur.
1358 3960 1473 4015 Non
1505 3958 1683 4014 minus
1708 3973 1798 4013 er-

210 4070 379 4133 goest
414 4075 581 4131 quam
626 4074 734 4128 per.
794 4053 945 4124 Quod
990 4054 1045 4107 in
1089 4053 1229 4107 omni
1271 4051 1448 4106 divites
1496 4050 1620 4121 facti
1660 4051 1796 4106 estis.

213 4155 410 4213 Rursus
437 4168 539 4224 per
557 4165 720 4223 quem
740 4150 765 4202 ?
794 4149 849 4204 In
880 4146 1020 4219 ipso,
1049 4145 1221 4217 inquit
1246 4162 1262 4200 :
1293 4160 1392 4201 nec
1421 4143 1582 4200 modo
1609 4144 1801 4199 divites

212 4246 326 4302 laeti
354 4245 515 4309 estis,
544 4242 644 4300 sed
666 4242 825 4297 etiam
864 4242 921 4297 in
943 4240 1101 4295 omni.
1129 4237 1266 4293 Cum
1293 4252 1422 4307 ergo
1437 4236 1634 4292 divitize
1654 4245 1798 4302 sunt,

211 4348 263 4393 α
290 4338 381 4392 Dei
408 4336 645 4399 divitiae,
673 4344 727 4390 et
754 4333 806 4387 in
832 4331 1002 4399 omni,
1033 4339 1088 4387 et
1114 4345 1211 4403 per
1236 4328 1603 4400 Uuigeuitum,
1627 4330 1801 4400 cogita

210 4444 366 4500 quam
408 4425 705 4482 ineEabilis
736 4424 806 4480 sit
848 4423 1149 4479 thesaurus.
1178 4420 1247 4477 In
1285 4423 1422 4475 omni
1464 4420 1611 4475 uerbo
1658 4432 1709 4475 et
1749 4422 1803 4476 in

213 4520 346 4574 omni
369 4518 607 4573 sciastia.
635 4514 836 4582 Verbo,
865 4529 974 4570 non
999 4524 1247 4578 externo,
1276 4510 1373 4568 sed
1395 4511 1509 4567 Dei.
1543 4510 1641 4568 Est
1659 4512 1802 4567 enim

214 4611 431 4667 scientia
460 4608 585 4665 sine
608 4607 777 4664 verbo
796 4647 811 4671 ,
843 4614 897 4663 et
923 4614 1008 4662 est
1038 4606 1262 4662 scientia
1289 4619 1412 4661 cum
1442 4604 1628 4659 verbo.
1667 4602 1806 4659 Sunt

214 4715 443 4772 namque
465 4697 690 4770 plurimi
712 4698 803 4769 qui
830 4697 1112 4754 scientiam
1141 4697 1307 4765 nacti,
1331 4696 1551 4753 verbum
1576 4709 1683 4750 non
1706 4695 1803 4750 ba-

216 4795 355 4856 lant.
380 4802 442 4849 ut
470 4790 681 4855 idiotas,
702 4798 759 4846 et
784 4789 873 4859 qui
901 4803 1006 4845 non
1035 4796 1257 4860 possunt
1283 4803 1370 4853 ea,
1396 4803 1515 4860 quae
1544 4786 1597 4844 in
1624 4796 1806 4844 mente

214 4884 431 4950 habent,
453 4882 611 4938 clare
630 4881 951 4951 exprimere.
980 4881 1052 4936 At
1088 4896 1195 4936 non
1233 4894 1329 4936 vos
1355 4880 1491 4936 tales
1514 4880 1645 4937 estis
1662 4919 1679 4947 ,
1720 4879 1806 4936 in-

215 4977 346 5044 quit,
376 4973 478 5030 sed
510 4984 562 5028 et
593 4971 858 5043 cogitandi
880 4981 935 5028 et
954 4971 1207 5042 loquendi
1236 4970 1542 5027 facultatem
1572 4971 1801 5028 habetis.

215 5065 264 5116 δ.
292 5064 445 5119 Sicut
479 5062 827 5117 testimonium
856 5060 1048 5117 Christi
1085 5061 1441 5131 confirmatum
1478 5071 1550 5117 est
1572 5062 1627 5117 in
1646 5056 1801 5118 nobis.

218 5153 272 5206 Ιι
299 5153 527 5207 laudum
555 5161 614 5207 et
642 5154 932 5221 gratiarum
961 5153 1190 5210 actionis
1218 5151 1409 5210 ordine
1434 5163 1488 5209 et
1513 5153 1676 5210 modo
1694 5155 1808 5210 val-

220 5242 287 5300 de
302 5243 431 5299 illos
452 5242 646 5311 tangit.
667 5241 785 5297 Non
809 5245 956 5300 enim
980 5260 1078 5315 per
1096 5254 1372 5301 externam
1394 5244 1807 5317 philosophiam,

222 5336 425 5407 inquit,
467 5346 647 5403 neque
685 5344 1084 5402 perexternam
1121 5336 1476 5393 eruditionem
1501 5379 1517 5403 ,
1568 5337 1666 5393 sed
1716 5354 1811 5409 per

225 5430 444 5501 gratiam
478 5424 571 5481 Dei
596 5432 652 5480 et
692 5423 906 5479 divitias
946 5434 1003 5481 et
1049 5427 1331 5482 scientiam
1377 5438 1433 5483 et
1478 5430 1701 5485 verbum
1741 5430 1812 5487 ab

229 5524 341 5593 ipsa
355 5523 541 5577 datam
565 5515 814 5591 potuistis
835 5515 1078 5571 veritatis
1103 5517 1351 5587 dogmata
1371 5517 1583 5574 discere
1601 5528 1658 5574 et
1677 5535 1809 5576 con—

233 5616 423 5672 lrutari
455 5615 509 5672 in
545 5609 921 5673 testimonium
955 5606 1206 5671 Domini,
1235 5607 1289 5661 id
1323 5615 1430 5673 est,
1465 5608 1519 5662 in
1554 5610 1811 5678 prmdica-

240 5710 442 5767 thum.
467 5711 624 5769 luna
652 5708 809 5767 enim
842 5700 1112 5758 habuistis
1140 5700 1310 5771 signa,
1340 5700 1506 5755 multa
1532 5703 1804 5769 miracula,

241 5800 520 5871 “bilem
539 5804 788 5884 partem
816 5840 835 5869 ,
868 5800 946 5854 Ita
975 5799 1033 5852 ut
1062 5791 1492 5864 pradicationem
1532 5794 1807 5864 acceperi-

1908 658 1992 712 tis.
2026 656 2081 712 Si
2106 674 2235 730 ergo
2256 662 2558 719 conﬁrmati
2586 665 2717 720 estis
2745 680 2843 735 per
2872 665 3021 737 signa
3048 675 3103 722 et
3126 669 3375 738 gratiam,
3395 683 3501 725 cur

1905 751 2207 808 vacillatis?
2234 753 2359 809 Haec
2388 770 2552 826 porro
2595 756 2755 813 simul
2800 766 2926 813 sunt
2969 766 3026 813 et
3067 759 3396 829 increpantis
3439 769 3496 816 et

1906 844 2279 910 prmvenientis
2303 845 2466 902 dicta.
2500 848 2551 903 7.
2597 847 2680 902 Ita
2717 860 2773 927 at
2807 851 2938 905 nihil
2964 851 3103 906 nobis
3130 852 3254 906 desit
3283 853 3337 906 in
3378 854 3492 907 ulla

1903 935 2087 1003 gratia.
2119 934 2365 1007 Magnum
2383 938 2657 1009 quidpiam
2684 941 2771 995 hic
2796 942 3090 1011 quaeritur:
3118 944 3163 997 si
3189 944 3277 1015 qui
3300 943 3496 1000 divites

1902 1036 2029 1080 sunt
2055 1027 2106 1081 in
2129 1030 2277 1084 omni
2298 1030 2483 1097 verbo,
2513 1031 2586 1085 ita
2615 1042 2670 1087 ut
2696 1032 2826 1086 nihil
2858 1033 2999 1089 desit
3026 1035 3135 1091 illis
3163 1036 3214 1090 in
3239 1036 3346 1091 ulla
3367 1051 3494 1107 gra-

1905 1117 1997 1183 tia,
2025 1117 2075 1171 hi
2104 1121 2348 1176 carnales
2372 1130 2518 1177 sunt.
2557 1122 2688 1178 Nam
2728 1123 2774 1177 si
2804 1124 2934 1180 tales
2961 1124 3179 1181 fuerunt
3210 1127 3261 1181 in
3294 1129 3497 1197 princi-

1904 1210 2014 1280 pio,
2045 1212 2214 1266 multo
2242 1214 2411 1284 magis
2454 1230 2615 1272 nunc.
2645 1214 2929 1283 Quomodo
2951 1233 3081 1288 ergo
3106 1219 3226 1275 illos
3249 1220 3496 1286 carnales

1902 1302 2095 1356 vocat?
2124 1300 2247 1358 Non
2272 1304 2402 1358 enim
2430 1308 2572 1377 potui
2590 1306 2728 1362 nobis
2758 1309 2915 1379 loqui,
2948 1310 3141 1381 inquit,
3171 1322 3226 1366 ut
3250 1313 3496 1384 spiritua-

1903 1393 2068 1461 libus,
2123 1396 2212 1449 sed
2258 1407 2312 1451 ut
2353 1400 2760 1471 carnalibus“.
2792 1400 2989 1458 (ἐστ-,5.
3043 1404 3123 1474 1)
3178 1403 3316 1472 Quid
3361 1419 3495 1476 ergo

1902 1484 2186 1542 dicendum
2204 1493 2327 1543 est?
2353 1490 2509 1558 Quod
2537 1506 2657 1547 cum
2698 1493 2766 1549 ab
2808 1495 2961 1549 initio
2999 1494 3393 1565 credidissent,
3440 1507 3497 1554 et

1902 1576 2223 1634 charismata
2276 1583 2454 1637 omnia
2490 1585 2807 1654 consequuti
2853 1596 3074 1652 essent;
3104 1603 3228 1642 nam
3266 1588 3384 1643 zelo
3413 1588 3496 1643 in-

1901 1664 2047 1722 ee'nsi
2095 1678 2265 1736 erant,
2302 1674 2713 1742 negligentiores
2756 1686 2945 1746 postea
2974 1678 3263 1734 evaserint.
3297 1682 3403 1733 Aut
3447 1682 3495 1734 si

1902 1758 2005 1813 hoc
2036 1776 2139 1815 non
2169 1762 2239 1816 ita
2283 1777 2340 1817 se
2371 1762 2565 1819 habeat
2592 1807 2606 1830 ,
2636 1766 2777 1835 quod
2825 1783 2930 1821 non
2962 1769 3213 1824 omnibus
3264 1771 3378 1824 bare
3408 1771 3495 1826 vel

1902 1854 1990 1907 illa
2019 1853 2285 1923 dicantur,
2320 1856 2412 1911 sed
2443 1856 2543 1911 alia
2575 1857 2639 1911 iis
2667 1858 2757 1928 qui
2803 1859 2854 1912 in
2884 1860 3038 1929 culpa
3065 1872 3219 1914 erant
3240 1902 3257 1929 ,
3296 1861 3399 1915 alia
3430 1861 3496 1917 iis

1902 1944 1993 2013 qui
2023 1944 2267 1999 laudibus
2299 1947 2534 2017 insignes
2558 1958 2733 2003 erant.
2765 1948 2895 2004 Nam
2927 1950 3069 2020 quod
3097 1950 3274 2006 adhuc
3300 1951 3496 2007 charis-

1904 2043 2045 2087 mata
2078 2034 2337 2091 ltaberent
2367 2037 2634 2092 Psalmunt
2666 2040 2814 2094 habet
2840 2042 3042 2112 aliquis,
3076 2042 3268 2113 inquit,
3298 2044 3494 2097 revela-

1904 2127 2088 2179 tionem
2110 2126 2256 2181 habet
2279 2170 2292 2191 ,
2340 2127 2568 2199 linguam
2596 2130 2777 2198 habet,
2808 2132 3274 2202 interpretationem
3301 2134 3446 2188 habet
3475 2150 3496 2189 :

1902 2218 2073 2271 omnia
2092 2219 2162 2270 ad
2186 2220 2572 2288 aedificationem
2599 2223 2767 2291 fiant;
2795 2232 2869 2287 et,
2897 2221 3173 2293 Propheta:
3198 2234 3368 2279 autem
3392 2224 3497 2279 duo

1903 2308 1982 2362 vel
2031 2318 2130 2363 tres
2175 2311 2447 2381 loquantur
2476 2312 2638 2384 (Ibid.
2671 2314 2758 2369 M.
2809 2313 2901 2370 26.
2958 2314 3074 2388 29).
3124 2316 3283 2371 Aliud
3334 2317 3493 2388 quid-

1904 2400 2045 2469 piam
2073 2400 2178 2455 dici
2206 2413 2379 2472 potest
2403 2424 2415 2459 :
2446 2415 2504 2460 ut
2531 2406 2697 2462 moris
2723 2417 2807 2463 est
2836 2408 2978 2479 apud
3006 2425 3105 2464 nos
3129 2409 3180 2464 id
3202 2410 3345 2481 quod
3372 2411 3495 2481 plus

1904 2500 2028 2555 est,
2064 2502 2231 2547 totum
2264 2492 2445 2549 dicere
2469 2535 2484 2559 ,
2518 2496 2588 2550 ita
2622 2497 2784 2550 etiam
2831 2499 2917 2553 hic
2947 2499 3035 2554 ille
3058 2499 3220 2555 dixit.
3262 2500 3343 2555 Ad
3382 2500 3498 2555 haec

1906 2593 2082 2635 autem
2117 2593 2245 2652 puto
2289 2584 2438 2638 illum
2470 2587 2633 2640 etiam
2660 2603 2780 2657 qua;
2809 2605 2904 2643 sua
2936 2599 3063 2644 sunt
3108 2591 3453 2647 subindicare
3475 2634 3493 2660 ,

1908 2683 2045 2728 utet
2093 2676 2143 2729 in
2189 2677 2423 2732 secunda
2475 2678 2542 2732 ad
2586 2678 2805 2735 eosdem
2848 2681 3085 2750 Epistula
3132 2682 3300 2737 dicit:
3333 2683 3498 2753 Signa

1908 2767 2110 2832 quidem
2152 2770 2373 2836 apostoli
2402 2773 2540 2840 facta
2566 2781 2682 2825 sunt
2711 2772 2763 2826 in
2790 2772 2927 2826 vobis
2966 2774 3020 2826 in
3049 2774 3187 2826 omni
3212 2774 3497 2843 patientia;

1904 2863 1959 2909 et
1979 2871 2190 2909 rursum
2222 2874 2235 2909 :
2268 2859 2405 2923 Quid
2432 2861 2566 2913 enim
2593 2872 2685 2923 est.
2717 2864 2855 2932 quod
2879 2864 3044 2919 minus
3071 2865 3316 2920 habuistis
3344 2882 3495 2936 quant

1904 2957 2101 3003 aeterm
2130 2948 2374 3004 Ecclesia:
2400 2950 2474 3022 (2.
2506 2949 2623 3006 Cor.
2661 2954 2748 3020 12.
2778 2954 2865 3009 12.
2900 2966 2945 3009 et
2977 2955 3094 3027 13)?
3123 2958 3217 3013 Vel
3243 2999 3258 3025 ,
3289 2968 3348 3013 ut
3383 2960 3495 3028 jam

1905 3040 2043 3103 dixi,
2068 3056 2186 3111 qum
2210 3043 2278 3097 ab
2304 3058 2365 3097 se
2397 3044 2528 3098 facta
2554 3053 2680 3099 sunt
2701 3055 3123 3113 commemorat;
3154 3049 3233 3103 vel
3269 3028 3380 3103 haec
3405 3038 3493 3117 iis,

1904 3132 1995 3202 qui
2019 3133 2193 3187 adhuc
2217 3134 2423 3205 probati
2446 3145 2621 3203 erant,
2641 3136 2790 3193 dicit.
2819 3138 2984 3194 Erant
3003 3140 3209 3211 quippe
3231 3140 3300 3195 ibi
3324 3141 3496 3197 sancti

1904 3222 2080 3286 multi,
2110 3225 2199 3294 qui
2227 3225 2293 3279 ad
2321 3235 2630 3281 sanctorum
2659 3228 3014 3284 ministerium
3051 3246 3111 3285 se
3135 3231 3493 3298 dediderant,
3584 3216 3591 3221 ῥ

1904 3325 1958 3372 et
1986 3317 2240 3387 primitiae
2285 3316 2502 3371 Achaize
2551 3316 2675 3371 facti
2710 3328 2834 3372 sunt
2858 3358 2874 3384 ,
2919 3329 2974 3373 ut
3004 3317 3057 3373 in
3092 3319 3197 3374 line
3233 3320 3493 3377 declarat.

1905 3406 2154 3477 Alioquin
2179 3422 2307 3461 vero
2333 3407 2544 3462 etiamsi
2566 3407 2752 3463 laudes
2780 3424 2886 3463 non
2914 3408 3134 3465 omnino
3154 3409 3344 3467 afﬁnes
3370 3422 3497 3468 sunt

1905 3498 2158 3566 veritati,
2191 3510 2429 3555 attamen
2462 3499 2755 3571 prudenter
2784 3500 3129 3569 adhibentur,
3159 3512 3217 3558 ut
3237 3504 3375 3559 viam
3404 3512 3498 3576 pa-

1904 3600 2026 3645 rent
2054 3591 2121 3646 iis
2141 3607 2260 3662 qua:
2281 3592 2505 3648 dicenda
2531 3601 2675 3647 sunt.
2700 3592 2831 3647 Nam
2853 3595 2945 3665 qui
2967 3596 3147 3668 statim
3175 3611 3202 3649 a
3233 3597 3499 3668 principio

1906 3684 2210 3753 importuna
2239 3685 2494 3754 loquitur,
2526 3686 2910 3741 inﬁrmioribus
2936 3688 3176 3743 auditum
3203 3689 3404 3745 claudit
3428 3690 3495 3747 ad

1904 3786 2098 3829 caetera
2131 3777 2292 3830 verba
2324 3794 2336 3830 :
2371 3778 2414 3830 si
2448 3777 2591 3831 enim
2623 3777 2901 3833 auditores
2940 3764 3148 3834 honore
3176 3796 3336 3850 pares
3364 3782 3495 3850 sint,

1906 3868 2213 3922 irascuntur
2239 3885 2253 3933 ;
2285 3868 2329 3923 si
2362 3867 2649 3923 admodum
2679 3868 2961 3925 inferiores
2981 3911 2997 3937 ,
3029 3869 3218 3926 dolore
3251 3871 3495 3928 afﬁcien-

1908 3970 2013 4016 tur.
2041 3961 2119 4016 Ne
2147 3962 2304 4031 igitur
2334 3966 2434 4017 hoc
2462 3963 2692 4027 eveniat,
2710 3963 2777 4019 ab
2808 3964 2873 4018 iis
2899 3979 3017 4034 quae
3036 3963 3280 4019 encomia
3302 3963 3495 4020 viden-

1908 4062 1995 4108 tur
2024 4069 2143 4109 esse
2191 4055 2399 4109 initium
2446 4054 2613 4111 ducit.
2662 4054 2845 4126 Neque
2886 4058 3027 4111 enim
3060 4056 3163 4112 hoc
3189 4057 3494 4114 encomium

1910 4145 2123 4199 illorum
2154 4156 2269 4200 erat
2292 4187 2307 4208 ,
2337 4147 2431 4200 sed
2459 4152 2661 4216 gratia:
2682 4146 2797 4201 Dei.
2830 4146 2963 4202 Nam
2992 4148 3132 4218 quod
3155 4158 3373 4219 peccata
3410 4164 3501 4206 re-

1911 4239 2073 4293 missa
2108 4239 2235 4310 ipsis
2262 4246 2466 4298 essent,
2492 4246 2547 4292 et
2574 4236 2718 4308 quod
2736 4237 3014 4307 justilicati
3044 4249 3247 4305 essent,
3271 4238 3375 4296 hoc
3401 4256 3501 4297 su-

1912 4332 2059 4400 perni
2085 4330 2211 4384 doni
2236 4338 2371 4386 erat.
2396 4329 2683 4400 Propterea
2714 4329 2769 4384 in
2795 4330 2860 4386 iis
2886 4331 3219 4399 immoratur,
3253 4348 3371 4403 qua:
3400 4333 3500 4391 Dei

1864 4422 1869 4423 “
1912 4422 2290 4491 benignitatem
2342 4420 2671 4486 ostendunt,
2703 4430 2762 4475 ut
2808 4421 3051 4477 morbum
3096 4438 3283 4479 eorum
3328 4425 3501 4496 magis

1910 4522 2080 4568 curet.
2116 4512 2537 4583 Exspectantibus
2565 4513 2919 4568 reuelationem
2952 4514 3160 4569 Domini
3188 4517 3347 4571 nostai
3372 4516 3501 4572 Jesu

1911 4602 2119 4659 Christi.
2160 4602 2298 4671 Quid
2333 4602 2761 4670 tumultuamini,
2796 4604 2985 4674 inquit,
3018 4606 3146 4676 quid
3178 4607 3500 4675 turbamini,

1912 4694 2053 4765 quod
2086 4710 2191 4748 non
2222 4694 2362 4750 adsit
2385 4693 2671 4750 Christus?
2702 4694 2870 4750 Adest
2890 4696 3136 4766 quidem,
3164 4707 3221 4752 et
3244 4698 3360 4754 dies
3388 4698 3503 4769 jam

1912 4802 2015 4858 pro
2042 4786 2249 4841 foribus
2278 4795 2381 4841 est.
2417 4786 2483 4841 Et
2522 4785 2806 4842 considera
2832 4788 3150 4857 sapientiam
3174 4830 3189 4854 ,
3230 4790 3504 4860 quomodo

1915 4877 2057 4942 illos,
2087 4892 2208 4931 cum
2234 4877 2301 4930 ab
2327 4876 2573 4932 humanis
2603 4876 2945 4943 abduxisset,
2974 4879 3237 4935 exterruit
3263 4890 3501 4947 tremen-

1914 4971 2042 5026 dum
2070 4970 2301 5025 tribunal
2332 4984 2799 5036 commemorans,
2832 4979 2884 5025 et
2913 4972 3205 5027 ostendens
3230 4987 3335 5028 non
3360 4975 3503 5030 bona

1918 5069 2123 5117 tantum
2152 5059 2302 5114 initia
2344 5060 2569 5130 requiri,
2602 5059 2699 5115 sed
2740 5061 2899 5115 linem
2935 5078 3165 5133 qunque.
3212 5063 3345 5119 Nam
3376 5080 3500 5120 cum

1917 5152 2000 5208 bis
2040 5150 2454 5208 charismatibus
2490 5157 2547 5206 et
2582 5150 2700 5205 aliis
2734 5151 3016 5207 virtutibus
3040 5194 3055 5219 ,
3096 5163 3308 5223 Oportet
3338 5155 3501 5211 etiam

1915 5242 2023 5299 diei
2052 5242 2195 5299 illius
2227 5240 2502 5298 reminisci
2531 5257 2546 5296 :
2579 5240 2865 5313 multisque
2909 5242 3179 5300 laboribus
3199 5257 3282 5301 est
3318 5260 3453 5316 opus
3483 5283 3502 5313 ,

1917 5344 1976 5389 ut
2006 5335 2173 5405 possit
2197 5334 2317 5405 quis
2347 5332 2415 5389 ad
2458 5332 2616 5389 linem
2646 5335 2943 5405 pervenire.

1987 5428 2043 5483 2.
2102 5428 2512 5484 RevelatiOnem
2555 5437 2733 5484 autem
2783 5440 3169 5484 commemorat
3216 5428 3507 5482 ostendens

1921 5521 2088 5587 illam,
2115 5520 2326 5576 etiamsi
2357 5534 2463 5574 non
2490 5518 2756 5584 videatur,
2780 5518 2876 5573 sed
2903 5532 3024 5573 esse
3046 5529 3245 5580 tamen,
3277 5525 3331 5570 et
3357 5532 3499 5573 nunc

1920 5611 2133 5675 adesse,
2162 5620 2216 5665 et
2241 5620 2366 5665 tunc
2393 5608 2757 5678 apparituram
2789 5623 2928 5663 esse.
2960 5606 3217 5662 Patientia
3238 5606 3395 5676 igitur
3421 5619 3505 5667 est

1922 5716 2057 5771 opus
2086 5719 2099 5756 :
2134 5701 2258 5755 ideo
2296 5701 2440 5755 enim
2484 5699 2743 5754 miracula
2768 5698 3051 5769 accepistis
3080 5738 3096 5764 ,
3128 5707 3185 5752 ut
3214 5697 3354 5755 ﬁrmi
3393 5716 3510 5757 ma-

1922 5792 2110 5849 neatis.
2143 5790 2195 5847 8.
2228 5790 2329 5857 Qui
2357 5785 2404 5845 et
2431 5788 2751 5853 conﬁrmabit
2790 5802 2881 5844 eos
2923 5803 3079 5858 usque
3110 5788 3167 5844 in
3199 5788 3359 5858 ﬁnem
3396 5792 3509 5849 sius
