4096 6326
632 354 702 411 19
1369 355 1427 410 S.
1466 352 1745 411 JOANNIS
1775 349 2242 410 CﬂﬂYSOSTOII
2276 350 2595 411 ARCBIEP.
2632 354 3161 417 CONSTANTINOP.
3827 369 3899 422 29

632 478 853 531 crimine.
914 472 1012 528 Hic
1054 470 1270 538 videtur
1303 473 1516 541 quidem
1555 467 1681 525 illos
1722 468 2066 533 demulcere;
2112 466 2208 522 sed

628 567 776 637 quod
806 566 1001 621 dicitur
1026 563 1172 618 omni
1202 554 1508 618 adulatione
1538 569 1711 615 vacat.
1750 559 1903 615 Solet
1925 559 2069 614 enim
2090 558 2213 613 illos

634 672 870 732 tangere.
900 668 958 715 ut
982 674 1103 715 cum
1133 657 1262 712 dicit
1286 672 1299 710 :
1330 655 1610 723 Tamquam
1633 670 1733 709 non
1760 661 1995 707 venturus
2021 652 2119 706 siin
2144 651 2213 704 ad

630 769 740 818 eos,
758 751 924 821 inﬂati
946 758 1063 804 sunt
1078 749 1283 816 quidam
1296 763 1315 811 ;
1327 754 1624 810 etmrsum,
1637 744 1774 813 Quid
1790 743 1970 797 uultis?
1990 743 2043 796 in
2074 743 2213 812 uirga

631 842 827 897 veniam
843 842 911 895 ad
921 855 1007 895 vos
1026 880 1042 905 ,
1073 855 1138 892 an
1157 839 1209 892 iu
1226 838 1433 891 caritate
1449 844 1495 891 et
1512 833 1693 904 spiritu
1718 832 2180 903 mansuetudinis“
2193 872 2206 885 .

632 933 749 987 Cor.
769 934 821 987 4.
852 931 938 987 18.
957 940 1007 987 et
1024 928 1227 1002 2t)?et,
1250 928 1327 982 An
1344 929 1743 998 experimentum
1755 925 1979 995 queritis
1990 924 2102 992 ejus
2124 923 2211 993 qui

635 1030 689 1080 in
734 1042 814 1079 me
842 1025 1070 1096 loquitur
1096 1022 1282 1077 Christi
1325 1021 1400 1093 (2.
1430 1019 1548 1075 Cor.
1580 1020 1667 1076 l3.
1698 1020 1757 1088 5)
1787 1020 1812 1072 ‘l
1836 1017 2091 1074 Latenter
2117 1031 2212 1071 au-

633 1126 739 1170 tem
769 1117 912 1185 ipsos
934 1123 1185 1170 accusat:
1210 1128 1335 1168 cum
1364 1112 1492 1168 dicit
1517 1112 1682 1176 enim,
1712 1108 2043 1179 Conﬁrmnbit
2063 1150 2078 1172 ,
2108 1117 2164 1164 et
2190 1150 2207 1175 ,

634 1206 759 1262 Sine
778 1208 1008 1272 crimine,
1037 1204 1273 1261 ostendit
1300 1204 1420 1259 illos
1442 1202 1615 1257 adhuc
1638 1202 1916 1268 ﬂuctuare,
1946 1212 2000 1258 et
2029 1202 2211 1267 crimi-

631 1298 682 1350 ni
707 1312 828 1352 esse
855 1296 1139 1352 obnoxios.
1182 1294 1261 1350 Tu
1282 1309 1413 1349 vero
1442 1293 1752 1349 consideres
1770 1293 1953 1357 velim,
1983 1306 2211 1363 quomo-

630 1390 702 1444 do
752 1390 873 1444 illos
920 1402 1135 1458 semper
1186 1386 1388 1459 nomini
1429 1385 1628 1441 Christi
1671 1382 1870 1457 alligat,
1918 1394 1972 1439 et
2013 1383 2211 1439 nullius

632 1479 881 1543 hominis,
910 1492 1083 1548 neque
1104 1477 1355 1547 apostoli,
1377 1492 1549 1547 neque
1570 1476 1833 1547 magistri,
1852 1474 1947 1531 sed
1970 1474 2212 1545 frequen-

630 1579 713 1625 ter
738 1569 915 1624 dilecti
945 1570 1085 1625 illius
1110 1569 1434 1623 mentionem
1460 1568 1619 1623 faciat
1641 1610 1656 1634 ,
1682 1568 1833 1639 quasi
1857 1567 1926 1622 ab
1953 1566 2212 1622 ebrietate

629 1660 858 1730 quadam
897 1660 1223 1716 temulentos
1251 1661 1484 1715 educere
1513 1673 1728 1731 parans.
1762 1658 2033 1729 Nusquam
2063 1659 2209 1713 enim

628 1752 683 1806 in
710 1752 811 1806 alia
837 1750 1061 1821 epistola
1093 1761 1199 1805 tam
1226 1750 1536 1821 frequenter
1561 1765 1754 1806 nomen
1780 1748 1977 1805 Christi
2018 1751 2164 1819 jacet
2194 1768 2207 1805 :

630 1843 719 1899 hic
741 1858 869 1897 vero
900 1844 952 1897 in
977 1844 1156 1914 paucis
1181 1843 1430 1899 versibus
1456 1859 1599 1913 sinpe
1618 1885 1632 1910 ,
1652 1852 1707 1899 et
1730 1842 1834 1899 hoc
1858 1844 2072 1898 nomine
2100 1842 2210 1898 fere

628 1943 795 1989 totum
815 1936 1053 1990 contexit
1074 1934 1413 2004 prooemium.
1436 1933 1723 1988 Considera
1750 1940 1926 1989 autem
1943 1932 2206 2004 superius.

632 2047 653 2080 ε
699 2027 898 2095 Paulus
926 2068 942 2094 ,
974 2038 1194 2083 vocatus
1221 2012 1500 2097 apostolus
1536 2024 1662 2082 Jesu
1695 2023 1939 2091 Christi,
1974 2024 2206 2081 sanctiﬁ-

626 2119 762 2176 catis
806 2120 857 2174 in
900 2119 1118 2185 Christo
1156 2119 1283 2176 lesu
1317 2162 1333 2187 ,
1368 2118 1742 2175 invocantibus
1771 2134 1966 2174 nomen
1998 2118 2209 2173 Domini

590 2212 794 2269 “nostri
817 2210 945 2267 Jesu
971 2210 1170 2267 Christi
1203 2230 1214 2264 :
1253 2212 1422 2281 gratia
1452 2211 1601 2265 vobis
1624 2221 1674 2265 et
1716 2225 1817 2280 pax
1850 2225 1880 2265 a
1916 2210 2024 2265 Deo
2051 2210 2209 2265 Patre

625 2314 680 2359 et
721 2304 951 2359 Domino
997 2303 1126 2359 Jesu
1174 2304 1409 2359 Christo.
1454 2301 1671 2358 Gratias
1708 2316 1810 2372 ago
1856 2301 1963 2357 Deo
1994 2316 2117 2356 meo
2141 2300 2208 2356 de

628 2395 799 2462 gratia
832 2434 848 2456 ,
880 2409 996 2462 quae
1046 2394 1168 2447 data
1209 2405 1294 2447 est
1323 2393 1476 2447 vobis
1523 2393 1575 2445 in
1623 2391 1839 2447 Christo
1867 2392 1992 2446 Jesn
2024 2412 2039 2449 :
2071 2392 2208 2448 sicut

628 2485 993 2540 testimonium
1040 2482 1239 2539 Christi
1282 2478 1652 2539 confirmatum
1693 2491 1779 2538 est
1810 2483 1860 2536 in
1893 2483 2045 2539 vobis
2074 2500 2087 2536 :
2115 2500 2210 2539 ex—

628 2575 993 2646 spectantibus
1024 2576 1404 2632 revelationem
1438 2576 1645 2631 Domini
1678 2577 1843 2632 nostri
1889 2577 2014 2633 Jesu
2042 2577 2197 2631 Chri-

626 2669 693 2722 sti
716 2708 731 2734 ,
754 2668 845 2737 qui
867 2677 920 2720 et
942 2667 1283 2722 conﬁrmabit
1312 2683 1408 2722 vos
1436 2669 1554 2722 sine
1578 2668 1801 2722 crimine
1830 2667 1881 2719 in
1913 2667 2001 2719 die
2021 2666 2202 2718 Βοηιὶ⁴

628 2758 681 2812 ni
710 2760 878 2813 nostr.
902 2757 1026 2811 lesu
1050 2756 1270 2811 Christi.
1295 2756 1351 2812 ο.
1380 2754 1581 2810 Fidelis
1608 2763 1689 2809 est
1723 2756 1861 2808 Deus
1882 2796 1897 2819 ,
1932 2770 2026 2822 per
2046 2769 2204 2823 quem

628 2849 804 2901 vocati
840 2849 971 2902 estis
1007 2848 1060 2899 in
1088 2846 1397 2899 societatem
1427 2841 1545 2899 Filii
1578 2846 1693 2914 ejus
1713 2844 1840 2900 Jesu
1870 2846 2065 2899 Christi
2100 2846 2200 2899 Du.

630 2940 760 2993 mini
792 2937 979 2992 nosui.
1017 2937 1104 2992 10.
1138 2935 1373 2991 Obsecro
1399 2945 1577 2990 autem
1608 2953 1701 2990 vos
1740 2938 1841 3007 per
1874 2952 2067 2991 nomen
2100 2938 2202 2992 Do-

627 3030 757 3085 mini
778 3032 942 3084 nostri
970 3029 1097 3086 Jesu
1125 3030 1343 3084 Christi.
1383 3047 1405 3082 s
1438 3029 1625 3083 Viden’
1650 3029 1999 3097 frequentiam
2031 3029 2206 3081 nomi-

627 3123 710 3176 nis
726 3121 959 3175 Christi?
991 3121 1141 3175 Unde
1169 3120 1342 3187 palam
1371 3128 1454 3172 est
1469 3119 1629 3172 etiam
1654 3117 1778 3180 illis,
1805 3119 1892 3188 qui
1921 3118 2205 3172 admodum

630 3214 943 3285 insipientes
982 3220 1108 3265 sunt
1138 3250 1152 3276 ,
1185 3211 1358 3281 ipsum
1391 3224 1493 3264 non
1526 3210 1642 3264 sine
1668 3225 1825 3263 causa
1856 3224 1955 3263 nec
1978 3225 2104 3263 casu
2138 3211 2205 3264 ita

628 3304 807 3359 facere
830 3319 845 3367 ;
871 3302 962 3356 sed
996 3302 1154 3370 hujus
1177 3300 1377 3370 pulchri
1403 3300 1637 3355 nominis
1665 3299 1961 3372 frequentia
1991 3301 2203 3356 illorum

631 3406 892 3449 tumorem
921 3394 1189 3459 exhaurit,
1218 3393 1491 3447 etsaniem
1515 3393 1686 3446 morbi
1712 3404 1993 3463 expurgat.
2012 3390 2206 3448 Fidelis

632 3486 767 3540 Deus
800 3527 814 3545 .
853 3501 942 3553 per
971 3499 1116 3553 quem
1158 3484 1319 3537 uocati
1348 3483 1465 3537 estis
1506 3484 1559 3537 in
1593 3484 1878 3537 societatem
1909 3481 2045 3536 .Filii
2072 3485 2201 3551 ejus.

630 3578 789 3647 Papa:
822 3579 835 3632 !
887 3587 1136 3647 quantum
1170 3576 1255 3631 hic
1298 3593 1412 3631 retu
1440 3575 1570 3629 dicit
1597 3576 1610 3629 !
1643 3584 1895 3645 quantam
1926 3575 2050 3628 doni
2090 3591 2207 3629 ma-

627 3669 958 3740 gnitudinem
991 3667 1245 3721 exhibet!
1279 3667 1339 3721 In
1382 3667 1693 3720 societatem
1734 3665 2003 3736 Uuigeniti
2031 3666 2205 3720 vocati

629 3764 764 3816 estis
793 3803 807 3826 ,
840 3770 895 3815 et
937 3774 1032 3813 vos
1062 3758 1367 3814 hominibus
1391 3757 1833 3829 addieitis‘bquid
1863 3758 1963 3813 hac
1992 3761 2207 3815 miseria

633 3852 829 3923 pejus?
858 3850 923 3905 Et
952 3850 1221 3921 quomodo
1248 3834 1420 3906 vocati
1464 3849 1631 3905 estis?
1661 3851 1760 3906 Per
1782 3852 2022 3907 Patrem.
2072 3852 2206 3921 Quia

632 3945 775 3999 enini
809 3958 903 4013 per
928 3942 1078 3996 illum
1108 3949 1162 3994 et
1191 3941 1243 3994 in
1268 3941 1359 3995 illo
1382 3939 1687 4010 frequenter
1711 3941 1921 3997 diccbat
1947 3943 2013 3997 dc
2036 3943 2204 4007 Filio,

631 4052 700 4092 ne
717 4034 1188 4107 puta‘rentseillum
1205 4041 1265 4086 ut
1280 4031 2051 4099 minoremcommcmorare,id
2068 4036 2207 4089 Patri

635 4127 905 4182 adscribit.
927 4124 1040 4179 Non
1066 4140 1159 4192 per
1182 4127 1320 4177 hunc
1343 4124 1424 4177 vel
1448 4123 1631 4188 alium,
1661 4124 1849 4193 inquit,
1870 4124 1962 4181 sed
1990 4141 2083 4195 per
2106 4126 2177 4180 pa
2195 4158 2209 4168 .

638 4228 772 4275 trem
801 4216 971 4272 vocati
988 4219 1161 4270 estis:
1183 4230 1277 4284 per
1301 4214 1471 4283 ipsum
1500 4214 1660 4270 etiam
1689 4216 1879 4270 divites
1909 4214 2030 4271 facti
2057 4222 2206 4273 estis.

639 4311 841 4366 ltursus
864 4306 1036 4361 vocati
1054 4306 1204 4370 estis,
1219 4319 1327 4361 non
1345 4305 1442 4376 ipsi
1464 4306 1784 4361 accessistis.
1811 4306 1948 4375 Quid
1968 4322 2092 4363 vero
2107 4308 2207 4363 sibi

636 4402 749 4458 vult
765 4399 913 4463 illud,
931 4398 1000 4453 In
1027 4400 1310 4453 societatem
1328 4396 1452 4451 Filii
1471 4399 1579 4469 ejus
1599 4399 1625 4453 .’
1640 4398 1775 4452 Audi
1798 4398 1945 4454 illum
1968 4399 2068 4455 hoc
2096 4401 2210 4456 cla-

639 4496 747 4548 rius
772 4492 895 4547 alibi
924 4490 1189 4545 dicentem
1215 4508 1227 4543 :
1256 4488 1318 4544 Si
1337 4489 1659 4554 sustinemus,
1678 4501 1724 4547 et
1752 4493 2164 4563 conregnabintus
2190 4508 2211 4550 :

637 4588 677 4638 ..ἰ
703 4584 1075 4647 conintorimur,
1101 4582 1253 4637 simul
1273 4584 1489 4652 vivemus
1505 4581 1583 4644 (2.
1621 4581 1751 4641 Tim.
1773 4582 1962 4655 2.12).
1985 4585 2208 4649 Deinde,

637 4680 757 4748 quia
790 4690 902 4732 rem
934 4690 1180 4745 magnam
1222 4673 1395 4741 dixit,
1429 4673 1633 4731 addidit
1664 4676 1827 4731 etiam
1867 4677 2208 4733 ratiocinium

638 4778 876 4831 certum,
900 4767 987 4822 cui
1011 4780 1115 4821 non
1145 4765 1317 4836 possit
1356 4766 1647 4821 contradici
1676 4786 1691 4822 :
1726 4783 1847 4823 nam
1873 4769 1986 4836 ait,
2020 4768 2211 4825 Fidelis

640 4857 776 4912 Deus
798 4873 815 4920 ,-
838 4855 889 4910 id
920 4865 1039 4920 est,
1070 4869 1251 4910 verus.
1283 4854 1341 4910 Si
1370 4870 1528 4911 verus
1550 4898 1568 4922 ,
1591 4872 1712 4926 qua:
1738 4861 1983 4927 promisit
2008 4859 2207 4916 faciet:

638 4946 884 5017 promisit
908 4958 1087 5001 autem
1107 4959 1167 5001 se
1191 4958 1291 5001 nos
1310 4944 1485 5026 socios
1506 4943 1767 5002 facturum
1785 4948 2045 5019 unigeniti
2067 4949 2209 5016 Filii;

639 5037 707 5091 ad
737 5036 840 5092 hoc
863 5037 1056 5108 quippe
1085 5049 1185 5090 nos
1210 5036 1419 5092 vocavit
1445 5053 1460 5091 :
1482 5035 1619 5092 dona
1647 5038 1793 5094 enim
1813 5048 1867 5096 et
1890 5039 2210 5097 charismata

640 5126 756 5193 eius
780 5127 895 5181 sine
918 5126 1231 5195 pmnitentia
1268 5135 1432 5194 sunt,
1461 5143 1671 5184 necnon
1699 5129 1791 5185 Dei
1820 5132 2051 5188 vocatio.
2083 5132 2210 5189 Haec

638 5225 819 5272 autem
867 5232 1006 5271 nunc
1037 5219 1181 5288 prius
1208 5218 1399 5274 ordine
1444 5220 1604 5290 ponit
1645 5222 1697 5276 in
1742 5236 1990 5280 sermone
2017 5267 2033 5289 ,
2058 5235 2116 5279 ut
2146 5241 2213 5281 ne

639 5316 764 5377 post
816 5306 1185 5361 vehementem
1232 5309 1628 5363 accusationem
1674 5312 1728 5365 in
1780 5312 2210 5382 desperationem

638 5400 855 5456 cadant.
884 5397 1017 5465 Quae
1044 5397 1189 5451 enim
1210 5411 1241 5451 a
1264 5396 1374 5452 Deo
1401 5409 1527 5453 sunt
1556 5400 1816 5468 promissa
1832 5406 2054 5458 omnino
2073 5420 2216 5461 com-

644 5494 951 5559 parebunt,
999 5489 1101 5545 nisi
1156 5502 1255 5543 nos
1295 5487 1582 5543 admodum
1630 5489 1860 5548 en'renes
1907 5492 2212 5552 fuerimus:

638 5581 1087 5650 quemadmodum
1109 5577 1277 5633 Judaei
1295 5579 1467 5632 vocati
1490 5578 1777 5635 noluerunt
1795 5582 1930 5637 bona
1946 5584 2213 5653 accipere.

712 5670 822 5725 Deo
836 5673 1030 5731 voeanti
1056 5668 1708 5742 obtemperantium—Hoc
1726 5685 1854 5727 vero
1866 5670 1978 5742 jam
1993 5688 2100 5729 non
2124 5691 2215 5731 vo-

646 5759 818 5816 cantis
843 5771 980 5830 erat,
1007 5762 1101 5819 sed
1128 5760 1323 5835 ingrati
1361 5759 1573 5831 illorum
1605 5761 1794 5820 animi.
1827 5761 1946 5836 Ipse
1977 5780 2207 5837 namque

2321 466 2454 524 dare
2492 469 2754 537 volebat;
2788 474 2862 528 illi
2911 490 3041 531 vero
3081 477 3329 535 nolentes
3373 480 3615 552 accipere
3643 522 3659 549 ,
3689 489 3896 553 seipsos

2318 558 2614 629 eiecerunt.
2646 563 2779 620 Nam
2821 568 3029 623 etiamsi
3059 570 3125 623 ad
3167 586 3280 625 rem
3309 571 3627 629 laboriosam
3658 585 3711 630 et
3735 591 3895 646 aspe-

2318 668 2432 709 ram
2460 666 2709 711 vocasset
2733 698 2749 723 ,
2780 670 3091 716 recusantes
3129 664 3282 718 venia
3312 663 3456 734 digni
3483 681 3590 721 non
3620 666 3884 735 fuissent,

2317 747 2414 803 sed
2440 752 2740 819 potuissent
2778 754 2965 808 saltem
3008 754 3112 811 hoc
3159 758 3452 813 obtendere
3483 776 3497 810 τ
3530 759 3575 813 si
3606 771 3784 816 autem
3827 762 3893 815 ad

2319 842 2687 910 purgationem
2709 885 2724 908 ,
2755 844 2821 898 ad
2841 844 3105 914 justitiam
3137 889 3153 913 ,
3184 849 3250 904 ad
3281 850 3752 919 sanctiﬁcatione"!
3782 895 3797 918 ,
3827 853 3895 909 ad

2318 931 2765 1002 redemptionem,
2781 938 3007 1007 gratiam
3027 979 3041 1003 ,
3072 939 3272 995 donum
3302 953 3356 997 et
3383 954 3678 1011 praeparata
3708 945 3847 999 bona
3876 989 3891 1011 ,

2318 1020 2437 1092 quas
2457 1025 2645 1080 oculus
2676 1042 2783 1082 non
2815 1028 2967 1095 vidit,
3000 1046 3099 1085 nec
3127 1032 3273 1087 auris
3300 1035 3533 1099 audivit,
3562 1045 3618 1090 et
3642 1036 3784 1091 Deus
3807 1048 3895 1092 est

2317 1115 2411 1184 qui
2446 1127 2601 1172 vocat
2632 1160 2646 1183 ,
2678 1128 2736 1174 et
2786 1136 2883 1189 per
2921 1121 3159 1191 seipsum
3202 1136 3357 1180 vocat
3384 1144 3399 1191 ;
3426 1142 3526 1197 qua
3557 1130 3710 1184 venia
3750 1129 3894 1200 digni

2317 1204 2516 1261 fuerint
2552 1210 2642 1278 qui
2682 1226 2787 1266 non
2846 1215 3174 1268 accurrunt?
3197 1215 3275 1271 Ne
3302 1219 3423 1286 quis
3458 1234 3586 1290 ergo
3623 1222 3676 1275 in
3728 1222 3895 1277 Deum

2316 1300 2524 1369 culpam
2554 1302 2770 1357 referat.
2802 1305 2917 1360 Non
2943 1308 3086 1361 enim
3117 1324 3185 1362 ex
3227 1318 3449 1365 vocante
3502 1313 3560 1365 fit
3599 1314 3741 1383 quod
3784 1330 3893 1370 non

2316 1390 2582 1453 credatur,
2615 1394 2705 1448 sed
2737 1397 2892 1451 exiis
2912 1399 2999 1467 qui
3032 1398 3295 1455 resiliunt.
3325 1400 3431 1455 Sed
3458 1403 3774 1471 Oportebat,
3814 1406 3896 1460 iu-

2315 1483 2485 1551 quies,
2515 1484 2597 1537 vel
2623 1484 2819 1540 invitos
2850 1488 3118 1544 inducere.
3150 1492 3329 1560 Apage
3350 1509 3361 1544 :
3381 1507 3489 1545 non
3515 1492 3655 1547 enim
3675 1495 3782 1548 vim
3812 1494 3896 1552 vel

2315 1574 2686 1629 necessitatem
2714 1576 2892 1631 infert.
2919 1578 3049 1647 Quis
3075 1580 3216 1635 enim
3242 1581 3309 1635 ad
3334 1581 3565 1638 honores
3590 1592 3643 1639 et
3668 1600 3897 1642 coronas

2313 1673 2368 1719 et
2394 1666 2633 1721 convivia
2660 1677 2716 1724 et
2743 1670 3084 1727 celebritates
3111 1688 3312 1730 vocans
3339 1715 3355 1741 ,
3388 1677 3582 1733 invitos
3612 1689 3664 1734 et
3684 1680 3895 1738 vinctos

2317 1758 2479 1813 trahit
2504 1759 2529 1813 ἳ
2556 1758 2725 1814 Nemo
2744 1770 2890 1817 certe
2916 1784 2929 1818 :
2955 1762 3055 1819 hoc
3081 1766 3222 1820 enim
3244 1776 3387 1823 esset
3412 1769 3660 1839 injuriam
3693 1771 3891 1829 facere.

2314 1847 2397 1902 Ad
2443 1849 2742 1919 gehennam
2788 1855 2983 1909 invitos
3030 1855 3193 1911 mittit
3221 1873 3236 1923 ;
3264 1857 3330 1912 ad
3373 1874 3595 1930 regnum
3648 1862 3895 1919 iubentes

2314 1950 2469 1995 vocat
2494 1961 2507 1995 :
2539 1942 2605 1997 ad
2629 1944 2803 2014 ignem
2837 1946 3031 2016 ligatos
3056 1947 3223 2021 ducit,
3253 1951 3417 2007 etiam
3443 1952 3706 2022 ejulautes
3734 1970 3753 2019 ;
3798 1955 3893 2029 sed

2315 2031 2590 2090 innumera
2621 2034 2758 2091 bona
2788 2052 2891 2092 non
2934 2039 3032 2095 sic.
3063 2039 3195 2095 Nam
3227 2040 3331 2099 hoc
3360 2044 3472 2114 ipsa
3511 2061 3725 2117 quoque
3752 2036 3893 2103 bona

2312 2124 2499 2178 odiosa
2534 2126 2743 2193 reddat,
2766 2128 2870 2183 nisi
2899 2130 3017 2185 talis
3034 2132 3103 2187 sit
3134 2131 3345 2190 illorum
3377 2145 3563 2195 natura
3584 2180 3598 2203 ,
3627 2147 3687 2194 ut
3712 2138 3780 2195 ad
3807 2140 3898 2195 illa

2314 2226 2507 2287 sponte
2536 2231 2849 2276 accurrstur
2876 2263 2893 2287 ,
2924 2233 2978 2278 et
3001 2225 3229 2294 gratiam
3255 2225 3483 2284 habeant
3511 2230 3819 2285 maximam.

2384 2310 2436 2366 3.
2468 2310 2533 2366 Et
2561 2311 2649 2382 qui
2674 2313 2753 2378 lit,
2773 2313 3004 2385 inquies,
3024 2317 3167 2387 quod
3194 2334 3301 2373 non
3316 2335 3504 2377 omnes
3530 2322 3642 2391 ipsa
3668 2324 3893 2394 eligant?

2313 2403 2394 2457 0b
2438 2406 2706 2474 propriam
2738 2407 3121 2463 infirmitatem.
3156 2410 3221 2465 Et
3248 2428 3346 2466 cur
3374 2413 3585 2467 illorum
3615 2415 3895 2471 infirmita-

2313 2494 2419 2546 tem
2448 2509 2553 2547 non
2581 2495 2846 2550 abscindit
2874 2498 2898 2549 ?
2920 2497 2987 2551 Et
3006 2514 3114 2569 quo
3140 2510 3295 2569 pacto
3319 2543 3338 2568 ,
3364 2502 3451 2557 dic
3472 2503 3602 2558 mihi
3634 2546 3650 2570 ,
3678 2507 3895 2562 exscin-

2312 2582 2442 2636 dere
2468 2596 2603 2651 opus
2625 2586 2742 2638 est?
2768 2601 2947 2641 annon
2985 2600 3285 2647 creaturam
3327 2594 3567 2651 condidit
3605 2596 3889 2655 docentem

2313 2672 2429 2741 ejus
2453 2673 2834 2742 benignitatem
2866 2719 2880 2743 ,
2909 2687 2963 2733 et
2986 2682 3275 2748 potentiam
3300 2684 3323 2738 ἳ
3352 2700 3476 2740 nam
3506 2686 3659 2752 Cwli,
3689 2690 3889 2762 inquit.

2311 2775 2549 2819 enarrem!
2584 2766 2803 2838 gloriam
2832 2769 2924 2823 Dei
2949 2768 3121 2842 (Ρωι,
3154 2773 3240 2828 18.
3268 2773 3347 2843 2).
3382 2778 3573 2833 Annon
3602 2780 3891 2849 prophetas

2312 2858 2455 2911 misit
2483 2858 2507 2910 ἲ
2534 2873 2711 2913 annon
2742 2861 2950 2915 vocavit
2978 2872 3032 2916 et
3058 2862 3381 2917 honoravit?
3419 2882 3594 2921 annon
3635 2870 3889 2927 miracula

2311 2939 2483 3000 fucit?
2510 2963 2689 3000 annon
2724 2950 2895 3017 legem
2927 2950 3077 3005 dedit
3106 2961 3163 3005 et
3190 2954 3447 3022 scriptam
3474 2966 3528 3011 et
3544 2961 3841 3015 naturalem
3865 2962 3891 3015 ἓ

2310 3052 2486 3091 annon
2506 3038 2697 3091 Filium
2718 3052 2869 3092 suum
2892 3040 3074 3096 misit?
3090 3056 3267 3097 annon
3290 3046 3449 3100 etiam
3469 3050 3779 3116 apostolos?
3794 3066 3894 3107 an-

2314 3142 2417 3180 non
2450 3127 2598 3197 signa
2630 3127 2795 3199 fecit?
2825 3145 3004 3185 annon
3043 3133 3345 3203 gehennam
3370 3139 3730 3196 comminatus
3758 3152 3843 3200 est
3867 3145 3891 3198 !

2312 3233 2487 3274 nonne
2504 3235 2724 3291 regnum
2758 3224 3045 3293 promisit?
3070 3242 3248 3283 nonne
3272 3229 3512 3299 quotidie
3536 3233 3703 3288 solem
3736 3248 3892 3292 suum

2310 3310 2438 3364 criri
2470 3309 2633 3367 facit?
2664 3329 2843 3370 nonne
2884 3331 3006 3386 quae
3054 3320 3307 3389 pracepit
3330 3321 3399 3375 ita
3433 3320 3607 3377 facilia
3632 3333 3799 3391 sunt,
3828 3336 3893 3384 ut

2312 3402 2462 3456 multi
2500 3403 2551 3457 vi
2602 3403 2954 3475 philosophia
2997 3422 3109 3463 sua:
3149 3424 3266 3479 ejus
3296 3411 3544 3467 mandata
3585 3423 3884 3483 superent!

2312 3489 2449 3554 Quid
2476 3493 2734 3565 oportebat
2756 3499 2926 3566 facere
2952 3497 3131 3562 uineta,
3163 3509 3209 3553 et
3236 3516 3335 3553 non
3357 3504 3456 3571 feci
3482 3504 3500 3571 (
3524 3502 3653 3560 Isai.
3686 3506 3741 3562 5.
3771 3508 3806 3563 4
3827 3508 3849 3579 )
3872 3505 3897 3558 τ

2312 3584 2377 3637 Et
2401 3600 2499 3639 cur
2530 3602 2634 3639 non
2658 3586 2786 3643 fecit
2812 3589 2992 3656 nobis,
3011 3590 3531 3659 inquies,scientiam
3562 3606 3619 3652 et
3639 3600 3896 3655 virtutem

2314 3676 2634 3730 naturalem?
2649 3677 2779 3745 Quis
2807 3678 2924 3734 hinc
2944 3679 3101 3735 dicit?
3124 3680 3417 3740 Graecusne
3437 3700 3505 3741 an
3526 3686 3901 3753 Christianus!

2313 3763 2485 3819 Ambo
2509 3766 2725 3834 quidem
2757 3809 2774 3833 ,
2805 3769 2898 3824 sed
2926 3784 3032 3826 non
3064 3771 3252 3828 eadem
3277 3773 3346 3830 de
3364 3790 3524 3832 causa
3553 3794 3567 3830 :
3598 3795 3785 3836 verum
3813 3785 3897 3838 al-

2314 3867 2394 3910 ter
2418 3856 2487 3913 de
2513 3858 2735 3915 scientia
2758 3901 2774 3924 ,
2805 3860 2943 3916 alter
2961 3862 3031 3919 de
3052 3864 3158 3918 vita
3186 3866 3484 3921 contendit.
3513 3868 3753 3925 Primum
3784 3873 3896 3943 igi-

2315 3956 2400 4000 tur
2420 3958 2605 4003 nostro
2627 3950 3112 4021 respondebimus:
3146 3969 3252 4010 non
3273 3956 3416 4011 enim
3439 3958 3571 4019 mihi
3594 3968 3737 4016 tanta
3760 3977 3897 4021 cura

2313 4045 2397 4093 est
2421 4037 2493 4093 de
2519 4040 2758 4107 exteris,
2794 4049 2991 4112 quanta
3033 4042 3103 4100 de
3149 4046 3385 4118 propriis
3430 4049 3705 4109 membris.
3750 4053 3897 4122 Quid

2311 4142 2441 4199 ergo
2466 4127 2592 4185 dicit
2612 4130 2982 4188 Christianus?
3009 4133 3177 4204 ipsam
3203 4135 3359 4192 nobis
3378 4137 3591 4197 virtutis
3608 4142 3898 4202 scientiam

2316 4221 2425 4275 indi
2463 4222 2767 4292 oportebat.
2815 4224 3011 4281 Indidit
3051 4237 3199 4283 certe
3230 4248 3246 4284 :
3276 4230 3377 4285 nisi
3399 4233 3541 4289 enim
3568 4233 3853 4293 indidisset
3876 4280 3895 4306 ,

2314 4311 2456 4367 unde
2492 4327 2772 4371 nossemus
2788 4330 2860 4401 ea
2898 4332 3020 4389 qua:
3045 4318 3249 4389 agenda
3295 4332 3351 4379 et
3385 4338 3507 4394 qute
3550 4341 3657 4381 non
3682 4329 3897 4398 agenda

2314 4413 2439 4459 sunt
2463 4404 2486 4457 τ
2516 4404 2782 4462 undenam
2834 4408 2982 4481 leges
3025 4418 3080 4465 et
3124 4410 3455 4469 tribunalia?
3483 4416 3555 4472 At
3579 4431 3685 4473 non
3708 4419 3893 4476 scien-

2316 4495 2465 4562 tiam,
2486 4495 2582 4553 sed
2609 4500 2775 4566 ipsam
2799 4503 3066 4556 actionem
3086 4501 3216 4559 dare
3236 4507 3492 4574 oportuit.
3519 4508 3585 4564 Et
3610 4510 3899 4580 cujusnam

2313 4586 2389 4641 rei
2418 4588 2720 4643 mercedem
2736 4602 3054 4661 accepturus
3080 4607 3223 4659 eras,
3251 4597 3296 4649 si
3328 4605 3495 4651 totum
3520 4614 3590 4656 ex
3616 4600 3727 4657 Deo
3754 4601 3898 4658 fuis-

2315 4678 2435 4732 set?
2466 4677 2558 4733 Dic
2586 4679 2731 4735 enim
2766 4681 2893 4735 mihi
2921 4724 2939 4748 ,
2983 4692 3109 4739 tene
3136 4698 3191 4740 et
3215 4685 3462 4743 Cra:cum
3502 4702 3785 4759 peccantes
3811 4697 3896 4751 si.

2315 4768 2515 4824 militer
2565 4770 2716 4840 punit
2764 4771 2949 4829 Deus?
2977 4774 3193 4832 Minime
3226 4797 3240 4830 :
3272 4777 3436 4835 habes
3474 4783 3622 4838 enim
3675 4784 3899 4843 interim

2312 4872 2433 4913 eam
2477 4875 2596 4929 qua:
2635 4877 2699 4916 ex
2749 4862 2970 4921 scientia
3014 4878 3197 4925 manat
3240 4867 3507 4926 ﬁduciam.
3535 4873 3674 4942 Quid
3713 4890 3847 4946 ergo
3879 4920 3897 4943 ,

2316 4952 2360 5004 si
2386 4952 2504 5022 quis
2534 4970 2673 5009 nunc
2698 4957 2901 5013 diceret
2930 4958 3049 5027 tibi,
3073 4969 3131 5016 et
3155 4971 3208 5017 te
3234 4973 3287 5017 et
3316 4963 3561 5020 Crucem
3592 4983 3690 5037 pro
3714 4971 3899 5025 scicn-

2318 5044 2389 5097 tia
2416 5046 2601 5101 eadcm
2622 5059 3057 5127 consequuturos
3081 5067 3224 5119 esse,
3242 5068 3424 5110 annon
3449 5056 3500 5111 id
3527 5073 3673 5130 aegre
3692 5060 3901 5118 ferres?

2318 5136 2566 5193 Arbitror
2602 5155 2734 5196 sane
2765 5158 2779 5194 :
2810 5141 3021 5199 diceres
3066 5144 3210 5200 enim
3244 5186 3261 5211 ,
3290 5160 3411 5201 cum
3452 5146 3672 5205 Crrecus
3714 5166 3779 5207 es
3833 5168 3900 5209 se

2320 5236 2497 5294 posset
2523 5230 2799 5286 scientiam
2825 5234 3084 5299 invenire,
3108 5237 3297 5292 noluit.
3318 5236 3373 5294 Si
3394 5254 3524 5307 ergo
3550 5241 3638 5298 ille
3664 5242 3900 5308 diceret,

2317 5322 2596 5389 oportebat
2631 5322 2797 5379 Deum
2827 5327 2982 5382 nobis
3008 5328 3285 5385 scientiam
3308 5333 3625 5388 naturaliter
3652 5333 3847 5388 indere
3877 5374 3899 5399 .

2319 5422 2498 5464 annon
2529 5410 2805 5477 irrideres,
2832 5414 3149 5485 diceresquc
3172 5419 3224 5474 ci
3244 5460 3262 5487 ,
3286 5421 3399 5476 Cur
3423 5436 3527 5477 non
3552 5420 3850 5492 quesivisti
3871 5424 3901 5477 2

2320 5515 2415 5553 cur
2458 5517 2564 5554 non
2592 5514 2818 5558 conatus
2836 5518 2900 5559 es
2927 5519 2982 5558 ut
3008 5522 3109 5575 ego
3138 5509 3163 5561 3
3188 5524 3251 5565 ac
3274 5526 3397 5568 cum
3438 5511 3606 5567 multa
3630 5520 3804 5567 stares
3825 5515 3899 5568 σι.

2320 5589 2475 5644 ducia
2502 5629 2517 5652 ,
2549 5593 2864 5663 diecresqne
2892 5604 3145 5652 extrema:
3193 5615 3316 5657 esse
3354 5602 3675 5673 insipientia:
3721 5604 3901 5665 Dentis

2321 5678 2567 5735 incusare
2595 5719 2612 5744 ,
2641 5682 2783 5750 quod
2814 5692 3019 5739 natura:
3043 5686 3320 5746 scientiam
3348 5706 3455 5747 non
3476 5690 3744 5751 indidetit.
3778 5696 3900 5757 lloe

2325 5778 2503 5826 autem
2532 5769 2763 5841 diceres,
2792 5773 2914 5845 quia
2940 5775 3049 5845 illa,
3080 5793 3199 5849 qua
3222 5780 3288 5835 ad
3315 5780 3597 5841 scientiam
3619 5798 3876 5857 spectant
