4082 6326
201 309 247 367 Ἃ
1260 306 1325 362 IN
1366 303 1583 361 EPIST.
1627 302 1646 355 1
1711 300 1846 356 Abt

1954 298 1999 356 l.
2041 293 2276 354 IIOIIL.
2317 294 2407 351 111.
3458 291 3536 346 τι

224 431 320 483 ists
339 429 486 478 rem
510 434 578 477 se
603 419 872 477 habent.
910 424 1008 479 Sic
1037 421 1200 477 etiam
1225 420 1269 473 si
1297 434 1382 482 ea,
1412 432 1531 488 qua:
1561 416 1626 469 ad
1658 415 1821 488 vitam

242 519 482 593 pertinent,
499 525 663 571 reue
693 530 763 570 se
793 517 1077 571 haberent
1105 555 1122 579 ,
1150 527 1255 567 non
1281 510 1446 565 talem
1468 508 1821 579 quasthmem

238 623 483 671 noverca;
514 622 713 662 verum
742 606 883 677 quia
907 606 1056 660 circa
1089 602 1345 657 virtutem
1363 614 1553 655 socors
1579 607 1635 651 et
1661 596 1817 666 igna-

239 718 327 759 vus
356 717 414 758 es
444 745 459 768 ,
484 700 607 755 ideo
632 700 868 754 insanos
902 697 1070 751 hosce
1100 693 1313 764 prefers
1340 705 1644 749 sermones.
1675 689 1825 757 Quo-

238 794 391 848 modo
424 801 601 846 autem
649 789 901 862 oportuit
949 803 1015 842 ex
1064 784 1388 841 necessitate
1433 781 1551 836 ﬁeri
1597 779 1823 835 bonum?

235 884 376 953 Ergo
402 883 640 937 futurum
667 888 789 935 erat
821 920 836 942 ,
871 890 931 932 ut
954 878 1111 932 bruta
1152 874 1406 929 animalia
1439 870 1722 926 nobiscum
1755 870 1826 924 de

239 974 428 1028 virtute
467 979 751 1027 certarent
780 985 907 1023 eum
938 967 1185 1036 quaedam
1211 979 1402 1019 eorum
1434 961 1589 1016 nobis
1622 968 1827 1028 tempe-

233 1062 473 1117 rautiora
506 1062 641 1116 sint.
688 1058 796 1113 Sed
825 1058 1042 1111 mallem
1072 1098 1093 1124 ,
1119 1054 1332 1124 inquies
1362 1094 1377 1117 ,
1400 1066 1473 1106 ex
1501 1048 1828 1106 necessitate

231 1154 403 1210 bona
426 1159 646 1217 esse.et
672 1148 821 1203 omni
850 1146 1098 1202 mercede
1124 1144 1345 1214 privari,
1365 1157 1526 1211 quam
1557 1156 1624 1195 ex
1653 1140 1825 1194 libero

226 1244 457 1302 arbitrio
488 1244 685 1307 malus,
718 1240 893 1311 puniri
925 1250 979 1294 et
1007 1236 1270 1307 supplicio
1300 1234 1462 1288 allici.
1489 1231 1596 1287 Sed
1623 1238 1831 1286 nonest

231 1351 488 1405 umquam
514 1334 816 1389 necessitas
838 1346 963 1387 esse
989 1329 1206 1384 bonum.
1227 1326 1285 1382 Si
1302 1341 1435 1397 ergo
1462 1326 1681 1397 ignoras
1699 1322 1830 1394 quid

228 1430 500 1502 agendum
520 1428 613 1495 sit,
639 1425 865 1481 ostende
888 1466 901 1486 ,
934 1432 992 1478 et
1019 1431 1146 1476 tunc
1170 1420 1413 1475 dicemus
1440 1419 1494 1473 id
1522 1418 1665 1489 quod
1693 1431 1831 1486 opus

226 1529 311 1577 est
337 1520 528 1574 dicae
557 1534 573 1570 :
604 1516 657 1571 si
677 1529 808 1569 vero
831 1512 1117 1568 libidinem
1147 1510 1343 1565 malam
1369 1522 1493 1565 esse
1524 1508 1665 1562 nosti
1689 1547 1703 1570 ,
1733 1520 1831 1561 cur

228 1615 426 1670 malam
449 1626 567 1666 rem
599 1625 707 1665 non
739 1609 920 1680 fugls?
949 1608 1066 1662 Non
1091 1622 1332 1678 possum,
1365 1604 1597 1674 inquies.
1629 1600 1831 1655 Verum

226 1704 345 1771 alii,
369 1704 465 1774 qui
495 1702 705 1770 majora
728 1710 877 1755 recte
901 1706 1209 1769 gesserunt,
1240 1705 1296 1752 te
1321 1694 1675 1759 accusabunt,
1708 1690 1833 1746 tibi-

231 1811 339 1867 que
362 1796 419 1849 vi
448 1808 649 1865 magna
676 1808 742 1849 os
766 1792 1066 1848 obstruent.
1112 1789 1193 1844 Tu
1229 1788 1377 1844 enim
1408 1787 1638 1842 fortasse
1667 1784 1832 1841 etiam

232 1903 353 1944 eum
386 1902 557 1942 uxore
601 1892 693 1941 tua
743 1900 850 1939 non
902 1892 1054 1939 caste
1081 1881 1229 1953 agis;
1260 1881 1399 1936 alius
1448 1894 1581 1935 vero
1632 1878 1837 1947 absque

236 1994 403 2035 uxore
431 1979 706 2048 integram
732 1982 916 2031 servat
942 1974 1269 2030 castitatem.
1303 1972 1475 2040 Quam
1510 1984 1641 2040 ergo
1670 1968 1837 2024 babes

236 2069 637 2133 defensionem,
665 2068 761 2140 qui
787 2067 1006 2122 modum
1032 2082 1145 2122 non
1173 2080 1382 2131 serves,
1406 2064 1535 2119 dum
1552 2062 1690 2117 alius
1716 2060 1835 2131 ipsa

234 2171 384 2232 δορα
415 2158 654 2215 transilit
672 2159 698 2212 l
724 2159 796 2214 At
818 2174 924 2213 non
942 2173 1153 2227 parem,
1177 2155 1415 2227 inquies,
1448 2154 1624 2207 habeo
1651 2165 1840 2221 corpo-

235 2252 310 2308 ris
336 2260 612 2311 naturam.
632 2265 740 2305 non
767 2265 866 2320 par
883 2248 1215 2319 propositum
1236 2245 1549 2302 voluntatis.
1570 2243 1705 2311 Quia
1727 2258 1837 2297 non

236 2344 336 2410 vis,
367 2357 477 2399 non
508 2341 634 2413 quia
665 2356 773 2396 non
798 2338 1227 2411 potes:ostendo
1252 2351 1484 2407 namque
1510 2349 1701 2390 omnes
1716 2347 1839 2389 esse

236 2438 301 2491 ad
326 2436 586 2491 virtutem
620 2433 868 2489 idoneos.
908 2431 1044 2489 Nam
1080 2430 1225 2502 quod
1252 2445 1360 2486 non
1389 2419 1569 2499 potest
1600 2426 1722 2498 quis
1752 2426 1834 2479 fa-

233 2540 381 2592 cere,
414 2540 596 2595 neque
619 2524 857 2581 instante
882 2522 1207 2579 necessitate
1227 2521 1424 2590 poterit
1450 2538 1465 2574 :
1496 2519 1643 2592 quod
1670 2511 1719 2573 si
1748 2519 1837 2573 in-

234 2625 411 2670 stante
437 2614 767 2669 necessitate
797 2613 991 2680 possit,
1018 2612 1109 2681 qui
1139 2626 1246 2665 non
1271 2610 1420 2675 facit,
1445 2625 1516 2663 ex
1560 2605 1863 2676 proposito.

243 2703 538 2761 voluntatis
565 2719 678 2758 non
701 2701 849 2757 facit.
879 2700 1129 2771 Exempli
1154 2714 1340 2766 causa,
1361 2698 1550 2753 volare
1573 2705 1631 2753 et
1648 2696 1716 2751 ad
1736 2710 1843 2750 cae-

240 2799 348 2852 lum
378 2793 514 2851 ferri
553 2794 706 2864 gravi
736 2807 966 2868 corpore
993 2791 1308 2861 praeditum,
1333 2789 1557 2863 omnino
1602 2786 1719 2842 fieri
1749 2800 1847 2841 ne-

241 2888 370 2958 quit.
398 2885 547 2954 Quid
570 2899 707 2956 ergo
726 2926 742 2950 ,
775 2883 823 2940 si
866 2898 964 2939 rex
1009 2882 1234 2953 jusserit
1262 2881 1366 2937 hoc
1390 2880 1591 2945 tacete,
1618 2887 1675 2934 et
1700 2894 1845 2933 mor-

243 2989 347 3035 tem
362 2978 737 3035 committetur
756 2977 944 3032 dicens
968 2993 983 3031 :
1013 2975 1269 3032 Homines
1295 2989 1403 3030 non
1427 2974 1668 3029 volantes
1682 2974 1849 3042 jubco

239 3068 453 3125 consili
482 3066 573 3123 vel
601 3065 685 3121 uri
716 3107 734 3132 ,
783 3066 869 3121 vel
898 3064 1027 3136 quid
1056 3064 1368 3134 simile-pati
1392 3081 1409 3119 :
1438 3078 1567 3118 num
1593 3064 1713 3132 quis
1739 3062 1847 3131 ipsi

244 3161 497 3218 Μειῖ
516 3160 869 3230 Nequaquam
897 3200 910 3214 .
946 3158 1048 3214 hoc
1074 3158 1215 3213 enim
1242 3165 1429 3211 natura
1460 3154 1607 3209 ferre
1638 3155 1844 3224 nequit.

242 3251 334 3307 Sin
358 3260 552 3305 autem
582 3250 654 3305 de
674 3250 923 3304 castitate
944 3248 1183 3318 idipsum
1212 3254 1436 3308 statuat,
1467 3244 1723 3313 justaque
1751 3258 1849 3313 po-

246 3352 336 3396 nat
362 3384 379 3405 ,
431 3353 495 3397 ut
525 3341 851 3395 libidinosus
879 3339 1132 3409 puniatur
1154 3378 1174 3403 ,
1210 3345 1398 3391 uratur
1425 3378 1441 3402 ,
1471 3335 1769 3408 ﬂagelletur
1797 3343 1855 3391 et

248 3436 394 3491 mille
421 3442 698 3489 tument:
732 3431 988 3503 patiatur,
1015 3444 1195 3485 annon
1219 3429 1373 3483 multi
1393 3428 1575 3483 edicto
1604 3429 1851 3499 pareant?

248 3524 384 3593 ἔσται,
414 3525 676 3596 inquies:
705 3538 831 3579 nam
861 3523 950 3579 lex
968 3532 1220 3593 est,qua:
1247 3522 1404 3592 jubet
1427 3538 1535 3577 non
1565 3521 1847 3591 mmcljari,

249 3631 429 3687 neque
444 3628 646 3669 omnes
662 3614 1055 3681 obsequuntur.
1080 3612 1194 3667 Non
1216 3612 1357 3683 quod
1380 3612 1630 3667 inﬁrmus
1647 3622 1707 3668 et
1723 3611 1856 3668 levis

248 3710 321 3765 it
348 3711 517 3763 timor
541 3750 554 3771 ,
593 3704 692 3760 sed
741 3703 866 3774 quia
894 3703 1049 3757 multi
1096 3718 1157 3758 se
1209 3703 1380 3757 latere
1427 3718 1587 3771 posse
1611 3714 1851 3772 sperent.

251 3800 409 3870 Quod
436 3800 488 3855 si
515 3796 795 3868 legislator
814 3802 870 3850 et
894 3794 1063 3864 judex
1088 3793 1639 3849 adessentlibidinem
1666 3794 1859 3863 imple-

255 3892 391 3947 αἱς
416 3931 435 3957 ,
481 3895 674 3959 posset
713 3896 841 3941 tunc
870 3895 1046 3940 metus
1091 3884 1374 3940 libidinem
1418 3899 1627 3940 arcere.
1654 3883 1787 3939 Nam
1813 3885 1859 3941 si

256 3982 419 4036 aiam
441 3982 718 4035 minorem
742 3979 1116 4034 necessitatem
1142 3977 1407 4033 iuduxero
1436 4018 1453 4043 ,
1476 3985 1531 4032 et
1574 3978 1645 4033 ab
1681 3988 1858 4033 amata

260 4072 492 4127 muliere
518 4070 851 4125 abstractum
876 4067 1177 4131 abduxero,
1206 4078 1263 4123 et
1286 4067 1525 4123 vinctum
1557 4068 1854 4138 inclusero,

261 4164 461 4234 pter-it
481 4161 629 4217 fea're
652 4202 670 4227 ,
697 4169 750 4214 et
772 4158 905 4213 nihil
934 4172 1098 4229 grave
1126 4158 1257 4229 pati.

335 4253 510 4309 Naso
550 4261 741 4306 natura
779 4252 939 4305 bonus
975 4250 1053 4306 sel
1081 4261 1265 4305 natura
1288 4253 1477 4307 uulsis.
1502 4282 1575 4295 --
1608 4252 1687 4309 Ne
1734 4268 1866 4325 ergo

265 4345 543 4408 dicamus,
575 4344 724 4399 hunc
753 4351 940 4397 natura
990 4342 1189 4397 bonum
1212 4385 1230 4411 ,
1258 4344 1407 4399 illum
1438 4355 1632 4399 natura
1662 4346 1863 4401 malum

264 4450 408 4493 esse.
462 4434 603 4490 ﬁam
635 4435 681 4490 si
731 4443 921 4489 natura
966 4433 1141 4489 bonus
1184 4436 1293 4501 sit,
1342 4451 1632 4506 numquam
1666 4438 1868 4507 poterit

267 4527 445 4580 malus
490 4524 608 4580 ﬁeri
634 4540 651 4590 ;
681 4532 737 4579 et
782 4523 826 4578 si
871 4533 1062 4578 natura
1112 4525 1323 4592 malus,
1372 4541 1661 4596 numquam
1694 4527 1867 4583 bonus

266 4619 391 4674 tit.
417 4616 577 4672 Nunc
610 4624 789 4670 autem
821 4615 1065 4670 videmus
1091 4617 1301 4672 celeres
1324 4618 1650 4673 mutationes
1668 4662 1684 4685 ,
1715 4627 1771 4673 et
1800 4620 1867 4674 ab

1930 413 2017 469 his
2042 413 2094 467 iu
2116 411 2218 466 alia
2246 410 2443 465 mutari
2467 451 2482 477 ,
2508 417 2572 464 et
2602 408 2670 463 ab
2709 408 2815 464 illis
2843 409 2897 463 in
2924 408 3031 464 alia
3057 408 3277 464 cadere.
3312 408 3381 463 Et
3410 409 3526 463 lure

1930 518 2039 558 non
2090 502 2144 557 in
2172 499 2465 571 Scripturis
2496 508 2702 554 tantum
2732 498 2917 555 videte
2957 510 3044 554 est
3072 517 3088 554 :
3136 500 3372 571 exempli
3402 515 3535 555 cau-

1930 608 2031 661 sa,
2077 592 2221 664 quod
2264 592 2536 663 publicani
2579 590 2705 648 facti
2749 592 2859 647 sint
2901 590 3173 662 apostoli,
3202 601 3258 646 et
3281 591 3534 663 discipuli

1930 685 2232 758 proditores
2266 726 2280 748 ,
2345 694 2403 740 et
2470 685 2787 741 meretrices
2860 693 3025 739 casta:
3096 684 3354 740 mulieres
3385 726 3403 751 ,
3476 694 3535 742 et

1934 779 2173 834 latrones
2221 778 2478 846 praeclare
2527 789 2791 848 agentes,
2822 785 2880 833 et
2923 777 3065 848 magi
3112 776 3437 844 adorantes,
3480 788 3538 832 et

1933 870 2083 940 impii
2130 872 2182 925 in
2212 872 2465 941 pietatem
2511 871 2797 938 conversi,
2831 870 2992 941 idque
3037 881 3146 926 tam
3202 874 3256 925 in
3306 870 3533 938 Veteri,

1934 977 2094 1032 quam
2146 962 2199 1015 iu
2252 962 2405 1017 Novo
2444 962 2795 1018 Testamento
2840 979 2853 1015 :
2890 962 3001 1017 imo
3048 963 3289 1034 quotidie
3339 964 3536 1019 similia

1935 1051 2181 1107 accidere
2231 1051 2499 1106 videmus.
2546 1052 2603 1107 Si
2652 1067 2784 1107 vero
2838 1054 3101 1107 naturalia
3144 1052 3262 1109 haec
3309 1062 3536 1120 essent,

1936 1158 2043 1198 non
2074 1151 2428 1199 mutarentur.
2475 1143 2607 1199 Nam
2638 1160 2763 1201 eum
2788 1145 2959 1200 simus
2987 1154 3178 1200 natura
3220 1147 3535 1216 passibiles,

1938 1236 2085 1290 nullo
2132 1251 2389 1306 umquam
2439 1235 2621 1291 studio
2683 1238 3049 1307 impassibiles
3098 1239 3324 1293 erimus.
3383 1240 3539 1306 Quod

1935 1327 2081 1382 enim
2124 1336 2316 1381 natura
2361 1327 2468 1384 tale
2510 1336 2595 1382 est
2618 1369 2635 1390 .
2665 1344 2959 1398 numquam
2985 1330 3198 1387 excidet
3223 1347 3255 1387 a
3284 1334 3545 1388 naturali-

1938 1415 2058 1470 bus.
2106 1416 2293 1472 Nullus
2319 1432 2349 1471 a
2375 1416 2700 1473 dormiendo
2738 1418 2997 1474 abstinuit
3019 1460 3037 1486 ,
3071 1421 3252 1477 nullus
3289 1438 3318 1476 a
3344 1437 3539 1477 corru-

1939 1508 2123 1577 ptione
2151 1510 2217 1563 ad
2262 1511 2720 1581 incorruptionem
2750 1513 2978 1567 transire
3028 1515 3233 1583 potuit,
3267 1516 3445 1571 nullus
3470 1517 3541 1570 ab

1940 1601 2117 1656 esurie
2143 1600 2399 1656 liberatus
2422 1611 2528 1667 est,
2550 1603 2621 1657 ita
2648 1612 2707 1657 ut
2728 1619 2834 1659 non
2859 1605 2997 1659 ultra
3023 1608 3246 1661 esuriat.
3273 1606 3401 1662 ldeo
3425 1608 3543 1664 lure

1939 1708 2049 1749 non
2080 1695 2131 1749 in
2169 1695 2379 1749 crimen
2412 1704 2733 1763 vertuntur,
2763 1712 2939 1766 neque
2966 1700 3126 1752 nobis
3154 1714 3217 1755 ca
3247 1702 3541 1769 exprobra-

1942 1801 2082 1840 mus.
2130 1784 2317 1855 Neque
2345 1785 2578 1856 aliquem
2606 1796 2961 1842 accusaturus
2987 1790 3253 1858 quiSpiam
3280 1789 3422 1844 dixit
3450 1808 3465 1844 :
3493 1790 3542 1846 ο

1943 1874 2154 1946 impure
2174 1916 2192 1943 ,
2221 1884 2273 1930 et
2306 1875 2647 1945 passionibus
2676 1877 2945 1943 obnoxie;
2974 1878 3068 1933 sed
3096 1887 3189 1933 aut
3214 1880 3540 1935 adulterium

1942 1976 2035 2022 aut
2058 1975 2301 2037 stuprum
2325 1978 2418 2021 aut
2444 1968 2572 2035 quid
2598 1968 2777 2023 simile
2797 1984 3012 2039 semper
3035 1970 3285 2025 obnoxiis
3310 1970 3544 2042 proferi-

1943 2071 2099 2123 mus,
2145 2065 2200 2112 et
2255 2056 2324 2111 ad
2367 2057 2584 2127 judices
2612 2058 2935 2115 adducimus
2963 2061 3052 2131 qui
3099 2063 3461 2117 criminentttr
3490 2074 3545 2119 ct

1942 2148 2189 2217 puniant,
2225 2156 2280 2203 et
2304 2163 2404 2217 pro
2423 2150 2711 2205 contrariis
2736 2151 2945 2206 honore
2969 2151 3227 2208 afficiant.
3258 2153 3393 2209 Cum
3414 2170 3545 2226 ergo

1949 2250 2060 2291 tum
2088 2253 2153 2293 ex
2176 2239 2243 2293 iis
2273 2254 2393 2308 qua:
2424 2240 2562 2295 inter
2588 2257 2687 2297 nos
2709 2254 2901 2298 mutuo
2930 2243 3158 2300 facimus
3178 2285 3194 2311 ,
3228 2255 3341 2300 tum
3385 2262 3451 2301 ex
3480 2249 3546 2301 iis

1943 2345 2066 2400 qua:
2094 2331 2149 2384 in
2183 2329 2389 2398 judicio
2416 2333 2655 2401 patimur
2676 2373 2692 2398 ,
2719 2342 2782 2389 et
2804 2334 2857 2388 in
2884 2334 3094 2405 legibus
3121 2336 3507 2407 descripsimus
3527 2378 3544 2402 ,

1946 2430 2060 2475 tum
2083 2435 2153 2475 ex
2185 2420 2249 2474 iis
2275 2420 2344 2475 de
2368 2421 2563 2489 quibus
2590 2436 2689 2476 nos
2719 2423 2866 2491 ipsos
2893 2423 3237 2489 damnamus,
3271 2427 3395 2481 licet
3430 2429 3548 2481 nul.

1948 2514 2032 2569 lus
2054 2513 2312 2578 aecuset;
2354 2527 2421 2567 ex
2441 2527 2509 2568 eo
2531 2511 2673 2581 quod
2700 2513 2861 2568 etiam
2887 2529 2984 2583 per
3004 2516 3267 2586 ignaviam
3311 2517 3546 2586 pejores,

1949 2620 2046 2677 per
2086 2607 2335 2662 timorem
2365 2606 2618 2661 meliores
2645 2604 2950 2661 efﬁciamur
2972 2649 2990 2675 ,
3019 2607 3349 2680 demumque
3379 2625 3451 2664 ex
3482 2626 3550 2665 eo

1948 2696 2092 2765 quod
2138 2697 2275 2752 alios
2324 2696 2602 2752 videamus
2647 2697 2909 2768 praeclare
2962 2708 3183 2770 agentes
3207 2700 3278 2755 ad
3306 2701 3551 2771 philoso-

1952 2787 2091 2856 phite
2128 2787 2341 2841 culmen
2384 2787 2600 2841 venisse
2624 2828 2639 2851 ,
2674 2789 2849 2853 palam
2892 2791 2962 2843 sit
3005 2807 3172 2861 penes
3216 2809 3317 2848 nos
3344 2809 3466 2851 esse
3496 2804 3555 2850 ut

1949 2886 2099 2933 recte
2126 2893 2383 2949 agamus;
2412 2892 2511 2932 cur
2553 2892 2653 2932 nos
2684 2877 2882 2933 frustra
2924 2881 3132 2951 frigidis
3155 2884 3470 2940 obtentihus
3496 2898 3553 2941 et

1950 2969 2389 3025 excusationibus
2414 2969 2715 3040 decipimus
2734 3010 2751 3035 ,
2782 2986 2901 3041 qua:
2931 2986 3038 3026 uon
3081 2971 3245 3027 modo
3275 2973 3433 3029 nobis
3462 2991 3555 3031 ve-

1954 3063 2096 3117 niam
2123 3076 2232 3116 non
2254 3063 2546 3116 concilient
2568 3101 2587 3127 ,
2630 3061 2727 3117 sed
2768 3063 2949 3132 potius
2980 3064 3322 3131 intolerabile
3351 3067 3553 3138 suppli-

1954 3153 2135 3217 cium;
2158 3168 2285 3207 cum
2316 3162 2592 3220 Oporteret
2616 3152 2760 3205 diem
2786 3152 2934 3206 illum
2964 3155 3265 3210 terribilem
3296 3172 3405 3225 pm:
3435 3173 3557 3215 ocu-

1956 3245 2023 3299 lis
2061 3244 2344 3308 habentes,
2370 3242 2586 3298 virtutis
2624 3258 2809 3298 curam
2836 3259 3025 3315 gerere
3050 3253 3106 3301 et
3130 3255 3258 3315 post
3282 3248 3557 3304 modicum

1947 3336 2195 3390 laborem
2221 3335 2654 3405 incorruptibiles
2676 3350 2910 3392 coronas
2940 3338 3226 3409 accipere?
3246 3338 3390 3396 Nihil
3410 3346 3559 3397 enim

1959 3427 2114 3482 nobis
2132 3429 2425 3498 proderunt
2440 3428 2557 3483 lucc
2576 3428 2735 3485 verba
2754 3448 2769 3496 ;
2786 3429 2879 3485 sed
2893 3433 3162 3500 conservi,
3182 3433 3272 3504 qui
3289 3435 3560 3490 contraria

1960 3528 2107 3576 recte
2155 3530 2413 3591 egerunt,
2466 3530 2777 3589 peccatores
2804 3537 2996 3578 omnes
3018 3522 3388 3591 damnabunt,
3430 3540 3563 3581 cru-

1961 3614 2135 3669 delem
2163 3613 2495 3677 misericors,
2530 3615 2728 3668 malum
2753 3614 2946 3680 bonus,
2974 3618 3232 3673 audacem
3262 3619 3560 3687 modestus,

1965 3704 2202 3759 invidum
2232 3704 2563 3771 benevolus,
2596 3720 2748 3759 vauzn
2793 3706 2981 3775 gloria:
3018 3707 3273 3777 cupidum
3322 3709 3564 3778 philoso-

1967 3796 2104 3866 phus
2127 3838 2143 3863 ,
2175 3810 2395 3865 segnem
2423 3796 2697 3851 studiosus
2720 3838 2738 3863 ,
2772 3796 3033 3852 lascivum
3058 3809 3261 3855 castus.
3295 3800 3384 3854 Sic
3410 3802 3565 3856 nuhis

1962 3887 2222 3955 judicium
2257 3887 2400 3943 Deus
2431 3886 2588 3953 feret,
2620 3898 2907 3960 utrmnque
2936 3898 3135 3945 statuet
3158 3890 3429 3955 ordinem,
3465 3891 3565 3945 hos

1969 3979 2193 4033 laudans
2217 4020 2233 4044 ,
2264 3980 2384 4034 illos
2412 3981 2662 4051 puniens.
2699 3980 2895 4035 Verum
2923 3980 3103 4048 absit,
3130 3990 3191 4036 ut
3218 3984 3565 4052 praesentium

1967 4071 2233 4140 quispiam
2284 4086 2354 4125 ex
2406 4085 2632 4124 numero
2685 4085 2874 4125 eorum
2906 4071 2977 4125 sit
3026 4072 3117 4142 qui
3173 4073 3463 4143 punientur
3511 4085 3571 4129 et

1971 4162 2263 4232 ignominia
2290 4162 2628 4227 afﬁcientur;
2657 4162 2753 4217 sed
2786 4164 2895 4217 sint
2921 4166 3100 4234 potius
3128 4180 3194 4220 ex
3224 4181 3453 4222 numero
3476 4183 3571 4224 eo-

1970 4269 2089 4308 rum
2132 4255 2222 4324 qui
2251 4262 2580 4307 corouautur
2600 4294 2615 4317 ,
2644 4262 2700 4322 et
2739 4253 2982 4309 divinum
3009 4270 3237 4325 regnum
3279 4257 3525 4315 obtinent
3551 4278 3569 4328 ;

1972 4346 2114 4416 quod
2155 4360 2254 4400 nos
2279 4359 2470 4400 omnes
2494 4346 2708 4417 assequi
2756 4347 3039 4417 contingat
3064 4390 3079 4409 ,
3130 4350 3302 4420 gratia
3329 4359 3385 4405 et
3414 4352 3572 4407 bent-

1972 4439 2176 4509 guitate
2224 4437 2434 4493 Domini
2485 4439 2656 4493 nostri
2706 4438 2835 4493 Jesu
2881 4439 3113 4507 Christi,
3163 4443 3380 4511 quicum
3425 4443 3572 4500 Patri

1974 4545 2187 4599 unaque
2210 4529 2430 4601 Spiritui
2448 4540 2637 4585 sancto
2660 4530 2850 4602 gloria,
2875 4532 3181 4602 imperium,
3208 4534 3403 4602 honor,
3429 4552 3572 4591 nunc

1976 4632 2034 4677 et
2053 4637 2295 4691 semper,
2326 4632 2384 4678 et
2415 4624 2467 4679 in
2493 4626 2691 4679 saacula
2719 4626 3063 4682 saeculorum.
3093 4630 3288 4685 Amen.

270 4734 3499 4765 _____.—————_—_____._____.___________________________

1778 4800 2127 4862 HOMILIA
2172 4801 2283 4861 111.

260 4937 399 4997 CD.
429 4942 490 4995 1.
527 4956 582 4994 v.
618 4941 708 4995 10.
743 4941 961 4996 Obsecro
986 4951 1154 4995 autem
1181 4959 1288 5007 eos,
1324 4947 1527 5011 fratres,
1562 4960 1871 5013 pernam

339 5029 561 5083 Domini
591 5032 755 5083 nostri
785 5032 910 5085 less
939 5029 1132 5086 Christi
1151 5073 1163 5095 ,
1192 5033 1413 5095 strident
1440 5012 1623 5087 dicetis
1649 5012 1823 5091 suum
1850 5076 1865 5101 ,

336 5132 386 5175 et
430 5136 543 5175 ιοιι
569 5120 672 5174 sint
711 5120 768 5172 in
808 5120 944 5175 nobis
970 5123 1279 5185 schismata;
1306 5124 1417 5178 sitis
1451 5134 1622 5179 autem
1664 5128 1875 5195 perfecti

336 5217 390 5269 is
422 5213 609 5267 eadem
631 5219 799 5264 ments
819 5220 869 5264 α
893 5212 948 5264 its
971 5212 1147 5264 eadem
1182 5213 1451 5267 sumitis.

339 5308 398 5363 1.
432 5300 839 5372 lucrepstiones
860 5300 1045 5353 senuit!
1070 5308 1117 5353 et
1145 5301 1403 5354 moderate
1428 5301 1542 5368 ﬁeri
1565 5314 1783 5370 oportet.
1801 5333 1873 5344 —

260 5396 426 5465 Quod
458 5407 683 5463 semper
706 5388 952 5446 dicebam
978 5427 995 5453 ,
1020 5390 1221 5446 sensim
1249 5397 1304 5445 et
1330 5390 1587 5459 paulatim
1621 5392 1871 5461 inerepa-

264 5490 452 5545 t'sanes
502 5486 619 5543 fieri
664 5490 939 5556 oportere,
981 5481 1165 5536 hocet
1205 5480 1403 5537 Paulus
1432 5481 1518 5537 hic
1547 5481 1690 5539 facit.
1740 5484 1872 5537 Rem

263 5581 417 5635 enim
446 5593 701 5652 magttam
732 5576 1077 5648 ingressurus
1118 5573 1302 5629 multis
1326 5574 1541 5645 plenam
1570 5574 1827 5645 periculis
1852 5616 1868 5640 ,

271 5678 335 5725 et
354 5686 487 5743 qua
518 5680 694 5735 posset
738 5665 1037 5725 Eeelesiam
1067 5663 1301 5722 funditus
1342 5676 1625 5734 evertere,
1658 5665 1872 5720 mitiore

598 5789 878 5849 Panos.
920 5787 1043 5848 Gs.
1093 5786 1252 5848 LXI.

1980 4950 2148 5001 utitur
2191 4962 2465 5003 sermone.
2494 4949 2587 5003 Ait
2612 4948 2757 5005 enim
2787 4965 2847 5006 se
2896 4952 3185 5009 obsecrare
3214 4954 3363 5019 illos;
3411 4957 3573 5011 obseo

1977 5051 2134 5093 crare
2160 5046 2339 5091 autem
2368 5053 2466 5107 per
2493 5037 2769 5095 Christum
2790 5084 2806 5108 ,
2834 5044 2984 5112 quasi
3012 5044 3128 5114 ipse
3158 5046 3307 5100 solus
3335 5062 3440 5101 non
3462 5047 3575 5102 suf-

1979 5128 2164 5183 liceret
2186 5129 2253 5182 ad
2272 5130 2432 5184 talem
2456 5131 2925 5200 supplicationem,
2948 5144 3004 5189 et
3025 5134 3091 5188 ad
3118 5136 3570 5203 persuadendum.

1978 5216 2115 5281 Quid
2162 5226 2250 5271 est
2292 5226 2473 5273 autem
2494 5261 2510 5285 ,
2541 5220 2780 5276 Obsecro
2809 5237 2907 5289 per
2934 5223 3247 5278 Christum?
3292 5226 3576 5281 Christum

1980 5308 2209 5362 adhibeo
2252 5310 2456 5363 socium
2477 5350 2493 5373 ,
2525 5320 2579 5363 et
2610 5311 2661 5364 in
2710 5313 2968 5365 auxilium
2994 5314 3112 5381 ejus
3154 5330 3351 5371 nomen
3382 5317 3577 5383 injuria

1981 5405 2036 5450 et
2078 5398 2401 5452 contumelia
2432 5398 2703 5453 an‘ectum.
2757 5403 3063 5457 Admodum
3111 5408 3387 5475 apposite,
3420 5419 3478 5464 ut
3507 5428 3573 5469 ne

1983 5486 2060 5541 illi
2116 5487 2461 5557 impudenter
2508 5501 2772 5561 agerent:
2803 5494 3142 5562 impudentes
3186 5498 3329 5552 enim
3380 5516 3576 5570 pecca-

1985 5583 2094 5629 tum
2145 5575 2291 5632 facit.
2328 5576 2454 5633 ldeo
2478 5580 2523 5635 si
2550 5581 2730 5636 statim
2761 5583 2978 5652 quidem
3011 5586 3364 5646 vehementer
3400 5592 3579 5651 incre-

1986 5669 2213 5738 paveris,
2260 5669 2523 5727 immitem
2567 5681 2622 5729 et
2668 5674 3032 5747 impudentem
3082 5677 3291 5737 efficis:
3325 5685 3367 5739 si
3402 5685 3575 5742 inere-

3167 5777 3204 5839 2
