4096 6326
507 226 577 278 2'5
1230 216 1286 273 S.
1324 214 1599 270 JOANNIS
1616 210 2083 268 CllliYSOSTOMi
2127 211 2437 268 AiiClllEP.
2478 214 3003 270 CONSTANI'INOP.
3710 219 3784 275 ΞΔ

511 330 738 409 paveris,
770 338 1031 393 cervicem
1080 334 1270 390 ﬂexisti
1291 376 1307 400 ,
1342 333 1591 401 l0quendi
1636 331 1933 385 libertatem
1962 332 2082 383 abs-

512 430 751 493 traxisti,
784 438 841 483 ut
865 428 1112 483 deorsum
1144 426 1403 494 aspiceret
1431 424 1622 477 fecisti.
1662 420 1813 489 Quod
1855 418 2091 473 efﬁciens

510 523 705 575 Paulus
728 522 943 575 interim
972 520 1218 574 obsecrat
1250 533 1343 585 per
1374 531 1566 569 nomen
1597 513 1816 567 Christi.
1846 512 1913 565 Et
1937 510 2089 578 quid—

511 629 633 666 nam
661 612 948 668 obsecrat?
984 609 1051 665 Ut
1092 610 1226 661 idem
1256 607 1435 661 dicatis
1468 621 1638 660 omnes
1658 645 1673 669 ,
1708 614 1751 657 et
1780 619 1880 656 non
1910 604 2008 655 sint
2038 602 2091 654 in

509 703 645 757 vobis
684 704 976 757 schismata.
1026 698 1343 756 Schismatis
1370 697 1671 765 emphatica
1701 695 1780 750 vis
1811 696 2091 762 ipsumque

508 794 863 849 accusationis
892 808 1087 849 nomen
1118 793 1247 846 satis
1276 798 1462 856 erant,
1497 799 1550 842 ut
1595 789 1713 842 illos
1743 788 1936 841 acriter
1968 800 2088 853 per-

509 886 848 954 stringereut.
878 884 992 938 Non
1024 884 1164 937 enim
1198 883 1409 936 fuerunt
1439 881 1620 934 multa:
1645 888 1821 947 partes
1843 879 2083 944 integrae,

511 975 603 1030 sed
631 976 790 1030 etiam
818 992 919 1029 una
952 976 1204 1043 perierat.
1235 972 1365 1026 Nam
1390 972 1433 1025 si
1462 972 1717 1026 Ecclesia:
1738 977 1921 1024 essent
1949 968 2058 1021 inte

508 1082 650 1135 grzc,
685 1066 835 1119 multi
864 1075 1043 1119 essent
1065 1072 1238 1118 coetus
1266 1080 1277 1115 :
1311 1063 1355 1114 si
1386 1072 1561 1115 autem
1589 1060 1895 1122 schismata,
1926 1071 2086 1111 unum

510 1156 773 1225 periisset.
806 1157 936 1211 Nam
968 1156 1108 1225 quod
1140 1155 1401 1224 integrum
1432 1160 1549 1220 est,
1578 1167 1699 1206 cum
1732 1152 1782 1205 in
1814 1150 1976 1204 multa
2009 1148 2089 1203 di-

510 1248 744 1309 viditur,
774 1261 878 1299 non
928 1244 1086 1298 modo
1137 1260 1241 1297 non
1290 1244 1457 1297 multa
1505 1241 1767 1307 efﬁcitur,
1813 1239 1906 1294 sed
1950 1238 2088 1306 quod

510 1354 674 1390 unum
702 1346 814 1391 erat
848 1336 1006 1405 perit.
1038 1335 1180 1388 Talis
1211 1343 1291 1386 est
1315 1334 1663 1387 schismatum
1697 1340 1902 1385 natura.
1941 1329 2089 1382 Dein-

511 1429 578 1481 de
602 1427 723 1496 quia
752 1425 1039 1479 admodum
1072 1425 1457 1493 perstrinxerat
1494 1422 1797 1476 scltismatis
1828 1421 2042 1473 nomine
2073 1460 2086 1479 ,

510 1533 695 1571 rursus
724 1517 853 1570 lenit
896 1526 948 1569 et
982 1515 1185 1583 mitigat
1215 1513 1296 1566 his
1330 1513 1503 1567 verbis
1534 1530 1545 1565 :
1577 1511 1703 1566 Sitis
1734 1522 1899 1564 autent
1926 1512 2089 1578 perfe-

508 1612 574 1661 cti
603 1610 656 1661 in
701 1607 874 1661 eadem
902 1616 1064 1658 mente
1109 1613 1156 1657 et
1199 1605 1250 1655 in
1283 1603 1455 1655 eadem
1483 1603 1747 1655 sententia.
1780 1600 1912 1667 Quia
1945 1601 2085 1653 enim

507 1701 747 1765 dixerat,
783 1696 849 1752 Ut
878 1698 1010 1750 idem
1037 1696 1217 1748 dicatis
1242 1712 1260 1758 ;
1282 1695 1356 1749 Ne
1387 1694 1607 1763 putetis,
1638 1693 1828 1762 inquit,
1857 1708 1942 1745 me
1971 1707 2089 1745 cou-

512 1791 748 1843 cordiam
802 1789 999 1842 dixisse
1046 1789 1097 1841 in
1133 1787 1309 1841 verbis
1352 1786 1523 1839 solum
1554 1785 1750 1837 sitam:
1796 1797 1912 1837 eam
1946 1782 2088 1836 enim

508 1896 627 1950 qua:
654 1881 705 1934 in
735 1889 914 1933 mente
944 1888 1025 1932 est
1055 1876 1397 1931 concordiam
1426 1876 1662 1944 requiro.
1691 1874 1796 1929 Sed
1826 1874 1945 1942 quia
1978 1872 2088 1925 ﬁeri

509 1981 718 2040 potest,
754 1982 811 2026 ut
840 1972 1069 2041 idipsnm
1100 1976 1282 2023 mente
1310 1967 1493 2021 dientit
1522 2006 1536 2032 ,
1580 1967 1675 2020 sed
1704 1981 1810 2018 non
1852 1966 1903 2017 in
1931 1964 2091 2018 rebus

516 2065 764 2121 omnibus
786 2106 801 2131 ,
836 2064 957 2119 ideo
984 2061 1111 2118 illud
1143 2061 1301 2116 etiam
1332 2058 1553 2123 addidit,
1582 2057 1709 2113 Silis
1736 2067 1899 2110 autem
1924 2059 2090 2127 perfe-

512 2160 596 2211 cti.
629 2158 728 2225 Qui
755 2159 896 2212 enim
926 2158 978 2210 in
1010 2158 1187 2224 aliquo
1208 2157 1425 2223 junctus
1455 2164 1568 2217 est,
1598 2155 1649 2207 in
1694 2153 1871 2223 aliquo
1914 2162 2089 2207 autem

513 2248 771 2312 dissidet,
815 2262 920 2301 non
970 2246 1153 2315 utique
1205 2244 1471 2313 perfectus
1501 2254 1617 2313 est,
1661 2260 1833 2313 neque
1884 2247 1933 2297 in
1984 2253 2093 2297 toto

514 2340 801 2394 consentit.
850 2337 993 2392 Fieri
1042 2347 1216 2390 autem
1261 2345 1473 2404 potest,
1516 2344 1571 2388 ut
1614 2336 1733 2404 quis
1772 2335 2092 2403 cogitatione

515 2430 837 2494 concordet,
882 2446 1058 2499 neque
1099 2437 1275 2482 tamen
1321 2428 1583 2481 sententia
1626 2445 1635 2477 :
1690 2437 1744 2480 ut
1790 2443 1908 2478 ctnn
1951 2441 2095 2479 cam-

513 2526 635 2579 dem
690 2525 948 2578 habentcs
994 2521 1182 2582 fidem,
1235 2521 1455 2572 caritate
1499 2518 1669 2586 juncti
1732 2533 1837 2569 non
1887 2530 2090 2569 sumus.

514 2615 605 2670 Sic
663 2614 805 2670 enim
859 2612 1150 2666 secundum
1207 2608 1436 2677 cogitata
1482 2608 1653 2677 junCti
1717 2622 1900 2661 sumus
1958 2608 2092 2669 (ea-

515 2706 637 2759 dem
684 2703 881 2772 quippe
927 2699 1247 2769 cogilamus)
1278 2743 1288 2765 ,
1322 2700 1584 2753 sententia
1619 2715 1743 2752 vero
1774 2715 1876 2752 non
1921 2699 2048 2751 item
2079 2716 2090 2750 :

515 2797 656 2867 quod
688 2796 847 2850 etiam
879 2804 1001 2849 tunc
1033 2793 1226 2847 factum
1260 2804 1339 2847 est
1362 2835 1377 2858 ,
1407 2808 1527 2845 cum
1562 2791 1647 2844 hic
1681 2791 1895 2858 quidem
1924 2790 2091 2851 illum,

518 2890 609 2943 ille
651 2888 813 2942 alium
846 2886 1091 2953 eligeret.
1142 2884 1266 2935 Ideo
1314 2882 1385 2935 ait
1429 2890 1483 2934 et
1528 2891 1705 2932 mente
1734 2889 1787 2931 et
1834 2876 2095 2931 sententia

512 2978 661 3047 jungi
692 2976 907 3029 debere.
938 2973 1120 3039 Neque
1165 2970 1306 3024 enim
1335 2968 1474 3038 quod
1505 2968 1557 3021 iu
1588 2968 1692 3022 fide
1741 2967 2093 3031 dissiderent,

519 3046 809 3120 schismata
863 3072 1054 3125 erant;
1106 3060 1198 3115 sed
1244 3058 1387 3128 quod
1418 3058 1682 3112 sententia
1714 3046 2117 3110 dirimerentur.

520 3156 811 3212 secundum
835 3156 1122 3209 humanam
1152 3152 1575 3207 cententionem.
1601 3150 1705 3205 Sed
1732 3150 1980 3218 quoniam
2010 3149 2052 3202 is
2079 3190 2094 3215 ,

519 3253 610 3319 qui
638 3257 919 3303 accusatur
939 3288 952 3310 ,
984 3246 1157 3299 donec
1200 3251 1365 3296 testes
1391 3257 1496 3295 non
1540 3238 1733 3305 habet,
1761 3240 2097 3307 impudenter

522 3343 662 3409 agit;
696 3338 815 3394 vide
845 3336 1113 3407 quomodo
1142 3349 1247 3389 non
1278 3333 1579 3387 concedens
1606 3342 1661 3385 ut
1691 3342 1904 3400 negent,
1937 3340 2098 3385 testes

523 3431 765 3485 adducat.
819 3429 903 3483 ll.
952 3426 1309 3497 Signi/iratum
1349 3422 1481 3475 enim
1536 3430 1606 3475 est
1651 3422 1776 3473 mihi
1818 3422 1879 3472 de
1919 3421 2094 3486 vobis,

525 3527 703 3595 fratres
729 3564 742 3585 ,
776 3522 838 3574 ab
882 3521 943 3571 iis
968 3518 1051 3583 qui
1079 3527 1193 3571 sunt
1225 3515 1425 3568 C/tloes.
1458 3512 1641 3582 Neque
1678 3512 1857 3565 statim
1890 3511 1989 3564 hoc
2018 3510 2098 3564 di-

527 3624 695 3677 xerat,
727 3612 819 3665 sed
845 3612 1015 3680 primo
1038 3608 1435 3661 accusatiOnem
1459 3614 1729 3674 posuerat,
1763 3604 1902 3671 quod
1928 3604 2097 3671 ipsum

526 3703 948 3773 signiﬁcantibus
975 3699 1269 3754 credidisse
1298 3699 1485 3768 probat
1509 3715 1519 3747 :
1552 3696 1653 3749 nisi
1682 3696 1825 3749 enim
1849 3696 1950 3748 hoc
1979 3693 2102 3747 fuis-

524 3809 636 3856 set,
668 3811 770 3847 non
801 3801 1105 3847 accusasset
1130 3808 1143 3845 :
1172 3807 1277 3844 non
1325 3800 1525 3843 temere
1556 3788 1696 3841 enim
1744 3786 1937 3839 Paulus
1980 3800 2101 3839 cre-

523 3886 765 3941 didisset.
814 3883 997 3953 Neque
1038 3882 1215 3936 statim
1260 3880 1387 3934 dixit
1420 3878 1520 3933 sibi
1560 3876 1913 3947 signiﬁcatum
1946 3888 2096 3937 esse,

529 3992 594 4028 ne
626 3975 892 4033 videretur
920 3971 1072 4041 quasi
1101 3971 1168 4024 ab
1198 3970 1300 4023 illis
1327 3968 1574 4022 inductus
1600 3981 1851 4020 accusare
1882 3984 1892 4017 :
1931 3979 2102 4032 neque

530 4067 689 4125 tacuit
718 4080 899 4120 eorum
937 4077 1152 4128 nomen,
1183 4075 1250 4115 ne
1277 4059 1548 4115 videretur
1575 4074 1638 4113 ex
1674 4073 1731 4111 se
1761 4056 1875 4110 solo
1902 4055 2100 4109 dicere.

532 4158 735 4213 Rursus
785 4155 907 4211 illos
934 4153 1127 4208 fratres
1171 4151 1430 4208 nominat.
1465 4149 1614 4206 Licet
1656 4148 1798 4203 enim
1831 4155 2105 4217 peccatum

530 4247 866 4303 manifestum
913 4253 1087 4311 esset,
1120 4241 1250 4298 nihil
1282 4239 1607 4311 impediebat
1653 4239 1938 4308 quominus
1984 4236 2105 4291 illos

529 4339 701 4393 adhuc
732 4337 925 4392 fratres
952 4342 1189 4389 vocaret.
1217 4330 1507 4386 Considera
1538 4338 1716 4384 autem
1747 4327 2104 4397 prudentiam,

532 4426 802 4498 quomodo
832 4442 935 4479 non
964 4434 1264 4495 separatam
1289 4435 1572 4492 personam
1614 4418 1867 4489 posuerit,
1895 4418 1988 4472 sed
2014 4418 2110 4473 do-

532 4533 677 4573 mum
706 4526 892 4582 totam,
927 4530 993 4569 ne
1017 4514 1120 4583 ipsi
1147 4515 1464 4583 impeterent
1490 4526 1610 4565 eum
1643 4508 1733 4579 qui
1761 4509 1816 4563 id
1845 4509 2101 4564 dixisset:

532 4611 603 4663 ita
633 4608 775 4662 enim
806 4616 859 4660 et
889 4606 1036 4659 illum
1074 4603 1239 4667 texit,
1271 4611 1325 4655 et
1363 4600 1755 4655 accusationem
1802 4600 1917 4653 sine
1966 4609 2109 4653 metu

532 4698 759 4767 aperuit.
787 4697 901 4750 Non
943 4695 1072 4749 vidit
1111 4694 1253 4747 enim
1299 4693 1469 4745 solum
1498 4692 1637 4761 quod
1669 4692 1795 4754 illis,
1819 4692 1912 4745 sed
1945 4691 2108 4746 etiam

534 4789 673 4859 quod
701 4788 782 4842 his
811 4785 1103 4855 expediret.
1136 4784 1259 4838 Ideo
1283 4798 1386 4837 non
1418 4783 1585 4846 dixit,
1611 4782 1978 4853 Signiﬁcatum
2011 4784 2111 4837 mi-

538 4879 595 4932 hi
622 4887 703 4932 est
730 4894 757 4928 a
788 4876 1139 4945 quibusdam;
1171 4873 1262 4927 sed
1295 4874 1454 4929 etiam
1492 4873 1709 4927 domum
1741 4873 1994 4929 indicavit
2015 4916 2028 4937 ,
2058 4885 2114 4927 ut

540 4985 607 5022 ne
629 4969 895 5021 videretur
914 4967 1266 5021 comminisci.
1288 4968 1421 5032 Quid
1444 4967 1797 5036 signiﬁcatum
1816 4970 1939 5021 est?
1963 4968 2112 5033 Quod

542 5058 878 5113 contentiones
908 5057 1004 5108 sint
1035 5058 1088 5108 in
1117 5056 1270 5109 vobis.
1305 5057 1526 5121 Quando
1556 5057 1676 5110 illos
1705 5058 1984 5127 increpat,
2030 5057 2112 5110 di-

545 5148 618 5201 cit
641 5164 654 5200 :
685 5142 767 5197 Nc
786 5145 880 5196 sint
910 5144 961 5194 in
989 5142 1124 5194 vobis
1150 5145 1449 5206 schismata;
1476 5160 1594 5204 cutn
1626 5158 1801 5199 autem
1833 5163 1951 5215 qua:
1977 5147 2113 5199 alio-

546 5258 664 5296 rum
696 5244 819 5291 sunt
846 5235 1159 5294 annuntiat,
1190 5233 1369 5285 mitius
1396 5234 1549 5287 eli‘crt
1575 5234 1659 5287 his
1699 5236 1877 5291 verbis
1902 5255 1913 5288 :
1941 5238 2121 5305 Signi-

546 5335 753 5402 ftt'atunt
790 5327 921 5381 enim
950 5332 1019 5377 est
1043 5323 1187 5388 mihi,
1216 5322 1350 5390 quod
1376 5324 1711 5376 contentiones
1735 5334 1850 5376 sunt
1870 5327 1923 5377 in
1949 5326 2122 5387 vobis;

549 5434 607 5477 ut
636 5438 703 5477 ne
727 5436 821 5476 eos
845 5417 933 5488 qui
959 5415 1204 5471 dixerant
1222 5455 1236 5481 ,
1269 5429 1375 5467 una
1405 5413 1710 5483 impeteret.
1735 5415 1936 5469 Deinde
1956 5431 2123 5484 genus

549 5512 905 5568 contentionis
934 5509 1064 5565 dicit
1090 5527 1103 5562 :
1140 5506 1220 5561 12.
1256 5505 1403 5571 Quod
1443 5506 1778 5576 unusquisque
1804 5516 2018 5561 vestrum
2046 5508 2126 5560 di-

552 5603 617 5655 cit
644 5643 657 5666 ,
711 5602 817 5672 Ego
848 5603 1047 5671 quidem
1078 5617 1191 5655 sum
1223 5598 1377 5653 Pauli
1409 5640 1421 5665 ,
1456 5615 1546 5669 ego
1576 5608 1741 5654 autent
1772 5598 1957 5667 Apollo
1985 5641 1997 5665 ,
2031 5616 2121 5669 ego

2205 344 2316 382 vero
2339 329 2541 399 Cephaz.
2571 332 2950 389 Contentioncs
2971 335 3112 389 enim
3134 335 3284 403 dico,
3320 337 3486 406 inquit
3511 380 3524 401 ,
3554 354 3655 391 non
3683 355 3780 393 eas

2197 434 2314 487 qua:
2344 419 2411 475 de
2463 420 2621 475 rebus
2677 424 2899 491 privatis
2928 432 3090 488 sunt,
3146 428 3239 480 sed
3269 428 3566 495 graviores.
3622 428 3775 495 Quod

2197 512 2535 580 unusquisque
2562 523 2779 567 vestrum
2809 516 2949 571 dicit.
2982 515 3097 570 Non
3125 519 3266 570 enim
3299 528 3501 586 partem
3523 562 3538 585 ,
3569 519 3665 574 sed
3697 530 3781 574 to-

2200 608 2305 653 tam
2356 600 2649 656 Ecclcsiam
2696 606 2968 675 corruptio
2996 606 3331 661 devastabat.
3364 610 3524 680 Atqui
3568 625 3666 665 nec
3708 611 3780 665 de

2197 692 2405 759 seipse,
2444 708 2543 748 nec
2583 694 2649 750 de
2686 696 2879 763 Petro,
2907 713 3004 753 nec
3034 699 3102 754 de
3131 700 3324 769 Apollo
3364 702 3646 765 dicebant;
3681 705 3782 757 sed

2195 783 2465 848 ostendit,
2517 785 2657 853 quod
2706 788 2748 840 si
2792 788 2877 842 his
2914 789 3247 844 innitendum
3290 806 3395 844 non
3439 800 3555 857 est,
3602 794 3774 847 multo

2196 873 2373 927 minus
2400 874 2541 929 aliis.
2573 874 2726 941 Quod
2767 889 2943 933 autem
2982 896 3087 934 non
3128 881 3195 935 de
3227 882 3310 935 his
3328 881 3606 945 dicerent,
3640 882 3780 937 infra

2196 962 2327 1017 dicit
2352 981 2363 1015 ε
2398 964 2525 1019 lltzc
2551 977 2717 1020 autem
2743 971 3104 1039 trans/iguran
3129 973 3182 1025 in
3224 989 3302 1026 me
3329 984 3376 1025 et
3402 974 3609 1042 Apollo,
3642 985 3699 1027 ut
3724 976 3780 1027 in

2196 1056 2337 1109 nobis
2382 1057 2589 1111 dissatis
2631 1075 2732 1112 non
2776 1077 2933 1129 supra
2969 1062 3027 1114 id
3054 1064 3191 1132 quod
3221 1066 3463 1132 scriptum
3500 1076 3572 1118 est
3601 1082 3783 1134 sapere

2200 1148 2275 1217 (1.
2308 1147 2427 1203 Cor.
2460 1151 2515 1203 4.
2546 1150 2623 1221 2).
2654 1152 2809 1217 Quod
2845 1153 2891 1207 si
2918 1154 3070 1207 Pauli
3097 1197 3111 1221 ,
3140 1156 3332 1224 Apollo
3365 1167 3417 1210 et
3442 1156 3639 1226 Cepha:
3668 1172 3778 1210 non

2195 1241 2474 1309 Oportebat
2503 1242 2603 1296 sibi
2628 1245 2842 1298 nomina
2871 1244 3207 1310 adscribere,
3237 1248 3407 1300 multo
3436 1249 3611 1302 minus
3636 1248 3778 1301 alio-

2196 1348 2335 1386 rum.
2367 1333 2419 1387 Si
2452 1333 2729 1388 doctorem
2759 1346 2811 1389 et
2842 1338 3071 1403 primum
3098 1337 3462 1404 apostolorum
3485 1379 3500 1401 ,
3532 1339 3619 1405 qui
3649 1348 3768 1391 tan-

2198 1435 2305 1477 tum
2348 1426 2646 1479 instituerat
2678 1429 2966 1495 populum,
2999 1445 3103 1481 non
3137 1430 3417 1498 oportebat
3447 1430 3543 1482 sibi
3569 1430 3780 1483 adscri-

2195 1514 2342 1579 bere,
2370 1517 2534 1569 multo
2558 1517 2734 1569 minus
2753 1531 2844 1570 eos
2865 1519 2953 1585 qui
2977 1518 3107 1571 nihil
3132 1528 3304 1572 erant.
3331 1518 3460 1572 Cum
3484 1518 3778 1589 hyperbole

2195 1605 2372 1675 itaque
2403 1607 2523 1659 illos
2568 1620 2596 1658 a
2639 1606 2826 1660 morbo
2856 1606 3122 1661 abducere
3151 1609 3373 1662 studens
3420 1609 3534 1663 haec
3561 1612 3777 1663 nomina

2197 1698 2364 1763 ponit.
2412 1698 2658 1767 Alioquin
2697 1713 2822 1753 vero
2870 1699 3028 1752 etiam
3062 1700 3238 1754 minus
3270 1702 3546 1756 molestam
3577 1703 3779 1756 oratio-

2197 1803 2317 1841 nem
2350 1788 2562 1856 reddit,
2595 1805 2699 1843 non
2741 1791 3054 1845 nominatim
3084 1806 3371 1846 recensens
3397 1807 3492 1847 eos
3514 1793 3602 1861 qui
3630 1794 3776 1847 scin-

2196 1880 2393 1934 debant
2421 1882 2712 1936 Ecclesiam
2740 1924 2753 1947 ,
2784 1883 2879 1938 sed
2909 1886 3059 1952 quasi
3104 1884 3265 1938 larvis
3290 1884 3604 1953 quibusdam
3644 1899 3780 1953 apo—-

2197 1973 2453 2026 stolorum
2477 1974 2780 2028 nominibus
2802 1975 2947 2044 ipsos
2971 1974 3230 2044 obtegens
3258 1994 3268 2027 :
3299 1976 3411 2045 Ego
3438 1978 3642 2043 quidem
3664 1992 3779 2030 sunt

2200 2062 2354 2116 Pauli
2380 2106 2392 2127 ,
2426 2080 2514 2133 ego
2545 2075 2712 2118 autem
2742 2066 2926 2135 Apollo
2948 2108 2963 2131 ,
2994 2083 3086 2137 ego
3116 2082 3229 2120 vero
3253 2065 3455 2138 Cephw.

2266 2157 2321 2210 2.
2358 2156 2554 2212 Paulus
2579 2174 2680 2210 non
2710 2161 2913 2228 praefert
2941 2174 2992 2212 se
3023 2156 3196 2213 Petro.
3219 2188 3289 2199 -—
3318 2158 3433 2213 Non
3471 2161 3762 2228 prcefereus

2199 2263 2258 2302 se
2288 2248 2466 2311 Petro,
2498 2248 2676 2316 posuit
2720 2247 2869 2300 illum
2932 2248 3214 2312 ultimum;
3247 2250 3351 2300 imo
3392 2263 3522 2302 vero
3563 2250 3778 2302 Petrum

2201 2338 2303 2391 sibi
2332 2336 2483 2389 valde
2513 2349 2847 2404 praeponens,
2879 2350 2975 2403 per
3025 2336 3499 2403 ampliﬁcationem
3528 2337 3780 2405 loquutus

2202 2436 2304 2490 est,
2335 2442 2401 2479 ne
2446 2436 2717 2493 putaretur
2761 2428 2862 2481 hoc
2895 2442 2991 2495 per
3041 2427 3297 2481 invidiam
3350 2428 3545 2497 faccre,
3589 2438 3643 2483 et
3672 2446 3781 2499 pra:

2202 2519 2369 2572 livore
2392 2518 2523 2585 ipsis
2566 2517 2823 2573 honorem
2857 2517 3088 2572 auferre.
3123 2517 3245 2572 Ideo
3275 2521 3515 2589 seipsum
3543 2522 3772 2590 primum

2201 2611 2396 2679 posuit.
2429 2609 2561 2664 Nam
2588 2610 2677 2680 qui
2707 2625 2764 2665 se
2805 2611 3031 2678 primum
3067 2615 3340 2678 reprobat,
3369 2629 3475 2666 non
3505 2614 3643 2682 quod
3675 2615 3781 2667 ho-

2201 2719 2388 2756 norem
2439 2713 2583 2757 atnet
2622 2703 2724 2756 hoe
2751 2702 2895 2765 facit,
2928 2702 3022 2755 sed
3052 2703 3195 2769 quod
3246 2705 3403 2756 talem
3435 2705 3658 2772 gloriam
3688 2706 3783 2759 ad-

2202 2792 2418 2844 modum
2447 2790 2725 2859 despiciat.
2751 2790 2942 2844 Totum
2971 2806 3100 2859 ergo
3132 2792 3385 2861 impetum
3416 2795 3617 2861 primus
3647 2798 3784 2849 exci-

2205 2880 2297 2947 pit,
2333 2888 2560 2947 tuncque
2587 2879 2735 2947 ponit
2755 2880 2965 2948 Apollo,
2992 2890 3176 2949 postea
3204 2881 3467 2951 Cepltam.
3502 2883 3617 2937 Non
3654 2900 3783 2953 ergo

2202 2985 2322 3024 sese
2350 2970 2611 3024 extollens
2643 2970 2693 3023 id
2719 2969 2875 3033 fecit;
2908 2970 2998 3025 sed
3021 2972 3069 3024 in
3102 2972 3186 3038 iis,
3215 2989 3333 3041 qua.-
3361 2973 3472 3027 ﬁeri
3496 2990 3601 3028 non
3624 2989 3784 3043 Opor-

2204 3062 2382 3121 tebat,
2421 3078 2514 3129 per
2542 3062 2810 3130 propriam
2845 3076 3127 3130 personam
3178 3065 3353 3131 primo
3386 3046 3785 3119 correctionem

2202 3152 2345 3206 facit.
2379 3153 2482 3207 Sed
2510 3152 2650 3222 quod
2678 3154 2712 3205 ii
2735 3153 2970 3221 quidem,
3002 3155 3089 3223 qui
3119 3154 3239 3208 huic
3268 3156 3349 3209 vel
3376 3156 3464 3207 alii
3502 3171 3559 3209 se
3581 3154 3786 3210 adscri-

2204 3247 2414 3311 berent,
2445 3255 2751 3313 peccarcnt,
2783 3246 2958 3313 palam
2997 3256 3079 3299 est
3109 3262 3124 3298 :
3156 3260 3217 3299 ac
3246 3255 3393 3300 recte
3425 3247 3544 3300 illos
3567 3248 3787 3316 corrigit

2202 3335 2386 3390 dicens
2420 3353 2432 3388 :
2459 3334 2574 3388 Non
2604 3336 2737 3389 bene
2781 3335 2954 3389 facitis
2990 3336 3231 3390 dicentes
3251 3377 3265 3400 ,
3312 3336 3419 3405 Ego
3446 3338 3649 3404 quidem
3674 3355 3786 3391 sum

2205 3427 2381 3490 Pauli,
2406 3443 2496 3494 ego
2530 3437 2696 3479 autem
2726 3427 2930 3494 Apollo,
2958 3444 3047 3496 ego
3075 3443 3188 3480 vero
3233 3425 3435 3495 Cephw.
3470 3427 3577 3482 Cur
3604 3440 3785 3483 autem

2203 3518 2425 3582 addidit,
2461 3518 2570 3587 Ego
2592 3535 2705 3573 vero
2730 3518 2956 3573 Christi?
2976 3519 3106 3577 Nam
3137 3520 3181 3573 si
3214 3520 3246 3573 ii
3272 3522 3360 3589 qui
3391 3537 3449 3575 se
3476 3521 3783 3577 hominibus

2207 3609 2608 3677 adscripserunt
2637 3625 2948 3676 peccavere,
2987 3626 3093 3663 non
3126 3620 3277 3666 certe
3310 3612 3343 3663 ii
3372 3612 3542 3680 quise
3565 3611 3781 3667 Christo

2208 3700 2547 3752 addicebant.
2574 3699 2679 3753 Sed
2732 3714 2835 3752 non
2865 3714 2957 3752 eos
2982 3699 3081 3751 bac
3110 3700 3177 3752 de
3209 3715 3266 3752 re
3297 3700 3602 3764 accusabat,
3641 3703 3786 3769 quod

2207 3803 2265 3841 se
2287 3786 2498 3840 Christo
2526 3786 2916 3850 adscrib.~rent,
2943 3786 3036 3840 sed
3064 3789 3237 3840 solum
3270 3789 3410 3856 quod
3440 3804 3543 3842 non
3571 3806 3783 3845 omnes.

2209 3876 2344 3929 Puto
2367 3885 2544 3928 autem
2578 3876 2751 3943 ipsum
2783 3875 2883 3928 hoc
2912 3891 2977 3929 ex
3005 3890 3065 3930 se
3089 3876 3371 3943 adjecisse,
3405 3886 3462 3930 ut
3486 3880 3790 3947 graviorem

2212 3967 2411 4019 fat-erat
2449 3966 2883 4030 accusationem,
2941 3975 2997 4021 et
3046 3968 3356 4022 ostenderet
3381 3967 3652 4025 Christum
3697 3974 3791 4027 uni

2211 4056 2395 4108 datum
2426 4070 2548 4110 esse
2577 4056 2735 4125 parti,
2785 4055 2995 4109 etiamsi
3036 4056 3112 4109 illi
3145 4056 3246 4111 hoc
3283 4071 3389 4111 non
3416 4058 3494 4113 sic
3529 4059 3789 4115 facerent.

2211 4148 2363 4214 Quod
2387 4150 2530 4204 enim
2580 4150 2681 4203 hoc
2712 4148 3151 4213 Subit-dicaverit,
3183 4163 3279 4219 per
3305 4165 3367 4205 ea
3399 4166 3517 4220 qua:
3546 4166 3789 4220 sequun-

2215 4250 2298 4295 tur
2324 4238 2558 4294 ostendit
2580 4238 2764 4294 dicens
2798 4256 2810 4294 :
2842 4241 2926 4293 15.
2962 4239 3169 4295 Divisus
3190 4251 3262 4294 est
3292 4240 3524 4297 Christus
3549 4244 3574 4295 Ρ
3602 4244 3658 4297 ld
3685 4255 3791 4308 est,

2212 4330 2482 4384 Christum
2506 4330 2840 4396 concidistis,
2860 4342 2913 4384 et
2936 4345 3129 4400 corpus
3155 4333 3271 4401 ejus
3303 4333 3583 4389 divisistis.
3628 4335 3795 4392 Vides

2215 4424 2369 4488 iram,
2404 4421 2553 4475 vides
2575 4421 3020 4489 increpationent,
3047 4422 3192 4477 vides
3222 4438 3527 4494 sermonem
3553 4425 3797 4495 indigna-

2216 4516 2359 4569 tione
2391 4513 2641 4583 plenum?
2663 4513 2794 4567 Cum
2823 4516 2966 4567 enim
2995 4532 3099 4567 non
3131 4514 3441 4583 probatione
3472 4527 3671 4581 utatur,
3699 4519 3794 4572 sed

2216 4609 2510 4676 interroget
2550 4614 2755 4658 tantum
2778 4646 2791 4666 ,
2827 4604 2930 4659 hoc
2958 4604 3082 4659 facit
3109 4611 3259 4675 quasi
3292 4608 3596 4664 absurditas
3626 4609 3715 4662 illa
3743 4610 3797 4664 in

2218 4696 2463 4749 confesso
2496 4696 2584 4749 sit.
2615 4696 2841 4760 Quidam
2864 4710 2993 4749 vero
3021 4695 3165 4749 aliud
3188 4695 3531 4751 subindicare
3559 4707 3748 4767 putant
3776 4739 3793 4765 ,

2217 4802 2336 4842 cum
2378 4788 2481 4839 ait:
2511 4784 2717 4839 Divisus
2756 4795 2827 4838 est
2855 4783 3087 4840 Christus
3111 4802 3129 4848 ;
3152 4801 3345 4854 nempe
3368 4786 3633 4855 diSpertiit
3660 4788 3800 4858 apud

2220 4879 2461 4970 homings
2488 4888 2542 4931 et
2568 4877 2745 4930 divisit
2779 4877 3097 4939 Ecclesium,
3127 4885 3181 4930 et
3205 4889 3407 4945 partem
3438 4878 3652 4947 quidem
3686 4879 3801 4945 ipse

2218 4970 2381 5037 cepit.
2406 4967 2671 5037 aliamque
2698 4968 2800 5021 illis
2829 4967 2991 5020 dedit.
3030 4967 3231 5022 Deinde
3252 4968 3635 5023 absurditateni
3656 4968 3801 5022 illam

2224 5061 2359 5114 tollit
2382 5060 2565 5114 dicens
2591 5077 2602 5110 :
2645 5058 2907 5127 Numquid
2940 5058 3138 5112 Paulus
3180 5062 3456 5127 crucifixus
3478 5070 3548 5113 est
3580 5075 3672 5127 pro
3703 5074 3797 5110 vo-

2223 5152 2317 5217 bis,
2346 5162 2435 5204 aut
2459 5155 2511 5205 in
2544 5152 2743 5204 nomine
2772 5150 2927 5204 Pauli
2957 5152 3199 5220 baptizati
3218 5153 3336 5206 estis
3357 5154 3382 5204 Ρ
3412 5150 3541 5203 Vide
3568 5158 3807 5203 mentem

2225 5242 2420 5295 Christi
2452 5255 2756 5301 amaulcm.
2790 5243 3061 5309 quomodo
3118 5246 3171 5296 in
3218 5256 3414 5295 nomen
3462 5252 3617 5291 suum
3652 5238 3809 5291 dein-

2228 5347 2355 5399 ceps
2388 5341 2557 5385 totum
2597 5333 2825 5385 adducat
2854 5373 2867 5396 ,
2891 5334 3117 5387 ubertim
3148 5331 3439 5386 ostendens
3466 5328 3607 5381 hunc
3634 5329 3807 5383 hono-

2231 5434 2345 5473 rem
2367 5421 2566 5473 nemini
2583 5431 2912 5487 competere.
2941 5425 3015 5475 Ac
3041 5436 3109 5474 ne
3138 5420 3379 5471 videatur
3406 5417 3602 5470 invidia
3630 5428 3810 5474 motus

2235 5508 2349 5561 haec
2398 5507 2616 5573 dicere,
2659 5509 2780 5561 ideo
2828 5525 2885 5562 se
2940 5511 3244 5577 frequenter
3295 5506 3673 5562 circumversat
3711 5528 3721 5561 :
3756 5521 3810 5565 et

2239 5600 2575 5668 prudentiam
2606 5601 2904 5654 considera.
2934 5600 3050 5654 Non
3080 5600 3219 5655 enim
3248 5599 3402 5669 dixit,
3437 5600 3572 5657 Num
3605 5603 3807 5661 Paulus
