4082 6326
113 358 189 414 τε
1198 348 1267 405 ΙΝ
1300 348 1516 415 EPiST.
1551 349 1569 402 l
1631 338 1716 404 ΔῘΙ

1826 346 1916 403 )ll.
1955 346 2188 404 1101111...
2230 350 2317 407 ΙΙΙ.
3336 359 3409 415 id

134 468 385 526 naiadum
418 462 700 521 condidit?
733 479 871 518 num
927 463 1129 518 Paulus
1155 476 1249 516 vos
1296 476 1365 518 ex
1392 461 1565 516 nihilo
1596 475 1719 530 pro-

129 562 321 618 duxit?
345 559 436 615 sed
462 572 586 627 qua:
622 557 681 612 in
711 556 971 613 ﬁdelibus
996 563 1152 611 erant
1176 555 1393 621 eximia,
1436 563 1491 609 et
1516 569 1721 623 magna:

123 651 500 721 providentiae,
524 664 587 705 ea
608 648 787 720 ponit,
811 663 1033 707 crucem
1064 656 1120 702 et
1140 647 1488 718 baptismum,
1506 654 1561 701 et
1581 645 1721 699 bona

124 744 250 797 inde
279 751 455 811 parta.
487 740 621 797 Nam
658 740 755 795 Dei
785 754 915 810 erga
944 738 1192 793 homines
1215 752 1455 792 amorem
1481 734 1722 791 ostendit

128 832 311 888 mumli
338 832 568 899 creatio,
597 832 837 889 maxime
876 846 1007 886 vero
1032 830 1122 884 illa
1154 845 1249 896 per
1271 842 1492 884 crucem
1520 827 1719 882 demis-

124 928 223 981 sio.
252 928 321 981 Et
348 942 457 980 non
479 926 640 994 dixit,
659 924 795 980 Num
819 924 1017 979 Paulus
1039 932 1282 978 mortuus
1305 932 1388 977 est
1412 935 1513 992 pro
1530 918 1721 974 vobis?

125 1017 241 1081 sed,
271 1015 421 1069 Nam
446 1014 654 1070 Paulus
672 1014 946 1083 cruciﬁxus
966 1022 1037 1067 est
1057 1014 1084 1067 l
1108 1011 1300 1067 mortis
1324 1026 1537 1082 quoque
1553 1024 1723 1080 genus

128 1108 407 1173 indicans?
432 1117 485 1161 et
513 1108 568 1161 in
591 1107 792 1162 nomine
806 1105 965 1160 Pauli
985 1104 1228 1175 baptismi
1246 1106 1366 1159 estis
1380 1104 1406 1157 ?
1426 1102 1539 1159 Nec
1557 1101 1712 1169 dixit,

125 1179 258 1255 Scin
278 1202 485 1255 Paul-us
508 1215 606 1255 vos
634 1199 955 1271 baptizavit?
974 1197 1172 1253 multos
1194 1195 1340 1252 enim
1364 1195 1454 1251 ille
1480 1195 1719 1274 baptiza-

126 1292 201 1345 vit
230 1310 243 1343 :
270 1307 463 1346 verum
489 1291 544 1345 id
564 1306 673 1345 non
698 1291 1055 1361 quaerebatur,
1083 1303 1114 1342 a
1133 1302 1240 1358 quo
1257 1302 1450 1357 nempe
1468 1285 1722 1358 baptizati

126 1385 373 1445 fuissent,
397 1384 500 1439 sed
535 1384 589 1437 in
635 1382 787 1451 cujus
831 1381 1047 1435 nomine
1073 1378 1329 1449 baptizati
1354 1385 1558 1434 essent.
1586 1377 1722 1444 Quia

126 1475 262 1527 enim
293 1474 397 1528 hoc
443 1473 800 1527 schismatum
849 1483 1009 1524 causa
1048 1469 1244 1531 fuerat,
1275 1467 1418 1537 quod
1459 1483 1525 1522 ex
1547 1467 1720 1535 bapti-

129 1566 370 1617 zantibus
397 1578 605 1617 nomen
624 1562 952 1628 acciperent,
978 1557 1079 1612 hoc
1093 1557 1253 1611 etiam
1271 1557 1491 1626 corrigit
1511 1556 1719 1621 dicens,

128 1662 197 1707 An
227 1656 279 1707 in
335 1654 546 1705 nomine
593 1651 749 1704 Pauli
775 1649 1015 1721 baptismi
1072 1649 1189 1702 estis
1215 1648 1241 1701 1
1269 1647 1335 1701 Et
1387 1662 1457 1701 ne
1482 1646 1715 1713 dixeris,

131 1747 317 1812 inquit,
347 1744 488 1811 Quis
534 1742 831 1812 baptizavit
854 1781 871 1806 ,
914 1740 1035 1806 sed,
1071 1739 1127 1794 lu
1156 1740 1309 1807 cujus
1331 1738 1569 1792 nomine.
1599 1736 1720 1792 Non

133 1820 269 1891 enim
317 1838 588 1906 quaeritur
622 1835 745 1906 quis
768 1834 1023 1904 baptizet,
1054 1832 1148 1888 sed
1175 1833 1295 1902 quis
1314 1832 1369 1887 in
1401 1832 1721 1901 baptismate

128 1940 342 1983 vocetur
370 1946 386 1981 :
420 1928 514 1984 hic
542 1928 690 1983 enim
733 1936 951 1996 peccata
976 1924 1217 1981 dimittit.
1268 1925 1365 1979 Hic
1386 1924 1610 1995 gradum
1645 1924 1721 1980 si-

128 2023 231 2084 stit,
262 2037 360 2074 nec
386 2036 515 2090 quia:
543 2028 847 2089 sequuntur
874 2018 1237 2088 persequitur.
1262 2017 1377 2072 Non
1399 2018 1545 2073 enim
1564 2017 1715 2083 dicit,

130 2110 252 2163 Num
285 2111 487 2164 Paulus
506 2106 665 2164 vobis
688 2107 866 2163 futura
900 2108 1039 2162 bona
1057 2108 1305 2179 promisit
1325 2109 1349 2160 ἲ
1369 2124 1496 2162 num
1522 2108 1717 2162 Paulus

130 2203 270 2255 vobis
300 2202 561 2269 promisit
596 2216 821 2271 regnum
849 2202 1106 2256 caelorum
1126 2202 1149 2254 2
1173 2200 1280 2256 Cur
1300 2217 1429 2271 ergo
1460 2201 1576 2255 haec
1607 2217 1714 2255 non

132 2292 337 2359 adjicit?
358 2293 504 2358 Quia
555 2307 668 2347 non
697 2307 794 2362 par
829 2307 923 2346 res
950 2300 1034 2346 est
1060 2307 1279 2360 regnum
1318 2291 1633 2361 promittere
1662 2302 1718 2345 et

128 2384 371 2453 cruciﬁgi.
402 2383 547 2439 Illud
570 2384 718 2438 enim
743 2398 843 2440 nec
864 2383 1153 2453 periculum
1178 2382 1428 2450 habebat,
1462 2398 1561 2438 nec
1590 2382 1722 2438 adeo

131 2478 265 2529 rebat
288 2476 700 2546 ignominiam:
732 2475 835 2530 hoc
870 2490 999 2531 vero
1042 2475 1155 2530 haec
1207 2475 1411 2530 omnia.
1466 2475 1717 2545 Alioquin

128 2576 289 2620 autem
337 2567 412 2620 ab
444 2566 536 2621 his
570 2567 662 2619 illa
707 2566 922 2636 probat.
954 2566 1090 2621 Cum
1122 2565 1346 2621 dixisset
1394 2566 1539 2621 enim
1566 2606 1581 2630 ,
1618 2566 1720 2632 Qui

130 2658 316 2725 proprio
349 2656 500 2708 Filio
532 2672 633 2709 suc
669 2672 772 2708 non
808 2658 1051 2724 pepercit,
1080 2656 1285 2725 adjicit,
1320 2656 1587 2722 Quomodo
1615 2673 1717 2709 non

129 2748 261 2797 etiam
283 2762 406 2797 cunt
437 2746 535 2797 illo
578 2745 757 2796 omnia
782 2743 928 2797 nobis
951 2744 1156 2799 donabit
1186 2744 1362 2812 (Rom.
1386 2746 1443 2799 8.
1475 2745 1612 2813 52)?
1662 2755 1717 2801 et

126 2852 339 2899 nasum,
371 2834 439 2890 Si
469 2835 614 2888 enim
641 2834 840 2887 inimici
862 2850 977 2886 cunt
1004 2849 1245 2898 essemus,
1273 2833 1587 2887 reconciliati
1622 2850 1713 2888 su-

125 2944 220 2981 m
244 2927 349 2981 Deo
380 2944 481 2997 per
510 2936 732 2982 mortem
756 2916 881 2979 Filii
909 2926 1040 2995 ejus,
1077 2926 1236 2978 multo
1277 2925 1438 2995 magis
1482 2924 1713 2979 reconci—

126 3016 220 3069 liati
253 3018 578 3071 salmbimur
632 3016 653 3088 (
680 3014 771 3069 ια.
819 3016 873 3071 5.
932 3014 1063 3085 10).
1113 3013 1238 3070 ideo
1286 3030 1392 3069 non
1445 3015 1532 3068 illa
1586 3015 1715 3071 sub-

125 3107 307 3174 jonxit,
338 3116 399 3163 et
425 3106 580 3179 quod
608 3108 699 3163 illa
721 3105 937 3177 quidem
960 3106 1199 3161 nondum
1223 3105 1503 3172 haberent,
1524 3107 1713 3161 horum

122 3209 281 3254 autem
317 3200 436 3270 jam
473 3200 875 3270 experientiam
912 3199 1282 3268 accepissent;
1340 3209 1395 3253 et
1438 3198 1578 3268 quod
1620 3200 1711 3255 illa

121 3290 318 3356 quidem
352 3292 410 3348 in
447 3290 913 3360 promissionibus
939 3331 956 3356 ,
985 3289 1101 3346 brec
1150 3304 1285 3344 vero
1306 3289 1416 3358 jam
1465 3292 1603 3344 facta
1625 3305 1714 3346 es-

121 3391 242 3435 sent.
273 3384 361 3436 Η.
397 3381 624 3436 Gratias
650 3398 752 3452 ago
775 3381 883 3436 Deo
903 3398 1015 3436 meo
1038 3424 1052 3447 ,
1079 3384 1199 3453 quia
1224 3382 1473 3436 neminem
1498 3391 1714 3436 vestrum

122 3475 378 3541 baptizari,
422 3476 529 3527 nisi
550 3472 803 3542 Crispum
822 3483 869 3527 et
897 3472 1105 3528 Gaium.
1151 3472 1263 3527 Cur
1292 3473 1459 3527 altum
1485 3473 1708 3542 sapitis,

123 3564 246 3631 quod
276 3565 614 3634 lnptizetis,
664 3564 883 3634 quando
911 3579 1014 3636 ego
1041 3564 1243 3635 gratias
1282 3580 1404 3634 ago,
1444 3562 1587 3635 quod
1614 3562 1716 3618 hoc

126 3670 215 3707 non
246 3655 513 3709 fecerim?
543 3655 682 3709 Cum
707 3654 822 3710 haec
837 3666 1013 3710 autem
1041 3654 1190 3719 dicit,
1214 3654 1427 3709 illorum
1452 3664 1714 3708 tumorem

126 3745 399 3812 prudenter
430 3746 578 3799 tollit
604 3762 621 3807 ;
650 3760 759 3800 non
781 3746 887 3800 vint
921 3746 1278 3815 baptismatis,
1307 3745 1469 3809 absit,
1500 3745 1594 3799 sed
1616 3760 1712 3798 ar-

130 3837 412 3904 rogantiam
446 3851 668 3898 eorum,
703 3834 795 3905 qui
822 3834 891 3889 de
916 3834 1045 3890 dato
1070 3834 1393 3907 baptismate
1417 3835 1717 3905 gloriaban-

139 3937 241 3991 tur;
268 3930 451 3997 primo
476 3926 783 3982 ostendens
805 3942 911 3981 non
935 3926 1173 3995 ipsorum
1208 3941 1330 3981 esse
1351 3926 1552 3981 donum
1578 3942 1593 3991 ;
1625 3943 1712 3981 se-

130 4020 285 4072 cundo
304 4020 520 4089 gratias
552 4033 724 4086 agens
752 4018 865 4072 Deo
894 4032 957 4072 ea
989 4018 1057 4072 de
1084 4032 1267 4071 causa.
1299 4016 1433 4071 Nam
1462 4032 1713 4087 magnum

131 4110 323 4177 quidem
353 4119 444 4165 est.
471 4108 766 4177 baptisma,
790 4108 886 4162 sed
914 4124 1021 4162 non
1044 4107 1192 4163 illum
1235 4126 1485 4181 maguum
1517 4110 1638 4164 facit
1671 4110 1715 4163 is

138 4202 211 4261 qui
234 4204 494 4271 baptizat,
518 4200 623 4254 sed
647 4200 739 4268 qui
765 4200 820 4254 iu
848 4201 1169 4270 baptismate
1198 4200 1502 4257 invocatur.
1530 4204 1712 4271 Bapti-

139 4309 240 4347 zare
264 4294 410 4348 enim
444 4292 586 4347 nihil
620 4303 724 4356 est,
752 4291 893 4361 quod
924 4291 990 4345 ad
1021 4291 1317 4357 humanum
1348 4293 1540 4347 attinet
1567 4294 1714 4346 labo-

140 4402 231 4438 rem
259 4405 275 4449 ;
299 4387 398 4441 sed
428 4386 609 4440 multo
634 4384 809 4439 minus
829 4393 933 4450 est,
961 4400 1129 4453 quam
1148 4387 1539 4457 evangelizare.
1582 4386 1713 4440 Nam

142 4495 303 4549 mgna
328 4480 557 4549 quidem
598 4493 686 4534 res
716 4488 798 4532 est
824 4477 1108 4546 baptisma,
1151 4479 1347 4532 iterum
1368 4479 1509 4541 dico,
1532 4480 1717 4536 etsine

143 4571 442 4639 baptismate
470 4586 585 4625 non
617 4584 898 4639 possumus
925 4584 1147 4639 regnum
1176 4571 1432 4639 consequi
1463 4588 1475 4621 :
1505 4573 1597 4626 sed
1622 4587 1717 4641 po-

145 4670 227 4714 test
250 4662 347 4716 hoc
370 4662 563 4715 facere
590 4661 672 4715 vir
694 4677 798 4714 non
826 4657 1112 4714 admodum
1132 4660 1449 4729 prteclarus;
1480 4676 1716 4732 evange-

147 4750 285 4803 istan:
314 4761 503 4804 autem
535 4752 694 4805 multi
725 4749 922 4805 laboris
948 4758 1051 4804 est.

202 4842 248 4893 ὃ.
271 4841 509 4895 Causam
544 4856 679 4895 vero
730 4840 859 4894 dicit
883 4854 978 4895 cur
1014 4838 1213 4911 gratias
1243 4850 1385 4911 agat,
1417 4843 1558 4913 quod
1605 4844 1716 4898 nul-

148 4928 234 4982 lam
254 4931 629 4999 baptizaverit.
654 4932 906 4999 Quaenam
934 4930 1021 4985 illa
1051 4930 1172 4986 est?
1195 4930 1282 4986 15.
1312 4931 1398 4987 Ne
1424 4935 1535 5004 quis
1559 4935 1713 5001 dicat,

149 5019 308 5088 mit,
330 5021 476 5089 quod
492 5022 548 5074 in
570 5022 774 5076 nomine
800 5039 908 5077 meo
935 5021 1177 5092 baptizati
1206 5023 1346 5076 estis.
1377 5024 1514 5092 Quid
1544 5028 1719 5080 vero?

153 5107 392 5165 ieillisne
432 5111 540 5165 hoc
569 5111 859 5167 dicebant?
886 5113 1105 5168 Minime
1138 5128 1153 5164 :
1179 5112 1275 5167 sed
1308 5115 1492 5182 timeo,
1521 5117 1715 5187 inquit,

149 5218 203 5257 se
225 5218 286 5257 eo
312 5200 549 5258 morbus
575 5202 851 5261 deveniat.
882 5205 1015 5260 Nam
1047 5205 1091 5260 si
1128 5218 1249 5259 cum
1280 5205 1413 5260 viles
1438 5217 1492 5262 et
1518 5210 1719 5264 nullius

151 5294 281 5360 pretii
306 5293 566 5350 homines
592 5292 927 5362 baptizarent
948 5338 964 5363 ,
996 5296 1216 5352 htcresis
1243 5305 1367 5351 nata
1392 5310 1511 5366 est;
1543 5302 1586 5354 si
1603 5317 1713 5370 ego

151 5384 226 5449 Qui
247 5386 579 5454 baptismum
608 5386 924 5441 annuntiavi
951 5388 1153 5444 multos
1184 5386 1541 5457 baptizassem
1568 5430 1586 5456 ,
1615 5406 1718 5447 ve-

152 5473 345 5531 rﬁﬂe
367 5485 493 5532 erat
512 5491 611 5533 eos
634 5475 724 5547 qui
748 5488 1137 5544 convenerant,
1166 5494 1282 5533 non
1312 5479 1474 5534 modo
1498 5482 1718 5538 nomine

150 5578 250 5619 mea
271 5567 551 5624 vocandus
574 5569 709 5635 fore,
738 5566 833 5624 sed
863 5568 1030 5623 etiam
1057 5568 1320 5639 baptisma
1342 5569 1474 5624 mihi
1514 5569 1718 5627 adscri-

153 5666 314 5725 Illos
352 5658 547 5717 fuisse.
593 5660 649 5717 Si
676 5661 821 5718 enim
849 5674 886 5715 a
932 5659 1169 5716 minimis
1193 5669 1398 5717 tantum
1420 5670 1599 5717 ortum
1626 5673 1712 5719 est

154 5750 345 5821 Isin,
370 5752 517 5813 forte
539 5754 697 5830 longe
717 5754 947 5831 gravius
977 5767 1012 5809 ι
1040 5753 1328 5827 majoribus
1352 5759 1715 5832 provenisset.

1832 457 1966 514 Cum
2013 461 2171 532 igitur
2200 477 2301 525 eos
2325 465 2414 535 qui
2445 467 2686 537 corrupti
2720 478 2879 525 erant
2923 469 3027 525 hoc
3051 472 3212 545 modo
3234 488 3407 530 more

1830 558 2010 617 posset
2029 593 2044 616 ,
2066 567 2129 607 ac
2152 552 2396 622 dixisset,
2428 556 2515 613 l6.
2557 555 2827 628 Baptismn’
2850 567 3023 617 autem
3047 572 3095 618 ct
3121 562 3412 634 Stephano

1827 640 2066 707 domum;
2112 643 2325 699 illorum
2367 645 2562 703 fastum
2609 664 2799 706 rursus
2845 651 3144 722 deprimit,
3196 654 3413 719 dicens,

1827 729 2072 787 Ceterum
2098 735 2267 789 nescio
2308 752 2376 790 an
2401 736 2623 809 aliquem
2648 740 2810 795 alium
2837 742 3220 813 baptizarerim.
3271 745 3410 800 llinc

1826 826 1968 880 enim
1996 828 2233 883 ostendit
2261 844 2368 885 non
2396 846 2543 887 curas
2569 831 2645 888 illi
2674 832 2841 889 fuisse
2861 834 2964 889 hoc
2990 833 3095 889 frui
3117 835 3257 906 apud
3287 837 3411 891 vul-

1825 931 1924 987 gus
1951 916 2157 973 honore
2174 958 2191 984 ,
2244 935 2347 975 nec
2374 921 2566 989 glorias
2594 937 2756 979 causa
2804 924 2872 980 ad
2900 924 3004 981 hoc
3031 926 3265 987 venisse.
3290 926 3411 997 Non

1828 1007 1914 1063 his
1943 1018 2148 1065 tantum
2168 1050 2185 1077 ,
2218 1012 2315 1068 sed
2340 1013 2503 1067 etiam
2524 1014 2576 1069 iu
2604 1018 2955 1086 sequentibus
2973 1000 3188 1074 illorum
3216 1020 3413 1079 factum

1825 1100 2122 1171 deprimit,
2169 1102 2391 1161 dicens:
2424 1107 2510 1162 i7.
2546 1106 2668 1162 Non
2717 1109 2853 1162 enim
2899 1110 3035 1165 misit
3079 1109 3413 1170 meCltritttts

1827 1194 2108 1261 baptizare,
2142 1195 2233 1250 sed
2277 1197 2650 1269 euangelizare.
2678 1198 2814 1254 Nam
2856 1199 2961 1256 hoc
2991 1211 3045 1255 et
3090 1202 3414 1259 laboriosius

1826 1291 1978 1352 erat,
2005 1284 2202 1341 sudore
2227 1287 2397 1342 multo
2423 1303 2579 1359 opus
2600 1288 2829 1346 habebat
2875 1289 3161 1361 l‘erreoque
3186 1284 3372 1354 anith
3394 1332 3411 1356 .

1826 1374 2113 1445 omniaque
2162 1377 2512 1433 continebat:
2559 1379 2783 1450 ideoque
2855 1380 3019 1436 Paulo
3060 1380 3411 1437 commissum

1827 1462 1945 1516 fuit.
1976 1463 2043 1518 Et
2073 1481 2169 1519 cur
2196 1466 2262 1520 ad
2295 1467 2668 1537 baptizandum
2697 1485 2803 1525 non
2832 1470 3049 1538 missus,
3073 1471 3413 1541 baptizabat?

1825 1552 1941 1607 Non
1983 1572 2225 1625 pugnans
2251 1560 2516 1616 adversus
2560 1577 2681 1616 eum
2711 1562 2803 1636 qui
2833 1577 2893 1617 se
2924 1564 3178 1627 miserat,
3222 1562 3315 1618 sed
3344 1578 3416 1626 ex

1825 1645 2115 1701 abundanti
2148 1649 2250 1704 hoc
2279 1650 2527 1707 faciebat.
2560 1653 2677 1707 Non
2712 1654 2855 1708 enim
2899 1655 3051 1720 dixit,
3084 1654 3415 1727 prohibitum

1829 1738 1959 1791 mihi
1992 1738 2114 1805 luit,
2145 1740 2264 1805 sed,
2296 1741 2412 1796 Non
2445 1759 2562 1797 sum
2590 1744 2787 1799 missus
2812 1746 2877 1799 ad
2911 1746 3032 1811 hoc,
3064 1746 3158 1801 sed
3196 1746 3263 1801 ad
3294 1762 3414 1802 rem

1826 1828 2069 1905 maxime
2097 1833 2481 1888 necessariam.
2536 1832 2669 1889 Nam
2717 1835 3090 1905 evangelizare
3120 1835 3279 1890 unius
3318 1845 3413 1892 aut

1828 1918 2055 1975 duorum
2092 1932 2241 1989 erat;
2272 1924 2546 1994 baptizare
2594 1935 2775 1982 autem
2831 1928 3118 1999 cujuslibet
3144 1936 3227 1985 est
3255 1969 3272 1995 ,
3312 1928 3407 2000 qui

1831 2010 2087 2079 prmditus
2127 2012 2199 2067 sit
2225 2015 2550 2071 sacerdotio.
2582 2017 2864 2075 Hominem
2893 2034 3125 2090 namque
3152 2018 3413 2075 catechu-

1832 2117 2046 2157 tneuum
2078 2112 2133 2157 et
2172 2119 2487 2173 persuasum
2538 2107 2812 2177 baptizare
2850 2104 3241 2179 cujuslibcfcst
3270 2128 3283 2165 :
3315 2125 3411 2166 vo-

1827 2192 2003 2247 luntas
2036 2194 2182 2249 enim
2235 2196 2819 2269 accedentisdeinceps
2861 2208 3029 2255 totum
3055 2200 3255 2268 eﬂlcit,
3284 2217 3407 2258 cum

1828 2282 1921 2337 Dei
1954 2286 2143 2353 gratia.
2172 2285 2304 2341 Cum
2326 2296 2504 2343 autem
2526 2288 2771 2345 inﬁdeles
2809 2298 2935 2346 sunt
2962 2292 3030 2356 ad
3055 2290 3212 2348 (idem
3257 2293 3413 2349 insti-

1826 2374 2227 2438 tuendihmulto
2247 2392 2383 2447 opus
2410 2387 2495 2434 est
2513 2380 2718 2445 labore,
2746 2381 2912 2437 multa
2944 2382 3207 2454 sapientia
3246 2402 3260 2439 :
3290 2393 3417 2442 tunc

1825 2476 2006 2521 autem
2029 2468 2190 2522 etiam
2214 2470 2551 2525 subeundum
2579 2481 2694 2528 erat
2717 2473 3037 2542 periculum.
3063 2474 3121 2530 In
3142 2475 3417 2546 baptizan-

1825 2556 1895 2611 do
1923 2558 2065 2611 enim
2090 2566 2256 2613 totum
2288 2557 2484 2615 factum
2515 2570 2617 2627 est,
2648 2570 2704 2616 et
2735 2577 3025 2632 persuasus
3060 2573 3145 2619 est
3165 2566 3211 2620 is
3235 2567 3326 2636 qui
3360 2567 3415 2624 in

1829 2651 2143 2720 mysterium
2195 2661 2276 2707 est
2331 2651 2729 2721 admittendus;
2773 2654 3012 2725 nihilque
3041 2671 3291 2728 magnum
3328 2668 3416 2716 est

1827 2758 2139 2809 persuasum
2174 2745 2481 2813 baptizare:
2515 2745 2603 2801 hic
2653 2761 2781 2801 vero
2810 2748 3008 2804 multus
3031 2748 3202 2815 labor,
3234 2759 3293 2806 ut
3316 2764 3415 2804 vo-

1826 2833 2003 2888 luntas
2038 2846 2086 2890 et
2121 2838 2454 2905 propositum
2493 2848 2758 2907 mutetur,
2792 2856 2943 2897 error
2970 2844 3327 2910 convellatur,
3360 2855 3417 2904 et

1824 2926 2026 2981 veritas
2055 2927 2344 2992 inseratur.
2393 2928 2594 2985 Verum
2626 2930 2743 2985 haec
2768 2932 2859 2987 ille
2890 2948 3002 2987 non
3030 2934 3100 2988 ita
3129 2936 3280 2999 dicit,
3316 2952 3413 2993 ne-

1828 3032 1933 3085 que
1958 3017 2271 3086 probatione
2294 3019 2474 3085 utitur,
2510 3035 2609 3076 nec
2629 3019 2779 3087 dicit,
2808 3022 3010 3078 nullum
3026 3039 3147 3080 esse
3173 3024 3419 3082 laborem

1825 3108 2115 3177 baptizare,
2148 3109 2244 3164 sed
2270 3111 2643 3180 evangelizare
2671 3127 2829 3168 secus
2859 3132 2873 3168 :
2907 3115 3011 3170 scit
3035 3117 3177 3171 enim
3199 3132 3413 3189 semper

1822 3199 2039 3253 modum
2069 3210 2290 3255 tenere:
2319 3202 2413 3255 sed
2459 3201 2511 3255 in
2563 3205 2967 3271 comparatione
3018 3221 3139 3261 cum
3188 3217 3411 3264 externa

1821 3292 2084 3360 sapientia
2120 3291 2272 3347 valde
2310 3292 2606 3357 contendit,
2652 3293 2741 3349 ubi
2767 3294 3172 3353 vehementiore
3199 3299 3275 3354 uti
3314 3316 3421 3371 ρο·-

1823 3386 1922 3439 ιυίι
1952 3386 2219 3459 oratione.
2248 3385 2365 3440 Non
2411 3401 2542 3457 ergo
2566 3396 2752 3441 contra
2786 3388 2995 3457 jussum
3023 3392 3286 3447 mittentis
3310 3393 3410 3449 ha-

1824 3475 2059 3545 ptizabat
2087 3492 2101 3537 ;
2133 3475 2234 3549 sed
2254 3478 2395 3531 sicut
2419 3492 2540 3531 cum
2570 3476 2639 3532 de
2663 3478 2839 3532 viduis
2864 3478 3130 3536 dixissent
3156 3484 3409 3551 apostoli,

1825 3566 1945 3620 Non
1966 3568 2169 3638 expedit
2218 3568 2361 3622 nobis
2386 3569 2564 3623 relicto
2602 3569 2751 3624 uerbo
2779 3569 2878 3625 Dei
2905 3571 3194 3629 ministrare
3214 3578 3399 3631 mensis

1822 3661 1959 3728 (Act.
1985 3661 2040 3715 ϐ.
2070 3661 2150 3731 2),
2184 3661 2275 3716 ille
2316 3662 2643 3717 ministravit
2686 3677 2793 3718 non
2822 3663 2931 3718 illis
2958 3680 3283 3737 repugnans,
3311 3669 3415 3725 sed

1821 3767 1883 3805 cx
1938 3751 2263 3807 abundantia
2314 3752 2539 3809 fervoris
2570 3754 2625 3809 id
2675 3754 2837 3810 fecit:
2862 3755 2931 3810 ita
2957 3766 3010 3812 et
3041 3756 3129 3813 hic
3154 3775 3396 3832 quoque.

1823 3842 1975 3898 Nunc
1996 3844 2140 3898 enim
2171 3844 2595 3914 simplicioribus
2623 3845 2954 3917 presbyteris
2980 3846 3084 3904 hoc
3113 3853 3407 3907 committi-

1821 3954 1962 4003 mus,
1995 3948 2049 3993 et
2075 3937 2335 3993 doctrinm
2368 3939 2593 3995 verbum
2619 3941 3040 4011 sapientioribus
3071 3960 3084 3997 :
3116 3943 3230 3999 illic
3258 3944 3401 4000 enim

1820 4026 1971 4081 labor
2009 4038 2064 4081 et
2096 4027 2261 4082 sudor
2286 4038 2388 4084 est.
2421 4029 2759 4101 QuaprOpter
2782 4039 2837 4086 et
2857 4032 2971 4100 ipse
3006 4033 3081 4087 ait
3114 4052 3126 4087 :
3152 4033 3250 4100 Qui
3280 4043 3415 4088 recte

1822 4126 2046 4185 prtesunt
2086 4119 2388 4189 presbyteri,
2415 4120 2609 4189 duplici
2636 4122 2825 4177 honore
2853 4124 3159 4193 dignentur;
3187 4125 3406 4179 maxime

1819 4217 1988 4259 autent
2019 4209 2104 4277 qui
2133 4208 2365 4261 laborant
2395 4210 2448 4261 in
2497 4210 2643 4264 uerbo
2671 4222 2719 4264 et
2765 4214 3030 4286 doctrina(
3062 4217 3111 4270 l.
3165 4214 3296 4269 Tim.
3345 4216 3401 4272 5.

1822 4298 1932 4368 l7).
1964 4298 2427 4365 Quemadmodum
2482 4302 2625 4355 enim
2657 4302 2853 4359 docere
2880 4320 2975 4360 eos
3000 4346 3017 4371 ,
3067 4306 3161 4377 qui
3204 4305 3415 4364 ludicra

1821 4392 2118 4446 certamina
2150 4391 2371 4457 adeunt,
2392 4393 2492 4449 viri
2520 4396 2727 4450 strenui
2752 4406 2836 4453 est
2855 4410 2911 4453 et
2938 4399 3197 4470 sapientis
3222 4399 3405 4472 pado.

1824 4482 1975 4536 tribas
1999 4499 2014 4548 ;
2045 4497 2301 4537 coronam
2328 4494 2508 4540 autem
2540 4488 2729 4541 victori
2758 4488 3067 4557 imponere,
3095 4491 3213 4561 ejus
3237 4492 3401 4547 etiam

1824 4576 2017 4645 estqui
2048 4586 2257 4631 certare
2309 4578 2527 4646 nequit,
2563 4578 2665 4632 etsi
2696 4592 2895 4634 corona
2926 4581 3183 4637 victorem
3222 4583 3404 4639 reddit

1824 4667 2243 4738 Splendidiorem
2273 4685 2287 4721 :
2320 4669 2398 4722 sic
2440 4668 2509 4723 de
2563 4668 2829 4739 baptismo
2859 4671 3147 4727 dicendum
3174 4691 3189 4728 :
3221 4674 3418 4733 nullus

1824 4758 1967 4812 enim
1997 4764 2175 4826 potest
2204 4757 2321 4813 sine
2346 4758 2440 4814 illo
2481 4759 2711 4815 salutem
2736 4763 3033 4833 consequi;
3064 4763 3201 4822 nihil
3226 4773 3417 4826 tamen

1826 4863 2074 4918 magnum
2102 4848 2227 4903 facit
2248 4848 2293 4903 is
2322 4850 2413 4920 qui
2442 4852 2700 4921 baptizat,
2733 4869 2855 4908 cum
2887 4854 3177 4913 voluntatis
3196 4873 3399 4929 propo-

1825 4938 1983 4993 situm
2017 4948 2256 5008 paratum
2290 4940 2511 4997 invenit.
2538 4941 2661 4996 Non
2688 4944 2741 4996 in
2761 4943 3010 5015 sapientia
3029 4946 3184 5013 verbi,
3216 4958 3271 5003 ut
3304 4965 3419 5005 non

1826 5040 2094 5085 evacuetur
2120 5047 2249 5085 arua;
2275 5031 2482 5087 Christi.
2515 5033 2646 5089 Cum
2677 5034 3045 5106 depressisset
3074 5039 3287 5096 illorum
3316 5050 3416 5097 tus

1827 5122 2156 5192 morem,qui
2183 5123 2323 5192 quod
2349 5125 2684 5194 baptizarent
2708 5128 2875 5183 altum
2891 5130 3200 5199 sepiebant;
3225 5142 3407 5189 trans~
3508 5144 3515 5149 ‘

1829 5212 1867 5266 it
1910 5222 2093 5281 postea
2134 5214 2201 5267 ad
2227 5214 2378 5287 illos,
2430 5216 2519 5285 qui
2550 5217 2617 5273 de
2659 5227 2879 5274 externa
2921 5222 3182 5290 sapientia
3210 5225 3413 5295 gloria-

1830 5302 2042 5370 bantur,
2074 5314 2129 5359 et
2153 5305 2415 5362 adversus
2441 5309 2562 5364 illos
2592 5310 2969 5369 vehementius
2998 5324 3260 5387 armatur,
3293 5316 3409 5372 Ad-

1830 5410 2017 5451 versus
2043 5397 2164 5451 illos
2192 5398 2361 5462 enim,
2394 5400 2488 5470 qui
2516 5401 2659 5471 quod
2703 5404 3041 5473 baptizarent
3067 5406 3409 5477 inﬂabantur,

1830 5486 2065 5555 dicebat,
2096 5488 2299 5543 Gratias
2329 5507 2445 5561 ago,
2490 5493 2639 5565 quod
2669 5496 2867 5550 nullum
2912 5496 3266 5568 baptizauerim
3286 5538 3303 5564 ,
3356 5510 3412 5557 et

1831 5578 1970 5647 quod
1995 5580 2237 5635 Christus
2261 5595 2347 5637 me
2372 5585 2439 5638 ad
2484 5583 2857 5656 baptizandum
2898 5604 3003 5644 non
3039 5589 3277 5656 miserit;
3304 5608 3408 5649 nec

1832 5668 2241 5727 vehementibus
2268 5687 2396 5728 usus
2425 5684 2508 5731 est
2533 5680 2886 5747 argumentis,
2918 5679 3018 5735 sed
3046 5695 3165 5750 quas
3195 5679 3408 5738 volebat

1838 5763 2018 5835 paucis
2044 5764 2406 5837 subindicans,
2437 5772 2801 5841 pratcrcurrit
2830 5790 2840 5826 :
2870 5772 2956 5828 hic
2995 5781 3170 5829 autem
3197 5788 3227 5828 a
3256 5774 3403 5847 prin-
