4096 6326
638 361 708 415 27
1401 361 1459 417 S.
1500 358 1775 420 JOANNIS
1810 361 2279 419 CllRYSOSTOHI
2318 362 2637 421 ARCHIEP.
2678 366 3207 429 CONSTANTINOP.
3853 380 3925 435 28

643 476 789 546 cipio
807 490 1033 547 gravem
1062 474 1256 547 inﬂigit
1286 476 1494 547 plagam
1521 476 1728 543 dicens,
1754 488 1809 530 ut
1834 494 1936 531 non
1962 488 2226 532 evacuatur
2341 477 2643 535 Christiano
2669 480 2914 539 faciebat.
2960 486 3091 542 Nam
3118 490 3197 554 si,
3229 498 3286 543 ut
3309 490 3547 548 dicebam
3572 533 3588 562 ,
3626 495 3925 551 ineruditus

640 583 771 621 crux
793 565 1002 622 Christi.
1028 567 1136 623 Cur
1160 582 1291 639 ergo
1314 568 1479 623 altum
1508 569 1657 639 sapis
1680 569 1748 625 de
1778 570 1866 636 iis,
1895 569 1965 623 ob
1992 584 2111 639 quae
2133 584 2231 638 pu-

638 656 771 712 dorc
801 657 1035 712 sullundi
1062 660 1385 729 oporteret?
1409 659 1463 714 Si
1498 661 1641 715 enim
1673 661 1787 715 lucc
1814 660 2078 730 sapientia
2104 675 2225 715 cum

637 763 798 805 cruce
830 761 1025 819 pugnat
1090 762 1145 804 et
1177 766 1299 805 eum
1330 752 1639 821 Evangeliis
1658 762 1957 817 concertat,
1981 768 2086 808 non
2113 753 2227 823 glo-

626 841 766 895 riari
804 843 873 896 de
906 843 1014 908 illa,
1064 841 1161 896 sed
1191 843 1398 911 pudore
1440 842 1584 897 aflici
1627 853 1859 913 Oportet.
1914 844 2039 899 Hme
2083 846 2227 899 enim

638 946 798 986 causa
826 933 943 995 fuit,
976 947 1077 986 cur
1098 933 1324 1001 apostoli
1354 948 1459 988 non
1486 934 1756 1002 sapientes
1784 934 1896 990 sive
1926 934 2227 1004 philostiphi

638 1022 857 1088 fuerint,
892 1040 997 1078 non
1038 1040 1104 1079 ex
1135 1024 1476 1080 charismatis
1506 1026 1892 1091 imbecillitate,
1925 1026 2019 1083 sed
2056 1036 2113 1081 ut
2162 1042 2227 1082 ne

638 1115 949 1184 praedicatio
1002 1112 1308 1171 ltcderetur.
1341 1116 1455 1170 Non
1489 1132 1618 1188 ergo
1670 1117 1741 1172 illi
1767 1117 1996 1173 verbum
2038 1118 2229 1173 conlir-

636 1206 878 1272 mabant,
910 1206 1004 1261 sed
1032 1206 1423 1262 labefactabant
1448 1226 1460 1274 ;
1489 1218 1544 1262 at
1570 1208 1748 1264 idiotas
1780 1225 1905 1265 vere
1934 1210 2225 1264 conﬁrma-

636 1300 785 1354 bant.
817 1297 930 1353 Hoc
958 1300 1198 1353 retundit
1229 1300 1443 1368 fastum,
1475 1302 1576 1357 hoc
1599 1312 1863 1357 tumorem
1893 1305 2221 1375 comprimit,

636 1388 740 1444 hoc
774 1390 1021 1445 modeste
1049 1406 1207 1462 agere
1237 1392 1449 1447 suadet.
1503 1395 1573 1448 At
1626 1395 1670 1449 si
1720 1412 1825 1449 non
1860 1397 1911 1449 in
1958 1395 2222 1465 sapientia

633 1480 807 1548 verbi,
834 1483 1064 1551 inquies,
1099 1498 1196 1537 cur
1226 1485 1420 1551 Apollo
1451 1486 1621 1539 virum
1670 1487 1885 1541 doctum
1914 1488 2224 1542 miserunt?

631 1570 750 1625 Non
780 1572 830 1625 vi
856 1572 1117 1627 orationis
1141 1574 1493 1643 conﬁdentes,
1526 1576 1621 1630 sed
1643 1576 1765 1647 quia
1793 1589 1983 1647 potens
2013 1588 2129 1633 erat
2166 1579 2220 1633 in

633 1662 947 1735 Scripturis,
980 1673 1036 1719 et
1058 1666 1366 1722 confutabat
1398 1667 1636 1724 Judzcos.
1666 1670 1917 1741 Alioquin
1964 1684 2140 1726 autem
2170 1670 2222 1725 id

633 1757 776 1826 quod
824 1757 1166 1828 quaerebatur
1193 1768 1309 1813 erat
1336 1801 1351 1825 ,
1392 1770 1449 1814 ut
1494 1761 1583 1830 qui
1634 1762 1835 1830 primas
1888 1762 2139 1816 tenebant
2168 1770 2223 1816 et

632 1848 856 1903 verbum
886 1863 1068 1904 serere
1096 1861 1397 1919 cmperunt,
1428 1866 1532 1903 non
1560 1860 1741 1904 essent
1760 1850 1925 1904 docti.
1946 1850 2009 1904 Hi
2033 1866 2222 1913 magna

635 1938 833 1994 virtute
862 1953 999 2009 opus
1027 1938 1316 2004 habebant,
1339 1948 1449 1992 uta
1482 1940 1743 2008 principio
1767 1954 2005 1994 errorem
2037 1939 2224 2008 depel-

634 2028 830 2094 lerent,
862 2040 917 2084 et
959 2039 1084 2084 tunc
1136 2029 1187 2083 in
1216 2028 1337 2100 ipso
1386 2031 1631 2101 ingressu
1674 2045 1866 2101 magna
1909 2029 2221 2089 fortitudine

632 2135 767 2189 Opus
796 2131 931 2177 erat.

704 2215 759 2269 4.
804 2212 904 2283 Qui
948 2229 1078 2287 ergo
1119 2216 1343 2272 eruditis
1376 2217 1445 2272 ab
1474 2218 1627 2274 initio
1652 2233 1789 2287 opus
1814 2234 1921 2275 non
1955 2219 2139 2275 habuit
2164 2228 2222 2273 ut

632 2321 871 2361 errorem
901 2307 1233 2377 depelleret,
1265 2311 1308 2364 si
1347 2321 1530 2381 postea
1561 2310 1801 2367 eruditos
1826 2313 2078 2378 admisit,
2114 2329 2217 2366 non

631 2397 783 2465 quasi
832 2398 939 2453 illis
976 2398 1220 2469 indigens
1261 2402 1362 2455 hoe
1400 2402 1542 2468 fecit,
1573 2402 1667 2458 sed
1694 2403 1843 2472 quasi
1876 2418 1981 2458 non
2012 2404 2219 2457 discer-

632 2503 789 2543 nens.
835 2489 987 2545 Sicut
1011 2491 1154 2546 enim
1185 2493 1515 2564 sapientibus
1558 2492 1863 2563 hujusmodi
1895 2510 2000 2548 non
2030 2493 2220 2563 egebat

631 2582 698 2635 ad
732 2581 783 2636 id
808 2582 952 2652 quod
981 2583 1191 2638 volebat
1234 2584 1617 2653 perliciendum
1648 2605 1662 2639 :
1706 2586 1777 2639 ita
1807 2587 1849 2639 si
1885 2594 2067 2654 postea
2099 2586 2219 2641 illos

629 2673 914 2739 inveniret,
935 2692 1038 2733 non
1069 2676 1362 2745 rejiciehat.
1393 2678 1473 2731 Tu
1500 2692 1633 2731 vero
1656 2678 1784 2731 mihi
1813 2678 1943 2732 illud
1969 2678 2216 2745 ostende,

628 2780 697 2817 an
727 2764 916 2820 Petrus
945 2776 1000 2820 et
1023 2766 1217 2820 Paulus
1245 2767 1437 2821 eruditi
1469 2776 1671 2822 essent.
1695 2768 1798 2824 Sed
1829 2785 1935 2823 non
1969 2770 2169 2838 poteris
2202 2788 2215 2823 :

630 2867 786 2911 erant
814 2859 955 2912 enim
990 2859 1165 2913 idiotas-
1193 2871 1246 2914 et
1276 2860 1528 2915 illitet'ati.
1574 2861 2030 2928 Quemadmodum
2061 2863 2219 2930 igitur

630 2948 878 3005 Christus
907 2949 1121 3021 quando
1148 2948 1441 3021 discipulos
1468 2952 1612 3005 misit
1639 2953 1689 3005 in
1722 2953 1939 3014 orbem,
1969 2966 2088 3005 cum
2117 2967 2216 3020 po-

630 3044 851 3096 tentiam
884 3060 1033 3097 suam
1068 3046 1297 3112 primum
1329 3046 1379 3097 in
1413 3045 1691 3097 Palaestina
1720 3044 2044 3098 ostendisset
2075 3043 2179 3096 illis
2200 3083 2215 3109 ,

631 3143 687 3186 et
724 3132 949 3187 dixisset
982 3152 994 3186 :
1028 3133 1245 3199 Quando
1285 3135 1397 3189 misi
1436 3151 1519 3189 vos
1552 3136 1661 3189 sine
1688 3151 1926 3188 crumena
1951 3144 1996 3189 et
2024 3151 2144 3203 pera
2172 3143 2218 3187 et

629 3226 832 3290 calceis,
865 3228 1109 3297 numquid
1143 3227 1280 3281 vobis
1320 3229 1516 3298 aliquid
1562 3228 1723 3297 defuit
1752 3226 1919 3299 (Luc.
1950 3228 2038 3282 2'2.
2071 3229 2219 3298 35)?

631 3325 757 3371 tunc
788 3318 1027 3386 permisit
1055 3329 1109 3372 ut
1136 3318 1387 3387 deinceps
1416 3329 1471 3375 et
1502 3334 1681 3389 peram
1710 3328 1764 3374 et
1791 3335 2100 3375 crumenam
2125 3321 2219 3375 ha-

635 3391 825 3460 berent
855 3423 868 3458 :
904 3416 972 3460 tta
1004 3406 1091 3462 hic
1120 3423 1332 3478 quoque
1360 3408 1507 3463 fecit.
1550 3408 1680 3463 Nam
1711 3409 1762 3463 id
1783 3451 1798 3476 ,
1831 3411 1973 3480 quod
2004 3426 2215 3481 quaere-

637 3498 813 3563 batur,
843 3507 959 3552 erat
997 3507 1053 3551 nt
1094 3498 1285 3559 Christi
1321 3501 1553 3569 potentia
1584 3489 1993 3559 ostenderetur:
2028 3517 2131 3554 non
2164 3512 2219 3556 ut

637 3598 856 3657 preptcr
884 3599 1157 3643 externam
1183 3591 1493 3660 sapientiam
1524 3607 1553 3645 a
1584 3591 1689 3645 [ide
1719 3591 2040 3661 ejicerentur
2066 3594 2101 3646 ii
2128 3594 2216 3663 qui

628 3679 964 3734 accederent.
1012 3678 1142 3734 Cum
1189 3697 1315 3751 ergo
1357 3680 1528 3736 ϐπ·ωοί
1571 3680 1861 3751 discipulos
1890 3683 2218 3737 accusabunt

630 3781 688 3826 ut
715 3773 927 3839 idiotas,
960 3789 1077 3839 nos,
1110 3774 1229 3843 plus
1257 3791 1414 3844 quam
1444 3775 1539 3841 illi,
1572 3789 1886 3830 accusemus
1914 3776 2076 3844 ipsos.
2107 3776 2217 3831 Nec

628 3862 749 3931 quis
779 3862 919 3917 dicat
948 3863 1169 3917 Paulum
1200 3864 1516 3932 sapientem,
1548 3864 1599 3917 id
1630 3874 1731 3929 est,
1764 3865 1979 3919 doctum
2012 3867 2213 3930 fuisse;

631 3951 725 4006 sed
754 3966 869 4015 eos,
902 3953 990 4021 qui
1018 3953 1158 4021 apud
1186 3953 1305 4006 illos
1331 3953 1401 4005 ob
1427 3954 1742 4022 sapientiam
1768 3962 1825 4008 et
1852 3956 2212 4025 eloquentiam

630 4040 874 4097 celebres
900 4052 1044 4108 sunt,
1074 4042 1395 4098 extollentes
1416 4084 1431 4109 ,
1464 4043 1584 4098 illos
1611 4058 1801 4099 omnes
1825 4047 1915 4116 qui
1943 4046 2083 4115 apud
2116 4063 2213 4101 nos

632 4132 804 4198 luere,
834 4132 998 4188 rudes
1024 4131 1189 4187 fuisse
1213 4132 1471 4188 dicamus.
1502 4132 1618 4189 Non
1645 4149 1833 4205 parum
1863 4138 2004 4191 enim
2032 4137 2085 4190 in
2119 4137 2218 4189 hac

630 4239 843 4293 quoque
889 4232 1039 4294 parte
1078 4224 1196 4278 illos
1221 4223 1535 4294 dejiciemus
1566 4242 1577 4277 :
1612 4226 1689 4280 sic
1716 4227 1915 4296 quippe
1939 4226 2215 4297 splendida

630 4317 736 4371 erit
762 4318 1005 4372 victoria.

703 4405 995 4475 Disputatio
1022 4407 1157 4459 circa
1179 4406 1402 4459 Paulum
1422 4415 1466 4459 et
1494 4406 1783 4461 Platonem.
1802 4439 1870 4448 —
1895 4411 2018 4465 Hmc
2038 4419 2215 4465 autem

630 4495 761 4560 disi,
804 4497 925 4567 quia
973 4494 1334 4552 Christianum
1381 4498 1682 4570 quempiam
1724 4501 2010 4570 aliquando
2041 4503 2217 4557 audivi

629 4599 817 4646 contra
846 4589 1092 4644 Gmeum
1120 4589 1344 4646 ridicule
1369 4592 1727 4660 disputantem
1760 4613 1772 4648 :
1803 4594 1963 4648 ambo
1989 4610 2217 4664 namque

634 4683 686 4736 itt
727 4682 1087 4752 diSputatione
1120 4696 1230 4736 rem
1262 4697 1412 4736 suam
1444 4684 1791 4740 confutabant
1819 4695 1874 4740 et
1903 4688 2217 4756 pessumda-

633 4776 780 4828 bant.
800 4773 956 4847 ‘Nam
988 4789 1108 4843 qua:
1134 4772 1498 4827 Christianum
1529 4776 1708 4832 dicere
1735 4780 2096 4847 oportuisset,
2130 4780 2217 4834 illa

631 4843 842 4919 dicebait
861 4866 1113 4930 Grascus;
1149 4876 1205 4920 et
1225 4880 1345 4935 qua:
1364 4864 1609 4920 Grzecum
1631 4843 1811 4924 dicere
1834 4886 1927 4939 par
1947 4843 2090 4937 erat,
2105 4871 2220 4928 hac

630 4954 967 5011 Christianus
994 4956 1316 5026 opponebat.
1346 4956 1477 5010 Nam
1501 4972 1622 5011 eum
1645 4957 1710 5012 de
1734 4960 1902 5013 Paulo
1929 4974 1980 5015 ct
2008 4963 2073 5017 de
2102 4965 2221 5018 l'la—

633 5058 759 5103 tone
784 5046 1010 5117 quaestio
1038 5056 1215 5114 esset,
1245 5047 1464 5104 Graccus
1490 5049 1580 5104 ille
1608 5050 1895 5107 ostendere
1924 5055 2219 5113 conabatur

636 5142 857 5197 Paulum
875 5140 1161 5196 indoctum
1190 5151 1244 5197 et
1270 5143 1457 5198 rudem
1486 5143 1651 5198 fuisse
1678 5162 1690 5197 :
1731 5144 2066 5203 Christianus
2090 5166 2219 5205 vero

632 5248 704 5290 ex
730 5234 1070 5303 simplicitate
1101 5235 1326 5304 probare
1350 5237 1728 5301 contendebat,
1762 5238 1985 5293 Platone
2010 5241 2219 5297 doctio-

635 5342 749 5383 rem
772 5334 830 5381 ct
851 5326 1186 5400 disertiorem
1218 5326 1383 5383 fuisse
1411 5330 1654 5385 Paulum.
1701 5330 1775 5385 Ita
1812 5346 1975 5400 porro
2001 5332 2221 5390 Grmcus

633 5420 804 5474 victor
831 5417 1037 5481 fuisset,
1143 5419 1257 5474 hree
1283 5420 1497 5473 vicisset
1519 5421 1829 5491 propositio.
1863 5421 1992 5476 Nam
2019 5424 2065 5477 si
2100 5426 2220 5478 Pla-

633 5519 756 5563 tone
780 5508 990 5565 doctior
1015 5519 1069 5564 et
1093 5508 1429 5599 eloquentior
1453 5514 1548 5567 fuit
1578 5514 1772 5569 Paulus
1796 5558 1812 5582 ,
1843 5516 2015 5582 multi,
2044 5526 2100 5571 ut
2125 5534 2219 5573 ve-

631 5602 854 5657 risimile
878 5611 983 5669 est,
1007 5594 1300 5679 oppmdnt,
1329 5603 1478 5658 illum
1505 5621 1608 5657 non
1634 5606 1826 5675 gratia,
1847 5606 1940 5661 sed
1963 5607 2221 5678 eloquen-

632 5696 703 5749 tia
746 5709 1047 5765 superasse.
1093 5685 1274 5765 ltaql’te
1315 5698 1391 5751 sic
1440 5698 1660 5767 loquens
1706 5698 2069 5767 Christianus,
2120 5718 2219 5773 pro

632 5784 824 5843 Greco
863 5787 1036 5843 stabat
1081 5806 1095 5838 :
1143 5787 1281 5859 quod
1331 5800 1508 5845 autem
1551 5790 1770 5847 Graccus
1820 5793 2066 5864 dicebat,
2119 5812 2211 5866 pro

2336 577 2452 622 erat
2504 570 2739 639 Paulus,
2771 582 2826 628 et
2877 585 3054 632 tamen
3103 578 3380 636 Platonem
3429 584 3591 648 vicit,
3639 585 3921 656 splendida

2336 659 2433 715 fuit
2459 662 2681 718 victoria
2712 682 2726 718 :
2758 665 3005 723 indoctus
3029 670 3227 740 quippe
3250 672 3341 728 ille
3364 713 3380 739 ,
3407 690 3597 731 omnes
3623 677 3920 747 discipulos

2333 753 2450 820 ejus
2503 755 2743 841 adortus,
2792 774 3075 829 persuasus
3121 778 3303 820 secum
3354 766 3594 823 abduxit.
3630 769 3784 827 Unde
3825 786 3921 841 pa-

2334 844 2438 897 lam
2491 838 2581 901 est
2624 862 2729 903 non
2778 848 2833 903 in
2891 851 3149 922 sapientia
3196 854 3426 912 humana
3481 838 3917 927 prtedicationem

2334 938 2679 1004 prtcvaluisse
2698 979 2714 1005 ,
2744 941 2838 995 sed
2862 956 2958 1009 per
2981 942 3073 997 Dei
3092 944 3339 1014 gratiam.
3366 947 3443 1002 Ne
3469 947 3628 1018 igitur
3651 950 3705 1005 in
3728 953 3917 1007 eadem

2334 1028 2653 1095 incidamus,
2685 1048 2819 1089 neve
2849 1035 3189 1103 irrideamur,
3221 1053 3343 1092 cum
3373 1048 3557 1094 contra
3588 1042 3807 1099 Graecos
3839 1046 3920 1101 sic

2334 1122 2685 1192 disputamus,
2710 1130 2984 1197 apostolos
3012 1141 3277 1200 tamquam
3300 1133 3543 1192 indoctos
3571 1152 3915 1194 accusemus:

2336 1216 2457 1270 talis
2484 1218 2629 1272 enim
2658 1220 2931 1275 accusatio
2956 1223 3260 1277 encomium
3294 1233 3396 1279 est.
3440 1225 3505 1279 Et
3531 1242 3651 1282 eum
3678 1228 3921 1283 dixerint

2333 1306 2433 1371 illi,
2473 1318 2708 1378 agrestes
2754 1312 2917 1367 fuisse
2962 1316 3233 1382 apostolos
3257 1357 3271 1378 ,
3315 1331 3412 1373 nos
3449 1317 3708 1375 addamus
3749 1320 3919 1375 etiam

2332 1396 2498 1454 fuisse
2527 1399 2794 1470 indoctos,
2828 1404 3130 1471 illiteratos,
3159 1423 3418 1479 pauperes
3439 1452 3454 1476 ,
3482 1412 3615 1467 viles
3647 1422 3700 1468 et
3722 1413 3919 1469 obscu-

2330 1505 2441 1545 ros.
2468 1491 2585 1546 Non
2614 1504 2739 1549 sunt
2762 1494 2877 1551 hmc
2906 1499 3189 1553 maledicta
3220 1502 3474 1571 apostolis
3503 1505 3646 1559 illata
3669 1546 3685 1570 ,
3721 1506 3817 1561 sed
3848 1507 3919 1561 ad

2328 1582 2539 1638 illorum
2582 1587 2806 1655 gloriam
2849 1590 3010 1654 cedit,
3049 1593 3189 1661 quod
3239 1595 3371 1651 tales
3411 1611 3534 1652 cum
3572 1607 3772 1662 essent,
3801 1609 3921 1655 toto

2327 1673 2459 1729 orbe
2513 1685 2773 1731 terrarum
2825 1678 3021 1733 fuerint
3064 1683 3339 1742 clariores.
3393 1688 3458 1742 Hi
3498 1689 3641 1744 enim
3687 1690 3916 1759 idiota,

2327 1772 2586 1833 agrestes.
2620 1764 2843 1829 indocti,
2876 1769 3150 1836 sapientes
3174 1773 3318 1841 illos,
3343 1785 3608 1845 potentes,
3634 1789 3913 1849 tyrannos,

2327 1852 2417 1919 qui
2443 1852 2666 1919 divitiis,
2694 1856 2862 1926 gloria
2893 1869 2946 1913 et
2970 1862 3206 1916 externis
3232 1866 3441 1921 exteris
3470 1870 3632 1924 rebus
3656 1869 3916 1927 frueban-

2329 1950 2417 1995 tur
2436 1953 2491 1997 et
2512 1943 2899 2016 gloriabantur,
2923 1951 3074 2021 quasi
3096 1969 3194 2009 nec
3216 1955 3316 2010 viri
3337 1968 3518 2013 essent
3542 1959 3913 2030 proﬂigarunt.

2327 2030 2479 2087 Unde
2520 2034 2695 2104 palam
2733 2048 2815 2093 est
2850 2055 3095 2111 magnam
3133 2059 3255 2100 esse
3296 2047 3473 2103 erucis
3515 2050 3827 2118 potentiam,
3859 2062 3919 2109 et

2327 2124 2441 2178 hac
2478 2140 2587 2179 non
2626 2126 2857 2185 humana
2887 2131 2938 2185 vi
2983 2132 3122 2188 facta
3161 2150 3300 2192 esse.
3341 2135 3458 2192 Non
3488 2139 3630 2194 enim
3662 2140 3916 2199 humana:

2326 2222 2531 2269 natura:
2567 2227 2692 2272 sunt
2730 2218 2842 2285 illa,
2882 2220 2978 2276 sed
3017 2237 3178 2293 supra
3221 2222 3466 2281 naturam
3516 2240 3719 2299 patrata
3762 2243 3912 2288 sunt.

2324 2306 2457 2360 Cum
2481 2318 2657 2365 autem
2681 2326 2841 2381 supra
2862 2324 3105 2370 naturam
3128 2327 3180 2371 et
3199 2319 3485 2376 admodum
3508 2323 3644 2377 ultra
3665 2333 3914 2380 naturam

2324 2398 2568 2466 quazdam
2616 2403 2918 2458 elﬁciuntur
2946 2422 3067 2460 eum
3098 2408 3295 2464 decoro
3329 2422 3385 2465 et
3425 2413 3689 2479 utilitate;
3735 2416 3914 2483 palam

2325 2495 2410 2542 est
2436 2487 2522 2542 illa
2548 2505 2613 2543 ex
2639 2491 2819 2548 divina
2862 2496 3090 2564 quadam
3123 2498 3317 2555 virtute
3344 2510 3398 2557 et
3431 2505 3743 2571 operatione
3774 2507 3914 2564 facta

2325 2593 2463 2636 esse.
2493 2581 2877 2640 Animadverte
2902 2599 3078 2643 autem
3107 2606 3119 2641 :
3152 2590 3404 2660 piscator,
3436 2595 3788 2652 tentoriorum
3818 2614 3913 2654 ar-

2325 2672 2476 2739 tifex,
2503 2675 2837 2745 publicanus,
2860 2678 3159 2750 imperitus,
3192 2684 3497 2751 illiteratus,
3526 2703 3593 2743 ex
3624 2689 3912 2747 Palzestina

2323 2765 2545 2835 regione
2575 2766 2861 2837 longinqua
2883 2772 3180 2837 venientes,
3203 2774 3558 2847 philosophis,
3581 2782 3910 2848 oratoribus,

2323 2854 2536 2910 dicendi
2587 2858 2793 2925 peritis,
2839 2875 2905 2915 ex
2952 2863 3119 2929 patria
3159 2866 3397 2934 expulsis
3444 2869 3714 2937 omnibus,
3761 2872 3915 2929 brevi

2327 2946 2582 3012 temporis
2608 2947 2783 3016 spatio
2810 2943 2931 3004 illos
2957 2952 3223 3020 vicerunt,
3256 2971 3375 3010 cum
3408 2958 3662 3027 periculis
3690 2964 3873 3019 multis
3894 3007 3912 3030 ,

2327 3037 2536 3106 p0pulis
2556 3047 2609 3092 et
2631 3040 2844 3109 regibus
2865 3040 3012 3112 ipsos
3032 3048 3485 3118 oppugnantibus,
3504 3051 3618 3121 ipsa
3644 3067 3914 3126 pugnante

2326 3136 2509 3182 natura
2536 3146 2551 3194 ;
2597 3133 2851 3204 temporis
2878 3136 3211 3206 antiquitate,
3242 3140 3535 3196 obsistente
3562 3142 3722 3197 etiam
3754 3147 3913 3217 longa

2322 3220 2730 3289 consuetudine,
2772 3226 2994 3281 armatis
3039 3228 3391 3297 daemonibus,
3434 3231 3647 3287 diabolo
3697 3236 3749 3290 in
3795 3240 3915 3294 acie

2323 3322 2497 3368 stante
2524 3323 2578 3369 et
2607 3316 2784 3369 omnia
2816 3327 3084 3385 movente,
3118 3336 3289 3391 reges,
3320 3323 3610 3393 principes,
3641 3328 3869 3396 populos
3890 3370 3909 3397 ,

2320 3414 2528 3473 gentes,
2556 3407 2716 3463 urbes
2738 3448 2754 3474 ,
2788 3408 3043 3465 barbaros
3066 3452 3082 3478 ,
3114 3411 3351 3482 Graecos,
3382 3416 3749 3486 philosophos,
3783 3435 3912 3475 ora-

2326 3507 2488 3561 tores,
2520 3498 2807 3567 sOphistas,
2833 3502 3145 3571 scriptores,
3178 3504 3346 3574 leges,
3372 3506 3674 3574 tribunalia,
3706 3514 3915 3580 suppli-

2321 3589 2400 3643 cia
2433 3588 2599 3653 varia,
2645 3588 2847 3646 mo'rtes
2894 3594 3198 3649 innumeras
3243 3605 3297 3651 et
3341 3598 3603 3654 diversas.
3657 3604 3910 3659 Attamen

2325 3682 2437 3734 hzcc
2467 3681 2643 3736 omnia
2674 3683 2743 3736 ita
2775 3686 2988 3755 repulsa
3016 3698 3140 3741 sunt
3162 3697 3216 3743 et
3240 3701 3542 3757 cesserunt,
3572 3694 3913 3762 loquentibus

2325 3773 2674 3841 piscatoribus
2700 3816 2713 3841 ,
2751 3776 2971 3844 perinde
2994 3788 3051 3832 ut
3080 3780 3251 3834 tenuis
3281 3784 3469 3849 pulvis,
3500 3787 3589 3853 qui
3619 3786 3913 3842 vehemen-

2323 3864 2456 3918 tium
2484 3872 2762 3920 ventorum
2789 3868 3043 3936 impetum
3076 3869 3215 3924 ferre
3243 3875 3443 3941 nequit.
3479 3876 3755 3933 Discamus
3779 3896 3914 3951 ergo

2322 3958 2398 4009 sic
2422 3972 2542 4010 cum
2574 3954 2778 4011 Grtecis
2803 3958 3094 4027 disputare,
3131 3973 3187 4015 ut
3213 3979 3278 4017 ne
3304 3965 3473 4020 simus
3506 3976 3773 4039 tamquam
3809 3974 3906 4029 he-

2324 4049 2439 4102 stize
2482 4058 2537 4101 et
2579 4064 2803 4118 pecora;
2837 4053 2931 4107 sed
2959 4056 3128 4123 parati
3155 4071 3368 4127 semper
3395 4060 3462 4115 ad
3493 4077 3643 4131 spem
3667 4076 3910 4122 nostram

2326 4137 2597 4192 tuendam.
2630 4140 2697 4195 Et
2725 4141 2937 4198 interim
2970 4145 3073 4200 hoc
3096 4158 3253 4218 caput
3275 4151 3611 4218 meditemur,
3633 4156 3775 4226 quod
3804 4174 3911 4213 non

2324 4244 2542 4298 parvum
2569 4240 2672 4293 est,
2702 4233 2917 4305 illisque
2941 4236 3183 4293 dicamus
3214 4257 3227 4292 :
3260 4240 3536 4297 Undenam
3570 4245 3765 4300 inlirmi
3797 4248 3911 4301 for-

2325 4329 2404 4375 tes
2430 4321 2547 4378 illos
2575 4326 2833 4393 vicerunt,
2866 4328 3147 4385 duodecim
3179 4334 3483 4389 universum
3510 4338 3735 4392 orbem?
3768 4341 3913 4410 iique

2325 4428 2430 4467 non
2474 4415 2662 4470 iisdem
2694 4428 2904 4474 utentes
2929 4422 3116 4488 armis,
3148 4424 3242 4478 sed
3284 4426 3411 4481 nudi
3454 4439 3638 4484 contra
3672 4443 3912 4488 armatos

2325 4510 2654 4576 pugnantes?

2393 4602 2446 4657 5.
2498 4603 2858 4670 Apostolorum
2900 4608 3107 4661 uictoria
3152 4610 3435 4677 mirabilis;
3477 4615 3707 4684 exemplo
3748 4620 3911 4687 magis

2322 4710 2475 4762 quam
2506 4694 2829 4765 pltilasOpItia
2855 4700 3258 4766 prwdicaudum.
3282 4732 3353 4740 —
3375 4704 3469 4757 Dic
3499 4707 3661 4770 enim,
3689 4709 3733 4761 si
3765 4709 3909 4765 duo-

2323 4783 2493 4839 decim
2518 4787 2615 4839 viri
2645 4789 2721 4841 rei
2753 4789 2995 4845 militaris
3018 4792 3250 4861 imperiti
3282 4793 3332 4849 in
3363 4805 3623 4850 armatam
3650 4810 3911 4867 pugnato-

2323 4892 2439 4929 rum
2465 4878 2927 4935 innumerabilium
2951 4884 3119 4938 aciem
3144 4885 3521 4955 irrumpentes,
3547 4904 3651 4942 non
3676 4890 3912 4948 inermes

2326 4980 2550 5037 tantum,
2581 4971 2672 5025 sed
2702 4974 2862 5029 etiam
2892 4991 3117 5046 corpore
3142 4977 3361 5045 infirmi,
3384 4980 3453 5035 ab
3479 4981 3586 5036 illis
3609 4981 3743 5037 nihil
3769 4988 3910 5040 male

2326 5071 2659 5131 paterentur,
2686 5081 2859 5135 neque
2885 5068 3362 5126 innumerabilibus
3388 5072 3508 5128 telis
3541 5074 3767 5145 impetiti
3789 5093 3913 5131 sau-

2324 5153 2633 5218 ciarentur;
2676 5153 2935 5212 habentes
2964 5168 3140 5213 autem
3172 5160 3273 5214 tela
3300 5162 3459 5219 inlisa
3490 5166 3700 5235 corpori
3732 5168 3909 5232 nudo,

2326 5260 2513 5300 omnes
2543 5258 2990 5317 prosternerent,
3022 5267 3127 5307 non
3155 5257 3317 5309 armis
3342 5265 3551 5311 utentes
3574 5298 3591 5325 ,
3622 5260 3716 5313 sed
3751 5276 3911 5316 manu

2326 5337 2611 5402 ferientes;
2644 5338 2840 5395 deinde
2863 5341 3000 5395 alios
3029 5343 3357 5411 occiderent,
3388 5347 3521 5402 alios
3547 5349 3793 5417 captivos
3819 5352 3913 5406 ah-

2326 5428 2603 5493 ducerent,
2633 5431 2792 5485 nullis
2818 5435 3052 5501 acceptis
3083 5436 3391 5492 vulneribus
3420 5457 3433 5491 :
3464 5455 3530 5491 an
3560 5440 3682 5509 quis
3707 5442 3913 5499 diceret

2326 5536 2439 5573 rem
2474 5521 2632 5576 talem
2658 5533 2861 5594 gestam
2884 5524 3169 5582 humanam
3191 5531 3349 5584 esse?
3375 5530 3532 5599 Atqui
3557 5534 3911 5601 apostolicum

2329 5621 2588 5682 tropzuum
2613 5615 2768 5686 longe
2800 5616 2892 5671 illo
2919 5619 3212 5675 mirabilius
3244 5630 3343 5675 est.
3377 5620 3557 5691 Longe
3578 5626 3722 5678 enim
3752 5626 3913 5681 mira-

2327 5703 2483 5757 bilius
2504 5713 2767 5776 estquam
2797 5707 2994 5762 nudum
3023 5726 3129 5764 non
3158 5712 3447 5777 vulnerari,
3471 5714 3609 5783 quod
3634 5714 3912 5784 imperitus

2330 5808 2385 5853 et
2420 5798 2696 5856 illiteratus
2726 5810 2883 5872 atque
2925 5802 3155 5872 piscator
3197 5812 3395 5859 tantam
3438 5816 3657 5877 superet
3699 5807 3910 5865 dicendi
