4082 6326
206 375 278 430 27
1285 389 1349 445 IN
1393 388 1611 444 EPIST.
1657 388 1677 442 Ι
1713 388 1807 444 AD

1920 390 2003 447 ιιι.
2047 393 2285 449 IIOMIL.
2331 395 2419 448 HI.
3446 399 3518 452 28

210 496 264 550 δί
293 496 506 550 ἰδιῶται
533 500 581 552 οῖ
610 498 993 569 βεϐαιοῦντες.
1035 504 1207 559 Τοῦτο
1252 502 1360 560 οἵδε
1390 507 1620 562 κολάσαι
1655 520 1680 548 ι
1715 506 1811 559 τῦ-

215 596 331 647 φον,
386 581 549 635 τοῦτο
600 586 967 639 καταστεῖλαι
1031 587 1369 659 φλεγμονὴν,
1407 589 1568 643 τοῦτο
1625 590 1811 642 πεῖσαι

216 662 554 733 μετριάζειν.
587 668 701 720 Καὶ
730 670 782 720 εί
816 670 921 721 οὐκ
955 672 1015 723 ἐν
1046 673 1209 742 σοφίᾳ
1236 674 1418 741 λόγου,
1449 674 1596 736 τίνος
1624 674 1812 740 ἕνεκεν

211 746 305 799 τὸν
355 749 609 803 Ἀπολλὼ
644 751 826 819 λόγιον
860 753 993 807 ὅντα
1028 755 1300 826 ἔπεμψαν,
1354 756 1491 823 φησί
1535 756 1597 823 b;
1635 757 1711 810 Οὐ
1749 758 1815 826 τῇ

212 830 321 881 τῶν
354 830 537 900 λόγων
567 833 800 903 δυνάμει
831 834 1187 907 θαρροῦντες,
1219 838 1335 891 ἀλλ’
1366 839 1452 891 ὅτι
1484 838 1711 903 δυνατὸς
1750 834 1787 908 ἦ

212 917 272 966 ἐν
303 918 424 978 ταῖς
455 916 499 967 Γ
504 919 727 987 ραφαῖς,
753 918 850 970 καὶ
875 920 1076 991 ήλεγχε
1104 924 1231 984 τοὺς
1271 920 1578 985 Ἰουδαίους.
1607 921 1819 984 ’Δλλως

210 999 269 1051 δὲ
295 999 357 1051 :6
382 998 728 1070 ζητούμενον
755 996 847 1072 ἦν,
877 1003 939 1055 τὸ
961 1006 1090 1067 τοὺς
1118 1005 1508 1075 πρωτοστάτας
1530 1006 1623 1057 καὶ
1648 1004 1820 1075 ἀρξα-

218 1082 410 1151 μένους
450 1085 700 1153 σπείρειν
742 1085 834 1137 τὸν
869 1085 1031 1155 λόγον
1077 1086 1153 1157 μὴ
1198 1084 1336 1139 εἶναι
1384 1086 1619 1155 λογίους.
1656 1081 1819 1140 Οὗτοι

214 1164 322 1231 γὰρ
359 1160 513 1234 ἦσαν
551 1168 603 1219 οἱ
646 1165 856 1237 πολλῆς
885 1167 1129 1239 δεόμενοι
1171 1169 1477 1240 δυνάμεως,
1533 1169 1677 1222 ὥστε
1710 1169 1817 1221 ἀπ-

211 1247 467 1301 ώσασθαι
502 1250 603 1320 τήν
638 1249 849 1321 πλάνην
883 1251 950 1304 ἐκ
979 1252 1304 1322 προοιμίων,
1342 1254 1438 1305 καὶ
1462 1253 1587 1307 τότε
1610 1251 1817 1321 πολλῆς

212 1329 321 1383 ἔδει
349 1331 454 1400 τῆς
487 1331 673 1401 ἰσχύος
703 1335 785 1398 εἰς
816 1333 989 1406 αὐτὴν
1016 1333 1115 1405 τὴν
1142 1333 1371 1390 εἴσοδον.

280 1496 345 1549 δ’.
392 1498 458 1550 ’0
503 1497 688 1551 τοίνυν
737 1500 812 1571 μὴ
849 1500 1065 1571 δεηθεὶς
1104 1501 1477 1555 εὐπαιδεύτων
1519 1500 1586 1554 ἐκ
1630 1515 1820 1570 προοιο

214 1581 376 1647 μίων,
388 1583 440 1633 εί
458 1580 578 1651 μοι
598 1582 738 1652 μετά
752 1582 929 1638 ταῦτα
944 1584 1156 1653 λογίους
1169 1584 1410 1649 ἐδέξατο,
1428 1583 1527 1654 οὐχ
1542 1582 1620 1644 ὡς
1638 1581 1823 1650 δεόμε-

211 1678 301 1725 νος
320 1661 493 1715 τοῦτο
512 1664 797 1734 ἐποίησεν,
819 1666 936 1719 ἀλλ’
955 1666 1034 1729 ὡς
1052 1666 1114 1719 οὐ
1138 1665 1574 1736 διακρινόμενος.
1602 1664 1815 1735 ’Ὥσπερ

211 1746 321 1815 γὰρ
360 1745 470 1799 οὐκ
528 1746 703 1799 ἐδεῖτο
753 1748 935 1817 σοφῶν
961 1751 982 1778 ⁸
1038 1750 1120 1810 είς
1160 1748 1222 1799 τὸ
1274 1748 1623 1819 κατορθῶσαι
1676 1748 1821 1819 άπερ

212 1828 504 1891 ἐϐούλετο,
538 1830 719 1892 οὕτως
757 1830 879 1883 οὐδὲ
932 1830 1071 1900 μετά
1119 1829 1300 1885 ταῦτα
1351 1830 1681 1902 εὑρεθέντας
1732 1832 1821 1885 διά

214 1910 367 1963 τοῦτο
406 1910 663 1974 ἐξέϐαλε.
696 1912 770 1965 Σὺ
805 1912 865 1966 δὲ
906 1912 1090 1966 ἐκεῖνό
1137 1932 1228 1985 μοι
1271 1914 1471 1981 δεῖξον,
1520 1916 1569 1967 εί
1612 1915 1821 1986 Πέτρος

214 1993 390 2059 λόγιος
422 1989 499 2065 ἦν
542 1994 643 2047 καὶ
687 1994 927 2059 Παῦλος.
970 1994 1111 2049 Ἀλλ’
1152 1998 1254 2050 οὐκ
1289 1996 1356 2051 ἂν
1386 1996 1562 2066 έχοιςο
1612 1996 1822 2051 ἰδιῶται

213 2077 319 2145 γὰρ
349 2071 534 2145 ἦσαν,
569 2078 668 2130 καὶ
706 2077 1090 2153 ἀγράμματοι.
1129 2078 1341 2151 ’Ὠσπερ
1370 2077 1464 2133 οὖν
1497 2080 1527 2132 6
1560 2080 1816 2149 Χριστὸς,

209 2160 297 2210 ὃτε
326 2160 461 2221 τοὺς
488 2158 746 2230 μαθητὰς
767 2159 1019 2231 ἔπεμπεν
1040 2162 1119 2226 εἰς
1139 2162 1241 2233 τὴν
1263 2162 1615 2232 οἰκουμένην,
1640 2162 1820 2229 δείξας

214 2241 375 2296 αὐτοῦ
430 2242 533 2313 τὴν
582 2242 818 2313 δύναμιν
855 2245 1044 2308 αὐτοῖς
1078 2247 1137 2298 ἐν
1185 2244 1527 2318 Παλαιστίνῃ
1561 2246 1816 2315 πρῶτον,

211 2328 304 2378 καὶ
332 2324 538 2390 εἰπὼν,
563 2324 701 2379 Ὅτε
722 2325 1056 2381 ἀπέστειλα
1084 2326 1244 2396 ὑμᾶς
1274 2327 1457 2397 χωρὶς
1476 2327 1818 2391 βάλω-τίον

211 2407 304 2461 καί
329 2408 539 2476 πήρας
570 2406 675 2461 καί
693 2407 1105 2477 ὑποδήματος,
1120 2408 1208 2477 μή
1232 2426 1396 2475 τινος
1418 2409 1816 2478 ὑστερήσατε;

209 2493 324 2544 τότε
349 2491 633 2561 ἐπέτρεψε
660 2490 852 2546 λοιπὸν
879 2491 976 2545 καὶ
994 2494 1177 2563 πήραν
1198 2492 1294 2546 καὶ
1322 2492 1608 2562 βαλάντιον
1634 2492 1781 2562 ἔχειν
1801 2509 1817 2524 ο

209 2573 347 2627 οῦτω
384 2576 487 2627 καὶ
520 2574 768 2628 ἐνταῦθα
801 2575 1052 2644 ἐποίησε.
1092 2576 1168 2628 Τὸ
1210 2575 1324 2647 γάρ
1370 2575 1707 2645 ζητούμενον
1751 2572 1819 2647 ἧν

208 2658 493 2727 δειχθῆναι
520 2658 623 2711 τοῦ
648 2656 889 2728 Χριστοῦ
911 2659 1012 2729 τὴν
1033 2658 1287 2729 δύναμιν,
1310 2658 1372 2711 οὐ
1393 2657 1483 2712 διὰ
1498 2658 1598 2727 τὴν
1618 2657 1819 2722 ἔξωθεν

212 2742 400 2808 σοφίαν
446 2740 826 2795 ἐκϐάλλεσθαι
866 2741 970 2810 τῆς
1016 2742 1255 2804 πίστεως
1296 2741 1426 2804 τοὺς
1468 2741 1814 2812 προσιόντας.

210 2826 373 2877 ὐταν
400 2820 504 2877 οὖν
538 2823 811 2892 Ἕλληνες
847 2824 1274 2893 κατηγορήσωσι
1306 2824 1417 2875 τῶν
1449 2823 1712 2894 μαθητῶν
1742 2824 1817 2886 ὡς

211 2906 459 2971 ἰδιωτῶν,
493 2906 671 2959 πλέον
692 2907 855 2975 ἡμεῖς
876 2904 1104 2958 ἐκείνων
1128 2905 1530 2978 κατηγορῶμεν
1555 2905 1585 2946 ἀ
1612 2905 1813 2959 αὐτῶν.

210 2990 355 3058 Μηδὲ
388 2990 617 3057 λεγέτω
639 3005 749 3050 τις,
780 2988 864 3039 ὅτι
894 2987 1059 3054 σοφὸς
1089 2981 1160 3055 ἦν
1183 2988 1213 3039 6
1246 2986 1460 3048 Παῦλος
1481 3004 1493 3015 ·
1524 2988 1638 3040 ἀλλ’
1664 2988 1819 3041 ἐπαί-

212 3089 391 3143 ροντες
428 3075 530 3126 ἐπὶ
575 3071 749 3142 σοφία
781 3072 911 3133 τοὺς
948 3068 1222 3140 μεγάλους
1265 3070 1397 3141 παρ’
1440 3071 1676 3135 ἐκείνοις
1724 3070 1819 3124 καὶ

212 3157 294 3207 ἐπὶ
324 3153 647 3225 εὐγλωττία
680 3153 1126 3223 θαυμασθέντας,
1160 3153 1290 3216 τοὺς
1316 3154 1451 3223 παρ’
1482 3155 1616 3224 ἡμῖν
1643 3154 1820 3207 ἀπαν-

210 3254 300 3299 τας
334 3237 601 3307 λέγωμεν
635 3236 855 3298 ἰδιώτας
884 3234 1190 3303 γεγονέναι.
1224 3234 1301 3288 οὐ
1335 3235 1551 3306 μικρῶς
1578 3235 1686 3306 γάρ
1722 3236 1819 3288 αὐ-

211 3321 329 3381 τοὺς
362 3320 464 3372 καὶ
498 3318 651 3373 κατά
683 3318 846 3371 τοῦτο
873 3317 1297 3389 καταϐαλοῦμεν
1336 3317 1399 3369 τὸ
1434 3318 1601 3388 μέρος
1621 3333 1634 3345 °
1674 3316 1819 3371 οὕτω

212 3405 311 3474 γὰρ
338 3404 502 3457 ἔσται
531 3402 778 3474 λαμπρά
806 3402 878 3456 τά
912 3404 1231 3473 νικητήρια.

279 3572 473 3626 Ταῦτα
517 3571 581 3624 δὲ
617 3564 794 3633 εἶπον,
835 3570 1027 3642 ἐπειδή
1071 3586 1215 3634 τινος
1250 3572 1463 3641 ἤκουσά
1506 3587 1635 3624 ποτε
1680 3571 1814 3640 Χρι-

215 3654 429 3709 στιανοῦ
481 3654 628 3726 πρὸς
661 3652 905 3723 Ἕλληνα
948 3654 1377 3723 καταγελάστως
1406 3653 1819 3723 διαλεγομένου,

214 3740 302 3792 καὶ
325 3738 671 3809 ἀμφοτέρων
692 3738 753 3791 ἐν
779 3740 847 3807 τῇ
878 3738 1018 3807 1:96;
1049 3738 1317 3807 ἀλλήλους
1343 3738 1495 3811 μάχῃ
1515 3739 1587 3792 τά
1609 3736 1819 3790 ἐαυτῶν

214 3824 625 3877 καταλυόντων.
669 3822 741 3873 Ἀ
777 3821 888 3891 γὰρ
938 3821 1046 3874 ἔδει
1089 3820 1182 3875 τὸν
1229 3821 1562 3893 Χριστιανὸν
1604 3822 1814 3885 εἰπεῖν,

215 3906 382 3961 ταῦτα
418 3907 451 3959 6
482 3906 694 3975 Ἕλλην
728 3903 904 3975 ἔλεγεο
938 3906 1035 3957 καί⁷
1066 3905 1104 3957 ἃ.
1149 3905 1244 3957 τὸν
1286 3904 1528 3976 Ἕλληνα
1562 3904 1712 3966 εἰκὸς
1748 3900 1816 3974 ἦν

216 3992 408 4054 εἰπεῖν,
432 3988 619 4043 ταῦτα
654 3989 686 4041 6
719 3986 1048 4059 Χριστιανὸς
1077 3986 1467 4059 προεϐάλλετο.
1505 3988 1641 4058 Περὶ
1670 3987 1819 4041 Παύ-

216 4075 301 4126 λου
324 4074 438 4145 γάρ
463 4074 564 4126 καὶ
592 4072 885 4136 Πλάτωνος
915 4070 1200 4143 ζητήσεως
1220 4070 1411 4142 οὔσης,
1435 4073 1464 4124 6
1489 4071 1589 4142 μὲν
1619 4071 1817 4142 Ἕλλην

218 4159 474 4228 ἐπειρᾶτο
513 4154 839 4221 δεικνύναι,
885 4156 970 4208 ὅτι
1004 4157 1032 4208 6
1080 4156 1296 4219 Παῦλος
1331 4152 1401 4228 ἦν
1450 4156 1671 4227 ἀμαθὴς
1721 4156 1818 4210 καὶ⁸

219 4241 453 4312 ἰδιώτηςο
503 4242 534 4293 6
576 4239 637 4293 δέ
677 4240 1010 4310 Χριστιανὸς
1058 4240 1166 4294 61:6
1206 4241 1470 4310 ἀφελείας
1511 4240 1813 4305 ἐσπούδαζε

219 4321 679 4388 κατασκευάζειν,
717 4323 799 4375 ὃτι
833 4322 1123 4385 Πλάτωνος
1153 4322 1484 4395 λογιώτερος
1510 4319 1579 4393 ἦν
1604 4325 1632 4376 6
1662 4324 1815 4377 Παῦο

217 4409 317 4473 λος.
364 4407 533 4463 Οῦτω
559 4406 624 4459 δὲ
669 4404 765 4459 τοῦ
808 4405 1073 4472 Ἕλληνος
1120 4407 1335 4477 ἐγίνετο
1380 4410 1449 4462 τά
1496 4410 1812 4479 νικητήρια,

216 4491 398 4545 τούτου
441 4488 781 4561 κρατοῦντος
816 4488 911 4542 τοῦ
946 4488 1126 4558 λόγου.
1166 4489 1231 4543 Εἰ
1261 4489 1371 4561 γάρ
1404 4490 1697 4555 Πλάτωνος
1728 4492 1812 4545 ἐλσ

217 4574 588 4646 λογιμιὲιτερος
617 4568 687 4643 ἦν
718 4573 746 4624 6
776 4572 1010 4637 Παῦλος,
1045 4572 1275 4638 πολλοὺς
1307 4573 1457 4637 εἰκὸς
1485 4574 1811 4642 ἀντιλέγειν,

215 4661 284 4712 ὅτι
323 4660 388 4713 οὐ
434 4662 505 4729 τῇ
559 4658 771 4729 χάριτι,
804 4657 945 4711 ἀλλά
974 4659 1043 4729 τῇ
1087 4658 1395 4730 εὐγλωττίᾳ
1438 4663 1810 4730 περιεγένετο.

217 4741 369 4796 Ὥστε
404 4742 554 4815 ὐπέρ
597 4740 695 4794 τοῦ
734 4740 999 4811 Ἕλληνος
1042 4737 1111 4813 ἦν
1140 4741 1202 4793 τδ
1244 4740 1540 4813 λεγόμενον
1579 4743 1684 4797 ὐπὸ
1717 4744 1812 4797 τοῦ

217 4826 567 4897 Χριστιανοῦ·
615 4825 645 4878 δ
694 4825 753 4879 δὲ
790 4825 978 4894 ἔλεγεν
1014 4827 1047 4878 6
1091 4824 1317 4897 Ἕλλην,
1351 4826 1496 4899 ὑπὲρ
1534 4827 1630 4881 τοῦ
1678 4830 1812 4899 Χρι-

218 4911 432 4965 στιανοῦ
466 4905 560 4980 ἦν.
585 4910 649 4963 Εἰ
677 4910 787 4980 γὰρ
817 4908 1029 4974 Παῦλος
1057 4909 1387 4975 ἀπαίδευτος
1414 4908 1508 4985 ἦν,
1534 4912 1815 4985 ἐκράτησε

215 4994 263 5046 δὶ
288 4994 615 5056 Πλάτωνος,
644 4993 780 5063 ὅπερ
811 4990 1019 5059 ἔλεγον,
1062 4991 1296 5065 λαμπρὰ
1330 4994 1556 5063 γέγονεν
1585 4998 1620 5067 ή
1660 4998 1810 5068 νίκη.

215 5075 347 5141 Τοὺς
367 5076 489 5147 γὰρ
518 5075 735 5129 ἐκείνου
757 5073 1011 5146 μαθητὰς
1039 5074 1222 5129 λαδὼν
1250 5078 1281 5130 6
1307 5077 1530 5150 ἀμαθὴς
1560 5080 1811 5145 ἅπαντας

217 5162 394 5215 tam:
420 5200 438 5224 ,
468 5164 567 5214 καὶ
616 5160 755 5231 1:96;
798 5160 992 5214 ἑαυτὸν
1030 5161 1259 5232 ήγαγεν.
1306 5162 1474 5217 Ὅθεν
1504 5163 1688 5235 δῆλον,
1728 5166 1812 5219 ὅτι

217 5245 306 5297 οὐκ
333 5246 396 5297 ὲν
441 5243 610 5315 σοφίᾳ
638 5243 981 5317 ἀνθρωπίνῃ,
1014 5245 1075 5297 16
1117 5246 1382 5318 κήρυγμα
1427 5248 1809 5321 περιγέγονεν,

217 5327 343 5381 ἀλλά
362 5326 508 5382 Θεοῦ
534 5328 740 5397 χάριτι.
770 5328 870 5380 Ἴν’
891 5324 986 5383 οὖν
1017 5329 1093 5400 μὴ
1121 5329 1299 5384 ταυτά
1321 5331 1648 5403 πάσχωμεν,
1672 5334 1813 5404 μηδὲ

218 5410 654 5482 ηταγελώμεθα
704 5409 850 5464 οὕτω
892 5412 1269 5483 διαλεγόμενοι
1323 5415 1463 5486 1:96;
1518 5413 1811 5486 Ἕλληνας,

218 5493 440 5547 ἐπειδὰν
463 5495 601 5565 ημῖν
619 5491 759 5564 1:96;
784 5494 988 5557 αὐτοὺς
1013 5494 1168 5566 ἀγὼν
1188 5492 1251 5572 ᾗ,
1272 5497 1676 5570 κατηγορῶμεν
1700 5497 1811 5552 τῶν

216 5576 532 5632 ἀποστόλων
560 5579 639 5642 ὡς
663 5575 921 5647 ἀμαθῶνο
943 5579 979 5647 ή
1003 5579 1113 5651 γάρ
1136 5581 1445 5653 κατηγορία
1469 5581 1608 5653 αῦτη
1634 5580 1811 5649 ἐγκὼο

604 5840 753 5891 τοῦτο
776 5844 1025 5902 διέκλασε,
1042 5849 1088 5893 α
1108 5857 1242 5905 mox,
1266 5846 1599 5895 κατέστειλε...
1622 5848 1803 5899 ἔπεισε.

569 5900 673 5971 {uec
712 5917 830 5964 v0.5,
864 5900 1035 5971 φησίέ.
1063 5912 1188 5971 post
1230 5900 1525 5971 θαρῥοῦντες.
1614 5912 1637 5939 ⁸
1664 5909 1807 5971 Alius

273 5918 531 5962 W7
569 5918 673 5952 ηιεε
712 5918 830 5964 v0.12,
874 5921 1016 5965 φησι,
1113 5918 1188 5956 ou
1233 5918 1525 5971 θαρρουντες-
1614 5918 1637 5939 ⁸
1664 5918 1805 5959 Alius

220 5964 363 6011 hbet
379 5965 624 6036 σοφιστῶν
643 5978 730 6026 pro
755 5968 944 6035 ςοφῶν.
1012 5965 1036 6005 ἀ
1060 5918 1201 6033 Ιῖῡεη
1229 5971 1585 6035 κατῃγορῶμεν,
1626 5970 1805 6024 melius

222 6040 357 6087 quam
377 6025 499 6076 Cdlli
521 6025 897 6091 κατηγοροῦμεν.

1925 527 2070 578 μιον.
2105 512 2218 565 Καὶ
2245 512 2373 565 ὅταν
2407 511 2637 564 εἴπωσιν
2670 515 2888 578 ἐκεῖνοι,
2915 513 2996 565 ὅτι
3023 513 3275 582 ἄγροικοι
3302 517 3442 582 ἦσαν
3468 519 3518 570 οξ

1920 591 2231 658 ἀπόστολοι,
2271 594 2601 664 προσθῶμεν
2632 597 2827 665 ἡμεῖς,
2860 610 2956 649 και
2985 595 3269 665 εἴπωμεν,
3307 598 3389 649 ὅτι
3427 600 3520 651 καὶ

1922 675 2155 744 ἀμαθεῖς
2197 678 2292 730 καὶ
2329 676 2691 748 ἀγράμματοι
2726 680 2821 731 καὶ
2866 678 3102 749 πένητες
3142 680 3238 731 καὶ
3279 680 3519 742 εὐτελεῖς

1922 758 2016 811 καὶ
2043 759 2295 814 ἀσύνετοι
2326 762 2420 814 κα)⁵
2458 763 2706 827 ἀφανεῖς.
2745 763 2858 814 Οὐκ
2895 762 3010 815 ἔστι
3051 761 3373 833 βλασφημία
3406 764 3518 816 τῶν

1924 843 2236 897 ἀποστόλων
2267 844 2465 909 ταῦτα,
2498 843 2637 897 ἀλλά
2674 845 2767 897 καὶ
2797 845 2945 911 δόξα,
2980 846 3041 897 τὸ
3078 848 3206 909 τοὺς
3239 847 3518 909 τοιούτους

1920 922 2022 991 τῆς
2046 925 2370 995 οἰκουμένης
2403 926 2586 997 πάσης
2613 926 3033 999 λαμπροτέρους
3062 929 3319 996 φανῆναι.
3352 924 3517 982 Οὗτοι

1922 1009 2032 1079 γάρ
2063 1012 2113 1061 οί
2152 1010 2359 1063 ἰδιῶται
2399 1013 2494 1063 καὶ
2529 1014 2779 1081 ἄγροικοι
2813 1013 2910 1065 καὶ
2961 1010 3076 1083 [21]
3124 1013 3357 1080 ἀμαθεῖς
3389 1016 3517 1075 τοὺς

1924 1093 2122 1160 σοφοὺς
2161 1094 2256 1146 καὶ
2289 1094 2550 1157 δυνατοὺς
2583 1094 2679 1147 καὶ
2721 1094 2849 1157 τοὺς
2878 1095 3214 1165 τυράννους,
3260 1098 3358 1149 καὶ
3388 1097 3515 1159 τούς

1921 1174 2016 1227 ἐπὶ
2044 1176 2258 1247 πλούτῳ
2302 1178 2397 1229 καὶ
2427 1178 2556 1251 δόξῃ
2588 1178 2683 1231 καὶ⁸
2713 1179 2829 1241 τοῖς
2875 1176 3078 1243 ἔξωθεν
3119 1180 3257 1231 πᾶσι
3297 1178 3517 1247 κομπά-

1922 1258 2137 1322 ζοντας,
2172 1259 2248 1323 ώς
2272 1260 2395 1313 οὐδὲ
2426 1261 2646 1332 ἄνδρας,
2674 1259 2817 1313 οὐτω
2846 1261 3518 1329 κατηγωνίσαντο.νὊθεν

1921 1340 2102 1409 δῆλον,
2134 1343 2216 1395 ὅτι
2252 1344 2462 1413 μεγάλη
2498 1346 2534 1413 ηή
2576 1343 2671 1397 τοῦ
2709 1343 2944 1415 σταυροῦ
2988 1344 3241 1415 δύναμις,
3288 1347 3383 1399 καὶ
3416 1346 3516 1397 οὐκ

1922 1423 2238 1496 ἀνθρωπίνη
2291 1425 2436 1495 ἰσχύϊ
2465 1425 2640 1480 ταῦτα
2677 1425 2911 1494 ἐγίνετο.
2946 1426 3021 1480 Οὐ
3047 1426 3158 1497 γάρ
3199 1427 3312 1497 ἔχει
3354 1426 3518 1496 φύσιν

1922 1506 1991 1560 τά
2028 1507 2315 1577 γινόμενα,
2356 1510 2472 1563 ἀλλ’
2514 1510 2654 1582 ὑπὲρ
2686 1510 2849 1581 φύσιν
2878 1506 2949 1581 ἦν
2979 1511 3048 1563 τά
3082 1510 3513 1583 κατορθούμενα.

1928 1591 2097 1644 Ὅταν
2129 1592 2188 1645 δὲ
2231 1593 2373 1661 ὑπὲρ
2418 1593 2581 1662 φύσιν
2630 1611 2684 1647 τι
2724 1594 2975 1663 γένηται,
3028 1596 3123 1648 καὶ
3160 1595 3304 1665 ὑπὲρ
3354 1593 3518 1665 φύσιν

1926 1674 2079 1746 παρά
2112 1676 2249 1729 πολὺ
2277 1676 2415 1746 μετά
2448 1676 2541 1730 τοῦ
2574 1678 2945 1747 προσήκοντος
2976 1677 3189 1730 καὶτοῦ
3218 1678 3516 1748 χρησίμου,

1924 1756 2144 1829 εὔδηλον
2177 1759 2261 1812 ὅτι
2301 1759 2421 1829 θεία
2453 1761 2560 1812 τινὶ
2596 1758 2774 1813 ταῦτα
2814 1760 3044 1830 δυνάμει
3083 1760 3178 1813 καὶ
3225 1759 3522 1829 συνεργείᾳ

1922 1841 2151 1909 γίνεται.
2172 1844 2373 1895 Σκόπει
2397 1843 2473 1895 δέ·
2497 1843 2554 1896 Ὀ
2571 1843 2779 1907 ἁλιεὺς,
2797 1844 2826 1895 6
2845 1842 3193 1913 σκηνοποιδς,
3208 1844 3237 1895 6
3253 1842 3518 1912 τελώνης,

1923 1925 1951 1975 6
1984 1923 2221 1994 ἰδιώτης,
2246 1927 2274 1977 6
2303 1925 2688 1995 ἀγράμματος,
2720 1928 2783 1979 ἐκ
2814 1926 3180 1996 Παλαιστίνης
3207 1924 3309 1993 τῆς
3334 1923 3521 1995 χώρας

1926 2005 2145 2075 μακρὰν
2192 2007 2457 2077 κειμένης
2487 2006 2766 2071 ἐλθόντες,
2818 2010 2946 2071 τοὺς
3003 2008 3359 2077 φιλοσόφους,
3392 2007 3521 2068 τοὺς

1925 2089 2186 2159 ῥήτορας,
2219 2090 2349 2153 τοὺς
2380 2089 2589 2153 δεινοὺς
2620 2091 2797 2143 εἰπεῖν
2828 2093 2893 2143 ἐκ
2916 2091 3014 2159 τῆς
3048 2089 3259 2153 οἰκείας
3286 2088 3518 2142 ἀπωσά-
3568 2156 3573 2159 _

1927 2190 2078 2243 μενοι
2128 2172 2375 2241 πάντας,
2411 2175 2568 2227 αὐτοὶ
2614 2174 2823 2227 τούτων
2872 2175 3191 2244 ἐκράτησαν
3237 2174 3296 2225 ἐν
3341 2173 3522 2243 χρόνῳ

1924 2256 2118 2327 βραχεῖ
2145 2259 2285 2327 μετὰ
2316 2257 2580 2310 κινδύνων
2612 2258 2846 2323 πολλῶν,
2876 2258 3088 2329 δήμων,
3123 2256 3393 2327 βασιλέων
3422 2256 3519 2308 ἀν-

1920 2342 2324 2407 τιπιπτόντων,
2380 2341 2482 2411 τῆς
2536 2342 2754 2409 φύσεως
2793 2342 2964 2412 αὐτῆς
3024 2341 3364 2412 μαχομένης,
3420 2338 3517 2391 τοῦ

1921 2427 2116 2495 χρόνου
2152 2424 2254 2493 τῆς
2296 2424 2690 2494 παλαιότητος,
2734 2425 2836 2495 τῆς
2868 2425 3073 2495 πολλῆς
3103 2424 3395 2495 συνηθείας
3425 2426 3520 2475 ἀν-

1921 2509 2316 2579 τιπαλαιούσης
2345 2522 2369 2549 ε
2433 2509 2715 2578 σφοδρῶς,
2774 2510 3056 2578 δαιμόνων
3106 2506 3517 2577 ὁπλιζομένων,

1922 2590 2166 2643 διαϐόλου
2195 2593 2677 2662 παραταττομένου
2707 2593 2800 2646 καὶ
2823 2594 3003 2647 πάντα
3026 2590 3328 2655 κινοῦντος,
3362 2591 3521 2660 βασι-

1922 2672 2073 2738 λέας,
2106 2676 2405 2745 ἄρχοντας,
2449 2675 2659 2745 δήμους
2680 2716 2694 2739 ,
2738 2675 2889 2745 ἔθνη.
2928 2676 3151 2740 πόλεις,
3181 2674 3518 2744 βαρΰάρους.

1925 2758 2215 2829 Ἕλληνας,
2247 2759 2594 2827 φιλοσόφους,
2628 2761 2889 2831 ῥήτορας,
2933 2761 3215 2829 σοφιστὰς,
3249 2758 3522 2829 λογογρά-

1923 2857 2079 2908 φους,
2110 2846 2331 2911 νόμους,
2363 2844 2697 2915 δικαστήρια
2716 2884 2730 2909 ,
2763 2844 3019 2908 κολάσεις
3053 2843 3326 2907 ποικίλας,
3357 2843 3521 2897 θανά-

1920 2941 2049 2986 τους
2082 2925 2309 2996 μυρίους
2350 2927 2444 2977 καὶ
2488 2926 2885 2990 παντοδαπούς.
2941 2926 3082 2980 Ἀλλ’
3112 2928 3261 2997 ὅμως
3303 2925 3523 2980 ἅπαντα

1922 3006 2094 3059 ταῦτα
2123 3008 2297 3070 οῦτως
2341 3008 2607 3077 ἠλέγχετο
2637 3010 2734 3062 καὶ
2777 3009 3137 3079 παρεχώρει,
3168 3007 3280 3061 τῶν
3324 3007 3521 3061 ἀλιέων

1923 3088 2317 3158 φθεγγομένων
2338 3129 2353 3153 ,
2389 3090 2465 3151 ὼς
2500 3090 2650 3151 κόνις
2681 3090 2858 3161 λεπτὴ
2890 3090 3140 3163 σφοδρῶν
3168 3090 3386 3161 ἀνέμων
3419 3092 3520 3159 ἐμ-

1920 3170 2085 3242 ϐολὴν
2112 3174 2359 3241 ἐνεγκεῖν
2395 3173 2471 3243 μὴ
2507 3172 2810 3245 δυναμένη.
2844 3172 3127 3242 Μάθωμεν
3156 3174 3337 3227 τοίνυν
3374 3173 3521 3226 οῦτω

1922 3253 2059 3324 πρὸς
2097 3254 2371 3325 Ἕλληνας
2412 3254 2782 3324 διαλέγεσθαι,
2814 3256 2904 3309 ἵνα
2952 3257 3029 3327 μὴ
3053 3251 3207 3327 ὦμεν
3236 3255 3313 3319 ὡς
3350 3254 3522 3327 θρέμ-

1925 3354 2075 3407 ματα
2120 3338 2218 3392 καὶ
2262 3337 2618 3409 βοσκήματα,
2658 3338 2776 3392 ἀλλ’
2814 3333 2968 3410 ὦμεν
3005 3338 3520 3411 παρεσκευασμένοι

1923 3421 2052 3490 περὶ
2084 3421 2182 3491 τῆς
2214 3423 2271 3474 ἐν
2303 3423 2436 3492 ἡμῖν
2471 3421 2706 3485 ἐλπίδος.
2743 3423 2853 3476 Καὶ
2888 3422 3028 3486 τέως
3056 3422 3217 3475 τοῦτο
3252 3421 3314 3475 τὸ
3346 3422 3519 3489 κεφά-

1921 3507 2071 3559 λαιον
2097 3507 2487 3577 μελετήσωμεν
2509 3496 2610 3561 οὐκ
2632 3506 2694 3561 δν
2726 3507 2948 3579 μικρὸν,
2984 3508 3081 3561 καὶ
3105 3508 3354 3578 λέγωμεν
3383 3507 3522 3585 1:96;

1923 3590 2148 3664 αὐτούς]
2176 3592 2348 3644 Πόθεν
2372 3593 2422 3644 οί
2449 3590 2701 3655 ἀσθενεῖς
2724 3591 2833 3646 τῶν
2854 3592 3091 3664 ἰσχυρῶν
3114 3590 3518 3664 περιεγένοντο,

1919 3677 1969 3728 οξ
2012 3658 2222 3728 δώδέκα
2259 3676 2361 3744 τῆς
2408 3674 2775 3747 οἰκουμένης,
2809 3658 2943 3746 οὐχῖ
2966 3658 3079 3739 τοῖς
3116 3658 3303 3738 αὐτοῖς
3332 3673 3519 3738 ὅπλοις

1920 3758 2275 3831 κεχρημένοι,
2308 3756 2446 3811 ἀλλά
2483 3758 2683 3829 γυμνοὶ
2711 3758 2851 3830 πρὸς
2878 3757 3143 3821 ἐνόπλους
3177 3757 3515 3828 μαχόμενοι;

1992 3911 2052 3957 ε’.
2084 3905 2220 3958 Εἰπὲ
2252 3903 2383 3975 γάρ,
2417 3906 2466 3958 εί
2490 3904 2703 3958 δώδεκα
2724 3903 2919 3976 ἀνδρες
2950 3899 3269 3973 πολεμικῶν
3299 3898 3519 3969 ἄπειροι

1922 3988 2264 4058 πραγμάτων
2304 3990 2382 4050 εἰς
2426 3985 2734 4058 παράταξιν
2775 3986 3128 4058 στρατιωτῶν
3162 3986 3390 4055 ἄπειρον
3424 3983 3521 4035 καὶ

1919 4071 2273 4141 ὡπλισμένην
2304 4071 2735 4141 εἰσπηδήσαντες
2756 4110 2771 4134 ,
2802 4073 2905 4125 οὐκ
2936 4070 3128 4125 ἄοπλοι
3166 4067 3348 4137 μόνον,
3380 4064 3526 4119 ἀλλὰ

1920 4156 2017 4211 καὶ⁵
2041 4155 2289 4219 ἀσθενεῖς
2308 4155 2371 4207 τὸ
2399 4155 2582 4223 σῶμα,
2606 4155 2713 4209 61:6
2739 4156 2838 4225 μὲν
2859 4155 3086 4209 ἐκείνων
3110 4152 3265 4207 οὐδὲν
3289 4151 3515 4213 ἔπαθον,

1923 4239 2057 4312 μηδὲ
2086 4238 2301 4311 μυρίοις
2332 4237 2653 4309 βαλλόμενοι
2690 4239 2903 4304 βέλεσιν
2932 4238 2953 4279 ί
2988 4236 3330 4310 ἐτρώθησαν,
3361 4233 3516 4305 ἔχον-

1917 4336 2010 4381 τες
2041 4318 2101 4371 δὲ
2135 4317 2639 4389 ἐμπεπερονημένα
2673 4319 2745 4373 τά
2783 4317 2913 4389 βέλη
2960 4315 3157 4387 γυμνῷ
3188 4314 3268 4385 τῷ
3300 4312 3519 4384 σώματι

1918 4403 2129 4465 πάντας
2158 4400 2511 4465 κατέόαλλον,
2546 4403 2647 4473 οὐχ
2673 4402 2862 4465 ὅπλοις
2890 4402 3250 4472 κεχρημένοι,
3281 4396 3422 4452 ἀλλά
3448 4401 3517 4469 τῇ

1917 4487 2062 4557 χειρὶ
2090 4485 2347 4549 παίοντες
2365 4526 2380 4550 ,
2417 4480 2535 4539 εἷτα
2570 4487 2700 4548 τοὺς
2726 4486 2827 4558 μὲν
2848 4486 3079 4550 ἀνεῖλον,
3109 4485 3237 4547 τοὺς
3262 4482 3319 4536 δέ
3349 4483 3517 4553 αίχμ-

1918 4568 2159 4632 αλώτους
2218 4567 2480 4632 λαϐόντες
2532 4569 2845 4640 ἀπήγαγον,
2902 4569 3039 4641 μηδέ
3090 4566 3383 4639 τραύματα
3415 4565 3519 4619 αὐ-

1916 4656 1999 4706 τοὶ
2019 4652 2327 4722 δεξάμενοι,
2350 4646 2463 4723 ἆρά
2489 4670 2575 4713 τις
2600 4654 2663 4705 τὸ
2687 4652 2976 4722 γινόμενον
3006 4650 3349 4721 ἀνθρώπινον
3374 4645 3519 4704 εἶναι

1916 4738 2123 4806 ἕφησε;
2172 4735 2368 4790 Καίτοι
2406 4734 2468 4787 τὸ
2506 4734 2616 4787 τῶν
2651 4735 2970 4789 ἀποστόλων
3018 4733 3281 4805 τρόπαιον
3334 4730 3517 4802 πολλῷ

1915 4819 2130 4872 ἐκείνου
2151 4817 2616 4889 θαυμαστότερον.
2638 4817 2746 4871 Τοῦ
2762 4818 2872 4889 γὰρ
2892 4818 3100 4889 γυμνὸν
3120 4817 3197 4887 μὴ
3212 4814 3514 4886 τρωθῆναι,

1915 4902 2097 4973 πολλῷ
2126 4901 2566 4973 παραδοξότερον
2605 4902 2667 4956 τὸ
2700 4903 2795 4956 τὸν
2830 4902 3050 4971 ἰδιώτην
3080 4900 3175 4953 καὶ
3203 4899 3516 4971 ἀγράμμα·

1913 5004 2007 5041 τον
2031 4986 2125 5041 καὶ
2152 4985 2307 5040 ἀλιέα
2334 4987 2610 5058 τοσαύτης
2636 4987 2941 5056 δεινότητος
2976 4982 3387 5057 περιγενέσθαι,
3420 4984 3516 5037 καὶ

1919 5072 2058 5141 μήτε
2086 5070 2193 5123 ὑπὸ
2216 5069 2316 5139 τῆς
2335 5069 2671 5141 ὀλιγότητος,
2702 5072 2842 5141 μήτε
2868 5069 2975 5125 61:6
3001 5070 3103 5139 τῆς
3130 5068 3342 5134 πενίας,
3374 5069 3516 5139 μήτε

1917 5153 2152 5207 ὑπὺντῶν
2170 5152 2454 5219 κινδύνων,
2488 5155 2628 5226 μήτε
2662 5154 2768 5207 61:6
2792 5155 2895 5224 τῆς
2924 5152 3219 5223 συνηθείας
3244 5152 3347 5221 τῆς
3376 5167 3515 5222 προ-

1917 5238 2332 5309 κατειληφυίας,
2370 5240 2512 5309 μήτε
2540 5238 2648 5291 61:6
2670 5239 2771 5308 τῆς
2797 5238 3071 5308 τοσαύτης
3099 5237 3515 5308 αὐστηρότητος

1914 5322 2021 5375 τῶν
2091 5320 2436 5393 πραγμάτων
2508 5314 2585 5374 ὧν
2649 5321 2983 5387 ἐπέταττον,
3051 5323 3189 5390 μήτε
3249 5321 3357 5374 ὐπὸ
3404 5321 3512 5373 τῶν

1916 5404 2304 5477 καθημερινῶν
2348 5403 2634 5467 θανάτων,
2676 5405 2817 5475 μήτε
2851 5405 2957 5457 ὐπὸ
2990 5402 3086 5457 τοῦ
3119 5403 3361 5475 πλήθους
3400 5404 3513 5457 τῶν

1913 5487 2310 5559 ἀπατηθέντων
2332 5528 2347 5552 ,
2398 5488 2539 5559 μήτε
2571 5486 2677 5540 61:6
2708 5485 2805 5541 τοῦ
2856 5486 3171 5558 ἀξιώματος
3214 5488 3323 5540 τῶν
3361 5487 3510 5539 ἀπα-

1912 5571 2197 5639 τησάντων
2230 5569 2652 5641 διακωλυθῆναι.
2689 5570 2847 5624 Οὕτω
2886 5570 3070 5623 τοίνυν
3098 5569 3300 5632 αὐτοὺς
3337 5586 3506 5623 κατα-

1913 5653 2187 5724 ϐάλωμεν,
2219 5654 2313 5706 καὶ
2346 5653 2650 5725 μαχώμεθα
2679 5654 2816 5724 πρὸς
2844 5652 3111 5716 ἐκείνους,
3140 5652 3236 5705 καὶ
3263 5651 3374 5724 1:96
3396 5652 3507 5705 τῶν

1911 5737 2087 5800 λόγων
2111 5735 2203 5790 διά
2233 5739 2331 5790 τοῦ
2359 5736 2478 5805 βίου
2517 5732 3021 5807 καταπληξώμεθα.
3058 5734 3210 5807 Αὕτη
3394 5738 3506 5809 γάρ

1911 5822 2059 5875 ἐστιν
2094 5823 2127 5892 ἡ
2170 5820 2383 5893 μεγάλη
2426 5822 2598 5894 μάχη,
2636 5814 2793 5887 οὗτος
2836 5825 2864 5875 6
2894 5822 3258 5891 συλλογισμὸς
3284 5824 3313 5877 6
3342 5824 3505 5879 ἀναν-

1983 6042 2003 6069 ε
2036 6039 2298 6104 ιοῃεὺαίυν
2322 6042 2705 6101 ἀντιπιπτούσης.
2764 6042 2799 6084 ἰ
2820 6043 2999 6095 Dccral
3015 6043 3226 6107 μὶεσιν.
