4096 6326
166 333 235 387 29
1237 318 1303 378 IN
1341 318 1561 378 EPIST.
1600 319 1622 376 l
1684 320 1762 374 ΑΕ

1868 317 1974 375 ΟΒ.
2010 318 2242 378 ειυιιιι.
2285 318 2374 377 ιν.
3398 329 3471 387 30

166 447 377 509 vim,ac
396 458 577 515 neque
599 458 631 499 a
658 441 941 514 paucitate,
962 452 1138 508 neque
1164 452 1195 490 a
1229 446 1560 507 paupertate,
1589 447 1764 504 neque

160 551 200 589 ra
222 534 501 607 periculis,
531 549 709 605 neque
731 546 762 585 a
790 530 983 601 pnevia
1001 527 1407 592 consuetudine,
1433 541 1532 580 nec
1558 541 1587 577 a
1612 539 1764 577 sevc-

170 627 329 681 ritate
356 640 539 681 rerum
576 640 708 695 quas
738 619 1118 692 przecipiebant
1140 661 1155 682 ,
1190 634 1360 686 neque
1383 634 1413 672 a
1437 616 1765 687 quotidianis

165 706 456 780 mortibus,
486 731 662 785 neque
691 714 758 767 ab
782 727 967 768 eorum
994 712 1082 779 qui
1113 710 1319 779 decepti
1347 709 1561 764 fuerant
1580 709 1762 761 multi-

167 809 357 863 tudine
379 850 397 875 ,
439 823 616 877 neque
642 806 709 860 ab
734 821 919 860 eorum
946 804 1034 872 qui
1057 803 1381 871 deceperant
1405 802 1723 855 auctoritate
1746 840 1762 864 ,

165 899 581 970 impedirentur.
614 898 704 953 Sic
732 912 861 966 ergo
889 895 1015 950 illos
1045 902 1442 963 prosternamus
1480 902 1535 947 et
1574 899 1762 946 contra

170 993 318 1061 ipsos
348 1005 688 1061 pugnemus:
730 1003 793 1042 ac
822 989 929 1041 vita
961 986 1129 1055 prius,
1171 1000 1328 1055 quam
1360 999 1630 1047 sermone,
1665 984 1765 1036 im-

163 1091 418 1147 petamus
446 1082 585 1135 illos.
616 1080 728 1135 lloc
754 1079 894 1133 enim
923 1094 1172 1147 maguum
1200 1086 1470 1132 certamen
1494 1086 1575 1130 est
1600 1117 1616 1143 ,
1649 1075 1766 1129 hzcc

161 1172 508 1226 ratiocinatio
548 1180 649 1235 est,
689 1172 773 1226 cui
803 1169 1095 1224 contradici
1140 1185 1244 1222 non
1289 1168 1480 1239 possit,
1509 1182 1628 1234 quae
1664 1182 1766 1234 per

160 1277 333 1330 opera
368 1263 629 1331 procedit.
665 1261 885 1317 Etiamsi
914 1262 1056 1316 enim
1086 1260 1363 1315 innumera
1391 1260 1567 1313 verbis
1590 1258 1767 1328 philo-

161 1353 500 1420 sophemur,
527 1357 571 1406 si
602 1369 705 1407 non
731 1353 1006 1407 meliorem
1035 1367 1191 1421 quam
1224 1351 1296 1405 illi
1320 1350 1480 1404 vitam
1506 1349 1763 1405 exhibea-

162 1457 312 1504 mus,
349 1444 552 1496 nullum
582 1451 664 1499 est
693 1443 921 1498 lucrum.
952 1442 1067 1496 Non
1093 1443 1234 1496 enim
1263 1442 1419 1497 dictis
1442 1442 1761 1506 attendunt,

162 1532 263 1587 sed
297 1531 436 1586 facta
468 1544 648 1587 nostra
674 1534 1002 1596 examinant,
1031 1541 1084 1587 et
1108 1531 1293 1587 dicunt
1322 1551 1334 1586 :
1360 1533 1438 1587 Tu
1469 1532 1620 1603 prior
1644 1550 1765 1587 ver-

162 1622 252 1677 bis
300 1623 408 1677 tuis
447 1624 778 1694 obtempera,
822 1633 878 1678 et
920 1635 1045 1676 tunc
1086 1624 1219 1677 alios
1260 1622 1507 1679 admone.
1536 1622 1688 1691 Quod
1717 1624 1761 1677 si

162 1726 289 1765 cum
322 1712 455 1767 dicis
477 1714 753 1767 innumera
775 1727 894 1767 esse
915 1713 1055 1767 bona
1087 1712 1137 1765 iu
1168 1711 1347 1767 futuro
1367 1716 1587 1781 sarculo,
1612 1715 1761 1784 quasi

163 1803 257 1856 illa
288 1817 397 1856 non
429 1803 552 1866 sint,
586 1801 940 1871 presentibus
970 1801 1215 1857 addictus
1242 1792 1495 1866 videaris,
1527 1804 1762 1857 credibi-

160 1894 303 1947 liora
332 1892 462 1946 mihi
484 1904 607 1947 sunt
636 1892 769 1946 facta
796 1908 954 1961 quam
982 1892 1123 1947 dicta
1154 1903 1260 1947 tua.
1290 1894 1420 1947 Cum
1441 1894 1584 1947 enim
1608 1893 1763 1947 video

163 1994 221 2038 te
252 1983 429 2037 aliena
459 1983 778 2052 rapientem,
825 1982 892 2037 de
936 1983 1001 2037 iis
1044 1984 1133 2052 qui
1178 1983 1412 2039 defuncti
1454 1993 1580 2038 sunt
1624 1985 1761 2039 ultra

161 2074 385 2128 modum
438 2075 746 2143 lugentem,
800 2073 1009 2143 aliaque
1056 2074 1220 2128 multa
1265 2091 1428 2145 prave
1473 2086 1760 2146 agentem,

160 2165 440 2235 quomodo
484 2167 577 2220 tibi
617 2166 833 2220 credam
878 2166 1076 2221 dicenti
1122 2168 1572 2222 resurrectionem
1604 2169 1763 2223 esse?

163 2256 391 2313 Etiamsi
440 2258 583 2312 enim
636 2256 751 2312 haec
793 2274 898 2313 non
951 2259 1151 2324 dicant,
1182 2260 1296 2313 lucc
1338 2261 1573 2330 cogitant
1610 2269 1666 2315 et
1708 2262 1758 2314 in

164 2361 351 2404 mente
398 2360 631 2403 versant.
668 2352 732 2404 Et
773 2351 875 2405 hoc
904 2352 1143 2419 impedit,
1192 2352 1477 2421 quominus
1516 2351 1761 2408 inlidcles

158 2440 454 2495 Christiani
486 2443 636 2497 ﬁant.
688 2442 1005 2497 lnducamus
1034 2458 1163 2513 ergo
1191 2443 1311 2498 illos
1340 2459 1436 2513 per
1463 2448 1626 2499 vitam
1659 2461 1758 2500 no-

160 2543 356 2584 Stram.
390 2531 541 2585 Multi
571 2540 627 2586 et
656 2532 888 2586 illiterati
918 2533 1015 2586 viri
1056 2533 1496 2603 philosophorum
1525 2544 1759 2590 mentem

159 2624 237 2677 ita
262 2625 589 2693 perculsere,
620 2633 802 2694 utpote
827 2626 916 2695 qui
948 2640 1167 2693 operum
1197 2626 1588 2696 philosophiam
1612 2630 1763 2684 exhi-

160 2713 389 2779 berent,
422 2723 477 2769 et
504 2729 687 2769 vocem
723 2716 844 2768 tuba
872 2715 1151 2770 clariorem
1185 2731 1281 2785 per
1310 2717 1433 2772 vitae
1458 2719 1759 2774 institutum

162 2813 220 2857 et
248 2804 643 2873 philosOphiam
680 2805 991 2858 emitterent
1022 2823 1036 2859 :
1072 2805 1188 2860 hate
1214 2806 1412 2876 quippe
1438 2806 1618 2878 lingua
1647 2807 1759 2863 foro

166 2896 272 2949 tior
295 2904 394 2949 est.
440 2894 570 2948 Cum
597 2895 741 2949 enim
769 2894 943 2949 dicam
964 2937 979 2963 ,
1008 2911 1118 2950 non
1146 2906 1400 2966 oportere
1441 2900 1760 2967 injuriarum

162 2984 508 3052 meminisse,
540 2985 838 3056 deindeque
871 2985 1062 3041 Graeco
1088 2988 1366 3060 innumera
1397 2988 1622 3047 inferam
1648 3007 1763 3047 ma-

165 3078 239 3143 la,
263 3077 534 3147 quomodo
565 3087 749 3146 potero
774 3078 950 3134 verbis
974 3079 1121 3133 illum
1145 3080 1421 3149 inducere,
1445 3099 1566 3137 cum
1595 3086 1761 3153 gestis

164 3169 340 3237 ipsum
382 3168 682 3237 depellam?
720 3168 991 3224 Venemur
1014 3186 1144 3240 ergo
1170 3172 1292 3227 illos
1322 3189 1416 3242 per
1445 3174 1568 3228 vitm.
1597 3176 1755 3230 insti-

166 3268 363 3323 tutum,
393 3267 448 3313 et
476 3273 572 3328 per
597 3259 756 3313 hasce
777 3260 984 3314 animas
1008 3259 1334 3317 ardilicemus
1366 3263 1684 3331 Ecclesium,
1708 3277 1764 3322 et

167 3352 265 3404 has
291 3364 645 3418 congeramus
671 3349 902 3404 divitias.
929 3349 1070 3405 Nihil
1099 3362 1185 3406 est
1208 3354 1399 3407 animm
1420 3356 1759 3426 atquiparan-

165 3441 317 3501 dum,
350 3456 419 3495 ne
454 3449 596 3495 totus
620 3440 834 3509 quidem
863 3440 1116 3499 mundus.
1157 3442 1341 3514 Itaque
1366 3446 1578 3500 etiamsi
1607 3449 1762 3503 innu-

170 3545 346 3585 meras
370 3530 691 3599 pauperibus
719 3531 968 3601 pecunias
994 3535 1319 3602 erogat-eris,
1352 3534 1483 3587 nihil
1515 3536 1619 3591 tale
1647 3537 1763 3593 efli-

167 3623 277 3677 cies
304 3622 461 3691 quale
493 3622 557 3684 is,
596 3620 683 3690 qui
719 3621 798 3674 vel
847 3637 1003 3675 unam
1051 3622 1288 3676 animam
1334 3629 1612 3680 convertit.
1662 3629 1763 3694 Qui

166 3716 299 3767 enim
329 3713 495 3766 educit
525 3713 798 3781 pretiosum
826 3729 888 3766 ea:
913 3714 1019 3778 vili,
1053 3716 1199 3783 quasi
1228 3733 1282 3769 os
1310 3734 1473 3771 meum
1504 3721 1596 3773 erit
1624 3720 1759 3789 (Jcr.

172 3808 250 3865 15.
284 3806 395 3873 19),
416 3804 603 3872 inquit.
636 3803 876 3872 Magnum
903 3804 1114 3873 quidem
1142 3806 1336 3862 bonum
1364 3819 1446 3862 est
1467 3826 1757 3879 egenorum

1870 432 2143 498 misereri;
2171 434 2264 489 sed
2294 433 2425 488 nihil
2454 444 2657 489 tantum
2680 477 2695 500 ,
2728 444 2985 506 quantum
3011 435 3083 492 ab
3107 450 3297 494 errore
3321 438 3456 497 libe-

1870 536 1990 576 rare
2018 540 2033 576 :
2064 523 2156 592 qui
2185 524 2329 578 enim
2351 523 2454 577 hoc
2484 523 2648 592 facit,
2677 525 2843 581 Paulo
2866 534 2921 581 et
2952 526 3111 583 Petro
3136 528 3330 585 similis
3350 542 3459 588 est.

1869 612 2018 668 Licet
2044 616 2186 669 enim
2216 615 2426 669 illorum
2454 616 2888 685 praedicationem
2924 620 3203 690 suscipere
3224 661 3241 687 ,
3270 636 3379 678 non
3406 632 3467 677 ttt

1872 705 2234 773 periclitemur
2263 706 2714 775 quemadmodum
2757 708 2861 773 illi,
2909 721 2963 764 et
2997 710 3227 778 falnem,
3255 721 3463 783 pestem

1869 805 2167 865 czntcraque
2192 797 2509 860 toleremus;
2555 798 2668 869 jam
2716 801 2858 855 enim
2906 803 3049 869 pacis
3089 812 3299 875 tempus
3340 814 3461 871 est;

1870 886 1963 939 scd
1982 895 2038 939 ut
2053 888 2300 941 alacriter
2318 887 2552 943 studium
2570 890 2944 946 exltibeamus.
2970 892 3120 949 Licet
3140 896 3287 950 enim
3307 896 3457 952 domi

1868 974 2119 1031 sedentes
2162 982 2299 1032 hanc
2336 993 2592 1034 exercere
2635 980 3008 1049 piscationem.
3054 982 3112 1039 Si
3153 986 3273 1055 quis
3300 987 3461 1043 habet

1868 1068 2119 1131 amicum,
2150 1080 2242 1123 aut
2269 1082 2554 1139 cognatum
2578 1114 2592 1135 ,
2625 1083 2718 1128 aut
2744 1072 3063 1130 familiarem
3085 1118 3100 1141 ,
3129 1075 3244 1132 bznc
3274 1077 3456 1148 faciat,

1870 1158 1985 1214 haec
2013 1161 2187 1225 dicat;
2218 1172 2272 1217 et
2299 1163 2492 1217 similis
2517 1167 2620 1219 erit
2657 1165 2821 1222 Petro
2846 1175 2899 1221 et
2926 1167 3114 1223 Paulo.
3148 1170 3287 1236 Quid
3311 1172 3458 1241 dico,

1870 1249 2028 1306 Petro
2055 1261 2107 1305 et
2136 1252 2338 1307 Paulo?
2365 1254 2439 1309 Os
2468 1256 2570 1309 erit
2592 1255 2790 1312 Christi
2821 1276 2834 1312 :
2865 1274 2987 1314 nam
3017 1260 3120 1325 Qui
3148 1262 3314 1317 educit
3342 1281 3462 1334 pre-

1870 1342 2053 1394 tiosum
2073 1358 2103 1394 a
2129 1345 2236 1406 uili,
2257 1346 2403 1411 quasi
2428 1362 2485 1399 as
2518 1362 2683 1401 meum
2708 1350 2804 1402 erit
2827 1390 2842 1413 ,
2874 1350 3062 1421 inquit.
3099 1352 3323 1409 Etiamsi
3354 1355 3458 1412 hoc

1867 1433 1956 1488 die
1984 1450 2089 1489 non
2113 1438 2464 1503 persuaseris,
2490 1454 2611 1493 cras
2639 1441 2985 1509 persuadebis
3014 1461 3030 1499 :
3062 1446 3271 1502 etiamsi
3303 1462 3460 1503 num-

1867 1539 2025 1593 quam
2056 1529 2407 1594 persuaseris,
2443 1538 2499 1583 tu
2526 1530 2820 1599 perfectam
2852 1532 3074 1589 habebis
3104 1537 3410 1593 mercedem
3438 1555 3456 1592 :

1866 1615 2074 1667 etiamsi
2104 1630 2210 1670 non
2241 1618 2493 1673 omnibus
2520 1624 2889 1690 persuaseris,
2932 1640 2996 1678 ex
3038 1625 3219 1680 multis
3256 1642 3459 1697 paucos

1865 1703 2138 1759 attrahere
2164 1708 2399 1775 poteris;
2428 1710 2861 1781 quandoquidem
2884 1715 3111 1783 apostoli
3139 1732 3247 1771 non
3276 1719 3456 1773 omni-

1866 1792 1968 1845 bus
2012 1792 2316 1849 hominibus
2364 1813 2701 1867 persuasere,
2743 1816 2931 1858 omnes
2982 1812 3158 1860 tamen
3199 1806 3458 1878 alloquuti

1868 1895 2011 1951 sunt,
2041 1893 2095 1939 et
2124 1885 2190 1941 de
2215 1890 2462 1943 omnibus
2491 1894 2796 1949 mercedem
2823 1895 3045 1951 habent.
3069 1895 3187 1952 Non
3219 1900 3362 1954 enim
3386 1901 3457 1954 ab

1867 1977 2011 2032 exitu
2034 1989 2179 2034 recte
2206 1979 2485 2047 factorum,
2521 1984 2615 2038 sed
2663 2001 2694 2038 a
2723 1997 2903 2043 mente
2935 1999 3079 2045 recte
3116 1993 3457 2060 aperantium

1866 2085 2094 2125 coronas
2125 2071 2415 2130 decernere
2453 2074 2596 2130 Deus
2625 2079 2781 2132 solet.
2829 2079 3048 2135 Etiamsi
3086 2081 3223 2138 duos
3259 2082 3460 2152 jeeeris

1867 2158 2076 2224 obolos,
2096 2162 2308 2230 accipit,
2332 2172 2385 2216 et
2404 2166 2545 2233 quod
2568 2181 2691 2237 erga
2717 2168 2927 2222 viduam
2957 2170 3103 2236 fecit,
3130 2172 3230 2229 hoc
3252 2183 3308 2229 et
3327 2190 3456 2248 erga

1866 2250 2116 2309 doctores
2146 2265 2421 2323 Operatur.
2453 2257 2530 2313 Ne
2560 2260 2737 2331 itaque
2761 2302 2776 2326 ,
2807 2261 2930 2331 quia
2960 2279 3065 2319 non
3092 2276 3244 2333 potes
3269 2268 3457 2324 orbem

1869 2354 2135 2399 terrarum
2157 2361 2397 2412 servare,
2428 2365 2625 2418 paucos
2649 2352 2936 2421 despicias,
2957 2370 3130 2424 neque
3150 2373 3215 2412 ex
3238 2374 3461 2430 magno-

1867 2448 1985 2488 rum
2013 2434 2301 2502 desiderio,
2329 2452 2358 2491 a
2385 2440 2684 2497 minoribus
2714 2454 2764 2498 te
2794 2446 3095 2501 abstrahas.
3147 2448 3201 2505 Si
3240 2462 3455 2508 centum

1868 2541 1976 2581 non
2004 2530 2261 2597 potueris,
2294 2530 2483 2585 decem
2506 2548 2698 2599 cures;
2727 2534 2772 2588 si
2802 2535 2971 2593 denos
2994 2554 3099 2593 non
3129 2542 3323 2610 possis,
3356 2559 3457 2599 nec

1868 2620 2058 2690 quinos
2083 2635 2340 2698 spernas‘;
2386 2624 2431 2678 si
2465 2625 2658 2694 quinos
2693 2642 2801 2681 non
2844 2629 3037 2697 possis,
3069 2647 3137 2687 ne
3165 2649 3329 2688 unum
3355 2635 3455 2693 de-

1867 2714 2097 2783 Spicias;
2124 2715 2167 2771 si
2200 2732 2361 2771 unum
2384 2734 2490 2772 non
2523 2722 2782 2789 potueris,
2816 2738 2987 2792 neque
3013 2725 3092 2780 sic
3116 2728 3297 2785 animo
3318 2729 3458 2786 deli—

1865 2806 1997 2867 clas,
2050 2822 2151 2862 nec
2191 2824 2311 2877 qua;
2356 2825 2521 2879 penes
2572 2821 2625 2867 te
2656 2824 2792 2868 sunt
2836 2816 3108 2873 eoliibeas;
3154 2819 3268 2875 Non
3309 2823 3460 2878 vides

1866 2897 2138 2965 quomodo
2175 2897 2228 2953 in
2259 2901 2624 2956 contractibus
2647 2942 2664 2969 ,
2709 2919 2816 2958 non
2862 2908 3042 2968 solum.
3078 2924 3142 2964 ex
3182 2927 3336 2979 auro,
3362 2915 3458 2969 sed

1867 2986 2025 3041 etiam
2049 3003 2116 3041 ex
2137 2998 2359 3058 argento
2389 3000 2715 3058 mercatores
2742 3008 3064 3051 commta..-
3170 3016 3349 3057 νηί-ω
3369 3018 3459 3058 so-

1868 3080 2051 3133 learnt?
2076 3080 2205 3134 Nam
2238 3081 2281 3135 si
2311 3097 2378 3135 ne
2411 3097 2569 3150 parva
2598 3083 2813 3150 quidem
2842 3086 3233 3155 despiciamas,
3267 3102 3457 3165 magna

1866 3173 2028 3225 etiam
2054 3171 2518 3239 apprehendemus
2555 3192 2567 3227 :
2597 3176 2641 3227 si
2674 3190 2804 3229 vero
2835 3192 2992 3244 parva
3025 3192 3456 3252 contemnamus,

1868 3280 2041 3333 neque
2073 3264 2157 3316 illa
2188 3264 2299 3333 ipsa
2332 3263 2489 3319 facile
2521 3280 2567 3334 pi
2591 3267 2897 3335 reipiemus.
2944 3270 3034 3326 Sic
3061 3275 3287 3345 quisque
3310 3278 3464 3335 dives

1868 3358 2098 3411 efficitur
2137 3374 2295 3425 parva
2334 3368 2389 3413 et.
2430 3374 2615 3428 magna
2654 3362 2911 3431 colligens
2940 3382 2952 3417 :
2984 3366 3062 3419 sic
3087 3376 3141 3421 et
3166 3370 3458 3435 nosfacia-

1868 3464 2007 3511 mus,
2050 3458 2107 3501 ut
2144 3450 2197 3503 in
2237 3450 2485 3506 ornnibus
2522 3452 2715 3505 divites
2760 3452 2905 3520 facti,
2939 3470 3160 3525 regnum
3205 3461 3457 3517 caalnrutn

1868 3555 2279 3609 consequamur,
2299 3542 2465 3611 gratia
2488 3552 2541 3596 et
2566 3543 2890 3613 benignitate
2916 3546 3121 3602 Domini
3147 3553 3311 3605 nostri
3333 3553 3460 3607 Jesu

1869 3631 2089 3696 Christi,
2120 3647 2214 3701 per
2250 3648 2410 3701 quem
2454 3642 2509 3687 et
2547 3648 2668 3687 cum
2696 3649 2804 3703 quo
2833 3635 2976 3691 Patri
3010 3654 3219 3709 unaque
3239 3641 3461 3712 Spiritui

1870 3732 2057 3776 sancto
2086 3722 2276 3792 gloria,
2309 3723 2611 3793 imperium,
2646 3723 2840 3793 honor,
2873 3742 3015 3782 nunc
3053 3738 3110 3784 et
3140 3748 3379 3805 semper,
3407 3745 3463 3792 et

1871 3810 1924 3863 in
1952 3814 2145 3865 saecula
2171 3812 2508 3867 surculorum.
2534 3814 2727 3868 Amen.

1199 3987 1202 3989 λ
1600 3996 1941 4060 HOMILIA
1983 3996 2092 4057 IV.

164 4137 297 4196 Car.
332 4139 387 4193 l.
418 4153 471 4190 v.
503 4138 590 4193 18.
631 4135 849 4191 Verbum
868 4137 1001 4190 enim
1029 4138 1191 4191 crucis
1216 4140 1536 4208 pereuntibus
1561 4141 1766 4210 quidem

237 4230 457 4285 stultitia
485 4242 555 4284 est
578 4248 597 4294 ;
622 4230 685 4285 iis
715 4246 831 4285 vero
855 4232 943 4301 qui
962 4232 1089 4285 salvi
1119 4233 1269 4301 ﬁunt,
1293 4233 1457 4301 nobis,
1483 4237 1639 4289 virtus
1671 4236 1766 4291 Dei

238 4331 333 4375 est.
375 4320 463 4375 19.
498 4320 757 4388 Scriptum
787 4332 859 4375 est
890 4324 1053 4383 enim,
1088 4321 1309 4375 Perdant
1338 4326 1764 4391 sapientiam‘sa-

240 4412 489 4481 pientium
509 4454 524 4475 ,
556 4422 601 4464 et
634 4412 955 4481 prudentiam
982 4414 1305 4483 prudentium
1331 4416 1628 4484 reprobabo.
1666 4417 1764 4471 Ubi

238 4506 446 4574 sapiens
467 4496 501 4558 ἵ
518 4504 601 4558 ubi
621 4506 785 4559 scriba
802 4507 828 4559 ?
851 4504 941 4561 20.
974 4508 1058 4560 ubi
1080 4508 1347 4577 inquisitor
1375 4510 1547 4563 seculi
1576 4512 1726 4580 hujus
1741 4512 1768 4566 1’

247 4599 295 4650 Ι.
346 4596 736 4654 Laborantibus
778 4608 834 4654 et
871 4600 1050 4656 animo
1088 4599 1270 4655 fractis
1310 4601 1473 4655 etiam
1518 4604 1764 4659 salubres

168 4690 275 4744 cibi
302 4690 554 4744 insuaves
582 4699 728 4757 sunt,
758 4690 913 4745 amici
938 4700 993 4746 et
1019 4693 1304 4747 necessarii
1337 4694 1644 4759 importuni,
1673 4712 1767 4750 ne-

169 4795 273 4849 que
315 4794 463 4849 saepe
504 4789 916 4850 cognoscuntur,
954 4796 1017 4836 ac
1043 4782 1291 4837 videntur
1340 4783 1541 4840 inferre
1590 4786 1762 4842 mole-

169 4870 351 4922 stiam.
394 4870 484 4925 Sic
517 4886 730 4942 quoque
754 4872 895 4927 solet
917 4872 1163 4927 accidere
1190 4872 1255 4927 iis
1282 4874 1370 4944 qui
1399 4875 1606 4930 animas
1644 4892 1765 4946 per-

169 4958 307 5013 dunt
336 4976 353 5012 ε
378 4977 497 5014 nam
529 4978 649 5031 quae
674 4962 741 5017 ad
776 4963 1001 5018 salutem
1031 4962 1232 5019 ducunt
1256 4965 1537 5033 ignorant,
1565 4976 1619 5022 et
1645 4967 1764 5023 illos

170 5054 261 5121 qui
290 5053 529 5124 ipsorum
558 5071 741 5110 curam
763 5065 958 5128 gerunt
982 5056 1237 5113 molestos
1261 5073 1382 5114 esse
1410 5070 1620 5130 putant.
1653 5063 1763 5118 lloc

171 5154 352 5198 autem
402 5144 479 5209 llt,
511 5160 617 5200 non
662 5162 728 5201 ex
769 5148 882 5216 ipsa
926 5148 1005 5203 rei
1049 5160 1261 5216 natura,
1304 5151 1398 5206 sed
1443 5168 1509 5207 ex
1552 5152 1763 5208 illorum

170 5235 382 5291 morbo.
416 5234 487 5289 Et
511 5236 653 5306 quod
677 5237 848 5293 insani
879 5237 1099 5305 faciunt,
1123 5256 1245 5296 cum
1269 5241 1388 5297 illos
1412 5242 1539 5298 odio
1566 5243 1766 5299 habent

168 5326 261 5397 qui
304 5327 542 5396 ipsorum
584 5342 767 5383 curam
806 5339 1022 5400 gerunt,
1060 5330 1287 5401 illosque
1314 5332 1571 5389 conviciis
1597 5334 1765 5404 impe-

170 5427 332 5473 tunt:
366 5419 467 5473 hoc
496 5434 711 5489 quoque
746 5419 946 5476 faciunt
970 5421 1236 5479 infideles.
1267 5421 1373 5478 Sed
1405 5423 1763 5494 quemadmo-

167 5508 297 5564 dum
344 5510 397 5565 in
440 5510 548 5568 illis
584 5511 676 5582 qui
716 5513 971 5568 conviciis
1011 5514 1339 5583 impetuntur
1382 5526 1491 5570 tum
1534 5517 1764 5573 maxime

169 5614 357 5656 eorum
384 5602 710 5659 miserentur
734 5612 790 5659 ct
816 5603 1197 5675 lacrymantur,
1225 5590 1407 5678 utpote
1428 5610 1516 5680 qui
1546 5609 1646 5665 hoc
1672 5625 1764 5664 ex-

173 5698 400 5749 tremum
428 5709 551 5753 esse
578 5694 913 5767 egritudinis
956 5697 1213 5755 indicium
1255 5709 1477 5772 putent,
1510 5700 1652 5774 quod
1685 5701 1763 5760 illi

1875 4140 2227 4196 amicissimos
2265 4141 2365 4195 sibi
2407 4156 2512 4195 non
2556 4153 2780 4198 noscant
2806 4162 2819 4198 :
2848 4145 2920 4200 ita
2946 4155 3000 4201 et
3025 4163 3124 4203 nos
3149 4148 3290 4204 circa
3312 4150 3463 4207 Gras-

1872 4224 1964 4288 cos
1991 4232 2269 4297 faciamus,
2308 4243 2363 4287 et
2400 4238 2568 4303 magis
2608 4251 2764 4304 quam
2813 4247 3033 4307 propter
3074 4256 3269 4297 uxores
3311 4243 3457 4301 circa

1871 4326 1991 4379 illos
2036 4325 2314 4395 ejulemns,
2358 4326 2481 4395 quia
2530 4342 2867 4382 communem
2914 4329 3163 4400 ignorant
3207 4333 3455 4392 salutem.

1870 4417 1986 4473 Non
2015 4418 2159 4473 enim
2187 4418 2258 4472 ita
2288 4418 2370 4473 vir
2394 4433 2613 4472 uxorem
2636 4419 2795 4474 debet
2817 4436 3001 4477 amare
3021 4465 3037 4487 ,
3067 4434 3123 4477 ut
3151 4438 3249 4479 nos
3282 4425 3458 4482 homi-

1871 4526 1968 4564 nes
1988 4525 2199 4577 omnes,
2233 4512 2460 4581 illosque
2485 4512 2550 4566 ad
2577 4512 2802 4568 salutem
2834 4515 3109 4571 attrahere
3127 4559 3142 4584 ,
3172 4519 3285 4575 sive
3310 4518 3471 4575 Crte?

1869 4620 1964 4659 cus
1990 4605 2079 4671 sit,
2109 4606 2221 4661 sive
2247 4604 2487 4674 quisquis
2511 4605 2665 4659 alius.
2682 4605 2981 4675 Lugeamus
3009 4624 3137 4679 ergo
3165 4610 3308 4677 illos,
3334 4614 3460 4683 quia

1870 4700 2089 4755 verbum
2114 4699 2289 4753 crucis
2316 4698 2539 4752 stultitia
2569 4699 2698 4767 ipsis
2728 4709 2830 4767 est,
2858 4716 2980 4755 cum
3004 4703 3177 4771 ipsum
3198 4706 3458 4774 sapientia

1870 4800 1924 4844 et
1952 4790 2119 4843 virtus
2144 4789 2213 4842 sit
2239 4806 2251 4842 :
2276 4803 2398 4842 nam
2437 4786 2652 4843 Verbum
2678 4792 2841 4847 crucis
2872 4794 3194 4861 pereuntibus
3213 4836 3229 4861 ,
3256 4795 3459 4867 inquit,

1868 4883 2083 4937 stultitia
2112 4891 2205 4939 est.
2235 4883 2368 4948 Quia
2400 4884 2542 4937 enim
2570 4884 2861 4940 verisimile
2891 4893 2974 4940 est
3004 4886 3143 4954 illos,
3174 4902 3295 4944 cum
3325 4905 3459 4949 crux

1869 4991 1898 5030 a
1927 4975 2129 5031 Grzecis
2148 4974 2490 5039 irrideretur,
2515 4975 2563 5029 ei
2591 4991 2706 5045 quae
2731 4976 2871 5045 apud
2901 4977 3020 5031 illos
3048 4977 3343 5036 habebatur
3368 4998 3460 5037 sa-

1871 5066 2065 5136 pientia
2090 5066 2361 5120 obstitisse
2388 5075 2442 5121 et
2469 5065 2778 5121 Graecorum
2802 5066 2979 5134 dictis,
3004 5070 3288 5127 consolans
3312 5071 3461 5143 ipsos

1871 5159 2065 5215 Paulus
2094 5161 2260 5215 dicit:
2289 5160 2367 5218 Ne
2399 5164 2594 5232 putetis
2634 5180 2747 5218 rem
2788 5180 2908 5220 esse
2952 5166 3219 5222 insolitam
3251 5183 3315 5225 ac
3339 5179 3457 5225 stu—

1871 5251 2120 5320 pendam.
2165 5251 2313 5308 Hauc
2354 5268 2441 5309 res
2481 5254 2667 5309 istha~c
2697 5254 2861 5310 habet
2890 5266 3159 5322 naturam,
3189 5267 3304 5313 uta
3332 5276 3456 5330 per.

1870 5342 2119 5396 euntibus
2145 5343 2313 5397 virtus
2338 5344 2455 5413 ejus
2478 5361 2581 5398 non
2603 5355 2959 5415 cognoscatur
2986 5365 3000 5401 :
3029 5358 3206 5402 mente
3230 5366 3458 5422 namque

1870 5446 1899 5485 c
1919 5433 2008 5501 tpli
2036 5443 2159 5487 sunt
2184 5449 2248 5487 ac
2276 5434 2565 5505 desipiunt.
2602 5435 2725 5490 ldeo
2751 5437 2994 5492 convicia
3020 5439 3269 5501 ell'erunt,
3296 5450 3459 5497 et

1872 5522 2057 5576 lutaria
2090 5523 2374 5594 pharmaca
2403 5526 2627 5581 moleste
2669 5527 2864 5582 ferunt.
2905 5528 3047 5597 Quid
3070 5545 3198 5583 vero
3223 5532 3389 5596 dicis,
3424 5549 3458 5586 o

1873 5613 2067 5668 homo?
2111 5614 2309 5670 Servus
2358 5627 2577 5686 propter
2616 5629 2666 5673 te
2704 5618 2953 5675 Christus
2994 5620 3166 5676 factus
3198 5631 3303 5687 est,
3344 5622 3457 5679 for-

1872 5720 2014 5760 mam
2042 5706 2182 5762 servi
2211 5708 2501 5779 accipiens,
2530 5708 2817 5768 cruciﬁxus
2842 5721 2928 5769 est
2952 5721 3006 5771 et
3035 5714 3328 5772 resurrexit
3356 5731 3371 5770 :
3401 5723 3459 5777 et
