4096 6326
642 367 707 424 Μ
1374 362 1432 419 S.
1467 361 1744 420 JOANNIS
1778 362 2248 421 CllRYSOSTOMl
2288 364 2600 423 ARCIIIEP.
2638 368 3170 433 CONS'I‘AN'I‘INOP.
3843 388 3906 441 32

638 491 763 533 cum
801 486 1075 545 oporteret
1112 474 1260 530 illum
1304 478 1674 532 resuscitatum
1718 476 1839 531 ideo
1881 480 2125 544 adorare,
2167 485 2223 532 et

638 568 759 637 ejus
787 562 1164 637 benignitatem
1187 566 1473 629 admirari;
1511 567 1632 638 quia
1656 584 1777 637 qua:
1812 584 1909 623 nec
1947 576 2098 638 pater
2124 584 2223 625 nec

639 663 845 717 amicus
888 677 987 716 nec
1025 662 1164 715 filius
1197 676 1294 731 pro
1331 668 1383 716 te
1422 659 1568 728 fecit,
1600 661 1712 716 ham
1750 662 1931 716 omnia
1967 658 2223 717 Dominus

638 763 892 822 operatus
918 762 1004 808 est
1026 762 1248 822 propter
1276 763 1327 807 te
1356 752 1628 808 inimicum
1651 796 1664 819 ,
1696 755 1785 823 qui
1813 754 1960 808 illum
1984 752 2223 809 oll‘ende-

638 861 729 900 ras
757 863 771 899 :
796 860 918 900 cum
942 856 1216 916 oporteret
1237 861 1365 916 ergo
1392 846 1539 902 illum
1562 856 1842 917 propterea
1865 847 2136 911 admirari,
2166 858 2223 903 ut

638 951 751 990 rem
783 946 926 993 tanta
950 937 1212 1007 sapientia
1240 938 1475 1007 plenam,
1504 939 1781 993 stultitiam
1807 939 2083 1021 appellas?
2112 940 2218 995 Sed

634 1026 769 1082 nihil
804 1029 998 1083 mirum
1022 1047 1037 1085 :
1067 1044 1187 1083 nam
1217 1030 1551 1099 pereuntium
1572 1039 1653 1086 est
1680 1045 1784 1086 non
1810 1045 2102 1102 agnoscere
2131 1048 2215 1099 ea,

633 1134 755 1187 qua:
780 1118 846 1173 ad
874 1120 1101 1175 salutem
1128 1120 1350 1174 ducunt.

713 1210 1013 1265 Rarior-inii}
1041 1227 1099 1265 ea
1135 1227 1251 1282 qua
1272 1212 1391 1281 fidei
1430 1221 1545 1265 sunt
1570 1228 1705 1282 sape
1728 1210 2117 1285 labefactatum.
2144 1243 2218 1254 ~—

630 1298 707 1355 Ne
737 1301 1026 1356 turbemini
1067 1302 1265 1371 igitur:
1297 1316 1404 1357 non
1434 1304 1578 1358 enim
1621 1318 1817 1358 novum
1849 1318 2022 1375 neque
2063 1304 2217 1358 inex-

628 1401 929 1462 spectatum
973 1400 1058 1447 est
1102 1392 1252 1459 illud,
1301 1394 1445 1464 quod
1494 1410 1687 1465 nempe
1739 1411 1772 1450 a
1822 1394 2215 1465 desipientibus

628 1496 821 1552 magna
848 1482 1213 1539 derideantur.
1264 1483 1392 1540 illos
1439 1499 1568 1541 vero
1593 1485 1685 1555 qui
1728 1485 1809 1542 sic
1844 1485 2021 1541 all‘ecti
2065 1496 2210 1549 sunt,

632 1589 728 1641 per
758 1574 1045 1630 humanam
1071 1575 1389 1646 sapientiam
1418 1576 1743 1647 persuadere
1770 1592 1877 1632 non
1904 1577 2033 1632 licet
2061 1594 2077 1631 :
2104 1578 2213 1631 imo

628 1664 674 1715 si
702 1664 772 1717 ita
801 1664 1129 1735 persuadere
1160 1666 1415 1734 volueris,
1460 1667 1790 1722 contrarium
1832 1666 2001 1721 efficis
2036 1683 2049 1718 :
2082 1680 2207 1721 nam

623 1766 711 1818 ea,
739 1768 860 1821 qua:
904 1754 1169 1810 rationem
1216 1763 1494 1825 superant,
1536 1755 1654 1810 sola
1687 1755 1791 1810 llde
1819 1769 1957 1825 opus
1984 1755 2201 1811 habent.

627 1842 837 1897 Etenim
854 1844 900 1899 si
923 1845 1214 1899 ratiociniis
1232 1844 1554 1913 persuadere
1571 1845 1916 1911 voluerimus,
1940 1846 2211 1917 quomodo

624 1933 765 1989 Deus
789 1933 960 1989 factus
1004 1937 1076 1991 sit
1102 1936 1285 2002 homo,
1331 1945 1387 1993 et
1437 1938 1489 1992 in
1519 1938 1731 1992 vulvam
1760 1938 2079 2008 virginalem
2124 1940 2209 1994 in-

620 2037 837 2091 gressus
865 2024 969 2090 sit;
1016 2034 1073 2079 et
1101 2025 1148 2081 si
1185 2042 1299 2079 rem
1328 2025 1451 2081 lidei
1480 2039 1586 2081 non
1614 2027 2006 2095 permittamus,
2038 2029 2209 2099 magis

622 2110 923 2167 irridebunt
961 2113 1059 2167 illi.
1106 2114 1248 2184 Ergo
1276 2116 1366 2185 qui
1400 2116 1694 2171 ratiociniis
1738 2116 1790 2171 id
1821 2128 2089 2187 quterunt,
2133 2119 2207 2173 illi

621 2214 746 2258 sunt
774 2206 865 2272 qui
896 2215 1141 2273 pereunt.
1175 2206 1378 2276 Ecquid
1402 2207 1523 2261 dico
1550 2206 1619 2262 de
1645 2206 1792 2261 Deo?
1818 2208 1950 2261 Nam
1990 2210 2034 2263 si
2061 2210 2204 2264 circa

616 2306 893 2350 creaturas
938 2295 1042 2350 hoc
1069 2296 1345 2363 faciamus,
1394 2298 1594 2352 multus
1621 2307 1882 2367 sequetur
1922 2299 2082 2355 risus.
2125 2299 2207 2355 Sit

616 2386 760 2440 enim
790 2385 974 2453 homo,
1015 2388 1106 2456 qui
1138 2387 1267 2442 velit
1293 2390 1474 2443 omnia
1513 2389 1809 2445 ratiociniis
1849 2390 2111 2454 ediscere.
2148 2402 2204 2447 et

621 2484 795 2530 tentet
823 2484 910 2531 tua
938 2477 1247 2545 persuaderi
1278 2478 1508 2545 ratione,
1546 2481 1816 2549 quomodo
1844 2481 2018 2535 lucem
2061 2483 2202 2552 aspi-

618 2567 859 2631 ciamus;
892 2576 947 2620 tu
974 2578 1151 2622 autem
1198 2569 1476 2623 ratiocinio
1516 2569 1592 2624 illi
1618 2570 1942 2640 persuadere
1981 2587 2197 2628 conare.

618 2654 726 2709 Sed
749 2670 855 2710 non
889 2658 1090 2726 poteris
1119 2675 1133 2712 :
1165 2659 1208 2711 si
1236 2660 1379 2713 enim
1408 2660 1631 2728 dixeris,
1654 2662 1795 2730 quod
1823 2661 2054 2717 sufﬁciat
2076 2679 2204 2719 ocn-

614 2746 697 2802 los
736 2749 949 2817 aperire
991 2750 1059 2804 ad
1104 2751 1416 2818 videndum,
1458 2763 1566 2807 non
1608 2756 1824 2809 modum
1859 2756 2065 2825 dixisti,
2106 2758 2201 2813 sed

614 2838 759 2907 quod
788 2838 901 2893 fieri
932 2840 1090 2895 solet.
1117 2841 1228 2895 Cur
1255 2844 1401 2896 enim
1429 2857 1535 2897 non
1563 2844 1783 2899 auribus
1818 2846 2083 2911 videmus,
2112 2847 2197 2902 in-

614 2929 784 2998 quiet,
813 2943 915 2983 nec
953 2930 1123 2984 oculis
1152 2931 1436 2987 audimus?
1478 2946 1576 2987 cur
1617 2947 1723 2988 non
1768 2948 1900 2990 naso
1927 2935 2197 3005 audimus,

612 3033 714 3072 nec
756 3019 976 3073 auribus
1013 3019 1335 3075 olfacimus?
1360 3020 1416 3077 Si
1460 3039 1592 3092 ergo
1628 3023 1719 3078 illo
1753 3038 1816 3079 ea
1845 3025 1914 3081 de
1959 3042 2019 3081 re
2049 3044 2199 3098 qua:-

614 3116 787 3174 rente,
828 3122 933 3162 non
971 3123 1256 3178 possumus
1308 3110 1498 3165 borum
1539 3113 1802 3168 rationem
1848 3115 2097 3183 reddere,
2144 3127 2201 3174 et

611 3198 701 3253 ille
725 3198 917 3264 rideat,
935 3214 1111 3254 annon
1140 3202 1308 3271 magis
1332 3218 1429 3257 nos
1461 3204 1793 3261 ridebimus?
1814 3207 1944 3263 Nam
1970 3210 2015 3264 si
2037 3213 2198 3266 ambo

611 3304 678 3343 ex
737 3288 929 3344 eodem
982 3291 1208 3345 cerebro
1262 3294 1577 3363 principium
1638 3297 1875 3366 habent,
1933 3301 2198 3371 amboque

615 3377 858 3431 membra
899 3379 1068 3434 vicina
1107 3389 1249 3447 sunt,
1277 3384 1547 3451 quomodo
1584 3400 1689 3439 non
1716 3388 1904 3443 eadem
1933 3390 2045 3459 ipsa
2075 3406 2198 3461 pos-

610 3477 737 3521 sunt
756 3468 967 3524 facere?
988 3470 1096 3525 Sed
1120 3486 1226 3527 non
1249 3476 1542 3541 poterimus
1558 3491 1773 3532 causam
1796 3479 1995 3541 dicere.
2020 3497 2195 3552 neque

611 3557 825 3611 modum
855 3558 1135 3615 ineffabilia
1170 3570 1224 3615 et
1254 3563 1415 3618 varia:
1453 3567 1820 3634 operationis;
1852 3579 1908 3625 et
1942 3572 1988 3624 si
2020 3582 2194 3629 tente-

611 3663 762 3713 tnus,
814 3648 1174 3707 irridebitnur.
1220 3651 1344 3708 ideo
1395 3653 1486 3710 Dei
1534 3658 1783 3725 polentia:
1824 3671 1878 3716 et
1916 3661 2198 3720 immensae

610 3742 884 3811 sapientia:
926 3744 1200 3810 cedentes,
1235 3755 1527 3802 taceamus.
1562 3750 1638 3805 Ita
1682 3766 1813 3822 ergo
1859 3755 1905 3808 si
1947 3770 2034 3821 ea,
2075 3771 2195 3827 quae

612 3831 704 3887 Dei
726 3842 867 3898 sttnl,
893 3848 986 3903 per
1003 3845 1278 3889 externam
1307 3838 1621 3906 sapientiam
1638 3840 1909 3907 explicare
1939 3844 2192 3913 velimus,

608 3924 810 3979 inultus
834 3936 1089 3994 sequetur
1117 3927 1278 3992 risus,
1307 3944 1411 3981 non
1447 3940 1663 3999 pr0pter
1702 3946 1879 3985 rerum
1908 3932 2196 3990 imbecilli-

609 4024 795 4083 tatem,
836 4016 932 4071 scd
982 4029 1199 4087 propter
1241 4019 1517 4075 hominum
1568 4024 1873 4077 amentiam.
1904 4026 2013 4081 Res
2050 4027 2193 4083 enim

607 4123 827 4177 magnas
853 4108 1033 4164 nullus
1065 4124 1245 4164 sermo
1281 4123 1456 4180 potest
1482 4114 1779 4182 explicare.
1810 4116 2061 4173 Animum
2091 4136 2191 4175 au-

609 4210 713 4253 tem
770 4199 1001 4255 adhibe:
1034 4215 1156 4255 cum
1201 4204 1420 4268 dixero,
1466 4204 1764 4263 Cruciﬂxus
1810 4219 1923 4277 est,
1973 4210 2193 4268 Graecus

554 4310 559 4311 ί
606 4289 778 4344 dicit:
813 4292 877 4345 Et
910 4293 1181 4361 quomodo
1224 4294 1327 4349 hoc
1368 4296 1559 4350 rationi
1611 4308 2031 4357 consentaneum
2072 4305 2192 4359 est?

603 4382 707 4436 sibi
752 4399 858 4438 non
877 4382 1042 4453 opem
1080 4386 1197 4441 tulit
1228 4402 1348 4443 cum
1379 4390 1783 4460 crucifigeretur
1809 4403 1865 4449 et
1895 4404 2191 4453 tentaretur

606 4484 848 4545 tempore
890 4475 1103 4542 crucis;
1146 4487 1201 4534 et
1226 4480 1495 4549 quomodo
1537 4490 1721 4551 postea
1767 4487 2094 4554 resurrexit,
2135 4499 2191 4545 et

603 4567 725 4623 aliis
767 4583 925 4638 opem
975 4569 1130 4624 tulit?
1178 4587 1300 4625 nam
1351 4573 1397 4627 si
1446 4582 1691 4643 poterat,
1740 4578 2020 4646 oportebat
2066 4594 2190 4639 ante

603 4666 828 4712 mortem
876 4674 1036 4729 agere
1081 4660 1230 4726 (nam
1266 4661 1369 4717 hoc
1408 4679 1622 4733 queque
1669 4665 1920 4721 dicebant
1948 4668 2184 4743 Judzei):

601 4748 695 4817 qui
731 4759 907 4804 autem
952 4750 1057 4806 sibi
1098 4752 1199 4821 ipsi
1231 4768 1387 4823 opem
1441 4770 1545 4808 non
1580 4756 1719 4824 tulit,
1762 4761 2037 4828 quomodo
2065 4763 2187 4820 aliis

604 4839 878 4898 tuli1?non
896 4842 1115 4906 esthoc,
1136 4842 1329 4913 inquit,
1350 4844 1541 4897 rationi
1562 4855 2001 4904 consentaneum.
2024 4852 2182 4907 Jure:

566 4954 569 4955 ν
601 4938 686 4984 est
708 4930 853 4985 enim
883 4947 1035 4998 crux,
1068 4947 1102 4986 o
1131 4932 1313 4999 homo,
1346 4948 1507 5004 supra
1538 4935 1798 4993 rationem
1819 4947 1872 4993 et
1900 4939 2185 5000 incliabilis

600 5021 831 5076 virtutis.
863 5021 994 5076 Nam
1021 5023 1073 5077 in
1105 5023 1260 5079 malis
1287 5026 1540 5096 gravibus
1562 5029 1933 5099 constitutum,
1974 5032 2039 5088 iis
2066 5051 2183 5089 ma-

600 5114 668 5169 lis
692 5114 1025 5183 superiorem
1049 5131 1329 5187 apparere,
1372 5127 1427 5174 et
1454 5118 1532 5173 sic
1572 5134 1919 5191 congressum
1944 5125 2179 5191 vincere,

598 5203 877 5260 immensa:
914 5206 1128 5263 virtutis
1162 5218 1266 5263 est.
1298 5208 1369 5264 Ut
1394 5212 1538 5265 enim
1564 5211 1618 5265 iu
1664 5212 1832 5268 tribus
1863 5216 2059 5285 pueris,
2101 5219 2184 5273 in-

598 5309 813 5362 gressos
836 5293 890 5348 in
917 5294 1189 5353 fornacem
1220 5302 1564 5356 conculcasse
1586 5301 1857 5358 ﬂammam
1884 5306 2181 5365 mirabilius

598 5393 734 5443 erat.
762 5401 922 5456 quam
972 5387 1019 5442 si
1064 5388 1294 5460 ingressi
1323 5408 1427 5446 non
1459 5392 1723 5462 fuissent;
1767 5406 1821 5452 et
1863 5397 1916 5452 in
1940 5398 2093 5467 Jona,
2124 5402 2179 5457 iu

596 5487 775 5531 cetum
805 5477 1131 5536 incidentem
1163 5497 1192 5535 a
1234 5481 1407 5537 bellua
1439 5483 1572 5538 nihil
1604 5501 1820 5555 passum
1864 5504 1985 5545 esse
2011 5493 2179 5549 multo

598 5567 771 5636 majus
798 5578 934 5635 erat,
965 5585 1127 5641 quam
1150 5571 1197 5627 si
1224 5588 1328 5627 non
1358 5574 1635 5630 incidisset
1658 5593 1673 5633 :
1702 5579 1781 5633 sic
1805 5588 1859 5633 et
1884 5580 1936 5635 in
1961 5582 2179 5640 Christo

598 5657 753 5729 longe
770 5660 1067 5718 mirabilius
1082 5661 1182 5718 fuit
1196 5674 1465 5720 mortuum
1497 5667 1723 5739 solvisse
1748 5680 1997 5740 mortem,
2016 5690 2176 5743 quam

594 5749 645 5805 si
672 5762 914 5811 mortuus
938 5770 1047 5813 non
1072 5755 1282 5815 fuisset.
1314 5757 1387 5816 Ne
1406 5758 1557 5818 dicas
1577 5774 1730 5834 ergo,
1762 5764 1877 5827 Cur
1894 5766 1995 5826 sibi
2020 5784 2178 5839 opem

3613 541 3643 571 δ

2328 569 2437 623 bat.
2468 568 2583 623 Non
2612 570 2893 629 descendit
2933 577 3000 633 de
3039 594 3219 649 cruce,
3266 600 3370 639 non
3396 589 3538 657 quod
3571 568 3674 645 non
3704 610 3899 667 posset,

2328 660 2423 714 sed
2448 661 2587 729 quod
2612 664 2795 718 nollet.
2823 666 2957 722 Eum
2979 672 3121 726 enim
3146 690 3301 743 quem
3333 680 3517 739 mortis
3543 660 3782 753 tyrannis
3808 660 3902 745 de;

2329 752 2500 807 tinere
2546 768 2650 808 non
2697 757 2895 825 potuit,
2942 768 3212 831 quomodo
3261 769 3399 825 clavi
3441 773 3615 828 crucis
3657 776 3900 836 detinere

2328 844 2627 913 potuissent
2647 847 2671 902 ἵ

2396 938 2452 991 2.
2495 938 2602 993 Sed
2640 940 2753 996 haec
2776 943 2931 998 nobis
2958 956 3078 1001 nota
3104 962 3247 1017 sunt,
3276 954 3583 1013 infidelibus
3615 976 3720 1015 non
3752 962 3900 1017 item.

2329 1026 2457 1082 Ideo
2491 1028 2721 1099 dicebat,
2766 1034 2987 1089 verbum
3031 1041 3208 1096 cruris
3243 1048 3592 1111 pereuntibus
3623 1052 3902 1108 stultitiam

2323 1132 2464 1184 esse,
2496 1120 2653 1175 nobis
2681 1132 2858 1178 autem
2885 1126 3110 1183 Salutem
3135 1138 3611 1205 consequentibus,
3648 1142 3901 1198 virtutem

2323 1221 2446 1263 esse
2470 1208 2583 1264 Dei.
2619 1210 2878 1283 Scriptum
2913 1227 2986 1269 est
3010 1219 3143 1273 enim
3173 1236 3191 1273 :
3218 1220 3441 1280 Perdant
3478 1232 3791 1299 sapientiam
3816 1251 3904 1286 sa-

2322 1298 2589 1367 pientium,
2632 1311 2681 1355 et
2718 1304 3039 1372 prudentiam
3069 1311 3391 1381 prudentium
3420 1298 3718 1388 reprobalro.
3761 1323 3904 1379 Nihil

2321 1401 2483 1479 grave
2510 1390 2768 1448 hactenus
2793 1397 2992 1464 posuit,
3020 1400 3114 1455 sed
3145 1401 3319 1469 primo
3340 1406 3407 1460 ad
3436 1410 3726 1479 Scriptura:
3752 1415 3904 1470 ιεειί·

2320 1478 2560 1533 monium
2590 1483 2754 1550 venit,
2782 1493 2838 1538 et
2870 1495 2996 1544 tunc
3026 1489 3215 1547 fiducia
3246 1492 3370 1549 inde
3410 1478 3703 1571 assumpta,
3735 1505 3904 1561 vehe-

2320 1570 2581 1626 mentiore
2608 1574 2775 1630 utitur
2799 1592 3072 1647 sermone,
3105 1593 3159 1639 et
3195 1586 3268 1639 ait
3294 1602 3307 1638 :
3343 1586 3529 1643 Nonne
3552 1570 3761 1647 stultam
3784 1600 3906 1655 fecit

2318 1658 2455 1713 Deus
2482 1662 2782 1731 sapientiam
2801 1668 2955 1739 hujus
2982 1674 3197 1729 mundi?
3218 1676 3301 1730 ubi
3318 1679 3558 1748 sapiens?
3582 1682 3672 1736 ubi
3695 1688 3862 1739 scriba
3880 1689 3905 1740 .’

2316 1750 2400 1804 ubi
2416 1754 2725 1821 conquisitor
2735 1758 2887 1829 hujus
2904 1763 3077 1815 stcculi
3089 1764 3114 1815 ?
3127 1780 3293 1819 nonne
3308 1770 3513 1823 stultam
3529 1774 3647 1841 fecit
3663 1775 3797 1829 Deus
3812 1793 3903 1830 sa-

2316 1840 2557 1907 pientiam
2570 1844 2723 1913 hujus
2737 1850 2949 1903 mundi?
2963 1851 3025 1905 2i
3039 1891 3049 1905 .
3072 1852 3209 1907 Nam
3224 1857 3341 1925 quia
3357 1860 3408 1911 in
3426 1840 3674 1930 sapientia
3692 1864 3784 1918 Dei
3800 1884 3905 1922 non

2315 1933 2544 1998 cognovit
2573 1936 2792 1990 mundus
2816 1955 2907 2007 per
2926 1941 3224 2011 sapientia»:
3247 1945 3432 2015 Deum,
3461 1951 3653 2019 placuit
3677 1954 3783 2008 Dea
3815 1975 3904 2025 per

2314 2023 2581 2077 stultitiam
2624 2029 2999 2094 prtedicationis
3043 2034 3211 2089 salvos
3234 2042 3403 2107 facere
3447 2045 3721 2099 credentes.
3764 2023 3903 2104 Cinu

2314 2109 2555 2180 dixisset,
2585 2114 2844 2187 Scriptum
2869 2131 2964 2188 est,
2993 2122 3213 2178 Perdant
3239 2130 3539 2196 sapientiam
3570 2138 3899 2205 sapientium,

2315 2214 2380 2253 ex
2415 2202 2576 2256 rebus
2605 2206 3115 2267 demonstrationem
3153 2214 3377 2284 inducit,
3423 2202 3654 2301 dicens
3683 2224 3780 2280 Ubi
3811 2202 3901 2282 sa;

2312 2291 2494 2358 piens?
2519 2293 2605 2347 ubi
2651 2298 2857 2353 scriba?
2894 2300 3055 2357 simul
3096 2314 3151 2360 et
3178 2305 3395 2364 Judteos
3438 2323 3490 2366 ct
3524 2291 3742 2371 Graecos
3774 2336 3901 2386 pcr-

2309 2380 2598 2452 stringens.
2621 2385 2752 2453 Quis
2781 2389 2924 2444 enim
2964 2392 3334 2466 philosophus,
3367 2400 3485 2469 quis
3514 2418 3700 2460 eorum
3723 2410 3817 2477 qui
3846 2412 3903 2465 in

2307 2472 2630 2542 syllogismis
2658 2481 2857 2533 versati
2881 2493 3030 2550 sunt,
3061 2486 3182 2554 quis
3226 2504 3289 2543 ex
3338 2491 3404 2546 iis
3430 2495 3521 2562 qui
3546 2497 3766 2553 Judaica
3796 2518 3900 2557 no-

2308 2573 2452 2629 runt,
2499 2565 2724 2622 salutem
2750 2569 2900 2625 dedit
2927 2583 2982 2629 et
3006 2576 3286 2633 veritatem
3314 2580 3761 2653 docuit?Nemo;
3802 2594 3903 2647 sed

2310 2662 2476 2709 totum
2503 2658 2825 2741 piscatorum
2858 2664 2976 2718 fuit.
3006 2667 3139 2722 Cum
3169 2676 3499 2740 propositum
3520 2694 3648 2749 ergo
3678 2687 3902 2738 conclu-

2305 2748 2483 2814 sisset,
2530 2750 2849 2823 illorumque
2894 2756 3090 2811 fastum
3126 2761 3503 2834 depressisset,
3536 2748 3600 2825 ac
3624 2771 3850 2831 dixisset
3882 2795 3899 2833 :

2304 2836 2495 2894 Nonne
2524 2840 2803 2899 infatuavit
2834 2846 2977 2902 Deus
3002 2850 3321 2919 sapientiam
3348 2854 3507 2925 hujus
3534 2862 3759 2917 mundi?
3777 2881 3905 2921 cau-

2302 2942 2421 2983 sam
2443 2932 2605 2985 etiam
2626 2932 2757 2989 dicit
2781 2946 2997 3007 propter
3018 2955 3176 3009 quam
3199 2942 3314 2998 haec
3334 2946 3404 3000 ita
3428 2947 3564 3005 facta
3586 2964 3731 3009 sunt.
3753 2957 3899 3024 Quia

2305 3020 2449 3075 enim
2479 3020 2531 3076 in
2573 3025 2837 3093 sapientia
2866 3027 2981 3096 Dei,
3012 3028 3203 3100 inquit,
3234 3050 3341 3090 non
3380 3045 3630 3109 cognovit
3660 3020 3899 3106 mundus

2305 3126 2402 3179 per
2425 3114 2743 3184 sapientiam
2776 3118 2978 3184 Deum;
3007 3137 3136 3177 crux
3167 3129 3434 3195 apparuit.
3474 3131 3609 3199 Quid
3648 3135 3751 3191 sibi
3781 3140 3900 3194 vult

2302 3211 2507 3271 autem,
2564 3203 2632 3258 In
2686 3208 2939 3275 sapientia
2983 3210 3117 3267 Dei?
3145 3212 3203 3267 In
3242 3232 3302 3270 ea
3346 3235 3466 3288 quae
3506 3228 3757 3293 apparuit
3797 3245 3900 3299 per

2302 3307 2488 3362 opera,
2520 3310 2614 3365 per
2641 3314 2760 3367 quae
2797 3303 3049 3371 cognosci
3091 3306 3273 3361 voluit.
3316 3309 3604 3382 Propterea
3646 3320 3791 3372 enim
3836 3334 3896 3377 et

2302 3386 2418 3443 haec
2446 3398 2502 3443 et
2526 3392 2723 3448 similia
2752 3397 3018 3465 probavit,
3063 3411 3118 3455 ut
3147 3406 3530 3463 convenienter
3575 3426 3640 3465 ex
3673 3413 3738 3468 iis
3766 3432 3897 3485 quae

2300 3491 2594 3536 cernuntur
2620 3483 2877 3542 Conditor
2923 3490 2976 3544 in
3023 3492 3379 3552 admiratione
3420 3499 3727 3558 haberetur.
3780 3483 3900 3561 bla-

2300 3583 2462 3637 gnum
2485 3583 2569 3627 est
2589 3575 2800 3643 cadum,
2820 3588 2873 3633 et
2899 3580 3157 3637 immensa
3188 3594 3327 3641 terra
3358 3606 3371 3643 :
3400 3590 3739 3649 Conditorem
3760 3613 3900 3668 ergo

2300 3660 2514 3716 mirare.
2558 3662 2691 3719 Nam
2719 3682 2971 3739 magnum
3010 3673 3113 3731 hoc
3152 3678 3337 3731 caelum
3384 3694 3491 3735 non
3536 3685 3696 3741 modo
3726 3689 3794 3742 ab
3824 3660 3897 3746 co

2300 3750 2520 3821 factum,
2555 3757 2649 3811 sed
2674 3758 2828 3815 facile
2848 3760 3043 3817 factum
3072 3777 3175 3834 est,
3196 3781 3251 3823 et
3276 3770 3536 3829 immensa
3566 3786 3704 3832 terra
3733 3786 3895 3850 quasi

2299 3845 2429 3899 nihil
2459 3848 2712 3916 producta
2746 3851 2866 3907 fuit.
2892 3855 3019 3911 Ideo
3059 3858 3128 3914 de
3157 3860 3251 3915 illo
3283 3863 3501 3933 quidem
3530 3867 3680 3933 dicit,
3716 3845 3896 3941 Opera

2300 3936 2575 4007 digitorum
2616 3950 2816 3997 tuorum
2843 3955 2961 3999 sunt
2985 3949 3099 4001 εωιί
3134 3949 3307 4020 (Psal.
3341 3954 3463 4011 101.
3492 3956 3608 4026 26),
3637 3960 3706 4017 de
3744 3936 3896 4021 terra

2299 4036 2502 4093 autem,
2534 4029 2634 4096 Qui
2663 4040 2847 4086 terram
2874 4037 2991 4105 fecit
3017 4048 3273 4109 tamquam
3294 4043 3441 4098 nihil.
3474 4046 3607 4114 Quia
3634 4065 3765 4121 ergo
3789 4069 3895 4123 per

2305 4118 2441 4174 hanc
2467 4123 2783 4191 sapientiam
2810 4128 2982 4182 noluit
3008 4129 3174 4186 Deum
3200 4149 3549 4207 cognoscere,
3581 4157 3674 4211 per
3701 4118 3890 4202 stulti-

2300 4210 2447 4275 tiam,
2476 4228 2596 4283 qua:
2621 4231 2743 4273 esse
2764 4218 2994 4287 videtur,
3026 4223 3419 4289 praedicationis
3442 4210 3741 4302 persuasit;
3772 4254 3888 4295 non

2297 4318 2395 4372 per
2418 4306 2715 4377 ratiocinia,
2743 4311 2836 4365 sed
2866 4328 2962 4381 per
2982 4313 3162 4371 fidem.
3187 4318 3260 4373 De
3286 4330 3485 4377 cetero
3506 4325 3594 4381 ubi
3616 4333 3894 4399 sapientia

2300 4396 2395 4451 Dei
2421 4408 2523 4463 est,
2548 4400 2779 4456 humana
2807 4419 2913 4458 non
2938 4406 3072 4460 ultra
3098 4418 3181 4463 est
3207 4425 3362 4480 opus.
3380 4412 3512 4469 Nam
3533 4396 3715 4475 dicere
3733 4437 3886 4490 eum,

2296 4489 2381 4557 qui
2401 4489 2543 4544 hunc
2561 4502 2762 4547 tantum
2786 4496 3046 4553 mundum
3066 4502 3288 4569 creavit,
3304 4503 3471 4561 Deum
3490 4522 3613 4564 esse
3631 4526 3894 4582 oportere

2297 4579 2553 4637 immensa
2583 4592 2636 4637 et
2657 4584 2907 4641 itteﬂ'abili
2936 4588 3133 4646 virtute
3174 4593 3484 4665 praeditum,
3511 4579 3761 4658 humana:
3790 4622 3889 4660 sa-

2296 4670 2507 4739 pientiae
2534 4684 2651 4728 erat
2695 4676 2771 4730 sic
2802 4679 3129 4747 ratiocinari,
3171 4692 3227 4738 et
3255 4700 3348 4752 per
3375 4686 3495 4744 hazc
3533 4690 3684 4747 illum
3730 4710 3890 4751 com-

2295 4761 2668 4830 prehendere:
2700 4782 2843 4822 nunc
2890 4780 3069 4826 autem
3118 4789 3223 4828 non
3267 4776 3585 4849 ratiociniis,
3634 4784 3729 4839 sed
3771 4788 3888 4844 lide

2292 4853 2407 4907 sola
2448 4869 2585 4925 opus
2626 4865 2730 4912 est.
2770 4858 2905 4914 Nam
2951 4860 3003 4914 in
3044 4864 3359 4920 cruciﬁxum
3403 4881 3459 4925 et
3505 4873 3557 4925 in
3606 4876 3887 4944 sepultum

2292 4942 2534 5010 credere,
2583 4956 2639 5002 et
2686 4958 2891 5004 certum
2942 4950 3143 5009 habere
3188 4957 3435 5014 eumdem
3481 4942 3885 5030 ipsum'resur-

2292 5035 2495 5088 rexisse
2523 5051 2586 5090 ac
2612 5052 2844 5106 superne
2873 5041 3084 5108 sedere,
3121 5044 3172 5098 id
3197 5048 3457 5116 sapientia
3498 5065 3603 5107 non
3629 5067 3752 5126 eget
3779 5076 3884 5115 ne-

2290 5143 2393 5196 quc
2438 5128 2761 5198 ratiociniis,
2813 5133 2908 5188 sed
2954 5136 3078 5191 lide.
3121 5139 3367 5207 Apostoli
3412 5143 3559 5200 enim
3601 5163 3707 5203 non
3746 5166 3878 5208 cum

2289 5220 2547 5289 sapientia
2570 5222 2836 5291 prodiere,
2868 5226 2963 5281 sed
2987 5243 3109 5282 cum
3142 5230 3261 5294 lide,
3290 5231 3608 5306 fueruntque
3634 5247 3879 5301 externis

2287 5310 2617 5380 sapientibus
2645 5316 2999 5384 sapientiores
3024 5328 3079 5373 et
3105 5320 3467 5393 sublimiores,
3501 5338 3556 5382 et
3580 5338 3729 5384 tanto
3755 5349 3878 5389 ma-

2286 5403 2389 5472 gis,
2412 5415 2612 5474 quanto
2637 5407 2809 5476 majus
2838 5420 2919 5463 est
2941 5426 3001 5464 ea
3025 5426 3144 5481 qua:
3168 5414 3257 5469 Dei
3289 5429 3414 5472 sunt
3444 5419 3550 5475 fide
3567 5422 3871 5495 suscipere,

2285 5511 2445 5566 quam
2482 5498 2758 5553 ratiocinia
2790 5516 3009 5557 movere
3034 5520 3047 5555 :
3079 5504 3181 5560 hoc
3210 5508 3355 5561 enim
3385 5509 3673 5566 humanam
3700 5528 3875 5586 supe-

2286 5596 2369 5641 rat
2410 5602 2665 5645 mentem.
2710 5592 2992 5659 Quomodo
3027 5607 3206 5651 autem
3246 5599 3478 5667 perdidit
3503 5604 3820 5673 sapientiam
3843 5610 3874 5665 ἲ

2287 5679 2389 5734 Per
2416 5680 2634 5737 Paulum
2657 5694 2712 5739 ct
2738 5685 2943 5741 similes
2970 5687 3124 5743 nobis
3157 5690 3423 5760 cognitus,
3454 5694 3690 5751 ostendit
3712 5697 3869 5758 illam

2290 5770 2528 5829 inutilem
2574 5789 2712 5832 esse.
2766 5776 2845 5831 Ad
2891 5779 3281 5850 suscipiendam
3326 5784 3468 5840 enim
3498 5788 3867 5857 evangelium
