4082 6326
202 348 259 402 3!
1264 349 1330 405 IN
1362 349 1586 409 EPIST.
1632 352 1651 406 Ι
1679 349 1774 408 ΑΙ)
1809 347 1971 407 COB.
2011 350 2251 408 HOMIL.
2279 354 2370 411 IV.
3426 361 3501 416 52

263 464 363 537 κὴ
389 464 706 538 θορυϐεῖσθε
724 463 826 522 οὖν
846 485 862 499 ’
894 468 963 523 ού
997 468 1107 541 7&9
1130 468 1275 534 ξένον
1298 470 1421 524 οὐδὲ
1452 470 1605 540 παρά
1629 486 1803 542 προσ-

202 560 385 615 δοκίαν
410 558 473 613 τὸ
496 559 807 631 γινόμενον,
838 562 905 615 τὸ
937 560 1294 633 χλευάζεσθαι
1314 562 1385 615 τὰ
1410 562 1623 633 μεγάλα
1652 559 1805 631 παρά

199 650 309 704 τῶν
357 651 757 721 ἐξεστηκότων.
800 652 948 716 Τοὺς
985 652 1045 706 δὲ
1087 650 1231 706 οὕτω
1290 652 1673 724 διακειμένους
1717 650 1807 704 διὰ

202 742 390 809 σοφίας
421 742 778 816 ἀνθρωπίνης
816 744 1030 799 πείθειν
1067 745 1166 799 οὐκ
1206 744 1286 798 ένι
1312 762 1326 777 ⁸
1364 745 1521 808 ἀλλὰ,
1554 746 1660 799 κᾶν
1688 744 1812 815 βου-

197 836 370 908 ληθῇς
400 834 549 889 οὕτω
576 838 788 903 πεῖσαι,
818 836 881 889 τὸ
906 836 1148 893 ἐναντίον
1171 839 1349 900 ποιεῖς
1371 854 1385 867 ·
1409 836 1476 890 τὰ
1501 836 1611 906 7&9
1637 837 1810 907 ὑπερ⁴

197 924 457 982 ϐαίνοντα
496 928 766 999 λογισμὸν
797 928 1039 992 πίστεως
1077 928 1251 981 δεῖται
1299 928 1489 999 μόνης.
1526 929 1638 981 Καὶ
1675 928 1808 998 7&9,

195 1018 266 1071 ἄν
310 1018 565 1085 θέλωμεν
616 1020 830 1074 πείθειν
879 1020 970 1074 διὰ
1014 1019 1314 1091 λογισμῶν,
1371 1020 1488 1083 πῶς
1520 1019 1812 1090 ἄνθρωπος

193 1110 420 1179 ἐγένετο
448 1113 483 1163 6
514 1112 671 1176 Θεὸς,
708 1114 804 1167 καὶ
832 1113 916 1175 εἰς
956 1113 1175 1183 μήτραν
1202 1110 1423 1180 εἰσῆλθε
1445 1110 1807 1181 παρθενικὴν,

198 1202 293 1253 καὶ
318 1201 396 1273 μὴ
430 1204 507 1272 τῇ
548 1203 732 1255 πίστει
771 1201 836 1255 τὸ
872 1203 1108 1273 πρᾶγμα
1146 1200 1557 1272 ἐπιτρέψωμεν,
1608 1199 1812 1271 μᾶλλον

194 1295 397 1347 ἐκεῖνοι
419 1292 918 1363 καταγελάσονται.
948 1296 1091 1365 ’Ἄρα
1118 1296 1167 1346 οί
1186 1293 1470 1362 λογισμοῖς
1493 1291 1808 1359 ζητοῦντες,

192 1382 341 1441 οὗτοί
381 1388 532 1440 εἰσιν
556 1388 609 1441 οί
646 1387 1037 1455 ἀπολλύμενοι.
1071 1385 1181 1439 Καὶ
1210 1385 1265 1438 τί
1293 1386 1439 1454 λέγω
1469 1387 1602 1456 περὶ
1634 1384 1809 1451 Θεοῦ;

205 1480 333 1532 Ἐπὶ
350 1478 469 1549 7&9
495 1478 609 1532 τῶν
636 1479 956 1548 κτισμάτων
993 1478 1060 1532 ἂν
1081 1475 1244 1531 τοῦτο
1270 1478 1613 1549 ποιήσωμεν,
1638 1475 1810 1540 πολὺς

191 1566 383 1631 ῑψιται
410 1567 616 1634 γέλως.
651 1566 836 1619 Ἔστω
872 1566 983 1635 7&9
1003 1565 1296 1638 ἄνθρωπος
1323 1568 1507 1621 πάντα
1542 1567 1809 1637 βουλόμε-

191 1673 281 1718 νος
298 1655 595 1723 λογισμοῖς
632 1653 954 1724 μανθάνειν,
982 1653 1080 1709 καὶ
1114 1654 1398 1724 πειράσθω
1420 1653 1502 1724 τῷ
1526 1655 1678 1727 παρά
1708 1656 1805 1709 σοῦ

191 1745 335 1816 λόγῳ
367 1744 688 1810 πείθεσθαι,
727 1744 848 1809 πῶς
875 1743 1151 1815 βλέπομεν
1183 1744 1249 1799 τὸ
1268 1743 1387 1814 φῶς
1407 1763 1421 1776 ·
1449 1746 1517 1799 σὺ
1553 1744 1612 1799 δὲ
1639 1746 1807 1801 αὑτὸν

190 1835 446 1909 λογισμῷ
483 1835 701 1890 πείθειν
737 1836 937 1907 πειρῶ.
976 1834 1120 1889 Ἀλλ’
1152 1836 1255 1891 οὐκ
1286 1835 1355 1891 ἂν
1384 1835 1533 1907 εχοις
1552 1852 1568 1867 ·
1600 1835 1671 1891 ἀν
1697 1836 1810 1911 7&9

192 1932 378 2003 είπῃς,
409 1930 500 1984 ὅτι
525 1930 700 2002 ἀρκεῖ
720 1931 851 1993 τοὺς
887 1928 1209 2000 ὀφθαλμοὺς
1241 1928 1532 1998 ἀνοίξαντα
1558 1929 1804 2003 βλέπειν,

193 2024 254 2075 οὗ
279 2024 375 2077 τὸν
416 2021 632 2093 τρόπον
665 2020 926 2091 εἴρηκας,
973 2020 1115 2075 ἀλλὰ
1160 2019 1226 2074 τὸ
1262 2021 1574 2092 γινόμενον.
1613 2021 1716 2075 Διά
1753 2021 1807 2074 τί

194 2113 301 2184 7&9
332 2113 409 2184 μὴ
430 2114 502 2182 τῇ
539 2113 683 2182 ἀκοῇ
717 2110 1021 2183 βλέπομεν,
1054 2113 1212 2183 φησὶ,
1245 2114 1342 2167 καὶ
1369 2116 1484 2178 τοῖς
1506 2112 1810 2185 ὀφθαλμοῖς

195 2201 509 2271 amnium;
537 2201 635 2255 διὰ
676 2202 734 2253 τί
760 2201 871 2272 7&9
905 2202 982 2273 μὴ
1023 2206 1089 2273 τῇ
1122 2205 1233 2273 ρινί
1276 2204 1571 2275 ἀκούομεν,
1608 2206 1704 2258 καὶ
1737 2208 1805 2276 τῇ

194 2295 329 2363 ἀκοῇ
365 2291 832 2363 ὸσφραινόμεθας
876 2292 975 2345 Ἂν
1012 2293 1228 2357 τοίνυν,
1273 2293 1611 2365 ἀποροῦντος
1639 2294 1806 2349 αὑτοῦ

196 2381 588 2455 περὶτούτων,
636 2381 712 2452 μὴ
747 2381 1036 2452 δυνώμεθα
1054 2382 1147 2435 τὸν
1174 2382 1336 2451 λόγον
1364 2384 1657 2439 ἀποδοῦναι
1682 2385 1808 2439 τού-

195 2490 324 2537 των,
351 2474 573 2537 ἐκεῖνος
615 2472 802 2544 μέλλει
826 2471 1014 2544 γελᾷν;
1047 2473 1108 2525 οὺ
1147 2472 1413 2543 μειζόνως
1438 2477 1604 2546 ἡμεῖς
1639 2494 1809 2531 κατα-

198 2564 589 2633 γελασόμεθας
633 2564 700 2615 El
749 2563 860 2634 7&9
909 2563 1199 2635 ἀμφότερα
1242 2562 1303 2629 ἐξ
1341 2566 1463 2629 ἑνὸς
1501 2567 1808 2636 ἐγκεφάλου

196 2656 293 2721 τὴν
325 2655 510 2723 ἀρχὴν
532 2654 673 2722 ἔχει,
704 2654 799 2706 καὶ
824 2655 1116 2725 ἀμφότερα
1142 2655 1395 2726 ἀλλήλοις
1424 2660 1720 2725 γειτνιάζει
1742 2661 1811 2714 τὰ

202 2745 359 2814 μέλη,
400 2745 526 2808 πῶς
559 2745 628 2797 ού
664 2744 735 2796 τὰ
765 2744 907 2797 αὐτὰ
940 2744 1166 2799 δύναται
1195 2749 1403 2811 ποιεῖνς
1445 2749 1587 2801 Ἀλλ’
1617 2752 1680 2803 οὐ
1712 2752 1808 2803 δυ-

200 2838 481 2910 νησόμεθα
539 2838 725 2890 εἰπεῖν
777 2836 877 2906 τὴν
927 2836 1111 2890 αἰτίαν
1151 2836 1275 2891 οὐδὲ
1326 2838 1420 2892 τὸν
1466 2840 1671 2911 τρόπον
1708 2843 1809 2913 τῆς

201 2932 408 2999 ἀφάτου
439 2929 541 2984 καὶ
571 2928 834 2998 ποικίλης
869 2929 1175 2999 ἐνεργείας,
1207 2929 1367 2995 ἀλλὰ,
1397 2930 1502 2986 κᾶν
1532 2934 1812 3007 ἐπιχειρή-

204 3040 408 3093 σωμεν,
464 3018 929 3091 καταγελώμεθα.
973 3021 1077 3075 Διά
1115 3038 1200 3074 τοι
1246 3022 1407 3077 τοῦτο
1444 3026 1512 3095 τῇ
1549 3023 1644 3078 τοῦ
1673 3025 1811 3080 Θεοῦ

200 3116 426 3184 δυνάμει
452 3115 553 3167 καὶ
584 3114 652 3183 τῇ
685 3112 904 3181 ἀπείρῳ
931 3112 1096 3183 σοφίᾳ
1126 3112 1613 3183 παραχωροῦντες,
1655 3116 1814 3187 σιγή..

203 3222 404 3273 σωμεν.
428 3204 598 3258 Οὕτω
629 3203 815 3258 τοίνυν
852 3204 947 3257 καὶ
978 3204 1047 3257 τὰ
1074 3205 1169 3258 τοῦ
1212 3204 1349 3259 Θεοῦ
1381 3205 1479 3259 ἐὰν
1514 3210 1582 3278 τῇ
1611 3207 1814 3274 ἔξωθεν

206 3295 364 3365 σοφίᾳ
398 3295 764 3366 βουληθῶμεν
786 3296 1163 3366 παραστῆσαι,
1196 3295 1366 3359 πολὺς
1388 3295 1583 3365 ἕψεται
1613 3297 1808 3365 γέλως,

202 3389 264 3440 οὐ
294 3386 451 3456 παρά
483 3387 589 3458 τὴν
622 3386 738 3439 τῶν
769 3387 1117 3458 πραγμάτων
1149 3386 1459 3451 ἀσθένειαν,
1485 3386 1623 3441 ἀλλὰ
1656 3389 1813 3460 παρὰ

203 3480 303 3551 τὴν
323 3478 431 3533 τῶν
456 3477 774 3549 ἀνθρώπων
798 3478 1007 3533 ἄνοιαν.
1039 3479 1121 3533 Τὰ
1144 3478 1255 3550 γὰρ
1286 3478 1499 3550 μεγάλα
1531 3480 1693 3549 λόγος
1721 3482 1814 3534 οὐ-

204 3570 311 3633 δεὶς
362 3571 734 3642 παραστῆσαι
777 3570 1025 3625 δύναται.
1079 3570 1284 3625 Σκόπει
1325 3571 1419 3626 δέ⁸
1445 3572 1618 3627 Ὅταν
1651 3572 1811 3638 είπω,

218 3662 597 3733 Ἑπαυρώθη,
641 3664 672 3715 ό
720 3656 924 3733 Ἕλλην
964 3663 1147 3731 λέγει·
1184 3663 1296 3718 Καὶ
1329 3663 1448 3724 πῶς
1480 3665 1546 3718 ἂν
1575 3663 1689 3735 ἔχοι
1726 3664 1816 3718 λό-

206 3774 299 3824 γον
320 3754 517 3821 τοῦτο;
548 3754 738 3825 ἑαυτῷ
764 3756 867 3808 οὐκ
889 3756 1065 3825 ἤμυνε
1098 3772 1332 3825 σταυρου
1342 3756 1488 3827 μένῳ
1510 3757 1603 3809 καὶ
1629 3775 1818 3830 πειρει⁴

206 3844 423 3915 ζομένῳ
444 3845 595 3898 κατὰ
629 3842 723 3897 τὸν
749 3843 945 3915 καιρὸν
973 3844 1068 3897 τοῦ
1105 3844 1362 3915 σταυροῦ,
1399 3847 1490 3899 καὶ
1517 3846 1637 3909 πῶς
1676 3847 1816 3917 μετὰ

202 3936 380 3991 ταῦτα
406 3938 643 4005 ἀνέστη,
683 3936 782 3989 καὶ
815 3936 1025 4005 ἑτέροις
1057 3935 1303 4006 ῆμυνεν;
1332 3938 1382 3990 εἰ
1428 3936 1537 4009 γὰρ
1569 3936 1815 4004 ἐδύνατο,

207 4024 316 4096 πρὸ
333 4024 429 4079 τοῦ
462 4025 703 4079 θανάτου
729 4023 839 4076 ἔδει
862 4024 1043 4094 (τοῦτο
1064 4026 1171 4095 γὰρ
1196 4028 1291 4080 καὶ
1325 4027 1566 4081 Ἰουδαῖοι
1587 4027 1813 4097 ἔλεγον)ο

204 4117 312 4170 όδὲ
339 4115 526 4185 ἑαυτῷ
561 4114 642 4184 μὴ
675 4114 915 4183 ἀμύνας,
950 4116 1070 4179 πῶς
1096 4117 1281 4180 ἀλλοις
1323 4118 1574 4188 ἧμυνεν;
1616 4121 1714 4174 οὐκ
1753 4121 1819 4175 ἄν

207 4205 321 4279 [25]
354 4206 474 4275 ἔχοι
499 4205 689 4271 λόγον,
720 4204 873 4275 φησί.
898 4206 1143 4270 Εἰκότως
1165 4218 1215 4247 ι·
1244 4209 1341 4261 καὶ
1366 4205 1476 4281 γὰρ
1509 4212 1647 4283 ὑπὲρ
1663 4212 1820 4279 λόγον

208 4296 377 4359 ἐστὶν,
404 4295 697 4365 ἄνθρωπε,
732 4295 829 4348 καὶ
864 4295 1074 4365 ἀφάτου
1098 4296 1432 4369 δυνάμεωςό
1460 4301 1712 4372 σταυρός.
1748 4300 1821 4353 Τὸ

208 4389 313 4456 7&9
343 4389 403 4439 ὲν
430 4388 549 4449 τοῖς
574 4386 775 4450 δεινοῖς
800 4388 1119 4459 γενόμενον,
1147 4388 1422 4462 ἀνώτερον
1451 4392 1683 4462 φανῆναι
1712 4390 1820 4444 τῶν

206 4481 421 4543 δεινῶν,
469 4480 572 4533 καὶ
619 4481 1021 4551 συμπλακέντα
1068 4482 1315 4553 νικῆσαι,
1362 4483 1647 4553 δυνάμεώς
1675 4486 1822 4537 ἐστιν

207 4573 466 4644 ἀπείρου.
500 4572 725 4644 Ὠσπερ
766 4573 877 4643 γάρ
909 4574 1003 4627 ἐπὶ
1029 4573 1140 4627 τῶν
1163 4573 1334 4644 τριῶν
1367 4573 1594 4637 παίδων,
1618 4574 1715 4627 τοῦ
1745 4576 1821 4647 μὴ

207 4664 451 4735 ἐμϐῆναι
484 4665 572 4727 είς
598 4663 699 4734 τὴν
730 4663 984 4734 κάμινον,
1015 4663 1078 4717 τὸ
1106 4662 1388 4734 ἐμϐάντας
1436 4666 1823 4736 καταπατῆσαι

207 4754 300 4825 τὴν
322 4754 535 4825 φλόγα,
560 4754 1013 4825 θαυμαστότερον
1033 4748 1102 4822 ἦν
1127 4769 1141 4784 ο
1173 4754 1271 4807 καὶ
1300 4754 1395 4806 ἐπὶ
1415 4753 1511 4807 τοῦ
1528 4756 1702 4820 Ἰωνᾶ,
1728 4755 1822 4810 τοῦ

212 4844 282 4916 μὴ
329 4843 614 4916 ἐμπεσεῖν
646 4849 729 4909 εἰς
754 4846 817 4899 τὸ
864 4846 1049 4915 κῆτος,
1079 4844 1142 4898 τὸ
1170 4846 1484 4916 ἐμπεσόντα
1519 4848 1687 4919 μηδὲν
1715 4850 1825 4903 ἀπὸ

206 4940 293 4993 τοῦ
322 4941 530 5012 θηρίου
562 4941 761 4994 παθεῖν
784 4940 971 5011 ἀηδὲς,
1003 4937 1184 5009 πολλῷ
1211 4938 1397 5010 μεῖζον
1424 4936 1493 5012 ἦν
1518 4958 1532 4972 ⁸
1558 4940 1701 4995 οὕτω
1729 4944 1825 4998 καὶ

209 5033 297 5085 ἐπὶ
308 5030 411 5085 τοῦ
434 5030 707 5102 Χριστοῦ,
727 5029 824 5083 τοῦ
845 5029 922 5101 μὴ
939 5028 1255 5093 ἀποθανεῖν,
1272 5029 1337 5082 τὸ
1354 5030 1693 5085 ἀποθανόντα
1712 5032 1827 5086 δια-

207 5121 365 5175 λῦσαι
386 5122 484 5174 τὸν
501 5121 766 5187 θάνατον,
793 5120 1233 5194 παραδοξότερον
1247 5115 1336 5191 ἦν.
1354 5122 1448 5193 Μὴ
1473 5122 1656 5176 τοίνυν
1678 5122 1823 5191 λέγε·

210 5214 304 5269 Διά
325 5212 384 5267 τί
414 5213 523 5266 οὐκ
557 5210 775 5281 ἠμυνεν
822 5211 1003 5283 ἐαυτῷ
1042 5214 1101 5264 ἐν
1148 5210 1225 5281 τῷ
1258 5211 1515 5283 σταυρῷ;
1545 5212 1695 5284 αὐτῷ
1719 5214 1827 5288 7&9

213 5304 615 5379 συμπλακῆναι
656 5304 924 5374 ἠπείγετο
964 5302 1049 5375 τῷ
1084 5302 1321 5373 θανάτῳ.
1368 5305 1443 5358 Οὐ
1483 5306 1689 5376 κατέϐη
1721 5308 1828 5360 ἀπὸ

208 5400 297 5453 τοῦ
329 5396 613 5471 σταυροῦ,
650 5395 755 5449 οὐκ
805 5397 1000 5468 ἐπειδὴ
1044 5396 1147 5451 οὐκ
1192 5395 1447 5468 ἠδύνατο,
1486 5397 1607 5450 ἀλλ’
1638 5398 1828 5467 ἐπειδὴ

208 5492 303 5545 οὐκ
662 5490 763 5543 Ὃν
791 5488 905 5561 γὰρ
925 5492 961 5561 η
987 5489 1243 5563 τυραννὶς
1267 5490 1330 5544 ού
1347 5488 1581 5560 κατέσχε
1609 5489 1703 5545 τοῦ
1730 5490 1827 5544 θα⁴

208 5584 395 5652 νάπη,
430 5584 561 5649 πῶς
585 5578 711 5658 ἦλοι
738 5581 984 5653 σταυροῦ
1022 5585 1321 5655 κατασχεῖν
1351 5582 1649 5653 ὴδύναντος

273 5677 340 5746 β’.
389 5676 569 5732 Ἀλλά
604 5675 781 5732 ταῦτα
818 5675 956 5746 ἡμῖν
998 5674 1279 5747 γνώριμα,
1317 5677 1431 5739 τοῖς
1475 5674 1535 5728 δὲ
1572 5674 1827 5739 ἀπίστοις

208 5768 415 5823 οὐκέτι.
446 5768 557 5822 Διά
592 5767 754 5823 τοῦτο
786 5767 1002 5837 ἔλεγεν,
1043 5768 1129 5821 ὅτι
1159 5770 1190 5822 6
1216 5768 1376 5837 λόγος
1400 5768 1431 5820 6
1465 5767 1562 5821 τοῦ
1590 5769 1829 5841 σταυροῦ

211 5865 314 5926 τοῖς
344 5863 457 5932 μὲν
484 5861 880 5933 ἀπολλυμένοις
906 5860 1095 5935 μωρία
1120 5860 1260 5923 ἐστὶ,
1284 5862 1396 5925 τοῖς
1415 5860 1470 5915 δὲ
1495 5860 1826 5934 σωζομένοις

270 6003 285 6025 ¹
316 6005 510 6055 Abora!
533 6001 744 6058 εῖκότως.

1909 471 2043 541 ⁴ἡμῖν
2078 471 2310 542 δύναμις
2350 471 2487 525 Θεοῦ
2526 472 2662 526 ἔστι.
2702 473 3043 543 Γέγραπται
3072 472 3186 543 γάρ
3208 490 3222 505 ο
3265 474 3499 530 Ἀπολῶ

1911 560 2027 629 τὴν
2041 562 2269 631 σοφίαν
2281 561 2401 615 τῶν
2421 562 2650 632 σοφῶν,
2678 565 2778 618 καὶ
2800 563 2917 633 τὴν
2939 565 3200 620 σύνεσιν
3218 563 3339 619 τῶν
3360 582 3512 621 συν-

1912 640 2064 706 ετῶν
2095 653 2390 719 ἀθετήσω.
2437 654 2604 708 Οὐδὲν
2664 654 2796 725 παρ’
2832 655 3040 721 ἑαυτοῦ
3069 652 3333 727 φορτικὸν
3371 656 3513 720 τέως

1910 745 2146 817 τίθησιν,
2184 746 2323 801 ἀλλὰ
2355 747 2622 818 πρότερον
2655 749 2747 801 ἐπὶ
2779 747 2879 818 τὴν
2931 748 3244 818 μαρτυρίαν
3283 749 3510 820 ἔρχεται

1909 839 2008 909 τῆς
2037 839 2284 910 Γραφῆς,
2313 840 2410 893 καὶ
2440 840 2563 893 τότε
2601 840 2700 909 τὴν
2727 839 2938 894 ἐκεῖθεν
2965 841 3287 911 παρρησίαν
3330 840 3514 894 λαϐὼν

1908 928 2428 1001 καταφορικώτερον
2478 931 2744 1003 κέχρηται
2778 933 2892 995 τοῖς
2926 930 3131 999 λόγοις,
3170 930 3266 985 καί
3296 947 3467 1001 φησιν
3494 949 3507 961 ·

1913 1020 2060 1088 Οὐχὶ
2092 1020 2398 1090 ἐμώρανεν
2450 1026 2484 1076 ό
2530 1024 2675 1087 Θεὸς
2709 1022 2828 1090 τὴν
2868 1023 3099 1091 σοφίαν
3128 1020 3238 1076 τοῦ
3277 1022 3514 1091 κόσμου

1908 1114 2168 1178 τούτου;
2202 1114 2324 1168 ποῦ
2352 1115 2591 1183 σοφὸς;
2630 1114 2749 1169 ποῦ
2788 1115 3209 1184 γραμματεύς-ς
3248 1113 3367 1167 ποῦ
3398 1131 3515 1167 σν-

1910 1203 2166 1272 ξητητὴς
2202 1206 2311 1260 τοῦ
2359 1206 2578 1273 αίῶνος
2634 1207 2896 1270 τούτου;
2940 1208 3080 1276 οὐχί
3129 1206 3435 1275 ἐμώρανεν
3478 1207 3515 1259 ό

1913 1289 2057 1362 Θεὸς
2100 1296 2218 1362 τὴν
2262 1298 2491 1367 σοφίαν
2530 1299 2639 1353 τοῦ
2678 1298 2912 1369 κόσμου
2950 1301 3213 1364 τούτου;
3266 1298 3511 1365 Ἐπειδὴ

1909 1386 2022 1456 γὰρ
2045 1389 2115 1441 ἐν
2140 1389 2216 1458 τῇ
2247 1391 2439 1459 σοφίᾳ
2466 1390 2572 1445 τοῦ
2602 1390 2753 1445 Θεοῦ
2780 1392 2891 1446 οὐκ
2920 1391 3083 1462 ἔγνω,
3101 1394 3135 1446 ό
3163 1391 3394 1459 κόσμος
3412 1388 3513 1443 δ’ιά

1908 1475 2022 1545 τῆς
2047 1480 2273 1549 σοφίας
2294 1480 2404 1535 τὸν
2437 1481 2609 1545 Θεὸν,
2643 1480 2984 1550 εὐδόκησεν
3015 1484 3048 1537 ό
3074 1481 3223 1546 Θεὸς
3261 1479 3364 1555 διὰ
3394 1478 3513 1548 τῆς

1902 1568 2135 1636 μωρίας
2158 1570 2269 1624 τοῦ
2291 1573 2673 1642 κηρύγματος
2691 1573 2890 1628 σῶσαι
2918 1573 3062 1640 τοὺς
3086 1574 3512 1639 πιστεύοντας.

1909 1659 2098 1713 Εἰπὼν
2141 1661 2227 1714 ὅτι
2279 1663 2640 1732 Γέγραπται,
2696 1663 2931 1720 Ἀπολῶ
2968 1665 3087 1733 τὴν
3127 1666 3360 1734 σοφίαν
3395 1661 3516 1718 τῶν

1910 1749 2145 1821 σοφῶν,
2170 1752 2273 1824 τὴν
2299 1754 2410 1808 ἀπὸ
2444 1755 2557 1808 τῶν
2598 1758 2946 1828 πραγμάτων
2989 1758 3266 1822 ἀπόδειξιν
3312 1757 3513 1825 ὲπάγει

1909 1842 2088 1912 λέγων
2109 1859 2125 1875 ο
2176 1846 2305 1900 Ποῦ
2345 1849 2583 1917 σοφός;
2625 1847 2746 1902 ποῦ
2788 1850 3208 1917 τραμματεύς;
3244 1848 3382 1919 ὁμοῦ
3418 1850 3514 1903 καὶ

1920 1932 2195 2015 Ἑλλήνων
2250 1936 2350 1991 καὶ
2390 1937 2664 1993 Ἰουδαίων
2708 1937 3143 2010 καθαπτόμενος.
3191 1941 3353 2002 Ποῖος
3400 1938 3513 2011 γὰρ

1910 2022 2228 2093 φιλόσοφος,
2255 2024 2342 2088 τίς
2373 2025 2485 2079 τῶν
2529 2027 2662 2099 περὶ
2686 2029 2814 2090 τοὺς
2849 2027 3247 2099 συλλογισμοὺς
3282 2028 3513 2098 ὲσχολα-

1910 2111 2108 2195 κότων,
2140 2112 2228 2177 τίς
2260 2114 2373 2168 τῶν
2402 2116 2472 2169 τὰ
2510 2116 2783 2171 Ἰουδαίων
2816 2118 3036 2172 εἰδότων
3063 2118 3259 2184 ἔσωσε,
3293 2119 3389 2173 καὶ
3413 2119 3513 2191 τὴν

1909 2205 2172 2275 ἀλήθειαν
2215 2208 2549 2276 ἐγνώρισεν;
2604 2209 2720 2262 Ούκ
2763 2209 2913 2262 ἔστιν
2962 2209 3159 2274 οὐδεὶς,
3222 2200 3359 2264 ἀλλξά
3400 2211 3513 2265 τῶν

1910 2296 2107 2351 ἀλιέων
2145 2297 2208 2349 τὸ
2252 2299 2361 2351 πᾶν
2404 2297 2618 2367 γέγονε.
2670 2300 3038 2371 Συμπεράνας
3066 2301 3248 2354 τοίνυν
3283 2301 3347 2354 τὸ
3376 2318 3511 2373 προ⁶

1909 2388 2185 2459 κείμενον,
2209 2391 2305 2444 καὶ
2328 2390 2681 2460 κατενεγκὼν
2737 2391 2919 2445 αὐτῶν
2946 2391 3040 2447 τὸν
3072 2392 3265 2463 τῦφον,
3294 2394 3391 2447 καὶ
3433 2395 3512 2447 εί-

1909 2479 2032 2535 πών
2054 2499 2067 2512 ·
2098 2481 2250 2551 Οὐχὶ
2286 2482 2592 2551 ἐμώρανεν
2621 2486 2656 2538 ὸ
2686 2485 2833 2550 Θεὸς
2867 2485 2985 2551 τὴν
3020 2486 3248 2553 σοφίαν
3272 2484 3381 2539 τοῦ
3410 2487 3513 2541 κό-

1912 2587 2072 2643 σμου
2101 2566 2353 2638 τούτου;
2382 2573 2533 2642 λέγει
2558 2576 2652 2628 καὶ
2679 2573 2779 2645 τὴν
2812 2573 3015 2638 αἰτίαν,
3036 2574 3104 2626 δι’
3126 2575 3196 2644 ἢν
3214 2573 3393 2628 ταῦτα
3413 2574 3512 2643 γέ-

1912 2680 2071 2734 γονεν
2096 2663 2292 2728 οὕτως.
2337 2664 2559 2735 Ἐπειδὴ
2586 2662 2698 2736 γὰρ
2724 2665 2783 2717 ὲν
2804 2666 2871 2735 τῇ
2899 2664 3061 2734 σοφίᾳ
3086 2664 3181 2717 τοῦ
3214 2664 3377 2728 Θεοῦ,
3404 2680 3513 2734 φη-

1914 2757 2021 2820 σὶν,
2049 2756 2152 2810 οὐκ
2182 2754 2326 2825 ἔγνω
2365 2758 2395 2809 ό
2431 2756 2642 2827 κόσμος
2672 2754 2763 2809 διὰ
2790 2754 2892 2825 τῆς
2936 2754 3130 2825 σοφίας
3170 2755 3263 2825 τὸν
3288 2755 3443 2819 Θεὸν,
3483 2757 3514 2810 6

1914 2843 2149 2913 σταυρὸς
2189 2843 2385 2912 ἐφάνη.
2454 2843 2520 2895 Τί
2574 2842 2629 2896 δέ
2680 2844 2854 2903 ἐστιν.
2913 2843 3020 2897 Ἐν
3065 2841 3144 2911 τῇ
3176 2843 3365 2912 σοφίᾳ
3404 2844 3515 2898 τοῦ

1915 2934 2100 2996 Θεοῦ;
2125 2933 2207 3004 Τῇ
2237 2932 2326 2987 διὰ
2358 2931 2469 2985 τῶν
2510 2931 2689 3003 ἔργων
2719 2934 3047 3007 φαινομένῃ,
3076 2934 3145 2988 δι’
3172 2928 3248 2989 ῶν
3280 2934 3515 3006 ἠθέλησε

1914 3022 2309 3094 γνωρισθῆναι.
2341 3022 2440 3076 Διὰ
2468 3022 2628 3076 τοῦτο
2649 3023 2759 3093 7&9
2796 3023 2937 3078 αὐτὰ
2978 3024 3075 3076 καὶ
3116 3023 3347 3079 τοιαῦτα
3380 3044 3516 3080 κατ-

1912 3112 2233 3179 εσκεύασεν,
2263 3113 2351 3167 ἵνα
2375 3105 2657 3182 ἀναλόγως
2685 3115 2751 3167 ὲκ
2766 3113 2876 3167 τῶν
2906 3115 3202 3186 δρωμένων
3231 3117 3260 3169 6
3287 3118 3518 3189 ποιητὴς

1914 3202 2286 3274 θαυμάζηται.
2323 3202 2515 3271 Μέγας
2544 3205 2573 3256 ὁ
2615 3202 2865 3273 οὐρανὸς,
2894 3203 2993 3257 καὶ
3035 3204 3451 3277 ἀπειροπληθὴς
3481 3208 3518 3277 ή

1915 3293 2021 3364 γῆ-
2076 3291 2358 3362 θαύμασον
2401 3292 2583 3345 τοίνυν
2624 3293 2717 3345 τὸν
2767 3294 3132 3364 πεποιηκότα.
3175 3296 3285 3349 Καὶ
3331 3297 3443 3368 γὰρ
3488 3299 3520 3351 ό

1918 3383 2095 3455 μέγας
2121 3378 2278 3446 οὗτος
2318 3383 2379 3436 οὐ
2418 3383 2581 3454 μόνον
2622 3383 2842 3452 ἐγένετο
2872 3385 2965 3438 ὑπ’
2998 3386 3191 3453 αὑτοῦ,
3241 3388 3381 3441 ἀλλὰ
3424 3392 3519 3444 καὶ

1920 3474 2038 3544 μετ’
2066 3472 2340 3539 εὐκολίας,
2377 3474 2474 3528 καὶ
2507 3476 2536 3543 ἡ
2565 3475 2795 3545 ἄπειρος
2824 3474 3009 3546 ἐκείνη
3039 3476 3113 3547 γῆ
3148 3479 3243 3532 καὶ⁵
3266 3480 3403 3553 αὐτὴ
3441 3480 3520 3545 ὡς

1915 3564 2070 3618 οὐδὲν
2117 3566 2421 3636 παρήγετο.
2458 3565 2556 3618 Διά
2584 3565 2741 3619 τοῦτο
2781 3566 2912 3639 περί⁵
2949 3567 3049 3637 μὲν
3077 3571 3289 3624 ἐκείνου
3326 3572 3518 3642 φησὶν,

1916 3657 1998 3710 ὅτι
2034 3658 2214 3726 Ἔργα
2258 3655 2378 3711 τῶν
2409 3656 2729 3711 δακτύλων
2771 3660 2890 3713 σού
2932 3661 3092 3714 εἰσιν⁸
3142 3665 3196 3716 οἱ
3225 3665 3474 3732 οὐρανοί
3501 3679 3517 3694 °

1919 3750 2047 3820 περὶ
2074 3749 2131 3803 δὲ
2169 3749 2271 3819 τῆς
2314 3750 2439 3819 γῆς,
2495 3750 2559 3802 '0
2591 3747 2857 3817 ποιήσας
2886 3752 3004 3818 τὴν
3046 3750 3164 3821 γῆν
3192 3754 3274 3820 ὡς
3315 3754 3519 3810 οὐδέν.

1933 3841 2085 3894 Ἐπεὶ
2108 3836 2201 3893 οὖν
2230 3838 2319 3892 διὰ
2347 3840 2448 3909 τῆς
2472 3839 2666 3910 σοφίας
2685 3839 2891 3910 ταύτης
2919 3841 3021 3894 οὐκ
3051 3841 3287 3912 ἠθέλησε
3322 3844 3522 3913 γνωρί-

1921 3951 2014 3987 σαι
2043 3932 2133 3987 τὸν
2162 3930 2317 3995 Θεὸν,
2344 3930 2436 3983 διὰ
2460 3931 2561 4001 τῆς
2586 3929 2853 4001 δοκούσης
2875 3932 3091 4001 μωρίας
3120 3927 3263 3985 εἶναι
3290 3932 3386 3985 τοῦ
3417 3951 3519 4004 κη·-

1922 4023 2202 4094 ρύγματος
2248 4020 2487 4085 ἔπεισεν,
2535 4022 2598 4075 οὐ
2638 4021 2729 4075 διὰ
2778 4022 3079 4093 λογισμῶν,
3112 4022 3249 4076 ἀλλὰ
3292 4023 3385 4077 διὰ
3420 4026 3523 4096 τῆς

1921 4113 2181 4175 πίστεως.
2220 4113 2424 4165 Λοιπὸν
2449 4114 2584 4165 ὅπου
2613 4112 2775 4181 σοφία
2817 4112 2977 4179 Θεοῦ,
3005 4113 3189 4167 οὐκέτι
3218 4114 3381 4184 χρεία
3426 4116 3523 4167 ἀν-

1922 4201 2221 4272 θρωπίνης.
2272 4201 2346 4253 Τὸ
2389 4200 2491 4269 μὲν
2524 4201 2635 4270 γὰρ
2656 4196 2861 4265 εἰπεῖν,
2897 4203 2980 4254 ὃτι
3010 4202 3101 4255 τὸν
3131 4202 3397 4255 κτίσαντα
3428 4204 3523 4259 τὸν

1923 4291 2040 4365 {26]
2072 4290 2277 4361 κόσμον
2304 4290 2395 4353 τὸν
2419 4290 2679 4344 τοσοῦτον
2703 4291 2798 4343 καῖ
2821 4290 2968 4344 οὕτω
2997 4292 3193 4363 μέγαν,
3218 4292 3351 4347 Θεὸν
3380 4289 3524 4348 εἶναι

1920 4380 2069 4448 εἰκὸς
2094 4381 2324 4453 δύναμιν
2352 4381 2638 4454 ἀμήχανόν
2671 4398 2797 4437 τινα
2834 4381 3029 4454 έχοντα
3060 4382 3155 4438 καὶ
3179 4383 3522 4457 ἀπόρρητον,

1924 4470 2119 4543 σοφίας
2163 4471 2513 4545 ἀνθρωπίνης
2556 4472 2871 4540 λογίζεσθαι
2910 4469 3008 4545 ἦν,
3053 4475 3148 4529 καὶ
3183 4474 3273 4528 διὰ
3316 4475 3526 4529 τούτων

1923 4564 2088 4619 αὑτὸν
2114 4565 2557 4636 καταλαμϐάνειν
2576 4582 2589 4596 ο
2621 4564 2717 4617 νῦν
2750 4564 2807 4617 δὲ
2838 4564 3021 4617 οὐκέτι
3059 4566 3359 4635 λογισμῶν,
3387 4566 3525 4620 ἀλλὰ

1924 4658 2165 4719 πίστεως
2199 4658 2281 4710 δεῖ
2307 4658 2494 4727 μόνης.
2531 4655 2849 4731 Τὸγάρείς
2887 4655 2977 4710 τὸν
3006 4656 3394 4728 σταυρωθέντα
3426 4658 3525 4711 καὶ

1924 4747 2166 4817 ταφέντα
2199 4745 2479 4800 πιστεύειν
2519 4746 2619 4799 καὶ
2664 4746 3215 4820 πεπληροφορῆσθαι,
3256 4750 3338 4804 ὅτι
3367 4744 3526 4816 οὗτος

1925 4836 2087 4901 αὐτὸς
2118 4838 2213 4891 καὶ
2246 4838 2447 4909 ἀνέστη
2477 4839 2573 4893 καὶ
2602 4839 2716 4894 ἀνω
2748 4839 3007 4910 κάθηται,
3039 4840 3199 4895 τοῦτο
3238 4844 3434 4911 σοφίας
3459 4846 3524 4899 οὐ

1923 4929 2097 4983 δεῖται
2124 4928 2246 4982 οὐδὲ
2261 4927 2563 5000 λογισμῶν,
2583 4929 2721 4982 ἀλλά
2748 4931 3011 4993 πίστεως.
3046 4931 3160 4985 Καὶ
3182 4932 3292 5001 7&9
3319 4934 3369 4985 οἰ
3394 4933 3524 4987 ἀπό-

1926 5022 2104 5076 στολοι
2139 5022 2201 5075 οὐ
2243 5023 2410 5093 σοφίᾳ
2457 5022 2785 5095 προσῆλθον,
2826 5022 2964 5076 ἀλλὰ
2997 5025 3201 5091 πίστει,
3234 5026 3329 5078 καὶ
3366 5026 3525 5096 γεγό-

1926 5132 2051 5168 νασι
2078 5114 2189 5168 τῶν
2222 5113 2327 5178 ἔξω
2359 5114 2540 5184 σοφῶν
2571 5113 2873 5187 σοφώτεροι
2908 5115 3006 5171 καὶ
3039 5116 3385 5188 ὑψηλότεροι,
3431 5118 3526 5172 καὶΙ

1929 5205 2169 5276 τοσούτῳ
2203 5199 2430 5276 μᾶλλον,
2459 5207 2569 5278 ὅσῳ
2599 5205 2693 5261 τοῦ
2722 5206 3021 5279 λογισμοὺς
3050 5211 3223 5263 κινεῖν
3250 5209 3315 5262 τὸ
3340 5209 3525 5265 πίστει

1924 5299 1992 5351 τὰ.
2026 5297 2119 5352 τοῦ
2148 5296 2285 5351 Θεοῦ
2309 5298 2563 5370 δέχεσθαι
2604 5298 2791 5369 μεῖξον
2809 5317 2824 5333 ο
2853 5300 3013 5353 τοῦτο
3030 5300 3141 5370 7&9
3172 5300 3525 5372 ἀνθρωπίνην

1929 5388 2252 5461 ὑπερϐαίνει
2286 5390 2549 5445 διάνοιαν.
2582 5390 2708 5454 Πῶς
2750 5392 2807 5445 δὲ
2841 5390 3097 5445 ἀπώλεσε
3124 5390 3227 5463 τὴν
3279 5390 3476 5461 σοφίαν
3503 5409 3524 5460 ;

1928 5480 2030 5534 Διά
2059 5480 2274 5535 Παύλου
2305 5481 2401 5536 καὶ
2428 5481 2538 5536 τῶν
2558 5481 2817 5536 τοιούτων
2840 5480 3164 5555 γνωρισθεὶς
3192 5482 3345 5552 ἡμῖν,
3382 5481 3523 5538 ἔδει·

1929 5573 2019 5639 ξεν
2066 5575 2239 5645 αὐτὴν
2276 5569 2444 5630 οὖσαν
2474 5575 2735 5645 ἀνόνητον
2768 5573 2820 5627 δ.
2855 5574 3001 5645 Πρὸς
3033 5573 3143 5642 γὰρ
3174 5572 3235 5625 τὸ
3265 5572 3523 5639 δέξασθαι

1927 5667 1988 5721 τὸ
2019 5668 2288 5739 κήρυγμα
2321 5666 2384 5720 τὸ
2425 5667 2781 5735 εὐαγγελικὸν
2810 5666 2937 5721 οὗτε
2965 5670 2995 5722 ό
3034 5666 3197 5735 σοφὸς
3226 5667 3520 5737 ὠφελεῖται

1928 5776 1980 5812 τι
2014 5757 2167 5829 παρά
2206 5758 2305 5829 τῆς
2333 5760 2548 5827 σοφίας,
2579 5757 2703 5813 οὔτε
2733 5760 2763 5812 6
2791 5759 3005 5829 ἰδιώτης
3041 5758 3247 5829 ἐϐλάϐη
3281 5777 3333 5813 τι
3368 5761 3522 5832 παρὰ

1926 5851 2027 5921 τῆς
2065 5846 2339 5918 ἀμαθίας’
2372 5848 2490 5902 ἀλλ’
2531 5851 2580 5903 εἰ
2618 5848 2700 5903 δεῖ
2743 5864 2794 5903 τι
2834 5849 2929 5903 καὶ
2964 5847 3283 5921 θαυμαστὸν
3313 5849 3517 5914 εἰπεῖν,

1994 6003 2018 6040 ι’
2032 6000 2188 6060 Alius,
2211 6002 2429 6059 ἀνόητον.
