  <div class='ocr_page' id='page_1' title='image "/cluster/home/n/w/nwhite01/storage/ocr_20150623/61/pst.000005712618/039.png"; bbox 0 0 4082 6326; ppageno 0'>
   <div class='ocr_carea' id='block_1_1' title="bbox 562 310 3845 390">
    <p class='ocr_par' dir='ltr' id='par_1_1' title="bbox 562 310 3845 390">
     <span class='ocr_line' id='line_1_1' title="bbox 562 310 3845 390; baseline 0 -3"><span class='ocrx_word' id='word_1_1' title='bbox 562 331 635 387; x_wconf 72' lang='grc' dir='ltr'>εδ</span> <span class='ocrx_word' id='word_1_2' title='bbox 1260 329 1321 385; x_wconf 87' lang='lat' dir='ltr'>s.</span> <span class='ocrx_word' id='word_1_3' title='bbox 1358 310 1659 387; x_wconf 69' lang='lat' dir='ltr'>JOANNIS&#39;</span> <span class='ocrx_word' id='word_1_4' title='bbox 1680 325 2178 389; x_wconf 70' lang='lat' dir='ltr'>cumsos&#39;rom</span> <span class='ocrx_word' id='word_1_5' title='bbox 2215 326 2544 387; x_wconf 79' lang='lat' dir='ltr'>ARCBIEP.</span> <span class='ocrx_word' id='word_1_6' title='bbox 2588 332 3143 390; x_wconf 57' lang='lat' dir='ltr'>consumma</span> <span class='ocrx_word' id='word_1_7' title='bbox 3768 333 3845 388; x_wconf 67' lang='grc' dir='ltr'>δι</span> 
     </span>
    </p>
   </div>
   <div class='ocr_carea' id='block_1_2' title="bbox 571 444 2153 521">
    <p class='ocr_par' dir='ltr' id='par_1_2' title="bbox 571 444 2153 521">
     <span class='ocr_line' id='line_1_2' title="bbox 571 444 2153 521; baseline -0.001 -20"><span class='ocrx_word' id='word_1_8' title='bbox 571 446 774 518; x_wconf 78' lang='grc' dir='ltr'>μᾶλλον</span> <span class='ocrx_word' id='word_1_9' title='bbox 817 444 1074 511; x_wconf 84' lang='grc' dir='ltr'>ἰδιωτεία,</span> <span class='ocrx_word' id='word_1_10' title='bbox 1118 444 1153 516; x_wconf 70' lang='grc' dir='ltr'>ἢ</span> <span class='ocrx_word' id='word_1_11' title='bbox 1190 445 1352 516; x_wconf 86' lang='grc' dir='ltr'>σοφία</span> <span class='ocrx_word' id='word_1_12' title='bbox 1384 446 1522 520; x_wconf 75' lang='grc' dir='ltr'>πρὸς</span> <span class='ocrx_word' id='word_1_13' title='bbox 1550 448 1651 521; x_wconf 74' lang='grc' dir='ltr'>τὴν</span> <span class='ocrx_word' id='word_1_14' title='bbox 1691 448 1960 520; x_wconf 82' lang='grc' dir='ltr'>ὑποδοχήν</span> <span class='ocrx_word' id='word_1_15' title='bbox 2003 447 2153 500; x_wconf 81' lang='grc' dir='ltr'>ἐστιν</span> 
     </span>
    </p>
   </div>
   <div class='ocr_carea' id='block_1_3' title="bbox 567 527 2153 601">
    <p class='ocr_par' dir='ltr' id='par_1_3' title="bbox 567 527 2153 601">
     <span class='ocr_line' id='line_1_3' title="bbox 567 527 2153 601; baseline -0.001 -18"><span class='ocrx_word' id='word_1_16' title='bbox 567 528 878 599; x_wconf 83' lang='grc' dir='ltr'>ἐπιτήδειον</span> <span class='ocrx_word' id='word_1_17' title='bbox 918 528 1014 583; x_wconf 77' lang='grc' dir='ltr'>καὶ</span> <span class='ocrx_word' id='word_1_18' title='bbox 1070 527 1461 599; x_wconf 67' lang='grc' dir='ltr'>εὐκολώτερον.</span> <span class='ocrx_word' id='word_1_19' title='bbox 1522 530 1581 584; x_wconf 86' lang='lat'>&#39;0</span> <span class='ocrx_word' id='word_1_20' title='bbox 1620 530 1732 601; x_wconf 86' lang='lat'>1&amp;9</span> <span class='ocrx_word' id='word_1_21' title='bbox 1801 529 2011 601; x_wconf 76' lang='grc' dir='ltr'>ποιμὴν</span> <span class='ocrx_word' id='word_1_22' title='bbox 2057 528 2153 583; x_wconf 75' lang='grc' dir='ltr'>καὶ</span> 
     </span>
    </p>
   </div>
   <div class='ocr_carea' id='block_1_4' title="bbox 564 610 2154 683">
    <p class='ocr_par' dir='ltr' id='par_1_4' title="bbox 564 610 2154 683">
     <span class='ocr_line' id='line_1_4' title="bbox 564 610 2154 683; baseline -0.002 -17"><span class='ocrx_word' id='word_1_23' title='bbox 564 611 828 683; x_wconf 72' lang='grc' dir='ltr'>ἄγροικος</span> <span class='ocrx_word' id='word_1_24' title='bbox 879 610 1086 681; x_wconf 88' lang='grc' dir='ltr'>ταύτην</span> <span class='ocrx_word' id='word_1_25' title='bbox 1137 610 1330 666; x_wconf 81' lang='grc' dir='ltr'>θᾶττον</span> <span class='ocrx_word' id='word_1_26' title='bbox 1374 612 1714 679; x_wconf 78' lang='grc' dir='ltr'>ὑποδέξεται,</span> <span class='ocrx_word' id='word_1_27' title='bbox 1758 610 2016 678; x_wconf 83' lang='grc' dir='ltr'>καθάπαξ</span> <span class='ocrx_word' id='word_1_28' title='bbox 2056 611 2154 664; x_wconf 73' lang='grc' dir='ltr'>καὶ</span> 
     </span>
    </p>
   </div>
   <div class='ocr_carea' id='block_1_5' title="bbox 564 693 2154 769">
    <p class='ocr_par' dir='ltr' id='par_1_5' title="bbox 564 693 2154 769">
     <span class='ocr_line' id='line_1_5' title="bbox 564 693 2154 769; baseline -0.002 -21"><span class='ocrx_word' id='word_1_29' title='bbox 564 694 695 757; x_wconf 74' lang='grc' dir='ltr'>τοὺς</span> <span class='ocrx_word' id='word_1_30' title='bbox 715 693 1011 765; x_wconf 80' lang='grc' dir='ltr'>λογισμοὺς</span> <span class='ocrx_word' id='word_1_31' title='bbox 1031 694 1436 759; x_wconf 83' lang='grc' dir='ltr'>καταστέλλων,</span> <span class='ocrx_word' id='word_1_32' title='bbox 1471 695 1565 749; x_wconf 75' lang='grc' dir='ltr'>καὶ</span> <span class='ocrx_word' id='word_1_33' title='bbox 1588 693 1667 765; x_wconf 85' lang='grc' dir='ltr'>τῷ</span> <span class='ocrx_word' id='word_1_34' title='bbox 1688 694 1937 769; x_wconf 76' lang='grc' dir='ltr'>Δεσπότῃ</span> <span class='ocrx_word' id='word_1_35' title='bbox 1961 695 2154 748; x_wconf 81' lang='grc' dir='ltr'>ἐαυτὸν</span> 
     </span>
    </p>
   </div>
   <div class='ocr_carea' id='block_1_6' title="bbox 565 776 2155 851">
    <p class='ocr_par' dir='ltr' id='par_1_6' title="bbox 565 776 2155 851">
     <span class='ocr_line' id='line_1_6' title="bbox 565 776 2155 851; baseline 0 -20"><span class='ocrx_word' id='word_1_36' title='bbox 565 777 919 847; x_wconf 83' lang='grc' dir='ltr'>παραδιδούς.</span> <span class='ocrx_word' id='word_1_37' title='bbox 979 776 1138 831; x_wconf 78' lang='grc' dir='ltr'>Οὕτω</span> <span class='ocrx_word' id='word_1_38' title='bbox 1200 776 1382 831; x_wconf 78' lang='grc' dir='ltr'>τοίνυν</span> <span class='ocrx_word' id='word_1_39' title='bbox 1436 778 1539 849; x_wconf 78' lang='grc' dir='ltr'>τὴν</span> <span class='ocrx_word' id='word_1_40' title='bbox 1594 778 1788 848; x_wconf 93' lang='grc' dir='ltr'>σοφίαν</span> <span class='ocrx_word' id='word_1_41' title='bbox 1848 778 2155 851; x_wconf 73' lang='grc' dir='ltr'>ἀταίιλεσεν.</span> 
     </span>
    </p>
   </div>
   <div class='ocr_carea' id='block_1_7' title="bbox 581 858 2155 933">
    <p class='ocr_par' dir='ltr' id='par_1_7' title="bbox 581 858 2155 933">
     <span class='ocr_line' id='line_1_7' title="bbox 581 858 2155 933; baseline 0.003 -21"><span class='ocrx_word' id='word_1_42' title='bbox 581 859 801 930; x_wconf 79' lang='grc' dir='ltr'>Ἐπειδὴ</span> <span class='ocrx_word' id='word_1_43' title='bbox 827 860 938 929; x_wconf 93' lang='lat'>1&amp;9</span> <span class='ocrx_word' id='word_1_44' title='bbox 969 858 1212 929; x_wconf 83' lang='grc' dir='ltr'>προτέρα</span> <span class='ocrx_word' id='word_1_45' title='bbox 1255 858 1456 930; x_wconf 81' lang='grc' dir='ltr'>ἐαυτὴν</span> <span class='ocrx_word' id='word_1_46' title='bbox 1493 860 1783 926; x_wconf 81' lang='grc' dir='ltr'>κατέδαλε,</span> <span class='ocrx_word' id='word_1_47' title='bbox 1823 862 1961 933; x_wconf 76' lang='grc' dir='ltr'>πρὸς</span> <span class='ocrx_word' id='word_1_48' title='bbox 2000 860 2155 915; x_wconf 63' lang='grc' dir='ltr'>οὐδὲν</span> 
     </span>
    </p>
   </div>
   <div class='ocr_carea' id='block_1_8' title="bbox 566 940 2156 1014">
    <p class='ocr_par' dir='ltr' id='par_1_8' title="bbox 566 940 2156 1014">
     <span class='ocr_line' id='line_1_8' title="bbox 566 940 2156 1014; baseline 0.001 -19"><span class='ocrx_word' id='word_1_49' title='bbox 566 942 818 1013; x_wconf 79' lang='grc' dir='ltr'>χρησίμη</span> <span class='ocrx_word' id='word_1_50' title='bbox 850 941 1037 995; x_wconf 86' lang='grc' dir='ltr'>λοιπόν</span> <span class='ocrx_word' id='word_1_51' title='bbox 1064 942 1235 995; x_wconf 74' lang='grc' dir='ltr'>ἐστιν.</span> <span class='ocrx_word' id='word_1_52' title='bbox 1264 940 1396 994; x_wconf 86' lang='grc' dir='ltr'>Ὅτε</span> <span class='ocrx_word' id='word_1_53' title='bbox 1433 941 1543 1012; x_wconf 86' lang='lat'>1&amp;9</span> <span class='ocrx_word' id='word_1_54' title='bbox 1579 942 1687 997; x_wconf 67' lang='grc' dir='ltr'>ἔδει</span> <span class='ocrx_word' id='word_1_55' title='bbox 1724 944 1794 997; x_wconf 76' lang='grc' dir='ltr'>τά</span> <span class='ocrx_word' id='word_1_56' title='bbox 1826 944 2029 1014; x_wconf 80' lang='grc' dir='ltr'>ἐαυτῆς</span> <span class='ocrx_word' id='word_1_57' title='bbox 2057 943 2156 997; x_wconf 77' lang='grc' dir='ltr'>αὖ·</span> 
     </span>
    </p>
   </div>
   <div class='ocr_carea' id='block_1_9' title="bbox 565 1022 2156 1095">
    <p class='ocr_par' dir='ltr' id='par_1_9' title="bbox 565 1022 2156 1095">
     <span class='ocr_line' id='line_1_9' title="bbox 565 1022 2156 1095; baseline 0.002 -18"><span class='ocrx_word' id='word_1_58' title='bbox 565 1026 669 1095; x_wconf 82' lang='grc' dir='ltr'>τὴν</span> <span class='ocrx_word' id='word_1_59' title='bbox 702 1022 1041 1087; x_wconf 71' lang='grc' dir='ltr'>ἐνδείξασθαι</span> <span class='ocrx_word' id='word_1_60' title='bbox 1068 1024 1164 1077; x_wconf 80' lang='grc' dir='ltr'>καὶ</span> <span class='ocrx_word' id='word_1_61' title='bbox 1186 1024 1277 1079; x_wconf 82' lang='grc' dir='ltr'>διὰ</span> <span class='ocrx_word' id='word_1_62' title='bbox 1307 1024 1417 1080; x_wconf 90' lang='grc' dir='ltr'>τῶν</span> <span class='ocrx_word' id='word_1_63' title='bbox 1448 1024 1629 1095; x_wconf 72' lang='grc' dir='ltr'>ἔργων</span> <span class='ocrx_word' id='word_1_64' title='bbox 1667 1026 1795 1080; x_wconf 80' lang='grc' dir='ltr'>ἰδεῖν</span> <span class='ocrx_word' id='word_1_65' title='bbox 1822 1026 1915 1081; x_wconf 84' lang='lat' dir='ltr'><strong>16v</strong></span> <span class='ocrx_word' id='word_1_66' title='bbox 1944 1026 2156 1080; x_wconf 83' lang='grc' dir='ltr'>Δεσπό-</span> 
     </span>
    </p>
   </div>
   <div class='ocr_carea' id='block_1_10' title="bbox 566 1108 2152 1181">
    <p class='ocr_par' dir='ltr' id='par_1_10' title="bbox 566 1108 2152 1181">
     <span class='ocr_line' id='line_1_10' title="bbox 566 1108 2152 1181; baseline 0.001 -21"><span class='ocrx_word' id='word_1_67' title='bbox 566 1126 689 1179; x_wconf 87' lang='grc' dir='ltr'>την,</span> <span class='ocrx_word' id='word_1_68' title='bbox 722 1109 823 1162; x_wconf 86' lang='grc' dir='ltr'>οὐκ</span> <span class='ocrx_word' id='word_1_69' title='bbox 858 1108 1113 1179; x_wconf 71' lang='grc' dir='ltr'>ἠθέλησε.</span> <span class='ocrx_word' id='word_1_70' title='bbox 1152 1108 1252 1161; x_wconf 86' lang='grc' dir='ltr'>Διά</span> <span class='ocrx_word' id='word_1_71' title='bbox 1288 1108 1467 1173; x_wconf 87' lang='grc' dir='ltr'>τοῦτο,</span> <span class='ocrx_word' id='word_1_72' title='bbox 1512 1108 1615 1163; x_wconf 79' lang='grc' dir='ltr'>κᾶν</span> <span class='ocrx_word' id='word_1_73' title='bbox 1648 1108 1776 1181; x_wconf 73' lang='grc' dir='ltr'>θέλῃ</span> <span class='ocrx_word' id='word_1_74' title='bbox 1805 1108 1903 1163; x_wconf 88' lang='grc' dir='ltr'>νῦν</span> <span class='ocrx_word' id='word_1_75' title='bbox 1940 1110 2152 1163; x_wconf 84' lang='grc' dir='ltr'>ἐπεισα·</span> 
     </span>
    </p>
   </div>
   <div class='ocr_carea' id='block_1_11' title="bbox 552 1189 2160 1264">
    <p class='ocr_par' dir='ltr' id='par_1_11' title="bbox 552 1189 2160 1264">
     <span class='ocr_line' id='line_1_11' title="bbox 552 1189 2160 1264; baseline 0.002 -21"><span class='ocrx_word' id='word_1_76' title='bbox 552 1192 757 1258; x_wconf 75' lang='grc' dir='ltr'>ιγαγετν</span> <span class='ocrx_word' id='word_1_77' title='bbox 782 1189 1001 1261; x_wconf 72' lang='grc' dir='ltr'>ἑαυτὴν,</span> <span class='ocrx_word' id='word_1_78' title='bbox 1031 1191 1096 1244; x_wconf 80' lang='grc' dir='ltr'>οὐ</span> <span class='ocrx_word' id='word_1_79' title='bbox 1123 1189 1349 1244; x_wconf 88' lang='grc' dir='ltr'>δύναται</span> <span class='ocrx_word' id='word_1_80' title='bbox 1375 1206 1388 1219; x_wconf 86' lang='grc'><strong>·</strong></span> <span class='ocrx_word' id='word_1_81' title='bbox 1411 1192 1473 1244; x_wconf 85' lang='grc' dir='ltr'>ού</span> <span class='ocrx_word' id='word_1_82' title='bbox 1492 1191 1603 1263; x_wconf 90' lang='lat'>1&amp;9</span> <span class='ocrx_word' id='word_1_83' title='bbox 1634 1192 1860 1246; x_wconf 88' lang='grc' dir='ltr'>τοιαῦτα</span> <span class='ocrx_word' id='word_1_84' title='bbox 1882 1191 1952 1246; x_wconf 89' lang='grc' dir='ltr'>τά</span> <span class='ocrx_word' id='word_1_85' title='bbox 1978 1192 2160 1264; x_wconf 86' lang='grc' dir='ltr'>πράγ-</span> 
     </span>
    </p>
   </div>
   <div class='ocr_carea' id='block_1_12' title="bbox 568 1272 2157 1348">
    <p class='ocr_par' dir='ltr' id='par_1_12' title="bbox 568 1272 2157 1348">
     <span class='ocr_line' id='line_1_12' title="bbox 568 1272 2157 1348; baseline 0.004 -22"><span class='ocrx_word' id='word_1_86' title='bbox 568 1290 751 1344; x_wconf 79' lang='grc' dir='ltr'>ματα’</span> <span class='ocrx_word' id='word_1_87' title='bbox 784 1274 817 1345; x_wconf 82' lang='grc' dir='ltr'>η</span> <span class='ocrx_word' id='word_1_88' title='bbox 853 1273 964 1346; x_wconf 85' lang='grc' dir='ltr'>γὰρ</span> <span class='ocrx_word' id='word_1_89' title='bbox 992 1272 1112 1338; x_wconf 79' lang='grc' dir='ltr'>όδὸς</span> <span class='ocrx_word' id='word_1_90' title='bbox 1150 1276 1184 1346; x_wconf 80' lang='grc' dir='ltr'><strong>ή</strong></span> <span class='ocrx_word' id='word_1_91' title='bbox 1221 1276 1321 1347; x_wconf 85' lang='grc' dir='ltr'>τῆς</span> <span class='ocrx_word' id='word_1_92' title='bbox 1363 1275 1699 1345; x_wconf 85' lang='grc' dir='ltr'>θεογνωσιας</span> <span class='ocrx_word' id='word_1_93' title='bbox 1739 1276 1922 1348; x_wconf 89' lang='grc' dir='ltr'>πολλῷ</span> <span class='ocrx_word' id='word_1_94' title='bbox 1951 1276 2157 1347; x_wconf 84' lang='grc' dir='ltr'>μείζων</span> 
     </span>
    </p>
   </div>
   <div class='ocr_carea' id='block_1_13' title="bbox 565 1355 2159 1428">
    <p class='ocr_par' dir='ltr' id='par_1_13' title="bbox 565 1355 2159 1428">
     <span class='ocr_line' id='line_1_13' title="bbox 565 1355 2159 1428; baseline -0.001 -18"><span class='ocrx_word' id='word_1_95' title='bbox 565 1355 782 1426; x_wconf 79' lang='grc' dir='ltr'>ἐκείνης</span> <span class='ocrx_word' id='word_1_96' title='bbox 810 1355 973 1426; x_wconf 77' lang='grc' dir='ltr'>αὕτη.</span> <span class='ocrx_word' id='word_1_97' title='bbox 1021 1357 1123 1412; x_wconf 89' lang='grc' dir='ltr'>Διά</span> <span class='ocrx_word' id='word_1_98' title='bbox 1153 1373 1238 1410; x_wconf 91' lang='grc' dir='ltr'>τοι</span> <span class='ocrx_word' id='word_1_99' title='bbox 1278 1356 1437 1411; x_wconf 88' lang='grc' dir='ltr'>τοῦτο</span> <span class='ocrx_word' id='word_1_100' title='bbox 1480 1358 1717 1421; x_wconf 88' lang='grc' dir='ltr'>πίστεως</span> <span class='ocrx_word' id='word_1_101' title='bbox 1762 1360 1858 1413; x_wconf 75' lang='grc' dir='ltr'>καὶ</span> <span class='ocrx_word' id='word_1_102' title='bbox 1897 1359 2159 1428; x_wconf 77' lang='grc' dir='ltr'>ἀφελείας</span> 
     </span>
    </p>
   </div>
   <div class='ocr_carea' id='block_1_14' title="bbox 566 1438 2165 1515">
    <p class='ocr_par' dir='ltr' id='par_1_14' title="bbox 566 1438 2165 1515">
     <span class='ocr_line' id='line_1_14' title="bbox 566 1438 2165 1515; baseline 0.003 -23"><span class='ocrx_word' id='word_1_103' title='bbox 566 1438 750 1510; x_wconf 85' lang='grc' dir='ltr'>χρεία,</span> <span class='ocrx_word' id='word_1_104' title='bbox 786 1441 881 1494; x_wconf 70' lang='grc' dir='ltr'>καὶ</span> <span class='ocrx_word' id='word_1_105' title='bbox 904 1440 1113 1512; x_wconf 90' lang='grc' dir='ltr'>ταύτην</span> <span class='ocrx_word' id='word_1_106' title='bbox 1137 1440 1415 1511; x_wconf 86' lang='grc' dir='ltr'>πανταχοῦ</span> <span class='ocrx_word' id='word_1_107' title='bbox 1447 1443 1631 1513; x_wconf 86' lang='grc' dir='ltr'>ζητεῖν</span> <span class='ocrx_word' id='word_1_108' title='bbox 1660 1442 1762 1509; x_wconf 85' lang='grc' dir='ltr'>δεῖ,</span> <span class='ocrx_word' id='word_1_109' title='bbox 1793 1444 1888 1497; x_wconf 74' lang='grc' dir='ltr'>καὶ</span> <span class='ocrx_word' id='word_1_110' title='bbox 1908 1445 2008 1515; x_wconf 83' lang='grc' dir='ltr'>τῆς</span> <span class='ocrx_word' id='word_1_111' title='bbox 2033 1444 2165 1511; x_wconf 74' lang='grc' dir='ltr'>ἐξωο,</span> 
     </span>
    </p>
   </div>
   <div class='ocr_carea' id='block_1_15' title="bbox 566 1524 2158 1598">
    <p class='ocr_par' dir='ltr' id='par_1_15' title="bbox 566 1524 2158 1598">
     <span class='ocr_line' id='line_1_15' title="bbox 566 1524 2158 1598; baseline 0.001 -21"><span class='ocrx_word' id='word_1_112' title='bbox 566 1524 660 1578; x_wconf 91' lang='grc' dir='ltr'>θεν</span> <span class='ocrx_word' id='word_1_113' title='bbox 690 1526 963 1595; x_wconf 79' lang='grc' dir='ltr'>προτιμᾷν</span> <span class='ocrx_word' id='word_1_114' title='bbox 988 1524 1183 1593; x_wconf 84' lang='grc' dir='ltr'>σοφίας</span> <span class='ocrx_word' id='word_1_115' title='bbox 1205 1540 1220 1555; x_wconf 82' lang='grc'><strong>⁸</strong></span> <span class='ocrx_word' id='word_1_116' title='bbox 1267 1525 1570 1594; x_wconf 80' lang='grc' dir='ltr'>Ἐμώρανε</span> <span class='ocrx_word' id='word_1_117' title='bbox 1590 1526 1700 1598; x_wconf 89' lang='lat'>1&amp;9</span> <span class='ocrx_word' id='word_1_118' title='bbox 1728 1529 1761 1581; x_wconf 82' lang='grc' dir='ltr'><em>ὁ</em></span> <span class='ocrx_word' id='word_1_119' title='bbox 1792 1526 1961 1593; x_wconf 84' lang='grc' dir='ltr'>Θεὸς,</span> <span class='ocrx_word' id='word_1_120' title='bbox 1994 1528 2158 1598; x_wconf 75' lang='grc' dir='ltr'>φησὶ,</span> 
     </span>
    </p>
   </div>
   <div class='ocr_carea' id='block_1_16' title="bbox 565 1606 2160 1680">
    <p class='ocr_par' dir='ltr' id='par_1_16' title="bbox 565 1606 2160 1680">
     <span class='ocr_line' id='line_1_16' title="bbox 565 1606 2160 1680; baseline 0.001 -20"><span class='ocrx_word' id='word_1_121' title='bbox 565 1606 683 1674; x_wconf 72' lang='grc' dir='ltr'>τὴν</span> <span class='ocrx_word' id='word_1_122' title='bbox 720 1607 966 1675; x_wconf 70' lang='grc' dir='ltr'>σοφίαν.</span> <span class='ocrx_word' id='word_1_123' title='bbox 999 1607 1065 1658; x_wconf 91' lang='grc' dir='ltr'>Τί</span> <span class='ocrx_word' id='word_1_124' title='bbox 1093 1607 1151 1661; x_wconf 85' lang='grc' dir='ltr'>δέ</span> <span class='ocrx_word' id='word_1_125' title='bbox 1195 1608 1366 1671; x_wconf 84' lang='grc' dir='ltr'>ἐστιν,</span> <span class='ocrx_word' id='word_1_126' title='bbox 1410 1606 1748 1677; x_wconf 79' lang='grc' dir='ltr'>Ἐμώρανε;</span> <span class='ocrx_word' id='word_1_127' title='bbox 1777 1609 1985 1680; x_wconf 74' lang='grc' dir='ltr'>Μωράν</span> <span class='ocrx_word' id='word_1_128' title='bbox 2019 1610 2160 1663; x_wconf 79' lang='grc' dir='ltr'>ἔδει·</span> 
     </span>
    </p>
   </div>
   <div class='ocr_carea' id='block_1_17' title="bbox 569 1685 2158 1762">
    <p class='ocr_par' dir='ltr' id='par_1_17' title="bbox 569 1685 2158 1762">
     <span class='ocr_line' id='line_1_17' title="bbox 569 1685 2158 1762; baseline 0.001 -20"><span class='ocrx_word' id='word_1_129' title='bbox 569 1688 660 1754; x_wconf 88' lang='grc' dir='ltr'>ξεν</span> <span class='ocrx_word' id='word_1_130' title='bbox 689 1685 855 1742; x_wconf 76' lang='grc' dir='ltr'>οὖσαν</span> <span class='ocrx_word' id='word_1_131' title='bbox 880 1689 1016 1759; x_wconf 78' lang='grc' dir='ltr'>πρὸς</span> <span class='ocrx_word' id='word_1_132' title='bbox 1042 1689 1141 1761; x_wconf 77' lang='grc' dir='ltr'>τὴν</span> <span class='ocrx_word' id='word_1_133' title='bbox 1173 1690 1278 1760; x_wconf 84' lang='grc' dir='ltr'>τῆς</span> <span class='ocrx_word' id='word_1_134' title='bbox 1307 1688 1544 1754; x_wconf 88' lang='grc' dir='ltr'>πίστεως</span> <span class='ocrx_word' id='word_1_135' title='bbox 1572 1691 1898 1762; x_wconf 85' lang='grc' dir='ltr'>κατάληψιν.</span> <span class='ocrx_word' id='word_1_136' title='bbox 1940 1692 2158 1761; x_wconf 84' lang='grc' dir='ltr'>Ἐπειδὴ</span> 
     </span>
    </p>
   </div>
   <div class='ocr_carea' id='block_1_18' title="bbox 567 1766 2153 1844">
    <p class='ocr_par' dir='ltr' id='par_1_18' title="bbox 567 1766 2153 1844">
     <span class='ocr_line' id='line_1_18' title="bbox 567 1766 2153 1844; baseline 0.001 -20"><span class='ocrx_word' id='word_1_137' title='bbox 567 1776 677 1843; x_wconf 75' lang='grc' dir='ltr'>γὰρ</span> <span class='ocrx_word' id='word_1_138' title='bbox 700 1771 843 1842; x_wconf 76' lang='grc' dir='ltr'>μέγα</span> <span class='ocrx_word' id='word_1_139' title='bbox 866 1773 1129 1843; x_wconf 81' lang='grc' dir='ltr'>ἐφρόνουν</span> <span class='ocrx_word' id='word_1_140' title='bbox 1158 1766 1248 1826; x_wconf 64' lang='grc' dir='ltr'>ἐπ’</span> <span class='ocrx_word' id='word_1_141' title='bbox 1274 1772 1434 1844; x_wconf 75' lang='grc' dir='ltr'>αὐτῇ,</span> <span class='ocrx_word' id='word_1_142' title='bbox 1458 1772 1702 1843; x_wconf 50' lang='grc' dir='ltr'>τήλεγξεν</span> <span class='ocrx_word' id='word_1_143' title='bbox 1728 1774 1898 1843; x_wconf 84' lang='grc' dir='ltr'>αὐτὴν</span> <span class='ocrx_word' id='word_1_144' title='bbox 1924 1774 2153 1843; x_wconf 86' lang='grc' dir='ltr'>ταχέως.</span> 
     </span>
    </p>
   </div>
   <div class='ocr_carea' id='block_1_19' title="bbox 566 1854 2160 1926">
    <p class='ocr_par' dir='ltr' id='par_1_19' title="bbox 566 1854 2160 1926">
     <span class='ocr_line' id='line_1_19' title="bbox 566 1854 2160 1926; baseline -0.001 -19"><span class='ocrx_word' id='word_1_145' title='bbox 566 1854 707 1909; x_wconf 82' lang='grc' dir='ltr'>Ποία</span> <span class='ocrx_word' id='word_1_146' title='bbox 731 1854 843 1926; x_wconf 87' lang='lat'>1&amp;9</span> <span class='ocrx_word' id='word_1_147' title='bbox 873 1856 1057 1924; x_wconf 84' lang='grc' dir='ltr'>σοφία,</span> <span class='ocrx_word' id='word_1_148' title='bbox 1101 1855 1233 1909; x_wconf 78' lang='grc' dir='ltr'>ὅταν</span> <span class='ocrx_word' id='word_1_149' title='bbox 1268 1856 1331 1907; x_wconf 89' lang='lat'>16</span> <span class='ocrx_word' id='word_1_150' title='bbox 1363 1856 1658 1923; x_wconf 84' lang='grc' dir='ltr'>κεφάλαιον</span> <span class='ocrx_word' id='word_1_151' title='bbox 1688 1856 1794 1907; x_wconf 90' lang='grc' dir='ltr'>τῶν</span> <span class='ocrx_word' id='word_1_152' title='bbox 1829 1854 2053 1922; x_wconf 82' lang='grc' dir='ltr'>ἀγαθῶν</span> <span class='ocrx_word' id='word_1_153' title='bbox 2083 1854 2160 1923; x_wconf 76' lang='grc' dir='ltr'>μὴ</span> 
     </span>
    </p>
   </div>
   <div class='ocr_carea' id='block_1_20' title="bbox 566 1931 2160 2005">
    <p class='ocr_par' dir='ltr' id='par_1_20' title="bbox 566 1931 2160 2005">
     <span class='ocr_line' id='line_1_20' title="bbox 566 1931 2160 2005; baseline -0.003 -18"><span class='ocrx_word' id='word_1_154' title='bbox 566 1934 830 2005; x_wconf 86' lang='grc' dir='ltr'>εὑρίσκῃ;</span> <span class='ocrx_word' id='word_1_155' title='bbox 890 1934 1147 2004; x_wconf 77' lang='grc' dir='ltr'>Ἐποίησε</span> <span class='ocrx_word' id='word_1_156' title='bbox 1198 1934 1382 1987; x_wconf 85' lang='grc' dir='ltr'>τοίνυν</span> <span class='ocrx_word' id='word_1_157' title='bbox 1426 1932 1662 2001; x_wconf 85' lang='grc' dir='ltr'>φανῆναι</span> <span class='ocrx_word' id='word_1_158' title='bbox 1711 1932 1924 2000; x_wconf 77' lang='grc' dir='ltr'>μωρὰν,</span> <span class='ocrx_word' id='word_1_159' title='bbox 1970 1931 2160 2001; x_wconf 80' lang='grc' dir='ltr'>ἐπειδὴ</span> 
     </span>
    </p>
   </div>
   <div class='ocr_carea' id='block_1_21' title="bbox 568 2010 2160 2082">
    <p class='ocr_par' dir='ltr' id='par_1_21' title="bbox 568 2010 2160 2082">
     <span class='ocr_line' id='line_1_21' title="bbox 568 2010 2160 2082; baseline -0.002 -16"><span class='ocrx_word' id='word_1_160' title='bbox 568 2014 771 2081; x_wconf 80' lang='grc' dir='ltr'>ἐαυτὴν</span> <span class='ocrx_word' id='word_1_161' title='bbox 797 2012 981 2078; x_wconf 80' lang='grc' dir='ltr'>ἐκείνη</span> <span class='ocrx_word' id='word_1_162' title='bbox 1006 2012 1199 2082; x_wconf 76' lang='grc' dir='ltr'>πρώτη</span> <span class='ocrx_word' id='word_1_163' title='bbox 1238 2010 1486 2081; x_wconf 77' lang='grc' dir='ltr'>ἠλεγξεν.</span> <span class='ocrx_word' id='word_1_164' title='bbox 1522 2013 1587 2064; x_wconf 88' lang='grc' dir='ltr'>Εἰ</span> <span class='ocrx_word' id='word_1_165' title='bbox 1619 2011 1730 2082; x_wconf 88' lang='lat'>1&amp;9</span> <span class='ocrx_word' id='word_1_166' title='bbox 1756 2011 1846 2063; x_wconf 79' lang='grc' dir='ltr'>ὅτε</span> <span class='ocrx_word' id='word_1_167' title='bbox 1876 2010 2160 2081; x_wconf 80' lang='grc' dir='ltr'>λογισμοῖς</span> 
     </span>
    </p>
   </div>
   <div class='ocr_carea' id='block_1_22' title="bbox 564 2094 2163 2168">
    <p class='ocr_par' dir='ltr' id='par_1_22' title="bbox 564 2094 2163 2168">
     <span class='ocr_line' id='line_1_22' title="bbox 564 2094 2163 2168; baseline -0.002 -18"><span class='ocrx_word' id='word_1_168' title='bbox 564 2094 635 2167; x_wconf 78' lang='grc' dir='ltr'>ἦν</span> <span class='ocrx_word' id='word_1_169' title='bbox 669 2098 870 2168; x_wconf 86' lang='grc' dir='ltr'>εὑρεῖν,</span> <span class='ocrx_word' id='word_1_170' title='bbox 909 2096 1061 2149; x_wconf 82' lang='grc' dir='ltr'>οὐδὲν</span> <span class='ocrx_word' id='word_1_171' title='bbox 1097 2095 1288 2160; x_wconf 67' lang='grc' dir='ltr'>ἔδειξε,</span> <span class='ocrx_word' id='word_1_172' title='bbox 1330 2094 1426 2149; x_wconf 90' lang='grc' dir='ltr'>νῦν</span> <span class='ocrx_word' id='word_1_173' title='bbox 1454 2096 1543 2148; x_wconf 81' lang='grc' dir='ltr'>ὅτε</span> <span class='ocrx_word' id='word_1_174' title='bbox 1578 2094 1800 2165; x_wconf 89' lang='grc' dir='ltr'>μείζονα</span> <span class='ocrx_word' id='word_1_175' title='bbox 1831 2095 2058 2166; x_wconf 85' lang='grc' dir='ltr'>φέρεται</span> <span class='ocrx_word' id='word_1_176' title='bbox 2091 2094 2163 2147; x_wconf 82' lang='grc' dir='ltr'>τά</span> 
     </span>
    </p>
   </div>
   <div class='ocr_carea' id='block_1_23' title="bbox 567 2172 2162 2246">
    <p class='ocr_par' dir='ltr' id='par_1_23' title="bbox 567 2172 2162 2246">
     <span class='ocr_line' id='line_1_23' title="bbox 567 2172 2162 2246; baseline -0.001 -19"><span class='ocrx_word' id='word_1_177' title='bbox 567 2176 895 2246; x_wconf 84' lang='grc' dir='ltr'>πράγματα.</span> <span class='ocrx_word' id='word_1_178' title='bbox 935 2172 1054 2236; x_wconf 80' lang='grc' dir='ltr'>πῶς</span> <span class='ocrx_word' id='word_1_179' title='bbox 1089 2174 1285 2228; x_wconf 90' lang='grc' dir='ltr'>ἀνῦσαί</span> <span class='ocrx_word' id='word_1_180' title='bbox 1334 2190 1387 2227; x_wconf 91' lang='grc' dir='ltr'>τι</span> <span class='ocrx_word' id='word_1_181' title='bbox 1435 2173 1750 2245; x_wconf 84' lang='grc' dir='ltr'>δυνήσεται,</span> <span class='ocrx_word' id='word_1_182' title='bbox 1796 2174 1887 2227; x_wconf 81' lang='grc' dir='ltr'>ὅτε</span> <span class='ocrx_word' id='word_1_183' title='bbox 1928 2173 2162 2237; x_wconf 79' lang='grc' dir='ltr'>πίστεως</span> 
     </span>
    </p>
   </div>
   <div class='ocr_carea' id='block_1_24' title="bbox 566 2256 2163 2329">
    <p class='ocr_par' dir='ltr' id='par_1_24' title="bbox 566 2256 2163 2329">
     <span class='ocr_line' id='line_1_24' title="bbox 566 2256 2163 2329; baseline -0.003 -17"><span class='ocrx_word' id='word_1_184' title='bbox 566 2258 730 2329; x_wconf 85' lang='grc' dir='ltr'>χρεία</span> <span class='ocrx_word' id='word_1_185' title='bbox 768 2258 955 2329; x_wconf 86' lang='grc' dir='ltr'>μόνης,</span> <span class='ocrx_word' id='word_1_186' title='bbox 989 2257 1083 2313; x_wconf 71' lang='grc' dir='ltr'>καὶ</span> <span class='ocrx_word' id='word_1_187' title='bbox 1104 2257 1227 2329; x_wconf 78' lang='grc' dir='ltr'>οὐχὶ</span> <span class='ocrx_word' id='word_1_188' title='bbox 1250 2257 1585 2327; x_wconf 89' lang='grc' dir='ltr'>δεινότητος;</span> <span class='ocrx_word' id='word_1_189' title='bbox 1624 2256 1834 2328; x_wconf 84' lang='grc' dir='ltr'>Μωράν</span> <span class='ocrx_word' id='word_1_190' title='bbox 1860 2256 2040 2310; x_wconf 84' lang='grc' dir='ltr'>τοίνυν</span> <span class='ocrx_word' id='word_1_191' title='bbox 2062 2256 2163 2309; x_wconf 81' lang='grc' dir='ltr'>αὑ-</span> 
     </span>
    </p>
   </div>
   <div class='ocr_carea' id='block_1_25' title="bbox 567 2338 2157 2411">
    <p class='ocr_par' dir='ltr' id='par_1_25' title="bbox 567 2338 2157 2411">
     <span class='ocr_line' id='line_1_25' title="bbox 567 2338 2157 2411; baseline 0.001 -20"><span class='ocrx_word' id='word_1_192' title='bbox 567 2341 664 2411; x_wconf 82' lang='grc' dir='ltr'>τὴν</span> <span class='ocrx_word' id='word_1_193' title='bbox 705 2340 906 2403; x_wconf 75' lang='grc' dir='ltr'>ἔδειξεν</span> <span class='ocrx_word' id='word_1_194' title='bbox 934 2340 961 2392; x_wconf 97' lang='lat'>6</span> <span class='ocrx_word' id='word_1_195' title='bbox 996 2340 1159 2403; x_wconf 78' lang='grc' dir='ltr'>Θεόςο</span> <span class='ocrx_word' id='word_1_196' title='bbox 1198 2339 1546 2410; x_wconf 84' lang='grc' dir='ltr'>ηὐδόκησεδέ</span> <span class='ocrx_word' id='word_1_197' title='bbox 1573 2338 1661 2392; x_wconf 85' lang='grc' dir='ltr'>διά</span> <span class='ocrx_word' id='word_1_198' title='bbox 1687 2339 1787 2407; x_wconf 82' lang='grc' dir='ltr'>τῆς</span> <span class='ocrx_word' id='word_1_199' title='bbox 1820 2338 2033 2411; x_wconf 84' lang='grc' dir='ltr'>μωρίας</span> <span class='ocrx_word' id='word_1_200' title='bbox 2065 2338 2157 2392; x_wconf 91' lang='grc' dir='ltr'>τοῦ</span> 
     </span>
    </p>
   </div>
   <div class='ocr_carea' id='block_1_26' title="bbox 568 2414 2160 2488">
    <p class='ocr_par' dir='ltr' id='par_1_26' title="bbox 568 2414 2160 2488">
     <span class='ocr_line' id='line_1_26' title="bbox 568 2414 2160 2488; baseline -0.001 -17"><span class='ocrx_word' id='word_1_201' title='bbox 568 2417 926 2488; x_wconf 75' lang='grc' dir='ltr'>κηρύγματος</span> <span class='ocrx_word' id='word_1_202' title='bbox 958 2415 1153 2480; x_wconf 81' lang='grc' dir='ltr'>σῶσαι,</span> <span class='ocrx_word' id='word_1_203' title='bbox 1186 2418 1398 2487; x_wconf 83' lang='grc' dir='ltr'>μωρίας</span> <span class='ocrx_word' id='word_1_204' title='bbox 1427 2416 1485 2469; x_wconf 83' lang='grc' dir='ltr'>δέ</span> <span class='ocrx_word' id='word_1_205' title='bbox 1522 2416 1645 2485; x_wconf 75' lang='grc' dir='ltr'>ούχὶ</span> <span class='ocrx_word' id='word_1_206' title='bbox 1673 2416 1775 2485; x_wconf 82' lang='grc' dir='ltr'>τῆς</span> <span class='ocrx_word' id='word_1_207' title='bbox 1804 2414 1993 2486; x_wconf 81' lang='grc' dir='ltr'>οῦσης,</span> <span class='ocrx_word' id='word_1_208' title='bbox 2024 2416 2160 2469; x_wconf 89' lang='grc' dir='ltr'>ἀλλά</span> 
     </span>
    </p>
   </div>
   <div class='ocr_carea' id='block_1_27' title="bbox 566 2492 2159 2567">
    <p class='ocr_par' dir='ltr' id='par_1_27' title="bbox 566 2492 2159 2567">
     <span class='ocr_line' id='line_1_27' title="bbox 566 2492 2159 2567; baseline -0.002 -18"><span class='ocrx_word' id='word_1_209' title='bbox 566 2497 667 2566; x_wconf 81' lang='grc' dir='ltr'>τῆς</span> <span class='ocrx_word' id='word_1_210' title='bbox 710 2492 852 2548; x_wconf 82' lang='grc' dir='ltr'>εἶναι</span> <span class='ocrx_word' id='word_1_211' title='bbox 880 2494 1165 2565; x_wconf 83' lang='grc' dir='ltr'>δοκούσης.</span> <span class='ocrx_word' id='word_1_212' title='bbox 1207 2497 1280 2548; x_wconf 86' lang='grc' dir='ltr'>Τὸ</span> <span class='ocrx_word' id='word_1_213' title='bbox 1314 2496 1424 2567; x_wconf 85' lang='grc' dir='ltr'>γάρ</span> <span class='ocrx_word' id='word_1_214' title='bbox 1453 2496 1638 2567; x_wconf 86' lang='grc' dir='ltr'>μεῖζον</span> <span class='ocrx_word' id='word_1_215' title='bbox 1673 2495 1834 2549; x_wconf 89' lang='grc' dir='ltr'>τοῦτό</span> <span class='ocrx_word' id='word_1_216' title='bbox 1864 2498 2033 2559; x_wconf 84' lang='grc' dir='ltr'>ἐστιν,</span> <span class='ocrx_word' id='word_1_217' title='bbox 2076 2497 2159 2547; x_wconf 73' lang='grc' dir='ltr'>ὅτι</span> 
     </span>
    </p>
   </div>
   <div class='ocr_carea' id='block_1_28' title="bbox 564 2578 2162 2650">
    <p class='ocr_par' dir='ltr' id='par_1_28' title="bbox 564 2578 2162 2650">
     <span class='ocr_line' id='line_1_28' title="bbox 564 2578 2162 2650; baseline -0.001 -19"><span class='ocrx_word' id='word_1_218' title='bbox 564 2580 666 2649; x_wconf 81' lang='grc' dir='ltr'>οὐχ</span> <span class='ocrx_word' id='word_1_219' title='bbox 690 2578 886 2650; x_wconf 81' lang='grc' dir='ltr'>ἐτέραν</span> <span class='ocrx_word' id='word_1_220' title='bbox 925 2580 1121 2647; x_wconf 85' lang='grc' dir='ltr'>σοφίαν</span> <span class='ocrx_word' id='word_1_221' title='bbox 1154 2578 1412 2649; x_wconf 84' lang='grc' dir='ltr'>τοιαύτην</span> <span class='ocrx_word' id='word_1_222' title='bbox 1436 2579 1655 2648; x_wconf 82' lang='grc' dir='ltr'>ἐκείνης</span> <span class='ocrx_word' id='word_1_223' title='bbox 1682 2578 1906 2631; x_wconf 84' lang='grc' dir='ltr'>πλείονα</span> <span class='ocrx_word' id='word_1_224' title='bbox 1943 2580 2162 2644; x_wconf 82' lang='grc' dir='ltr'>εἰσαγα·</span> 
     </span>
    </p>
   </div>
   <div class='ocr_carea' id='block_1_29' title="bbox 567 2656 2161 2731">
    <p class='ocr_par' dir='ltr' id='par_1_29' title="bbox 567 2656 2161 2731">
     <span class='ocr_line' id='line_1_29' title="bbox 567 2656 2161 2731; baseline -0.002 -17"><span class='ocrx_word' id='word_1_225' title='bbox 567 2660 702 2729; x_wconf 86' lang='grc' dir='ltr'>γὼν,</span> <span class='ocrx_word' id='word_1_226' title='bbox 728 2661 867 2715; x_wconf 89' lang='grc' dir='ltr'>ἀλλά</span> <span class='ocrx_word' id='word_1_227' title='bbox 900 2662 1003 2731; x_wconf 80' lang='grc' dir='ltr'>τὴν</span> <span class='ocrx_word' id='word_1_228' title='bbox 1033 2661 1293 2715; x_wconf 73' lang='grc' dir='ltr'>δοκοῦσαν</span> <span class='ocrx_word' id='word_1_229' title='bbox 1320 2656 1461 2714; x_wconf 74' lang='grc' dir='ltr'>εἶναι</span> <span class='ocrx_word' id='word_1_230' title='bbox 1495 2661 1729 2731; x_wconf 84' lang='grc' dir='ltr'>μωρίαν,</span> <span class='ocrx_word' id='word_1_231' title='bbox 1768 2660 1913 2713; x_wconf 76' lang='grc' dir='ltr'>οὓτω</span> <span class='ocrx_word' id='word_1_232' title='bbox 1945 2658 2161 2729; x_wconf 83' lang='grc' dir='ltr'>περιγέ-</span> 
     </span>
    </p>
   </div>
   <div class='ocr_carea' id='block_1_30' title="bbox 565 2741 2157 2815">
    <p class='ocr_par' dir='ltr' id='par_1_30' title="bbox 565 2741 2157 2815">
     <span class='ocr_line' id='line_1_30' title="bbox 565 2741 2157 2815; baseline -0.003 -17"><span class='ocrx_word' id='word_1_233' title='bbox 565 2760 713 2814; x_wconf 80' lang='grc' dir='ltr'>γονε.</span> <span class='ocrx_word' id='word_1_234' title='bbox 755 2746 867 2798; x_wconf 77' lang='grc' dir='ltr'>Καὶ</span> <span class='ocrx_word' id='word_1_235' title='bbox 901 2745 1010 2815; x_wconf 87' lang='grc' dir='ltr'>γάρ</span> <span class='ocrx_word' id='word_1_236' title='bbox 1061 2744 1329 2798; x_wconf 86' lang='grc' dir='ltr'>Πλάτωνα</span> <span class='ocrx_word' id='word_1_237' title='bbox 1372 2742 1653 2806; x_wconf 81' lang='grc' dir='ltr'>ὲξέὸαλεν,</span> <span class='ocrx_word' id='word_1_238' title='bbox 1699 2742 1823 2812; x_wconf 80' lang='grc' dir='ltr'>οὐχὶ</span> <span class='ocrx_word' id='word_1_239' title='bbox 1865 2742 1933 2794; x_wconf 87' lang='grc' dir='ltr'>δι’</span> <span class='ocrx_word' id='word_1_240' title='bbox 1969 2741 2157 2813; x_wconf 84' lang='grc' dir='ltr'>ἐτέρου</span> 
     </span>
    </p>
   </div>
   <div class='ocr_carea' id='block_1_31' title="bbox 568 2823 2160 2897">
    <p class='ocr_par' dir='ltr' id='par_1_31' title="bbox 568 2823 2160 2897">
     <span class='ocr_line' id='line_1_31' title="bbox 568 2823 2160 2897; baseline -0.001 -19"><span class='ocrx_word' id='word_1_241' title='bbox 568 2825 862 2896; x_wconf 81' lang='grc' dir='ltr'>φιλοσόφου</span> <span class='ocrx_word' id='word_1_242' title='bbox 894 2827 1231 2896; x_wconf 82' lang='grc' dir='ltr'>σοφωτέρου,</span> <span class='ocrx_word' id='word_1_243' title='bbox 1262 2824 1399 2879; x_wconf 84' lang='grc' dir='ltr'>ἀλλά</span> <span class='ocrx_word' id='word_1_244' title='bbox 1421 2823 1510 2879; x_wconf 87' lang='grc' dir='ltr'>διά</span> <span class='ocrx_word' id='word_1_245' title='bbox 1537 2823 1734 2889; x_wconf 78' lang='grc' dir='ltr'>ἁλιέως</span> <span class='ocrx_word' id='word_1_246' title='bbox 1758 2824 2029 2897; x_wconf 84' lang='grc' dir='ltr'>ἀμαθοῦς.</span> <span class='ocrx_word' id='word_1_247' title='bbox 2058 2824 2160 2877; x_wconf 67' lang='lat'>06-</span> 
     </span>
    </p>
   </div>
   <div class='ocr_carea' id='block_1_32' title="bbox 566 2904 2153 2981">
    <p class='ocr_par' dir='ltr' id='par_1_32' title="bbox 566 2904 2153 2981">
     <span class='ocr_line' id='line_1_32' title="bbox 566 2904 2153 2981; baseline -0.003 -16"><span class='ocrx_word' id='word_1_248' title='bbox 566 2928 646 2965; x_wconf 90' lang='grc' dir='ltr'>τω</span> <span class='ocrx_word' id='word_1_249' title='bbox 678 2910 786 2981; x_wconf 91' lang='lat'>1&amp;9</span> <span class='ocrx_word' id='word_1_250' title='bbox 828 2908 1015 2977; x_wconf 89' lang='grc' dir='ltr'>γέγονε</span> <span class='ocrx_word' id='word_1_251' title='bbox 1050 2910 1255 2980; x_wconf 88' lang='grc' dir='ltr'>μείζων</span> <span class='ocrx_word' id='word_1_252' title='bbox 1302 2910 1333 2979; x_wconf 73' lang='grc' dir='ltr'>ἡ</span> <span class='ocrx_word' id='word_1_253' title='bbox 1377 2904 1539 2979; x_wconf 82' lang='grc' dir='ltr'>ἧττα,</span> <span class='ocrx_word' id='word_1_254' title='bbox 1581 2909 1679 2963; x_wconf 82' lang='grc' dir='ltr'>καὶ</span> <span class='ocrx_word' id='word_1_255' title='bbox 1724 2910 2082 2981; x_wconf 88' lang='grc' dir='ltr'>λαμπροτέρα</span> <span class='ocrx_word' id='word_1_256' title='bbox 2120 2910 2153 2978; x_wconf 83' lang='grc' dir='ltr'><strong>ἡ</strong></span> 
     </span>
    </p>
   </div>
   <div class='ocr_carea' id='block_1_33' title="bbox 567 2987 2155 3064">
    <p class='ocr_par' dir='ltr' id='par_1_33' title="bbox 567 2987 2155 3064">
     <span class='ocr_line' id='line_1_33' title="bbox 567 2987 2155 3064; baseline -0.001 -19"><span class='ocrx_word' id='word_1_257' title='bbox 567 2993 714 3063; x_wconf 85' lang='grc' dir='ltr'>νίκη.</span> <span class='ocrx_word' id='word_1_258' title='bbox 752 2987 886 3045; x_wconf 85' lang='grc' dir='ltr'>Εἶτα</span> <span class='ocrx_word' id='word_1_259' title='bbox 924 2992 1141 3055; x_wconf 80' lang='grc' dir='ltr'>δεικνὺς</span> <span class='ocrx_word' id='word_1_260' title='bbox 1168 2992 1261 3046; x_wconf 91' lang='grc' dir='ltr'>τοῦ</span> <span class='ocrx_word' id='word_1_261' title='bbox 1290 2992 1526 3062; x_wconf 85' lang='grc' dir='ltr'>σταυροῦ</span> <span class='ocrx_word' id='word_1_262' title='bbox 1552 2992 1652 3064; x_wconf 79' lang='grc' dir='ltr'>τὴν</span> <span class='ocrx_word' id='word_1_263' title='bbox 1683 2992 1935 3063; x_wconf 83' lang='grc' dir='ltr'>δύναμιν,</span> <span class='ocrx_word' id='word_1_264' title='bbox 1961 2994 2124 3061; x_wconf 86' lang='grc' dir='ltr'>φησίν</span> <span class='ocrx_word' id='word_1_265' title='bbox 2142 3007 2155 3020; x_wconf 89' lang='grc'><strong>·</strong></span> 
     </span>
    </p>
   </div>
   <div class='ocr_carea' id='block_1_34' title="bbox 579 3076 2161 3145">
    <p class='ocr_par' dir='ltr' id='par_1_34' title="bbox 579 3076 2161 3145">
     <span class='ocr_line' id='line_1_34' title="bbox 579 3076 2161 3145; baseline -0.002 -14"><span class='ocrx_word' id='word_1_266' title='bbox 579 3078 820 3145; x_wconf 79' lang='grc' dir='ltr'>Ἐπειδὴ</span> <span class='ocrx_word' id='word_1_267' title='bbox 848 3076 945 3130; x_wconf 76' lang='grc' dir='ltr'>καὶ</span> <span class='ocrx_word' id='word_1_268' title='bbox 968 3081 1023 3131; x_wconf 83' lang='grc' dir='ltr'>οι</span> <span class='ocrx_word' id='word_1_269' title='bbox 1070 3078 1340 3132; x_wconf 83' lang='grc' dir='ltr'>Ἰουδαῖοι</span> <span class='ocrx_word' id='word_1_270' title='bbox 1370 3076 1590 3142; x_wconf 81' lang='grc' dir='ltr'>σημεῖα</span> <span class='ocrx_word' id='word_1_271' title='bbox 1618 3076 1877 3137; x_wconf 75' lang='grc' dir='ltr'>αἰτοῦσι,</span> <span class='ocrx_word' id='word_1_272' title='bbox 1899 3077 1998 3129; x_wconf 81' lang='grc' dir='ltr'>καί</span> <span class='ocrx_word' id='word_1_273' title='bbox 2028 3077 2161 3128; x_wconf 75' lang='grc' dir='ltr'>Ἔλ-</span> 
     </span>
    </p>
   </div>
   <div class='ocr_carea' id='block_1_35' title="bbox 564 3158 2160 3231">
    <p class='ocr_par' dir='ltr' id='par_1_35' title="bbox 564 3158 2160 3231">
     <span class='ocr_line' id='line_1_35' title="bbox 564 3158 2160 3231; baseline -0.001 -16"><span class='ocrx_word' id='word_1_274' title='bbox 564 3166 751 3227; x_wconf 71' lang='grc' dir='ltr'>,ἲηνες</span> <span class='ocrx_word' id='word_1_275' title='bbox 799 3162 1028 3229; x_wconf 69' lang='grc' dir='ltr'>σοφίαν</span> <span class='ocrx_word' id='word_1_276' title='bbox 1072 3159 1354 3227; x_wconf 80' lang='grc' dir='ltr'>ζητοῦσιν</span> <span class='ocrx_word' id='word_1_277' title='bbox 1379 3176 1393 3190; x_wconf 74' lang='grc' dir='ltr'><strong>ο</strong></span> <span class='ocrx_word' id='word_1_278' title='bbox 1429 3161 1601 3231; x_wconf 73' lang='grc' dir='ltr'>ἡμεῖς</span> <span class='ocrx_word' id='word_1_279' title='bbox 1648 3158 1717 3212; x_wconf 87' lang='grc' dir='ltr'>δὲ</span> <span class='ocrx_word' id='word_1_280' title='bbox 1768 3160 2160 3228; x_wconf 79' lang='grc' dir='ltr'>κηρύσσομεν</span> 
     </span>
    </p>
   </div>
   <div class='ocr_carea' id='block_1_36' title="bbox 566 3240 2158 3312">
    <p class='ocr_par' dir='ltr' id='par_1_36' title="bbox 566 3240 2158 3312">
     <span class='ocr_line' id='line_1_36' title="bbox 566 3240 2158 3312; baseline -0.002 -15"><span class='ocrx_word' id='word_1_281' title='bbox 566 3243 829 3311; x_wconf 80' lang='grc' dir='ltr'>Χριστὸν</span> <span class='ocrx_word' id='word_1_282' title='bbox 859 3241 1338 3312; x_wconf 71' lang='grc' dir='ltr'>ἑσταιφωμένον,</span> <span class='ocrx_word' id='word_1_283' title='bbox 1384 3242 1693 3309; x_wconf 80' lang='grc' dir='ltr'>Ἰουδαίοις</span> <span class='ocrx_word' id='word_1_284' title='bbox 1731 3242 1850 3312; x_wconf 84' lang='grc' dir='ltr'>μὲν</span> <span class='ocrx_word' id='word_1_285' title='bbox 1890 3240 2158 3296; x_wconf 78' lang='grc' dir='ltr'>σκάνδα-</span> 
     </span>
    </p>
   </div>
   <div class='ocr_carea' id='block_1_37' title="bbox 566 3325 2159 3394">
    <p class='ocr_par' dir='ltr' id='par_1_37' title="bbox 566 3325 2159 3394">
     <span class='ocr_line' id='line_1_37' title="bbox 566 3325 2159 3394; baseline -0.004 -13"><span class='ocrx_word' id='word_1_286' title='bbox 566 3331 701 3391; x_wconf 72' lang='grc' dir='ltr'>λον,</span> <span class='ocrx_word' id='word_1_287' title='bbox 730 3328 994 3393; x_wconf 76' lang='grc' dir='ltr'>Ἕλλησι</span> <span class='ocrx_word' id='word_1_288' title='bbox 1041 3325 1109 3378; x_wconf 83' lang='grc' dir='ltr'>δὲ</span> <span class='ocrx_word' id='word_1_289' title='bbox 1133 3328 1387 3394; x_wconf 78' lang='grc' dir='ltr'>μωρίαν,</span> <span class='ocrx_word' id='word_1_290' title='bbox 1416 3325 1623 3393; x_wconf 79' lang='grc' dir='ltr'>αὐτοῖς</span> <span class='ocrx_word' id='word_1_291' title='bbox 1649 3326 1718 3379; x_wconf 73' lang='grc' dir='ltr'>δὲ</span> <span class='ocrx_word' id='word_1_292' title='bbox 1746 3326 1873 3391; x_wconf 84' lang='grc' dir='ltr'>τοῖς</span> <span class='ocrx_word' id='word_1_293' title='bbox 1911 3326 2159 3391; x_wconf 79' lang='grc' dir='ltr'>κλητοῖς</span> 
     </span>
    </p>
   </div>
   <div class='ocr_carea' id='block_1_38' title="bbox 580 3408 2159 3478">
    <p class='ocr_par' dir='ltr' id='par_1_38' title="bbox 580 3408 2159 3478">
     <span class='ocr_line' id='line_1_38' title="bbox 580 3408 2159 3478; baseline -0.003 -14"><span class='ocrx_word' id='word_1_294' title='bbox 580 3411 895 3475; x_wconf 72' lang='grc' dir='ltr'>Ἰουδαίοις</span> <span class='ocrx_word' id='word_1_295' title='bbox 923 3427 986 3463; x_wconf 85' lang='grc' dir='ltr'>τε</span> <span class='ocrx_word' id='word_1_296' title='bbox 1009 3409 1107 3464; x_wconf 82' lang='grc' dir='ltr'>καί</span> <span class='ocrx_word' id='word_1_297' title='bbox 1134 3410 1393 3478; x_wconf 64' lang='grc' dir='ltr'>Ἕλλησι</span> <span class='ocrx_word' id='word_1_298' title='bbox 1427 3409 1687 3477; x_wconf 66' lang='grc' dir='ltr'>Χριστὸν</span> <span class='ocrx_word' id='word_1_299' title='bbox 1718 3408 1868 3463; x_wconf 85' lang='grc' dir='ltr'>Θεοῦ</span> <span class='ocrx_word' id='word_1_300' title='bbox 1899 3408 2159 3477; x_wconf 72' lang='grc' dir='ltr'>δύναμιν</span> 
     </span>
    </p>
   </div>
   <div class='ocr_carea' id='block_1_39' title="bbox 567 3492 1129 3561">
    <p class='ocr_par' dir='ltr' id='par_1_39' title="bbox 567 3492 1129 3561">
     <span class='ocr_line' id='line_1_39' title="bbox 567 3492 1129 3561; baseline -0.002 -14"><span class='ocrx_word' id='word_1_301' title='bbox 567 3494 666 3547; x_wconf 77' lang='grc' dir='ltr'>καί</span> <span class='ocrx_word' id='word_1_302' title='bbox 706 3492 856 3546; x_wconf 82' lang='grc' dir='ltr'>Θεοῦ</span> <span class='ocrx_word' id='word_1_303' title='bbox 880 3492 1129 3561; x_wconf 74' lang='grc' dir='ltr'>σοφίαν.</span> 
     </span>
    </p>
   </div>
   <div class='ocr_carea' id='block_1_40' title="bbox 636 3605 2159 3679">
    <p class='ocr_par' dir='ltr' id='par_1_40' title="bbox 636 3605 2159 3679">
     <span class='ocr_line' id='line_1_40' title="bbox 636 3605 2159 3679; baseline -0.001 -18"><span class='ocrx_word' id='word_1_304' title='bbox 636 3616 706 3677; x_wconf 84' lang='grc' dir='ltr'>γ’.</span> <span class='ocrx_word' id='word_1_305' title='bbox 743 3606 856 3679; x_wconf 71' lang='lat'>[‘27]</span> <span class='ocrx_word' id='word_1_306' title='bbox 886 3606 1063 3677; x_wconf 75' lang='grc' dir='ltr'>Πολλὴ</span> <span class='ocrx_word' id='word_1_307' title='bbox 1087 3606 1193 3659; x_wconf 86' lang='grc' dir='ltr'>τῶν</span> <span class='ocrx_word' id='word_1_308' title='bbox 1212 3605 1521 3677; x_wconf 77' lang='grc' dir='ltr'>εἰρημένων</span> <span class='ocrx_word' id='word_1_309' title='bbox 1548 3608 1580 3677; x_wconf 75' lang='grc' dir='ltr'>ἡ</span> <span class='ocrx_word' id='word_1_310' title='bbox 1615 3607 1848 3667; x_wconf 87' lang='grc' dir='ltr'>σύνεσις.</span> <span class='ocrx_word' id='word_1_311' title='bbox 1872 3606 2027 3659; x_wconf 80' lang='grc' dir='ltr'>Θέλει</span> <span class='ocrx_word' id='word_1_312' title='bbox 2050 3607 2159 3679; x_wconf 83' lang='grc' dir='ltr'>γάρ</span> 
     </span>
    </p>
   </div>
   <div class='ocr_carea' id='block_1_41' title="bbox 570 3690 2161 3763">
    <p class='ocr_par' dir='ltr' id='par_1_41' title="bbox 570 3690 2161 3763">
     <span class='ocr_line' id='line_1_41' title="bbox 570 3690 2161 3763; baseline -0.001 -17"><span class='ocrx_word' id='word_1_313' title='bbox 570 3694 767 3755; x_wconf 88' lang='grc' dir='ltr'>εἰπεῖν,</span> <span class='ocrx_word' id='word_1_314' title='bbox 793 3690 910 3753; x_wconf 90' lang='grc' dir='ltr'>πῶς</span> <span class='ocrx_word' id='word_1_315' title='bbox 939 3690 1028 3743; x_wconf 88' lang='grc' dir='ltr'>διά</span> <span class='ocrx_word' id='word_1_316' title='bbox 1054 3690 1165 3742; x_wconf 92' lang='grc' dir='ltr'>τῶν</span> <span class='ocrx_word' id='word_1_317' title='bbox 1198 3692 1458 3743; x_wconf 75' lang='grc' dir='ltr'>ἐναντίων</span> <span class='ocrx_word' id='word_1_318' title='bbox 1497 3692 1800 3763; x_wconf 85' lang='grc' dir='ltr'>ἐκράτησεν</span> <span class='ocrx_word' id='word_1_319' title='bbox 1827 3694 1855 3745; x_wconf 92' lang='lat'>6</span> <span class='ocrx_word' id='word_1_320' title='bbox 1880 3692 2034 3756; x_wconf 76' lang='grc' dir='ltr'>Θεὸς,</span> <span class='ocrx_word' id='word_1_321' title='bbox 2066 3693 2161 3745; x_wconf 77' lang='grc' dir='ltr'>καὶ</span> 
     </span>
    </p>
   </div>
   <div class='ocr_carea' id='block_1_42' title="bbox 570 3771 2158 3845">
    <p class='ocr_par' dir='ltr' id='par_1_42' title="bbox 570 3771 2158 3845">
     <span class='ocr_line' id='line_1_42' title="bbox 570 3771 2158 3845; baseline -0.001 -18"><span class='ocrx_word' id='word_1_322' title='bbox 570 3774 689 3837; x_wconf 85' lang='grc' dir='ltr'>πῶς</span> <span class='ocrx_word' id='word_1_323' title='bbox 714 3776 813 3827; x_wconf 74' lang='grc' dir='ltr'>οὐκ</span> <span class='ocrx_word' id='word_1_324' title='bbox 844 3774 993 3826; x_wconf 78' lang='grc' dir='ltr'>ἐστιν</span> <span class='ocrx_word' id='word_1_325' title='bbox 1030 3771 1371 3843; x_wconf 87' lang='grc' dir='ltr'>ἀνθρώπινον</span> <span class='ocrx_word' id='word_1_326' title='bbox 1394 3772 1455 3825; x_wconf 89' lang='lat'>16</span> <span class='ocrx_word' id='word_1_327' title='bbox 1475 3775 1760 3845; x_wconf 81' lang='grc' dir='ltr'>κήρυγμα.</span> <span class='ocrx_word' id='word_1_328' title='bbox 1809 3775 1873 3828; x_wconf 81' lang='grc' dir='ltr'>’Ὀ</span> <span class='ocrx_word' id='word_1_329' title='bbox 1894 3774 1951 3826; x_wconf 87' lang='grc' dir='ltr'>δὲ</span> <span class='ocrx_word' id='word_1_330' title='bbox 1989 3775 2158 3841; x_wconf 82' lang='grc' dir='ltr'>λέγει,</span> 
     </span>
    </p>
   </div>
   <div class='ocr_carea' id='block_1_43' title="bbox 569 3854 2159 3926">
    <p class='ocr_par' dir='ltr' id='par_1_43' title="bbox 569 3854 2159 3926">
     <span class='ocr_line' id='line_1_43' title="bbox 569 3854 2159 3926; baseline -0.001 -17"><span class='ocrx_word' id='word_1_331' title='bbox 569 3857 809 3910; x_wconf 85' lang='grc' dir='ltr'>τοιοῦτόν</span> <span class='ocrx_word' id='word_1_332' title='bbox 832 3858 1006 3909; x_wconf 82' lang='grc' dir='ltr'>ἐστιν⁹</span> <span class='ocrx_word' id='word_1_333' title='bbox 1034 3856 1206 3910; x_wconf 88' lang='grc' dir='ltr'>Ὅταν</span> <span class='ocrx_word' id='word_1_334' title='bbox 1236 3854 1508 3925; x_wconf 79' lang='grc' dir='ltr'>εἴπωμεν,</span> <span class='ocrx_word' id='word_1_335' title='bbox 1534 3857 1719 3926; x_wconf 75' lang='grc' dir='ltr'>φησὶν,</span> <span class='ocrx_word' id='word_1_336' title='bbox 1738 3856 2033 3918; x_wconf 79' lang='grc' dir='ltr'>Ἰουδαίοις,</span> <span class='ocrx_word' id='word_1_337' title='bbox 2059 3858 2159 3908; x_wconf 91' lang='grc' dir='ltr'>Πι-</span> 
     </span>
    </p>
   </div>
   <div class='ocr_carea' id='block_1_44' title="bbox 571 3939 2159 4009">
    <p class='ocr_par' dir='ltr' id='par_1_44' title="bbox 571 3939 2159 4009">
     <span class='ocr_line' id='line_1_44' title="bbox 571 3939 2159 4009; baseline -0.001 -16"><span class='ocrx_word' id='word_1_338' title='bbox 571 3941 855 4003; x_wconf 82' lang='grc' dir='ltr'>στεύσατε,</span> <span class='ocrx_word' id='word_1_339' title='bbox 909 3940 1180 4009; x_wconf 85' lang='grc' dir='ltr'>λέγουσιν,</span> <span class='ocrx_word' id='word_1_340' title='bbox 1238 3940 1605 4008; x_wconf 80' lang='grc' dir='ltr'>Ἀναστήσατε</span> <span class='ocrx_word' id='word_1_341' title='bbox 1643 3941 1890 4009; x_wconf 79' lang='grc' dir='ltr'>νεκροὺς,</span> <span class='ocrx_word' id='word_1_342' title='bbox 1934 3939 2159 3991; x_wconf 85' lang='grc' dir='ltr'>ἰάσασθε</span> 
     </span>
    </p>
   </div>
   <div class='ocr_carea' id='block_1_45' title="bbox 568 4019 2160 4093">
    <p class='ocr_par' dir='ltr' id='par_1_45' title="bbox 568 4019 2160 4093">
     <span class='ocr_line' id='line_1_45' title="bbox 568 4019 2160 4093; baseline 0 -16"><span class='ocrx_word' id='word_1_343' title='bbox 568 4023 976 4093; x_wconf 83' lang='grc' dir='ltr'>δαιμονῶντας,</span> <span class='ocrx_word' id='word_1_344' title='bbox 1027 4019 1239 4085; x_wconf 80' lang='grc' dir='ltr'>δείξατε</span> <span class='ocrx_word' id='word_1_345' title='bbox 1279 4023 1412 4089; x_wconf 80' lang='grc' dir='ltr'>ἡμῖν</span> <span class='ocrx_word' id='word_1_346' title='bbox 1455 4024 1677 4091; x_wconf 89' lang='grc' dir='ltr'>σημεῖα.</span> <span class='ocrx_word' id='word_1_347' title='bbox 1733 4022 1921 4092; x_wconf 82' lang='grc' dir='ltr'>Ἡμεῖς</span> <span class='ocrx_word' id='word_1_348' title='bbox 1948 4023 2005 4075; x_wconf 83' lang='grc' dir='ltr'>δέ</span> <span class='ocrx_word' id='word_1_349' title='bbox 2037 4023 2160 4077; x_wconf 79' lang='grc' dir='ltr'>ἀντὶ</span> 
     </span>
    </p>
   </div>
   <div class='ocr_carea' id='block_1_46' title="bbox 566 4104 2157 4176">
    <p class='ocr_par' dir='ltr' id='par_1_46' title="bbox 566 4104 2157 4176">
     <span class='ocr_line' id='line_1_46' title="bbox 566 4104 2157 4176; baseline 0 -16"><span class='ocrx_word' id='word_1_350' title='bbox 566 4105 776 4160; x_wconf 75' lang='grc' dir='ltr'>τούτων</span> <span class='ocrx_word' id='word_1_351' title='bbox 805 4106 858 4157; x_wconf 91' lang='grc' dir='ltr'>τί</span> <span class='ocrx_word' id='word_1_352' title='bbox 904 4104 1135 4173; x_wconf 88' lang='grc' dir='ltr'>λέγομεν</span> <span class='ocrx_word' id='word_1_353' title='bbox 1162 4123 1177 4171; x_wconf 87' lang='grc'><strong>;</strong></span> <span class='ocrx_word' id='word_1_354' title='bbox 1212 4106 1334 4157; x_wconf 88' lang='grc' dir='ltr'>Ὅτι</span> <span class='ocrx_word' id='word_1_355' title='bbox 1364 4104 1687 4176; x_wconf 82' lang='grc' dir='ltr'>ἐσταυρώθη</span> <span class='ocrx_word' id='word_1_356' title='bbox 1710 4106 1806 4159; x_wconf 78' lang='grc' dir='ltr'>καὶ</span> <span class='ocrx_word' id='word_1_357' title='bbox 1826 4107 2099 4160; x_wconf 74' lang='grc' dir='ltr'>ἀπέθανεν</span> <span class='ocrx_word' id='word_1_358' title='bbox 2128 4109 2157 4160; x_wconf 97' lang='lat'>6</span> 
     </span>
    </p>
   </div>
   <div class='ocr_carea' id='block_1_47' title="bbox 572 4185 2157 4261">
    <p class='ocr_par' dir='ltr' id='par_1_47' title="bbox 572 4185 2157 4261">
     <span class='ocr_line' id='line_1_47' title="bbox 572 4185 2157 4261; baseline 0.001 -20"><span class='ocrx_word' id='word_1_359' title='bbox 572 4187 995 4260; x_wconf 84' lang='grc' dir='ltr'>κηρυττόμενος.</span> <span class='ocrx_word' id='word_1_360' title='bbox 1016 4185 1186 4240; x_wconf 86' lang='grc' dir='ltr'>Τοῦτο</span> <span class='ocrx_word' id='word_1_361' title='bbox 1218 4185 1275 4240; x_wconf 81' lang='grc' dir='ltr'>δὲ</span> <span class='ocrx_word' id='word_1_362' title='bbox 1310 4188 1494 4242; x_wconf 82' lang='grc' dir='ltr'>ἱκανὸν</span> <span class='ocrx_word' id='word_1_363' title='bbox 1514 4189 1573 4242; x_wconf 83' lang='grc' dir='ltr'>οὐ</span> <span class='ocrx_word' id='word_1_364' title='bbox 1602 4189 1763 4261; x_wconf 82' lang='grc' dir='ltr'>μόνον</span> <span class='ocrx_word' id='word_1_365' title='bbox 1785 4191 1910 4254; x_wconf 77' lang='grc' dir='ltr'>τοῦς</span> <span class='ocrx_word' id='word_1_366' title='bbox 1936 4192 2010 4261; x_wconf 80' lang='grc' dir='ltr'>μὴ</span> <span class='ocrx_word' id='word_1_367' title='bbox 2034 4190 2157 4260; x_wconf 86' lang='grc' dir='ltr'>βου-</span> 
     </span>
    </p>
   </div>
   <div class='ocr_carea' id='block_1_48' title="bbox 570 4269 2157 4343">
    <p class='ocr_par' dir='ltr' id='par_1_48' title="bbox 570 4269 2157 4343">
     <span class='ocr_line' id='line_1_48' title="bbox 570 4269 2157 4343; baseline 0.002 -19"><span class='ocrx_word' id='word_1_368' title='bbox 570 4271 831 4343; x_wconf 81' lang='grc' dir='ltr'>λομένους</span> <span class='ocrx_word' id='word_1_369' title='bbox 857 4270 931 4342; x_wconf 81' lang='grc' dir='ltr'>μὴ</span> <span class='ocrx_word' id='word_1_370' title='bbox 964 4269 1311 4340; x_wconf 85' lang='grc' dir='ltr'>ἐφέλκεσθαι,</span> <span class='ocrx_word' id='word_1_371' title='bbox 1346 4272 1483 4325; x_wconf 90' lang='grc' dir='ltr'>ἀλλά</span> <span class='ocrx_word' id='word_1_372' title='bbox 1513 4274 1607 4326; x_wconf 81' lang='grc' dir='ltr'>καὶ</span> <span class='ocrx_word' id='word_1_373' title='bbox 1638 4274 1762 4337; x_wconf 77' lang='grc' dir='ltr'>τοὺς</span> <span class='ocrx_word' id='word_1_374' title='bbox 1794 4273 2157 4343; x_wconf 76' lang='grc' dir='ltr'>βουλομένους</span> 
     </span>
    </p>
   </div>
   <div class='ocr_carea' id='block_1_49' title="bbox 568 4354 2158 4429">
    <p class='ocr_par' dir='ltr' id='par_1_49' title="bbox 568 4354 2158 4429">
     <span class='ocr_line' id='line_1_49' title="bbox 568 4354 2158 4429; baseline 0.002 -20"><span class='ocrx_word' id='word_1_375' title='bbox 568 4354 1038 4426; x_wconf 74' lang='grc' dir='ltr'>διακρούσασθαιο</span> <span class='ocrx_word' id='word_1_376' title='bbox 1094 4354 1209 4407; x_wconf 83' lang='grc' dir='ltr'>ἀλλ’</span> <span class='ocrx_word' id='word_1_377' title='bbox 1260 4356 1410 4425; x_wconf 84' lang='grc' dir='ltr'>ὅμως</span> <span class='ocrx_word' id='word_1_378' title='bbox 1462 4355 1523 4407; x_wconf 87' lang='grc' dir='ltr'>ού</span> <span class='ocrx_word' id='word_1_379' title='bbox 1582 4356 1965 4429; x_wconf 85' lang='grc' dir='ltr'>διακρούεται,</span> <span class='ocrx_word' id='word_1_380' title='bbox 2021 4358 2158 4413; x_wconf 83' lang='grc' dir='ltr'>άλλά</span> 
     </span>
    </p>
   </div>
   <div class='ocr_carea' id='block_1_50' title="bbox 570 4439 2157 4513">
    <p class='ocr_par' dir='ltr' id='par_1_50' title="bbox 570 4439 2157 4513">
     <span class='ocr_line' id='line_1_50' title="bbox 570 4439 2157 4513; baseline 0.003 -21"><span class='ocrx_word' id='word_1_381' title='bbox 570 4440 859 4507; x_wconf 73' lang='grc' dir='ltr'>ἐφέλκεται</span> <span class='ocrx_word' id='word_1_382' title='bbox 886 4439 979 4491; x_wconf 72' lang='grc' dir='ltr'>καὶ</span> <span class='ocrx_word' id='word_1_383' title='bbox 1002 4442 1197 4509; x_wconf 83' lang='grc' dir='ltr'>κρατεῖ</span> <span class='ocrx_word' id='word_1_384' title='bbox 1225 4441 1318 4492; x_wconf 75' lang='grc' dir='ltr'>καὶ</span> <span class='ocrx_word' id='word_1_385' title='bbox 1350 4440 1715 4509; x_wconf 88' lang='grc' dir='ltr'>περιγίνεται.</span> <span class='ocrx_word' id='word_1_386' title='bbox 1748 4440 1916 4496; x_wconf 86' lang='grc' dir='ltr'>Πάλιν</span> <span class='ocrx_word' id='word_1_387' title='bbox 1954 4442 2157 4513; x_wconf 84' lang='grc' dir='ltr'>’Ἐλλη-</span> 
     </span>
    </p>
   </div>
   <div class='ocr_carea' id='block_1_51' title="bbox 570 4521 2156 4597">
    <p class='ocr_par' dir='ltr' id='par_1_51' title="bbox 570 4521 2156 4597">
     <span class='ocr_line' id='line_1_51' title="bbox 570 4521 2156 4597; baseline 0.003 -21"><span class='ocrx_word' id='word_1_388' title='bbox 570 4540 660 4587; x_wconf 83' lang='grc' dir='ltr'>νες</span> <span class='ocrx_word' id='word_1_389' title='bbox 692 4521 1016 4576; x_wconf 74' lang='grc' dir='ltr'>ἀπαιτοῦσιν</span> <span class='ocrx_word' id='word_1_390' title='bbox 1052 4526 1197 4593; x_wconf 79' lang='grc' dir='ltr'>ἡμᾶς</span> <span class='ocrx_word' id='word_1_391' title='bbox 1229 4524 1518 4595; x_wconf 77' lang='grc' dir='ltr'>ῥητορείαν</span> <span class='ocrx_word' id='word_1_392' title='bbox 1547 4524 1721 4594; x_wconf 90' lang='grc' dir='ltr'>λόγων</span> <span class='ocrx_word' id='word_1_393' title='bbox 1754 4526 1847 4579; x_wconf 72' lang='grc' dir='ltr'>καὶ</span> <span class='ocrx_word' id='word_1_394' title='bbox 1873 4526 2156 4597; x_wconf 87' lang='grc' dir='ltr'>δεινότητα</span> 
     </span>
    </p>
   </div>
   <div class='ocr_carea' id='block_1_52' title="bbox 572 4605 2157 4679">
    <p class='ocr_par' dir='ltr' id='par_1_52' title="bbox 572 4605 2157 4679">
     <span class='ocr_line' id='line_1_52' title="bbox 572 4605 2157 4679; baseline 0.002 -20"><span class='ocrx_word' id='word_1_395' title='bbox 572 4605 926 4674; x_wconf 79' lang='grc' dir='ltr'>σοφισμάτων</span> <span class='ocrx_word' id='word_1_396' title='bbox 945 4621 959 4635; x_wconf 77' lang='grc' dir='ltr'><strong>ο</strong></span> <span class='ocrx_word' id='word_1_397' title='bbox 992 4606 1154 4674; x_wconf 71' lang='grc' dir='ltr'>ἡμεῖς</span> <span class='ocrx_word' id='word_1_398' title='bbox 1182 4605 1237 4659; x_wconf 76' lang='grc' dir='ltr'>δὲ</span> <span class='ocrx_word' id='word_1_399' title='bbox 1262 4608 1356 4660; x_wconf 74' lang='grc' dir='ltr'>καὶ</span> <span class='ocrx_word' id='word_1_400' title='bbox 1383 4606 1595 4671; x_wconf 84' lang='grc' dir='ltr'>τούτοις</span> <span class='ocrx_word' id='word_1_401' title='bbox 1632 4609 1867 4679; x_wconf 77' lang='grc' dir='ltr'>σταυρὸν</span> <span class='ocrx_word' id='word_1_402' title='bbox 1898 4609 2157 4679; x_wconf 90' lang='grc' dir='ltr'>κηρύττο-</span> 
     </span>
    </p>
   </div>
   <div class='ocr_carea' id='block_1_53' title="bbox 572 4687 2154 4765">
    <p class='ocr_par' dir='ltr' id='par_1_53' title="bbox 572 4687 2154 4765">
     <span class='ocr_line' id='line_1_53' title="bbox 572 4687 2154 4765; baseline 0.003 -24"><span class='ocrx_word' id='word_1_403' title='bbox 572 4708 671 4765; x_wconf 87' lang='grc' dir='ltr'>μεν</span> <span class='ocrx_word' id='word_1_404' title='bbox 694 4707 708 4721; x_wconf 78' lang='grc' dir='ltr'><strong>ο</strong></span> <span class='ocrx_word' id='word_1_405' title='bbox 741 4689 834 4741; x_wconf 73' lang='grc' dir='ltr'>καὶ</span> <span class='ocrx_word' id='word_1_406' title='bbox 873 4688 1012 4754; x_wconf 83' lang='grc' dir='ltr'>ὅπερ</span> <span class='ocrx_word' id='word_1_407' title='bbox 1039 4687 1133 4740; x_wconf 80' lang='grc' dir='ltr'>ἐπὶ</span> <span class='ocrx_word' id='word_1_408' title='bbox 1177 4690 1447 4743; x_wconf 84' lang='grc' dir='ltr'>Ἰουδαίων</span> <span class='ocrx_word' id='word_1_409' title='bbox 1488 4691 1638 4745; x_wconf 84' lang='grc' dir='ltr'>δοκεῖ</span> <span class='ocrx_word' id='word_1_410' title='bbox 1681 4692 1968 4755; x_wconf 84' lang='grc' dir='ltr'>ἀσθενείας</span> <span class='ocrx_word' id='word_1_411' title='bbox 1992 4690 2154 4756; x_wconf 75' lang='grc' dir='ltr'>εἶναι,</span> 
     </span>
    </p>
   </div>
   <div class='ocr_carea' id='block_1_54' title="bbox 568 4772 2157 4849">
    <p class='ocr_par' dir='ltr' id='par_1_54' title="bbox 568 4772 2157 4849">
     <span class='ocr_line' id='line_1_54' title="bbox 568 4772 2157 4849; baseline 0.004 -23"><span class='ocrx_word' id='word_1_412' title='bbox 568 4774 728 4832; x_wconf 82' lang='grc' dir='ltr'>τοῦτο</span> <span class='ocrx_word' id='word_1_413' title='bbox 753 4773 847 4825; x_wconf 77' lang='grc' dir='ltr'>ἐπὶ</span> <span class='ocrx_word' id='word_1_414' title='bbox 888 4772 1160 4841; x_wconf 80' lang='grc' dir='ltr'>Ἑλλήνιον</span> <span class='ocrx_word' id='word_1_415' title='bbox 1198 4774 1396 4844; x_wconf 85' lang='grc' dir='ltr'>μωρία.</span> <span class='ocrx_word' id='word_1_416' title='bbox 1450 4775 1622 4829; x_wconf 84' lang='grc' dir='ltr'>Ὅταν</span> <span class='ocrx_word' id='word_1_417' title='bbox 1660 4773 1752 4830; x_wconf 79' lang='grc' dir='ltr'>οῦν</span> <span class='ocrx_word' id='word_1_418' title='bbox 1788 4779 1863 4849; x_wconf 77' lang='grc' dir='ltr'>μὴ</span> <span class='ocrx_word' id='word_1_419' title='bbox 1912 4778 2074 4849; x_wconf 80' lang='grc' dir='ltr'>μόνον</span> <span class='ocrx_word' id='word_1_420' title='bbox 2121 4778 2157 4833; x_wconf 78' lang='grc' dir='ltr'>ἃ</span> 
     </span>
    </p>
   </div>
   <div class='ocr_carea' id='block_1_55' title="bbox 568 4856 2159 4928">
    <p class='ocr_par' dir='ltr' id='par_1_55' title="bbox 568 4856 2159 4928">
     <span class='ocr_line' id='line_1_55' title="bbox 568 4856 2159 4928; baseline 0.004 -17"><span class='ocrx_word' id='word_1_421' title='bbox 568 4858 782 4917; x_wconf 78' lang='grc' dir='ltr'>αἰτοῦσι</span> <span class='ocrx_word' id='word_1_422' title='bbox 809 4856 885 4928; x_wconf 82' lang='grc' dir='ltr'>μὴ</span> <span class='ocrx_word' id='word_1_423' title='bbox 921 4856 1272 4927; x_wconf 86' lang='grc' dir='ltr'>παρέχωμεν,</span> <span class='ocrx_word' id='word_1_424' title='bbox 1318 4856 1453 4909; x_wconf 86' lang='grc' dir='ltr'>ἀλλά</span> <span class='ocrx_word' id='word_1_425' title='bbox 1503 4859 1596 4911; x_wconf 78' lang='grc' dir='ltr'>καὶ</span> <span class='ocrx_word' id='word_1_426' title='bbox 1626 4860 1844 4915; x_wconf 85' lang='grc' dir='ltr'>ἐναντία</span> <span class='ocrx_word' id='word_1_427' title='bbox 1873 4856 1949 4915; x_wconf 84' lang='grc' dir='ltr'>ὧν</span> <span class='ocrx_word' id='word_1_428' title='bbox 1980 4862 2159 4917; x_wconf 74' lang='grc' dir='ltr'>αἰτοῦ⁶</span> 
     </span>
    </p>
   </div>
   <div class='ocr_carea' id='block_1_56' title="bbox 570 4939 2157 5016">
    <p class='ocr_par' dir='ltr' id='par_1_56' title="bbox 570 4939 2157 5016">
     <span class='ocr_line' id='line_1_56' title="bbox 570 4939 2157 5016; baseline 0.004 -21"><span class='ocrx_word' id='word_1_429' title='bbox 570 4959 655 5000; x_wconf 84' lang='grc' dir='ltr'>σιν</span> <span class='ocrx_word' id='word_1_430' title='bbox 675 4958 690 4973; x_wconf 89' lang='grc'><strong>·</strong></span> <span class='ocrx_word' id='word_1_431' title='bbox 720 4943 749 4995; x_wconf 92' lang='lat'>6</span> <span class='ocrx_word' id='word_1_432' title='bbox 773 4941 884 5011; x_wconf 87' lang='lat'>1&amp;9</span> <span class='ocrx_word' id='word_1_433' title='bbox 912 4940 1145 5010; x_wconf 73' lang='grc' dir='ltr'>σταυρὸς</span> <span class='ocrx_word' id='word_1_434' title='bbox 1180 4940 1242 4992; x_wconf 84' lang='grc' dir='ltr'>ού</span> <span class='ocrx_word' id='word_1_435' title='bbox 1274 4939 1436 5009; x_wconf 89' lang='grc' dir='ltr'>μόνον</span> <span class='ocrx_word' id='word_1_436' title='bbox 1464 4940 1526 4993; x_wconf 83' lang='grc' dir='ltr'>οὑ</span> <span class='ocrx_word' id='word_1_437' title='bbox 1566 4940 1713 4995; x_wconf 86' lang='grc' dir='ltr'>δοκεῖ</span> <span class='ocrx_word' id='word_1_438' title='bbox 1746 4948 1971 5016; x_wconf 87' lang='grc' dir='ltr'>σημεῖον</span> <span class='ocrx_word' id='word_1_439' title='bbox 2015 4942 2157 5001; x_wconf 84' lang='grc' dir='ltr'>εἷναι</span> 
     </span>
    </p>
   </div>
   <div class='ocr_carea' id='block_1_57' title="bbox 568 5024 2151 5099">
    <p class='ocr_par' dir='ltr' id='par_1_57' title="bbox 568 5024 2151 5099">
     <span class='ocr_line' id='line_1_57' title="bbox 568 5024 2151 5099; baseline 0.004 -20"><span class='ocrx_word' id='word_1_440' title='bbox 568 5026 711 5080; x_wconf 84' lang='grc' dir='ltr'>κατά</span> <span class='ocrx_word' id='word_1_441' title='bbox 732 5025 992 5096; x_wconf 82' lang='grc' dir='ltr'>λογισμὸν</span> <span class='ocrx_word' id='word_1_442' title='bbox 1017 5025 1425 5095; x_wconf 83' lang='grc' dir='ltr'>ἐξεταζόμενον,</span> <span class='ocrx_word' id='word_1_443' title='bbox 1461 5024 1597 5078; x_wconf 89' lang='grc' dir='ltr'>ἀλλά</span> <span class='ocrx_word' id='word_1_444' title='bbox 1624 5028 1717 5080; x_wconf 83' lang='grc' dir='ltr'>καὶ</span> <span class='ocrx_word' id='word_1_445' title='bbox 1742 5030 1971 5099; x_wconf 88' lang='grc' dir='ltr'>σημείου</span> <span class='ocrx_word' id='word_1_446' title='bbox 1997 5033 2151 5086; x_wconf 88' lang='grc' dir='ltr'>ἀναί-</span> 
     </span>
    </p>
   </div>
   <div class='ocr_carea' id='block_1_58' title="bbox 571 5109 2153 5184">
    <p class='ocr_par' dir='ltr' id='par_1_58' title="bbox 571 5109 2153 5184">
     <span class='ocr_line' id='line_1_58' title="bbox 571 5109 2153 5184; baseline 0.002 -20"><span class='ocrx_word' id='word_1_447' title='bbox 571 5127 755 5184; x_wconf 76' lang='grc' dir='ltr'>ρεσιςο</span> <span class='ocrx_word' id='word_1_448' title='bbox 785 5111 883 5165; x_wconf 73' lang='grc' dir='ltr'>καὶ</span> <span class='ocrx_word' id='word_1_449' title='bbox 930 5110 992 5163; x_wconf 80' lang='grc' dir='ltr'>οὑ</span> <span class='ocrx_word' id='word_1_450' title='bbox 1036 5110 1195 5180; x_wconf 89' lang='grc' dir='ltr'>μόνον</span> <span class='ocrx_word' id='word_1_451' title='bbox 1232 5110 1293 5163; x_wconf 83' lang='grc' dir='ltr'>ού</span> <span class='ocrx_word' id='word_1_452' title='bbox 1337 5109 1487 5163; x_wconf 88' lang='grc' dir='ltr'>δοκεῖ</span> <span class='ocrx_word' id='word_1_453' title='bbox 1527 5109 1809 5181; x_wconf 86' lang='grc' dir='ltr'>δυνάμεως</span> <span class='ocrx_word' id='word_1_454' title='bbox 1856 5114 2153 5181; x_wconf 82' lang='grc' dir='ltr'>ἀπόδειξις,</span> 
     </span>
    </p>
   </div>
   <div class='ocr_carea' id='block_1_59' title="bbox 568 5192 2155 5264">
    <p class='ocr_par' dir='ltr' id='par_1_59' title="bbox 568 5192 2155 5264">
     <span class='ocr_line' id='line_1_59' title="bbox 568 5192 2155 5264; baseline 0.003 -17"><span class='ocrx_word' id='word_1_455' title='bbox 568 5192 706 5255; x_wconf 84' lang='grc' dir='ltr'>ἀλλά</span> <span class='ocrx_word' id='word_1_456' title='bbox 730 5193 826 5247; x_wconf 78' lang='grc' dir='ltr'>καὶ</span> <span class='ocrx_word' id='word_1_457' title='bbox 868 5192 1153 5256; x_wconf 85' lang='grc' dir='ltr'>ἀσθενείας</span> <span class='ocrx_word' id='word_1_458' title='bbox 1182 5193 1404 5264; x_wconf 78' lang='grc' dir='ltr'>ἐλεγχος</span> <span class='ocrx_word' id='word_1_459' title='bbox 1434 5207 1448 5221; x_wconf 68' lang='grc' dir='ltr'>θ</span> <span class='ocrx_word' id='word_1_460' title='bbox 1486 5192 1546 5245; x_wconf 88' lang='grc' dir='ltr'>οὑ</span> <span class='ocrx_word' id='word_1_461' title='bbox 1583 5193 1743 5262; x_wconf 91' lang='grc' dir='ltr'>μόνον</span> <span class='ocrx_word' id='word_1_462' title='bbox 1786 5196 1847 5249; x_wconf 82' lang='grc' dir='ltr'>ού</span> <span class='ocrx_word' id='word_1_463' title='bbox 1888 5196 2039 5250; x_wconf 89' lang='grc' dir='ltr'>δοκεῖ</span> <span class='ocrx_word' id='word_1_464' title='bbox 2076 5214 2155 5251; x_wconf 64' lang='grc' dir='ltr'>σοι</span> 
     </span>
    </p>
   </div>
   <div class='ocr_carea' id='block_1_60' title="bbox 568 5270 2155 5350">
    <p class='ocr_par' dir='ltr' id='par_1_60' title="bbox 568 5270 2155 5350">
     <span class='ocr_line' id='line_1_60' title="bbox 568 5270 2155 5350; baseline 0.003 -21"><span class='ocrx_word' id='word_1_465' title='bbox 568 5277 697 5347; x_wconf 86' lang='grc' dir='ltr'>φίας</span> <span class='ocrx_word' id='word_1_466' title='bbox 725 5275 985 5342; x_wconf 77' lang='grc' dir='ltr'>ἐπίδειξις</span> <span class='ocrx_word' id='word_1_467' title='bbox 1005 5270 1167 5341; x_wconf 75' lang='grc' dir='ltr'>εἶναι,</span> <span class='ocrx_word' id='word_1_468' title='bbox 1191 5275 1328 5329; x_wconf 88' lang='grc' dir='ltr'>ἀλλά</span> <span class='ocrx_word' id='word_1_469' title='bbox 1352 5277 1448 5329; x_wconf 75' lang='grc' dir='ltr'>καὶ</span> <span class='ocrx_word' id='word_1_470' title='bbox 1471 5276 1682 5347; x_wconf 89' lang='grc' dir='ltr'>μωρίας</span> <span class='ocrx_word' id='word_1_471' title='bbox 1703 5277 1967 5350; x_wconf 82' lang='grc' dir='ltr'>ὑπόληψις</span> <span class='ocrx_word' id='word_1_472' title='bbox 1988 5296 2001 5309; x_wconf 71' lang='grc' dir='ltr'>ο</span> <span class='ocrx_word' id='word_1_473' title='bbox 2027 5281 2155 5335; x_wconf 81' lang='grc' dir='ltr'>ὅταν</span> 
     </span>
    </p>
   </div>
   <div class='ocr_carea' id='block_1_61' title="bbox 564 5356 2154 5436">
    <p class='ocr_par' dir='ltr' id='par_1_61' title="bbox 564 5356 2154 5436">
     <span class='ocr_line' id='line_1_61' title="bbox 564 5356 2154 5436; baseline 0.003 -23"><span class='ocrx_word' id='word_1_474' title='bbox 564 5356 660 5415; x_wconf 82' lang='grc' dir='ltr'>οῦν</span> <span class='ocrx_word' id='word_1_475' title='bbox 702 5360 754 5412; x_wconf 89' lang='grc' dir='ltr'>οί</span> <span class='ocrx_word' id='word_1_476' title='bbox 788 5362 991 5429; x_wconf 85' lang='grc' dir='ltr'>σημεῖα</span> <span class='ocrx_word' id='word_1_477' title='bbox 1045 5360 1140 5413; x_wconf 82' lang='grc' dir='ltr'>καὶ</span> <span class='ocrx_word' id='word_1_478' title='bbox 1189 5360 1381 5430; x_wconf 86' lang='grc' dir='ltr'>σοφίαν</span> <span class='ocrx_word' id='word_1_479' title='bbox 1429 5358 1720 5430; x_wconf 85' lang='grc' dir='ltr'>ζητοῦντες</span> <span class='ocrx_word' id='word_1_480' title='bbox 1754 5361 1829 5435; x_wconf 79' lang='grc' dir='ltr'>μὴ</span> <span class='ocrx_word' id='word_1_481' title='bbox 1876 5365 2037 5435; x_wconf 87' lang='grc' dir='ltr'>μόνον</span> <span class='ocrx_word' id='word_1_482' title='bbox 2078 5364 2154 5436; x_wconf 78' lang='grc' dir='ltr'>μὴ</span> 
     </span>
    </p>
   </div>
   <div class='ocr_carea' id='block_1_62' title="bbox 564 5440 2154 5513">
    <p class='ocr_par' dir='ltr' id='par_1_62' title="bbox 564 5440 2154 5513">
     <span class='ocr_line' id='line_1_62' title="bbox 564 5440 2154 5513; baseline 0.004 -18"><span class='ocrx_word' id='word_1_483' title='bbox 564 5442 916 5513; x_wconf 70' lang='grc' dir='ltr'>λαμϐάνωσιν</span> <span class='ocrx_word' id='word_1_484' title='bbox 947 5440 1091 5513; x_wconf 69' lang='grc' dir='ltr'>άπερ</span> <span class='ocrx_word' id='word_1_485' title='bbox 1130 5443 1397 5503; x_wconf 85' lang='grc' dir='ltr'>αἰτοῦσιν,</span> <span class='ocrx_word' id='word_1_486' title='bbox 1444 5442 1581 5496; x_wconf 80' lang='grc' dir='ltr'>ἀλλὰ</span> <span class='ocrx_word' id='word_1_487' title='bbox 1610 5444 1704 5497; x_wconf 83' lang='grc' dir='ltr'>καὶ</span> <span class='ocrx_word' id='word_1_488' title='bbox 1737 5445 1803 5498; x_wconf 77' lang='grc' dir='ltr'>τὰ</span> <span class='ocrx_word' id='word_1_489' title='bbox 1838 5447 2056 5501; x_wconf 88' lang='grc' dir='ltr'>ἐναντία</span> <span class='ocrx_word' id='word_1_490' title='bbox 2080 5441 2154 5501; x_wconf 84' lang='grc' dir='ltr'>ὧν</span> 
     </span>
    </p>
   </div>
   <div class='ocr_carea' id='block_1_63' title="bbox 566 5521 2153 5598">
    <p class='ocr_par' dir='ltr' id='par_1_63' title="bbox 566 5521 2153 5598">
     <span class='ocr_line' id='line_1_63' title="bbox 566 5521 2153 5598; baseline 0.003 -19"><span class='ocrx_word' id='word_1_491' title='bbox 566 5524 925 5598; x_wconf 71' lang='grc' dir='ltr'>ἐπιθυμοῦσιν</span> <span class='ocrx_word' id='word_1_492' title='bbox 944 5524 1237 5591; x_wconf 77' lang='grc' dir='ltr'>ἀκούωσιν,</span> <span class='ocrx_word' id='word_1_493' title='bbox 1256 5521 1375 5581; x_wconf 74' lang='grc' dir='ltr'>εἶτα</span> <span class='ocrx_word' id='word_1_494' title='bbox 1392 5525 1481 5583; x_wconf 84' lang='grc' dir='ltr'>διά</span> <span class='ocrx_word' id='word_1_495' title='bbox 1504 5527 1613 5580; x_wconf 88' lang='grc' dir='ltr'>τῶν</span> <span class='ocrx_word' id='word_1_496' title='bbox 1637 5530 1894 5583; x_wconf 80' lang='grc' dir='ltr'>ἐναντίων</span> <span class='ocrx_word' id='word_1_497' title='bbox 1918 5530 2153 5584; x_wconf 87' lang='grc' dir='ltr'>πείθων-</span> 
     </span>
    </p>
   </div>
   <div class='ocr_carea' id='block_1_64' title="bbox 563 5606 2155 5684">
    <p class='ocr_par' dir='ltr' id='par_1_64' title="bbox 563 5606 2155 5684">
     <span class='ocr_line' id='line_1_64' title="bbox 563 5606 2155 5684; baseline 0.004 -23"><span class='ocrx_word' id='word_1_498' title='bbox 563 5625 678 5675; x_wconf 71' lang='grc' dir='ltr'>ται,</span> <span class='ocrx_word' id='word_1_499' title='bbox 714 5608 831 5677; x_wconf 76' lang='grc' dir='ltr'>πῶς</span> <span class='ocrx_word' id='word_1_500' title='bbox 853 5610 957 5663; x_wconf 83' lang='grc' dir='ltr'>οὑκ</span> <span class='ocrx_word' id='word_1_501' title='bbox 999 5606 1207 5679; x_wconf 71' lang='grc' dir='ltr'>ἄφατός</span> <span class='ocrx_word' id='word_1_502' title='bbox 1251 5610 1399 5664; x_wconf 90' lang='grc' dir='ltr'>ἐστιν</span> <span class='ocrx_word' id='word_1_503' title='bbox 1428 5612 1463 5684; x_wconf 73' lang='grc' dir='ltr'>η</span> <span class='ocrx_word' id='word_1_504' title='bbox 1494 5609 1588 5667; x_wconf 87' lang='grc' dir='ltr'>τοῦ</span> <span class='ocrx_word' id='word_1_505' title='bbox 1623 5613 2031 5684; x_wconf 78' lang='grc' dir='ltr'>κηρυττομένου</span> <span class='ocrx_word' id='word_1_506' title='bbox 2069 5613 2155 5670; x_wconf 86' lang='grc' dir='ltr'>δύ-</span> 
     </span>
    </p>
   </div>
   <div class='ocr_carea' id='block_1_65' title="bbox 563 5709 768 5764">
    <p class='ocr_par' dir='ltr' id='par_1_65' title="bbox 563 5709 768 5764">
     <span class='ocr_line' id='line_1_65' title="bbox 563 5709 768 5764; baseline -0.015 0"><span class='ocrx_word' id='word_1_507' title='bbox 563 5709 729 5764; x_wconf 74' lang='grc' dir='ltr'>ναμις</span> <span class='ocrx_word' id='word_1_508' title='bbox 751 5710 768 5761; x_wconf 85' lang='grc'>;</span> 
     </span>
    </p>
   </div>
   <div class='ocr_carea' id='block_1_66' title="bbox 636 5840 2156 5919">
    <p class='ocr_par' dir='ltr' id='par_1_66' title="bbox 636 5840 2156 5919">
     <span class='ocr_line' id='line_1_66' title="bbox 636 5840 2156 5919; baseline 0.006 -26"><span class='ocrx_word' id='word_1_509' title='bbox 636 5840 851 5912; x_wconf 80' lang='grc' dir='ltr'>Ὠσπερ</span> <span class='ocrx_word' id='word_1_510' title='bbox 878 5840 945 5895; x_wconf 83' lang='grc' dir='ltr'>ἂν</span> <span class='ocrx_word' id='word_1_511' title='bbox 983 5841 1039 5896; x_wconf 81' lang='grc' dir='ltr'>εί</span> <span class='ocrx_word' id='word_1_512' title='bbox 1075 5859 1180 5897; x_wconf 90' lang='grc' dir='ltr'>τινι</span> <span class='ocrx_word' id='word_1_513' title='bbox 1215 5843 1325 5897; x_wconf 86' lang='grc' dir='ltr'>τῶν</span> <span class='ocrx_word' id='word_1_514' title='bbox 1354 5844 1837 5918; x_wconf 83' lang='grc' dir='ltr'>κλυδωνιζομένων</span> <span class='ocrx_word' id='word_1_515' title='bbox 1872 5848 1968 5907; x_wconf 73' lang='grc' dir='ltr'>καὶ</span> <span class='ocrx_word' id='word_1_516' title='bbox 1997 5846 2156 5919; x_wconf 78' lang='grc' dir='ltr'>λιμέ-</span> 
     </span>
    </p>
   </div>
   <div class='ocr_carea' id='block_1_67' title="bbox 562 5923 2152 6005">
    <p class='ocr_par' dir='ltr' id='par_1_67' title="bbox 562 5923 2152 6005">
     <span class='ocr_line' id='line_1_67' title="bbox 562 5923 2152 6005; baseline -0.003 -23"><span class='ocrx_word' id='word_1_517' title='bbox 562 5944 653 5994; x_wconf 86' lang='grc' dir='ltr'>νος</span> <span class='ocrx_word' id='word_1_518' title='bbox 680 5925 1094 6005; x_wconf 76' lang='grc' dir='ltr'>ἐπιθυμούντων</span> <span class='ocrx_word' id='word_1_519' title='bbox 1126 5929 1203 6003; x_wconf 83' lang='grc' dir='ltr'>μὴ</span> <span class='ocrx_word' id='word_1_520' title='bbox 1233 5929 1427 6002; x_wconf 78' lang='grc' dir='ltr'>λιμένα</span> <span class='ocrx_word' id='word_1_521' title='bbox 1458 5929 1660 6000; x_wconf 83' lang='grc' dir='ltr'>δείξας,</span> <span class='ocrx_word' id='word_1_522' title='bbox 1691 5932 1808 5991; x_wconf 81' lang='grc' dir='ltr'>ἀλλ’</span> <span class='ocrx_word' id='word_1_523' title='bbox 1831 5923 2027 6005; x_wconf 61' lang='grc' dir='ltr'>ἓτερον</span> <span class='ocrx_word' id='word_1_524' title='bbox 2055 5934 2152 6005; x_wconf 78' lang='grc' dir='ltr'>μέ-</span> 
     </span>
    </p>
   </div>
   <div class='ocr_carea' id='block_1_68' title="bbox 2262 448 3841 525">
    <p class='ocr_par' dir='ltr' id='par_1_68' title="bbox 2262 448 3841 525">
     <span class='ocr_line' id='line_1_68' title="bbox 2262 448 3841 525; baseline 0.001 -22"><span class='ocrx_word' id='word_1_525' title='bbox 2262 464 2354 518; x_wconf 85' lang='grc' dir='ltr'>ρος</span> <span class='ocrx_word' id='word_1_526' title='bbox 2402 448 2499 503; x_wconf 86' lang='grc' dir='ltr'>τοῦ</span> <span class='ocrx_word' id='word_1_527' title='bbox 2555 450 2828 519; x_wconf 80' lang='grc' dir='ltr'>πελάγους</span> <span class='ocrx_word' id='word_1_528' title='bbox 2871 452 3225 524; x_wconf 82' lang='grc' dir='ltr'>ἀγριώτερον,</span> <span class='ocrx_word' id='word_1_529' title='bbox 3276 451 3510 525; x_wconf 74' lang='grc' dir='ltr'>δυνηθῇς</span> <span class='ocrx_word' id='word_1_530' title='bbox 3559 452 3780 523; x_wconf 82' lang='grc' dir='ltr'>ποιῆσαι</span> <span class='ocrx_word' id='word_1_531' title='bbox 3809 462 3841 494; x_wconf 73' lang='grc'><strong><em>⁸</em></strong></span> 
     </span>
    </p>
   </div>
   <div class='ocr_carea' id='block_1_69' title="bbox 2259 532 3845 608">
    <p class='ocr_par' dir='ltr' id='par_1_69' title="bbox 2259 532 3845 608">
     <span class='ocr_line' id='line_1_69' title="bbox 2259 532 3845 608; baseline 0.003 -24"><span class='ocrx_word' id='word_1_532' title='bbox 2259 532 2403 601; x_wconf 86' lang='grc' dir='ltr'>μετά</span> <span class='ocrx_word' id='word_1_533' title='bbox 2428 533 2651 603; x_wconf 89' lang='grc' dir='ltr'>χάριτος</span> <span class='ocrx_word' id='word_1_534' title='bbox 2672 535 2901 589; x_wconf 70' lang='grc' dir='ltr'>ἔπεσθαι</span> <span class='ocrx_word' id='word_1_535' title='bbox 2920 550 2934 565; x_wconf 80' lang='grc'><em>’</em></span> <span class='ocrx_word' id='word_1_536' title='bbox 2986 536 3021 606; x_wconf 74' lang='grc' dir='ltr'><strong>ἢ</strong></span> <span class='ocrx_word' id='word_1_537' title='bbox 3053 536 3237 604; x_wconf 80' lang='grc' dir='ltr'>ἰατρὸς</span> <span class='ocrx_word' id='word_1_538' title='bbox 3262 536 3352 589; x_wconf 81' lang='grc' dir='ltr'>τὸν</span> <span class='ocrx_word' id='word_1_539' title='bbox 3378 534 3718 608; x_wconf 73' lang='grc' dir='ltr'>τετρωμίνον</span> <span class='ocrx_word' id='word_1_540' title='bbox 3744 533 3845 589; x_wconf 75' lang='grc' dir='ltr'>καὶ</span> 
     </span>
    </p>
   </div>
   <div class='ocr_carea' id='block_1_70' title="bbox 2258 604 3845 689">
    <p class='ocr_par' dir='ltr' id='par_1_70' title="bbox 2258 604 3845 689">
     <span class='ocr_line' id='line_1_70' title="bbox 2258 604 3845 689; baseline 0.001 -20"><span class='ocrx_word' id='word_1_541' title='bbox 2258 614 2568 684; x_wconf 76' lang='grc' dir='ltr'>φαρμάκιον</span> <span class='ocrx_word' id='word_1_542' title='bbox 2600 616 2976 684; x_wconf 77' lang='grc' dir='ltr'>ἐπιθυμοῦντα</span> <span class='ocrx_word' id='word_1_543' title='bbox 3007 604 3083 689; x_wconf 81' lang='grc' dir='ltr'>μὴ</span> <span class='ocrx_word' id='word_1_544' title='bbox 3111 616 3200 671; x_wconf 87' lang='grc' dir='ltr'>διά</span> <span class='ocrx_word' id='word_1_545' title='bbox 3228 604 3571 688; x_wconf 69' lang='grc' dir='ltr'>φαρμάκων,</span> <span class='ocrx_word' id='word_1_546' title='bbox 3591 604 3727 671; x_wconf 72' lang='grc' dir='ltr'>ἀλλά</span> <span class='ocrx_word' id='word_1_547' title='bbox 3749 616 3845 670; x_wconf 70' lang='grc' dir='ltr'>διὰ</span> 
     </span>
    </p>
   </div>
   <div class='ocr_carea' id='block_1_71' title="bbox 2250 696 3841 771">
    <p class='ocr_par' dir='ltr' id='par_1_71' title="bbox 2250 696 3841 771">
     <span class='ocr_line' id='line_1_71' title="bbox 2250 696 3841 771; baseline 0.004 -23"><span class='ocrx_word' id='word_1_548' title='bbox 2250 696 2346 748; x_wconf 91' lang='grc' dir='ltr'>τοῦ</span> <span class='ocrx_word' id='word_1_549' title='bbox 2377 696 2558 753; x_wconf 87' lang='grc' dir='ltr'>καίειν</span> <span class='ocrx_word' id='word_1_550' title='bbox 2590 698 2756 752; x_wconf 87' lang='grc' dir='ltr'>πάλιν</span> <span class='ocrx_word' id='word_1_551' title='bbox 2779 699 3251 770; x_wconf 84' lang='grc' dir='ltr'>ἐπαγγελλόμενος</span> <span class='ocrx_word' id='word_1_552' title='bbox 3278 700 3405 771; x_wconf 77' lang='grc' dir='ltr'>ὑγιῆ</span> <span class='ocrx_word' id='word_1_553' title='bbox 3445 703 3640 764; x_wconf 79' lang='grc' dir='ltr'>ποιεῖν,</span> <span class='ocrx_word' id='word_1_554' title='bbox 3678 699 3841 769; x_wconf 69' lang='grc' dir='ltr'>ἐφέλ⁴</span> 
     </span>
    </p>
   </div>
   <div class='ocr_carea' id='block_1_72' title="bbox 2253 780 3844 852">
    <p class='ocr_par' dir='ltr' id='par_1_72' title="bbox 2253 780 3844 852">
     <span class='ocr_line' id='line_1_72' title="bbox 2253 780 3844 852; baseline 0.004 -24"><span class='ocrx_word' id='word_1_555' title='bbox 2253 792 2401 831; x_wconf 90' lang='grc' dir='ltr'>κοιτο</span> <span class='ocrx_word' id='word_1_556' title='bbox 2428 780 2569 849; x_wconf 82' lang='grc' dir='ltr'>πρὸς</span> <span class='ocrx_word' id='word_1_557' title='bbox 2592 781 2781 835; x_wconf 84' lang='grc' dir='ltr'>ἐαυτὸν</span> <span class='ocrx_word' id='word_1_558' title='bbox 2798 782 3066 852; x_wconf 79' lang='grc' dir='ltr'>(μεγάλης</span> <span class='ocrx_word' id='word_1_559' title='bbox 3090 781 3199 850; x_wconf 84' lang='grc' dir='ltr'>γάρ</span> <span class='ocrx_word' id='word_1_560' title='bbox 3222 780 3382 835; x_wconf 85' lang='grc' dir='ltr'>τοῦτο</span> <span class='ocrx_word' id='word_1_561' title='bbox 3400 780 3700 851; x_wconf 86' lang='grc' dir='ltr'>δυνάμεως)</span> <span class='ocrx_word' id='word_1_562' title='bbox 3717 796 3731 811; x_wconf 76' lang='grc' dir='ltr'><strong>ο</strong></span> <span class='ocrx_word' id='word_1_563' title='bbox 3749 780 3844 835; x_wconf 79' lang='grc' dir='ltr'>οὕ-</span> 
     </span>
    </p>
   </div>
   <div class='ocr_carea' id='block_1_73' title="bbox 2251 862 3845 934">
    <p class='ocr_par' dir='ltr' id='par_1_73' title="bbox 2251 862 3845 934">
     <span class='ocr_line' id='line_1_73' title="bbox 2251 862 3845 934; baseline 0.005 -23"><span class='ocrx_word' id='word_1_564' title='bbox 2251 876 2329 913; x_wconf 88' lang='grc' dir='ltr'>τω</span> <span class='ocrx_word' id='word_1_565' title='bbox 2357 862 2449 915; x_wconf 73' lang='grc' dir='ltr'>καὶ</span> <span class='ocrx_word' id='word_1_566' title='bbox 2478 863 2529 915; x_wconf 82' lang='grc' dir='ltr'>οἱ</span> <span class='ocrx_word' id='word_1_567' title='bbox 2553 864 2841 918; x_wconf 79' lang='grc' dir='ltr'>ἀπόστολοι</span> <span class='ocrx_word' id='word_1_568' title='bbox 2866 866 2926 917; x_wconf 82' lang='lat'><strong>06</strong></span> <span class='ocrx_word' id='word_1_569' title='bbox 2961 864 3122 934; x_wconf 86' lang='grc' dir='ltr'>μόνον</span> <span class='ocrx_word' id='word_1_570' title='bbox 3154 865 3213 917; x_wconf 88' lang='grc' dir='ltr'>ού</span> <span class='ocrx_word' id='word_1_571' title='bbox 3250 864 3278 904; x_wconf 75' lang='grc'>1³</span> <span class='ocrx_word' id='word_1_572' title='bbox 3307 863 3396 916; x_wconf 85' lang='grc' dir='ltr'>διά</span> <span class='ocrx_word' id='word_1_573' title='bbox 3426 863 3673 933; x_wconf 85' lang='grc' dir='ltr'>σημείου,</span> <span class='ocrx_word' id='word_1_574' title='bbox 3703 862 3845 919; x_wconf 72' lang='grc' dir='ltr'>ἀλλὰ</span> 
     </span>
    </p>
   </div>
   <div class='ocr_carea' id='block_1_74' title="bbox 2253 941 3842 1017">
    <p class='ocr_par' dir='ltr' id='par_1_74' title="bbox 2253 941 3842 1017">
     <span class='ocr_line' id='line_1_74' title="bbox 2253 941 3842 1017; baseline 0.004 -23"><span class='ocrx_word' id='word_1_575' title='bbox 2253 942 2346 995; x_wconf 79' lang='grc' dir='ltr'>καὶ</span> <span class='ocrx_word' id='word_1_576' title='bbox 2374 942 2463 997; x_wconf 88' lang='grc' dir='ltr'>διά</span> <span class='ocrx_word' id='word_1_577' title='bbox 2486 945 2815 1016; x_wconf 88' lang='grc' dir='ltr'>πράγματος</span> <span class='ocrx_word' id='word_1_578' title='bbox 2838 946 3124 1011; x_wconf 76' lang='grc' dir='ltr'>δοκοῦντος</span> <span class='ocrx_word' id='word_1_579' title='bbox 3149 947 3398 1000; x_wconf 82' lang='grc' dir='ltr'>ἐναντίου</span> <span class='ocrx_word' id='word_1_580' title='bbox 3424 941 3565 1000; x_wconf 78' lang='grc' dir='ltr'>εἶναι</span> <span class='ocrx_word' id='word_1_581' title='bbox 3596 950 3709 1011; x_wconf 85' lang='grc' dir='ltr'>τοῖς</span> <span class='ocrx_word' id='word_1_582' title='bbox 3740 964 3842 1017; x_wconf 79' lang='grc' dir='ltr'>ση-</span> 
     </span>
    </p>
   </div>
   <div class='ocr_carea' id='block_1_75' title="bbox 2255 1024 3843 1101">
    <p class='ocr_par' dir='ltr' id='par_1_75' title="bbox 2255 1024 3843 1101">
     <span class='ocr_line' id='line_1_75' title="bbox 2255 1024 3843 1101; baseline 0.004 -26"><span class='ocrx_word' id='word_1_583' title='bbox 2255 1024 2433 1093; x_wconf 87' lang='grc' dir='ltr'>μείοις</span> <span class='ocrx_word' id='word_1_584' title='bbox 2464 1028 2868 1098; x_wconf 79' lang='grc' dir='ltr'>περιεγένοντο·</span> <span class='ocrx_word' id='word_1_585' title='bbox 2901 1030 3041 1101; x_wconf 74' lang='grc' dir='ltr'>ὅπερ</span> <span class='ocrx_word' id='word_1_586' title='bbox 3072 1029 3167 1083; x_wconf 76' lang='grc' dir='ltr'>καὶ</span> <span class='ocrx_word' id='word_1_587' title='bbox 3210 1028 3304 1083; x_wconf 77' lang='grc' dir='ltr'>ἐπὶ</span> <span class='ocrx_word' id='word_1_588' title='bbox 3351 1026 3446 1081; x_wconf 89' lang='grc' dir='ltr'>τοῦ</span> <span class='ocrx_word' id='word_1_589' title='bbox 3492 1027 3693 1095; x_wconf 85' lang='grc' dir='ltr'>τυφλοῦ</span> <span class='ocrx_word' id='word_1_590' title='bbox 3738 1045 3843 1081; x_wconf 79' lang='grc' dir='ltr'>πε-</span> 
     </span>
    </p>
   </div>
   <div class='ocr_carea' id='block_1_76' title="bbox 2255 1108 3847 1182">
    <p class='ocr_par' dir='ltr' id='par_1_76' title="bbox 2255 1108 3847 1182">
     <span class='ocr_line' id='line_1_76' title="bbox 2255 1108 3847 1182; baseline 0.003 -23"><span class='ocrx_word' id='word_1_591' title='bbox 2255 1108 2483 1177; x_wconf 86' lang='grc' dir='ltr'>ποίηκεν</span> <span class='ocrx_word' id='word_1_592' title='bbox 2510 1112 2541 1162; x_wconf 93' lang='lat'>6</span> <span class='ocrx_word' id='word_1_593' title='bbox 2575 1111 2829 1182; x_wconf 85' lang='grc' dir='ltr'>Χριστός.</span> <span class='ocrx_word' id='word_1_594' title='bbox 2861 1112 3197 1181; x_wconf 85' lang='grc' dir='ltr'>Βουλόμενος</span> <span class='ocrx_word' id='word_1_595' title='bbox 3232 1111 3342 1180; x_wconf 90' lang='lat'>1&amp;9</span> <span class='ocrx_word' id='word_1_596' title='bbox 3386 1110 3547 1163; x_wconf 81' lang='grc' dir='ltr'>αὑτὸν</span> <span class='ocrx_word' id='word_1_597' title='bbox 3576 1109 3847 1181; x_wconf 87' lang='grc' dir='ltr'>θεραπεῦ-</span> 
     </span>
    </p>
   </div>
   <div class='ocr_carea' id='block_1_77' title="bbox 2257 1191 3843 1264">
    <p class='ocr_par' dir='ltr' id='par_1_77' title="bbox 2257 1191 3843 1264">
     <span class='ocr_line' id='line_1_77' title="bbox 2257 1191 3843 1264; baseline 0 -21"><span class='ocrx_word' id='word_1_598' title='bbox 2257 1205 2372 1255; x_wconf 87' lang='grc' dir='ltr'>σαι,</span> <span class='ocrx_word' id='word_1_599' title='bbox 2395 1191 2485 1245; x_wconf 84' lang='grc' dir='ltr'>διά</span> <span class='ocrx_word' id='word_1_600' title='bbox 2505 1193 2832 1263; x_wconf 77' lang='grc' dir='ltr'>πράγματος</span> <span class='ocrx_word' id='word_1_601' title='bbox 2858 1196 3220 1258; x_wconf 85' lang='grc' dir='ltr'>ἐπιτείνοντος</span> <span class='ocrx_word' id='word_1_602' title='bbox 3245 1194 3344 1264; x_wconf 78' lang='grc' dir='ltr'>τὴν</span> <span class='ocrx_word' id='word_1_603' title='bbox 3365 1194 3614 1263; x_wconf 79' lang='grc' dir='ltr'>πήρωσιν</span> <span class='ocrx_word' id='word_1_604' title='bbox 3644 1192 3843 1244; x_wconf 81' lang='grc' dir='ltr'>ἀνεῖλε·</span> 
     </span>
    </p>
   </div>
   <div class='ocr_carea' id='block_1_78' title="bbox 2254 1273 3849 1349">
    <p class='ocr_par' dir='ltr' id='par_1_78' title="bbox 2254 1273 3849 1349">
     <span class='ocr_line' id='line_1_78' title="bbox 2254 1273 3849 1349; baseline -0.001 -21"><span class='ocrx_word' id='word_1_605' title='bbox 2254 1274 2427 1346; x_wconf 80' lang='grc' dir='ltr'>πηλὸν</span> <span class='ocrx_word' id='word_1_606' title='bbox 2460 1275 2568 1346; x_wconf 91' lang='grc' dir='ltr'>γάρ</span> <span class='ocrx_word' id='word_1_607' title='bbox 2602 1277 2894 1347; x_wconf 77' lang='grc' dir='ltr'>ἐπέθηκεν.</span> <span class='ocrx_word' id='word_1_608' title='bbox 2933 1279 3148 1349; x_wconf 84' lang='grc' dir='ltr'>Ὠσπερ</span> <span class='ocrx_word' id='word_1_609' title='bbox 3175 1273 3269 1332; x_wconf 84' lang='grc' dir='ltr'>οὖν</span> <span class='ocrx_word' id='word_1_610' title='bbox 3297 1276 3386 1330; x_wconf 82' lang='grc' dir='ltr'>διὰ</span> <span class='ocrx_word' id='word_1_611' title='bbox 3413 1275 3589 1346; x_wconf 87' lang='grc' dir='ltr'>πηλοῦ</span> <span class='ocrx_word' id='word_1_612' title='bbox 3623 1273 3715 1329; x_wconf 83' lang='grc' dir='ltr'>τδν</span> <span class='ocrx_word' id='word_1_613' title='bbox 3746 1291 3849 1327; x_wconf 71' lang='grc' dir='ltr'>τυο</span> 
     </span>
    </p>
   </div>
   <div class='ocr_carea' id='block_1_79' title="bbox 2257 1356 3851 1431">
    <p class='ocr_par' dir='ltr' id='par_1_79' title="bbox 2257 1356 3851 1431">
     <span class='ocr_line' id='line_1_79' title="bbox 2257 1356 3851 1431; baseline 0 -22"><span class='ocrx_word' id='word_1_614' title='bbox 2257 1357 2388 1427; x_wconf 83' lang='grc' dir='ltr'>φλδν</span> <span class='ocrx_word' id='word_1_615' title='bbox 2436 1358 2825 1431; x_wconf 84' lang='grc' dir='ltr'>ἐθεράπευσεν,</span> <span class='ocrx_word' id='word_1_616' title='bbox 2881 1358 3028 1413; x_wconf 82' lang='grc' dir='ltr'>οῦτω</span> <span class='ocrx_word' id='word_1_617' title='bbox 3074 1361 3171 1415; x_wconf 76' lang='grc' dir='ltr'>καὶ</span> <span class='ocrx_word' id='word_1_618' title='bbox 3228 1359 3328 1431; x_wconf 75' lang='grc' dir='ltr'>τὴν</span> <span class='ocrx_word' id='word_1_619' title='bbox 3377 1358 3703 1429; x_wconf 83' lang='grc' dir='ltr'>οἰκουμένην</span> <span class='ocrx_word' id='word_1_620' title='bbox 3757 1356 3851 1410; x_wconf 85' lang='grc' dir='ltr'>διά</span> 
     </span>
    </p>
   </div>
   <div class='ocr_carea' id='block_1_80' title="bbox 2257 1438 3850 1516">
    <p class='ocr_par' dir='ltr' id='par_1_80' title="bbox 2257 1438 3850 1516">
     <span class='ocr_line' id='line_1_80' title="bbox 2257 1438 3850 1516; baseline 0.001 -24"><span class='ocrx_word' id='word_1_621' title='bbox 2257 1439 2495 1511; x_wconf 90' lang='grc' dir='ltr'>σταυροῦ</span> <span class='ocrx_word' id='word_1_622' title='bbox 2529 1442 2934 1511; x_wconf 74' lang='grc' dir='ltr'>προσηγάγετοο</span> <span class='ocrx_word' id='word_1_623' title='bbox 2957 1444 3093 1515; x_wconf 79' lang='grc' dir='ltr'>ὅπερ</span> <span class='ocrx_word' id='word_1_624' title='bbox 3114 1443 3401 1516; x_wconf 79' lang='grc' dir='ltr'>προσθήκη</span> <span class='ocrx_word' id='word_1_625' title='bbox 3428 1438 3495 1514; x_wconf 76' lang='grc' dir='ltr'>ἧν</span> <span class='ocrx_word' id='word_1_626' title='bbox 3526 1439 3850 1503; x_wconf 82' lang='grc' dir='ltr'>σκανδάλου.</span> 
     </span>
    </p>
   </div>
   <div class='ocr_carea' id='block_1_81' title="bbox 2256 1521 3854 1595">
    <p class='ocr_par' dir='ltr' id='par_1_81' title="bbox 2256 1521 3854 1595">
     <span class='ocr_line' id='line_1_81' title="bbox 2256 1521 3854 1595; baseline 0.001 -21"><span class='ocrx_word' id='word_1_627' title='bbox 2256 1521 2358 1575; x_wconf 83' lang='grc' dir='ltr'>οὐκ</span> <span class='ocrx_word' id='word_1_628' title='bbox 2390 1522 2671 1592; x_wconf 85' lang='grc' dir='ltr'>ἀναίρεσις</span> <span class='ocrx_word' id='word_1_629' title='bbox 2705 1525 3026 1580; x_wconf 82' lang='grc' dir='ltr'>σκανδάλου.</span> <span class='ocrx_word' id='word_1_630' title='bbox 3058 1524 3215 1581; x_wconf 79' lang='grc' dir='ltr'>οὕτω</span> <span class='ocrx_word' id='word_1_631' title='bbox 3242 1525 3338 1581; x_wconf 74' lang='grc' dir='ltr'>καὶ</span> <span class='ocrx_word' id='word_1_632' title='bbox 3367 1525 3461 1579; x_wconf 74' lang='grc' dir='ltr'>ἐπὶ</span> <span class='ocrx_word' id='word_1_633' title='bbox 3486 1524 3590 1595; x_wconf 82' lang='grc' dir='ltr'>τῆς</span> <span class='ocrx_word' id='word_1_634' title='bbox 3617 1523 3854 1584; x_wconf 74' lang='grc' dir='ltr'>κτίσεως</span> 
     </span>
    </p>
   </div>
   <div class='ocr_carea' id='block_1_82' title="bbox 2256 1604 3850 1675">
    <p class='ocr_par' dir='ltr' id='par_1_82' title="bbox 2256 1604 3850 1675">
     <span class='ocr_line' id='line_1_82' title="bbox 2256 1604 3850 1675; baseline 0.001 -18"><span class='ocrx_word' id='word_1_635' title='bbox 2256 1604 2502 1675; x_wconf 85' lang='grc' dir='ltr'>ἐποίησε,</span> <span class='ocrx_word' id='word_1_636' title='bbox 2533 1604 2601 1658; x_wconf 80' lang='grc' dir='ltr'>τὰ</span> <span class='ocrx_word' id='word_1_637' title='bbox 2626 1608 2847 1660; x_wconf 88' lang='grc' dir='ltr'>ἐναντία</span> <span class='ocrx_word' id='word_1_638' title='bbox 2871 1608 2960 1661; x_wconf 77' lang='grc' dir='ltr'>διὰ</span> <span class='ocrx_word' id='word_1_639' title='bbox 2984 1609 3094 1661; x_wconf 86' lang='grc' dir='ltr'>τῶν</span> <span class='ocrx_word' id='word_1_640' title='bbox 3120 1609 3376 1663; x_wconf 78' lang='grc' dir='ltr'>ἐναντίων</span> <span class='ocrx_word' id='word_1_641' title='bbox 3400 1605 3850 1670; x_wconf 77' lang='grc' dir='ltr'>κατασκευάζων.</span> 
     </span>
    </p>
   </div>
   <div class='ocr_carea' id='block_1_83' title="bbox 2257 1687 3853 1759">
    <p class='ocr_par' dir='ltr' id='par_1_83' title="bbox 2257 1687 3853 1759">
     <span class='ocr_line' id='line_1_83' title="bbox 2257 1687 3853 1759; baseline -0.001 -18"><span class='ocrx_word' id='word_1_642' title='bbox 2257 1688 2488 1757; x_wconf 79' lang='grc' dir='ltr'>Ψάμμῳ</span> <span class='ocrx_word' id='word_1_643' title='bbox 2521 1687 2654 1754; x_wconf 90' lang='grc' dir='ltr'>γοῦν</span> <span class='ocrx_word' id='word_1_644' title='bbox 2689 1688 2965 1739; x_wconf 77' lang='grc' dir='ltr'>θάλασσαν</span> <span class='ocrx_word' id='word_1_645' title='bbox 2986 1690 3242 1757; x_wconf 79' lang='grc' dir='ltr'>ἐτείχισε,</span> <span class='ocrx_word' id='word_1_646' title='bbox 3272 1690 3351 1759; x_wconf 83' lang='grc' dir='ltr'>τῷ</span> <span class='ocrx_word' id='word_1_647' title='bbox 3376 1690 3596 1742; x_wconf 81' lang='grc' dir='ltr'>ἀσθενεῖ</span> <span class='ocrx_word' id='word_1_648' title='bbox 3612 1690 3674 1742; x_wconf 88' lang='lat'>16</span> <span class='ocrx_word' id='word_1_649' title='bbox 3696 1690 3853 1757; x_wconf 73' lang='grc' dir='ltr'>ἰσχυο</span> 
     </span>
    </p>
   </div>
   <div class='ocr_carea' id='block_1_84' title="bbox 2260 1766 3859 1840">
    <p class='ocr_par' dir='ltr' id='par_1_84' title="bbox 2260 1766 3859 1840">
     <span class='ocr_line' id='line_1_84' title="bbox 2260 1766 3859 1840; baseline 0.002 -19"><span class='ocrx_word' id='word_1_650' title='bbox 2260 1768 2353 1839; x_wconf 81' lang='grc' dir='ltr'>ρὸν</span> <span class='ocrx_word' id='word_1_651' title='bbox 2399 1766 2727 1837; x_wconf 85' lang='grc' dir='ltr'>χαλινώσας·</span> <span class='ocrx_word' id='word_1_652' title='bbox 2765 1768 2921 1821; x_wconf 84' lang='grc' dir='ltr'>ῦδατι</span> <span class='ocrx_word' id='word_1_653' title='bbox 2972 1770 3078 1838; x_wconf 84' lang='grc' dir='ltr'>γῆν</span> <span class='ocrx_word' id='word_1_654' title='bbox 3112 1770 3368 1839; x_wconf 80' lang='grc' dir='ltr'>ἐπέθηκε,</span> <span class='ocrx_word' id='word_1_655' title='bbox 3400 1770 3478 1838; x_wconf 85' lang='grc' dir='ltr'>τῷ</span> <span class='ocrx_word' id='word_1_656' title='bbox 3519 1771 3703 1840; x_wconf 83' lang='grc' dir='ltr'>χαύνῳ</span> <span class='ocrx_word' id='word_1_657' title='bbox 3755 1767 3859 1824; x_wconf 73' lang='grc' dir='ltr'>καὶ</span> 
     </span>
    </p>
   </div>
   <div class='ocr_carea' id='block_1_85' title="bbox 2257 1848 3855 1921">
    <p class='ocr_par' dir='ltr' id='par_1_85' title="bbox 2257 1848 3855 1921">
     <span class='ocr_line' id='line_1_85' title="bbox 2257 1848 3855 1921; baseline 0.003 -21"><span class='ocrx_word' id='word_1_658' title='bbox 2257 1848 2567 1921; x_wconf 77' lang='grc' dir='ltr'>διαρρέοντι</span> <span class='ocrx_word' id='word_1_659' title='bbox 2614 1849 2675 1902; x_wconf 83' lang='grc' dir='ltr'>τὸ</span> <span class='ocrx_word' id='word_1_660' title='bbox 2706 1848 2847 1921; x_wconf 85' lang='grc' dir='ltr'>βαρὺ</span> <span class='ocrx_word' id='word_1_661' title='bbox 2907 1852 3003 1904; x_wconf 72' lang='grc' dir='ltr'>καὶ</span> <span class='ocrx_word' id='word_1_662' title='bbox 3045 1851 3250 1904; x_wconf 86' lang='grc' dir='ltr'>πυκνὸν</span> <span class='ocrx_word' id='word_1_663' title='bbox 3302 1851 3621 1920; x_wconf 84' lang='grc' dir='ltr'>ἐποχεῖσθαι</span> <span class='ocrx_word' id='word_1_664' title='bbox 3670 1868 3855 1921; x_wconf 75' lang='grc' dir='ltr'>παραο</span> 
     </span>
    </p>
   </div>
   <div class='ocr_carea' id='block_1_86' title="bbox 2260 1930 3863 2004">
    <p class='ocr_par' dir='ltr' id='par_1_86' title="bbox 2260 1930 3863 2004">
     <span class='ocr_line' id='line_1_86' title="bbox 2260 1930 3863 2004; baseline 0.001 -22"><span class='ocrx_word' id='word_1_665' title='bbox 2260 1930 2557 1993; x_wconf 84' lang='grc' dir='ltr'>σκευάσας.</span> <span class='ocrx_word' id='word_1_666' title='bbox 2588 1930 2689 1984; x_wconf 86' lang='grc' dir='ltr'>Διά</span> <span class='ocrx_word' id='word_1_667' title='bbox 2726 1931 2836 1985; x_wconf 89' lang='grc' dir='ltr'>τῶν</span> <span class='ocrx_word' id='word_1_668' title='bbox 2866 1933 3163 2003; x_wconf 83' lang='grc' dir='ltr'>προφητῶν</span> <span class='ocrx_word' id='word_1_669' title='bbox 3191 1933 3355 1987; x_wconf 86' lang='grc' dir='ltr'>πάλιν</span> <span class='ocrx_word' id='word_1_670' title='bbox 3378 1933 3523 2001; x_wconf 86' lang='grc' dir='ltr'>ξύλῳ</span> <span class='ocrx_word' id='word_1_671' title='bbox 3559 1930 3744 2004; x_wconf 73' lang='grc' dir='ltr'>μικρῷ</span> <span class='ocrx_word' id='word_1_672' title='bbox 3774 1930 3863 1984; x_wconf 81' lang='grc' dir='ltr'>σί·-</span> 
     </span>
    </p>
   </div>
   <div class='ocr_carea' id='block_1_87' title="bbox 2258 2008 3873 2088">
    <p class='ocr_par' dir='ltr' id='par_1_87' title="bbox 2258 2008 3873 2088">
     <span class='ocr_line' id='line_1_87' title="bbox 2258 2008 3873 2088; baseline 0.001 -23"><span class='ocrx_word' id='word_1_673' title='bbox 2258 2013 2421 2084; x_wconf 89' lang='grc' dir='ltr'>δηρον</span> <span class='ocrx_word' id='word_1_674' title='bbox 2453 2013 2843 2084; x_wconf 89' lang='grc' dir='ltr'>ἐμετεώρισεν.</span> <span class='ocrx_word' id='word_1_675' title='bbox 2879 2015 3038 2069; x_wconf 82' lang='grc' dir='ltr'>Οὕτω</span> <span class='ocrx_word' id='word_1_676' title='bbox 3065 2017 3129 2088; x_wconf 83' lang='grc' dir='ltr'>δὴ</span> <span class='ocrx_word' id='word_1_677' title='bbox 3160 2017 3254 2071; x_wconf 79' lang='grc' dir='ltr'>καὶ</span> <span class='ocrx_word' id='word_1_678' title='bbox 3284 2015 3505 2087; x_wconf 81' lang='grc' dir='ltr'>σταυρῷ</span> <span class='ocrx_word' id='word_1_679' title='bbox 3536 2008 3637 2087; x_wconf 80' lang='grc' dir='ltr'>τὴν</span> <span class='ocrx_word' id='word_1_680' title='bbox 3668 2018 3873 2069; x_wconf 71' lang='grc' dir='ltr'>οἰκουο“</span> 
     </span>
    </p>
   </div>
   <div class='ocr_carea' id='block_1_88' title="bbox 2262 2096 3855 2172">
    <p class='ocr_par' dir='ltr' id='par_1_88' title="bbox 2262 2096 3855 2172">
     <span class='ocr_line' id='line_1_88' title="bbox 2262 2096 3855 2172; baseline 0.001 -23"><span class='ocrx_word' id='word_1_681' title='bbox 2262 2096 2432 2168; x_wconf 81' lang='grc' dir='ltr'>μένην</span> <span class='ocrx_word' id='word_1_682' title='bbox 2466 2098 2839 2153; x_wconf 83' lang='grc' dir='ltr'>ἐπεσπάσατο.</span> <span class='ocrx_word' id='word_1_683' title='bbox 2873 2100 3088 2172; x_wconf 81' lang='grc' dir='ltr'>Ὠσπερ</span> <span class='ocrx_word' id='word_1_684' title='bbox 3137 2102 3246 2171; x_wconf 81' lang='grc' dir='ltr'>γάρ</span> <span class='ocrx_word' id='word_1_685' title='bbox 3295 2100 3357 2154; x_wconf 87' lang='lat'>16</span> <span class='ocrx_word' id='word_1_686' title='bbox 3409 2100 3554 2171; x_wconf 77' lang='grc' dir='ltr'>ὕδωρ</span> <span class='ocrx_word' id='word_1_687' title='bbox 3593 2097 3855 2171; x_wconf 73' lang='grc' dir='ltr'>βαστάζει</span> 
     </span>
    </p>
   </div>
   <div class='ocr_carea' id='block_1_89' title="bbox 2257 2179 3853 2254">
    <p class='ocr_par' dir='ltr' id='par_1_89' title="bbox 2257 2179 3853 2254">
     <span class='ocr_line' id='line_1_89' title="bbox 2257 2179 3853 2254; baseline 0.001 -21"><span class='ocrx_word' id='word_1_688' title='bbox 2257 2180 2359 2249; x_wconf 84' lang='grc' dir='ltr'>τὴν</span> <span class='ocrx_word' id='word_1_689' title='bbox 2379 2184 2503 2251; x_wconf 83' lang='grc' dir='ltr'>γῆν,</span> <span class='ocrx_word' id='word_1_690' title='bbox 2536 2179 2681 2234; x_wconf 79' lang='grc' dir='ltr'>οὕτω</span> <span class='ocrx_word' id='word_1_691' title='bbox 2710 2182 2805 2236; x_wconf 75' lang='grc' dir='ltr'>καὶ</span> <span class='ocrx_word' id='word_1_692' title='bbox 2843 2183 2871 2234; x_wconf 97' lang='lat'>6</span> <span class='ocrx_word' id='word_1_693' title='bbox 2903 2183 3137 2252; x_wconf 87' lang='grc' dir='ltr'>σταυρὸς</span> <span class='ocrx_word' id='word_1_694' title='bbox 3165 2182 3426 2253; x_wconf 80' lang='grc' dir='ltr'>βαστάζει</span> <span class='ocrx_word' id='word_1_695' title='bbox 3468 2182 3566 2254; x_wconf 78' lang='grc' dir='ltr'>τὴν</span> <span class='ocrx_word' id='word_1_696' title='bbox 3592 2182 3853 2252; x_wconf 79' lang='grc' dir='ltr'>οίκουμὲο</span> 
     </span>
    </p>
   </div>
   <div class='ocr_carea' id='block_1_90' title="bbox 2256 2263 3859 2335">
    <p class='ocr_par' dir='ltr' id='par_1_90' title="bbox 2256 2263 3859 2335">
     <span class='ocr_line' id='line_1_90' title="bbox 2256 2263 3859 2335; baseline 0 -18"><span class='ocrx_word' id='word_1_697' title='bbox 2256 2281 2377 2333; x_wconf 92' lang='grc' dir='ltr'>νην.</span> <span class='ocrx_word' id='word_1_698' title='bbox 2412 2263 2675 2333; x_wconf 83' lang='grc' dir='ltr'>Μεγάλης</span> <span class='ocrx_word' id='word_1_699' title='bbox 2707 2265 2887 2320; x_wconf 91' lang='grc' dir='ltr'>τοίνυν</span> <span class='ocrx_word' id='word_1_700' title='bbox 2919 2266 3201 2335; x_wconf 88' lang='grc' dir='ltr'>δυνάμεως</span> <span class='ocrx_word' id='word_1_701' title='bbox 3227 2267 3321 2320; x_wconf 77' lang='grc' dir='ltr'>καὶ</span> <span class='ocrx_word' id='word_1_702' title='bbox 3351 2266 3542 2334; x_wconf 82' lang='grc' dir='ltr'>σοφίας</span> <span class='ocrx_word' id='word_1_703' title='bbox 3576 2265 3859 2330; x_wconf 86' lang='grc' dir='ltr'>ἀπόδειξις</span> 
     </span>
    </p>
   </div>
   <div class='ocr_carea' id='block_1_91' title="bbox 2256 2346 3859 2419">
    <p class='ocr_par' dir='ltr' id='par_1_91' title="bbox 2256 2346 3859 2419">
     <span class='ocr_line' id='line_1_91' title="bbox 2256 2346 3859 2419; baseline 0 -21"><span class='ocrx_word' id='word_1_704' title='bbox 2256 2346 2318 2399; x_wconf 88' lang='lat'>16</span> <span class='ocrx_word' id='word_1_705' title='bbox 2369 2346 2457 2399; x_wconf 87' lang='grc' dir='ltr'>διά</span> <span class='ocrx_word' id='word_1_706' title='bbox 2499 2347 2609 2399; x_wconf 88' lang='grc' dir='ltr'>τῶν</span> <span class='ocrx_word' id='word_1_707' title='bbox 2659 2349 2919 2402; x_wconf 87' lang='grc' dir='ltr'>ἐναντίων</span> <span class='ocrx_word' id='word_1_708' title='bbox 2980 2348 3211 2403; x_wconf 87' lang='grc' dir='ltr'>πείθειν.</span> <span class='ocrx_word' id='word_1_709' title='bbox 3260 2348 3372 2402; x_wconf 72' lang='grc' dir='ltr'>Καὶ</span> <span class='ocrx_word' id='word_1_710' title='bbox 3414 2348 3523 2419; x_wconf 87' lang='grc' dir='ltr'>γάρ</span> <span class='ocrx_word' id='word_1_711' title='bbox 3554 2346 3859 2401; x_wconf 85' lang='grc' dir='ltr'>σκανδάλου</span> 
     </span>
    </p>
   </div>
   <div class='ocr_carea' id='block_1_92' title="bbox 2258 2428 3856 2502">
    <p class='ocr_par' dir='ltr' id='par_1_92' title="bbox 2258 2428 3856 2502">
     <span class='ocr_line' id='line_1_92' title="bbox 2258 2428 3856 2502; baseline 0.001 -19"><span class='ocrx_word' id='word_1_712' title='bbox 2258 2432 2496 2501; x_wconf 79' lang='grc' dir='ltr'>πρᾶγμα</span> <span class='ocrx_word' id='word_1_713' title='bbox 2525 2433 2554 2483; x_wconf 93' lang='lat'>6</span> <span class='ocrx_word' id='word_1_714' title='bbox 2584 2431 2818 2502; x_wconf 76' lang='grc' dir='ltr'>σταυρὸς</span> <span class='ocrx_word' id='word_1_715' title='bbox 2842 2428 2984 2484; x_wconf 82' lang='grc' dir='ltr'>εἶναι</span> <span class='ocrx_word' id='word_1_716' title='bbox 3013 2431 3179 2497; x_wconf 87' lang='grc' dir='ltr'>δοκεῖ,</span> <span class='ocrx_word' id='word_1_717' title='bbox 3210 2431 3325 2485; x_wconf 87' lang='grc' dir='ltr'>ἀλλ’</span> <span class='ocrx_word' id='word_1_718' title='bbox 3346 2434 3493 2501; x_wconf 81' lang='grc' dir='ltr'>ὅμως</span> <span class='ocrx_word' id='word_1_719' title='bbox 3520 2432 3579 2485; x_wconf 87' lang='grc' dir='ltr'>οὑ</span> <span class='ocrx_word' id='word_1_720' title='bbox 3608 2430 3767 2502; x_wconf 89' lang='grc' dir='ltr'>μόνον</span> <span class='ocrx_word' id='word_1_721' title='bbox 3790 2430 3856 2484; x_wconf 79' lang='grc' dir='ltr'>οὐ</span> 
     </span>
    </p>
   </div>
   <div class='ocr_carea' id='block_1_93' title="bbox 2260 2509 3860 2583">
    <p class='ocr_par' dir='ltr' id='par_1_93' title="bbox 2260 2509 3860 2583">
     <span class='ocr_line' id='line_1_93' title="bbox 2260 2509 3860 2583; baseline 0.002 -19"><span class='ocrx_word' id='word_1_722' title='bbox 2260 2511 2625 2575; x_wconf 73' lang='grc' dir='ltr'>σκανδαλίζει,</span> <span class='ocrx_word' id='word_1_723' title='bbox 2661 2512 2797 2565; x_wconf 86' lang='grc' dir='ltr'>ἀλλά</span> <span class='ocrx_word' id='word_1_724' title='bbox 2841 2513 2935 2565; x_wconf 66' lang='grc' dir='ltr'>καὶ</span> <span class='ocrx_word' id='word_1_725' title='bbox 2967 2512 3275 2583; x_wconf 65' lang='grc' dir='ltr'>ἐφέλκεται.</span> <span class='ocrx_word' id='word_1_726' title='bbox 3303 2514 3467 2567; x_wconf 80' lang='grc' dir='ltr'>Ταῦτ’</span> <span class='ocrx_word' id='word_1_727' title='bbox 3504 2509 3597 2567; x_wconf 80' lang='grc' dir='ltr'>οὗν</span> <span class='ocrx_word' id='word_1_728' title='bbox 3638 2513 3860 2568; x_wconf 73' lang='grc' dir='ltr'>ἅπαντα</span> 
     </span>
    </p>
   </div>
   <div class='ocr_carea' id='block_1_94' title="bbox 2258 2594 3855 2665">
    <p class='ocr_par' dir='ltr' id='par_1_94' title="bbox 2258 2594 3855 2665">
     <span class='ocr_line' id='line_1_94' title="bbox 2258 2594 3855 2665; baseline 0.001 -18"><span class='ocrx_word' id='word_1_729' title='bbox 2258 2596 2521 2665; x_wconf 85' lang='grc' dir='ltr'>ἐννοήσας</span> <span class='ocrx_word' id='word_1_730' title='bbox 2575 2597 2603 2648; x_wconf 93' lang='lat'>6</span> <span class='ocrx_word' id='word_1_731' title='bbox 2656 2596 2867 2660; x_wconf 88' lang='grc' dir='ltr'>Παῦλος</span> <span class='ocrx_word' id='word_1_732' title='bbox 2901 2598 2995 2651; x_wconf 76' lang='grc' dir='ltr'>καὶ</span> <span class='ocrx_word' id='word_1_733' title='bbox 3027 2597 3345 2665; x_wconf 73' lang='grc' dir='ltr'>ἐκπλαγεὶς,</span> <span class='ocrx_word' id='word_1_734' title='bbox 3393 2597 3602 2663; x_wconf 72' lang='grc' dir='ltr'>ἔλεγεν,</span> <span class='ocrx_word' id='word_1_735' title='bbox 3661 2598 3747 2649; x_wconf 81' lang='grc' dir='ltr'>ὃτι</span> <span class='ocrx_word' id='word_1_736' title='bbox 3780 2594 3855 2651; x_wconf 73' lang='lat' dir='ltr'><em>T6</em></span> 
     </span>
    </p>
   </div>
   <div class='ocr_carea' id='block_1_95' title="bbox 2253 2678 3857 2749">
    <p class='ocr_par' dir='ltr' id='par_1_95' title="bbox 2253 2678 3857 2749">
     <span class='ocr_line' id='line_1_95' title="bbox 2253 2678 3857 2749; baseline 0.001 -18"><span class='ocrx_word' id='word_1_737' title='bbox 2253 2679 2459 2747; x_wconf 78' lang='grc' dir='ltr'>μωρὸν</span> <span class='ocrx_word' id='word_1_738' title='bbox 2491 2678 2599 2733; x_wconf 85' lang='grc' dir='ltr'>τοῦ</span> <span class='ocrx_word' id='word_1_739' title='bbox 2631 2678 2782 2733; x_wconf 83' lang='grc' dir='ltr'>Θεοῦ</span> <span class='ocrx_word' id='word_1_740' title='bbox 2812 2678 3162 2749; x_wconf 66' lang='grc' dir='ltr'>σοφώτερον</span> <span class='ocrx_word' id='word_1_741' title='bbox 3190 2679 3312 2735; x_wconf 74' lang='grc' dir='ltr'>τῶν</span> <span class='ocrx_word' id='word_1_742' title='bbox 3335 2680 3663 2748; x_wconf 69' lang='grc' dir='ltr'>ἀνθρώπων</span> <span class='ocrx_word' id='word_1_743' title='bbox 3697 2678 3857 2745; x_wconf 79' lang='grc' dir='ltr'>ἐστ-ἰ,</span> 
     </span>
    </p>
   </div>
   <div class='ocr_carea' id='block_1_96' title="bbox 2258 2761 3861 2835">
    <p class='ocr_par' dir='ltr' id='par_1_96' title="bbox 2258 2761 3861 2835">
     <span class='ocr_line' id='line_1_96' title="bbox 2258 2761 3861 2835; baseline 0.001 -21"><span class='ocrx_word' id='word_1_744' title='bbox 2258 2761 2377 2835; x_wconf 77' lang='lat'>[‘28]</span> <span class='ocrx_word' id='word_1_745' title='bbox 2404 2761 2508 2815; x_wconf 77' lang='grc' dir='ltr'>καί</span> <span class='ocrx_word' id='word_1_746' title='bbox 2547 2762 2614 2816; x_wconf 86' lang='grc' dir='ltr'>τὸ</span> <span class='ocrx_word' id='word_1_747' title='bbox 2659 2763 2918 2830; x_wconf 82' lang='grc' dir='ltr'>ἀσθενὲς</span> <span class='ocrx_word' id='word_1_748' title='bbox 2963 2763 3069 2818; x_wconf 86' lang='grc' dir='ltr'>τοῦ</span> <span class='ocrx_word' id='word_1_749' title='bbox 3108 2764 3259 2819; x_wconf 82' lang='grc' dir='ltr'>Θεοῦ</span> <span class='ocrx_word' id='word_1_750' title='bbox 3303 2765 3697 2833; x_wconf 77' lang='grc' dir='ltr'>ίσχυρότερον</span> <span class='ocrx_word' id='word_1_751' title='bbox 3733 2762 3861 2817; x_wconf 73' lang='grc' dir='ltr'>τῶν</span> 
     </span>
    </p>
   </div>
   <div class='ocr_carea' id='block_1_97' title="bbox 2257 2846 3859 2919">
    <p class='ocr_par' dir='ltr' id='par_1_97' title="bbox 2257 2846 3859 2919">
     <span class='ocr_line' id='line_1_97' title="bbox 2257 2846 3859 2919; baseline 0 -18"><span class='ocrx_word' id='word_1_752' title='bbox 2257 2846 2590 2915; x_wconf 72' lang='grc' dir='ltr'>ἀνθρώπων</span> <span class='ocrx_word' id='word_1_753' title='bbox 2619 2847 2772 2901; x_wconf 83' lang='grc' dir='ltr'>ἐστί·</span> <span class='ocrx_word' id='word_1_754' title='bbox 2803 2850 2933 2917; x_wconf 80' lang='grc' dir='ltr'>περὶ</span> <span class='ocrx_word' id='word_1_755' title='bbox 2960 2846 3055 2902; x_wconf 88' lang='grc' dir='ltr'>τοῦ</span> <span class='ocrx_word' id='word_1_756' title='bbox 3093 2847 3330 2917; x_wconf 90' lang='grc' dir='ltr'>σταυροῦ</span> <span class='ocrx_word' id='word_1_757' title='bbox 3370 2847 3544 2914; x_wconf 82' lang='grc' dir='ltr'>λέγων</span> <span class='ocrx_word' id='word_1_758' title='bbox 3576 2848 3637 2900; x_wconf 84' lang='lat'>16</span> <span class='ocrx_word' id='word_1_759' title='bbox 3670 2848 3859 2919; x_wconf 81' lang='grc' dir='ltr'>μωρὸν</span> 
     </span>
    </p>
   </div>
   <div class='ocr_carea' id='block_1_98' title="bbox 2258 2928 3863 3000">
    <p class='ocr_par' dir='ltr' id='par_1_98' title="bbox 2258 2928 3863 3000">
     <span class='ocr_line' id='line_1_98' title="bbox 2258 2928 3863 3000; baseline 0.001 -19"><span class='ocrx_word' id='word_1_760' title='bbox 2258 2929 2353 2981; x_wconf 77' lang='grc' dir='ltr'>καὶ</span> <span class='ocrx_word' id='word_1_761' title='bbox 2392 2929 2454 2981; x_wconf 83' lang='grc' dir='ltr'>τὸ</span> <span class='ocrx_word' id='word_1_762' title='bbox 2488 2928 2737 2993; x_wconf 80' lang='grc' dir='ltr'>ἀσθενὲς,</span> <span class='ocrx_word' id='word_1_763' title='bbox 2769 2929 2831 2981; x_wconf 80' lang='grc' dir='ltr'>οὑ</span> <span class='ocrx_word' id='word_1_764' title='bbox 2858 2931 2920 2982; x_wconf 87' lang='lat'>16</span> <span class='ocrx_word' id='word_1_765' title='bbox 2949 2929 3031 2994; x_wconf 82' lang='lat' dir='ltr'>6v,</span> <span class='ocrx_word' id='word_1_766' title='bbox 3060 2928 3200 2982; x_wconf 79' lang='grc' dir='ltr'>ἀλλά</span> <span class='ocrx_word' id='word_1_767' title='bbox 3243 2930 3302 2983; x_wconf 87' lang='lat'>16</span> <span class='ocrx_word' id='word_1_768' title='bbox 3326 2928 3538 2981; x_wconf 72' lang='grc' dir='ltr'>δοκοῦψ</span> <span class='ocrx_word' id='word_1_769' title='bbox 3575 2929 3713 2999; x_wconf 80' lang='grc' dir='ltr'>πρὸς</span> <span class='ocrx_word' id='word_1_770' title='bbox 3744 2930 3863 3000; x_wconf 82' lang='grc' dir='ltr'>γάρ</span> 
     </span>
    </p>
   </div>
   <div class='ocr_carea' id='block_1_99' title="bbox 2256 3010 3860 3084">
    <p class='ocr_par' dir='ltr' id='par_1_99' title="bbox 2256 3010 3860 3084">
     <span class='ocr_line' id='line_1_99' title="bbox 2256 3010 3860 3084; baseline 0.002 -21"><span class='ocrx_word' id='word_1_771' title='bbox 2256 3010 2355 3081; x_wconf 78' lang='grc' dir='ltr'>τὴν</span> <span class='ocrx_word' id='word_1_772' title='bbox 2385 3010 2611 3064; x_wconf 87' lang='grc' dir='ltr'>ἐκείνων</span> <span class='ocrx_word' id='word_1_773' title='bbox 2638 3010 2911 3080; x_wconf 83' lang='grc' dir='ltr'>ὑπόληψιν</span> <span class='ocrx_word' id='word_1_774' title='bbox 2938 3012 3316 3081; x_wconf 90' lang='grc' dir='ltr'>ἀποκρίνεται.</span> <span class='ocrx_word' id='word_1_775' title='bbox 3350 3013 3415 3065; x_wconf 83' lang='grc'>’⁸0</span> <span class='ocrx_word' id='word_1_776' title='bbox 3441 3012 3552 3082; x_wconf 84' lang='lat'>1&amp;9</span> <span class='ocrx_word' id='word_1_777' title='bbox 3573 3012 3676 3066; x_wconf 82' lang='grc' dir='ltr'>οὐκ</span> <span class='ocrx_word' id='word_1_778' title='bbox 3702 3012 3860 3084; x_wconf 84' lang='grc' dir='ltr'>ῑσχυ-</span> 
     </span>
    </p>
   </div>
   <div class='ocr_carea' id='block_1_100' title="bbox 2259 3092 3870 3167">
    <p class='ocr_par' dir='ltr' id='par_1_100' title="bbox 2259 3092 3870 3167">
     <span class='ocr_line' id='line_1_100' title="bbox 2259 3092 3870 3167; baseline 0.001 -21"><span class='ocrx_word' id='word_1_779' title='bbox 2259 3110 2359 3146; x_wconf 90' lang='grc' dir='ltr'>σαν</span> <span class='ocrx_word' id='word_1_780' title='bbox 2392 3093 2675 3162; x_wconf 87' lang='grc' dir='ltr'>φιλόσοφοι</span> <span class='ocrx_word' id='word_1_781' title='bbox 2718 3092 2807 3167; x_wconf 82' lang='grc' dir='ltr'>διά</span> <span class='ocrx_word' id='word_1_782' title='bbox 2843 3092 2952 3145; x_wconf 78' lang='grc' dir='ltr'>τῶν</span> <span class='ocrx_word' id='word_1_783' title='bbox 2987 3092 3362 3165; x_wconf 89' lang='grc' dir='ltr'>συλλογισμῶν</span> <span class='ocrx_word' id='word_1_784' title='bbox 3411 3094 3657 3165; x_wconf 80' lang='grc' dir='ltr'>ποιῆσαι,</span> <span class='ocrx_word' id='word_1_785' title='bbox 3695 3093 3870 3149; x_wconf 70' lang='grc' dir='ltr'>τοῦτα</span> 
     </span>
    </p>
   </div>
   <div class='ocr_carea' id='block_1_101' title="bbox 2257 3172 3861 3250">
    <p class='ocr_par' dir='ltr' id='par_1_101' title="bbox 2257 3172 3861 3250">
     <span class='ocr_line' id='line_1_101' title="bbox 2257 3172 3861 3250; baseline 0.001 -20"><span class='ocrx_word' id='word_1_786' title='bbox 2257 3178 2290 3247; x_wconf 80' lang='grc' dir='ltr'>ἡ</span> <span class='ocrx_word' id='word_1_787' title='bbox 2312 3176 2547 3230; x_wconf 85' lang='grc' dir='ltr'>δοκοῦσα</span> <span class='ocrx_word' id='word_1_788' title='bbox 2573 3172 2715 3230; x_wconf 76' lang='grc' dir='ltr'>εῖναι</span> <span class='ocrx_word' id='word_1_789' title='bbox 2750 3175 2932 3247; x_wconf 87' lang='grc' dir='ltr'>μωρία</span> <span class='ocrx_word' id='word_1_790' title='bbox 2970 3175 3301 3250; x_wconf 87' lang='grc' dir='ltr'>κατώρθωσε</span> <span class='ocrx_word' id='word_1_791' title='bbox 3327 3193 3341 3242; x_wconf 88' lang='grc'>;</span> <span class='ocrx_word' id='word_1_792' title='bbox 3374 3176 3472 3241; x_wconf 89' lang='grc' dir='ltr'>Τίς</span> <span class='ocrx_word' id='word_1_793' title='bbox 3493 3173 3587 3231; x_wconf 86' lang='grc' dir='ltr'>οῦν</span> <span class='ocrx_word' id='word_1_794' title='bbox 3616 3176 3861 3246; x_wconf 81' lang='grc' dir='ltr'>σοφώτε-</span> 
     </span>
    </p>
   </div>
   <div class='ocr_carea' id='block_1_102' title="bbox 2256 3259 3866 3333">
    <p class='ocr_par' dir='ltr' id='par_1_102' title="bbox 2256 3259 3866 3333">
     <span class='ocr_line' id='line_1_102' title="bbox 2256 3259 3866 3333; baseline 0 -20"><span class='ocrx_word' id='word_1_795' title='bbox 2256 3279 2449 3333; x_wconf 82' lang='grc' dir='ltr'>τερος;</span> <span class='ocrx_word' id='word_1_796' title='bbox 2490 3262 2519 3315; x_wconf 88' lang='lat'>6</span> <span class='ocrx_word' id='word_1_797' title='bbox 2547 3262 2672 3324; x_wconf 83' lang='grc' dir='ltr'>τοὺς</span> <span class='ocrx_word' id='word_1_798' title='bbox 2708 3260 2940 3323; x_wconf 83' lang='grc' dir='ltr'>πολλοὺς</span> <span class='ocrx_word' id='word_1_799' title='bbox 2988 3260 3213 3325; x_wconf 86' lang='grc' dir='ltr'>πείθων,</span> <span class='ocrx_word' id='word_1_800' title='bbox 3241 3261 3275 3332; x_wconf 74' lang='grc' dir='ltr'>ἦ</span> <span class='ocrx_word' id='word_1_801' title='bbox 3306 3262 3335 3315; x_wconf 88' lang='lat'>6</span> <span class='ocrx_word' id='word_1_802' title='bbox 3369 3260 3607 3329; x_wconf 71' lang='grc' dir='ltr'>ὀλίγους,</span> <span class='ocrx_word' id='word_1_803' title='bbox 3652 3259 3866 3332; x_wconf 62' lang='grc' dir='ltr'>μᾶλλον</span> 
     </span>
    </p>
   </div>
   <div class='ocr_carea' id='block_1_103' title="bbox 2256 3342 3861 3417">
    <p class='ocr_par' dir='ltr' id='par_1_103' title="bbox 2256 3342 3861 3417">
     <span class='ocr_line' id='line_1_103' title="bbox 2256 3342 3861 3417; baseline 0.001 -21"><span class='ocrx_word' id='word_1_804' title='bbox 2256 3344 2311 3397; x_wconf 81' lang='grc' dir='ltr'>δὲ</span> <span class='ocrx_word' id='word_1_805' title='bbox 2360 3343 2587 3409; x_wconf 85' lang='grc' dir='ltr'>ούδένα;</span> <span class='ocrx_word' id='word_1_806' title='bbox 2614 3344 2643 3395; x_wconf 90' lang='lat'>6</span> <span class='ocrx_word' id='word_1_807' title='bbox 2674 3344 2940 3415; x_wconf 76' lang='grc' dir='ltr'>περὶτῶν</span> <span class='ocrx_word' id='word_1_808' title='bbox 2977 3343 3249 3413; x_wconf 83' lang='grc' dir='ltr'>μεγίστων</span> <span class='ocrx_word' id='word_1_809' title='bbox 3294 3342 3520 3407; x_wconf 89' lang='grc' dir='ltr'>πείθων,</span> <span class='ocrx_word' id='word_1_810' title='bbox 3570 3343 3605 3414; x_wconf 80' lang='grc' dir='ltr'>ἢ</span> <span class='ocrx_word' id='word_1_811' title='bbox 3649 3346 3677 3397; x_wconf 91' lang='lat'>6</span> <span class='ocrx_word' id='word_1_812' title='bbox 3724 3344 3861 3417; x_wconf 73' lang='grc' dir='ltr'>περὶ</span> 
     </span>
    </p>
   </div>
   <div class='ocr_carea' id='block_1_104' title="bbox 2258 3424 3860 3497">
    <p class='ocr_par' dir='ltr' id='par_1_104' title="bbox 2258 3424 3860 3497">
     <span class='ocr_line' id='line_1_104' title="bbox 2258 3424 3860 3497; baseline 0.001 -19"><span class='ocrx_word' id='word_1_813' title='bbox 2258 3426 2365 3478; x_wconf 90' lang='grc' dir='ltr'>τῶν</span> <span class='ocrx_word' id='word_1_814' title='bbox 2403 3426 2478 3496; x_wconf 86' lang='grc' dir='ltr'>μὴ</span> <span class='ocrx_word' id='word_1_815' title='bbox 2507 3425 2737 3479; x_wconf 83' lang='grc' dir='ltr'>δεόντων</span> <span class='ocrx_word' id='word_1_816' title='bbox 2764 3436 2827 3492; x_wconf 71' lang='grc' dir='ltr'>ε;</span> <span class='ocrx_word' id='word_1_817' title='bbox 2859 3427 3010 3479; x_wconf 89' lang='grc' dir='ltr'>Πόσα</span> <span class='ocrx_word' id='word_1_818' title='bbox 3044 3426 3218 3497; x_wconf 83' lang='grc' dir='ltr'>ἐκαμε</span> <span class='ocrx_word' id='word_1_819' title='bbox 3264 3424 3492 3480; x_wconf 88' lang='grc' dir='ltr'>Πλάτων</span> <span class='ocrx_word' id='word_1_820' title='bbox 3518 3426 3613 3480; x_wconf 69' lang='grc' dir='ltr'>καὶ</span> <span class='ocrx_word' id='word_1_821' title='bbox 3643 3426 3693 3478; x_wconf 86' lang='grc' dir='ltr'>οἰ</span> <span class='ocrx_word' id='word_1_822' title='bbox 3732 3424 3860 3479; x_wconf 80' lang='grc' dir='ltr'>κατ’</span> 
     </span>
    </p>
   </div>
   <div class='ocr_carea' id='block_1_105' title="bbox 2258 3507 3861 3579">
    <p class='ocr_par' dir='ltr' id='par_1_105' title="bbox 2258 3507 3861 3579">
     <span class='ocr_line' id='line_1_105' title="bbox 2258 3507 3861 3579; baseline 0 -18"><span class='ocrx_word' id='word_1_823' title='bbox 2258 3509 2423 3561; x_wconf 72' lang='grc' dir='ltr'>αὑτὸν</span> <span class='ocrx_word' id='word_1_824' title='bbox 2473 3509 2603 3579; x_wconf 77' lang='grc' dir='ltr'>περὶ</span> <span class='ocrx_word' id='word_1_825' title='bbox 2657 3509 2926 3579; x_wconf 85' lang='grc' dir='ltr'>γραμμῆς</span> <span class='ocrx_word' id='word_1_826' title='bbox 2972 3510 3068 3563; x_wconf 74' lang='grc' dir='ltr'>καὶ</span> <span class='ocrx_word' id='word_1_827' title='bbox 3108 3509 3310 3577; x_wconf 88' lang='grc' dir='ltr'>γωνίας</span> <span class='ocrx_word' id='word_1_828' title='bbox 3353 3509 3451 3561; x_wconf 67' lang='grc' dir='ltr'>καί⁸</span> <span class='ocrx_word' id='word_1_829' title='bbox 3484 3508 3721 3577; x_wconf 87' lang='grc' dir='ltr'>στιγμῆς</span> <span class='ocrx_word' id='word_1_830' title='bbox 3760 3507 3861 3561; x_wconf 79' lang='grc' dir='ltr'>καὶ</span> 
     </span>
    </p>
   </div>
   <div class='ocr_carea' id='block_1_106' title="bbox 2259 3590 3861 3663">
    <p class='ocr_par' dir='ltr' id='par_1_106' title="bbox 2259 3590 3861 3663">
     <span class='ocr_line' id='line_1_106' title="bbox 2259 3590 3861 3663; baseline -0.001 -19"><span class='ocrx_word' id='word_1_831' title='bbox 2259 3591 2513 3661; x_wconf 80' lang='grc' dir='ltr'>ἀριθμῶν</span> <span class='ocrx_word' id='word_1_832' title='bbox 2555 3592 2760 3661; x_wconf 88' lang='grc' dir='ltr'>ἀρτίων</span> <span class='ocrx_word' id='word_1_833' title='bbox 2820 3593 2916 3646; x_wconf 63' lang='grc' dir='ltr'>καὶ⁵</span> <span class='ocrx_word' id='word_1_834' title='bbox 2965 3594 3258 3663; x_wconf 84' lang='grc' dir='ltr'>περιττῶν,</span> <span class='ocrx_word' id='word_1_835' title='bbox 3290 3590 3385 3646; x_wconf 71' lang='grc' dir='ltr'>καί⁵</span> <span class='ocrx_word' id='word_1_836' title='bbox 3423 3592 3554 3645; x_wconf 84' lang='grc' dir='ltr'>ίσων</span> <span class='ocrx_word' id='word_1_837' title='bbox 3601 3590 3861 3661; x_wconf 79' lang='grc' dir='ltr'>ἀλλήλοις</span> 
     </span>
    </p>
   </div>
   <div class='ocr_carea' id='block_1_107' title="bbox 2260 3675 3865 3747">
    <p class='ocr_par' dir='ltr' id='par_1_107' title="bbox 2260 3675 3865 3747">
     <span class='ocr_line' id='line_1_107' title="bbox 2260 3675 3865 3747; baseline -0.001 -18"><span class='ocrx_word' id='word_1_838' title='bbox 2260 3677 2354 3729; x_wconf 74' lang='grc' dir='ltr'>καὶ</span> <span class='ocrx_word' id='word_1_839' title='bbox 2404 3676 2627 3733; x_wconf 82' lang='grc' dir='ltr'>ἀνίσων.</span> <span class='ocrx_word' id='word_1_840' title='bbox 2668 3676 2765 3729; x_wconf 80' lang='grc' dir='ltr'>καὶ</span> <span class='ocrx_word' id='word_1_841' title='bbox 2814 3676 2922 3731; x_wconf 89' lang='grc' dir='ltr'>τῶν</span> <span class='ocrx_word' id='word_1_842' title='bbox 2972 3677 3233 3730; x_wconf 84' lang='grc' dir='ltr'>τοιούτων</span> <span class='ocrx_word' id='word_1_843' title='bbox 3283 3675 3667 3747; x_wconf 81' lang='grc' dir='ltr'>διαλεγόμενος</span> <span class='ocrx_word' id='word_1_844' title='bbox 3719 3676 3865 3745; x_wconf 65' lang='grc' dir='ltr'>ήμέν</span> 
     </span>
    </p>
   </div>
   <div class='ocr_carea' id='block_1_108' title="bbox 2260 3758 3863 3831">
    <p class='ocr_par' dir='ltr' id='par_1_108' title="bbox 2260 3758 3863 3831">
     <span class='ocr_line' id='line_1_108' title="bbox 2260 3758 3863 3831; baseline -0.002 -18"><span class='ocrx_word' id='word_1_845' title='bbox 2260 3758 2534 3829; x_wconf 87' lang='grc' dir='ltr'>ἀραχνίων</span> <span class='ocrx_word' id='word_1_846' title='bbox 2552 3759 2670 3828; x_wconf 80' lang='grc' dir='ltr'>(καὶ</span> <span class='ocrx_word' id='word_1_847' title='bbox 2693 3759 2800 3831; x_wconf 84' lang='lat'>1&amp;9</span> <span class='ocrx_word' id='word_1_848' title='bbox 2829 3758 2939 3812; x_wconf 88' lang='grc' dir='ltr'>τῶν</span> <span class='ocrx_word' id='word_1_849' title='bbox 2963 3759 3303 3830; x_wconf 85' lang='grc' dir='ltr'>ὑφασμάτων</span> <span class='ocrx_word' id='word_1_850' title='bbox 3332 3759 3558 3812; x_wconf 88' lang='grc' dir='ltr'>ἐκείνων</span> <span class='ocrx_word' id='word_1_851' title='bbox 3582 3758 3863 3829; x_wconf 69' lang='grc' dir='ltr'>ἀχρηστόε-</span> 
     </span>
    </p>
   </div>
   <div class='ocr_carea' id='block_1_109' title="bbox 2258 3841 3863 3914">
    <p class='ocr_par' dir='ltr' id='par_1_109' title="bbox 2258 3841 3863 3914">
     <span class='ocr_line' id='line_1_109' title="bbox 2258 3841 3863 3914; baseline -0.001 -19"><span class='ocrx_word' id='word_1_852' title='bbox 2258 3861 2393 3914; x_wconf 88' lang='grc' dir='ltr'>τερα</span> <span class='ocrx_word' id='word_1_853' title='bbox 2420 3842 2593 3895; x_wconf 87' lang='grc' dir='ltr'>ταῦτα</span> <span class='ocrx_word' id='word_1_854' title='bbox 2616 3842 2693 3912; x_wconf 85' lang='grc' dir='ltr'>τῷ</span> <span class='ocrx_word' id='word_1_855' title='bbox 2726 3842 2869 3912; x_wconf 82' lang='grc' dir='ltr'>βίῳ),</span> <span class='ocrx_word' id='word_1_856' title='bbox 2898 3844 2993 3895; x_wconf 78' lang='grc' dir='ltr'>καὶ</span> <span class='ocrx_word' id='word_1_857' title='bbox 3022 3842 3083 3895; x_wconf 85' lang='grc' dir='ltr'>οὑ</span> <span class='ocrx_word' id='word_1_858' title='bbox 3121 3843 3318 3911; x_wconf 85' lang='grc' dir='ltr'>μέγαν,</span> <span class='ocrx_word' id='word_1_859' title='bbox 3349 3842 3410 3894; x_wconf 86' lang='grc' dir='ltr'>οὑ</span> <span class='ocrx_word' id='word_1_860' title='bbox 3448 3841 3645 3910; x_wconf 84' lang='grc' dir='ltr'>μικρὸν</span> <span class='ocrx_word' id='word_1_861' title='bbox 3672 3842 3863 3894; x_wconf 73' lang='grc' dir='ltr'>ἐντεῦο</span> 
     </span>
    </p>
   </div>
   <div class='ocr_carea' id='block_1_110' title="bbox 2261 3923 3860 3995">
    <p class='ocr_par' dir='ltr' id='par_1_110' title="bbox 2261 3923 3860 3995">
     <span class='ocr_line' id='line_1_110' title="bbox 2261 3923 3860 3995; baseline -0.001 -17"><span class='ocrx_word' id='word_1_862' title='bbox 2261 3926 2351 3978; x_wconf 88' lang='grc' dir='ltr'>θεν</span> <span class='ocrx_word' id='word_1_863' title='bbox 2385 3927 2674 3995; x_wconf 82' lang='grc' dir='ltr'>ὠφελήσας</span> <span class='ocrx_word' id='word_1_864' title='bbox 2707 3926 2848 3978; x_wconf 81' lang='grc' dir='ltr'>οὕτω</span> <span class='ocrx_word' id='word_1_865' title='bbox 2894 3926 2988 3977; x_wconf 80' lang='grc' dir='ltr'>τὸν</span> <span class='ocrx_word' id='word_1_866' title='bbox 3020 3925 3134 3995; x_wconf 86' lang='grc' dir='ltr'>βίον</span> <span class='ocrx_word' id='word_1_867' title='bbox 3163 3926 3461 3978; x_wconf 85' lang='grc' dir='ltr'>κατέλυσεί</span> <span class='ocrx_word' id='word_1_868' title='bbox 3497 3924 3639 3977; x_wconf 86' lang='grc' dir='ltr'>πόσα</span> <span class='ocrx_word' id='word_1_869' title='bbox 3676 3923 3860 3994; x_wconf 73' lang='grc' dir='ltr'>ἔκαμε</span> 
     </span>
    </p>
   </div>
   <div class='ocr_carea' id='block_1_111' title="bbox 2258 4005 3858 4079">
    <p class='ocr_par' dir='ltr' id='par_1_111' title="bbox 2258 4005 3858 4079">
     <span class='ocr_line' id='line_1_111' title="bbox 2258 4005 3858 4079; baseline -0.001 -18"><span class='ocrx_word' id='word_1_870' title='bbox 2258 4009 2433 4075; x_wconf 81' lang='grc' dir='ltr'>δεῖξαι</span> <span class='ocrx_word' id='word_1_871' title='bbox 2457 4008 2753 4077; x_wconf 83' lang='grc' dir='ltr'>ἐπιχειρῶν</span> <span class='ocrx_word' id='word_1_872' title='bbox 2781 4007 2857 4070; x_wconf 85' lang='grc' dir='ltr'>ὡς</span> <span class='ocrx_word' id='word_1_873' title='bbox 2885 4006 3208 4079; x_wconf 79' lang='grc' dir='ltr'>ἀθάνατοςη</span> <span class='ocrx_word' id='word_1_874' title='bbox 3243 4007 3411 4078; x_wconf 78' lang='grc' dir='ltr'>ψυχὴ,</span> <span class='ocrx_word' id='word_1_875' title='bbox 3447 4007 3541 4060; x_wconf 73' lang='grc' dir='ltr'>καὶ</span> <span class='ocrx_word' id='word_1_876' title='bbox 3569 4005 3720 4059; x_wconf 80' lang='grc' dir='ltr'>οὐδὲν</span> <span class='ocrx_word' id='word_1_877' title='bbox 3750 4022 3858 4059; x_wconf 87' lang='grc' dir='ltr'>σα-</span> 
     </span>
    </p>
   </div>
   <div class='ocr_carea' id='block_1_112' title="bbox 2260 4087 3861 4159">
    <p class='ocr_par' dir='ltr' id='par_1_112' title="bbox 2260 4087 3861 4159">
     <span class='ocr_line' id='line_1_112' title="bbox 2260 4087 3861 4159; baseline -0.001 -17"><span class='ocrx_word' id='word_1_878' title='bbox 2260 4090 2360 4159; x_wconf 83' lang='grc' dir='ltr'>φὲς</span> <span class='ocrx_word' id='word_1_879' title='bbox 2402 4089 2595 4155; x_wconf 86' lang='grc' dir='ltr'>εἰπὼν,</span> <span class='ocrx_word' id='word_1_880' title='bbox 2647 4089 2768 4142; x_wconf 70' lang='grc' dir='ltr'>οὐδὲ</span> <span class='ocrx_word' id='word_1_881' title='bbox 2798 4090 2993 4157; x_wconf 84' lang='grc' dir='ltr'>πείσας</span> <span class='ocrx_word' id='word_1_882' title='bbox 3036 4088 3157 4143; x_wconf 85' lang='grc' dir='ltr'>τινὰ</span> <span class='ocrx_word' id='word_1_883' title='bbox 3191 4090 3301 4144; x_wconf 89' lang='grc' dir='ltr'>τῶν</span> <span class='ocrx_word' id='word_1_884' title='bbox 3341 4089 3648 4144; x_wconf 78' lang='grc' dir='ltr'>ἀκουόντων</span> <span class='ocrx_word' id='word_1_885' title='bbox 3676 4087 3861 4152; x_wconf 71' lang='grc' dir='ltr'>οὓτως</span> 
     </span>
    </p>
   </div>
   <div class='ocr_carea' id='block_1_113' title="bbox 2258 4172 3864 4245">
    <p class='ocr_par' dir='ltr' id='par_1_113' title="bbox 2258 4172 3864 4245">
     <span class='ocr_line' id='line_1_113' title="bbox 2258 4172 3864 4245; baseline -0.001 -18"><span class='ocrx_word' id='word_1_886' title='bbox 2258 4174 2502 4245; x_wconf 85' lang='grc' dir='ltr'>ἀπῆλθεν</span> <span class='ocrx_word' id='word_1_887' title='bbox 2528 4176 2540 4227; x_wconf 84' lang='grc' dir='ltr'>ἰ</span> <span class='ocrx_word' id='word_1_888' title='bbox 2585 4174 2641 4227; x_wconf 90' lang='lat'>&#39;0</span> <span class='ocrx_word' id='word_1_889' title='bbox 2669 4172 2725 4225; x_wconf 85' lang='grc' dir='ltr'>δὲ</span> <span class='ocrx_word' id='word_1_890' title='bbox 2753 4176 2987 4245; x_wconf 73' lang='grc' dir='ltr'>σταυρὸς</span> <span class='ocrx_word' id='word_1_891' title='bbox 3026 4173 3116 4228; x_wconf 83' lang='grc' dir='ltr'>διὰ</span> <span class='ocrx_word' id='word_1_892' title='bbox 3141 4174 3367 4229; x_wconf 88' lang='grc' dir='ltr'>ἰδιωτῶν</span> <span class='ocrx_word' id='word_1_893' title='bbox 3388 4175 3594 4237; x_wconf 69' lang='grc' dir='ltr'>ἔπεισε,</span> <span class='ocrx_word' id='word_1_894' title='bbox 3632 4173 3726 4227; x_wconf 75' lang='grc' dir='ltr'>καὶ</span> <span class='ocrx_word' id='word_1_895' title='bbox 3750 4172 3864 4240; x_wconf 74' lang='grc' dir='ltr'>τὴν</span> 
     </span>
    </p>
   </div>
   <div class='ocr_carea' id='block_1_114' title="bbox 2257 4256 3859 4329">
    <p class='ocr_par' dir='ltr' id='par_1_114' title="bbox 2257 4256 3859 4329">
     <span class='ocr_line' id='line_1_114' title="bbox 2257 4256 3859 4329; baseline -0.001 -20"><span class='ocrx_word' id='word_1_896' title='bbox 2257 4258 2584 4329; x_wconf 80' lang='grc' dir='ltr'>οἰκουμένην</span> <span class='ocrx_word' id='word_1_897' title='bbox 2606 4258 2826 4313; x_wconf 75' lang='grc' dir='ltr'>ἅπασαν</span> <span class='ocrx_word' id='word_1_898' title='bbox 2859 4261 3212 4313; x_wconf 82' lang='grc' dir='ltr'>ἐπεσπάσατο</span> <span class='ocrx_word' id='word_1_899' title='bbox 3236 4260 3285 4321; x_wconf 74' lang='grc'>1³,</span> <span class='ocrx_word' id='word_1_900' title='bbox 3312 4259 3407 4312; x_wconf 74' lang='grc' dir='ltr'>καὶ</span> <span class='ocrx_word' id='word_1_901' title='bbox 3430 4259 3529 4327; x_wconf 88' lang='grc' dir='ltr'>ούχ</span> <span class='ocrx_word' id='word_1_902' title='bbox 3559 4257 3699 4327; x_wconf 77' lang='grc' dir='ltr'>ὑπὲρ</span> <span class='ocrx_word' id='word_1_903' title='bbox 3739 4256 3859 4309; x_wconf 80' lang='grc' dir='ltr'>τῶν</span> 
     </span>
    </p>
   </div>
   <div class='ocr_carea' id='block_1_115' title="bbox 2256 4340 3859 4413">
    <p class='ocr_par' dir='ltr' id='par_1_115' title="bbox 2256 4340 3859 4413">
     <span class='ocr_line' id='line_1_115' title="bbox 2256 4340 3859 4413; baseline 0.001 -19"><span class='ocrx_word' id='word_1_904' title='bbox 2256 4341 2530 4411; x_wconf 88' lang='grc' dir='ltr'>τυχόντων</span> <span class='ocrx_word' id='word_1_905' title='bbox 2562 4343 2924 4413; x_wconf 88' lang='grc' dir='ltr'>πραγμάτων,</span> <span class='ocrx_word' id='word_1_906' title='bbox 2953 4343 3089 4397; x_wconf 84' lang='grc' dir='ltr'>ἀλλά</span> <span class='ocrx_word' id='word_1_907' title='bbox 3120 4345 3246 4413; x_wconf 80' lang='grc' dir='ltr'>περὶ</span> <span class='ocrx_word' id='word_1_908' title='bbox 3268 4343 3402 4396; x_wconf 89' lang='grc' dir='ltr'>Θεοῦ</span> <span class='ocrx_word' id='word_1_909' title='bbox 3425 4340 3725 4411; x_wconf 76' lang='grc' dir='ltr'>διαλεχθεὶς</span> <span class='ocrx_word' id='word_1_910' title='bbox 3752 4341 3859 4395; x_wconf 69' lang='grc' dir='ltr'>καὶ</span> 
     </span>
    </p>
   </div>
   <div class='ocr_carea' id='block_1_116' title="bbox 2255 4423 3857 4497">
    <p class='ocr_par' dir='ltr' id='par_1_116' title="bbox 2255 4423 3857 4497">
     <span class='ocr_line' id='line_1_116' title="bbox 2255 4423 3857 4497; baseline -0.002 -18"><span class='ocrx_word' id='word_1_911' title='bbox 2255 4428 2355 4497; x_wconf 80' lang='grc' dir='ltr'>τῆς</span> <span class='ocrx_word' id='word_1_912' title='bbox 2388 4425 2530 4479; x_wconf 86' lang='grc' dir='ltr'>κατὰ</span> <span class='ocrx_word' id='word_1_913' title='bbox 2558 4426 2817 4495; x_wconf 81' lang='grc' dir='ltr'>ἀλήθειαν</span> <span class='ocrx_word' id='word_1_914' title='bbox 2859 4426 3161 4489; x_wconf 75' lang='grc' dir='ltr'>εὐσεϐείας,</span> <span class='ocrx_word' id='word_1_915' title='bbox 3213 4426 3307 4478; x_wconf 75' lang='grc' dir='ltr'>καὶ</span> <span class='ocrx_word' id='word_1_916' title='bbox 3345 4426 3443 4495; x_wconf 81' lang='grc' dir='ltr'>τῆς</span> <span class='ocrx_word' id='word_1_917' title='bbox 3486 4423 3857 4492; x_wconf 80' lang='grc' dir='ltr'>εὑαγγελικῆς</span> 
     </span>
    </p>
   </div>
   <div class='ocr_carea' id='block_1_117' title="bbox 2258 4506 3856 4580">
    <p class='ocr_par' dir='ltr' id='par_1_117' title="bbox 2258 4506 3856 4580">
     <span class='ocr_line' id='line_1_117' title="bbox 2258 4506 3856 4580; baseline -0.003 -16"><span class='ocrx_word' id='word_1_918' title='bbox 2258 4510 2554 4573; x_wconf 88' lang='grc' dir='ltr'>πολιτείας,</span> <span class='ocrx_word' id='word_1_919' title='bbox 2585 4511 2679 4563; x_wconf 77' lang='grc' dir='ltr'>καὶ</span> <span class='ocrx_word' id='word_1_920' title='bbox 2711 4510 2809 4579; x_wconf 83' lang='grc' dir='ltr'>τῆς</span> <span class='ocrx_word' id='word_1_921' title='bbox 2840 4509 2947 4561; x_wconf 89' lang='grc' dir='ltr'>τῶν</span> <span class='ocrx_word' id='word_1_922' title='bbox 2980 4508 3282 4580; x_wconf 86' lang='grc' dir='ltr'>μελλόντων</span> <span class='ocrx_word' id='word_1_923' title='bbox 3314 4509 3565 4580; x_wconf 83' lang='grc' dir='ltr'>κρίσεως·</span> <span class='ocrx_word' id='word_1_924' title='bbox 3593 4508 3688 4562; x_wconf 70' lang='grc' dir='ltr'>καὶ</span> <span class='ocrx_word' id='word_1_925' title='bbox 3712 4506 3856 4561; x_wconf 69' lang='grc' dir='ltr'>πάνε</span> 
     </span>
    </p>
   </div>
   <div class='ocr_carea' id='block_1_118' title="bbox 2253 4588 3845 4663">
    <p class='ocr_par' dir='ltr' id='par_1_118' title="bbox 2253 4588 3845 4663">
     <span class='ocr_line' id='line_1_118' title="bbox 2253 4588 3845 4663; baseline -0.003 -17"><span class='ocrx_word' id='word_1_926' title='bbox 2253 4610 2353 4657; x_wconf 90' lang='grc' dir='ltr'>τας</span> <span class='ocrx_word' id='word_1_927' title='bbox 2387 4594 2611 4663; x_wconf 80' lang='grc' dir='ltr'>ἐποίησε</span> <span class='ocrx_word' id='word_1_928' title='bbox 2652 4590 2997 4661; x_wconf 86' lang='grc' dir='ltr'>φιλοσόφους,</span> <span class='ocrx_word' id='word_1_929' title='bbox 3026 4592 3153 4655; x_wconf 79' lang='grc' dir='ltr'>τοῦς</span> <span class='ocrx_word' id='word_1_930' title='bbox 3198 4592 3508 4661; x_wconf 87' lang='grc' dir='ltr'>ἀγροίκους,</span> <span class='ocrx_word' id='word_1_931' title='bbox 3536 4590 3662 4653; x_wconf 83' lang='grc' dir='ltr'>τοὺς</span> <span class='ocrx_word' id='word_1_932' title='bbox 3700 4588 3845 4642; x_wconf 84' lang='grc' dir='ltr'>ἰδιώ-</span> 
     </span>
    </p>
   </div>
   <div class='ocr_carea' id='block_1_119' title="bbox 2253 4673 3857 4749">
    <p class='ocr_par' dir='ltr' id='par_1_119' title="bbox 2253 4673 3857 4749">
     <span class='ocr_line' id='line_1_119' title="bbox 2253 4673 3857 4749; baseline -0.003 -17"><span class='ocrx_word' id='word_1_933' title='bbox 2253 4696 2372 4743; x_wconf 88' lang='grc' dir='ltr'>τας.</span> <span class='ocrx_word' id='word_1_934' title='bbox 2402 4680 2544 4749; x_wconf 85' lang='grc' dir='ltr'>Ὅρα</span> <span class='ocrx_word' id='word_1_935' title='bbox 2580 4677 2697 4739; x_wconf 85' lang='grc' dir='ltr'>πῶς</span> <span class='ocrx_word' id='word_1_936' title='bbox 2742 4675 2806 4727; x_wconf 86' lang='lat'>16</span> <span class='ocrx_word' id='word_1_937' title='bbox 2851 4675 3034 4748; x_wconf 87' lang='grc' dir='ltr'>μωρὸν</span> <span class='ocrx_word' id='word_1_938' title='bbox 3082 4676 3177 4728; x_wconf 88' lang='grc' dir='ltr'>τοῦ</span> <span class='ocrx_word' id='word_1_939' title='bbox 3208 4675 3343 4728; x_wconf 89' lang='grc' dir='ltr'>Θεοῦ</span> <span class='ocrx_word' id='word_1_940' title='bbox 3388 4674 3696 4746; x_wconf 86' lang='grc' dir='ltr'>σοφώτερον</span> <span class='ocrx_word' id='word_1_941' title='bbox 3736 4673 3857 4727; x_wconf 83' lang='grc' dir='ltr'>τῶν</span> 
     </span>
    </p>
   </div>
   <div class='ocr_carea' id='block_1_120' title="bbox 2253 4756 3855 4833">
    <p class='ocr_par' dir='ltr' id='par_1_120' title="bbox 2253 4756 3855 4833">
     <span class='ocr_line' id='line_1_120' title="bbox 2253 4756 3855 4833; baseline -0.004 -17"><span class='ocrx_word' id='word_1_942' title='bbox 2253 4761 2581 4833; x_wconf 84' lang='grc' dir='ltr'>ἀνθρώπων,</span> <span class='ocrx_word' id='word_1_943' title='bbox 2614 4760 2710 4812; x_wconf 80' lang='grc' dir='ltr'>καὶ</span> <span class='ocrx_word' id='word_1_944' title='bbox 2731 4760 2791 4812; x_wconf 84' lang='lat'>16</span> <span class='ocrx_word' id='word_1_945' title='bbox 2821 4760 3046 4824; x_wconf 82' lang='grc' dir='ltr'>ἀσθενὲς</span> <span class='ocrx_word' id='word_1_946' title='bbox 3078 4762 3443 4832; x_wconf 77' lang='grc' dir='ltr'>ἰσχυρότερον.</span> <span class='ocrx_word' id='word_1_947' title='bbox 3477 4759 3600 4821; x_wconf 90' lang='grc' dir='ltr'>Πῶς</span> <span class='ocrx_word' id='word_1_948' title='bbox 3627 4756 3855 4826; x_wconf 84' lang='grc' dir='ltr'>ἰσχυρό-</span> 
     </span>
    </p>
   </div>
   <div class='ocr_carea' id='block_1_121' title="bbox 2254 4841 3855 4916">
    <p class='ocr_par' dir='ltr' id='par_1_121' title="bbox 2254 4841 3855 4916">
     <span class='ocr_line' id='line_1_121' title="bbox 2254 4841 3855 4916; baseline -0.005 -17"><span class='ocrx_word' id='word_1_949' title='bbox 2254 4863 2411 4916; x_wconf 87' lang='grc' dir='ltr'>τερον</span> <span class='ocrx_word' id='word_1_950' title='bbox 2438 4862 2452 4909; x_wconf 89' lang='lat'><strong>;</strong></span> <span class='ocrx_word' id='word_1_951' title='bbox 2484 4846 2607 4897; x_wconf 77' lang='grc' dir='ltr'>Ὀτι</span> <span class='ocrx_word' id='word_1_952' title='bbox 2633 4844 2732 4913; x_wconf 82' lang='grc' dir='ltr'>τὴν</span> <span class='ocrx_word' id='word_1_953' title='bbox 2767 4844 3094 4915; x_wconf 78' lang='grc' dir='ltr'>οἰκουμένην</span> <span class='ocrx_word' id='word_1_954' title='bbox 3132 4844 3442 4914; x_wconf 85' lang='grc' dir='ltr'>ἐπέδραμεν</span> <span class='ocrx_word' id='word_1_955' title='bbox 3470 4842 3708 4901; x_wconf 78' lang='grc' dir='ltr'>ἃπασαν,</span> <span class='ocrx_word' id='word_1_956' title='bbox 3750 4841 3855 4891; x_wconf 77' lang='grc' dir='ltr'>καὶ</span> 
     </span>
    </p>
   </div>
   <div class='ocr_carea' id='block_1_122' title="bbox 2254 4921 3854 4996">
    <p class='ocr_par' dir='ltr' id='par_1_122' title="bbox 2254 4921 3854 4996">
     <span class='ocr_line' id='line_1_122' title="bbox 2254 4921 3854 4996; baseline -0.003 -17"><span class='ocrx_word' id='word_1_957' title='bbox 2254 4928 2466 4981; x_wconf 77' lang='grc' dir='ltr'>πάντας</span> <span class='ocrx_word' id='word_1_958' title='bbox 2492 4927 2635 4979; x_wconf 85' lang='grc' dir='ltr'>κατά</span> <span class='ocrx_word' id='word_1_959' title='bbox 2662 4926 2861 4995; x_wconf 86' lang='grc' dir='ltr'>κράτος</span> <span class='ocrx_word' id='word_1_960' title='bbox 2888 4922 3022 4993; x_wconf 74' lang='grc' dir='ltr'>εἷλε,</span> <span class='ocrx_word' id='word_1_961' title='bbox 3057 4928 3152 4980; x_wconf 78' lang='grc' dir='ltr'>καὶ</span> <span class='ocrx_word' id='word_1_962' title='bbox 3184 4924 3395 4996; x_wconf 90' lang='grc' dir='ltr'>μυρίων</span> <span class='ocrx_word' id='word_1_963' title='bbox 3424 4921 3854 4992; x_wconf 84' lang='grc' dir='ltr'>ἐπιχειρούντων</span> 
     </span>
    </p>
   </div>
   <div class='ocr_carea' id='block_1_123' title="bbox 2255 5005 3852 5085">
    <p class='ocr_par' dir='ltr' id='par_1_123' title="bbox 2255 5005 3852 5085">
     <span class='ocr_line' id='line_1_123' title="bbox 2255 5005 3852 5085; baseline -0.004 -18"><span class='ocrx_word' id='word_1_964' title='bbox 2255 5013 2447 5085; x_wconf 78' lang='grc' dir='ltr'>σόέσαι</span> <span class='ocrx_word' id='word_1_965' title='bbox 2477 5010 2572 5064; x_wconf 89' lang='grc' dir='ltr'>τοῦ</span> <span class='ocrx_word' id='word_1_966' title='bbox 2609 5012 3015 5081; x_wconf 87' lang='grc' dir='ltr'>σταυρωθέντος</span> <span class='ocrx_word' id='word_1_967' title='bbox 3038 5012 3098 5065; x_wconf 90' lang='lat'>16</span> <span class='ocrx_word' id='word_1_968' title='bbox 3117 5012 3310 5079; x_wconf 78' lang='grc' dir='ltr'>δνομα,</span> <span class='ocrx_word' id='word_1_969' title='bbox 3339 5011 3644 5062; x_wconf 82' lang='grc' dir='ltr'>τούναντίον</span> <span class='ocrx_word' id='word_1_970' title='bbox 3670 5005 3852 5074; x_wconf 78' lang='grc' dir='ltr'>ἐγένεο</span> 
     </span>
    </p>
   </div>
   <div class='ocr_carea' id='block_1_124' title="bbox 2251 5088 3852 5165">
    <p class='ocr_par' dir='ltr' id='par_1_124' title="bbox 2251 5088 3852 5165">
     <span class='ocr_line' id='line_1_124' title="bbox 2251 5088 3852 5165; baseline -0.004 -16"><span class='ocrx_word' id='word_1_971' title='bbox 2251 5113 2333 5149; x_wconf 87' lang='grc' dir='ltr'>το.</span> <span class='ocrx_word' id='word_1_972' title='bbox 2368 5094 2541 5149; x_wconf 90' lang='grc' dir='ltr'>Τοῦτο</span> <span class='ocrx_word' id='word_1_973' title='bbox 2571 5094 2670 5164; x_wconf 85' lang='grc' dir='ltr'>μὲν</span> <span class='ocrx_word' id='word_1_974' title='bbox 2691 5094 2801 5165; x_wconf 84' lang='grc' dir='ltr'>γὰρ</span> <span class='ocrx_word' id='word_1_975' title='bbox 2832 5095 3035 5165; x_wconf 76' lang='grc' dir='ltr'>ἦνθησε</span> <span class='ocrx_word' id='word_1_976' title='bbox 3062 5095 3163 5148; x_wconf 71' lang='grc' dir='ltr'>’καὶ</span> <span class='ocrx_word' id='word_1_977' title='bbox 3202 5093 3475 5145; x_wconf 88' lang='grc' dir='ltr'>ἐπέδωκεν</span> <span class='ocrx_word' id='word_1_978' title='bbox 3511 5093 3605 5145; x_wconf 74' lang='grc' dir='ltr'>ἐπὶ</span> <span class='ocrx_word' id='word_1_979' title='bbox 3636 5088 3852 5160; x_wconf 86' lang='grc' dir='ltr'>μεῖζον,</span> 
     </span>
    </p>
   </div>
   <div class='ocr_carea' id='block_1_125' title="bbox 2253 5173 3855 5248">
    <p class='ocr_par' dir='ltr' id='par_1_125' title="bbox 2253 5173 3855 5248">
     <span class='ocr_line' id='line_1_125' title="bbox 2253 5173 3855 5248; baseline -0.002 -17"><span class='ocrx_word' id='word_1_980' title='bbox 2253 5180 2450 5231; x_wconf 85' lang='grc' dir='ltr'>ἐκεῖνοι</span> <span class='ocrx_word' id='word_1_981' title='bbox 2478 5178 2532 5231; x_wconf 80' lang='grc' dir='ltr'>δὲ</span> <span class='ocrx_word' id='word_1_982' title='bbox 2566 5176 2846 5237; x_wconf 81' lang='grc' dir='ltr'>ἀπώλοντο</span> <span class='ocrx_word' id='word_1_983' title='bbox 2879 5180 2976 5232; x_wconf 76' lang='grc' dir='ltr'>καὶ</span> <span class='ocrx_word' id='word_1_984' title='bbox 3007 5176 3406 5248; x_wconf 86' lang='grc' dir='ltr'>διεφθάρησαν,</span> <span class='ocrx_word' id='word_1_985' title='bbox 3437 5175 3531 5230; x_wconf 76' lang='grc' dir='ltr'>καὶ</span> <span class='ocrx_word' id='word_1_986' title='bbox 3558 5177 3608 5229; x_wconf 79' lang='grc' dir='ltr'>οἱ</span> <span class='ocrx_word' id='word_1_987' title='bbox 3639 5173 3855 5240; x_wconf 86' lang='grc' dir='ltr'>ζῶντες</span> 
     </span>
    </p>
   </div>
   <div class='ocr_carea' id='block_1_126' title="bbox 2252 5258 3850 5334">
    <p class='ocr_par' dir='ltr' id='par_1_126' title="bbox 2252 5258 3850 5334">
     <span class='ocr_line' id='line_1_126' title="bbox 2252 5258 3850 5334; baseline -0.003 -21"><span class='ocrx_word' id='word_1_988' title='bbox 2252 5261 2331 5333; x_wconf 84' lang='grc' dir='ltr'>τῷ</span> <span class='ocrx_word' id='word_1_989' title='bbox 2378 5261 2709 5334; x_wconf 85' lang='grc' dir='ltr'>νεκρωθέντι</span> <span class='ocrx_word' id='word_1_990' title='bbox 2761 5260 3147 5333; x_wconf 88' lang='grc' dir='ltr'>πολεμοῦντες,</span> <span class='ocrx_word' id='word_1_991' title='bbox 3194 5260 3345 5315; x_wconf 85' lang='grc' dir='ltr'>ούδέν</span> <span class='ocrx_word' id='word_1_992' title='bbox 3400 5260 3648 5331; x_wconf 76' lang='grc' dir='ltr'>ἴσχυσαν.</span> <span class='ocrx_word' id='word_1_993' title='bbox 3677 5258 3850 5310; x_wconf 80' lang='grc' dir='ltr'>’Ὥστε</span> 
     </span>
    </p>
   </div>
   <div class='ocr_carea' id='block_1_127' title="bbox 2253 5343 3855 5418">
    <p class='ocr_par' dir='ltr' id='par_1_127' title="bbox 2253 5343 3855 5418">
     <span class='ocr_line' id='line_1_127' title="bbox 2253 5343 3855 5418; baseline -0.002 -19"><span class='ocrx_word' id='word_1_994' title='bbox 2253 5346 2473 5400; x_wconf 80' lang='grc' dir='ltr'>ἐπειδὰν</span> <span class='ocrx_word' id='word_1_995' title='bbox 2532 5344 2662 5418; x_wconf 79' lang='grc' dir='ltr'>εῐπῃ</span> <span class='ocrx_word' id='word_1_996' title='bbox 2717 5364 2787 5418; x_wconf 88' lang='grc' dir='ltr'>με</span> <span class='ocrx_word' id='word_1_997' title='bbox 2824 5344 3008 5418; x_wconf 83' lang='grc' dir='ltr'>μωρὸν</span> <span class='ocrx_word' id='word_1_998' title='bbox 3059 5345 3088 5397; x_wconf 93' lang='lat'>6</span> <span class='ocrx_word' id='word_1_999' title='bbox 3129 5343 3352 5417; x_wconf 83' lang='grc' dir='ltr'>Ἕλλην,</span> <span class='ocrx_word' id='word_1_1000' title='bbox 3398 5344 3521 5398; x_wconf 87' lang='grc' dir='ltr'>τότε</span> <span class='ocrx_word' id='word_1_1001' title='bbox 3571 5343 3855 5396; x_wconf 87' lang='grc' dir='ltr'>δείκνυσιν</span> 
     </span>
    </p>
   </div>
   <div class='ocr_carea' id='block_1_128' title="bbox 2253 5426 3851 5504">
    <p class='ocr_par' dir='ltr' id='par_1_128' title="bbox 2253 5426 3851 5504">
     <span class='ocr_line' id='line_1_128' title="bbox 2253 5426 3851 5504; baseline -0.005 -19"><span class='ocrx_word' id='word_1_1002' title='bbox 2253 5433 2445 5485; x_wconf 85' lang='grc' dir='ltr'>ἐαυτὸν</span> <span class='ocrx_word' id='word_1_1003' title='bbox 2475 5430 2596 5504; x_wconf 76' lang='grc' dir='ltr'>μεθ’</span> <span class='ocrx_word' id='word_1_1004' title='bbox 2630 5431 2939 5504; x_wconf 73' lang='grc' dir='ltr'>ὑπερϐολῆς</span> <span class='ocrx_word' id='word_1_1005' title='bbox 2971 5429 3173 5501; x_wconf 62' lang='grc' dir='ltr'>μωρόν</span> <span class='ocrx_word' id='word_1_1006' title='bbox 3203 5430 3331 5484; x_wconf 83' lang='grc' dir='ltr'>ὅταν</span> <span class='ocrx_word' id='word_1_1007' title='bbox 3354 5427 3464 5498; x_wconf 85' lang='grc' dir='ltr'>ἐγὼ</span> <span class='ocrx_word' id='word_1_1008' title='bbox 3489 5426 3851 5497; x_wconf 77' lang='grc' dir='ltr'>νομιζόμενος</span> 
     </span>
    </p>
   </div>
   <div class='ocr_carea' id='block_1_129' title="bbox 2251 5508 3854 5587">
    <p class='ocr_par' dir='ltr' id='par_1_129' title="bbox 2251 5508 3854 5587">
     <span class='ocr_line' id='line_1_129' title="bbox 2251 5508 3854 5587; baseline -0.004 -20"><span class='ocrx_word' id='word_1_1009' title='bbox 2251 5512 2391 5568; x_wconf 84' lang='grc' dir='ltr'>εἶναι</span> <span class='ocrx_word' id='word_1_1010' title='bbox 2414 5516 2545 5587; x_wconf 78' lang='grc' dir='ltr'>παρ’</span> <span class='ocrx_word' id='word_1_1011' title='bbox 2574 5514 2723 5587; x_wconf 81' lang='grc' dir='ltr'>αὐτῷ</span> <span class='ocrx_word' id='word_1_1012' title='bbox 2749 5513 2954 5586; x_wconf 78' lang='grc' dir='ltr'>μωρὸς,</span> <span class='ocrx_word' id='word_1_1013' title='bbox 2982 5510 3076 5566; x_wconf 87' lang='grc' dir='ltr'>τοῦ</span> <span class='ocrx_word' id='word_1_1014' title='bbox 3104 5512 3268 5581; x_wconf 90' lang='grc' dir='ltr'>σοφοῦ</span> <span class='ocrx_word' id='word_1_1015' title='bbox 3298 5512 3575 5581; x_wconf 90' lang='grc' dir='ltr'>φαίνωμαι</span> <span class='ocrx_word' id='word_1_1016' title='bbox 3607 5508 3854 5578; x_wconf 81' lang='grc' dir='ltr'>σοφώτε-</span> 
     </span>
    </p>
   </div>
   <div class='ocr_carea' id='block_1_130' title="bbox 2254 5594 3855 5674">
    <p class='ocr_par' dir='ltr' id='par_1_130' title="bbox 2254 5594 3855 5674">
     <span class='ocr_line' id='line_1_130' title="bbox 2254 5594 3855 5674; baseline -0.002 -23"><span class='ocrx_word' id='word_1_1017' title='bbox 2254 5616 2365 5663; x_wconf 89' lang='grc' dir='ltr'>ρος·</span> <span class='ocrx_word' id='word_1_1018' title='bbox 2392 5600 2521 5657; x_wconf 79' lang='grc' dir='ltr'>ὅταν</span> <span class='ocrx_word' id='word_1_1019' title='bbox 2548 5601 2648 5674; x_wconf 74' lang='grc' dir='ltr'>ἐμὲ</span> <span class='ocrx_word' id='word_1_1020' title='bbox 2675 5599 2881 5673; x_wconf 76' lang='grc' dir='ltr'>καλέσῃ</span> <span class='ocrx_word' id='word_1_1021' title='bbox 2908 5597 3134 5669; x_wconf 82' lang='grc' dir='ltr'>ἀσθενῆ,</span> <span class='ocrx_word' id='word_1_1022' title='bbox 3168 5598 3291 5653; x_wconf 85' lang='grc' dir='ltr'>τότε</span> <span class='ocrx_word' id='word_1_1023' title='bbox 3312 5595 3503 5651; x_wconf 78' lang='grc' dir='ltr'>ἐαυτὸν</span> <span class='ocrx_word' id='word_1_1024' title='bbox 3530 5594 3855 5664; x_wconf 77' lang='grc' dir='ltr'>ἀσθενέστεο</span> 
     </span>
    </p>
   </div>
   <div class='ocr_carea' id='block_1_131' title="bbox 2313 5816 3848 5886">
    <p class='ocr_par' dir='ltr' id='par_1_131' title="bbox 2313 5816 3848 5886">
     <span class='ocr_line' id='line_1_131' title="bbox 2313 5816 3848 5886; baseline 0.001 -13"><span class='ocrx_word' id='word_1_1025' title='bbox 2313 5826 2339 5852; x_wconf 80' lang='grc'><strong><em>⁸</em></strong></span> <span class='ocrx_word' id='word_1_1026' title='bbox 2365 5823 2489 5886; x_wconf 76' lang='lat' dir='ltr'>Reg.</span> <span class='ocrx_word' id='word_1_1027' title='bbox 2513 5826 2709 5886; x_wconf 77' lang='grc' dir='ltr'>δυνηθῇς</span> <span class='ocrx_word' id='word_1_1028' title='bbox 2726 5822 2905 5886; x_wconf 72' lang='grc' dir='ltr'>πεῖσαι.</span> <span class='ocrx_word' id='word_1_1029' title='bbox 2952 5823 3001 5886; x_wconf 29' lang='grc' dir='ltr'>λδ</span> <span class='ocrx_word' id='word_1_1030' title='bbox 3021 5827 3195 5875; x_wconf 73' lang='lat' dir='ltr'><strong><em>Aberat</em></strong></span> <span class='ocrx_word' id='word_1_1031' title='bbox 3216 5820 3291 5872; x_wconf 77' lang='grc' dir='ltr'>οὗ.</span> <span class='ocrx_word' id='word_1_1032' title='bbox 3370 5819 3396 5851; x_wconf 73' lang='grc'>⁸</span> <span class='ocrx_word' id='word_1_1033' title='bbox 3424 5818 3565 5886; x_wconf 58' lang='grc' dir='ltr'>Μ’)</span> <span class='ocrx_word' id='word_1_1034' title='bbox 3721 5816 3848 5885; x_wconf 69' lang='grc' dir='ltr'>μηδὲ</span> 
     </span>
    </p>
   </div>
   <div class='ocr_carea' id='block_1_132' title="bbox 2251 5883 3847 5953">
    <p class='ocr_par' dir='ltr' id='par_1_132' title="bbox 2251 5883 3847 5953">
     <span class='ocr_line' id='line_1_132' title="bbox 2251 5883 3847 5953; baseline -0.002 -20"><span class='ocrx_word' id='word_1_1035' title='bbox 2251 5884 2419 5953; x_wconf 68' lang='grc' dir='ltr'>ὄντων,</span> <span class='ocrx_word' id='word_1_1036' title='bbox 2445 5883 2543 5936; x_wconf 78' lang='grc' dir='ltr'>ἱιοιι</span> <span class='ocrx_word' id='word_1_1037' title='bbox 2564 5883 2713 5953; x_wconf 59' lang='lat' dir='ltr'>quib.</span> <span class='ocrx_word' id='word_1_1038' title='bbox 2780 5884 2807 5927; x_wconf 73' lang='grc' dir='ltr'>ἀ</span> <span class='ocrx_word' id='word_1_1039' title='bbox 2819 5883 3085 5947; x_wconf 72' lang='lat' dir='ltr'>chcbauu’</span> <span class='ocrx_word' id='word_1_1040' title='bbox 3103 5888 3266 5937; x_wconf 71' lang='grc' dir='ltr'>ἔπεισε</span> <span class='ocrx_word' id='word_1_1041' title='bbox 3281 5895 3345 5939; x_wconf 69' lang='lat' dir='ltr'><strong><em>ex</em></strong></span> <span class='ocrx_word' id='word_1_1042' title='bbox 3362 5883 3739 5949; x_wconf 68' lang='lat' dir='ltr'>prqu</span> <span class='ocrx_word' id='word_1_1043' title='bbox 3761 5883 3847 5931; x_wconf 68' lang='lat' dir='ltr'>vt-</span> 
     </span>
    </p>
   </div>
   <div class='ocr_carea' id='block_1_133' title="bbox 2253 5946 2723 6013">
    <p class='ocr_par' dir='ltr' id='par_1_133' title="bbox 2253 5946 2723 6013">
     <span class='ocr_line' id='line_1_133' title="bbox 2253 5946 2723 6013; baseline 0.004 -17"><span class='ocrx_word' id='word_1_1044' title='bbox 2253 5946 2428 6000; x_wconf 70' lang='lat' dir='ltr'>delicet</span> <span class='ocrx_word' id='word_1_1045' title='bbox 2451 5946 2723 6013; x_wconf 70' lang='lat' dir='ltr'>repetitum.</span> 
     </span>
    </p>
   </div>
  </div>
