4082 6326
198 325 257 383 5'5
1276 332 1344 390 ΙΝ
1378 332 1600 395 EPIS‘I‘.
1638 335 1661 393 l
1719 334 1814 394 AD

1918 330 2002 386 ιη.
2045 326 2275 384 Βοηιιι.
2319 326 2407 383 ιν.
3428 327 3499 382 35

202 442 630 517 inradiationem
674 456 857 513 neque
904 442 1133 512 sapiens
1177 446 1394 515 juvatur
1438 463 1469 503 a
1509 448 1799 521 sapientia,

211 552 374 604 neque
398 534 688 599 imperitus
719 533 938 589 ladi'ur
973 534 1044 590 ab
1089 536 1407 604 ignorantia.
1437 538 1545 594 Sed
1586 540 1631 594 si
1671 542 1801 610 quid

210 638 448 698 oporteat
464 624 789 682 admirabile
802 626 1008 694 dicere,
1028 626 1291 696 imperitia
1311 627 1380 681 ad
1399 630 1801 700 suscipiendum

213 716 561 789 opportunior
593 726 649 770 et
700 714 919 771 facilior
962 724 1063 782 est,
1096 730 1254 786 quam
1299 716 1582 786 sapientia.
1617 718 1807 774 Pastor

212 808 353 868 enim
396 818 455 863 et
500 806 741 862 rusticus
768 807 911 863 hanc
975 807 1135 863 citius
1181 809 1475 877 suscipiet,
1527 810 1805 865 ratiocinia

211 900 604 971 cumprime”,
634 908 694 956 et
737 898 968 954 Domino
987 913 1047 955 se
1068 898 1293 956 dedens.
1321 901 1417 958 Sic
1443 916 1574 973 ergo
1599 903 1692 957 ille
1721 918 1807 956 sa-

215 993 473 1063 pientiam
504 992 762 1062 perdidit.
789 992 928 1058 Quia
956 992 1098 1046 enim
1140 993 1287 1063 prior
1313 995 1545 1063 seipsam
1590 994 1805 1065 deiecit,

212 1084 279 1139 ad
304 1083 441 1139 nihil
474 1084 733 1152 deinceps
752 1081 901 1138 utilis
926 1092 1030 1138 est.
1047 1082 1182 1137 Cum
1213 1092 1491 1154 oporteret
1514 1087 1657 1141 enim
1684 1102 1804 1142 eam

214 1189 310 1229 sua
340 1175 591 1230 indicare
616 1182 671 1228 et
703 1187 799 1242 per
822 1187 985 1241 opera
1018 1173 1186 1228 Deum
1218 1174 1425 1242 videre,
1457 1175 1650 1232 noluit.
1684 1177 1809 1232 ideo

214 1265 261 1320 si
291 1277 352 1321 se
372 1265 490 1333 jam
516 1264 776 1319 inducere
804 1264 984 1329 vellet,
1018 1278 1127 1320 non
1176 1274 1382 1333 potest;
1413 1280 1520 1319 non
1550 1272 1691 1322 enim
1724 1283 1810 1325 res

215 1358 285 1414 ita
305 1371 368 1413 se
391 1356 632 1412 habent:
650 1356 767 1411 haec
786 1358 933 1411 enim
954 1356 1017 1410 ad
1040 1356 1399 1425 cognitionem
1428 1358 1519 1412 Dei
1541 1359 1630 1413 via
1654 1361 1812 1430 longe

218 1448 392 1516 major
421 1446 515 1502 illa
542 1455 649 1502 est.
681 1446 806 1501 ideo
850 1444 958 1499 ﬁde
986 1454 1049 1499 et
1067 1444 1412 1514 simplicitate
1440 1463 1576 1518 opus
1602 1458 1721 1505 est:
1746 1451 1813 1505 il-

217 1539 321 1595 ls-
364 1547 592 1609 oportet
627 1553 844 1607 semper
878 1550 1127 1606 quaerere
1167 1546 1221 1591 et
1259 1546 1500 1593 externas
1538 1541 1814 1608 sapientiae

214 1646 580 1707 anteme;
603 1650 733 1690 nam
781 1635 1011 1692 Stultam
1038 1638 1157 1706 fecit
1187 1633 1347 1702 Deus,
1379 1638 1574 1707 inquit,
1605 1636 1814 1704 sapien-

216 1728 357 1783 tiam.
408 1725 552 1793 Quid
596 1736 680 1781 est
724 1734 927 1791 autem,
959 1725 1188 1781 Stultam
1230 1728 1387 1797 fecit?
1429 1726 1660 1782 Stultam
1690 1737 1813 1779 esse

215 1818 455 1873 ostendit
504 1816 573 1872 ad
624 1816 783 1872 fidem
841 1816 1429 1886 comprehendendam.
1479 1803 1616 1885 Quia
1664 1817 1808 1869 enim

212 1907 380 1962 altum
406 1906 698 1977 sapiebant
716 1907 787 1963 de
812 1906 929 1973 illa,
959 1907 1129 1975 ipsam
1156 1907 1267 1962 cito
1294 1908 1615 1962 confutavit.
1651 1907 1814 1972 Qum-

210 2013 333 2052 nam
358 1999 454 2053 illa
477 1999 765 2068 sapientia,
786 2014 910 2068 qua
929 2006 1096 2067 caput
1116 1998 1375 2052 bonorum
1398 2014 1507 2054 non
1528 1997 1774 2052 inveniat
1797 2001 1821 2054 ?

211 2102 401 2160 metit
444 2064 630 2169 igitur,
663 2107 728 2155 at
766 2064 879 2154 illa.
901 2064 1064 2151 stulta
1094 2097 1401 2163 appareret,
1445 2091 1569 2161 quia
1611 2089 1701 2145 illa
1744 2103 1807 2146 se

213 2194 440 2265 primam
480 2190 701 2246 refellit.
744 2189 801 2245 Si
830 2180 978 2244 enim
1020 2185 1235 2257 quando
1271 2183 1572 2239 ratiociniis
1609 2180 1808 2234 licebat

208 2284 483 2349 invenire,
509 2280 647 2336 nihil
672 2278 944 2335 ostendit:
979 2292 1122 2332 nunc
1145 2290 1268 2331 cum
1295 2287 1385 2329 res
1415 2272 1662 2328 feruntur
1686 2284 1805 2324 IIII-'-

210 2374 375 2447 iores,
403 2370 684 2445 quomodo
701 2368 978 2441 quidpiam
1001 2366 1262 2439 perlicere
1286 2365 1506 2434 poterit,
1543 2369 1667 2416 cum
1692 2359 1807 2414 sola

214 2468 315 2522 Ide
357 2476 503 2535 opus
546 2472 669 2529 est,
715 2477 825 2517 non
870 2456 1151 2516 facundia?
1192 2456 1424 2512 Stultam
1477 2467 1611 2523 ergo
1663 2450 1808 2504 illam

213 2558 449 2615 ostendit
480 2558 645 2612 Dens.
677 2554 883 2610 Placuit
908 2561 1087 2607 autem
1114 2550 1213 2621 ipsi
1238 2563 1334 2619 per
1362 2544 1642 2602 stultitiam
1671 2557 1813 2612 pm

210 2632 497 2705 dicatieuis
530 2646 770 2699 salutem
794 2644 1029 2705 donare;
1072 2641 1353 2695 stultitiam
1379 2652 1502 2707 quae
1529 2649 1658 2689 vere
1701 2647 1809 2688 non

212 2741 332 2795 talis
356 2747 468 2801 est,
494 2734 595 2791 scd
622 2734 747 2788 talis
775 2747 898 2787 esse
919 2730 1145 2807 videtnr.
1174 2730 1287 2783 Iloc
1308 2742 1472 2797 porro
1499 2728 1678 2793 majus
1702 2720 1820 2790 est,

208 2828 348 2900 quod
380 2836 495 2882 non
532 2825 698 2879 aliam
723 2822 1041 2893 sapientiam
1063 2818 1154 2874 ilia
1182 2816 1620 2873 excellentius-em
1647 2811 1811 2867 indu-

207 2936 356 2985 retis,
392 2934 495 2990 per
520 2931 670 2984 am,
704 2930 827 2986 qua
854 2912 1082 2971 stultitia
1108 2909 1390 2966 videbatur
1411 2921 1555 2971 esse,
1582 2919 1812 2975 supera»

210 3019 305 3070 vit.
328 3013 622 3069 Pietatem
660 3008 862 3079 quippe
890 3004 1074 3076 eiecit,
1124 3016 1233 3059 non
1263 3016 1364 3073 per
1396 3001 1563 3056 alium
1592 2999 1814 3069 sapien-

214 3108 405 3162 tiorem
437 3100 849 3174 pbilusoplttttu,
892 3096 992 3152 sed
1022 3110 1119 3166 per
1162 3095 1405 3165 ignarum
1450 3093 1770 3160 piscatorem
1796 3096 1841 3143 :'

213 3197 287 3251 ita
310 3194 471 3251 enim
488 3200 550 3248 et
575 3189 754 3259 maior
780 3185 969 3241 clads
998 3184 1099 3239 fuit
1122 3192 1179 3238 et
1206 3181 1543 3252 splendidior
1567 3180 1811 3233 victoria.

215 3284 418 3341 Deinde
457 3279 644 3338 crucis
666 3278 921 3331 virtutem
955 3271 1253 3329 Ostendens
1281 3271 1398 3325 ait:
1426 3268 1521 3322 23.
1555 3266 1812 3333 Quoniam

214 3388 257 3432 st
281 3374 463 3428 «Ιιάιὶ
489 3373 646 3443 signa
680 3374 879 3439 petunt,
921 3372 969 3419 et
1011 3361 1177 3418 Grati
1205 3359 1509 3430 sapientiam
1534 3364 1771 3426 quierunt
1794 3370 1814 3408 :

213 3467 298 3523 23-
328 3480 425 3519 nos
446 3473 622 3516 anteet
637 3458 979 3531 prsertim”
998 3453 1252 3507 Christum
1270 3449 1593 3520 cruci/inut,
1615 3446 1817 3501 Judteis

194 3556 415 3627 ’βίαια
442 3550 776 3613 scandalum,
800 3547 1034 3619 gentibus
1053 3550 1221 3600 autem
1247 3541 1539 3606 stultitiam,
1566 3537 1659 3593 ει.
1691 3537 1818 3607 ipsis

218 3658 382 3701 suum
408 3644 629 3705 secutis,
659 3639 863 3693 Iudaeis
895 3646 945 3691 et
972 3634 1182 3700 Gracia,
1228 3633 1487 3688 Christum
1528 3630 1626 3687 Dei
1666 3630 1819 3684 uirtu-

220 3747 313 3791 tes-
338 3745 387 3788 et
419 3731 518 3786 Dei
536 3728 868 3799 saﬁattisot.

290 3828 345 3881 5.
387 3823 584 3892 “agna
627 3827 714 3875 est
742 3816 1011 3872 dictorum
1048 3811 1354 3883 prudentia.
1384 3810 1508 3866 Vult
1543 3809 1690 3865 enim
1730 3809 1817 3864 di-

223 3934 345 3974 cere
367 3911 651 3986 quomodo
677 3924 775 3981 per
802 3905 1072 3962 contraria
1095 3901 1226 3959 vicit
1278 3903 1441 3968 Deus,
1468 3912 1523 3957 et
1550 3899 1821 3970 quomodo

568 4018 677 4057 non
702 4002 773 4068 sit
814 3998 1070 4054 humana.
1118 3994 1234 4050 Hoc
1260 4003 1441 4048 autem
1471 3991 1587 4046 vult
1611 3990 1820 4061 signiti-

226 4117 348 4158 ωε
372 4118 388 4154 :
414 4099 556 4153 Cum
582 4092 837 4155 dicimus,
868 4088 1062 4158 inquit,
1088 4086 1311 4152 Judteis,
1333 4084 1567 4150 Credite,
1597 4098 1821 4152 respon-

226 4194 383 4257 dent,
412 4188 661 4244 lortnos
689 4181 973 4244 suscitate,
1001 4187 1187 4234 senate
1216 4177 1604 4242 demoniacot,
1636 4184 1821 4231 osten-

226 4285 334 4339 dite
360 4279 522 4335 nohis
565 4276 743 4346 signa.
766 4271 874 4327 Nos
900 4278 1079 4325 autem
1106 4268 1237 4339 quid
1282 4268 1351 4322 ad
1396 4268 1511 4322 hac
1556 4266 1823 4321 dicimus?

228 4372 532 4430 Cruditatis
568 4375 626 4422 et
672 4370 915 4419 mortuus
963 4368 1046 4416 est
1089 4359 1134 4413 is
1175 4359 1663 4434 qubprmdicatnr.
1709 4357 1824 4413 lloc

231 4478 355 4519 rere
383 4459 563 4531 possit
589 4471 694 4512 non
745 4450 907 4509 modo
932 4452 1183 4508 nolentes
1233 4463 1340 4506 non
1387 4448 1683 4513 attrahere,
1727 4446 1822 4502 sed

232 4558 389 4612 etiam
418 4553 670 4607 volentes
706 4545 972 4617 repellere
1002 4560 1021 4600 :
1061 4553 1297 4600 attamen
1328 4557 1435 4597 non
1454 4540 1689 4612 repellit,
1727 4539 1823 4594 sed

233 4646 454 4703 attrahit
472 4651 535 4698 et
561 4639 769 4696 detinet
793 4646 850 4693 et
891 4636 1077 4693 vincit.
1108 4636 1337 4690 [tut-sum
1370 4632 1543 4690 Graeci
1586 4646 1619 4686 a
1666 4631 1822 4687 nobis

233 4738 454 4808 exigunt
476 4729 839 4802 eloquentiam
858 4736 915 4783 et
932 4726 1321 4796 suphismatum
1342 4723 1683 4795 gravitatem.
1711 4720 1823 4777 Nos

233 4841 408 4885 utan
466 4824 554 4878 his
605 4833 817 4892 quoque
858 4832 1073 4873 crucem
1127 4814 1529 4885 praedicamus:
1576 4821 1636 4868 et
1678 4811 1821 4881 quod

236 4923 435 4980 lathis
501 4913 840 4973 imbecillitas
887 4923 1011 4967 esse
1055 4908 1288 4972 videtur,
1338 4906 1442 4961 huc
1488 4904 1694 4962 Graecis
1739 4912 1827 4959 est

236 5015 483 5070 stultitia.
512 5010 648 5065 Cum
673 5016 850 5061 autem
898 5004 1003 5059 illis
1046 5016 1149 5055 non
1192 4997 1354 5053 modo
1381 5010 1443 5053 ea
1474 5012 1597 5067 qum
1637 5004 1825 5067 petunt

239 5118 336 5159 Ian
366 5101 701 5172 puberum,
740 5095 835 5150 sed
872 5095 1035 5148 etiam
1071 5090 1253 5161 petitis
1295 5090 1564 5143 contraria
1592 5088 1820 5151 damus;

240 5208 364 5248 crux
385 5187 539 5244 enim
571 5200 677 5239 nou
722 5182 883 5237 modo
921 5182 1130 5249 signum
1180 5195 1286 5231 non
1320 5178 1530 5233 videtur
1558 5192 1701 5241 esse,
1724 5176 1821 5230 sed

239 5287 420 5345 etiam,
438 5278 485 5334 si
508 5273 718 5332 ratione
737 5272 1092 5333 examinctur,
1115 5270 1253 5337 signi
1274 5267 1546 5336 ademptio
1567 5275 1783 5334 putatur
1806 5283 1821 5331 ;

243 5390 334 5432 ια
378 5369 547 5428 modo
602 5377 709 5419 non
751 5359 964 5414 videtur
1010 5360 1219 5411 virtutis
1267 5357 1678 5420 demonstratio,
1726 5356 1822 5408 sed

243 5470 398 5524 etiam
421 5453 802 5519 imbecillitatis
828 5457 1223 5519 argumentum,
1258 5461 1358 5499 nec
1398 5445 1559 5498 tuodo
1601 5460 1707 5498 non
1738 5460 1826 5497 su-

249 5557 459 5631 pieutiz
482 5548 736 5613 ostensio,
764 5541 860 5598 sed
900 5538 1063 5593 etiam
1106 5535 1346 5590 stultitia:
1384 5534 1620 5602 suspicio
1650 5552 1664 5588 :
1700 5549 1823 5588 cum

246 5624 368 5721 ergo
432 5646 581 5716 signa
630 5649 686 5698 et
729 5631 1052 5706 sapientiam
1098 5635 1433 5699 qumrcutes,
1481 5624 1822 5721 lion-solum

252 5714 348 5796 non
375 5714 638 5806 accipiant
663 5747 726 5788 ea
756 5741 880 5801 qua
912 5726 1124 5796 petunt,
1157 5717 1253 5776 scd
1280 5714 1548 5774 contraria
1600 5714 1666 5769 iis
1705 5730 1825 5784 qua:

1908 441 2217 498 desiderant
2243 440 2483 506 audiant,
2512 453 2576 493 ac
2601 438 2799 496 deinde
2829 454 2927 511 per
2952 442 3224 495 contraria
3272 457 3494 509 persua-

1906 534 2171 600 deantur;
2202 530 2477 604 quomodo
2505 546 2612 587 non
2638 530 2921 588 ineﬂ‘abilis
2944 531 3493 602 fueritejusquiprma

1906 626 2116 681 dicatur
2146 624 2356 678 virtus?

1978 716 2207 771 Christus
2269 731 2361 786 per
2427 714 2687 769 contraria
2746 713 3056 782 persuadet,
3109 714 3384 785 quotuodo.
3426 742 3499 753 —

1907 806 2370 877 Quemadmodum
2418 807 2463 862 si
2505 806 2590 860 cui
2633 820 2854 875 eorum,
2884 806 2977 876 qui
3006 804 3254 861 ﬂuctibus
3290 809 3499 873 jactan-

1907 911 1995 956 tur
2023 910 2077 955 et
2097 909 2308 969 portum
2329 898 2659 964 desiderant,
2686 912 2797 952 non
2827 897 3120 952 ostendens
3145 906 3376 966 portum,
3401 896 3499 950 sed

1904 993 2065 1048 aliam
2098 991 2267 1063 pelagi
2317 998 2523 1060 partem
2571 989 2878 1058 suaviorem,
2918 1003 3108 1059 posses
3153 989 3407 1054 efficere,
3438 998 3501 1043 ut

1906 1084 2105 1153 gratias
2130 1096 2296 1152 agens
2332 1069 2682 1150 sequeretur;
2710 1079 2798 1134 vel
2830 1080 2875 1134 si
2908 1078 3151 1135 medicus
3175 1080 3413 1135 saucium
3445 1089 3501 1135 et

1907 1174 2298 1229 medicamenta
2327 1174 2656 1241 cupientem,
2686 1186 2792 1227 non
2822 1170 3146 1241 pharmacis,
3169 1172 3272 1227 sed
3303 1173 3497 1227 iterum

1908 1267 2115 1322 urendo
2154 1266 2413 1335 pollicens
2457 1280 2516 1320 se
2553 1281 2747 1319 sanum
2797 1266 3128 1319 redditurum
3156 1280 3300 1331 esse,
3330 1266 3397 1319 ad
3439 1280 3501 1320 se

1906 1359 2060 1414 illum
2088 1359 2417 1424 attraheret;
2455 1358 2564 1422 hoc
2610 1359 2754 1412 enim
2801 1372 3007 1428 magno:
3049 1358 3264 1411 virtutis
3306 1364 3496 1411 esset:

1907 1447 1982 1503 ita
2010 1458 2066 1504 et
2093 1448 2322 1519 apostoli
2354 1463 2461 1502 non
2494 1446 2656 1501 modo
2679 1462 2785 1501 non
2829 1461 2925 1516 per
2951 1448 3185 1517 signum,
3214 1446 3311 1502 sed
3338 1449 3501 1503 etiam

1909 1554 2007 1610 per
2049 1554 2186 1601 rem,
2216 1554 2339 1609 quae
2384 1538 2551 1607 signis
2578 1538 2849 1594 contraria
2893 1552 3016 1593 esse
3054 1537 3358 1605 videbatur,
3404 1553 3501 1593 su-

1909 1638 2251 1700 pcraverunt.
2292 1629 2447 1698 Quod
2476 1629 2639 1685 etiam
2670 1629 2725 1684 in
2754 1643 2899 1684 ceco
2926 1627 3173 1685 Christus
3196 1629 3345 1685 fecit.
3363 1626 3501 1684 Cum

1908 1722 2073 1779 vellet
2112 1722 2259 1778 enim
2300 1724 2476 1792 ipsum
2518 1736 2731 1788 curare,
2762 1737 2860 1791 per
2890 1738 3005 1777 rem
3047 1737 3169 1793 qum
3205 1722 3501 1777 ctecitatem

1907 1822 2163 1885 augeret,
2215 1814 2359 1868 illam
2413 1812 2670 1878 sustulit;
2717 1827 2844 1867 nam
2894 1813 3066 1867 lutum
3112 1813 3386 1885 imposuit.
3432 1812 3504 1870 Ut

1906 1921 2040 1978 ergo
2069 1923 2165 1977 per
2204 1907 2374 1961 lutum
2402 1920 2605 1961 ctecum
2635 1906 2867 1968 sanavit,
2894 1906 2973 1961 sic
2999 1905 3187 1961 urbem
3219 1912 3377 1960 terra:
3405 1919 3505 1975 per

1912 2012 2128 2055 crucem
2155 1998 2379 2054 adduxit
2408 2016 2421 2052 :
2457 1998 2508 2052 id
2540 1998 2683 2069 quod
2724 1997 2963 2053 scandali
3002 1998 3207 2053 additio
3231 2008 3367 2065 erat,
3395 2012 3505 2056 non

1910 2081 2146 2145 sublatio
2170 2089 2433 2145 scandali.
2477 2089 2568 2145 Sic
2596 2090 2760 2144 etiam
2807 2090 2860 2144 in
2886 2092 3159 2146 creatione
3199 2089 3345 2156 fecit,
3375 2105 3508 2146 con-

1912 2182 2074 2235 traria
2095 2180 2384 2235 contrariis
2410 2194 2699 2250 apparans.
2723 2181 2900 2236 Arena
2920 2180 3121 2251 quippe
3141 2195 3290 2236 mare
3313 2181 3503 2251 cinxit,

1914 2271 2133 2326 infirmo
2176 2270 2415 2327 validum
2446 2270 2729 2327 relreuans
2757 2289 2773 2329 :
2802 2286 2956 2343 aqua:
2987 2280 3185 2327 terram
3230 2274 3504 2343 imposuit,

1910 2362 2148 2417 molliet
2190 2363 2359 2419 auido
2402 2363 2630 2419 densum
2685 2373 2742 2419 ct
2788 2364 3023 2421 solidum
3067 2365 3373 2437 imponens.
3404 2365 3509 2421 Per

1913 2454 2205 2526 prophetas
2228 2469 2443 2527 quoque
2469 2471 2639 2526 parvo
2666 2456 2815 2527 ligno
2858 2456 3066 2513 ferrum
3094 2459 3299 2513 eduxit.
3325 2458 3416 2515 Sic
3454 2468 3511 2514 et

1913 2560 2076 2601 cruce
2101 2545 2289 2601 orbem
2314 2545 2554 2600 attraxit.
2580 2545 3045 2613 Quemadmodum
3072 2548 3215 2603 enim
3244 2563 3381 2618 aqua
3403 2558 3512 2604 ter—

1915 2653 2029 2693 ram
2050 2646 2245 2707 gestat,
2265 2636 2338 2691 ita
2358 2651 2488 2693 crux
2508 2638 2699 2691 orbein
2718 2643 2879 2691 terra:
2902 2644 3102 2708 portat.
3121 2636 3327 2709 Magnas
3346 2638 3513 2709 igitur

1914 2732 2128 2789 virtutis
2157 2741 2211 2787 et
2247 2731 2530 2802 sapientia:
2579 2741 2957 2802 argumentum
2986 2740 3070 2787 est
3116 2745 3215 2803 per
3240 2731 3510 2786 contraria

1916 2823 2267 2893 persuadere.
2296 2824 2615 2879 Chrsenim
2657 2824 2974 2879 scandalum
3016 2837 3141 2880 esse
3180 2822 3426 2891 videtur;
3457 2834 3514 2880 et

1918 2927 2095 2972 tamen
2149 2930 2257 2971 non
2313 2915 2493 2971 solum
2544 2929 2652 2969 non
2689 2914 3019 2970 offendicula
3054 2925 3175 2983 est,
3213 2916 3310 2972 sed
3346 2915 3512 2972 etiam

1919 3008 2103 3064 trahit.
2136 3006 2262 3063 llzec
2287 3007 2468 3079 itaque
2496 3005 2676 3063 omnia
2721 3005 2968 3077 cogitans
2992 3005 3216 3073 Paulus,
3242 3016 3299 3062 et
3322 3008 3513 3063 obstu-

1921 3114 2149 3170 pesccns
2188 3098 2453 3156 dicebat:
2500 3098 2653 3167 Quod
2699 3099 2913 3155 stultam
2956 3107 3030 3153 est
3067 3096 3187 3166 Dei,
3237 3096 3515 3170 sapientia

1918 3201 1992 3245 est
2021 3190 2347 3266 hominibus;
2393 3198 2441 3243 et
2463 3190 2600 3259 quod
2628 3188 2895 3256 inﬁrmatus
2936 3198 3011 3243 est
3048 3187 3170 3251 Dei,
3217 3191 3398 3259 fortius
3440 3201 3514 3245 est

1920 3276 2228 3337 nationibus.
2260 3282 2492 3337 Stultum
2519 3287 2577 3335 et
2613 3278 2887 3334 inllrntum
2912 3278 3120 3343 dicens,
3148 3280 3216 3333 de
3244 3294 3405 3335 cruce
3435 3282 3517 3334 ln-

1919 3373 2123 3444 quitur,
2156 3380 2264 3427 non
2291 3371 2432 3442 quod
2458 3379 2563 3434 est,
2594 3370 2691 3425 sed
2736 3369 2880 3440 quod
2910 3369 3121 3424 videtur
3154 3384 3278 3425 esse
3303 3369 3514 3440 signiti-

1919 3478 2051 3520 cans
2079 3482 2094 3519 :
2127 3479 2248 3535 natu
2290 3462 2586 3518 secundum
2616 3460 2830 3515 illorum
2862 3459 3171 3530 opinionem
3203 3461 3518 3531 respondet:

1924 3555 2137 3610 Etenim
2163 3553 2304 3625 quod
2335 3569 2429 3623 per
2456 3552 2799 3625 syllogismos
2845 3550 3151 3622 philosophi
3189 3551 3366 3608 facere
3406 3568 3515 3607 non

1926 3656 2167 3717 potuere,
2190 3650 2293 3699 hoc
2322 3642 2551 3714 perfecit
2577 3657 2642 3696 ea
2669 3657 2789 3712 qua:
2812 3641 3096 3696 videbatur
3114 3657 3240 3699 esse
3267 3644 3514 3699 stultitia.

1923 3737 2055 3805 Quis
2083 3750 2217 3805 etgo
2241 3734 2557 3803 sapientior,
2586 3732 2634 3787 is
2659 3731 2753 3801 qui
2794 3732 2977 3786 multis
3022 3733 3335 3800 persuadet.
3361 3748 3431 3788 an
3466 3734 3515 3789 is

1923 3828 2016 3898 qui
2037 3824 2244 3898 paucis,
2273 3826 2385 3879 into
2414 3838 2543 3878 vero
2566 3822 2735 3878 nulli?
2774 3822 2821 3877 is
2844 3823 2937 3893 qui
2964 3821 3034 3877 de
3062 3823 3229 3879 rebus
3264 3826 3516 3879 maxilnis

1926 3920 2233 3991 persuadet,
2282 3935 2349 3973 an
2399 3919 2445 3972 is
2486 3916 2581 3989 qui
2622 3916 2692 3971 de
2736 3916 2826 3984 iis,
2851 3930 2975 3985 qute
3022 3929 3132 3971 non
3165 3918 3515 3986 Oportet-ev?

1927 4016 2197 4080 Quantum
2244 4010 2510 4065 laboravit
2555 4007 2707 4063 Plato
2732 4006 2877 4063 circa
2925 4008 3117 4062 lineam
3167 4017 3222 4061 et
3261 4009 3515 4079 angulum

1926 4113 1983 4160 et
2008 4111 2287 4173 punctum,
2316 4114 2381 4155 ac
2409 4100 2478 4155 de
2502 4098 2746 4153 numeris
2788 4098 3007 4167 paribus
3028 4107 3084 4152 et
3128 4098 3441 4167 imparibus,
3462 4109 3519 4153 et

1927 4196 2069 4251 inter
2094 4208 2155 4249 se
2178 4189 2475 4262 :cqnalibus
2493 4196 2549 4244 et
2573 4187 2925 4256 intequalibns
2945 4202 3009 4243 ac
3028 4187 3097 4242 de
3113 4188 3378 4242 similibus
3399 4204 3518 4242 ara-

1929 4300 2153 4343 nearum
2184 4283 2310 4339 telis
2338 4281 2488 4355 (lucc
2529 4281 2675 4336 enim
2705 4281 2760 4335 iu
2787 4279 2999 4335 utiliora
3026 4280 3151 4334 vita:
3175 4290 3323 4346 sunt,
3356 4298 3515 4350 quam

1930 4376 2237 4449 huiusmodi
2266 4373 2534 4442 textura),
2552 4382 2751 4428 etcum
2778 4387 2877 4428 nec
2899 4386 3119 4443 parvum
3146 4387 3247 4430 nec
3266 4388 3516 4442 magnum

1930 4469 2057 4525 inde
2088 4469 2316 4524 fructum
2343 4467 2643 4533 attulisset,
2672 4465 2753 4520 sic
2792 4464 2957 4520 vitam
3002 4464 3217 4521 finivit?
3256 4479 3515 4538 quantum

1929 4561 2196 4618 laboravit
2224 4570 2281 4614 ut
2300 4558 2613 4614 ostenderet
2642 4557 2873 4612 animam
2901 4570 3025 4613 esse
3054 4557 3433 4621 immortalem,
3464 4569 3518 4614 et

1929 4655 2065 4710 nihil
2091 4655 2297 4710 clarum
2325 4652 2480 4717 dixit,
2511 4666 2574 4707 ac
2596 4665 2719 4706 cum
2748 4649 2951 4705 nemini
2979 4650 3281 4705 auditorum
3309 4652 3359 4705 id
3395 4666 3521 4723 per-

1930 4746 2306 4811 suasisset,sic
2321 4745 2463 4799 diem
2485 4742 2814 4797 obiit?Crux
2844 4752 3021 4795 autem
3051 4756 3147 4811 per
3178 4743 3393 4811 ignaros
3420 4745 3518 4797 lto-

1931 4838 2104 4894 mines
2147 4835 2444 4907 persuasit,
2472 4835 2581 4889 imo
2625 4831 2894 4903 persuasit
2932 4834 3025 4886 toti
3062 4832 3179 4887 orbi
3220 4842 3517 4900 terrarum;

1931 4944 2038 4985 non
2067 4927 2136 4983 de
2166 4926 2373 4981 levibus
2419 4924 2582 4980 rebus
2626 4922 2935 4989 disserens,
2967 4922 3062 4977 sed
3111 4923 3179 4978 de
3208 4922 3321 4978 Deo
3364 4933 3419 4978 et
3447 4925 3518 4980 de
3607 4914 3609 4916 ’

1931 5036 2058 5078 vera
2098 5018 2380 5090 religione,
2414 5017 2588 5086 deque
2612 5013 2926 5085 evangelica
2970 5014 3093 5068 vita:
3140 5013 3408 5083 instituto,
3453 5030 3518 5072 ac

1932 5116 2000 5170 de
2027 5113 2207 5167 futuro
2229 5109 2454 5181 judicio,
2486 5117 2646 5176 atque
2681 5107 2914 5160 rusticos
2951 5106 3303 5176 indoctusque
3328 5121 3518 5163 omnes

1932 5206 2062 5263 fecit
2116 5202 2485 5275 philosophos.
2524 5198 2657 5255 Vide
2686 5198 2956 5268 quomodo
2984 5197 3129 5269 quod
3185 5198 3405 5252 stultum
3435 5205 3519 5251 est

1934 5300 2051 5362 Dei,
2100 5294 2395 5367 sapientius
2439 5293 2510 5347 sit
2539 5291 2867 5355 hominibus,
2900 5299 2957 5345 et
2986 5289 3255 5343 inllrmnm
3304 5286 3513 5341 furnus.

1931 5387 2214 5455 Quomodo
2246 5384 2435 5438 fortius
2457 5386 2482 5435 ?
2527 5381 2679 5447 Quod
2710 5390 2879 5435 totum
2908 5380 3093 5432 urbem
3122 5373 3435 5446 pervaserit,
3459 5380 3516 5425 et

1932 5492 2124 5535 omnes
2152 5479 2206 5533 vi
2233 5480 2457 5545 ceperit,
2478 5484 2533 5528 et
2556 5473 2697 5543 quod
2729 5471 3026 5525 innumeris
3046 5466 3295 5524 Crucilixi
3319 5478 3513 5517 nomen
3582 5476 3589 5479 λ

1934 5572 2277 5639 exstinguere
2314 5565 2653 5627 conantibus,
2703 5560 3032 5615 contrarium
3073 5554 3314 5611 evenerit
3353 5571 3367 5607 :
3412 5552 3514 5607 hoc

2005 5725 2021 5753 ι
2060 5728 2175 5783 neg.
2198 5719 2367 5776 habet,
2390 5727 2499 5780 qua:
2522 5726 2615 5763 non
2639 5719 2766 5772 sunt,
2790 5718 2894 5775 pro,
2920 5723 3029 5775 qua
3053 5722 3145 5758 non
3161 5715 3421 5771 Oporterct.
