4096 6326
565 303 632 361 35
1316 291 1374 348 S.
1410 286 1690 347 JOANNIS
1716 280 2189 341 CIIRYSOSTOMI
2226 280 2547 338 ARCHIEP.
2584 282 3121 344 CONS'I’ANTINOP.
3762 298 3836 354 δα

563 429 759 471 nomen
800 412 1020 476 floruit,
1051 419 1109 463 et
1136 407 1395 477 majorem
1433 404 1486 458 in
1518 402 1736 457 modum
1763 398 2033 461 accrevit;
2065 394 2141 449 illi

562 520 696 561 vero
718 503 989 574 perierunt
1012 510 1067 555 et
1089 498 1144 553 in
1165 497 1388 554 exitium
1410 502 1632 551 ruerunt
1653 505 1751 546 :ac
1772 490 2015 545 viventes
2040 486 2139 542 ad-

566 608 751 649 versus
780 600 1049 646 mortuum
1079 587 1275 643 bellum
1302 592 1572 656 gerentes,
1603 580 1736 636 nihil
1776 590 2019 649 potuere.
2042 574 2147 630 Ita-

562 698 668 753 que
687 682 903 752 quando
926 694 1014 735 me
1042 687 1315 733 mortuum
1340 675 1561 731 Graecus
1584 672 1735 739 dicit,
1756 680 1882 725 tunc
1909 665 2144 722 ostendit

564 788 624 828 se
637 770 922 826 admodum
938 770 1161 824 stultum
1181 782 1303 825 esse
1318 783 1335 833 ;
1354 765 1567 836 quando
1585 778 1705 834 ego,
1720 762 1809 832 qui
1828 762 1897 816 ab
1914 760 2005 815 illo
2022 757 2149 813 stul-

564 870 653 918 tus
667 875 786 917 esse
806 861 1106 923 existimor,
1128 862 1372 928 sapiente
1400 855 1695 926 sapientior
1714 866 1950 923 appareo
1976 867 1990 907 :
2023 863 2148 905 cum

565 969 653 1009 me
670 953 881 1007 vocabit
896 950 1186 1015 infirmum,
1202 960 1327 1005 tunc
1347 949 1580 1017 seipsum
1604 945 1953 1000 infirmiorem
1976 951 2151 998 osten-

565 1047 674 1101 det.
697 1046 825 1113 Qua:
845 1044 987 1099 enim
1008 1058 1101 1113 per
1117 1043 1212 1097 Dei
1240 1034 1469 1112 gratiam
1490 1048 1637 1094 recte
1666 1051 1827 1107 agere
1862 1041 2151 1107 potuerunt

566 1136 834 1207 publicani
880 1145 935 1190 et
964 1134 1284 1205 piscatores,
1319 1131 1434 1185 haec
1478 1128 1802 1200 philosophi,
1832 1126 2064 1198 tyranni,
2097 1134 2152 1180 et

567 1238 624 1283 ut
654 1230 727 1283 ita
756 1227 956 1289 dicam,
1005 1234 1148 1279 totus
1188 1223 1337 1277 orbis
1378 1221 1660 1277 innumera
1699 1220 2150 1283 circumcurrens,

567 1335 637 1376 ne
665 1319 943 1389 imaginari
974 1317 1190 1387 quidem
1220 1314 1413 1385 potuit.
1440 1311 1579 1381 Quid
1605 1313 1749 1368 enim
1776 1327 1910 1367 crux
1938 1326 2044 1365 non
2071 1311 2154 1365 in-

565 1410 764 1464 duxit?
790 1409 865 1463 De
908 1406 1312 1463 immortalitate
1338 1405 1535 1462 animat
1580 1404 1927 1470 sententiam,
1952 1401 2022 1457 de
2062 1417 2151 1457 re-

568 1500 902 1554 surrectione
936 1511 1247 1566 corporum,
1294 1495 1362 1551 de
1402 1495 1659 1565 despectu
1706 1493 2055 1564 praesentium
2097 1501 2155 1547 et

568 1591 637 1645 de
674 1591 973 1644 futurorum
1012 1587 1301 1643 desiderio.
1344 1585 1603 1641 Homines
1639 1584 1858 1655 angelos
1896 1583 2058 1649 fecit,
2098 1591 2155 1638 et

568 1695 760 1736 omnes
796 1679 992 1750 ubique
1042 1676 1511 1749 philosophantur,
1552 1690 1873 1746 omnemque
1901 1676 2152 1731 virtutem

570 1771 847 1831 exhibent.

640 1863 695 1918 4.
734 1862 839 1918 Sed
882 1864 1043 1918 etiam
1089 1860 1228 1932 apud
1274 1860 1416 1925 illos,
1450 1859 1679 1930 inquies,
1726 1859 1877 1913 multi
1929 1870 2153 1914 mortem

568 1962 967 2022 contempsere.
995 1953 1254 2021 Quinam,
1286 1951 1513 2023 quaeso?
1564 1967 1632 2005 an
1677 1951 1767 2005 ille
1790 1951 1882 2020 qui
1926 1951 2155 2004 cicutam

572 2045 746 2101 bibit?
768 2045 872 2101 Sed
901 2044 947 2101 si
972 2046 1127 2111 velis,
1156 2045 1467 2100 innumeros
1498 2044 1630 2100 tales
1654 2058 1722 2099 ex
1758 2042 1999 2098 Ecclesia
2026 2055 2155 2110 pro-

496 2170 497 2173 η
574 2136 763 2193 feram.
785 2137 840 2193 Si
870 2139 1011 2191 enim
1042 2138 1231 2193 liceret
1256 2137 1540 2207 ingruente
1563 2136 1973 2206 persequutione
1998 2139 2158 2202 epota

574 2227 747 2282 cicuta
796 2226 1079 2291 excedere.
1114 2235 1300 2281 essent
1344 2240 1533 2280 omnes
1559 2225 1655 2279 illo
1683 2224 1960 2278 clariores.

645 2317 885 2372 Socrates
908 2327 1111 2371 coactus
1138 2318 1355 2370 cicutam
1382 2316 1521 2369 bibit.
1565 2314 1857 2384 Martyrum
1882 2315 2155 2369 cruciatus.

575 2436 653 2447 --η
678 2408 923 2475 Alioquin
968 2417 1146 2461 autem
1192 2406 1325 2461 bibit
1363 2406 1487 2474 ille,
1519 2421 1638 2460 cum
1684 2421 1788 2460 non
1837 2406 2021 2461 liceret
2060 2406 2160 2461 sibi

576 2506 669 2551 aut
716 2496 898 2551 bibere
943 2506 1035 2550 aut
1080 2513 1183 2553 non
1234 2498 1455 2563 bibere;
1503 2497 1598 2553 sed
1635 2497 1797 2554 vellet
1837 2497 2009 2552 nollet
2045 2496 2162 2550 haec

576 2588 813 2657 oportuit
849 2588 1023 2643 facere
1050 2606 1063 2642 :
1090 2588 1232 2659 quod
1262 2604 1367 2643 non
1400 2588 1644 2650 virtutis,
1686 2587 1785 2641 sed
1825 2585 2162 2641 necessitatis

577 2687 714 2732 erat.
745 2677 879 2733 Nam
919 2679 1155 2733 latrones
1195 2690 1250 2732 et
1289 2677 1604 2740 homicidae,
1633 2676 1897 2731 sententia
1920 2674 2160 2745 judicum

577 2770 849 2835 damnati,
894 2769 1137 2837 graviora
1166 2769 1305 2837 passi
1333 2777 1477 2823 sunt.
1506 2767 1660 2837 Apud
1698 2783 1794 2822 nos
1821 2778 1997 2851 autem
2028 2783 2161 2823 con-

582 2858 747 2911 trario
783 2850 942 2911 m'odo
976 2872 1063 2913 res
1098 2872 1157 2913 se
1184 2857 1380 2913 habet:
1415 2875 1519 2913 non
1546 2860 1688 2914 enim
1719 2850 1867 2914 inviti
1896 2872 2164 2927 martyres

584 2950 725 3019 passi
756 2959 913 3016 sunt,
940 2951 1033 3005 sed
1064 2958 1256 3020 sponte
1275 2991 1289 3016 ,
1319 2960 1517 3006 etcum
1549 2965 1712 3019 penes
1738 2950 1860 3003 illos
1889 2959 2033 3003 esset
2056 2963 2165 3002 non

581 3042 725 3111 pati,
757 3041 1039 3095 adamante
1068 3040 1306 3109 quolibet
1343 3038 1634 3094 firmiorem
1665 3038 1956 3093 exhibuere
1995 3038 2166 3092 virtu-

582 3142 711 3186 tem.
758 3130 871 3185 Non
918 3131 1111 3185 mirum
1147 3147 1275 3201 ergo
1317 3140 1432 3196 est,
1474 3133 1518 3186 si
1550 3131 1640 3186 ille
1666 3131 1892 3186 cicutam
1935 3131 2162 3195 biberit,

581 3241 702 3278 ctnn
726 3240 830 3277 non
864 3234 1044 3293 posset
1071 3242 1099 3277 a
1126 3225 1215 3279 tali
1238 3234 1363 3294 potu
1391 3224 1679 3289 abstinuere,
1708 3234 1763 3278 et
1787 3225 1852 3279 ad
1872 3233 2162 3279 extremam

582 3324 867 3384 provectus
896 3324 1038 3367 esset
1076 3324 1406 3367 senectutem
1435 3332 1449 3369 :
1476 3314 1688 3368 dicebat
1714 3317 1855 3369 enim
1895 3331 1953 3370 se
1995 3330 2165 3369 annos

579 3404 913 3479 septuaginta
934 3414 1114 3456 natum
1136 3402 1347 3472 quando
1375 3404 1533 3456 vitam
1555 3406 1896 3473 contempsit,
1921 3402 1964 3456 si
1989 3413 2163 3457 tamen

582 3499 685 3553 hoc
726 3499 797 3552 sit
825 3506 1171 3553 contemnere
1204 3517 1217 3553 :
1250 3514 1354 3552 non
1399 3496 1541 3551 enim
1582 3511 1681 3567 ego
1724 3496 1853 3551 illud
1896 3497 2119 3551 dixerim
2148 3538 2163 3562 ,

584 3593 691 3647 imo
731 3608 904 3661 neque
947 3591 1086 3645 ullus
1123 3591 1279 3645 alius.
1304 3590 1410 3644 Sed
1441 3588 1663 3643 ostende
1690 3589 1823 3642 mihi
1848 3588 2081 3658 aliquem
2116 3592 2165 3644 in

584 3684 865 3738 tormentis
896 3698 991 3752 pro
1036 3684 1122 3753 pia
1162 3683 1423 3753 religione
1452 3692 1884 3754 perseverantem
1909 3723 1926 3746 ,
1967 3691 2021 3738 ut
2066 3697 2166 3752 ego

585 3777 894 3831 innumeros
921 3770 1115 3845 ubique
1138 3792 1234 3848 per
1258 3776 1443 3831 orbem
1474 3774 1765 3845 proferam.
1795 3774 1928 3843 Quis
1955 3774 2167 3831 ell'ossis

586 3869 872 3938 unguib’us,
907 3868 956 3922 id
987 3868 1193 3924 fortiter
1222 3868 1382 3922 tulit?
1401 3869 1521 3937 quis
1540 3908 1557 3933 ,
1584 3883 1706 3923 cum
1732 3876 2050 3924 eruerentur
2077 3882 2167 3922 ar-

586 3958 734 4011 ticuli
758 3958 781 4033 ἲ
799 3958 938 4026 quis,
969 3973 1091 4012 cum
1110 3971 1305 4026 corpus
1331 3959 1447 4026 ejus
1469 3957 1863 4026 discerperetur
1878 3966 1934 4012 et
1951 3971 2170 4026 separa-

589 4060 718 4103 tura
735 4049 910 4117 capite
921 4048 943 4099 ‘t
954 4049 1096 4117 quis,
1108 4062 1228 4103 cum
1245 4062 1368 4103 ossa
1385 4048 1575 4117 capitis
1588 4048 1997 4105 extraherentur
2012 4050 2035 4102 ?
2049 4050 2169 4118 quis

508 4164 509 4167 η
588 4143 644 4196 in
670 4141 936 4209 sartagine
961 4140 1267 4210 frequenter
1286 4139 1533 4209 positus?
1558 4140 1678 4210 quis
1699 4140 1758 4195 in
1781 4140 2008 4196 lebetem
2033 4139 2169 4209 inje-

586 4232 737 4288 ctus?
765 4232 888 4287 llzec
908 4231 1038 4287 mihi
1066 4231 1309 4287 ostende.
1332 4232 1463 4286 Nam
1485 4246 1550 4287 ex
1576 4233 1748 4288 cicuta
1778 4233 1914 4286 mori
1951 4232 2171 4302 perinde

587 4331 673 4377 est
692 4331 856 4393 atque
876 4323 1229 4379 dormientem
1258 4338 1573 4392 permanere
1599 4342 1612 4379 :
1643 4338 1788 4379 mors
1814 4324 1958 4379 enim
1981 4324 2169 4393 hujus-

588 4412 733 4467 modi
768 4427 960 4467 somno
1001 4413 1215 4468 suavior
1243 4428 1364 4469 esse
1389 4413 1603 4469 dicitur.
1635 4414 1787 4481 Quod
1814 4416 1860 4469 si
1890 4417 1977 4485 qui
2008 4416 2168 4471 etiam

590 4514 851 4559 tormenta
882 4506 1249 4573 pertulerunt,
1297 4504 1486 4559 horum
1512 4514 1659 4559 certe
1696 4506 1812 4560 laus
1841 4506 1997 4574 periit
2023 4521 2040 4559 :
2073 4520 2170 4576 pro

592 4597 731 4666 turpi
756 4596 898 4651 enim
930 4612 1089 4651 causa
1122 4596 1432 4665 perierunt;
1458 4596 1547 4652 alii
1578 4606 1634 4651 ut
1657 4597 1747 4665 qui
1776 4607 1983 4652 secreta
2014 4613 2171 4652 reve-

594 4689 813 4754 lassent,
857 4686 945 4741 alii
993 4697 1049 4741 ut
1092 4687 1181 4756 qui
1226 4686 1560 4757 tyrannidem
1592 4686 1948 4754 all'eetassent,
1983 4688 2074 4742 alii
2118 4689 2168 4742 in

590 4780 910 4848 turpissimis
935 4779 1097 4835 rebus
1124 4779 1445 4848 deprehensi
1473 4797 1487 4832 :
1516 4780 1603 4833 alii
1631 4780 1825 4834 frustra
1852 4789 1907 4834 et
1934 4790 2135 4835 temere
2152 4821 2166 4845 ,

591 4872 731 4925 nulla
760 4870 829 4925 de
860 4884 1054 4935 causa,
1098 4883 1219 4925 sese
1260 4868 1589 4924 detulerunt.
1630 4868 1734 4924 Sed
1773 4884 1879 4924 non
1919 4870 1989 4924 ita
2031 4871 2171 4938 apud

592 4976 714 5015 nos.
743 4961 867 5015 ldeo
906 4963 1120 5016 illorum
1140 4959 1359 5030 quidem
1384 4970 1531 5031 gesta
1568 4969 1843 5026 tacentur;
1886 4961 2002 5017 haec
2045 4977 2173 5016 vero

595 5050 790 5106 ﬂoreat
821 5061 876 5105 et
904 5053 957 5106 in
995 5052 1112 5106 dies
1144 5061 1481 5109 accrescunt.
1526 5052 1680 5122 Quod
1708 5054 1951 5123 cogitans
1976 5053 2172 5108 Paulus

596 5140 808 5193 dicebat
839 5127 857 5192 :1
884 5139 1183 5195 lulianum.
1197 5142 1291 5197 Det
1323 5141 1515 5197 fortius
1545 5151 1630 5196 est
1662 5144 1907 5197 omnibus
1948 5142 2176 5197 honuni-

600 5232 719 5287 bus.
741 5230 891 5296 Quod
917 5232 1062 5285 enim
1080 5230 1258 5285 divina
1283 5233 1357 5287 sit
1380 5232 1705 5301 praedicatio,
1729 5233 1853 5287 inde
1876 5234 2036 5287 etiam
2060 5251 2173 5287 ma-

597 5325 846 5381 nifestum
876 5332 979 5375 est.
1025 5321 1301 5377 Undenam
1345 5322 1402 5375 in
1442 5333 1675 5377 mentem
1710 5325 1859 5378 venit
1893 5324 2177 5380 duodecim

596 5416 900 5473 hominibus
920 5414 1091 5483 iisque
1115 5412 1335 5483 ignaris,
1352 5412 1421 5465 iu.
1438 5412 1677 5477 lacubus,
1699 5412 1877 5466 fluviis
1893 5420 1949 5466 et
1966 5412 2179 5468 deserto

596 5509 968 5571 manentibus,
1002 5514 1061 5559 ut
1094 5516 1197 5560 res
1218 5511 1394 5557 tantas
1425 5500 1878 5571 aggrederentur;
1905 5509 1960 5555 et
1988 5502 2052 5555 iis
2089 5502 2180 5571 qui

601 5615 888 5669 numquam
913 5599 1142 5653 fortasse
1166 5596 1219 5648 in
1249 5593 1434 5649 urbem
1458 5600 1514 5647 et
1538 5592 1593 5645 in
1620 5592 1790 5647 forum
1813 5600 2101 5654 venerant,
2125 5600 2182 5643 ut

606 5699 791 5749 contra
826 5703 995 5750 totum
1033 5689 1218 5747 orbem
1254 5688 1423 5744 aciem
1453 5684 1823 5743 instruerent?
1851 5678 2003 5752 Quod
2034 5682 2177 5739 cnim

2255 395 2584 485 formidolosi
2610 410 2792 455 essent
2826 411 2880 457 et
2907 401 3084 471 pusilli
3112 403 3305 475 animi,
3335 408 3570 465 ostendit
3595 412 3714 479 ille,
3744 416 3837 485 qui

2248 484 2318 539 de
2344 486 2409 541 iis
2438 487 2675 557 scripsit,
2707 491 2799 561 qui
2841 491 2893 546 id
2930 507 3037 547 non
3065 499 3351 563 recusavit,
3401 515 3577 571 neque
3623 484 3836 559 illorum

2250 576 2508 645 obtegere
2546 579 2673 635 vitia
2717 582 2887 637 voluit
2919 602 2931 637 :
2960 585 3101 655 quod
3146 589 3434 646 maximum
3472 605 3557 650 est
3598 597 3840 652 veritatis

2253 680 2649 739 argumentum.
2702 673 2840 741 Quid
2888 673 3051 747 igitur
3091 678 3184 733 ille
3224 678 3322 733 de~
3338 681 3443 736 illis
3483 684 3645 740 dicit?
3682 686 3837 754 Quod

2231 757 2469 825 ,Christo
2498 765 2917 834 comprehenso,
2948 778 3069 837 post
3092 770 3371 827 innumera
3404 775 3544 832 edita
3582 780 3841 835 miracula

2252 850 2343 905 alii
2366 850 2635 923 fugerint,
2663 856 2751 911 ille
2789 874 2921 915 vero
2948 862 3173 917 aliorum
3200 866 3519 935 coryphasus
3545 870 3715 938 ipsum
3743 890 3839 928 ne-

2252 942 2479 1009 gaverit.
2514 941 2792 1000 Undenam
2820 964 2947 1019 ergo
2977 950 3051 1004 illi
3078 992 3091 1013 ,
3120 954 3210 1021 qui
3239 956 3453 1012 vivente
3490 957 3705 1015 Christo
3743 962 3841 1017 Ju-

2255 1032 2495 1120 dteorum
2511 1034 2765 1105 impetum
2789 1055 2893 1093 non
2917 1042 3164 1109 tulerant,
3185 1045 3277 1100 illo
3298 1056 3509 1103 mortuo
3532 1059 3586 1104 et
3604 1054 3842 1120 sepulto,

2253 1117 2375 1180 cum
2400 1142 2504 1182 non
2531 1131 2936 1199 resurrexisset,
2970 1143 3026 1189 ut
3053 1151 3147 1192 vos
3178 1138 3376 1206 dicitis,
3407 1156 3580 1211 neque
3599 1117 3846 1214 alloquu-

2257 1225 2345 1271 tus
2386 1218 2507 1273 illos
2550 1220 2761 1288 fuisset,
2808 1239 2985 1295 neque
3026 1227 3261 1284 animum
3307 1231 3605 1301 indidisset,
3655 1249 3845 1293 contra

2256 1318 2463 1365 tantum
2490 1313 2676 1369 orbem
2702 1325 2858 1370 teme
2878 1317 3048 1373 aciem
3072 1320 3469 1378 instruxerunt?
3485 1327 3675 1383 Annon
3701 1329 3845 1400 apud

2254 1415 2316 1457 se
2335 1401 2616 1471 dixissent,
2639 1405 2774 1472 Quid
2801 1407 2903 1463 hoc
2931 1412 3057 1464 est?
3082 1413 3319 1481 seipsum
3367 1431 3473 1471 non
3520 1421 3691 1487 potuit
3708 1437 3848 1478 oser-

2257 1507 2385 1549 vare
2407 1535 2423 1561 ,
2455 1504 2511 1550 et
2535 1511 2634 1552 nos
2665 1500 2946 1570 proteget?
2973 1502 3076 1557 sibi
3101 1519 3257 1573 opem
3292 1522 3397 1561 non
3422 1510 3545 1564 tulit
3564 1512 3717 1567 vivus
3749 1556 3765 1577 ,
3792 1525 3847 1572 et

2258 1584 2411 1640 nobis
2441 1602 2657 1642 manum
2685 1589 2868 1645 tendet
2894 1604 3136 1649 mortuus
3157 1596 3180 1649 ?
3208 1598 3221 1651 i
3228 1613 3321 1667 pse
3338 1597 3493 1653 vivus
3507 1599 3712 1653 nullam
3724 1599 3847 1656 sub-

2253 1680 2366 1747 egit
2419 1686 2656 1746 gentem,
2688 1689 2745 1735 et
2770 1684 2989 1737 nos‘toti
3018 1684 3158 1751 orbi,
3191 1688 3358 1756 ipsius
3380 1693 3584 1759 prolato
3603 1696 3842 1764 nomine,

2259 1766 2744 1834 persuadebimus?
2790 1780 2843 1826 et
2884 1774 3153 1842 quomodo
3200 1792 3304 1831 non
3352 1790 3535 1836 contra
3580 1788 3844 1842 rationem

2259 1854 2439 1923 fuerit,
2486 1858 2600 1913 haec
2640 1876 2745 1915 non
2790 1862 2965 1917 solum
3011 1864 3208 1932 facere,
3252 1868 3346 1923 sed
3380 1870 3540 1925 etiam
3568 1876 3849 1944 cogitare?

2257 1949 2614 2013 Quamobrem
2642 1951 2815 2020 palam
2843 1963 2956 2018 est,
2985 1954 3029 2009 si
3056 1971 3161 2010 non
3195 1958 3454 2014 vidissent
3482 1961 3630 2017 illum
3663 1980 3849 2020 resur-

2260 2040 2469 2096 rexisse
2491 2082 2521 2123 ,7
2540 2058 2898 2114 magnumque
2925 2048 3173 2115 potentia:
3200 2050 3316 2119 ejus
3356 2052 3666 2110 habuissent
3690 2072 3852 2128 argu-

2262 2140 2501 2184 mentum
2522 2169 2537 2195 ,
2565 2145 2672 2186 non
2698 2140 2898 2187 tantam
2933 2135 3175 2203 jacturos
3204 2138 3369 2195 fuisse
3398 2143 3590 2196 aleam.
3622 2143 3850 2201 Etiamsi

2260 2218 2404 2272 enim
2434 2223 2636 2286 amicos
2664 2221 2972 2278 habuissent
3001 2224 3433 2295 innumerabiles,
3461 2246 3640 2287 annon
3667 2236 3851 2289 statim

2261 2311 2500 2365 omnium
2527 2312 2627 2369 sibi
2661 2313 2992 2370 inimicitiam
3021 2319 3369 2373 attraxissent
3392 2361 3410 2386 ,
3448 2321 3574 2375 dum
3603 2324 3854 2393 antiquos

2264 2415 2443 2472 mores
2469 2412 2823 2467 amoverent,
2852 2412 2907 2457 et
2932 2406 3133 2472 patrios
3160 2409 3417 2462 terminos
3458 2410 3855 2467 transferrent?

2248 2465 2604 2546 'nunc‘autem
2625 2507 2815 2548 onmes
2847 2495 3080 2551 habuere
3105 2497 3204 2551 sibi
3233 2500 3414 2553 hostes
3448 2509 3502 2555 et
3531 2506 3778 2572 proprios
3801 2519 3857 2562 et

2265 2582 2490 2636 alienos.
2516 2583 2740 2638 Etiamsi
2765 2585 2907 2638 enim
2937 2596 3157 2657 prepter
3182 2597 3399 2644 externa
3428 2594 3604 2648 omnia
3632 2610 3856 2651 venera-

2264 2676 2399 2730 biles
2428 2675 2672 2742 fuissent,
2694 2691 2871 2733 annon
2903 2693 3095 2734 omnes
3121 2680 3267 2750 ipsos
3293 2686 3553 2739 exsecrati
3583 2686 3850 2755 fuissent,

2262 2767 2405 2838 quod
2430 2784 2626 2823 novum
2657 2770 2779 2825 vitae
2809 2770 3104 2825 inStitutum
3136 2771 3651 2833 inducerent?nunc
3674 2789 3855 2836 autem

2266 2860 2471 2917 deserti
2506 2872 2658 2915 erant
2683 2862 2751 2915 ab
2776 2863 3024 2916 omnibus
3044 2903 3058 2927 ,
3089 2873 3143 2917 et
3171 2876 3593 2925 consentaneum
3623 2883 3770 2940 erat,
3799 2886 3857 2929 ut

2268 2949 2353 3002 vel
2375 2949 2498 3004 inde
2512 2950 2563 3003 in
2585 2951 2824 3005 omnium
2846 2950 3029 3006 odium
3043 2963 3096 3007 et
3117 2966 3480 3027 contemptum
3495 2960 3851 3020 incurrerent.

2268 3040 2414 3107 Quos
2442 3042 2584 3095 enim
2621 3042 2701 3095 vis
2726 3042 2946 3098 dicere?
2971 3043 3232 3101 Judaros?
3261 3050 3328 3102 At
3356 3050 3555 3119 ingenti
3583 3053 3703 3108 illos
3733 3054 3856 3110 odio

2268 3133 2730 3203 prosequebantur
2772 3148 2837 3187 ex
2885 3135 2970 3201 iis,
3005 3152 3122 3205 qua:
3152 3147 3336 3193 contra
3372 3142 3682 3210 magistrum
3723 3146 3853 3201 facta

2267 3223 2499 3279 fuerant.
2528 3226 2609 3278 An
2640 3223 2855 3280 Graecos
2876 3227 2899 3279 ?
2919 3225 2990 3279 At
3014 3227 3065 3279 hi
3092 3242 3196 3282 non
3222 3230 3397 3283 minus
3416 3245 3576 3300 quam
3602 3233 3681 3287 illi
3711 3234 3857 3305 ipsos

2268 3316 2687 3381 aversabantur;
2719 3318 2877 3388 idque
2904 3329 3101 3373 norunt
3131 3322 3362 3376 maxime
3391 3324 3630 3379 omnium
3659 3325 3854 3382 Graeci.

2270 3408 2419 3462 Plato
2443 3408 2607 3475 enim,
2630 3411 2718 3473 qui
2746 3425 2936 3464 novam
2963 3412 3127 3465 voluit
3152 3414 3428 3468 instituere
3452 3417 3856 3485 rempublicam,

2269 3498 2355 3554 vel
2386 3500 2562 3568 potius
2592 3510 2794 3567 partem
2836 3503 3177 3571 reipublicae,
3220 3505 3311 3573 qui
3352 3520 3456 3559 non
3500 3506 3724 3563 deorum
3764 3526 3861 3565 no-

2269 3591 2413 3644 mina
2444 3590 2687 3655 mutavit,
2718 3591 2810 3644 sed
2833 3602 2951 3645 acta
2975 3602 3027 3647 et
3052 3602 3199 3663 gesta
3225 3596 3326 3648 alia
3361 3610 3456 3665 pro
3480 3597 3599 3651 aliis
3630 3598 3855 3665 induxit,

2271 3681 2324 3736 in
2369 3680 2663 3751 periculum
2697 3684 2859 3748 venit,
2911 3699 2976 3738 ne
3020 3699 3085 3739 ex
3127 3684 3309 3741 Sicilia
3346 3687 3548 3756 ejectus
3575 3693 3654 3761 (a)
3684 3703 3860 3748 morte

2269 3772 2577 3828 afllceretur
2613 3790 2627 3826 :
2668 3773 2792 3843 quia
2821 3784 3000 3829 autem
3029 3775 3131 3829 hoc
3157 3791 3263 3830 non
3303 3776 3517 3843 accidit,
3558 3778 3859 3836 libertatem

2271 3864 2387 3934 ipse
2413 3863 2614 3923 amisit.
2647 3864 2712 3917 Et
2740 3863 2842 3917 nisi
2873 3864 3130 3919 barbarus
3163 3864 3380 3933 quidam
3407 3865 3603 3922 Sicilia:
3628 3876 3863 3939 tyranno

2272 3955 2454 4011 mitior
2483 3952 2691 4016 fuisset,
2738 3952 2867 4006 nihil
2907 3952 3270 4023 prohibuisset
3307 3956 3594 4026 quominus
3620 3959 3864 4027 philoso-

2271 4044 2409 4113 phus
2436 4042 2504 4097 .in
2550 4034 2726 4096 aliena
2768 4050 2908 4097 terra
2947 4044 3193 4099 servituti
3216 4043 3461 4100 addictus
3498 4057 3659 4103 esset.
3691 4050 3860 4122 Atqui

2272 4150 2378 4189 non
2408 4149 2506 4205 par
2533 4149 2621 4189 res
2646 4142 2750 4197 est,
2782 4148 2843 4188 ea
2882 4150 3001 4203 qua:
3042 4134 3109 4190 ad
3150 4151 3372 4207 regnum
3403 4136 3670 4207 pertinent
3696 4140 3863 4197 inno-

2272 4241 2419 4291 vare,
2435 4236 2489 4281 et
2509 4241 2629 4295 qua:
2653 4225 2719 4280 ad
2748 4226 3060 4296 religionem
3087 4246 3101 4281 :
3126 4227 3228 4285 hoc
3255 4230 3398 4285 enim
3428 4230 3658 4286 maxime
3685 4232 3865 4290 hami.

2274 4334 2370 4373 nes
2392 4317 2677 4373 conturbat
2713 4330 2766 4373 et
2803 4330 3123 4374 commovet.
3153 4320 3284 4375 Nam
3311 4321 3491 4377 dicere
3510 4364 3524 4386 ,
3554 4323 3651 4380 llic
3677 4337 3732 4381 et
3758 4325 3863 4383 iste

2273 4409 2412 4463 hanc
2452 4423 2675 4464 uxorem
2718 4410 2938 4475 ducant,
2987 4420 3061 4474 et,
3101 4410 3362 4481 Custodes
3407 4411 3511 4467 hoc
3552 4415 3714 4469 modo
3750 4417 3860 4474 sint

2272 4498 2544 4563 custodes,
2576 4514 2682 4553 non
2708 4500 2933 4554 multum
2961 4499 3174 4556 turbare
3204 4512 3458 4568 possunt,
3482 4518 3603 4559 cum
3624 4507 3863 4563 maxime

2273 4588 2329 4644 in
2357 4589 2499 4644 libro
2524 4589 2723 4658 scripta
2751 4600 2896 4655 sunt,
2927 4604 3026 4645 nec
3055 4592 3281 4646 multum
3309 4603 3462 4648 curat
3482 4594 3780 4665 legislator,
3806 4608 3867 4652 ut

2272 4680 2471 4750 scripta
2501 4678 2557 4734 in
2601 4696 2736 4750 opus
2764 4690 2957 4735 exeant
2984 4698 3000 4735 :
3032 4692 3084 4735 at
3111 4682 3329 4749 dicere,
3361 4699 3457 4738 eos
3480 4685 3569 4753 qui
3607 4688 3865 4743 coluntur

2276 4787 2381 4827 non
2407 4786 2529 4827 esse
2556 4772 2709 4835 deos,
2741 4773 2835 4827 sed
2863 4772 3156 4839 dtemonas,
3186 4788 3309 4828 eum
3336 4775 3429 4844 qui
3453 4778 3740 4834 crucifixus
3761 4780 3864 4836 fuit

2278 4862 2443 4916 Deum
2471 4876 2612 4927 esse,
2636 4862 2785 4917 scitis
2805 4872 3056 4931 quantam
3082 4865 3388 4918 accenderit
3407 4865 3539 4919 iram
3559 4908 3573 4932 ,
3599 4881 3861 4937 quantum

2276 4950 2590 5007 excitaverit
2611 4952 2833 5007 bellum.

2347 5044 2401 5100 5.
2432 5042 2748 5114 Protagoras
2768 5054 2818 5097 et
2841 5042 3137 5099 Theodorus
3156 5046 3311 5099 atltei.
3334 5075 3406 5085 —
3423 5046 3555 5102 Nam
3577 5050 3715 5118 apud
3738 5051 3860 5106 illos

2279 5134 2599 5204 Protagoras
2629 5134 2725 5203 (ὸ),
2748 5134 2871 5205 quia
2901 5150 3064 5190 ausus
3089 5144 3171 5190 est
3197 5135 3400 5203 dicere,
3424 5137 3541 5192 Non
3563 5138 3685 5192 novi
3705 5139 3859 5202 deos,

2339 5268 2413 5330 (a)
2442 5270 2515 5332 De
2534 5269 2741 5332 Platone
2764 5270 2975 5332 ejusque
2998 5272 3045 5319 in
3067 5269 3272 5332 Siciliam
3287 5271 3518 5332 transitu,
3541 5268 3677 5332 et_de
3698 5271 3859 5321 reditu

2279 5343 2343 5377 ex
2368 5329 2541 5379 eadem
2560 5367 2575 5388 ,
2601 5330 2713 5391 vtde
2745 5329 3049 5380 Plutarchum
3072 5332 3121 5380 in
3148 5331 3258 5380 Vita
3284 5329 3482 5391 Dionis,
3501 5329 3562 5381 'et
3582 5329 3862 5389 Diogenem

2279 5394 2518 5440 utet-tium
2540 5393 2587 5438 in
2612 5389 2827 5440 Platone.

2342 5448 2415 5509 (ὑ)
2433 5447 2510 5497 De
2531 5449 2796 5508 Protagora
2818 5451 2922 5497 inec
2942 5449 3094 5501 habet
3112 5449 3287 5503 Cicero
3299 5450 3387 5499 lib.
3408 5450 3431 5498 l
3459 5447 3526 5495 de
3547 5454 3717 5497 natura
3738 5451 3859 5499 deo-

2280 5520 2408 5561 rtun,
2432 5520 2479 5556 c.
2503 5508 2595 5556 πε
2623 5516 2743 5556 Nam
2764 5507 3010 5561 Αὺάεήιοδ
3024 5510 3225 5561 quidem
3254 5518 3544 5561 Protaooras
3559 5539 3575 5561 .
3597 5510 3739 5561 cuius
3760 5525 3791 5560 tt
3814 5520 3859 5560 te

2282 5520 2408 5563 rum,
2432 5520 2479 5556 c.
2503 5518 2595 5577 ιδξ
2623 5518 2743 5556 Nam
2764 5518 3010 5561 Abderites
3024 5518 3225 5581 gta'dettt
3254 5518 3547 5578 Protagoras
3559 5539 3575 5564 .
3596 5520 3739 5618 sius
3760 5525 3791 5560 tt
3814 5520 3859 5580 te

2282 5567 2425 5616 modo
2445 5573 2620 5635 ηιαιιρο
2640 5568 2880 5639 fastose.
3156 5567 3450 5639 ςωιροτεθνξ
3470 5566 3633 5639 ιβιδ...
3698 5583 3860 5620 νηπι-

2283 5641 2407 5691 ntus,
2426 5639 2537 5675 cum
2557 5626 2608 5675 in
2632 5626 2873 5689 principio
2893 5626 3007 5691 libri
3026 5630 3104 5691 sui
3123 5630 3197 5691 sic
3475 5627 3539 5677 de
3560 5626 3677 5691 diis,
3702 5642 3859 5691 neque

2285 5693 2336 5739 ut
2357 5689 2471 5752 sint,
2490 5698 2642 5749 neque
2664 5692 2716 5735 ut
2748 5687 2842 5739 non
2884 5689 2998 5748 sint,
3024 5687 3376 5740 Atheniensium
3402 5688 3549 5750 jussu
3572 5687 3693 5743 urbe
3714 5687 3859 5753 mea:
