4096 6326
308 372 379 424 sv
1296 448 1299 451 η
1384 373 1447 428 IN
1486 374 1753 433 nrtsr.t
1818 376 1874 431 Al

1981 375 2108 431 10R.
2143 377 2372 435 llOMlL.
2417 382 2501 440 iV.
3527 405 3596 460 38

306 502 414 543 non
441 485 627 541 orbem
656 486 981 543 circumiens
1011 498 1065 543 et
1087 488 1405 557 prmdicans,
1424 490 1517 545 sed
1546 490 1599 545 iu
1628 506 1731 546 una
1760 488 1896 545 civi-

305 587 418 632 tate
442 619 458 644 ,
506 578 576 634 de
624 580 882 643 extremis
928 567 1256 650 periclitatus
1310 592 1413 637 est.
1462 582 1718 653 Diagoras
1770 600 1899 640 vero

307 669 546 725 Milesius
596 674 706 739 (a),
749 687 806 726 et
858 673 1172 728 Theodorus
1208 680 1398 730 atticus
1452 675 1894 745 cognominatus,

306 762 552 829 quamvis
582 763 785 817 amicos
807 762 1066 835 haberent
1089 775 1141 819 et
1165 765 1379 820 dicendi
1402 766 1728 832 facultatem,
1754 777 1809 822 et
1829 784 1895 822 ex

306 856 652 928 philoSOphia
690 859 743 913 in
772 860 1123 925 admiratione
1151 864 1480 919 haberentur
1503 906 1518 929 ,
1548 865 1681 920 nihil
1715 876 1894 921 tamen

299 960 491 999 eorum
524 947 670 1016 ipsos
692 950 849 1019 juvit.
871 950 947 1006 'Et
974 967 1197 1023 magnus
1224 953 1315 1008 ille
1336 954 1608 1018 Socrates,
1640 956 1731 1026 qui
1753 956 1894 1025 apud

301 1034 426 1091 illos
445 1039 780 1110 philosophia
795 1044 1076 1113 superabat
1096 1061 1305 1111 omnes,
1324 1046 1446 1102 ideo
1458 1048 1688 1103 cicutam
1703 1046 1890 1114 ebibit,

296 1131 445 1197 quod
473 1133 708 1201 suspicio
731 1146 895 1199 esset,
922 1137 1070 1191 illum
1100 1137 1153 1191 in
1182 1137 1268 1202 iis,
1288 1155 1408 1209 qua:
1432 1138 1499 1193 de
1525 1138 1629 1193 diis
1656 1141 1892 1209 scripse-

299 1231 404 1284 rat,
425 1223 624 1292 aliquid
655 1226 963 1283 mutavisse.
989 1227 1141 1296 Quod
1181 1229 1224 1283 si
1266 1231 1622 1306 innovationis
1656 1231 1892 1300 suspicio

293 1312 414 1366 sola
439 1322 641 1368 tantum
656 1317 875 1385 periculi
898 1322 1099 1375 creavit
1121 1320 1246 1374 viris
1264 1320 1597 1391 philoSOphis
1610 1324 1889 1391 etsapicn-

296 1402 443 1456 tibus
465 1446 480 1468 ,
519 1406 608 1474 qui
638 1406 907 1477 ingentem
936 1408 1039 1464 sibi
1066 1422 1384 1480 pepererant
1414 1413 1886 1481 existimationem,

292 1507 348 1549 et
383 1514 490 1550 non
517 1501 678 1556 modo
707 1515 811 1554 non
852 1512 1072 1570 potuere
1114 1503 1256 1571 quod
1298 1504 1551 1560 volebant
1591 1510 1885 1577 perlicere,

292 1590 390 1641 sed
419 1592 579 1644 etiam
611 1593 708 1660 ipsi
735 1603 787 1646 et
816 1593 921 1646 vita
950 1602 1005 1647 et
1032 1596 1202 1662 patria
1230 1597 1550 1653 exciderunt
1576 1617 1591 1667 ;
1620 1602 1888 1670 quomodo

292 1696 403 1734 non
450 1682 660 1736 miraris
701 1693 755 1737 et
798 1683 1174 1754 obstupescis,
1228 1688 1553 1756 piscatorem
1600 1692 1788 1746 videns
1832 1694 1885 1747 in

289 1776 425 1828 orbe
451 1786 529 1830 tot
550 1786 800 1846 tantaque
830 1790 1150 1848 patrantem,
1186 1800 1304 1853 qua:
1332 1787 1577 1842 studebat
1603 1789 1885 1857 perlicien-

292 1878 403 1922 tem
442 1879 496 1924 et
537 1872 793 1930 barbaros
828 1873 1148 1944 GranCOSqtte
1177 1893 1363 1932 omnes
1404 1894 1745 1949 superantem
1766 1884 1792 1938 ἲ
1818 1888 1886 1940 At

292 1958 368 2021 hi,
418 1960 645 2028 inquies,
689 1978 794 2017 non
834 1963 965 2018 deos
1003 1965 1210 2019 alienos
1240 1968 1560 2025 inducebant
1600 1975 1741 2028 sicut
1783 1976 1881 2029 illi.

293 2049 410 2105 Hoc
430 2051 602 2121 ipsum
633 2056 863 2108 maxime
894 2056 1137 2111 mirabile
1164 2060 1293 2113 mihi
1320 2062 1454 2116 dicis
1476 2103 1492 2129 ,
1528 2065 1651 2133 quia
1686 2066 1882 2134 duplex

288 2150 411 2195 erat
437 2144 730 2210 innovatio,
759 2155 812 2199 et
835 2147 977 2216 quod
998 2163 1092 2203 eos
1116 2152 1204 2220 qui
1241 2163 1366 2207 tunc
1389 2155 1703 2213 colebantur
1729 2162 1884 2215 tolle-

289 2240 455 2294 rent,
485 2241 541 2286 et
568 2234 709 2301 quod
749 2234 1072 2291 Crucifixum
1104 2241 1480 2308 prasdicarcnt.
1514 2244 1788 2304 Undenam
1815 2252 1880 2305 ad

286 2338 353 2377 ea
406 2326 743 2393 praedicanda
786 2328 1012 2396 permmi
1056 2333 1218 2385 sunt?
1259 2334 1523 2410 undenam
1574 2340 1771 2394 audent
1816 2342 1883 2411 de

290 2415 397 2473 fine
422 2432 523 2471 suo
551 2420 871 2475 confidere?
900 2438 1161 2492 quosnam
1191 2437 1317 2482 ante
1344 2443 1403 2487 se
1444 2429 1684 2484 viderant
1723 2433 1879 2488 uilem

287 2521 401 2560 rem
448 2508 583 2580 bene
620 2512 910 2579 gerentes?
948 2529 1125 2569 annon
1175 2532 1361 2571 omnes
1413 2520 1545 2583 deos
1591 2523 1881 2579 colebant?

287 2611 467 2651 annon
495 2614 686 2653 omnes
708 2601 974 2657 elementa
1002 2604 1052 2657 in
1080 2605 1211 2659 deos
1239 2607 1583 2665 referebant?
1610 2628 1786 2669 annon
1808 2615 1882 2671 di-

288 2702 477 2743 versus
522 2700 638 2744 erat
683 2692 974 2762 impietatis
1020 2697 1211 2751 modus
1235 2698 1260 2751 τ
1288 2702 1536 2757 Attamen
1571 2708 1749 2764 otuuia
1789 2723 1881 2779 ag-

288 2781 458 2848 gressi
501 2792 647 2847 sunt,
698 2792 753 2838 ct
795 2785 909 2840 lure
955 2788 1307 2857 sustulerunt,
1353 2806 1415 2847 ac
1448 2792 1597 2849 brevi
1640 2809 1881 2870 tempore

291 2880 461 2925 totum
493 2872 679 2927 orbem
710 2883 979 2946 tamquam
1015 2878 1117 2933 alis
1162 2880 1410 2938 instructi
1457 2901 1839 2955 porcum-erunt
1861 2936 1876 2961 ,

289 2978 395 3017 non
424 2966 659 3034 pericula
687 2981 954 3027 curantes.
986 2987 1089 3035 non
1112 2984 1335 3039 mortes,
1362 2992 1465 3030 non
1494 2980 1568 3033 rei
1598 2980 1879 3039 difficulta-

289 3065 432 3120 tem,
464 3072 569 3107 non
604 3059 926 3126 paucitatem
951 3076 1191 3127 suorum,
1226 3080 1329 3117 non
1361 3068 1754 3127 multitudinem
1788 3076 1881 3130 ad-

288 3150 639 3215 versantium,
691 3168 794 3206 non
846 3158 1156 3224 potentiam,
1203 3176 1306 3215 non
1353 3164 1667 3232 sapientiam
1700 3170 1879 3225 inimi-

284 3250 497 3297 corum.
533 3240 625 3296 llis
652 3244 851 3315 quippe
896 3250 1144 3317 omnibus
1192 3252 1392 3322 majora
1439 3257 1879 3328 habebantauxi-

283 3328 379 3393 lia,
407 3330 661 3389 Crucifixi
692 3352 885 3407 nempe
913 3342 1000 3411 qui
1032 3358 1396 3413 resurrexcrat
1426 3354 1736 3417 potentiam.
1762 3357 1875 3412 Non

282 3420 356 3473 ita
389 3423 633 3480 mirabile
662 3426 881 3494 fuisset,
919 3431 963 3485 si
1006 3432 1200 3488 bellum
1229 3440 1485 3494 Sensibile
1515 3443 1565 3495 in
1597 3454 1763 3515 totum
1789 3464 1877 3504 or—

282 3515 407 3569 bem
432 3516 631 3575 inferre
660 3521 977 3588 voluissent,
1000 3534 1063 3591 put
1086 3529 1281 3583 mirum
1303 3540 1388 3585 est
1417 3534 1543 3588 illud
1566 3538 1707 3603 quod
1739 3556 1878 3596 nunc

280 3608 485 3661 factum
514 3622 615 3664 est.
644 3611 779 3666 Nam
810 3614 929 3686 lege
957 3616 1079 3673 belli
1112 3618 1310 3675 licebat
1340 3625 1596 3682 adversus
1627 3629 1875 3688 inimicos

275 3709 447 3766 stare,
468 3711 522 3755 et
546 3706 813 3761 contraria
839 3720 1093 3781 occupata
1123 3713 1360 3782 regione,
1382 3717 1458 3771 sic
1482 3729 1664 3775 eontra
1695 3722 1876 3780 hostes

275 3792 451 3847 aciem
481 3794 764 3861 instruere,
788 3809 947 3871 atque
976 3805 1312 3861 occasionem
1344 3810 1592 3880 accipere.
1620 3814 1876 3869 invaden-

275 3885 331 3939 di
380 3894 435 3938 et
479 3902 669 3942 manus
714 3892 1054 3948 conserendi.
1102 3894 1200 3949 Hic
1243 3906 1423 3953 autem
1470 3915 1575 3955 non
1619 3904 1710 3957 ita.
1756 3905 1871 3959 Non

275 3976 427 4029 enim
456 3980 752 4033 exercitum
796 3984 1069 4052 proprium
1102 3985 1403 4055 habebant,
1445 3991 1539 4047 sed
1580 4009 1699 4049 cum
1744 3996 1873 4066 ipsis

277 4058 515 4131 iiiimicis
544 4070 802 4137 permixti
832 4084 1004 4141 erant,
1038 4084 1095 4130 et
1121 4077 1199 4133 sic
1237 4078 1355 4136 illos
1383 4082 1684 4151 vincebant,
1710 4096 1872 4157 atque

277 4160 332 4214 in
378 4163 567 4218 mediis
605 4165 838 4229 inimicis
881 4180 1187 4238 versantes,
1231 4175 1444 4231 illorum
1479 4180 1705 4249 impetus
1749 4201 1870 4254 pro-

276 4254 566 4323 pulsabant
587 4268 641 4311 et
667 4262 1013 4329 superabant,
1042 4276 1202 4339 atque
1224 4268 1503 4325 victoriam
1528 4278 1870 4341 reportabant

273 4332 639 4413 Splendidam,
668 4365 791 4419 quas
819 4332 1154 4422 prophetiam
1183 4358 1439 4429 implebat
1459 4332 1723 4419 dicentem
1752 4387 1765 4421 :
1805 4369 1869 4422 Et

274 4438 701 4495 domiimberisin
739 4444 903 4498 medio
932 4447 1252 4504 inimicorum
1294 4461 1496 4508 tuorum
1525 4456 1696 4527 (Psal.
1744 4461 1863 4516 109.

270 4530 365 4603 2).
394 4531 674 4599 Iloeenim
703 4538 934 4594 maxime
959 4548 1229 4610 stuporem
1253 4543 1545 4614 injicicbat,
1574 4552 1716 4618 quod
1744 4570 1865 4607 cum

271 4638 369 4677 eos
412 4631 664 4686 tenerent
708 4627 932 4693 inimici,
976 4639 1137 4700 atque
1164 4634 1215 4686 in
1242 4648 1515 4691 carcerem
1562 4651 1616 4694 ct
1656 4646 1863 4701 vincula

270 4716 630 4786 conjicerent,
664 4734 770 4773 non
816 4721 979 4776 modo
1030 4723 1176 4792 ipsos
1223 4741 1328 4779 non
1374 4742 1723 4799 superarent;
1767 4740 1862 4794 sed

270 4864 393 4915 agro
416 4858 490 4902 est
508 4849 1111 4922 extepttiuattm,.libriqu_e_
1134 4856 1241 4919 ejus
1272 4859 1329 4922 in
1355 4861 1580 4913 concione
1612 4867 1858 4922 combusti.

271 4906 344 4989 fit
366 4926 464 4989 ιηιο
482 4906 710 4989 equidem
730 4906 955 4989 existimo
976 4906 1295 4989 midioFaVM
1308 4906 1741 4977 iunio
1749 4906 1861 4989 $375:

269 4971 505 5048 ῇρςτίάςιᾳι
524 4971 703 5048 mullos
724 4988 826 5026 esse
842 4977 1017 5048 factm.
1029 4979 1218 5048 quippe
1241 4996 1353 5033 cum
1369 4971 1863 5048 mmmam;

332 5050 556 5095 ’W‘m
578 5050 787 5147 τρῖβε
1078 5105 1089 5113 .
1115 5105 1124 5114 .
1471 5110 1482 5120 .
1543 5111 1553 5121 .
1790 5117 1800 5127 .

332 5099 406 5159 (α)
427 5092 577 5171 Error
650 5113 743 5171 “in
760 5102 985 5171 omnibus
1003 5102 1155 5153 Εὼιιε
1178 5112 1239 5171 et
1254 5112 1602 5171 alanuscriptts.
1625 5126 1736 5163 cum
1752 5123 1859 5166 Dia-

268 5158 614 5237 εοςιερέσὶῳι·
650 5160 889 5237 ξιίιρρἰιιε,⁵
902 5165 985 5237 qui
1011 5173 1116 5237 erat
1138 5165 1305 5237 Melius
1324 5170 1430 5237 sive
1455 5158 1856 5237 e'x’insuliﬁtelo,

268 5217 322 5289 tu
342 5217 637 5289 testiﬁcatur
1012 5226 1145 5277 illum
1171 5228 1341 5289 Cicero
1362 5217 1856 5289 auersi—1713351

265 5288 376 5358 tim
397 5281 626 5358 ὁδῳ-ηιξ.
652 5296 696 5330 c.
724 5285 793 5358 t_:
817 5286 979 5358 Nullos
1001 5301 1102 5349 esse
1125 5288 1315 5343 onucino
1339 5291 1473 5358 deos,
1504 5281 1855 5358 Diagoras];-

266 5342 430 5417 δείξει.
447 5341 723 5420 devitem
740 5341 1358 5420 meammeam.
1387 5341 1666 5420 causa;
1683 5341 1852 5411 iam-

264 5406 433 5487 scripti
661 5402 840 5487 Qlﬂtfeﬁ
852 5402 1068 5487 alitest
1076 5402 1455 5487 Imbeangerror
1469 5402 1677 5487 fma-age

267 5464 647 5546 δοξάξῑηέἔμθτίι·
661 5466 793 5546 με·ῗὲ
803 5468 880 5546 9E
893 5470 1125 5546 Βίεβυῖδι
1152 5474 1230 5546 De
1250 5464 1483 5546 εέίῐυθηιί
1500 5464 1853 5546 ήῦἑιῖοῖίῖυἷὲιῖο

268 5488 647 5523 muni-nem.
671 5488 789 5515 nari:
808 5488 873 5518 ue
896 5488 987 5522 ma
1057 5488 1125 5523 ra.
1152 5488 1230 5525 De
1250 5488 1483 5538 sequenti
1508 5493 1627 5530 vero
1646 5497 1796 5546 quase!
1808 5490 1852 5535 io

268 5528 712 5610 esti-blitdgonrmes‘
991 5488 1189 5610 Ehem,
1203 5539 1376 5610 Regius
1395 5552 1513 5610 vero
1531 5541 1695 5610 Codex
1713 5545 1852 5597 Theo-

263 5589 436 5669 Ξεηυλ
464 5590 541 5639 ευί
587 5590 717 5664 “"8!
897 5594 1072 5669 Itth
1107 5589 1371 5669 είέετοῖιξθ»
1398 5602 1481 5662 qui
1504 5589 1849 5669 ambagis;

264 5628 342 5637 ⁷⁷⁷
361 5628 416 5639 ’κ
465 5628 541 5639 ’⁷⁸⁵⁸
587 5628 717 5664 ’“““ς“
741 5628 877 5663 ’πςω
897 5628 1072 5665 '"um
1107 5628 1371 5659 υιιιῠιυιιυ,
1504 5628 1613 5651 wul
1637 5628 1847 5669 ulagm'a

258 5628 569 5735 “ﬁge
588 5660 1217 5735 εςξηξιὶξεξξξεψυεηίιιρεξ
1243 5662 1401 5735 nullos
1428 5666 1684 5735 essegeos
1708 5678 1847 5731 ρυω-

265 5713 395 5760 visse
417 5712 563 5784 dixit.
588 5708 858 5788 uicinitatis
884 5708 1845 5788 vocatuse'sﬁt'tcsteguidEiﬁefgoccatue

265 5781 434 5834 postea
457 5776 561 5836 agit
590 5775 969 5856 camus.
1009 5780 1101 5831 ille
1123 5788 1329 5836 cicutam
1355 5787 1527 5837 bibere
1543 5775 1839 5856 jusshs‘égi}

259 5846 371 5898 qua:
389 5847 477 5887 res
499 5839 712 5886 ornnium
730 5852 817 5889 ore
836 5840 1009 5896 iertur.

595 5920 868 5984 Parnm.
913 5925 1029 5986 Gn.
1081 5926 1240 5991 LXI.

2011 502 2191 561 postea
2238 506 2363 553 ante
2409 499 2533 573 illos
2582 505 3039 579 procumberent,
3094 512 3421 586 flagellantes
3460 534 3598 578 ante

2006 583 2301 655 ﬂagellatos
2326 630 2343 651 ,
2390 592 2688 648 vincientes
2735 612 2859 653 ante
2911 602 3117 658 vinctos
3142 583 3184 668 ,Ὗ
3215 623 3597 679 persequentes

2003 684 2127 730 ante
2160 677 2361 744 pulsos.
2394 680 2518 737 Haec
2557 699 2717 752 porro
2761 691 2936 745 omnia
2982 694 3183 752 Gnecis
3208 700 3457 768 dicimus,
3486 705 3595 759 into

2002 765 2086 820 his
2134 770 2322 838 plura;
2373 790 2563 845 magna
2602 780 2800 851 quippe
2841 793 2925 838 est
2971 789 3207 845 veritatis
3249 765 3487 853 ubertas.
3535 798 3592 854 Si

2000 857 2142 912 enim
2172 875 2549 931 argumentum
2575 874 2893 940 sequamini,
2928 893 3116 933 omnes
3137 897 3243 939 vos
3277 871 3594 946 docebimus

1999 950 2256 1007 adversus
2297 954 2418 1011 illos
2448 966 2924 1022 concertationem.
2957 971 3172 1027 Interim
3199 992 3326 1033 vero
3365 980 3451 1037 hic
3485 984 3592 1039 duo

1997 1055 2383 1101 conservemus
2412 1053 2584 1118 capita
2614 1072 2627 1106 :
2651 1060 2923 1124 quomodo
2947 1062 3141 1120 infirmi
3172 1066 3339 1127 fortes
3367 1086 3591 1143 supera-

1996 1132 2141 1198 rint;
2170 1145 2223 1189 et
2248 1142 2519 1205 quomodo
2550 1143 2679 1212 ipsis
2707 1149 2943 1204 venisset
2970 1153 3021 1206 in
3054 1167 3290 1213 mentem
3313 1177 3433 1217 cum
3458 1168 3591 1222 tales

1996 1237 2179 1280 essent
2210 1229 2333 1282 talia
2356 1233 2579 1288 consilia
2610 1240 2913 1310 suscipere,
2943 1246 3045 1300 nisi
3068 1250 3251 1305 divino
3279 1256 3428 1323 potiti
3454 1257 3589 1314 fuis-

1994 1326 2113 1371 sent
2142 1320 2362 1375 auxilio.

2065 1408 2118 1463 6.
2145 1410 2210 1465 Et
2232 1425 2411 1469 nostra
2436 1418 2650 1487 quidem
2681 1422 2960 1481 hactenus.
2993 1429 3101 1485 Nos
3123 1444 3303 1489 autem
3331 1440 3586 1503 operibus

1994 1498 2155 1554 vitam
2206 1515 2352 1559 recte
2398 1523 2669 1576 geramus,
2718 1524 2771 1568 et
2820 1519 3095 1586 copiosum
3145 1525 3356 1582 virtutis
3405 1531 3580 1601 ignem

1990 1592 2374 1650 accendamus.
2407 1597 2713 1657 Luminaria
2744 1608 2887 1660 cnim
2918 1611 3069 1672 estis,
3106 1614 3295 1684 inquit,
3329 1618 3378 1673 in
3407 1624 3585 1676 medio

1991 1681 2175 1734 mundi
2200 1682 2466 1754 fulgentes
2492 1690 2749 1764 (Philipp.
2780 1696 2834 1750 2.
2863 1700 2950 1770 15)
2980 1718 2993 1754 :
3021 1712 3075 1756 et
3094 1681 3316 1775 singulis
3343 1723 3580 1768 nostrum

1991 1771 2251 1839 majorem
2302 1775 2446 1831 Deus
2489 1781 2640 1837 dedit
2686 1802 2875 1852 usmn,
2920 1808 3078 1860 quam
3131 1799 3271 1865 soli;
3320 1804 3578 1871 majorem

1990 1878 2150 1931 quam
2202 1868 2335 1921 cmlo
2390 1880 2444 1925 et
2492 1881 2650 1929 terrm
2693 1886 2748 1931 et
2798 1882 2954 1946 mari,
3007 1894 3061 1937 et
3104 1894 3252 1941 tanto
3300 1868 3578 1961 majorem,

1990 1965 2189 2022 quanto
2224 1958 2521 2026 spiritualia
2548 1966 2887 2023 sensibilibus
2922 1976 3253 2039 prmcellunt.
3288 1958 3421 2036 Cum
3447 1958 3579 2056 ergo

1988 2045 2118 2098 solis
2144 2047 2401 2104 circulum
2431 2056 2793 2123 conSpicimns
2813 2062 3363 2138 et'pulehritudinem,
3383 2090 3580 2147 corpus

1988 2145 2043 2187 et
2072 2139 2416 2205 Splendorem
2444 2147 2575 2199 astri
2605 2148 2935 2207 admiramur
2954 2198 2966 2219 ,
2999 2160 3296 2227 cogitemus
3323 2169 3579 2235 majorem

1988 2238 2043 2281 ct
2071 2233 2348 2287 meliorem
2375 2238 2424 2289 in
2448 2240 2603 2293 nobis
2634 2257 2755 2296 esse
2788 2246 2992 2314 lucem;
3022 2263 3078 2304 ut
3111 2256 3273 2309 etiam
3305 2262 3581 2326 graviores

1990 2324 2257 2387 tenebras,
2298 2329 2397 2382 nisi
2424 2333 2765 2391 attendamus
2790 2354 2803 2389 :
2831 2356 2951 2393 nam
2984 2357 3087 2397 nox
3118 2347 3379 2415 profunda
3407 2362 3576 2409 totum

1988 2414 2172 2470 orbem
2204 2431 2452 2488 occupat.
2500 2424 2647 2481 Hanc
2678 2430 2840 2497 igitur
2868 2444 3173 2491 evertamus
3199 2450 3255 2495 et
3281 2444 3574 2502 solvamus.

1986 2505 2099 2561 Nux
2129 2525 2233 2563 non
2259 2512 2309 2565 in
2337 2513 2604 2571 haereticis
2634 2530 2685 2573 et
2718 2521 2919 2580 Cra-cis
2950 2536 3173 2595 tantum,
3206 2535 3299 2588 sed
3328 2536 3489 2592 etiam
3525 2543 3577 2596 in

1987 2600 2165 2655 mttltis
2194 2604 2282 2672 qui
2314 2606 2591 2662 nobiscum
2624 2623 2768 2678 sunt,
2806 2625 2909 2670 tam
2943 2618 2993 2671 iu
3022 2621 3382 2692 dogmatibus,
3411 2648 3570 2701 quam

1988 2688 2040 2743 in
2069 2691 2193 2746 vita.
2226 2692 2374 2748 Multi
2403 2698 2543 2751 cnim
2586 2708 2965 2761 resurrectioni
2994 2726 3099 2764 non
3130 2716 3392 2784 credunt,
3424 2726 3577 2777 multi

1983 2784 2325 2851 genethliaco
2366 2795 2628 2845 sententia
2659 2810 2717 2850 se
2746 2800 3021 2868 muniunt;
3059 2806 3147 2859 alii
3187 2808 3579 2870 observationi-

1985 2872 2085 2927 bus
2128 2876 2385 2942 student,
2440 2897 2645 2938 necnon
2694 2889 3200 2963 vaticinationibus,
3249 2905 3487 2971 auguriis
3526 2917 3580 2961 ct

1984 2964 2244 3034 symbolis
2269 2986 2282 3032 ;
2307 2969 2395 3023 alii
2420 2972 2761 3042 ligaminibns
2783 2992 2836 3033 et
2862 2984 3307 3047 incantationibus
3320 2964 3575 3054 biuutur.

1986 3058 2053 3109 At
2083 3056 2342 3113 adversus
2372 3064 2492 3117 illos
2523 3066 2681 3120 ctisun
2716 3084 2898 3136 postea
2926 3075 3116 3131 dicturi
3148 3095 3335 3137 sumus
3360 3127 3374 3151 ,
3426 3103 3575 3157 post-

1982 3163 2141 3213 quam
2170 3166 2475 3209 scrmonem
2515 3171 2698 3213 contra
2728 3162 2946 3220 Graecos
2971 3168 3360 3231 abSolverimus
3392 3198 3404 3233 :
3439 3181 3579 3238 inte-

1982 3240 2081 3293 rim
2116 3258 2246 3297 vero
2276 3246 2366 3300 illa
2396 3264 2515 3320 qua)
2540 3252 2681 3307 dicta
2713 3266 2839 3311 sunt
2870 3262 3099 3318 retinete
3123 3306 3138 3329 ,
3172 3275 3229 3322 ct
3256 3287 3463 3328 mecum
3508 3279 3575 3333 ad

1984 3347 2210 3401 pugnant
2242 3338 2512 3407 accedite,
2566 3360 2662 3411 per
2706 3348 2827 3401 vita:
2873 3350 3173 3411 institutum
3217 3361 3337 3415 illos
3381 3366 3445 3419 ad
3479 3384 3579 3422 nos

1981 3427 2316 3484 attrahentes
2344 3440 2399 3485 ct
2430 3435 2833 3494 transferentes.
2872 3442 3084 3500 Etenim
3111 3491 3127 3514 ,
3173 3458 3316 3521 quod
3360 3474 3575 3528 semper

1980 3514 2122 3579 dico,
2151 3533 2274 3573 eum
2300 3523 2387 3591 qui
2420 3524 2809 3597 philosophiam
2840 3534 3016 3604 docet,
3044 3514 3258 3608 oportet
3289 3549 3459 3615 primo
3478 3514 3577 3620 per

1979 3607 2215 3675 seipsum
2244 3610 2345 3668 hoc
2374 3613 2571 3673 docere
2595 3659 2610 3685 ,
2645 3629 2700 3676 et
2724 3625 3060 3684 auditoribus
3086 3648 3205 3690 esse
3244 3607 3574 3699 desiderabi-

2052 3793 2317 3859 Quomodo
2368 3798 2534 3855 Graeci
2576 3801 2639 3858 de
2690 3807 2794 3874 ﬁde
2824 3822 2942 3864 sunt
2981 3814 3259 3872 imbuendi.
3283 3851 3352 3885 ,—
3380 3824 3562 3883 Simus

1977 3879 2105 3953 crgo
2132 3886 2539 3957 desiderabiles,
2588 3904 2641 3950 et
2683 3897 2994 3957 Gneo-orum
3038 3908 3192 3963 nobis
3239 3911 3569 3973 benevolen-

1980 3974 2103 4029 tiam
2134 3980 2486 4037 attrahamus.
2537 3986 2653 4042 Erit
2704 3998 2885 4045 autem
2924 3994 3057 4050 illud
3078 4038 3093 4062 ,
3128 4001 3172 4053 si
3201 4007 3372 4071 parati
3402 4009 3570 4066 simus

1977 4082 2082 4121 non
2125 4070 2299 4125 solum
2336 4073 2404 4127 ad
2450 4075 2589 4132 bene
2637 4078 2940 4139 faciendum
2965 4128 2981 4154 ,
3025 4089 3122 4144 scd
3149 4070 3309 4148 etiam
3341 4098 3407 4152 ad
3430 4102 3571 4157 male

1976 4158 2306 4227 patiendum.
2354 4164 2469 4220 Non
2501 4168 2746 4225 videmus
2774 4172 3037 4243 infantes,
3082 4185 3297 4251 quando
3321 4204 3350 4241 a
3378 4206 3571 4259 paren-

1977 4250 2118 4305 tibus
2146 4255 2359 4321 gestati,
2387 4260 2658 4325 quomodo
2683 4263 2854 4334 plagis
2877 4250 3139 4334 portantis
3159 4289 3219 4329 se
3246 4250 3413 4345 genas
3444 4298 3572 4339 ver-

1975 4340 2184 4409 hct-ent,
2217 4353 2272 4399 et
2299 4362 2458 4415 quam
2484 4349 2715 4407 libenter
2743 4357 3003 4411 concedat
3031 4371 3182 4427 pater
3208 4340 3319 4421 filio
3349 4378 3406 4425 ut
3432 4372 3567 4430 iram

1974 4434 2221 4503 expleat,
2263 4448 2319 4492 et
2365 4442 2580 4510 quando
2607 4445 2750 4501 videt
2782 4448 2915 4502 iram
2946 4452 3285 4524 explevisse,
3317 4461 3527 4522 laetetur
3542 4472 3572 4537 2,

1972 4524 2045 4580 ita
2071 4537 2126 4582 et
2153 4546 2250 4585 nos
2287 4532 2566 4602 faciamus,
2597 4546 2652 4592 et
2690 4542 3141 4609 quemadmodum
3176 4563 3354 4620 patres
3391 4558 3559 4626 ﬁlios,

1972 4621 2051 4675 sic
2090 4620 2307 4679 Grmcos
2346 4626 2701 4697 alloquamur.
2747 4632 2984 4692 infantes
3011 4641 3209 4713 quippe
3238 4657 3363 4702 sunt
3387 4620 3562 4709 Graeci

1968 4726 2157 4768 omnes
2187 4733 2201 4768 :
2234 4726 2288 4770 et
2310 4719 2525 4785 quidam
2567 4724 2709 4791 apud
2753 4726 2876 4783 illos
2924 4729 3042 4787 haec
3082 4734 3365 4806 dixerunt,
3416 4753 3562 4811 quod

1973 4819 2180 4872 semper
2207 4808 2358 4875 pueri
2384 4810 2512 4875 sint,
2546 4823 2599 4867 et
2631 4817 2813 4873 nullus
2837 4821 2908 4875 sit
2937 4837 3101 4877 senex
3124 4824 3365 4884 Graecus.
3397 4832 3557 4891 Pheri

1968 4904 2142 4951 autem
2173 4897 2240 4952 de
2271 4915 2328 4954 re
2359 4903 2473 4955 utili
2506 4906 2651 4959 nulla
2679 4921 2889 4964 curant.
2917 4912 3005 4967 Sic
3034 4918 3196 4973 etiam
3226 4920 3397 4977 Graeci
3425 4902 3571 4983 sem-

1970 5003 2064 5057 per
2092 4990 2276 5047 ludere
2310 4994 2515 5062 volunt,
2570 5010 2623 5053 et
2649 5001 2795 5054 humi
2821 5003 3007 5071 jacent
3039 5018 3093 5062 et
3121 5027 3241 5080 qua:
3267 5014 3411 5072 humi
3433 5034 3560 5077 sunt

1964 5080 2232 5137 atfectant.
2282 5085 2440 5141 Pueri
2467 5098 2648 5143 autem
2672 5105 2836 5160 saepe,
2868 5110 2990 5151 cum
3021 5099 3091 5155 de
3118 5104 3277 5159 rebus
3308 5123 3557 5165 necessa-

1964 5175 2059 5230 riis
2104 5175 2387 5244 loquimur,
2420 5177 2684 5235 dictorum
2723 5185 2853 5240 nihil
2890 5190 3158 5258 sentiunt,
3200 5195 3297 5251 sed
3341 5214 3557 5271 semper

1964 5266 2159 5321 rident.
2216 5267 2291 5322 Ita
2331 5269 2491 5324 etiam
2521 5271 2715 5341 Grarci,
2756 5294 2877 5331 cum
2908 5281 2978 5334 de
3008 5299 3175 5352 regno
3199 5287 3516 5350 disserimus
3536 5338 3553 5361 ,

1962 5357 2138 5413 rident
2168 5375 2181 5412 :
2212 5370 2266 5413 ct
2292 5360 2426 5416 sicut
2471 5379 2535 5418 ex
2587 5382 2679 5422 ore
2721 5373 3063 5437 parvulorum
3091 5394 3236 5448 sazpe
3267 5383 3433 5438 multa
3458 5386 3552 5442 dc-

1960 5451 2169 5507 cidente
2195 5453 2382 5519 saliva,
2401 5456 2553 5510 cibus
2574 5468 2628 5513 et
2656 5470 2810 5529 potus
2839 5464 3149 5534 inquinatur
3171 5490 3186 5525 :
3210 5473 3288 5527 sic
3308 5484 3364 5530 et
3390 5480 3550 5533 verba

1958 5558 2023 5597 ex
2055 5558 2151 5599 ore
2177 5543 2487 5604 Graecorum
2529 5551 2772 5619 ﬂuentia,
2824 5573 2955 5611 vana
2982 5574 3107 5617 sunt
3134 5574 3188 5618 ct
3218 5569 3461 5637 impura;
3495 5584 3547 5628 ct

1957 5637 2003 5690 si
2040 5638 2397 5695 necessarium
2416 5643 2639 5699 dederis
2668 5648 2845 5704 cibum
2868 5692 2884 5719 ,
2915 5657 3215 5724 praebentes
3246 5663 3547 5721 maledictis

1959 5730 2231 5784 incessunt
2277 5742 2330 5786 ct
2378 5734 2504 5790 ferri
2542 5737 2756 5795 debent.
2802 5744 2957 5801 Pueri
2983 5744 3196 5821 quoque
3222 5770 3344 5809 cum
3374 5756 3543 5812 furem

1957 5825 2137 5881 vident
2184 5825 2514 5900 ingressum,
2564 5839 2618 5889 ct
2662 5847 2782 5904 qua:
2821 5844 2967 5898 intus
3017 5853 3142 5897 sunt
3187 5847 3541 5919 auferentem,

3155 5951 3200 6005 ὅ
