4096 6326
556 309 626 364 59
1264 301 1318 357 s.
1361 301 1635 356 manus
1673 300 2152 358 CllltYSOSTOMl
2191 302 2504 359 another.
2535 302 3067 362 CONSTANTINOP.
3770 295 3841 350 ιο

548 434 655 471 ιιηι
688 416 849 471 modo
869 434 972 470 non
998 424 1204 478 arcent,
1235 416 1327 470 sed
1357 416 1516 470 etiam
1544 416 1844 469 insidiatori
1869 415 2138 469 arrident:

546 511 588 559 si
623 524 753 561 vero
781 508 1127 562 ealatliiscum
1155 516 1211 560 et
1237 507 1394 561 sistra
1424 506 1659 568 auferas,
1694 518 1785 561 aut
1814 508 1958 561 aliml
1989 507 2142 578 quid-

549 600 688 668 piam
723 601 1004 661 ludicrum,
1045 615 1185 670 :rgre
1217 600 1426 668 puellus
1452 609 1508 653 ct
1539 599 1755 668 indigne
1796 601 1929 662 fert,
1969 615 2026 652 se
2053 599 2139 653 di-

548 693 767 754 lacerat,
800 691 972 744 solum
1008 692 1199 761 pulsat.
1229 690 1316 744 Sic
1339 700 1390 744 et
1416 689 1584 743 Grzcci
1615 705 1845 759 quoque,
1866 689 2139 743 diabolum

548 783 790 836 videntes
823 784 1001 836 omnia
1033 792 1252 850 paterna
1286 781 1446 846 bona,
1478 795 1596 849 qua:
1623 780 1782 832 vitam
1809 787 2135 842 sustentant,

545 874 909 943 diripienteui,
952 873 1149 937 rident,
1191 882 1246 925 et
1291 881 1560 940 tamquam
1603 871 1669 924 ad
1696 871 1925 924 amicum
1956 885 2142 924 accur-

547 975 672 1018 runt
705 966 784 1018 :si
816 966 935 1034 quis
975 975 1152 1018 autem
1183 964 1603 1034 possessionem,
1646 973 1738 1015 aut
1785 961 1999 1015 divitias
2049 969 2139 1013 aut

547 1058 749 1126 puerile
787 1057 1058 1126 quidpiam
1112 1055 1341 1117 auferat,
1387 1054 1773 1115 lamentantur,
1823 1066 1882 1104 sc
1933 1050 2140 1104 discer-

547 1158 677 1215 punt
707 1165 719 1199 :
751 1162 812 1200 ac
845 1148 983 1199 sicut
1012 1147 1159 1216 pueri
1206 1147 1324 1199 sine
1359 1160 1522 1199 sensu
1556 1142 1844 1206 nudantur,
1889 1156 1986 1194 nec
2017 1155 2140 1194 eru-

546 1236 770 1291 beseunt
804 1256 818 1292 :
851 1238 920 1292 ita
945 1248 998 1292 et
1032 1237 1202 1293 Graeci
1230 1252 1349 1290 cum
1379 1234 1576 1289 scortis
1603 1241 1657 1286 et
1693 1231 1950 1286 adulteris
1980 1231 2134 1284 volu-

2259 419 2351 469 tati
2374 459 2388 479 ,
2440 427 2642 471 natura:
2673 418 2815 485 leges
2848 419 3110 473 nudantes
3131 461 3144 485 ,
3175 429 3228 474 et
3261 419 3493 476 nefarios
3526 421 3843 478 inducente!

2257 510 2430 561 coitus
2451 552 2465 574 ,
2511 525 2615 562 non
2646 521 3050 564 convertuntur.
3083 511 3362 567 Plausistis
3391 513 3545 568 valde
3575 525 3629 568 et
3657 513 3843 568 lauda-

2248 600 2380 664 stis;
2433 601 2524 654 sed
2570 617 2693 655 cum
2741 603 2929 671 plausu
2969 603 3268 672 providete,
3303 621 3370 659 ne
3397 605 3465 659 de
3492 605 3646 660 νιιιιίς
3675 608 3843 660 etiam

2249 689 2365 745 haec
2399 691 2665 746 dicantur.
2718 694 3060 764 Quapropter
3085 710 3273 749 omnes
3302 711 3468 764 rogo,
3498 697 3595 750 viri
3623 706 3841 751 estote:

2249 795 2370 834 nam
2400 782 2442 833 si
2471 797 2569 835 nos
2597 784 2748 851 pueri
2787 785 2955 838 simus
2978 827 2994 850 ,
3045 785 3316 854 quomodo
3351 786 3470 839 illos
3499 788 3846 841 instituemus

2249 879 2305 921 ut
2333 870 2429 923 viri
2457 872 2603 925 sint?
2646 873 2916 940 quomodo
2943 875 3011 929 ab
3042 873 3270 928 infantili
3305 876 3608 944 insipientia
3633 879 3844 931 arcebi-

2199 974 2203 976 '
2247 974 2367 1011 mus
2398 959 2560 1014 illos?
2589 960 2772 1015 Simus
2800 979 2930 1032 ergo
2959 964 3081 1031 viri,
3111 975 3164 1018 ut
3189 966 3568 1034 perveniamus
3597 967 3665 1021 ad
3694 983 3844 1022 Ineu-

2248 1069 2425 1109 suram
2457 1059 2629 1112 :ntatis
2659 1074 2686 1110 a
2717 1057 2936 1114 Christo
2970 1060 3245 1115 definitam
3283 1072 3338 1115 et
3365 1061 3536 1116 futura
3571 1062 3840 1132 adipisca-

2246 1163 2366 1202 mur
2394 1148 2550 1216 bona,
2584 1151 2753 1220 gratia
2782 1160 2836 1206 et
2865 1150 3214 1222 benignitate,
3242 1161 3352 1207 etc.

647 1361 3830 1386 W—W

1949 1420 2288 1480 HOMILIA
2336 1419 2414 1477 γ.

542 1576 669 1629 (λιι.
715 1576 766 1628 1.
809 1589 860 1626 v.
899 1571 991 1626 9.6.
1046 1569 1219 1623 Videte
1243 1568 1374 1621 enim
1405 1565 1714 1619 vocationem
1745 1572 1979 1625 uestram,
2033 1564 2140 1629 [ra-

615 1677 736 1729 tres,
785 1664 906 1733 quia
953 1679 1051 1714 non
1101 1660 1248 1713 multi
1293 1659 1543 1728 sapientes
1588 1654 1863 1708 secundum
1909 1668 2135 1716 carnem,

613 1777 715 1812 non
747 1758 891 1811 multi
918 1765 1173 1826 potentes,
1222 1769 1322 1804 non
1354 1750 1499 1802 multi
1530 1748 1719 1802 nobiles
1745 1762 1762 1800 :
1788 1747 1879 1798 27.
1913 1744 2001 1797 sed
2025 1758 2139 1812 qna:

612 1853 766 1905 stulta
803 1861 920 1903 sunt
975 1846 1178 1908 mundi,
1223 1843 1368 1913 elegit
1419 1839 1579 1904 Dens,
1632 1833 2014 1905 nt’confundat
2056 1849 2141 1886 sa-

612 1945 820 2012 pientes.

613 2034 665 2086 l.
705 2031 840 2085 Cum
869 2027 1116 2089 dixisset,
1167 2022 1219 2078 id
1250 2022 1393 2093 quod
1427 2019 1649 2076 stultum
1680 2025 1762 2072 est
1794 2014 1888 2070 Dei
1927 2014 2140 2082 sapien-

542 2127 647 2179 tius
687 2138 807 2177 esse
849 2119 1175 2181 hominibus,
1212 2113 1446 2170 ostendit
1486 2114 1772 2164 humanam
1819 2108 2136 2176 sapientiam

543 2221 807 2287 abiectam
843 2215 1030 2278 fuisse,
1060 2221 1113 2267 et
1138 2226 1201 2263 ex
1230 2203 1540 2263 testimonio
1567 2203 1969 2270 Scripturarum
1992 2207 2046 2252 et
2071 2210 2134 2252 ex

541 2326 722 2367 rerum
775 2315 1012 2360 eventu:
1055 2319 1119 2356 ex
1163 2297 1490 2358 testimonio,
1535 2309 1658 2348 cum
1701 2293 1831 2346 dicit
1868 2311 1878 2343 :
1916 2289 2138 2342 Perdant

540 2399 843 2468 sapientiam
873 2393 1176 2462 sapientia»:
1216 2405 1234 2442 :
1275 2403 1338 2442 ex
1367 2394 1584 2449 eventu,
1632 2399 1725 2454 per
1753 2380 2137 2449 interrogatio-

542 2506 663 2542 nem
714 2488 936 2554 loquens
980 2497 1042 2536 ac
1091 2480 1324 2535 dicens:
1371 2476 1469 2530 Ubi
1519 2473 1763 2545 sapiens?
1809 2472 1892 2524 ubi
1933 2468 2138 2523 scriba?

545 2582 770 2633 I'tursum
801 2572 1033 2629 ostendit
1056 2587 1168 2625 rem
1193 2586 1298 2624 non
1326 2583 1445 2622 esse
1476 2580 1691 2630 novam,
1716 2561 1809 2616 sed
1841 2561 2134 2628 antiquam,

540 2681 598 2723 ut
622 2685 740 2738 qua:
771 2666 880 2738 jam
904 2664 1030 2718 olim
1062 2659 1216 2714 fuerit
1243 2659 1576 2726 pra‘ligurata
1597 2663 1647 2707 et
1683 2652 1958 2721 praedicta.
1992 2649 2132 2702 Scri-

540 2772 682 2830 plum
711 2767 781 2811 cst
818 2756 970 2816 enim,
1008 2751 1198 2819 inquit,
1232 2748 1454 2801 Perdant
1478 2743 1780 2812 sapientiam
1803 2740 2128 2810 sapientium.

537 2852 672 2905 Cum
701 2849 782 2900 bis
802 2842 1054 2906 ostendit,
1087 2843 1200 2894 haec
1231 2839 1430 2893 utiliter
1454 2846 1508 2891 et
1532 2834 1750 2906 provide
1773 2833 1908 2889 facta
1936 2831 2130 2887 fuisse:

542 2943 666 3011 quia
696 2938 840 2994 enim
869 2936 919 2990 in
949 2927 1208 3004 sapientia
1240 2931 1352 2994 Dei,
1381 2929 1571 2996 inquit,
1602 2941 1705 2980 non
1737 2926 1884 2978 novit
1906 2922 2136 2976 mundus

543 3035 733 3093 Deum,
753 3027 951 3099 placuit
981 3026 1090 3078 Deo
1114 3038 1206 3091 per
1229 3019 1508 3075 stultitiam
1540 3013 1936 3084 przedicationis
1959 3017 2135 3065 salvos

540 3124 719 3177 facere
749 3117 1034 3179 credentes
1071 3130 1084 3170 ι
1116 3121 1170 3166 et
1199 3108 1339 3181 quod
1367 3123 1502 3163 crux
1534 3105 1604 3160 sit
1627 3104 1910 3159 ineffabilis
1950 3110 2135 3171 poten-

541 3215 629 3267 tie
659 3220 712 3265 et
741 3207 1017 3277 sapicntim
1048 3211 1442 3274 argumentum,
1499 3208 1554 3254 et
1593 3197 1735 3268 quod
1767 3195 1932 3250 multo
1964 3193 2134 3262 majus

541 3310 611 3358 sit
637 3304 686 3357 id
718 3300 860 3371 quod
893 3300 1110 3353 stultutn
1144 3303 1226 3349 est
1254 3294 1365 3356 Dei,
1395 3307 1552 3361 quam
1591 3290 1823 3343 humana
1850 3286 2131 3356 sapientia.

541 3398 608 3451 Et
641 3402 738 3450 hoc
762 3409 974 3448 rursum
1002 3408 1106 3446 non
1139 3405 1230 3457 per
1255 3388 1526 3448 doctores,
1551 3383 1644 3437 sed
1671 3381 1832 3436 etiam
1858 3395 1950 3449 per
1973 3377 2134 3433 disci-

542 3492 700 3561 pulos
738 3485 1009 3541 ostendit:
1057 3482 1228 3535 Videte
1268 3478 1436 3539 enim,
1478 3476 1670 3545 inquit,
1708 3475 2017 3526 vocationem
2048 3486 2132 3524 vc-

540 3599 716 3637 su-am.
768 3578 882 3633 Non
931 3574 1091 3629 modo
1141 3571 1284 3626 enim
1319 3569 1570 3623 doctores
1602 3565 1814 3628 idiotas,
1847 3563 1941 3616 scd
1971 3561 2132 3616 etiam

542 3672 834 3742 discipulos
866 3668 996 3721 tales
1025 3663 1186 3732 elegit
1213 3679 1225 3714 :
1255 3658 1376 3714 Non
1403 3659 1533 3713 enim
1563 3657 1707 3710 multi
1731 3655 2002 3725 sapientes,
2046 3653 2132 3706 in.

543 3769 676 3837 quit,
707 3761 984 3819 secundum
1011 3773 1234 3812 carnem.
1262 3755 1352 3808 Sic
1373 3750 1674 3807 ostenditur
1699 3749 1799 3803 hoc
1825 3757 1880 3804 et
1907 3746 2133 3801 validius

541 3870 596 3914 et
626 3855 940 3925 sapientius,
975 3867 1096 3906 cum
1145 3857 1198 3903 et
1228 3847 1412 3900 multis
1442 3841 1765 3912 persuaserit
1791 3850 1842 3893 et
1873 3838 2131 3906 insipien-

544 3952 684 4006 tibus
713 3943 1061 4017 persuaserit.
1115 3939 1247 3993 Nam
1286 3935 1660 3990 difficillimum
1691 3941 1771 3986 est
1801 3930 1979 3983 idiota:
2004 3941 2130 3997 per-

540 4043 788 4104 suadere,
822 4037 1052 4092 maxime
1080 4048 1199 4088 cum
1227 4030 1295 4085 de
1327 4029 1488 4083 rebus
1509 4025 1826 4080 necessariis
1846 4034 1898 4077 et
1929 4020 2132 4091 magnis

543 4152 722 4191 sermo
745 4144 848 4190 ρει.
885 4129 1131 4185 Attamen
1157 4130 1566 4196 persuaserunt;
1597 4128 1650 4175 et
1680 4119 1837 4188 hujus
1865 4118 1940 4171 rei
1970 4126 2132 4170 testes

542 4237 698 4283 vocat
725 4226 844 4281 illos
879 4244 892 4279 :
927 4237 1048 4276 nam
1079 4219 1173 4281 ait,
1208 4216 1384 4269 Videte
1412 4213 1721 4268 vocationem
1751 4220 1985 4272 vestram,
2019 4209 2131 4275 fra-

545 4333 665 4383 tres,
705 4317 1064 4375 considerate,
1103 4306 1439 4366 scrutamini.
1492 4305 1626 4359 Nam
1673 4303 1813 4370 quod
1853 4299 2029 4374 idiota:
2081 4308 2134 4354 et

545 4410 715 4481 ignari
740 4410 987 4477 dogmata
1016 4403 1149 4456 adeo
1179 4397 1438 4468 sapientia
1468 4396 1812 4464 cluniumque
1852 4391 2134 4459 Sapientis-

546 4503 682 4558 sima
714 4496 1080 4566 susceperint,
1121 4491 1169 4544 id
1203 4502 1410 4558 magna:
1437 4485 1674 4540 doctoris
1730 4483 2006 4552 sapientia:
2048 4492 2130 4536 te-

546 4594 853 4650 stimonium
880 4601 982 4644 est.
1009 4584 1144 4654 Quid
1174 4583 1271 4636 sibi
1302 4581 1413 4635 vult
1449 4589 1626 4633 autem
1655 4576 1805 4642 illud,
1842 4576 2134 4630 Secundum

546 4682 786 4738 carnem?
835 4681 889 4734 Si
939 4684 1220 4746 spectetur
1267 4671 1317 4726 id
1352 4669 1490 4740 quod
1519 4677 1757 4739 apparet,
1805 4675 1859 4720 et
1901 4681 2134 4734 pra-scus

547 4778 652 4831 vita
694 4783 854 4842 atque
879 4780 1100 4825 externa
1130 4765 1411 4821 institutio.
1449 4761 1648 4818 Deinde
1677 4776 1742 4814 ne
1769 4760 2007 4816 videatur
2035 4760 2132 4812 sibi

547 4868 646 4937 ipsi
678 4860 948 4916 adversari
993 4863 1152 4926 (nam
1183 4853 1488 4926 proconsuli
1521 4851 1783 4921 persuasit
1818 4860 1870 4904 et
1901 4850 2134 4917 Areopa-

547 4962 668 5028 git-.e
707 4968 805 5008 nec
838 4968 942 5004 non
975 4949 1187 5017 Apollo,
1215 4948 1458 5013 aliosque
1491 4943 1735 4997 videmus
1762 4939 2032 5008 sapientes
2069 4939 2134 4992 ad

545 5042 989 5115 praedicationem
1040 5035 1407 5104 accessisse);
1462 5050 1565 5088 non
1612 5032 1764 5095 dixit,
1819 5030 2002 5083 Nullus
2051 5045 2136 5083 sa-

548 5143 730 5209 piens;
779 5131 895 5193 sed,
930 5127 1052 5181 Non
1099 5127 1245 5179 multi
1285 5127 1553 5194 sapientes.
1588 5124 1702 5178 Non
1735 5124 1876 5177 enim
1911 5137 1975 5176 cx
2004 5137 2136 5174 con-

547 5231 735 5286 stituto
778 5223 1021 5279 indoctos
1065 5220 1308 5281 vocabat,
1351 5227 1405 5270 ct
1455 5217 1726 5284 sapientes
1775 5215 2136 5283 relinquebat;

549 5323 640 5376 sed
687 5320 785 5374 hos
825 5315 988 5370 etiam
1039 5310 1386 5370 admittebat,
1418 5319 1472 5362 at
1506 5308 1663 5377 longe
1692 5311 1872 5377 plurcs
1902 5308 2134 5361 illorum.

548 5412 758 5479 Quare?
779 5409 912 5477 Quia
935 5405 1024 5476 qui
1055 5403 1267 5472 sapiens
1291 5412 1370 5456 est
1402 5399 1693 5454 εειριιιιιιιιιιι
1711 5414 1948 5459 carnem,
1975 5400 2138 5453 multa

553 5504 742 5572 plenus
781 5511 864 5557 est
899 5495 1206 5566 insipientia
1237 5511 1249 5545 :
1280 5503 1329 5546 et
1379 5491 1466 5546 hic
1505 5489 1737 5545 maxime
1787 5493 1979 5545 stultus
2021 5503 2098 5545 est
2124 5534 2138 5553 ,

553 5594 765 5663 qunmlo
802 5601 1110 5659 corruptam
1149 5585 1449 5638 ἀιριινὶιιειιη
1494 5581 1689 5651 ejicere
1737 5598 1842 5636 non
1889 5583 2020 5636 vult.
2068 5586 2142 5637 Ac

552 5683 996 5750 quemadmodum
1030 5676 1238 5732 medico
1266 5686 1434 5728 artem
1477 5691 1628 5730 suam
1663 5676 1856 5729 docere
1892 5676 2136 5738 volente,

558 5773 648 5844 qui
686 5788 850 5845 pauca
896 5771 1070 5825 sciunt
1115 5781 1169 5826 et
1213 5771 1349 5827 male
1397 5769 1776 5838 contrarioqnc
1812 5784 1863 5822 ιιι
1881 5768 1973 5823 )do
2026 5775 2138 5820 arte

2256 1567 2499 1620 utuntur,
2551 1568 2712 1628 atque
2759 1574 2875 1613 eam
2905 1559 3139 1614 retinere
3165 1561 3518 1621 contendunt.
3554 1579 3659 1616 ιιθιι
3690 1563 3846 1618 facile

2250 1649 2588 1719 disciplinam
2615 1650 2929 1701 admiserint
2953 1666 2967 1711 ;
2991 1649 3080 1718 qui
3116 1666 3242 1704 vero
3273 1651 3403 1705 nihil
3445 1655 3656 1716 sciunt,
3689 1654 3845 1709 facile

2250 1740 2388 1795 dicta
2431 1739 2727 1808 suscipiunt
2774 1755 2788 1790 :
2836 1740 2915 1794 sic
2944 1751 2997 1794 et
3027 1741 3125 1793 bac
3152 1740 3204 1794 in
3234 1757 3292 1795 re
3316 1742 3510 1796 factum
3540 1754 3656 1808 est;
3692 1746 3844 1800 indo-

2250 1831 2320 1884 cti
2352 1831 2519 1898 magis
2558 1831 2795 1894 persuasi
2841 1839 2965 1884 sunt
3001 1849 3012 1884 :
3042 1846 3306 1885 summam
3341 1833 3488 1886 enim
3528 1849 3634 1887 non
3678 1834 3845 1887 liabe-

2251 1921 2379 1975 baut
2423 1919 2804 1990 arrogantiam,
2850 1935 2970 1974 cum
3020 1935 3125 1975 non
3168 1931 3417 1992 putarent
3461 1939 3522 1978 se
3567 1924 3859 1994 sapientes

2250 2029 2389 2068 esse.
2426 2013 2504 2067 Illi
2539 2029 2729 2085 nempe
2760 2014 2989 2069 mavime
3034 2014 3182 2069 stulti
3227 2023 3384 2078 sunt,
3421 2016 3512 2086 qui
3546 2018 3844 2072 ratiociniis

2251 2105 2340 2159 illa
2366 2106 2698 2174 permittunt,
2725 2122 2844 2174 qua:
2873 2121 2976 2160 non
3003 2118 3228 2177 possunt
3261 2109 3361 2162 nisi
3395 2124 3488 2178 per
3511 2109 3670 2164 fidem
3695 2111 3842 2165 inve-

2249 2198 2370 2251 niri.
2397 2199 2674 2265 Quomodo
2692 2201 2835 2253 enim
2855 2200 2920 2262 si,
2939 2214 3061 2254 eum
3088 2199 3237 2255 faber
3252 2202 3474 2255 :crarius
3497 2203 3700 2272 forcipe
3726 2220 3845 2257 can-

2253 2286 2382 2341 dens
2413 2287 2610 2340 ferrmn
2635 2289 2902 2352 extrahat,
2927 2287 3029 2342 iste
3056 2304 3215 2342 manu
3245 2291 3294 2342 id
3323 2291 3499 2346 facere
3525 2293 3840 2356 contendat,

2249 2376 2399 2430 illum
2445 2389 2702 2430 extrema:
2744 2377 3119 2431 damnabimus
3145 2380 3394 2433 amentia:
3431 2382 3544 2434 :ita
3586 2391 3642 2435 et
3666 2383 3840 2451 philo-

2249 2466 2423 2530 sophi,
2472 2467 2562 2536 qui
2607 2482 2699 2536 per
2737 2479 2797 2520 se
2841 2467 2954 2521 haec
2994 2467 3236 2522 invenire
3273 2471 3449 2523 conati
3492 2480 3638 2536 sunt,
3684 2471 3842 2526 fidem

2251 2558 2450 2627 probro
2499 2558 2814 2612 affecerunt.
2863 2559 2986 2613 Ideo
3032 2558 3162 2612 nihil
3194 2574 3382 2614 eorum
3415 2577 3534 2630 quae
3567 2563 3842 2633 perquire—

2246 2649 2373 2704 bant
2418 2649 2760 2704 invenerunt.
2795 2649 2914 2703 Non
2939 2651 3083 2703 multi
3116 2660 3361 2719 potentes.
3388 2668 3488 2705 non
3522 2653 3671 2707 mulli
3701 2655 3842 2708 nobi-

2245 2746 2336 2798 les.
2370 2743 2501 2798 Nam
2528 2753 2582 2798 et
2622 2743 2674 2798 bi
2709 2745 2842 2797 fastu
2881 2743 3024 2812 pleni
3067 2753 3214 2799 sunt.
3262 2743 3402 2798 Nihil
3431 2757 3610 2799 autem
3649 2747 3715 2800 ad
3748 2746 3842 2803 Dei

2243 2837 2607 2906 cognitionem
2636 2836 2714 2889 sic
2746 2835 2934 2890 inutile
2974 2846 3056 2888 est
3080 2875 3094 2898 ,
3122 2844 3182 2888 ut
3220 2836 3524 2904 arrogantia
3554 2846 3606 2890 et
3633 2838 3843 2892 divitia-

2247 2941 2364 2977 rum
2391 2939 2564 2977 amor.
2595 2924 2848 2978 Efficiunt
2893 2924 3037 2980 enim
3082 2925 3193 2989 illa,
3238 2933 3298 2978 ut
3339 2927 3621 2994 praesentia
3669 2927 3842 2983 admi-

2245 3027 2430 3071 rentur
2456 3027 2509 3072 et
2551 3017 2847 3071 futurorum
2897 3017 3096 3071 nullam
3147 3018 3413 3072 rationem
3467 3018 3746 3074 habeant:
3790 3029 3844 3074 et

2241 3122 2489 3162 curarum
2532 3109 2871 3163 multitudine
2898 3123 3060 3163 aures
3087 3109 3391 3164 obstruunt.
3423 3110 3528 3164 Sed
3549 3127 3663 3182 gnte
3688 3116 3841 3166 stulta

2240 3209 2357 3250 sunt
2391 3199 2586 3263 mundi,
2625 3199 2774 3268 elegit
2802 3197 2960 3252 Deus.
2986 3197 3139 3266 Quod
3167 3198 3462 3254 maximum
3486 3210 3570 3255 est
3597 3201 3838 3258 victori-.2

2241 3291 2471 3358 signum,
2497 3305 2618 3344 cum
2649 3305 2743 3362 per
2774 3290 3020 3344 indoctos
3052 3291 3242 3347 vincit.

2310 3380 2364 3434 2.
2399 3379 2512 3434 Non
2550 3381 2692 3435 enim
2725 3390 2872 3434 tanto
2902 3380 3108 3449 pudore
3133 3380 3439 3436 afficiuntur
3455 3381 3840 3455 Graeci,quan-

2239 3469 2312 3524 do
2340 3485 2434 3538 per
2469 3470 2738 3538 sapientes
2780 3482 3105 3537 superantur
3137 3487 3150 3522 :
3185 3471 3278 3525 sed
3316 3482 3442 3526 tunc
3480 3474 3715 3530 maxime
3744 3492 3841 3546 pu-

2239 3562 2329 3616 det
2373 3561 2514 3624 illos,
2561 3577 2681 3614 cum
2729 3559 2963 3615 viderint
3009 3560 3269 3615 artiliccm
3316 3570 3372 3616 et
3415 3561 3682 3618 forensem
3719 3568 3836 3636 plus

2239 3668 2398 3723 quam
2442 3653 2560 3706 illos
2601 3651 3093 3721 philosoithantem.
3149 3653 3276 3709 Ideo
3324 3655 3437 3723 ipse
3483 3656 3718 3724 dicebat,
3771 3659 3838 3714 Ut

2239 3743 2518 3812 confundat
2558 3743 2828 3810 sapientes.
2870 3743 3054 3812 Neque
3086 3743 3172 3799 hic
3201 3745 3374 3799 solum
3401 3746 3530 3802 illud
3561 3749 3707 3815 fecit,
3740 3749 3834 3804 sed

2238 3833 2398 3888 etiam
2445 3833 2497 3886 in
2526 3833 2645 3886 aliis
2673 3833 2793 3886 vita:
2827 3835 3144 3888 commodis.
3189 3835 3392 3888 Etenim
3421 3838 3630 3904 inﬁrma
3660 3843 3834 3895 mundi

2239 3923 2408 3992 elegit,
2441 3923 2628 3991 inquit,
2655 3931 2710 3974 ut
2745 3922 3023 3992 confundat
3053 3923 3226 3992 fortia.
3268 3925 3384 3980 Non
3409 3929 3554 3982 enim
3589 3930 3834 3986 indoctos

2238 4015 2433 4078 Solum,
2484 4013 2577 4067 sed
2623 4017 2782 4067 etiam
2818 4031 3102 4083 pauperes,
3133 4017 3287 4082 viles,
3319 4019 3561 4088 abiectos
3591 4040 3718 4077 voca
3733 4027 3832 4090 vit,

2240 4116 2298 4158 ut
2327 4107 2376 4158 in
2411 4104 2646 4173 petentia
2674 4105 2992 4161 constitutos
3025 4106 3352 4165 humiliaret.
3379 4111 3471 4166 εδ.
3504 4111 3570 4166 Et
3593 4115 3835 4184 ignobilia

2237 4198 2415 4251 nnmdi
2441 4207 2484 4249 et
2509 4195 2922 4264 contemptibilia,
2959 4206 3005 4251 et
3031 4216 3090 4252 ea
3118 4216 3231 4270 qua:
3257 4218 3356 4254 non
3377 4213 3518 4266 sunt,
3559 4215 3613 4257 ut
3639 4223 3698 4259 ea
3719 4224 3832 4277 qua

2239 4300 2378 4344 erant
2418 4289 2717 4342 destrueret.
2755 4287 2820 4341 Et
2845 4304 3088 4358 quamam
3130 4304 3320 4358 vocat,
3361 4309 3482 4363 qua:
3528 4311 3634 4351 non
3673 4300 3834 4353 sunt?

2243 4382 2370 4446 Eos,
2405 4382 2493 4452 qui
2525 4380 2656 4434 nihil
2685 4395 2803 4434 csse
2835 4390 3108 4450 putantur,
3137 4384 3282 4455 quod
3316 4385 3367 4439 in
3398 4386 3545 4440 nullo
3574 4387 3682 4443 sint
3714 4405 3833 4460 prc-

2241 4474 2333 4527 tio.
2371 4473 2443 4526 Ita
2491 4487 2735 4541 magnam
2779 4474 3016 4528 ostendit
3053 4476 3368 4544 p0tentiam,
3418 4492 3540 4531 cum
3589 4494 3685 4546 per
3714 4495 3830 4544 eos,

2239 4565 2329 4636 qui
2382 4564 2510 4619 nihil
2561 4564 2811 4618 videntur
2859 4581 3001 4632 esse,
3049 4583 3271 4638 magnos
3319 4568 3501 4636 dejieit
3548 4570 3646 4624 :id
3688 4574 3831 4642 quod

2238 4665 2396 4718 etiam
2431 4663 2556 4716 alibi
2597 4662 2726 4717 dicit
2758 4683 2768 4716 :
2805 4664 2976 4720 Virtus
3002 4684 3114 4722 mea
3153 4667 3206 4721 in
3234 4667 3532 4735 infirmitate
3563 4671 3833 4738 per/icitur

2241 4756 2321 4825 (2.
2352 4756 2468 4810 Cor.
2503 4755 2588 4809 12.
2618 4757 2673 4826 9)
2729 4757 2824 4814 Est
2861 4760 3003 4814 enim
3046 4775 3236 4828 magna
3279 4759 3537 4829 potentia,
3571 4761 3832 4831 abjectos,

2242 4847 2335 4916 qui
2384 4848 2585 4900 nullam
2621 4864 2871 4919 umquam
2899 4851 3237 4920 disciplinam
3263 4852 3572 4920 attigerant,
3612 4865 3836 4924 repente

2244 4939 2313 4993 de
2353 4939 2440 5004 iis,
2482 4955 2600 5009 qua:
2646 4956 2806 5010 supra
2844 4944 3006 4997 cados
3028 4951 3174 5008 sunt,
3215 4941 3414 4997 docere
3443 4942 3831 5016 philosophari.

2243 5031 2374 5086 Nam
2403 5043 2454 5086 et
2483 5032 2744 5087 medicum
2787 5043 2841 5088 et
2876 5043 3147 5089 oratorem
3189 5042 3244 5086 et
3291 5033 3429 5088 alios
3473 5051 3666 5093 omnes
3710 5051 3837 5093 tunc

2245 5123 2476 5178 maxime
2517 5125 2808 5190 miramur,
2873 5139 2996 5178 cum
3047 5121 3291 5178 indoctos
3339 5124 3626 5182 admodum
3683 5129 3839 5185 insti-

2247 5225 2398 5268 tuunt
2435 5226 2489 5270 et
2527 5215 2798 5269 erudiunt.
2847 5214 2905 5268 Si
2947 5229 3075 5267 vero
3117 5228 3364 5283 magnum
3411 5219 3726 5273 miraculum
3756 5228 3838 5274 est

2245 5307 2374 5361 artis
2402 5307 2638 5362 rationes
2665 5307 2893 5362 indoctis
2925 5306 3236 5372 inculcare;
3269 5309 3438 5365 multo
3469 5312 3640 5380 magis
3675 5321 3836 5367 tanta:

2249 5398 2603 5470 philoSOphiae
2664 5401 2920 5453 rationes.
2995 5396 3111 5452 Non
3169 5413 3267 5472 pro
3314 5401 3576 5456 miraculo
3629 5411 3835 5457 tantum

2247 5488 2477 5552 edendo,
2528 5506 2703 5559 neque
2751 5501 2808 5544 ut
2845 5490 3140 5561 potentiam
3193 5506 3344 5547 suam
3393 5491 3726 5559 ostenderet,
3786 5494 3835 5548 id

2248 5580 2393 5646 fecit,
2440 5579 2533 5635 sed
2574 5579 2736 5631 etiam
2772 5589 2829 5634 ut
2863 5591 3178 5650 arrogantes
3222 5583 3562 5652 reprimeret.
3607 5580 3837 5654 Ideoque

2245 5677 2404 5723 antea
2437 5670 2664 5735 dicebat,
2687 5667 2754 5724 Ut
2784 5670 3063 5740 confundat
3089 5674 3361 5740 sapientes,
3381 5681 3434 5724 ut
3458 5688 3517 5725 ea
3547 5689 3662 5740 qua:
3689 5685 3834 5728 erant

2252 5769 2532 5815 (λιιι-κως(
2553 5777 2569 5825 ;
2589 5773 2641 5815 ct
2673 5763 2756 5817 hic
2784 5778 2968 5819 rursus
3000 5783 3012 5818 :
3039 5765 3132 5820 ‘29.
3173 5763 3239 5819 Ut
3272 5780 3370 5816 mm
3399 5763 3646 5833 glorietur
3673 5766 3837 5819 omnis
