4096 6326
117 350 180 405 ﬂ
1194 332 1261 389 [Ν
1300 329 1514 388 EPIST.
1558 330 1576 384 Ι
1641 328 1702 383 ΑΙ

1815 327 1927 383 0R.
1968 327 2198 384 ﬂOMlL.
2246 330 2306 383 ν.
3350 333 3418 390 (γε

114 488 243 525 care
283 470 339 525 in
388 475 664 536 conspectu
712 459 826 517 Dei.
858 457 1047 516 Omnia
1074 456 1218 511 enim
1248 455 1389 509 Deus
1418 453 1537 507 ideo
1565 450 1714 513 facit,

112 568 197 635 (ιι)
235 563 319 637 [ιιι
342 559 652 631 superbiam
698 565 754 611 et
799 563 1156 622 arrogantiam
1206 548 1499 616 reprimat,
1532 554 1591 637 ut
1630 544 1716 637 ja-

107 635 414 713 Ctationetn
471 651 624 704 tollat
653 666 667 701 :
694 656 749 702 et
796 658 891 699 vos
934 645 986 696 in
1032 641 1133 695 hoc
1179 638 1470 708 perstatis?
1514 635 1705 691 Omnia

124 743 307 817 facit],
343 753 401 797 ut
438 741 575 795 nihil
616 737 775 793 nobis
800 736 1145 804 imputemus,
1189 740 1249 785 ut
1276 729 1452 782 omnia
1484 728 1594 782 Deo
1618 727 1717 817 ad-

109 816 424 891 scribamus
456 850 471 886 :
499 840 555 886 et
601 844 698 884 vos
742 826 866 881 lmie
911 833 967 879 et
1015 823 1089 877 illi
1138 836 1233 874 vos
1281 818 1607 873 addixistis?
1652 816 1718 870 Et

107 943 281 998 quam
311 924 522 980 veniam
549 916 977 989 consequimini?
1002 914 1133 970 Nam
1164 912 1399 968 ostendit
1428 912 1567 965 Deus
1599 908 1714 965 lieri

109 1035 223 1073 non
277 1030 440 1088 posse
478 1025 535 1068 ut
570 1022 750 1067 nostra
795 1010 968 1064 solum
1008 1021 1168 1075 opera
1191 1004 1417 1060 salutem
1442 1008 1702 1073 assequa-

109 1128 279 1176 mur;
319 1119 372 1165 et
402 1109 505 1163 hoc
529 1106 596 1161 ab
632 1105 783 1159 initio
812 1103 957 1158 fecit.
999 1100 1183 1168 Neque
1232 1097 1379 1153 enim
1418 1106 1530 1151 tum
1564 1106 1715 1166 pote-

108 1212 239 1257 rant
269 1201 520 1255 homines
551 1214 646 1269 per
668 1212 727 1252 se
752 1194 978 1259 servari,
1015 1191 1109 1248 sed
1139 1189 1423 1261 oportebat
1447 1190 1712 1244 obeuntes

106 1296 234 1349 caeli
266 1292 741 1364 pulchritudinem,
764 1298 921 1344 terra:
945 1284 1383 1355 magnitudinem,
1411 1293 1465 1338 et
1488 1283 1712 1338 aliarum

107 1398 488 1443 creaturarum
516 1399 742 1454 corpus,
792 1382 873 1436 sic
906 1379 1096 1434 adduci
1127 1377 1194 1432 ad
1226 1391 1403 1431 rerum
1430 1375 1706 1445 Opificem.

110 1482 229 1536 [loc
262 1497 427 1551 porro
461 1478 585 1534 fecit
618 1477 728 1547 jam
755 1484 881 1530 ante
907 1472 1209 1541 reprimens
1237 1470 1467 1524 futuram
1495 1468 1712 1537 sapien-

110 1578 203 1629 tia:
235 1589 433 1629 vanam
463 1571 793 1641 opinionem.
833 1562 1299 1632 Quemadmodum
1344 1561 1389 1620 si
1435 1560 1554 1630 quis
1597 1575 1712 1614 ma-

104 1676 318 1743 gister,
372 1686 495 1726 eum
540 1664 760 1737 jusserit
802 1660 1123 1730 discipulum
1168 1658 1319 1727 sequi
1368 1670 1709 1726 quocumque

104 1766 365 1828 ducatur,
388 1761 475 1815 ubi
506 1756 699 1813 viderit
720 1754 867 1809 illum
896 1749 1192 1821 prazvenire
1220 1757 1274 1803 et
1303 1748 1440 1802 velle
1468 1763 1497 1797 a
1525 1748 1706 1815 seipse

101 1862 310 1908 cuncta
365 1851 615 1913 discere,
669 1845 852 1900 sinens
895 1841 1045 1896 illum
1092 1854 1295 1902 errare,
1350 1836 1585 1901 ostendit
1642 1837 1706 1890 il-

104 1948 217 1999 lum
280 1958 390 1996 non
441 1940 542 1996 sibi
570 1929 846 1993 'snl'licere
891 1933 959 1987 ad
1006 1932 1393 2001 disciplinam,
1436 1940 1492 1983 et
1557 1939 1682 1986 tunc

99 2056 227 2105 qua:
271 2052 368 2091 sua
406 2043 531 2088 sunt
556 2030 757 2086 inducit
789 2047 803 2081 :
835 2029 905 2081 ita
935 2035 989 2081 et
1034 2026 1173 2084 Deus
1212 2024 1375 2095 jussit
1419 2022 1573 2077 initio
1621 2037 1709 2076 sc-

100 2130 193 2197 qui
249 2143 349 2195 per
392 2140 571 2178 rerum
617 2128 916 2200 creatarum
961 2115 1533 2185 comprehensionem;
1578 2112 1705 2197 quia

101 2235 238 2273 vero
290 2217 577 2271 noluerunt
605 2254 620 2274 ,
648 2227 771 2266 cum
797 2209 1123 2278 experientia
1153 2206 1425 2261 docuisset
1454 2205 1571 2261 illos
1599 2220 1704 2258 non

101 2312 207 2365 sibi
240 2308 517 2372 sufticere,
547 2314 673 2359 tunc
706 2305 850 2372 ipsos
871 2300 936 2354 ad
966 2315 1026 2354 se
1063 2298 1171 2353 alio
1201 2297 1361 2363 modo
1387 2297 1534 2351 ducit
1565 2313 1577 2349 :
1608 2312 1705 2365 pro

102 2403 290 2459 tabula
331 2399 483 2456 dedit
520 2397 801 2452 mundum.
848 2393 1031 2463 Neque
1068 2392 1120 2445 in
1170 2390 1252 2447 his
1298 2389 1541 2445 meditati
1580 2398 1705 2444 sunt

101 2493 438 2566 philosophi,
472 2506 643 2560 neque
668 2488 742 2542 illi
772 2485 993 2554 obsequi
1027 2482 1331 2546 voluerunt,
1362 2496 1539 2549 neque
1566 2479 1704 2535 hanc

96 2589 164 2643 ad
190 2588 376 2659 ipsum
412 2582 617 2654 ingredi
647 2582 805 2645 viam,
834 2594 993 2648 quam
1024 2576 1109 2631 ille
1129 2575 1381 2645 jusserat.
1419 2574 1591 2628 Aliam
1615 2572 1720 2630 illi?

98 2680 318 2733 induxit
348 2678 491 2731 viam
526 2673 707 2745 priore
731 2672 1037 2734 clariorem,
1082 2684 1201 2737 qua:
1228 2666 1578 2737 persuaderet
1606 2666 1703 2719 lm-

96 2772 307 2825 minem
334 2768 521 2823 solum
544 2781 652 2819 non
680 2764 780 2818 sibi
804 2763 903 2832 ipsi
933 2760 1202 2815 sufficere.
1234 2759 1385 2813 Tunc
1408 2761 1549 2814 enim
1583 2759 1703 2813 lice-

97 2864 188 2916 bat
231 2857 521 2916 ratiocinia
549 2869 788 2917 movere,
837 2862 893 2908 et
924 2861 1145 2906 externa
1179 2850 1254 2904 uti
1285 2851 1573 2919 sapientia,
1607 2866 1703 2919 per

95 2971 182 3009 res
206 2965 428 3008 creatas
454 2950 648 3005 ductos
676 2966 689 3001 :
723 2962 865 3001 nunc
890 2956 1068 3000 autem
1096 2944 1196 2998 nisi
1224 2943 1344 3013 quis
1365 2944 1557 2998 stultus
1585 2944 1697 3009 fiat,

95 3046 147 3100 id
174 3054 285 3104 est,
324 3043 430 3097 nisi
460 3056 623 3094 omne
652 3037 991 3092 ratiocinium
1032 3045 1087 3093 et
1124 3049 1339 3089 omnem
1383 3033 1698 3102 sapientiam

92 3149 328 3194 evaeuet
354 3152 423 3199 ac
446 3134 569 3189 lidei
598 3149 656 3187 se
681 3131 875 3195 tradat,
902 3129 1106 3184 servari
1137 3128 1341 3197 nequit.
1366 3127 1485 3181 Non
1509 3142 1696 3197 parum

94 3234 263 3299 igitur
295 3239 405 3292 est,
435 3226 579 3297 quod
605 3240 728 3278 cum
757 3222 896 3276 viam
926 3220 1136 3275 facilem
1177 3218 1510 3281 reddiderit,
1548 3234 1695 3273 mor-

95 3324 221 3377 bum
259 3336 481 3391 quoque
513 3318 636 3372 inde
663 3326 841 3369 ortum
868 3313 1155 3376 evulserit,
1190 3322 1243 3366 ut
1273 3324 1381 3366 non
1402 3312 1701 3381 glorientur

94 3414 352 3468 homines
382 3426 561 3480 neque
599 3411 767 3463 altum
793 3406 1007 3476 sapiant
1037 3422 1051 3459 :
1086 3404 1155 3460 Ut
1184 3422 1287 3459 non
1316 3404 1565 3475 glorietur
1589 3421 1698 3459 om-

95 3507 172 3558 nis
196 3520 349 3558 caro.
408 3502 543 3556 Hinc
583 3501 725 3554 enim
755 3507 1030 3568 peccatum
1074 3505 1249 3550 ortum
1286 3504 1392 3563 est,
1439 3496 1579 3565 quod
1606 3496 1698 3550 Dei

96 3596 309 3666 legibus
336 3609 403 3649 se
428 3591 783 3661 sapientiores
826 3604 947 3644 esse
986 3586 1399 3655 contenderim,
1454 3586 1699 3641 nolentes

95 3680 166 3741 ita
191 3686 418 3743 discere
439 3694 499 3738 ut
520 3683 609 3738 ille
634 3680 931 3736 constituit.
967 3678 1253 3748 Propterea
1281 3692 1453 3747 neque
1480 3677 1557 3732 sic
1582 3692 1700 3731 om-

96 3777 226 3830 nino
247 3776 578 3829 didicerunt.
603 3772 694 3827 Sic
720 3773 881 3826 etiam
912 3770 1106 3823 factum
1133 3778 1220 3822 est
1256 3769 1325 3822 ab
1356 3769 1526 3821 initio.
1558 3768 1699 3822 Dixit

97 3869 333 3927 Adamo,
386 3864 499 3918 Hoc
529 3864 629 3927 fac,
664 3862 764 3916 hoc
792 3878 861 3916 ne
888 3860 1103 3923 feceris.
1136 3860 1229 3914 Ille
1249 3875 1308 3914 se
1336 3861 1487 3930 plura
1518 3876 1699 3928 reper-

98 3970 281 4012 turum
320 3968 575 4025 Sperans,
604 3953 936 4021 obsequutus
966 3959 1195 4016 nonest,
1219 3959 1274 4005 et
1294 3951 1437 4019 quod
1469 3950 1698 4004 habebat

98 4047 359 4116 perdidit.
396 4047 537 4102 Dixit
566 4046 629 4099 iis
671 4044 760 4114 qui
801 4052 984 4113 postea
1031 4042 1202 4108 fuere,
1248 4043 1326 4097 Ne
1356 4044 1407 4097 in
1439 4052 1500 4099 re
1518 4053 1697 4098 creata

97 4142 409 4205 consistite,
450 4137 546 4198 sed
594 4154 687 4207 per
712 4137 855 4192 illam
894 4137 1204 4192 Creatorem
1234 4137 1694 4204 contemplamini.

98 4235 174 4288 llli
217 4244 433 4298 autem,
460 4232 614 4301 quasi
640 4231 766 4300 quid
806 4230 965 4285 dictis
997 4230 1294 4299 sapientius
1325 4230 1655 4286 invenissent
1678 4272 1698 4295 ,

100 4328 423 4380 innumeros
450 4332 732 4377 moverunt
758 4321 1112 4391 labyrinthus.
1143 4322 1487 4389 Quapropter
1517 4330 1572 4375 et
1599 4338 1692 4377 se-

60 4411 70 4416 ’
99 4436 218 4473 cum
246 4429 304 4474 et
335 4420 482 4472 inter
507 4431 565 4470 se
590 4426 775 4470 mutuo
799 4413 1176 4477 conﬂixerunt,
1219 4428 1284 4467 ac
1318 4428 1491 4482 neque
1530 4415 1696 4469 Deum

101 4491 452 4574 invenerunt,
484 4521 656 4576 neque
678 4506 833 4561 de're
862 4512 1044 4564 creata
1076 4504 1201 4571 quid
1231 4503 1380 4558 eiare
1410 4511 1694 4571 tiovertint,

102 4619 276 4672 neque
315 4611 712 4670 congruentem
758 4607 812 4653 et
853 4612 1034 4655 veram
1064 4597 1203 4651 circa
1242 4613 1359 4651 eam
1389 4598 1696 4666 opinionem

102 4693 432 4747 habuerunt.
464 4689 591 4744 Ideo
617 4704 829 4745 rursum
855 4698 1044 4757 magna
1069 4688 1119 4739 vi
1145 4688 1357 4741 illorum
1388 4690 1696 4756 opinionem

101 4785 407 4845 decutiens,
432 4782 674 4836 indoctos
689 4784 919 4849 primum
944 4780 1169 4842 induxit,
1196 4780 1486 4837 ostendens
1512 4798 1700 4837 omnes

104 4890 333 4946 superna
365 4872 631 4941 sapientia
658 4884 793 4939 opus
823 4869 1041 4923 habere.
1089 4869 1274 4939 Neque
1319 4872 1479 4953 modo
1519 4873 1569 4926 in
1602 4890 1697 4928 c0-

105 4967 361 5035 guitionis
410 4958 654 5025 ratione,
691 4960 783 5015 sed
824 4970 878 5017 et
921 4960 975 5014 in
1025 4962 1147 5015 aliis
1175 4963 1424 5018 omnibus
1456 4964 1700 5022 homines

106 5069 155 5111 et
207 5072 408 5113 omnes
470 5072 558 5110 res
612 5064 820 5110 creatas
881 5053 1103 5106 omnino
1169 5068 1306 5122 opus
1369 5056 1568 5112 habere
1617 5060 1699 5113 sui

106 5150 307 5211 soluit,
342 5158 409 5202 ut
467 5147 755 5201 maximam
807 5144 1031 5199 haberet
1077 5146 1413 5201 occasionem
1464 5158 1519 5203 et
1569 5152 1700 5205 sub.

104 5240 352 5308 jectiouis
385 5250 438 5292 et
465 5236 911 5301 necessitudinis,
960 5250 1025 5289 ne
1066 5250 1185 5303 qua:
1231 5238 1519 5305 resilirent,
1573 5257 1696 5310 pcr-

108 5334 239 5388 irent
274 5333 314 5386 ¹.
365 5330 603 5399 Ideoque
642 5345 746 5384 nou
793 5328 1032 5400 permisit
1067 5337 1124 5382 ut
1162 5328 1260 5383 sibi
1294 5329 1423 5399 ipsis
1452 5332 1582 5387 satis
1612 5349 1699 5387 es—

146 5554 183 5626 }
218 5552 363 5612 "ac,
384 5563 447 5601 πε
479 5560 593 5615 qua:
625 5546 885 5610 resilirent,
912 5548 1298 5615 perirent,savil.
1325 5554 1484 5613 posuit
1507 5554 1554 5602 in
1579 5568 1701 5604 mar-

111 5626 219 5675 giae

168 5698 239 5763 (ιε)
259 5706 378 5763 ιω
401 5690 934 5763 ιιηοίιιιδριειιιὶιιιιιιιτύ,
960 5694 1010 5742 in
1033 5692 1252 5753 margine
1278 5692 1441 5744 ferunt
1462 5698 1622 5749 Menti.
1650 5706 1701 5750 et

114 5758 219 5807 mil
265 5762 513 5822 notusque
537 5761 590 5808 in
613 5760 808 5806 textum
826 5758 1049 5817 recipere
1074 5768 1227 5806 Visum
1250 5765 1343 5805 est.

1828 456 1967 502 sent.
2000 447 2130 502 Nam
2161 448 2205 503 si
2238 462 2379 503 nunc
2428 448 2589 504 etiam
2636 450 2790 504 multi
2831 464 2953 507 cum
2984 466 3118 521 epos
3161 450 3413 520 habeant,

1825 537 2162 609 despiciunt;
2196 539 2297 593 nisi
2339 539 2442 594 hoc
2484 540 2697 603 fuisset,
2750 557 2858 611 quo
2899 542 3164 612 superbia:
3193 559 3297 599 non
3327 560 3417 601 as-

1823 628 2173 684 cendissent?
2202 637 2383 700 Itaque
2412 640 2612 685 tantam
2640 632 2822 701 gloria:
2852 635 3286 697 ostentationem,
3308 652 3412 690 non

1824 733 1889 773 ex
1940 720 2138 774 invidia
2189 721 2276 777 ille
2320 722 2534 776 sustulit
2559 763 2575 789 ,
2618 723 2713 777 sed
2747 733 2801 778 ut
2842 726 3141 781 retraheret
3182 726 3304 783 illos
3345 746 3411 782 ex

1825 814 2059 881 pernicie
2089 814 2212 869 inde
2259 823 2428 885 parta.
2487 815 2573 871 50.
2613 816 2692 869 Ea:
2733 816 2843 879 ipso
2890 828 3057 871 autem
3089 835 3175 874 eos
3209 831 3328 876 estis
3358 822 3412 875 in

1822 904 2025 957 Christo
2057 905 2205 969 Jesu,
2252 908 2339 974 qui
2387 908 2554 976 factus
2598 919 2671 962 est
2710 908 2851 968 nobis
2882 913 3129 982 sapientia
3154 928 3184 965 a
3208 913 3335 981 Deo,
3362 930 3411 971 ιι

1814 996 2019 1065 justitia
2058 1008 2104 1051 et
2131 1000 2471 1067 sanctiﬁcatio
2510 1010 2558 1054 et
2601 1001 2904 1071 redemptio.
2952 1002 3107 1071 Illud,
3156 1004 3239 1060 Ea:
3267 1008 3403 1077 ipso,

1822 1100 1927 1138 non
1955 1085 2023 1140 de
2054 1088 2403 1156 productione
2428 1089 2495 1144 ad
2527 1092 2817 1146 essentiam
2848 1095 3021 1161 ipsum
3051 1094 3228 1152 dicere
3256 1107 3404 1166 puto,

1819 1178 1914 1233 sed
1943 1178 2010 1233 de
2040 1180 2178 1245 fide;
2212 1180 2264 1235 id
2293 1192 2411 1249 est,
2445 1183 2582 1238 filios
2613 1184 2703 1239 Dei
2733 1185 2845 1241 fieri
2876 1186 3027 1254 dicit,
3056 1204 3159 1243 non
3187 1205 3250 1244 ex
3282 1204 3409 1244 san-

1817 1273 2068 1342 guinibus
2098 1290 2270 1345 neque
2296 1290 2363 1330 ex
2385 1276 2660 1333 voluntate
2701 1280 2899 1336 carnis.
2956 1279 3037 1336 Ne
3088 1282 3407 1340 existimetis

1816 1381 1965 1434 ergo,
2000 1375 2280 1435 postquam
2312 1383 2341 1419 a
2371 1367 2693 1437 gloriatione
2722 1386 2821 1424 nos
2851 1383 3145 1436 exemerat,
3166 1376 3260 1430 'sic
3313 1392 3404 1432 re-

1817 1455 2039 1525 liquisse
2084 1457 2287 1511 :aliam
2335 1459 2478 1525 enim
2528 1460 2787 1529 majorem
2832 1462 2978 1516 dedit
3005 1463 3401 1538 gloriationem.

1821 1548 1877 1601 ln
1928 1558 2221 1617 conSpcctu
2274 1550 2418 1605 enim
2464 1551 2581 1622 ejus
2623 1569 2728 1606 non
2771 1565 2986 1623 oportet
3010 1556 3243 1624 gloriari.
3282 1559 3402 1627 Filii

1815 1640 1933 1709 ejus
1956 1642 2110 1706 estis,
2144 1642 2245 1697 hoc
2275 1642 2397 1698 facti
2431 1658 2524 1712 per
2553 1642 2845 1698 Christum.
2896 1646 2961 1701 Et
3002 1658 3281 1717 postquam
3313 1650 3397 1703 di-

1814 1733 1910 1795 xit,
1945 1732 2115 1787 Stulta
2142 1734 2320 1788 mundi
2343 1735 2491 1806 elegit
2518 1746 2564 1791 et
2588 1736 2848 1807 ignobilia,
2878 1740 3111 1793 Ostendit
3136 1740 3257 1793 illos
3278 1755 3403 1795 esse

1813 1824 2051 1878 omnium
2090 1825 2415 1891 nobiliores,
2457 1829 2544 1896 qui
2579 1829 2744 1882 Deum
2775 1842 2980 1897 patrem
3012 1830 3260 1887 habeant.
3293 1832 3405 1887 llu-

1810 1914 1896 1983 jus
1929 1931 2090 1984 porro
2130 1917 2421 1971 nobilitatis
2466 1932 2572 1972 non
2614 1917 2700 1973 hic
2754 1921 2833 1975 vel
2862 1922 2973 1986 ille,
3016 1922 3111 1977 sed
3157 1924 3401 1979 Christus

1813 2006 1964 2059 vobis
2000 2021 2160 2061 causa
2201 2016 2304 2072 est,
2349 2009 2438 2077 qui
2473 2024 2569 2071 nos
2598 2010 2869 2077 sapientes
2900 2010 3024 2073 fecit
3055 2022 3110 2066 et
3136 2014 3316 2082 justos
3342 2026 3399 2071 et

1810 2108 2059 2161 sanctos;
2094 2096 2193 2157 hoc
2225 2098 2367 2153 enim
2398 2099 2676 2169 signiticat'
2698 2101 2822 2169 illud
2843 2143 2859 2167 ,
2916 2101 3105 2156 Factus
3140 2113 3213 2158 est
3257 2106 3400 2162 nobis

1810 2189 2075 2257 sapientia.
3436 2192 3439 2197 ’

1882 2282 1936 2335 5.
1976 2280 2107 2348 Quis
2128 2297 2255 2352 ergo
2277 2282 2431 2341 nobis
2463 2283 2758 2351 sapientior
2773 2283 2948 2351 fuerit,
2977 2286 3067 2355 qui
3086 2303 3190 2342 non
3214 2289 3396 2346 Plato-

1811 2376 1915 2443 nis,
1934 2378 2027 2451 sed
2043 2377 2316 2433 Christum
2341 2378 2514 2447 ipsum
2537 2380 2852 2448 sapientiam
2876 2381 3156 2450 habemus,
3189 2385 3296 2441 Deo
3327 2388 3397 2441 ita

1809 2470 2066 2525 volente?
2092 2472 2220 2541 quid
2266 2482 2348 2527 est
2377 2484 2554 2527 autem
2584 2473 2735 2542 illud,
2784 2475 2829 2528 A
2859 2475 3009 2531 Deo?
3033 2477 3167 2533 Cum
3207 2496 3396 2551 magna

1807 2562 2031 2617 dixisset
2056 2562 2123 2618 de
2144 2562 2448 2631 Unigonito,
2481 2574 2605 2620 time
2630 2566 2777 2622 addit
2798 2566 3028 2633 Patrem,
3058 2586 3125 2624 ne
3148 2573 3266 2639 quis
3293 2589 3395 2643 pu-

1807 2663 1943 2710 taret
1969 2655 2261 2726 ingenitum
2289 2657 2479 2711 Filimu
2508 2674 2647 2713 esse.
2675 2660 2809 2714 Cum
2849 2678 2979 2732 ergo
3012 2665 3242 2722 dixisset
3270 2682 3391 2722 eum

1808 2758 1952 2803 tanta
1976 2750 2233 2819 potuisse,
2254 2750 2413 2805 etiam
2443 2760 2609 2805 totmn
2644 2751 2827 2811 tribuit
2854 2754 3009 2820 Fiiio,
3036 2757 3221 2813 dicens
3242 2759 3391 2814 illum

1804 2842 2120 2911 sapientiam
2149 2842 2303 2896 nobis
2329 2842 2526 2896 factum
2552 2844 2734 2909 fuisse,
2758 2856 2812 2899 et
2834 2845 3089 2914 justitiam
3116 2858 3168 2902 et
3190 2853 3391 2904 sancti-

1806 2933 2104 2989 ticationem
2126 2944 2181 2987 et
2198 2934 2641 3003 redemptionem.
2673 2935 2775 2991 Per
2806 2937 2993 2993 Filium
3016 2954 3199 2998 rursus
3221 2950 3389 2999 totum

1803 3024 2099 3081 attribuens
2125 3024 2269 3079 Patri
2296 3025 2463 3089 dixit,
2518 3026 2559 3078 Α
2590 3026 2717 3079 Deo.
2748 3028 2857 3081 Cur
2884 3040 3061 3084 autem
3094 3048 3200 3097 nop
3229 3033 3384 3099 dixit,

1804 3118 1955 3173 Fecit
1993 3134 2090 3173 nos
2116 3117 2533 3193 sapienteshscd
2553 3158 2568 3183 ,
2602 3117 2790 3173 Factus
2827 3131 2899 3175 est
2922 3122 3063 3178 nobis
3100 3126 3392 3193 sapientia?

1810 3208 1939 3263 doni
1968 3209 2257 3264 ostendens
2284 3186 2689 3273 abnn‘ilantiam,
2723 3226 2786 3265 ac
2813 3211 2860 3279 si
2889 3211 3109 3278 diceret,
3141 3216 3391 3286 Seipsum

1804 3301 1956 3355 nobis
1985 3300 2155 3355 dedit.
2204 3300 2271 3354 Et
2300 3301 2422 3363 yide
2455 3301 2728 3371 quomodo
2757 3304 3033 3372 procedat.
3068 3306 3220 3361 Prius
3246 3309 3389 3366 enim

1804 3408 1901 3447 nos
1929 3393 2195 3463 sapientes
2225 3392 2350 3447 fecit
2394 3407 2515 3447 cum
2543 3393 2611 3445 ab
2632 3407 2818 3449 errore
2856 3395 3121 3459 liberavit,
3171 3409 3225 3464 et
3256 3409 3381 3454 tunc

1798 3488 1972 3556 jnstos
1998 3496 2053 3540 et
2070 3495 2306 3549 sanctos,
2341 3484 2601 3554 Spiritum
2619 3486 2856 3555 largitus,
2881 3496 2936 3541 et
2962 3488 3039 3543 sic
3063 3505 3204 3544 nosa
3236 3492 3390 3547 malis

1803 3579 2051 3633 omnibus
2082 3578 2353 3641 liberavit,
2376 3578 2446 3631 ita
2477 3586 2535 3631 ut
2558 3577 2723 3647 ipsius
2753 3578 2945 3645 simus,
2969 3597 3075 3636 non
3103 3598 3197 3650 per
3222 3584 3388 3652 ipsius

1802 3668 2114 3736 essentiam,
2146 3668 2242 3722 sed
2275 3682 2369 3737 per
2398 3667 2577 3722 ﬁdem.
2610 3668 2749 3722 Alibi
2778 3684 2935 3738 porro
2952 3671 3101 3739 dicit,
3123 3674 3263 3740 quod
3292 3691 3385 3731 nos

1804 3761 1926 3815 facti
1957 3760 2127 3814 simus
2150 3759 2357 3828 juSIitia
2388 3759 2440 3812 in
2464 3758 2581 3827 ipso
2609 3777 2622 3811 ε
2649 3759 2801 3827 Eum,
2828 3762 2914 3830 qui
2940 3778 3037 3815 non
3064 3765 3198 3817 novit
3222 3782 3390 3833 pecca-

1804 3860 1930 3915 tum,
1958 3859 2219 3915 peccatum
2249 3865 2341 3919 pro
2381 3850 2524 3911 nobis
2548 3850 2664 3917 [erit
2684 3891 2699 3916 ,
2728 3862 2781 3905 ut
2811 3869 2902 3906 nos
2932 3856 3390 3924 ﬁeremusjustitia

1807 3944 1896 3997 Dei
1922 3944 1974 3997 in
1995 3943 2107 4013 ipso
2161 3940 2236 4012 (2.
2266 3940 2385 3996 Cor.
2412 3942 2467 3997 5.
2490 3940 2582 4013 2|)
2607 3959 2621 4007 ;
2675 3958 2815 3998 ntmc
2839 3956 3017 4000 autem
3064 3947 3191 4011 dicit
3231 3948 3380 4003 illum

1804 4035 1959 4090 nobis
1976 4033 2183 4093 factum
2211 4034 2376 4095 fuisse
2392 4034 2677 4104 justitiam,
2703 4035 2771 4089 ita
2789 4045 2847 4091 ut
2866 4037 3074 4092 volenti
3089 4039 3389 4109 liceatejus

1799 4125 2013 4181 abunde
2031 4134 2339 4181 consortem
2361 4140 2506 4181 esse.
2532 4125 2647 4180 Non
2675 4126 2815 4184 enim
2839 4127 2929 4183 hic
2956 4130 3035 4184 vel
3058 4130 3383 4200 ille-sapien-

1806 4227 1884 4271 tes
1916 4214 2058 4281 fecit,
2079 4214 2175 4279 sed
2199 4215 2463 4270 Christus.
2490 4216 2591 4282 Qui
2620 4233 2747 4286 ergo
2770 4218 3052 4288 gloriatur,
3076 4222 3129 4289 in
3153 4222 3251 4286 illo
3274 4224 3388 4292 glu-

1804 4308 1991 4370 rietur,
2023 4321 2133 4361 non
2161 4306 2215 4361 in
2240 4307 2346 4361 alio
2372 4322 2387 4359 :
2413 4322 2442 4360 a
2464 4305 2681 4361 Christo
2702 4311 2880 4367 munia
2916 4310 3051 4364 facta
3081 4322 3225 4367 sunt.
3260 4315 3389 4370 Ideo

1802 4415 1923 4456 cum
1951 4399 2175 4455 dixisset
2198 4441 2213 4465 ,
2246 4400 2347 4467 Qui
2373 4400 2540 4468 factus
2567 4408 2643 4454 est
2663 4400 2803 4457 nobis
2824 4402 3073 4470 sapientia
3100 4413 3146 4456 et
3185 4406 3389 4473 justilia

1804 4505 1850 4549 et
1864 4494 2199 4563 sanctiﬁcatio
2217 4504 2267 4547 et
2288 4494 2586 4558 redemptio,
2606 4492 2877 4560 subjnnxit
2897 4511 2909 4546 :
2936 4494 2995 4548 5l
3012 4495 3124 4560 .Ut,
3148 4504 3392 4567 quemad-

1806 4588 2013 4640 modum
2032 4586 2274 4656 scriptum
2292 4594 2385 4651 est,
2408 4585 2507 4651 Qui
2535 4584 2803 4655 gloriatur,
2824 4584 2875 4637 in
2904 4584 3122 4641 Domino
3142 4589 3387 4657 glorietur

1808 4678 1944 4749 (Jer.
1990 4677 2044 4733 9.
2072 4677 2188 4747 2'5).
2219 4677 2508 4746 Propterea
2545 4672 2707 4729 etiam
2739 4674 2899 4730 valde
2938 4676 3178 4731 invectus
3225 4690 3306 4734 est
3336 4681 3389 4735 in

1805 4770 2125 4839 sapientiam
2149 4768 2491 4831 Graecorum;
2525 4776 2582 4820 ut
2610 4766 2714 4822 hoc
2736 4765 2851 4836 ipso
2883 4768 3197 4837 persuadeat
3226 4770 3384 4826 homi-
3476 4840 3483 4846 _

1808 4861 1983 4924 nibus,
2018 4868 2075 4913 ut
2102 4856 2262 4913 etiam
2289 4855 2492 4925 justum
2519 4866 2622 4926 est,
2652 4869 2711 4911 ut
2738 4854 2790 4910 in
2815 4858 3041 4912 Domino
3071 4859 3391 4928 glorientur.

1806 4952 1938 5007 Nam
1966 4966 2088 5006 cum
2110 4966 2138 5003 a
2167 4948 2321 5003 nobis
2351 4949 2484 5019 ipsis
2515 4967 2634 5020 qua:
2655 4964 2752 5003 nos
2778 4961 3033 5019 superant
3075 4955 3388 5023 quierimus,

1807 5045 1935 5099 nihil
1984 5053 2069 5098 est
2113 5043 2267 5097 nobis
2295 5045 2510 5096 stultius
2535 5082 2549 5106 ,
2582 5040 2713 5094 nihil
2763 5042 3100 5100 imbecillius.
3130 5048 3389 5117 Linguam

1807 5137 1948 5190 enim
1978 5142 2186 5188 acutam
2218 5132 2413 5183 habere
2437 5145 2750 5197 possumus;
2775 5133 3021 5202 dogmata
3046 5152 3172 5197 vero
3197 5139 3391 5206 Solida,

1808 5244 1912 5282 non
1941 5228 2104 5289 item;
2136 5225 2230 5278 sed
2250 5240 2569 5278 aranearum
2600 5226 2719 5280 telis
2744 5244 2835 5295 per
2852 5244 2911 5282 se
2936 5228 3127 5285 similia
3159 5241 3286 5287 sunt
3311 5250 3397 5287 ra-

1810 5315 2042 5371 tiocinia.
2095 5314 2173 5368 Eo
2197 5312 2340 5368 enim
2369 5313 2587 5382 quidam
2619 5328 2993 5385 processerant
3021 5324 3289 5386 amentia».
3339 5335 3396 5379 ut

1808 5426 1991 5477 eorum
2019 5426 2135 5479 quae
2164 5415 2289 5460 sunt
2320 5408 2452 5461 nihil
2480 5424 2666 5467 verum
2697 5424 2819 5463 esse
2862 5410 3105 5466 dicerent
3132 5454 3145 5475 ,
3175 5418 3269 5468 sed
3298 5415 3389 5483 iis,

1808 5486 1928 5569 qua:
1978 5506 2319 5568 apparerent,
2351 5499 2532 5553 omnia
2584 5499 2853 5553 contraria
2892 5516 3015 5557 esse
3042 5504 3394 5560 affirmarent.

1809 5589 1951 5643 Nihil
1980 5605 2105 5657 ergo
2134 5597 2278 5641 tuum
2306 5604 2426 5643 esse
2456 5590 2687 5652 dixeris,
2721 5591 2813 5644 sed
2845 5590 2897 5645 in
2925 5592 3173 5646 omnibus
3198 5594 3252 5649 in
3280 5596 3391 5650 Deo

1810 5678 2090 5749 glorieris;
2123 5679 2254 5733 nulli
2302 5678 2505 5732 homini
2534 5678 2732 5748 aliquid
2784 5696 3032 5750 nunquam
3080 5682 3300 5739 tribuas.
3336 5686 3397 5741 Si

1811 5770 1954 5827 enim
1990 5770 2157 5827 Paulo
2177 5770 2309 5826 nihil
2337 5781 2417 5827 cst
2444 5772 2865 5839 attribuendum,
2899 5775 3066 5837 multo
3096 5774 3267 5848 magis
3293 5794 3398 5834 cae-
