4096 6326
664 368 735 422 43
1446 371 1502 425 S.
1544 370 1819 426 JOANNlS
1855 372 2333 427 CIIRYSOSTOMI
2376 375 2691 432 ARCHIEP.
2732 378 3267 439 CONSTANTINOP.
3884 396 3942 452 ιι

662 487 793 543 teris
823 503 839 540 :
872 501 993 541 nam
1021 484 1093 539 ait
1124 484 1233 550 ille,
1286 481 1393 554 Ego
1416 483 1663 553 plantavi,
1688 484 1870 554 Apollo
1889 484 2093 553 rigavit,
2120 483 2256 537 Deus

663 589 836 632 autem
862 579 1221 630 incrementum
1247 575 1386 627 dedit
1413 574 1488 643 (i.
1522 572 1641 627 Cor.
1673 574 1725 629 5.
1751 574 1830 644 6).
1858 574 1959 641 Qui
1983 572 2169 627 didicit
2203 574 2253 626 in

664 666 896 724 Domino
924 666 1141 737 gloriari
1165 706 1179 731 ,
1206 679 1494 734 numquam
1525 679 1646 719 sese
1671 663 1857 719 eli'eret
1875 705 1889 730 ,
1921 665 2013 718 sed
2043 680 2257 733 semper

660 761 906 816 modeste
928 770 1071 830 aget,
1100 768 1153 813 et
1182 758 1237 812 in
1285 760 1533 812 omnibus
1558 768 1743 827 gratus
1781 760 1898 812 erit.
1932 758 2039 812 Res
2076 768 2253 812 autem

660 853 972 908 Graecorum
1006 866 1112 904 non
1146 860 1273 904 sunt
1321 849 1626 917 huiusmodi
1655 891 1667 913 ,
1713 850 1808 903 sed
1840 853 2019 906 omnia
2048 849 2122 902 illi
2153 848 2255 903 sibi

658 945 990 998 adscribunt.
1025 942 1255 1011 Ideoque
1283 958 1345 997 ex
1377 942 1681 995 hominibus
1705 941 1837 996 deos
1866 940 2093 1003 faciunt;
2123 941 2257 994 adeo

659 1034 783 1089 illos
807 1034 1106 1103 arrogantia
1130 1031 1511 1101 pessumdedit.
1539 1032 1760 1085 Demum
1784 1029 1913 1083 hora
1941 1038 2025 1084 est
2053 1040 2107 1081 ut
2133 1043 2255 1082 eum

659 1126 766 1181 illis
796 1134 1195 1179 concertemus.
1229 1124 1328 1179 Ubi
1361 1139 1490 1193 ergo
1514 1123 1602 1178 die
1642 1122 1907 1192 superiori
1953 1120 2254 1176 orationem

658 1215 1015 1287 reliquimus?
1040 1215 1376 1279 Dieebamus,
1403 1230 1508 1268 non
1534 1228 1693 1283 posse
1718 1229 1784 1266 ex
1818 1212 2046 1265 humana
2068 1224 2255 1265 conse-

658 1307 877 1379 quentia
898 1306 1248 1376 pbilosophos
1276 1322 1304 1357 a
1337 1304 1695 1373 piscatoribus
1714 1302 1957 1372 superari
1984 1320 1997 1355 :
2022 1310 2255 1355 attamen

660 1398 778 1453 ﬁeri
806 1398 1009 1468 potuit;
1050 1396 1192 1450 unde.
1220 1396 1396 1466 palam
1424 1402 1508 1449 est
1532 1434 1548 1457 ,
1579 1392 1631 1448 id
1681 1408 1776 1462 per
1802 1394 2026 1462 gratiam
2060 1391 2256 1445 factunt

658 1505 803 1546 esse.
832 1488 1153 1544 Dicebamus
1180 1487 1295 1540 fieri
1328 1500 1433 1539 non
1458 1499 1619 1555 posse
1641 1524 1657 1551 ,
1689 1493 1747 1537 ut
1776 1492 1853 1537 tot
1882 1491 1936 1536 et
1985 1492 2091 1536 tam
2122 1498 2259 1553 prte-

656 1582 803 1637 clara
830 1591 978 1653 gesta
1001 1579 1085 1634 vel
1114 1578 1413 1648 cogitarent
1435 1576 1651 1647 quidem
1687 1591 1703 1639 ;
1730 1584 1788 1630 et
1814 1573 2151 1629 ostendimus
2186 1574 2255 1626 il-

658 1675 742 1729 los
766 1689 871 1729 non
903 1671 1064 1727 modo
1088 1672 1377 1740 cogitasse,
1402 1667 1498 1725 sed
1529 1668 1691 1724 etiam
1722 1683 1844 1723 eum
1868 1682 2060 1737 magna
2084 1666 2256 1720 facili-

660 1775 771 1819 tate
796 1764 862 1818 ad
893 1763 1053 1818 linem
1077 1761 1413 1831 perduxisse.

737 1854 822 1908 Ex
849 1855 1017 1924 gratia
1043 1853 1214 1906 divina
1256 1850 1475 1921 apostoli
1521 1854 1692 1904 orbem
1718 1859 2084 1913 converterunt.
2110 1881 2178 1889 ——
2200 1848 2256 1902 In

661 1947 765 2002 hoc
790 1946 906 2017 ipso
938 1944 1097 1999 hodie
1122 1943 1382 1997 orationis
1400 1942 1579 2011 capite
1606 1956 1703 1995 nos
1725 1941 2132 1995 exercebimus:
2161 1956 2258 1992 un-

660 2040 853 2091 denam
885 2037 991 2090 illis
1033 2035 1246 2090 venerit
1274 2034 1328 2087 in
1360 2040 1622 2097 mentem,
1652 2038 1712 2084 ut
1737 2040 2023 2099 sperarent
2072 2045 2132 2083 se
2173 2039 2256 2083 to-

660 2147 774 2186 tum
795 2131 980 2185 orbem
1006 2138 1163 2183 terra:
1185 2141 1344 2196 posse
1365 2126 1603 2189 vincere,
1630 2124 1677 2177 si
1701 2138 1804 2176 non
1829 2122 2086 2177 vidissent
2103 2122 2259 2176 Chri-

660 2233 803 2277 stum
833 2219 1219 2276 resurrexisse.
1259 2217 1396 2272 Num
1428 2216 1479 2269 in
1513 2216 1711 2270 mentis
1737 2229 1959 2269 excessu
1985 2214 2256 2283 quidpiam

662 2315 767 2368 tale
817 2310 1213 2367 inconsiderate
1269 2317 1323 2362 et
1369 2316 1578 2363 temere
1627 2305 1965 2374 cogitarunt?
2026 2304 2254 2358 Omnem

660 2404 859 2474 quippe
901 2401 1190 2455 amentiam
1226 2407 1467 2468 superat,
1499 2396 1699 2466 absque
1731 2396 1820 2449 Dei
1855 2395 2021 2466 gratia
2054 2398 2254 2447 tantam

661 2510 777 2550 rem
809 2492 993 2563 perlici
1024 2505 1181 2560 posse
1211 2504 1450 2558 sperare.
1505 2487 1787 2555 Quomodo
1818 2487 1917 2540 hoc
1952 2485 2259 2540 elfccissent

662 2585 993 2642 insanientes
1017 2592 1073 2637 et
1096 2582 1146 2636 in
1177 2580 1373 2635 mentis
1396 2579 1656 2633 excessu?
1678 2578 1770 2633 Siti
1792 2592 1920 2631 vero
1933 2592 2078 2631 sana:
2105 2590 2259 2629 men-

668 2678 737 2731 tis
766 2684 943 2739 erant,
975 2685 1034 2728 ut
1055 2682 1109 2729 et
1131 2688 1218 2727 res
1246 2673 1375 2741 ipsa:
1407 2671 1656 2741 probant,
1686 2669 1955 2740 quomodo
1982 2682 2090 2721 non
2110 2679 2259 2720 acce-

663 2770 772 2839 ptis
791 2783 859 2824 ex
884 2766 1019 2822 cmlo
1042 2764 1147 2819 lide
1167 2763 1341 2833 dignis
1360 2762 1695 2832 pignoribus,
1720 2775 1821 2814 nec
1841 2771 2132 2828 supernam
2161 2755 2256 2810 ad-

665 2862 776 2929 epti
801 2859 1049 2931 gratiam,
1068 2857 1186 2912 ausi
1210 2864 1397 2911 essent
1413 2854 1480 2908 ad
1508 2862 1653 2909 tanta
1675 2853 1824 2907 exire.
1850 2852 2009 2916 bella,
2031 2851 2084 2904 in
2111 2860 2255 2903 terra

663 2952 797 3006 etin
846 2949 984 3004 mari
1015 2945 1378 3016 suscipienda,
1409 2954 1465 2998 et
1489 2946 1557 3001 ad
1583 2942 1871 2998 mutandos
1916 2942 2078 2995 totius
2108 2940 2259 2999 orbis

666 3056 868 3107 mores,
910 3048 1060 3094 tanto
1089 3047 1331 3106 tempore
1355 3034 1738 3099 conﬁrmatos,
1773 3032 2018 3087 homines
2049 3030 2254 3086 duode-

662 3135 770 3190 cim
792 3148 850 3187 se
874 3132 1157 3201 accingere
1186 3141 1242 3184 et
1270 3130 1342 3183 ita
1370 3129 1581 3182 fortiter
1608 3126 1794 3182 stare?
1823 3125 1892 3178 Et
1919 3123 2061 3193 quod
2086 3123 2257 3191 majus

663 3234 782 3289 e~t,
833 3224 901 3277 ad
945 3222 1139 3279 ezelum
1186 3224 1441 3274 vocantes
1486 3227 1540 3271 et
1580 3231 1840 3285 supernas
1870 3212 2254 3277 habitationes,

664 3314 807 3367 unde
836 3311 1223 3381 exspectabant
1252 3324 1310 3363 se
1337 3307 1675 3361 auditoribus
1717 3318 2069 3376 persuasuros
2094 3302 2257 3358 esse?

667 3406 732 3460 lit
759 3402 804 3456 si
831 3402 1047 3471 quidem
1075 3399 1301 3454 fuissent
1331 3398 1544 3455 educati
1566 3397 1619 3451 in
1650 3396 1817 3467 gloria
1837 3438 1851 3459 ,
1885 3395 2100 3465 opibus,
2154 3408 2251 3463 po-

664 3496 833 3549 tentia
858 3504 913 3547 et
936 3491 1259 3557 eruditione,
1292 3506 1358 3545 ne
1384 3490 1461 3545 sic
1487 3490 1701 3559 quidem
1733 3488 1799 3543 ad
1826 3498 2029 3541 tantam
2059 3486 2254 3540 molem

664 3602 846 3643 rerum
869 3600 928 3638 se
952 3584 1213 3638 extollere
1241 3598 1405 3651 posse
1425 3582 1751 3636 videbantur
1775 3597 1788 3645 ;
1817 3580 1910 3634 sed
1953 3590 2129 3633 tamen
2159 3578 2257 3631 nii-

662 3693 769 3746 qua
796 3675 1004 3731 ratione
1046 3674 1308 3742 potuisset
1348 3672 1658 3742 exspectari
1686 3686 1700 3723 :
1731 3686 1874 3725 nunc
1904 3686 2033 3724 vero
2063 3669 2153 3722 alii
2198 3668 2252 3722 in

665 3767 887 3822 lacubus
911 3807 926 3829 ,
957 3765 1049 3819 alii
1077 3766 1127 3819 in
1162 3763 1391 3835 pellibus
1420 3762 1793 3826 versabantur,
1828 3763 1915 3817 alii
1945 3761 1998 3815 in
2030 3760 2253 3817 telonio.

664 3856 808 3913 Nihil
832 3866 1012 3911 autem
1035 3864 1117 3910 est
1148 3855 1231 3909 his
1262 3854 1456 3909 studiis
1488 3853 1719 3923 ineptius
1744 3853 1809 3908 ad
1839 3852 2251 3923 philosophiam,

666 3959 722 4005 et
740 3949 806 4002 ad
838 3946 1292 4019 persuadendum,
1323 3956 1380 3999 ut
1406 3960 1594 4015 magna
1620 3945 1739 4013 quis
1770 3945 2112 4013 itnaginetur,
2142 3959 2254 3996 rna-

663 4041 810 4095 xime
854 4053 985 4094 vero
1030 4037 1247 4108 quando
1294 4037 1498 4091 nuilum
1552 4036 1785 4105 suppetit
1825 4036 2155 4105 exemplum.
2184 4037 2252 4091 At

662 4135 740 4192 illi
771 4147 878 4187 non
905 4131 1067 4187 modo
1096 4130 1338 4199 exempla
1365 4144 1470 4185 non
1502 4130 1788 4192 habebant,
1814 4128 1966 4199 queis
2010 4144 2069 4183 se
2095 4145 2254 4198 supe-

663 4237 877 4283 raturos
901 4232 1206 4295 sperarent,
1240 4222 1332 4277 sed
1359 4224 1521 4277 etiam
1555 4222 1841 4287 habebant,
1869 4222 2009 4292 quod
2036 4237 2254 4292 supera-

590 4392 593 4395 b
664 4319 771 4374 turi
822 4332 927 4373 non
957 4324 1177 4382 essent,
1228 4330 1396 4384 eaque
1422 4322 1679 4368 recentia.
1724 4312 1871 4368 Multi
1903 4328 2133 4381 namque
2163 4314 2251 4381 qui

666 4413 929 4466 innovare
950 4417 1303 4473 tentaveraut,
1338 4408 1587 4460 exstincti
1610 4406 1821 4460 fuerant
1849 4412 1979 4475 (non
2011 4406 2080 4461 de
2105 4408 2252 4461 Gne-

662 4516 849 4557 cornm
883 4500 1042 4552 rebus
1062 4498 1286 4566 loquor;
1315 4498 1417 4549 illae
1447 4498 1644 4565 quippe
1671 4498 1903 4549 nondum
1935 4506 2116 4559 erant;
2157 4498 2251 4551 sed

662 4596 733 4647 de
764 4587 1110 4661 ipsisJudteis
1135 4586 1324 4641 eodem
1356 4595 1596 4655 tempore
1618 4589 1656 4655 ),
1687 4602 1790 4649 non
1821 4603 1941 4640 cum
1968 4587 2251 4640 duodecim

666 4682 993 4745 hominibus,
1022 4679 1116 4733 Sed
1140 4694 1260 4732 cunt
1292 4694 1480 4746 magna
1509 4676 1850 4731 multitudine
1880 4693 1965 4730 res
1991 4677 2249 4745 aggressi.

658 4774 795 4829 Nam
823 4770 1074 4825 Thcudas
1103 4781 1154 4823 et
1195 4768 1357 4822 ludas
1403 4784 1624 4837 magnos
1671 4768 1925 4821 habentes
1976 4769 2252 4822 hominum

662 4876 860 4925 omnis,
918 4876 1036 4914 cum
1066 4860 1342 4926 discipulis
1373 4861 1661 4929 perierant.
1694 4861 1759 4913 Et
1789 4878 1850 4915 ex
1885 4862 1965 4915 his
1988 4862 2253 4929 exemplis

664 4966 816 5010 ortus
848 4956 1007 5006 timor
1039 4960 1244 5019 poterat
1286 4952 1407 5004 illos
1454 4951 1729 5005 deterrere
1755 4994 1768 5015 ,
1824 4954 1921 5006 nisi
1964 4955 2251 5007 admodum

664 5042 905 5115 persuasi
933 5040 1157 5092 fuissent
1180 5040 1292 5091 sine
1310 5038 1484 5092 divina
1516 5040 1709 5093 virtute
1747 5056 1848 5091 non
1870 5058 2027 5109 posse
2062 5059 2250 5111 quem-

662 5141 803 5209 ιιίῖιιη
834 5146 1111 5203 διιβθνθτθ·
1145 5130 1298 5197 Quod
1330 5132 1372 5183 Si
1394 5134 1552 5185 etiam
1594 5149 1653 5187 se
1682 5134 1895 5186 vincere
1927 5148 2083 5201 posse
2128 5149 2251 5203 spe-

664 5230 856 5288 rabant
876 5270 891 5294 ,
915 5242 1017 5297 qua
1045 5241 1142 5295 spe
1174 5224 1289 5278 fulti
1322 5214 1463 5277 tanta
1494 5224 1752 5279 adiissent
1772 5226 2026 5294 pericula,
2058 5227 2154 5280 nisi
2184 5226 2250 5279 ad

662 5322 839 5376 futura
871 5316 1269 5386 respexissent?
1318 5315 1589 5369 i’onamus
1636 5327 1812 5371 autem
1844 5318 1964 5371 illos
2003 5332 2065 5372 se
2094 5334 2251 5389 supe-

662 5419 873 5465 raturos
918 5421 1165 5474 Sperasse
1186 5447 1202 5471 ,
1232 5404 1359 5476 quid
1395 5404 1524 5458 lucri
1557 5408 1845 5474 sperabant
1872 5423 1939 5463 ex
1966 5424 2062 5473 eo,
2107 5411 2249 5477 quod

659 5517 849 5557 ontnes
874 5499 1203 5553 adducerent
1228 5499 1295 5552 ad
1328 5513 1449 5553 eum
1479 5497 1575 5566 qui
1607 5512 1712 5552 non
1744 5502 2059 5568 resurrexit,
2110 5501 2251 5555 sicut

661 5592 878 5648 dicitis?

732 5686 781 5739 4.
827 5684 955 5739 Nam
979 5685 1022 5738 si
1054 5699 1193 5738 nunc
1222 5683 1466 5739 homines
1493 5684 1583 5752 qui
1615 5683 1961 5741 crediderunt
1990 5688 2057 5743 de
2081 5704 2249 5759 regno

659 5777 910 5833 calorum
934 5788 987 5832 et
1007 5776 1075 5831 de
1099 5777 1396 5832 innumeris
1422 5786 1594 5847 bouis,
1620 5777 1835 5833 difltcilc
1861 5784 2093 5848 pericula
2126 5786 2242 5839 sub-

2364 496 2516 551 eunt,
2558 489 2832 557 quomodo
2862 500 3003 545 tanta
3023 495 3290 547 incassum
3316 495 3457 564 passi
3475 509 3678 564 essent,
3697 501 3807 555 into
3828 518 3943 559 vero

2365 576 2431 629 ad
2470 578 2702 631 malum?
2734 579 2791 634 Si
2819 581 2962 635 enim
2991 598 3099 637 non
3138 576 3276 639 facta
3306 586 3529 643 fuissent
3562 590 3650 645 illa
3680 607 3802 660 quae
3827 609 3943 650 vere

2364 665 2502 720 faeta
2529 678 2673 735 sunt,
2716 680 2773 726 et
2803 672 2847 725 si
2887 672 3131 728 Christus
3158 674 3209 728 in
3238 677 3429 732 ctelum
3460 694 3566 734 non
3591 682 3940 745 ascendisset,

2367 758 2479 811 lucc
2507 761 2709 827 lingere
2744 765 3136 821 contendentes
3166 777 3217 821 et
3242 770 3364 824 aliis
3392 773 3737 842 persuadere,
3786 775 3941 830 Deum

2362 851 2615 906 ol'fensuri
2646 866 2800 908 erant
2837 866 2889 909 et
2933 858 3079 913 mille
3119 874 3147 912 a
3175 876 3385 930 superis
3412 863 3631 920 fnhnina
3668 878 3942 936 exspecta-

2366 942 2491 997 turi.
2539 944 2789 1013 Alioquin
2821 955 2999 1001 autem
3028 948 3237 1003 etiamsi
3266 951 3478 1007 vivente
3505 953 3721 1010 Christo
3748 966 3943 1012 tantam

2364 1033 2675 1090 habuissent
2719 1037 3081 1107 alacritatem,
3122 1042 3239 1111 ipso
3302 1058 3512 1102 mortuo
3563 1049 3705 1104 illam
3749 1053 3948 1108 exstin-

2366 1127 2587 1217 xissent.
2616 1126 2748 1182 Nam
2779 1130 2824 1183 si
2851 1146 2958 1185 non
3008 1136 3418 1201 resurrexisset,
3472 1140 3600 1209 ipsis
3624 1141 3947 1213 deccptoret

2364 1219 2642 1275 simulator
2678 1220 2887 1276 fuisset.
2909 1223 2993 1277 Au
3024 1225 3242 1279 nescitis
3280 1230 3549 1285 exercitus
3579 1231 3793 1287 vivente
3819 1234 3946 1289 duce

2362 1320 2417 1364 et
2443 1311 2793 1381 imperatore,
2824 1315 3034 1369 etiamsi
3062 1316 3267 1372 debiles
3296 1327 3352 1373 et
3381 1335 3487 1375 non
3528 1327 3802 1379 numerosi
3824 1325 3945 1391 sint,

2362 1406 2697 1475 consistere;
2735 1407 2837 1460 illis
2877 1423 3007 1462 vero
3036 1408 3326 1476 defunctis,
3358 1411 3569 1468 etiamsi
3612 1415 3771 1470 validi
3824 1418 3946 1484 sint,

2365 1493 2629 1549 dissolvi?
2654 1497 3006 1565 Quibusnam,
3036 1514 3239 1570 quteso,
3267 1502 3629 1570 probabilibus
3655 1509 3949 1562 rationibus

2366 1586 2511 1640 usuri
2543 1597 2697 1641 erant
2718 1588 3151 1657 przedicationcm
3176 1594 3503 1662 aggressuri,
3545 1605 3600 1650 et
3628 1612 3723 1667 per
3764 1598 3949 1654 orbem

2364 1686 2533 1733 totum
2559 1680 2798 1733 exituri?
2827 1691 2958 1750 quot
2987 1683 3387 1755 impedimentis
3413 1701 3520 1742 non
3569 1688 3775 1746 detenti
3820 1690 3949 1745 fuis-

2362 1768 2529 1824 sent?
2554 1769 2686 1824 Nam
2716 1773 2759 1824 si
2807 1771 3049 1830 furentes
3075 1787 3229 1831 erant
3256 1777 3383 1848 (hoe
3406 1780 3619 1836 dicendi
3653 1781 3819 1839 linem
3850 1800 3949 1838 non

2363 1860 2592 1934 faciam)
2617 1903 2632 1929 ,
2662 1863 2793 1917 nihil
2826 1868 3037 1934 penitus
3065 1878 3212 1921 recte
3240 1871 3573 1938 gessissent:
3600 1889 3761 1929 nemo
3813 1878 3950 1931 enim

2363 1952 2663 2007 furentibus
2690 1953 3024 2024 obtemperat
3048 1974 3059 2008 :
3085 1957 3129 2010 si
3153 1969 3333 2013 autem
3353 1974 3466 2015 rem
3489 1960 3627 2017 bene
3647 1977 3950 2032 gesserunt,

2366 2050 2423 2094 ut
2450 2053 2732 2111 gesserunt
2780 2046 2985 2114 utique,
3041 2055 3095 2101 et
3122 2047 3242 2102 linis
3272 2052 3527 2117 ostendit,
3570 2055 3813 2108 oumium
3871 2070 3953 2109 sa-

2366 2134 2682 2202 pientissimi
2705 2146 2878 2191 erant.
2898 2136 2953 2193 Si
2981 2139 3218 2193 omnium
3248 2142 3626 2211 sapientissimi
3656 2156 3833 2212 erant,
3866 2162 3954 2216 pa-

2369 2226 2471 2279 lam
2497 2236 2580 2281 est
2610 2228 2729 2283 illos
2770 2245 2876 2285 non
2910 2242 3113 2288 temere
3142 2233 3207 2287 ad
3236 2234 3672 2304 prtedicationem
3719 2242 3952 2295 venisse.

2362 2316 2473 2371 Nisi
2504 2319 2647 2372 enim
2696 2320 2957 2376 vidissent
2988 2323 3135 2377 illum
3163 2329 3548 2394 resurrexisse,
3576 2330 3704 2397 quid
3747 2342 3956 2399 poterat

2363 2410 2481 2463 illos
2507 2410 2573 2463 ad
2601 2410 2703 2465 hoc
2730 2411 2924 2466 bellum
2965 2412 3234 2469 educere?
3261 2416 3387 2485 quid
3416 2433 3521 2471 non
3554 2419 3677 2474 illos
3725 2424 3956 2476 avertis-

2362 2500 2481 2553 set?
2511 2501 2651 2555 Dixit
2677 2502 2811 2567 illis,
2840 2502 2970 2557 Post
2997 2514 3107 2558 tres
3134 2505 3250 2560 dies
3280 2524 3555 2579 resurgam
3576 2552 3592 2576 ,
3632 2519 3690 2564 et
3732 2528 3955 2581 regnum

2361 2591 2617 2645 emtorem
2645 2594 2911 2662 pollicitus
2948 2604 3033 2649 est
3062 2613 3077 2651 :
3110 2598 3245 2651 dixit
3278 2599 3402 2664 illis,
3434 2602 3577 2670 quod
3623 2605 3819 2659 orbem
3848 2616 3957 2660 ter-

2362 2696 2542 2734 rarum
2571 2684 2872 2750 superaturi
2895 2695 3101 2750 essent,
3135 2699 3359 2757 accepto
3388 2689 3592 2760 Spiritu
3614 2704 3808 2748 sancto
3834 2713 3849 2760 ;
3904 2707 3956 2751 et

2363 2772 2432 2826 ad
2455 2771 2571 2826 hanc
2600 2773 2875 2830 innumera
2904 2778 3004 2831 alia
3038 2779 3171 2833 dixit
3191 2789 3436 2836 naturam
3458 2795 3674 2840 omnem
3697 2802 3958 2857 superatio

2363 2862 2455 2918 tia.
2488 2864 2689 2936 Itaque,
2718 2867 2763 2920 si
2791 2868 2922 2922 nihil
2946 2868 3137 2925 borum
3166 2874 3455 2940 evenisset,
3477 2877 3579 2931 etsi
3612 2879 3811 2934 viventi
3842 2896 3957 2937 cre-

2359 2954 2625 3022 diderant,
2654 2972 2722 3012 eo
2741 2969 2952 3015 mortuo
2969 2976 3074 3015 non
3100 2962 3238 3016 ultra
3266 2965 3644 3033 credidissent,
3669 2970 3772 3024 nisi
3800 2988 3956 3026 resu-

2361 3047 2614 3101 scitatunt
2647 3048 2932 3105 vidissent.
2967 3051 3237 3108 Dixissent
3261 3056 3428 3123 enim,
3460 3056 3589 3112 Post
3617 3070 3727 3115 tres
3751 3061 3874 3117 dies
3903 3078 3960 3120 se

2363 3150 2793 3195 resurrecturum
2824 3141 2981 3208 dixit,
3007 3153 3065 3199 et
3092 3158 3198 3199 non
3244 3150 3583 3205 resurrexit:
3610 3149 3875 3220 Spiritum
3903 3169 3960 3209 se

2360 3230 2610 3285 daturum
2653 3234 2903 3302 promisit
2924 3275 2940 3297 ,
2996 3244 3051 3290 et
3080 3250 3187 3291 non
3218 3237 3359 3291 misit
3386 3256 3401 3294 :
3430 3242 3705 3310 quomodo
3731 3258 3871 3315 ergo
3894 3246 3961 3301 de

2362 3319 2555 3397 futuris
2585 3323 2658 3377 illi
2686 3323 3011 3388 credemus,
3062 3342 3183 3380 eutn
3218 3331 3501 3397 praesentia
3546 3332 3665 3388 falsi
3711 3337 3961 3391 convicta

2361 3414 2507 3469 sint?
2552 3417 2665 3481 Qua
2696 3416 2764 3471 de
2792 3432 2976 3484 causa,
3002 3419 3046 3472 si
3081 3435 3186 3472 non
3235 3425 3621 3479 resurrexisset
3644 3467 3659 3491 ,
3694 3429 3962 3497 przedica-

2360 3516 2483 3560 rent
2506 3506 2653 3560 illum
2667 3508 3064 3593 resurrexisse?
3080 3509 3213 3576 Quia
3236 3512 3407 3580 ipsum
3427 3515 3698 3579 amabant,
3721 3518 3959 3586 inquies.

2361 3597 2521 3667 Atqui
2549 3598 2721 3666 ipsum
2750 3598 2945 3653 deinde
2987 3599 3114 3654 odio
3155 3600 3386 3657 habituri
3411 3596 3588 3671 erant,
3614 3608 3754 3676 quod
3779 3624 3843 3664 se
3863 3610 3963 3664 de-

2359 3689 2594 3757 ccpisset
2622 3698 2679 3742 et
2710 3689 3058 3757 prodidisset,
3106 3703 3160 3747 et
3190 3694 3333 3762 quod
3366 3696 3510 3751 mille
3542 3697 3698 3753 factis
3722 3703 3961 3768 promis-

2362 3779 2457 3843 sis,
2488 3778 2782 3833 induxisset
2832 3789 2889 3833 ut
2931 3780 3155 3849 domos,
3192 3796 3438 3854 parentes
3468 3798 3522 3843 et
3570 3790 3749 3845 omnia
3784 3792 3962 3848 relin-

2360 3881 2615 3942 querent,
2666 3872 2810 3941 quod
2847 3883 3014 3928 totam
3043 3874 3349 3931 Judzeorum
3382 3890 3595 3950 gentem
3652 3894 3846 3937 contra
3902 3900 3963 3939 se

2358 3964 2687 4029 suscitasset,
2720 3980 2782 4019 ac
2813 3981 2872 4019 se
2904 3966 3245 4033 prodidisset.
3283 3968 3435 4037 Quod
3474 3973 3519 4025 si
3543 3973 3671 4028 illud
3697 3990 3763 4029 ex
3800 3974 3960 4027 inlir-

2359 4055 2545 4107 mitate
2573 4054 2766 4107 factum
2792 4052 3001 4118 fuisset,
3024 4055 3075 4109 id
3099 4057 3468 4127 ignovissent;
3502 4079 3643 4119 nunc
3669 4078 3798 4120 vero
3829 4064 3957 4117 exi-

2359 4144 2668 4199 stimaretur
2710 4158 2774 4196 ex
2810 4144 3151 4212 improbitate
3197 4152 3415 4205 factum.
3466 4153 3760 4223 Oportebat
3808 4166 3960 4218 enim

2361 4248 2547 4288 verum
2578 4233 2756 4288 dieere
2777 4274 2791 4297 ,
2839 4250 3011 4304 neque
3037 4239 3225 4293 caelum
3258 4244 3588 4310 promittere.
3640 4247 3804 4306 homo
3832 4270 3960 4310 cum

2360 4335 2503 4380 esset
2524 4325 2789 4391 mortalis,
2823 4334 2881 4379 ut
2905 4326 3102 4381 dicitis.
3127 4330 3303 4396 Quare
3344 4336 3680 4392 verisimisile
3705 4352 3786 4396 est
3826 4360 3961 4399 con-

2361 4419 2520 4470 traria
2552 4415 2784 4469 facturos
2813 4416 2997 4482 fuisse,
3053 4418 3324 4476 fallaciam
3359 4427 3760 4494 praidicaturos.
3794 4447 3852 4489 et
3880 4438 3964 4493 di-

2359 4518 2541 4563 cturos
2582 4508 2754 4576 ipsum
2784 4507 3152 4567 simulatorem
3179 4522 3233 4567 et
3260 4520 3701 4588 prtestigiatorcm
3736 4525 3914 4583 fuisse
3943 4548 3957 4584 :

2359 4602 2438 4653 sic
2465 4598 2605 4653 enim
2635 4614 2699 4652 ex
2731 4600 2981 4668 periculis
3004 4602 3210 4657 liberati
3236 4603 3481 4669 fuissent.
3506 4612 3585 4665 sic
3614 4613 3812 4668 bellutn
3841 4622 3955 4673 sol-

2359 4695 2585 4746 vissent.
2618 4691 2672 4744 Si
2696 4693 2839 4745 enim
2870 4695 3128 4751 militibus
3151 4699 3429 4766 pecuniam
3462 4701 3726 4759 dederunt
3753 4706 3962 4776 Judrei,

2362 4795 2417 4837 ut
2445 4784 2869 4854 dicerent,ipsos
2907 4803 3101 4857 corpus
3144 4788 3285 4842 lurto
3328 4795 3643 4859 sustulisse;
3688 4798 3732 4850 si
3776 4809 3961 4855 trans-

2360 4885 2553 4929 ειηιιρε
2592 4874 2834 4943 discipuli
2864 4878 3163 4943 dixissent,
3201 4880 3374 4948 Ipsum
3405 4880 3559 4935 furati
3586 4900 3768 4939 sumus
3789 4927 3806 4949 ,
3857 4906 3964 4944 nec

2364 4966 2691 5020 resurrexit:
2721 4979 2919 5033 quanto
2944 4984 3047 5023 non
3074 4970 3249 5023 alfccti
3293 4969 3517 5025 fuissent
3548 4972 3791 5028 honore?
3822 4977 3964 5046 Ipsis

2362 5062 2537 5127 itaque
2566 5058 2758 5113 licebat
2789 5060 3040 5114 honorari
3073 5070 3126 5115 et
3151 5064 3420 5116 coronari.
3452 5062 3558 5119 Cur
3596 5081 3722 5136 ergo
3752 5084 3962 5126 contu-

2360 5149 2535 5202 meliis
2560 5148 2698 5203 afﬁci
2729 5160 2782 5204 et
2808 5152 3095 5220 periclitari
3121 5154 3445 5218 maluerunt,
3471 5156 3571 5209 nisi
3594 5156 3771 5213 divina
3798 5178 3965 5231 qutu-

2359 5240 2479 5294 datn
2501 5243 2667 5294 virtus
2691 5241 2879 5295 fuisset
2904 5243 2987 5295 his
3008 5242 3256 5296 omnibus
3277 5246 3563 5312 potentior,
3597 5263 3715 5318 qua
3735 5250 3787 5305 id
3820 5255 3963 5323 ipsis

2357 5332 2645 5386 suaderet?
2666 5332 2759 5387 Sin
2778 5343 2955 5387 autem
2980 5332 3216 5385 nondum
3240 5335 3640 5403 persuademus,
3661 5341 3788 5396 illud
3814 5360 3960 5413 quo-

2358 5437 2462 5491 que
2491 5424 2664 5491 cogita
2700 5438 2712 5476 :
2742 5423 2786 5476 si
2816 5425 2917 5477 hoc
2942 5440 3047 5475 non
3079 5434 3253 5489 esset,
3282 5426 3489 5482 etiamsi
3536 5431 3691 5485 valde
3737 5448 3961 5505 prtupa-

2358 5514 2457 5566 rati
2506 5512 2730 5567 luissent
2750 5555 2764 5578 ,
2796 5528 2900 5566 non
2953 5513 3349 5581 prmdicandum
3378 5519 3527 5574 illum
3557 5524 3967 5592 suscepissent,

2359 5604 2452 5657 sed
2480 5606 2709 5659 aversati
2759 5605 2906 5658 illum
2942 5604 3187 5659 fuissent.
3214 5608 3375 5665 Scitis
3404 5614 3547 5666 enim
3578 5628 3677 5666 nos
3726 5628 3796 5668 ne
3848 5634 3960 5672 no-

2357 5695 2500 5749 mina
2541 5696 2755 5764 quidem
2787 5711 2971 5749 eorum
2998 5738 3010 5759 ,
3036 5699 3124 5767 qui
3154 5716 3249 5753 nos
3281 5702 3349 5756 ita
3382 5703 3725 5774 deceperint,
3756 5710 3957 5765 audire

2362 5788 2516 5845 velle.
2548 5791 2653 5846 Cur
2684 5802 2860 5847 autem
2894 5805 3086 5847 nomen
3117 5793 3232 5864 ejus
3266 5795 3657 5865 praedicarunt?
3701 5814 3767 5854 an
3797 5806 3953 5873 quod
