4096 6326
112 324 187 378 ιδ
1234 312 1297 367 IN
1337 310 1593 367 arrsm
1643 310 1737 367 AD
1772 308 1927 369 con.
1959 309 2274 370 nomn.
3332 315 3399 372 to

113 442 507 509 exspectarent
551 447 614 487 se
656 449 751 503 per
791 431 941 488 illum
983 437 1325 499 sirperaturos
1362 428 1521 481 esse?
1552 428 1715 487 Atqui

118 528 460 585 Contrarium
488 527 907 597 exspectandum
934 530 1069 591 erat,
1096 520 1455 591 quia,etiamsi
1500 534 1720 586 supera-

122 622 231 673 turi
281 628 468 674 essent
491 658 506 681 ,
541 618 826 687 periisserrt
852 613 1152 683 deceptoris
1177 627 1371 665 nomerr
1406 611 1457 663 in
1487 609 1718 663 medium

115 711 441 765 afferentes.
487 709 581 765 Sin
611 716 788 761 autem
819 705 1065 759 volebant
1087 703 1264 772 priora
1294 702 1566 755 occultare
1590 737 1605 763 ,
1640 706 1720 751 ta-

116 817 257 857 cere
303 801 590 871 oportebat
618 815 631 851 :
663 814 785 853 nam
830 784 1119 851 decertare.
1144 794 1314 862 magis
1343 792 1629 845 excitasset
1667 797 1722 843 et

118 896 339 949 bellum
365 904 423 949 ct
452 895 639 948 risum.
672 890 826 946 Unde
852 902 983 957 ergo
1016 886 1162 939 venit
1192 885 1297 938 illis
1323 884 1375 937 in
1404 890 1638 935 mentem
1668 888 1723 932 nt

122 988 249 1041 haec
283 982 695 1054 confingerent?
724 997 847 1037 nam
878 981 965 1035 illa
1010 995 1127 1047 quze
1165 976 1264 1047 ipsi
1295 972 1592 1035 audierant,
1624 988 1727 1026 ex.

119 1063 403 1133 siderant.
454 1075 609 1144 Quod
658 1074 705 1129 si
741 1088 861 1128 cum
907 1070 1087 1126 mrllus
1130 1074 1277 1123 esset
1314 1066 1495 1128 timor,
1525 1063 1722 1116 mullo-

121 1186 251 1225 rum
276 1168 756 1230 obliviscebantur,
784 1172 841 1219 et
871 1161 1112 1232 quaedam
1166 1173 1269 1211 non
1318 1153 1682 1224 intelligebant
1704 1192 1721 1218 ,

121 1264 205 1317 ait
259 1260 638 1329 evangelista,
683 1268 833 1311 tanto
893 1254 1204 1308 imminente
1269 1247 1545 1318 periculo,
1595 1260 1728 1314 quo-

126 1355 301 1410 modo
351 1369 461 1408 non
495 1352 672 1407 omnia
702 1350 771 1404 ab
813 1349 918 1402 illis
962 1341 1407 1399 evolassenHEt
1431 1341 1557 1411 quid
1606 1339 1727 1394 dico

125 1445 326 1508 verba,
358 1459 485 1500 cum
515 1443 749 1498 futurum
796 1445 961 1497 esset,
994 1442 1051 1485 ut
1101 1430 1341 1500 magistri
1383 1444 1540 1484 amor
1583 1438 1726 1481 metu

128 1538 450 1592 futurorum
481 1533 678 1587 sensim
700 1523 1087 1583 marcesceret?
1115 1521 1259 1589 quod
1294 1521 1454 1575 etiam
1483 1519 1611 1587 ipsis
1630 1533 1728 1570 ex-

126 1627 447 1696 probravit.
478 1622 610 1677 Nam
637 1635 765 1675 cum
793 1625 949 1671 antea
976 1614 1189 1683 quidem
1215 1612 1282 1664 ab
1312 1610 1405 1664 illo
1438 1608 1729 1678 pendentes

131 1718 461 1787 frequenter
511 1715 921 1780 interrogarent,
950 1706 1069 1772 Quo
1097 1702 1283 1757 vadis?
1314 1712 1495 1770 p03tea
1524 1706 1727 1763 autem,

124 1823 260 1863 cum
293 1807 488 1875 longos
511 1804 676 1858 texuit
691 1813 994 1863 sermones,
1020 1796 1158 1851 mala
1179 1806 1436 1849 enarrans
1462 1806 1579 1860 qua:
1599 1796 1731 1843 tern-

130 1913 273 1967 pore
302 1897 485 1951 crucis
505 1895 650 1961 ipsos
667 1894 914 1946 invasam
939 1895 1115 1951 erant,
1137 1884 1435 1953 deindeque
1462 1890 1606 1936 metu
1632 1879 1731 1933 de-

127 1990 226 2042 Ιίιί
255 2002 386 2041 cum
413 1985 622 2037 hiantes
647 1983 721 2036 illi
748 1986 1047 2040 nranercnt,
1077 1976 1201 2030 audi
1229 1973 1496 2043 quomodo
1522 1974 1603 2027 eis
1631 1971 1735 2025 lroc

128 2078 384 2145 proferat
414 2073 600 2128 dicens
632 2091 646 2125 ε
683 2069 851 2123 Nemo
876 2084 939 2122 ea:
976 2066 1116 2120 robis
1145 2067 1422 2133 interrogat
1454 2079 1565 2127 me,
1623 2063 1736 2129 Quo

125 2167 426 2223 vadisised
448 2166 566 2235 quia
593 2164 698 2217 hac
724 2164 959 2231 loquutus
986 2172 1098 2213 sunt
1116 2157 1273 2221 vobis,
1294 2157 1495 2211 tristitia
1510 2154 1734 2222 implevit

127 2275 221 2313 cor
249 2269 477 2312 uestrum
495 2254 676 2325 (Joan.
695 2252 781 2307 16.
804 2253 858 2307 5.
876 2250 1022 2321 6).Si
1047 2264 1178 2319 ergo
1198 2256 1567 2314 exspectantes
1586 2245 1733 2297 illum

129 2349 461 2403 moriturum
478 2355 533 2400 et
548 2351 969 2399 resurrecturum
981 2354 1119 2401 esse,
1140 2339 1207 2391 ita
1222 2336 1491 2398 dolebant;
1507 2334 1549 2387 si
1565 2347 1737 2415 resur-

126 2450 353 2510 gentem
383 2438 535 2492 illum
558 2448 662 2489 non
688 2434 965 2497 vidissent,
995 2428 1264 2500 quomodo
1291 2444 1397 2481 non
1430 2425 1731 2497 periissent,

128 2530 271 2585 etin
302 2532 478 2599 ipsam
525 2538 721 2583 terram
753 2524 945 2579 sull‘odi
975 2539 1079 2577 non
1117 2520 1485 2583 studuissent,
1521 2526 1629 2570 tum
1669 2530 1732 2570 ex

128 2634 381 2677 snmmre
423 2618 643 2685 fraudis,
678 2628 790 2673 tum
827 2632 892 2671 ex
920 2618 1113 2671 timore
1160 2613 1456 2667 futurorum
1489 2610 1738 2664 obsessi?

204 2712 263 2766 5.
294 2709 454 2766 Unde
470 2718 648 2762 autem
666 2716 720 2761 et
739 2706 985 2759 sublimia
1008 2705 1115 2758 illis
1130 2704 1409 2772 dogmata?
1426 2700 1736 2754 sublimiora

131 2802 284 2857 enim
307 2801 458 2869 ipsos
480 2807 661 2867 postea
686 2796 963 2850 audituros
982 2808 1105 2849 esse
1127 2793 1289 2847 dixit:
1310 2806 1434 2844 nam
1454 2790 1637 2854 Multa,
1659 2789 1738 2841 in-

132 2892 275 2964 quit,
293 2893 457 2945 Irabeo
471 2891 605 2945 vobis
615 2890 800 2955 dicere,
817 2888 906 2943 sed
917 2904 1016 2941 nou
1032 2888 1233 2956 potestis
1249 2896 1451 2956 portare
1466 2883 1613 2936 modo
1628 2880 1732 2953 (Ib.

134 3004 180 3041 ιν.
197 2987 316 3056 12).
334 2986 427 3038 Illa
440 2983 603 3053 igitur
616 3000 686 3053 qu
704 3001 732 3035 e
751 2998 855 3036 non
876 2981 1212 3047 dicebantur,
1234 2978 1542 3033 sublimiora
1561 2985 1734 3031 erant.

135 3078 295 3133 linus
343 3087 526 3129 autem
568 3089 635 3127 cx
664 3072 945 3141 discipulis
991 3086 1089 3123 nec
1131 3070 1185 3124 itr
1227 3068 1463 3123 Judzeam
1495 3083 1615 3121 cum
1644 3066 1737 3120 illo

134 3169 293 3223 abire
322 3166 535 3219 volebat
562 3206 579 3231 ,
625 3174 902 3233 postquam
934 3161 1169 3231 pericula
1191 3158 1391 3212 audivit
1416 3174 1432 3221 ;
1460 3158 1556 3212 sed
1586 3157 1735 3211 dice-

138 3261 250 3322 bat,
287 3257 541 3309 Abeamus
569 3264 618 3307 et
642 3271 764 3319 nos,
806 3262 860 3307 ut
904 3251 1181 3304 moriamur
1221 3266 1337 3302 cum
1382 3248 1474 3302 illo
1500 3245 1610 3318 (Id.
1644 3247 1734 3301 H.

139 3352 289 3420 16);
340 3362 488 3416 azgre
526 3344 704 3399 ferens
743 3344 885 3413 quod
928 3357 988 3397 se
1026 3340 1346 3394 moriturum
1378 3345 1735 3409 exspectaret.

138 3441 299 3507 Quod
329 3438 379 3493 si
409 3453 532 3494 cum
563 3437 658 3492 illo
683 3446 907 3491 versans
928 3449 987 3489 se
1010 3432 1327 3487 moriturum
1355 3429 1734 3501 exapectabat,

141 3534 382 3604 idenqne
426 3530 754 3600 refugiebat;
795 3529 996 3598 absque
1037 3542 1104 3582 eo
1142 3537 1196 3582 et
1221 3529 1437 3580 caeteris
1461 3522 1736 3594 discipulis

142 3629 272 3697 quid
321 3642 431 3681 non
472 3636 598 3680 tunc
637 3640 697 3679 se
753 3637 1030 3693 passunun
1069 3620 1468 3690 exspectasset?
1512 3619 1578 3674 Et
1624 3633 1740 3672 ma-

142 3736 309 3791 gnum
369 3720 474 3773 boc
529 3716 715 3772 fuisset
768 3713 1111 3784 inrpudentim
1162 3722 1555 3782 argumentum.
1602 3710 1739 3778 Quir

142 3826 275 3882 ergo
330 3809 496 3863 etiam
558 3806 843 3861 dicendum
898 3804 1167 3859 habebant
1226 3802 1539 3858 exeuntes?
1606 3803 1740 3858 Nam

146 3903 459 3970 passionem
514 3897 729 3968 quidem
800 3894 1001 3949 sciebat
1062 3894 1345 3948 universus
1414 3892 1561 3947 orbis
1617 3908 1631 3944 :
1688 3893 1738 3945 iu

142 3995 257 4048 alto
298 3992 504 4063 quippe
556 3989 793 4060 patibulo
837 4002 1131 4055 suspensus
1176 3988 1364 4050 fuerat,
1398 3984 1449 4038 in
1494 3984 1737 4047 meridie,

146 4086 198 4137 in
257 4080 546 4149 metropoli
574 4063 681 4143 ,ἐι
724 4080 777 4132 in
820 4076 1191 4131 maximo‘die
1250 4075 1407 4140 festo,
1457 4084 1511 4129 et
1559 4089 1585 4127 a
1636 4090 1741 4142 quo

148 4172 393 4225 maxime
422 4184 527 4223 non
568 4169 763 4222 licebat
800 4167 1104 4234 quempiam
1127 4168 1318 4220 abesse
1348 4184 1361 4220 :
1391 4168 1740 4219 resurrectio-

148 4278 272 4316 nem
296 4275 432 4315 vero
454 4259 632 4312 nullus
657 4256 860 4309 sciebat
880 4254 1203 4317 eiterorunr,
1229 4255 1368 4322 quod
1392 4270 1497 4308 non
1522 4270 1739 4322 parvum

147 4356 258 4412 illis
281 4364 407 4409 erat
423 4350 888 4420 impedimentum,
912 4356 1053 4400 utne
1076 4347 1477 4415 persuaderent.
1505 4347 1574 4398 Et
1600 4345 1740 4414 quod

143 4454 297 4501 esset
322 4443 581 4514 sepultus
617 4439 854 4495 omnium
892 4452 1110 4494 rumore
1152 4436 1455 4499 ferebatur;
1496 4437 1743 4505 quodque

147 4536 407 4605 discipuli
452 4541 649 4603 corpus
689 4530 847 4587 furati
888 4538 1088 4593 essent,
1142 4528 1337 4582 milites
1384 4541 1504 4581 cum
1542 4526 1742 4583 Julia-is

147 4631 408 4686 omnibus
434 4628 686 4682 dicebant
712 4638 727 4680 :
760 4624 901 4695 quod
942 4632 1120 4677 autem
1151 4622 1563 4684 resurrexisset,
1596 4631 1744 4677 exte-

150 4737 336 4777 rornm
387 4726 551 4771 nemo
580 4716 801 4772 sciebat.
833 4714 1109 4769 Undenam
1150 4712 1568 4781 exspectabant,
1595 4728 1660 4767 se
1686 4714 1741 4767 id

150 4813 244 4865 toti
272 4809 400 4863 orbi
431 4821 781 4884 persuasuros
805 4803 960 4859 esse?
989 4803 1047 4858 Si
1076 4803 1217 4857 enim
1251 4814 1365 4871 post
1409 4803 1549 4857 edita
1577 4805 1743 4859 mira-

148 4901 272 4954 cula
299 4898 547 4967 persuasi
569 4896 781 4951 fuerunt
799 4894 1015 4960 milites,
1033 4903 1093 4948 ut
1112 4896 1378 4948 contraria
1400 4904 1741 4958 testarentur,

152 4988 425 5040 undenarn
472 4992 792 5054 sperassent
834 4983 883 5037 hi
930 4998 991 5039 se
1032 4983 1454 5037 sinemiroculis
1484 4983 1743 5050 pradica-

154 5088 303 5131 turos
333 5091 481 5137 esse.
510 5090 575 5130 nc
601 5092 671 5132 ne
698 5076 915 5131 obolum
945 5075 1162 5143 quidem
1193 5076 1476 5140 habentes,
1507 5085 1663 5128 terra:
1682 5084 1745 5130 et

154 5168 285 5221 arari
319 5165 396 5219 de
447 5168 847 5221 resurrectione
896 5179 1250 5233 persuasuros
1291 5164 1455 5218 esse?
1495 5163 1649 5230 Quod
1699 5163 1743 5216 si

153 5272 219 5311 ex
268 5254 465 5324 gloria:
509 5266 697 5311 amore
724 5255 826 5310 hoc
850 5254 1108 5309 fecissent
1131 5294 1147 5319 ,
1186 5253 1357 5307 multo
1387 5254 1553 5321 magis
1579 5269 1745 5307 unus-

155 5351 385 5419 quisque
411 5344 606 5415 dogma
635 5346 735 5399 sibi
765 5346 1112 5405 attribuisset,
1156 5359 1261 5398 non
1287 5345 1336 5397 ei
1366 5345 1454 5412 qui
1489 5344 1745 5401 decesse-

159 5453 257 5494 rat.
301 5444 378 5493 At
431 5450 537 5490 non
579 5435 936 5493 credidissent
975 5435 1079 5489 iliis
1114 5433 1396 5489 homines?
1424 5432 1584 5489 Etde
1604 5451 1746 5505 quo-

157 5546 277 5583 nam
324 5528 499 5598 magis
551 5524 908 5581 credidissent
959 5523 1280 5580 audientes?
1314 5522 1385 5577 de
1433 5524 1596 5578 ilione
1653 5528 1744 5596 qui

158 5619 585 5687 ρίιηιρι-υιιοιιειιε
632 5624 686 5670 et
729 5617 1018 5669 crucilixus
1066 5615 1258 5679 fuerat,
1314 5629 1380 5667 an
1409 5613 1476 5669 de
1507 5615 1612 5669 illis
1656 5618 1747 5688 qui

160 5713 472 5769 iud-corum
523 5726 717 5768 manus
762 5706 1093 5779 effugerant?
1144 5710 1253 5764 tier
1304 5715 1502 5777 autem,
1536 5728 1743 5782 qut-so,

1829 426 1929 481 hoc
1968 430 2159 482 facturi
2198 428 2391 483 erant?
2444 444 2551 484 non
2596 432 2775 486 statim
2804 431 3043 488 Iudaeam
3071 431 3405 489 dimittentcs

1826 532 2089 575 venerunt
2106 523 2155 574 in
2174 532 2423 576 externas
2439 523 2705 587 civitates,
2730 525 2823 579 sed
2845 526 2987 580 intus
3015 527 3405 582 versabantur?

1828 612 2106 680 Quomodo
2154 622 2331 668 autem
2380 615 2793 684 persuasissent,
2849 617 2952 670 nisi
2996 617 3155 686 signa
3201 616 3407 673 edidis-

1827 705 1991 758 sent?
2037 703 2092 759 Si
2125 704 2393 761 faciebant
2421 706 2659 776 quidem,
2691 716 2747 761 et
2773 708 2956 775 utique
2986 707 3269 773 faciebam,
3308 710 3403 764 Da-i

1828 798 2005 852 virtus
2028 809 2141 854 erat
2174 800 2224 853 id
2270 799 2411 870 quod
2436 800 2631 854 (iebat:
2660 800 2706 853 si
2742 813 2922 854 autem
2970 814 3075 853 non
3116 800 3408 868 faciebant,

1829 900 1883 946 et
1907 899 2080 945 tamen
2112 890 2414 956 vincebant,
2461 892 2618 960 longe
2648 891 2943 946 mirabilius
2967 899 3087 945 erat
3110 890 3263 944 illud.
3296 892 3408 945 An-

1830 995 1937 1035 non
1960 979 2173 1035 Judzcos
2200 992 2479 1047 noverant,
2527 996 2711 1051 qmrso
2742 993 2815 1045 te,
2859 993 2913 1035 et
2951 982 3142 1035 nralarn
3168 982 3407 1050 ipsorum

1832 1080 2086 1135 mentem,
2116 1072 2419 1141 invidiaque
2450 1073 2662 1141 plenum
2687 1071 2965 1126 animum?
3000 1071 3215 1127 Etenim
3256 1072 3405 1143 Moy-

1832 1178 1925 1217 sen
1961 1162 2281 1231 lapidarnnt;
2312 1174 2593 1235 postquam
2626 1180 2774 1218 mare
2800 1164 3020 1231 pedibus
3044 1164 3406 1231 transierant,

1834 1263 1953 1323 post
1980 1255 2254 1308 victoriam
2283 1265 2337 1310 et
2366 1264 2625 1325 tropaeum
2654 1254 2778 1308 illud
2814 1254 3077 1319 mirabile,
3107 1254 3250 1323 quod
3278 1255 3402 1309 alas-

1833 1360 1937 1414 que
1967 1346 2225 1414 sanguine
2242 1356 2335 1415 per
2364 1360 2553 1401 manus
2568 1345 2683 1415 ejus
2706 1353 2997 1400 erexerunt
3020 1344 3091 1400 de
3121 1338 3412 1414 Egyptiis.

1832 1436 1922 1506 qui
1953 1435 2073 1490 illos
2100 1436 2150 1489 in
2179 1438 2491 1490 servitutem
2526 1435 2867 1505 redegerant,
2900 1442 3020 1503 post
3050 1449 3267 1499 manna,
3289 1445 3413 1503 post

1835 1534 2013 1593 petras
2043 1535 2096 1579 et
2123 1525 2405 1580 ﬂuviorum
2432 1524 2608 1580 fontes
2637 1525 2761 1580 inde
2785 1534 3086 1589 manantes,
3122 1534 3241 1593 post
3268 1525 3416 1582 mille

1835 1614 2088 1668 miracula
2120 1616 2170 1668 in
2194 1615 2450 1687 AELgypto,
2474 1616 2526 1669 in
2552 1616 2685 1669 nrari
2719 1614 2921 1677 Rubro,
2948 1614 3000 1668 in
3030 1614 3245 1669 deserto
3273 1632 3286 1667 :
3321 1614 3416 1669 Je-

1836 1704 2057 1757 renriam
2103 1705 2154 1756 in
2195 1704 2367 1757 lacum
2414 1706 2738 1773 injecerunt,
2783 1715 2837 1760 et
2885 1705 3083 1760 multos
3127 1705 3417 1775 prophetas

1837 1794 2239 1849 interfecerunt.
2292 1795 2427 1849 Audi
2478 1795 2603 1864 quid
2654 1796 2799 1850 dicat
2847 1796 3025 1850 llelins
3057 1807 3178 1866 post
3221 1796 3416 1851 famem

1840 1886 1983 1942 illam
2029 1888 2344 1951 terribilem,
2397 1896 2451 1941 et
2497 1887 2797 1941 mirabilem
2829 1888 3085 1956 pluviam,
3130 1898 3183 1941 et
3214 1888 3420 1956 lampao

1839 1981 1959 2033 dem
1988 1981 2153 2044 illam,
2190 1996 2345 2049 quam
2369 1982 2435 2035 dc
2454 1981 2599 2035 melis
2624 1979 2954 2035 descendere
2974 1980 3198 2046 curavit,
3223 1988 3278 2033 et
3302 1990 3420 2034 stu-

1843 2073 2072 2140 pendum
2096 2072 2222 2126 illud
2245 2072 2645 2136 holocaustum;
2678 2071 2861 2142 procul
2887 2073 2954 2127 ab
2983 2087 3168 2125 eorum
3195 2072 3417 2140 regione

1840 2165 2044 2229 ejectus
2084 2180 2097 2215 :
2130 2162 2363 2226 Domine,
2394 2163 2665 2231 praplrstas
2714 2171 2826 2216 tuos
2871 2162 3188 2226 occiderunt,
3236 2162 3422 2215 altaria

1841 2263 1927 2304 tua
1968 2252 2272 2314 diruerant;
2314 2262 2360 2303 et
2404 2268 2494 2321 ego
2532 2252 2738 2305 relirtus
2776 2268 2887 2306 sum
2925 2250 3084 2316 solus,
3115 2261 3163 2304 et
3192 2261 3424 2320 qua-runt

1839 2342 2061 2393 animant
2087 2357 2247 2393 meant
2267 2342 2344 2409 (5.
2370 2340 2495 2409 Reg.
2515 2342 2602 2395 19.
2632 2339 2739 2412 l0).
2773 2340 2930 2410 Atqui
2960 2340 2992 2393 ii
3024 2342 3167 2410 leges
3186 2355 3291 2394 non
3318 2340 3422 2393 itu-

1842 2434 2135 2489 mutabant.
2160 2433 2313 2489 Unde
2342 2449 2489 2504 ergo,
2515 2449 2721 2504 quaeso,
2751 2433 2834 2488 Iris
2852 2432 3063 2487 animus
3089 2431 3424 2487 adhibendus

1841 2527 2001 2581 erat?
2048 2540 2171 2579 nam
2206 2527 2445 2579 omnium
2484 2527 2728 2580 vilissimi
2774 2535 2964 2590 erant;
3007 2535 3166 2595 atque
3195 2541 3259 2578 ea
3306 2526 3419 2593 ipsa

1843 2617 2189 2681 innovabant,
2219 2616 2290 2670 ob
2317 2631 2437 2685 quze
2464 2616 2777 2685 Magistrum
2808 2616 2979 2670 Judaai
3010 2617 3416 2671 crucifixerant.

1842 2709 2087 2778 Alioquin
2120 2723 2248 2762 vero
2287 2723 2393 2761 non
2440 2716 2547 2760 tam
2584 2722 2746 2778 grave
2781 2707 3064 2761 videbatur
3088 2722 3232 2771 esse,
3276 2708 3420 2776 quod

1840 2800 2086 2854 Christus
2125 2809 2179 2854 et
2227 2800 2302 2854 illi
2347 2799 2534 2855 eadem
2575 2800 2841 2854 dicereut.
2872 2797 3004 2853 Nam
3029 2798 3177 2853 illum
3204 2799 3421 2869 quidem

1842 2888 1979 2942 forte
1999 2889 2250 2956 putabant
2277 2890 2396 2942 ideo
2418 2889 2467 2941 id
2496 2889 2705 2952 fecisse,
2724 2900 2789 2943 ut
2808 2891 2908 2947 sibi
2927 2890 3148 2959 gloriam
3178 2900 3424 2959 pareret;

1843 2979 1962 3035 illos
1986 2990 2165 3033 autem
2196 2980 2357 3049 etiam
2390 2980 2558 3047 magis
2587 2978 2857 3041 odissent,
2898 2996 3019 3033 cum
3045 2995 3139 3048 pro
3166 2980 3271 3033 alio
3292 2996 3423 3034 con-

1846 3081 1923 3125 tra
1952 3086 2011 3125 se
2039 3070 2235 3123 bellum
2258 3080 2526 3137 gererent.
2559 3068 2663 3123 Sed
2689 3083 2847 3137 apem
2881 3068 2983 3122 illis
3010 3068 3252 3122 ferebant
3274 3072 3419 3141 leges

1842 3163 2202 3218 Romanorum
2225 3163 2247 3213 Ἰ
2273 3162 2381 3214 Ιιιιο
2408 3163 2476 3214 ab
2503 3161 2609 3215 illis
2636 3162 2803 3230 magis
2838 3161 3263 3230 impediebantur
3292 3180 3306 3216 :
3334 3163 3420 3217 di-

1841 3256 2033 3310 cebant
2054 3253 2218 3317 enim,
2253 3251 2453 3315 Omnis,
2483 3253 2570 3317 qui
2598 3268 2653 3303 se
2674 3252 2839 3320 ipsum
2863 3269 3029 3322 regem
3050 3254 3192 3321 facit,
3224 3271 3325 3309 non
3349 3266 3423 3309 est

1840 3348 2035 3400 anticus
2056 3344 2269 3398 Cursaris
2299 3343 2477 3409 (Ioan.
2512 3341 2594 3396 l9.
2624 3340 2738 3413 12).
2766 3342 3102 3412 Quapropter
3127 3344 3229 3397 lroc
3248 3346 3422 3399 solum

1843 3439 2101 3509 impedire
2124 3444 2353 3506 priterat,
2379 3436 2631 3503 quoniam
2658 3434 2798 3503 ejus,
2824 3436 2919 3506 qui
2949 3446 3206 3507 tyrannus
3230 3438 3419 3491 existi-

1844 3541 2017 3583 nratns
2058 3527 2245 3593 fuerat,
2289 3526 2537 3597 discipuli
2584 3536 2768 3591 erant,
2798 3535 2855 3581 et
2898 3541 2987 3582 res
3018 3527 3137 3597 ejus
3169 3530 3425 3585 voleliant

1846 3620 2080 3674 ﬁrmare.
2129 3618 2266 3684 Quid
2298 3632 2429 3687 ergo
2453 3616 2668 3671 tandem
2700 3615 2819 3672 illos
2848 3618 3020 3673 erexit
3043 3621 3248 3684 animo,
3284 3630 3348 3674 ut
3372 3622 3428 3678 iu

1845 3721 1989 3767 tanta
2020 3711 2253 3781 pericula
2284 3710 2618 3764 inciderent?
2648 3710 2773 3780 quid
2801 3720 2979 3765 autem
3003 3711 3076 3766 de
3104 3713 3195 3766 illo
3237 3713 3422 3769 dicen-

1842 3812 1946 3869 tes,
1986 3802 2305 3857 videbantur
2357 3801 2461 3855 fide
2499 3800 2682 3870 digni?
2724 3802 2866 3871 quod
2910 3802 3198 3859 cruciﬁxus
3234 3806 3431 3858 esset?

1846 3893 1985 3963 quod
2014 3908 2078 3948 ex
2109 3893 2331 3946 muliere
2356 3906 2589 3961 paupere
2610 3892 2793 3946 Juda-a
2817 3902 2971 3946 natus
2996 3905 3161 3961 esset,
3189 3912 3308 3965 qua:
3332 3897 3429 3951 de-

1846 3993 2095 4053 Sponsata
2135 3982 2310 4036 fuerat
2352 3982 2541 4036 Judreo
2590 3982 2783 4038 fabro?
2818 3985 2959 4052 quod
2984 4000 3051 4040 ex
3094 3998 3250 4056 gente
3283 3999 3428 4043 esset

1845 4076 1961 4130 orbi
1990 4075 2215 4128 odiosa?
2247 4075 2443 4128 Verum
2485 4074 2600 4128 hac
2627 4075 2805 4129 omnia
2840 4092 2946 4129 non
2978 4078 3138 4132 modo
3164 4094 3273 4133 non
3300 4089 3428 4147 apta

1840 4175 1999 4219 erant
2027 4165 2091 4217 ad
2120 4166 2523 4233 persuadcnrlos
2558 4177 2609 4220 et
2649 4169 2963 4223 alliciendos
3007 4171 3301 4236 auditores,
3331 4173 3426 4225 sed

1845 4256 1911 4310 ad
1951 4267 2138 4309 omnes
2185 4255 2466 4307 adversum
2515 4257 2867 4311 concitandos
2905 4258 3136 4323 idonea;
3192 4262 3424 4318 maxime

1846 4354 2022 4399 autem
2053 4360 2081 4398 a
2120 4345 2473 4399 tentoriorum
2513 4346 2720 4400 artiﬁce
2771 4355 2827 4400 et
2872 4361 2900 4398 a
2952 4348 3219 4410 piscatore
3258 4352 3423 4410 dicta.

1847 4439 2040 4491 Annon
2088 4434 2203 4491 hanc
2242 4437 2420 4489 omnia
2464 4435 2516 4489 in
2562 4446 2793 4490 mentem
2828 4450 3087 4493 venerunt
3115 4440 3430 4514 discipulis?

1849 4544 1972 4583 nam
2001 4527 2199 4581 timidae
2230 4537 2433 4581 natura!
2464 4527 2614 4595 plura
2641 4542 2799 4593 quam
2826 4528 2935 4582 sint
2963 4543 3187 4600 possunt
3216 4538 3427 4591 couﬁu-

1843 4635 1977 4690 gere
2008 4637 2021 4672 :
2056 4618 2189 4672 tales
2213 4627 2364 4669 emnt
2393 4617 2605 4669 illorum
2636 4628 2860 4674 natum.
2905 4620 3180 4678 Undeuam
3209 4640 3339 4696 ergo
3373 4645 3433 4684 so

1850 4720 1996 4765 recte
2007 4719 2228 4762 acturos
2250 4707 2566 4775 sperarunt?
2592 4706 2705 4763 lnro
2725 4725 2829 4765 non
2853 4712 3319 4783 sperassent,ch
3351 4719 3433 4773 in-

1850 4811 2068 4854 numera
2090 4806 2410 4867 essentquze
2436 4798 2556 4855 illos
2584 4800 2937 4871 abducerent,
2968 4806 3067 4860 nisi
3091 4811 3427 4867 resurrexis-
3468 4808 3475 4875 ζ

1846 4900 1931 4943 set
1947 4888 2212 4944 Christus.

1921 4981 1975 5038 6.
2016 4982 2207 5036 Annon
2256 4984 2431 5052 palam
2478 4991 2562 5039 est
2610 4985 2693 5039 vel
2738 4985 3089 5052 stultissimis,
3143 4990 3281 5056 quod
3326 4994 3427 5048 nisi

1847 5072 2073 5128 uberem
2109 5082 2165 5127 et
2209 5088 2456 5142 magna-ru
2492 5076 2813 5143 consequuti
2858 5086 3042 5139 essent
3090 5082 3336 5149 gratiam,
3376 5094 3431 5139 et

1852 5164 2073 5234 pignora
2113 5164 2443 5232 accepissent
2494 5168 2921 5232 resurrectionis,
2968 5185 3072 5225 non
3114 5161 3275 5227 modo
3315 5176 3431 5233 lucc

1854 5271 1961 5309 non
2010 5269 2168 5323 agere
2195 5262 2249 5307 et
2270 5255 2569 5324 suscipere,
2596 5256 2695 5311 sed
2728 5272 2795 5313 ne
2820 5262 3061 5331 cogitare
3086 5267 3296 5334 quidem
3329 5284 3425 5337 po-

1843 5348 2081 5401 tuissent
2101 5343 2203 5400 ?'Si
2231 5346 2373 5400 enim
2402 5356 2485 5401 tot
2510 5347 2884 5417 impedimenta
2930 5364 3130 5420 essent,
3164 5370 3269 5411 non
3312 5358 3433 5414 dico

1848 5437 1918 5492 ad
1935 5446 2081 5492 recte
2100 5436 2393 5505 agendum,
2418 5438 2510 5493 sed
2539 5439 2606 5494 ad
2632 5443 3141 5511 consultandum,—ct
3165 5450 3426 5505 consulta-

1854 5538 1978 5584 nrnt
1999 5538 2054 5583 ct
2082 5530 2334 5597 praeclara
2361 5540 2619 5601 egerunt,
2651 5544 2705 5589 et
2729 5550 2855 5604 quae
2899 5539 3045 5591 omni
3088 5553 3187 5608 spe
3234 5542 3435 5610 majora

1856 5630 2009 5678 erant
2036 5619 2102 5673 ad
2128 5620 2377 5675 effectum
2410 5622 2753 5679 deduxerunt
2784 5644 2796 5681 :
2826 5628 3002 5681 cuivis
3030 5630 3205 5699 palam
3233 5642 3317 5686 est
3343 5649 3436 5688 eos

1861 5730 1965 5770 non
1998 5712 2231 5768 lrunraua
2253 5716 2468 5782 virtute,
2494 5716 2593 5772 scd
2616 5717 2791 5774 divina
2816 5721 2988 5791 gratia
3018 5723 3194 5779 omnia
3221 5722 3431 5781 iecisse
