4096 6326
629 302 695 358 Π
1345 302 1403 362 Β.
1444 303 1562 360 1οΑ
1571 303 1720 359 NNIS
1759 297 2226 357 CllllYSUSTOMI

2333 296 2592 384 RClllEi’.
2633 300 2894 357 CONSTA
2903 299 3170 360 NTINOP.
3839 308 3903 364 48

623 424 679 479 ιιι
709 422 795 478 bis
830 436 960 492 ergo
987 418 1328 476 sermonibus
1370 433 1470 473 nos
1516 421 1894 481 exerceamus,
1943 429 2048 466 non
2075 410 2214 481 apud

625 531 725 571 Ius
775 522 1008 578 tantum,
1060 509 1156 566 sed
1201 526 1322 565 cum
1366 508 1525 564 aliis:
1572 509 1651 562 sic
1691 505 1846 559 nobis
1876 503 2080 558 facilior
2113 504 2218 555 erit

622 615 942 660 ca-terorum
969 602 1224 659 inventio.
1247 600 1430 671 Neque
1447 600 1570 669 quia
1599 610 1758 651 manu
1785 605 1953 648 artem
1973 607 2214 658 exerces,

623 698 858 751 alienum
898 693 1001 749 hoc
1028 692 1261 747 studium
1287 706 1408 745 esse
1443 697 1618 759 putes.
1648 687 1778 741 Nam
1809 685 2002 740 Paulus
2045 691 2216 738 tento.

628 790 834 844 riornm
858 786 1034 858 opifex
1065 794 1219 850 erat;
1249 783 1344 837 sed
1393 792 1518 835 tunc
1561 793 1778 850 quoque
1816 783 1980 831 mutta
2028 774 2222 844 plenus

625 890 744 935 erat
770 880 962 948 gratia,
990 887 1153 946 atque
1203 875 1327 930 inde
1365 873 1545 929 omnia
1577 871 1914 941 loquebatur.
1967 865 2079 920 lmo
2122 881 2222 917 an-

629 982 681 1028 te
722 974 951 1043 gratiam
993 968 1062 1023 ad
1107 967 1271 1038 pedes
1299 964 1614 1022 Gamalielis
1655 972 1774 1016 erat
1807 969 1898 1014 :et
1945 958 2065 1012 ideo
2098 970 2220 1022 gra-

628 1067 760 1120 tiam
789 1061 1022 1132 accepit,
1053 1061 1176 1132 quia
1206 1070 1440 1116 mentem
1472 1057 1641 1128 gratia
1671 1055 1886 1123 dignam
1911 1050 2219 1114 exhibebat,

622 1171 676 1213 et
706 1167 896 1230 postea
933 1169 1120 1210 rursus
1141 1165 1313 1208 artem
1341 1151 1652 1208 exercebat.
1696 1147 1868 1203 Nemo
1899 1145 2056 1215 igitur
2085 1143 2216 1196 arti-

626 1247 716 1302 fex
761 1246 1064 1309 erubescat,
1118 1244 1213 1299 sed
1246 1243 1304 1307 ii,
1350 1242 1442 1313 qui
1486 1238 1688 1294 frustra
1716 1237 1934 1290 aluntur
1967 1243 2021 1289 et
2058 1233 2216 1288 otiosi

625 1346 769 1402 sunt,
802 1340 892 1408 qui
924 1337 1107 1392 multis
1138 1343 1362 1389 utuntur
1398 1331 1659 1386 ministris
1703 1338 1758 1383 et
1805 1326 2006 1398 ingenti
2050 1326 2218 1379 famu-

627 1430 734 1483 latu
768 1430 1038 1483 furantur.
1067 1425 1200 1482 Nam
1236 1440 1450 1495 semper
1486 1421 1818 1478 laborantem
1847 1421 1941 1486 ali,
1984 1417 2220 1488 philoso-

624 1520 766 1593 phia:
795 1537 966 1592 genus
987 1527 1072 1576 est
1103 1537 1118 1575 :
1149 1518 1340 1573 horum
1369 1517 1566 1572 anima:
1593 1515 1839 1584 puriores
1859 1520 2006 1575 sunt,
2028 1509 2220 1564 horum

622 1621 836 1668 mentes
866 1609 1156 1666 ﬁrmiores.
1185 1608 1318 1665 Nam
1347 1609 1436 1677 qui
1463 1608 1671 1660 otiosus
1710 1613 1814 1670 est,
1849 1600 2011 1656 multa
2043 1601 2220 1670 potius

622 1712 830 1759 temere
870 1701 1128 1772 loquitur,
1157 1709 1213 1756 et
1240 1699 1405 1755 multa
1445 1697 1641 1753 frustra
1686 1695 1819 1767 agit,
1867 1706 1931 1747 ac
1961 1690 2093 1747 nihil
2124 1706 2220 1760 per

624 1794 792 1850 totam
834 1793 978 1848 diem
1025 1799 1298 1863 operatur,
1346 1788 1518 1844 multo
1559 1787 1752 1858 plenus
1804 1795 2025 1853 torpore
2067 1799 2080 1836 :
2123 1781 2219 1850 qui

622 1894 803 1938 autem
833 1892 1113 1954 operatur,
1165 1882 1300 1936 nihil
1346 1879 1677 1950 superﬂuum
1706 1877 1818 1931 cito
1844 1872 2102 1945 percipiet
2126 1886 2223 1926 ne-

621 1990 730 2045 que
772 1974 826 2029 in
872 1968 1130 2044 operibus
1168 1986 1269 2027 nec
1317 1970 1369 2024 in
1415 1969 1594 2025 verbis
1638 1983 1738 2021 nec
1772 1966 1826 2020 in
1865 1973 2074 2030 mente;
2109 1969 2217 2016 tota

623 2066 766 2121 enim
795 2065 973 2119 anima
999 2078 1214 2132 semper
1242 2062 1535 2117 intenditur
1565 2059 1632 2114 ad
1667 2059 1830 2114 vitam
1871 2055 2217 2110 laboriosam.

624 2157 703 2212 Ne
728 2172 858 2226 ergo
878 2156 1239 2225 despiciamus
1261 2168 1358 2209 eos
1381 2153 1471 2224 qui
1500 2151 1684 2206 labore
1710 2163 1962 2203 manuum
1982 2146 2215 2209 aluntur,

624 2250 722 2306 sed
763 2251 940 2321 potius
972 2249 1092 2304 illos
1131 2246 1254 2302 ideo
1298 2246 1486 2300 beatos
1527 2241 1901 2314 prmdicemus.
1937 2237 2216 2308 Quaenam,

621 2354 828 2410 quzeso,
875 2347 960 2394 est
988 2337 1085 2392 tibi
1112 2337 1304 2408 gratia,
1331 2342 1702 2402 cunnnccepta
1740 2348 1769 2385 a
1799 2341 1951 2401 patre
1983 2326 2217 2383 Incredi-

623 2441 758 2498 tate,
804 2439 1067 2499 perpetuo
1110 2427 1245 2481 nihil
1278 2428 1428 2496 agis,
1483 2425 1578 2481 sed
1612 2425 1695 2478 illa
1726 2422 1909 2478 omnia
1937 2421 2074 2475 bona
2103 2421 2217 2473 fru-

623 2533 736 2578 stra
757 2521 1020 2576 insumis?
1042 2521 1123 2576 An
1150 2519 1328 2574 nescis
1358 2507 1462 2571 nim
1475 2532 1666 2573 omnes
1691 2515 1934 2570 eamdem
1955 2514 2218 2568 rationem

629 2614 938 2670 reddituros
959 2626 1059 2665 nos
1089 2625 1246 2677 esse;
1276 2610 1373 2664 sed
1392 2625 1488 2665 eos
1527 2609 1620 2681 qui
1641 2609 1728 2664 hic
1750 2608 1802 2662 iu
1831 2606 2020 2675 majori
2049 2605 2187 2658 liccn
2206 2631 2219 2642 -

623 2707 697 2760 tia
719 2715 772 2759 et
803 2719 981 2759 rerum
1009 2702 1163 2773 copia
1195 2704 1475 2762 vixerunt,
1506 2700 1756 2770 gravius;
1803 2712 1898 2753 eos
1921 2706 2100 2750 autem
2129 2696 2218 2765 qui

628 2796 685 2852 in
729 2795 1019 2857 laboribus,
1050 2795 1105 2848 in
1133 2800 1451 2862 paupertate
1481 2799 1538 2845 et
1567 2789 1822 2845 aerunmis
1851 2789 2014 2841 vitam
2043 2785 2210 2840 duxe-

2323 426 2382 465 re
2401 451 2416 472 .
2444 414 2626 468 mitius
2655 429 2775 470 esse
2806 417 3136 472 tractandos.
3171 416 3295 472 llarc
3331 403 3508 475 autem
3534 436 3597 475 ex
3621 419 3829 500 [Lazaro
3853 434 3900 475 et

2318 503 2482 558 divite
2510 506 2789 561 manifesta
2818 519 2962 562 sunt.
2996 509 3076 563 Tn
3106 523 3278 576 certe,
3308 514 3396 579 qui
3427 514 3493 567 ad
3522 513 3701 570 debita
3724 514 3898 569 ofﬁcia

2322 595 2562 648 otiouon
2607 612 2666 651 es
2710 613 2859 662 usus,
2900 600 3021 669 jure
3049 603 3350 668 accusaris;
3402 608 3602 674 pauper
3645 622 3775 660 vero
3819 609 3903 674 qui

2321 685 2586 755 reliquum
2615 690 2872 758 temporis
2896 692 2963 745 ad
2993 690 3172 747 debita
3201 693 3378 749 officia
3406 695 3671 763 adhibuit,
3700 699 3904 768 magnis

2320 777 2524 830 fruetur
2548 779 2782 833 coronis.

2391 869 2582 924 Contra
2606 873 2914 926 theatrorum
2939 877 3243 945 spectacula.
3268 907 3339 919 ——
3360 881 3429 934 At
3461 890 3514 933 tu
3544 881 3786 935 militiam
3815 881 3908 935 ob-

2321 960 2518 1024 tendis,
2559 970 2616 1016 et
2653 963 2795 1031 quod
2828 964 2912 1017 illa
2935 966 3241 1022 distinearis
3271 970 3510 1040 allegas?
3533 971 3637 1026 Sed
3667 973 3788 1025 talis
3819 989 3909 1026 cx-

2319 1052 2525 1104 cusalio
2553 1067 2657 1105 non
2690 1063 2772 1107 est
2797 1055 2988 1108 rationi
3017 1074 3274 1113 consona.
3312 1059 3443 1114 Nam
3488 1061 3770 1118 Cornelius
3796 1075 3910 1118 emt

2319 1143 2587 1206 centurio,
2639 1154 2693 1198 et
2743 1144 2952 1198 balteus
2979 1147 3102 1199 vita:
3124 1149 3422 1204 institutum
3463 1152 3591 1206 nihil
3630 1154 3789 1208 laesit.
3830 1153 3908 1208 Tu

2321 1247 2449 1286 vero
2492 1248 2614 1289 cum
2659 1236 3009 1291 saltatoribus
3035 1248 3088 1290 et
3119 1240 3298 1294 mimis
3324 1241 3422 1297 das
3443 1258 3689 1313 operam,
3734 1254 3791 1301 et
3829 1262 3908 1299 εο-

2321 1335 2433 1380 tmn
2467 1328 2591 1381 vita:
2627 1337 2837 1398 tempus
2867 1330 2918 1383 in
2946 1345 3108 1385 scr-na
3131 1334 3432 1400 consumis,
3458 1350 3563 1390 non
3594 1339 3678 1391 vel
3707 1339 3911 1391 militia

2322 1419 2702 1473 necessitatem
2775 1421 2859 1475 vel
2920 1432 3122 1479 metmu
3172 1425 3575 1495 magistratuum
3621 1427 3910 1494 obtendis;

2319 1510 2535 1580 quando
2562 1520 2744 1566 autem
2777 1522 2830 1568 te
2855 1514 2921 1568 ad
2952 1515 3238 1576 ecclesiam
3275 1533 3550 1582 vocamus,
3603 1530 3730 1574 tunc
3753 1522 3910 1576 innu-

2320 1619 2471 1658 mera
2499 1603 2660 1659 aﬂ‘ers
2692 1606 3092 1674 impedimenta.
3128 1608 3193 1662 Et
3232 1608 3360 1678 quid
3388 1610 3538 1665 dices
3567 1611 3619 1665 in
3663 1612 3750 1665 illa
3782 1612 3872 1666 die
3896 1656 3910 1678 ,

2319 1711 2442 1750 cum
2479 1696 2675 1751 videris
2698 1696 2967 1750 ﬂammam
2998 1708 3055 1753 et
3081 1700 3270 1754 fluuios
3295 1703 3480 1770 igneos
3504 1712 3559 1758 et
3587 1705 3800 1758 vincula
3832 1707 3913 1759 in-

2320 1786 2591 1848 solubilia,
2644 1795 2698 1840 et
2741 1787 3027 1842 stridorem
3059 1789 3301 1844 dentium
3330 1791 3563 1845 audieris
3587 1795 3610 1835 ν
3646 1797 3770 1863 quis
3821 1796 3913 1851 tibi

2321 1883 2450 1929 tunc
2494 1877 2933 1945 patrocinabitur,
2964 1894 3086 1933 cum
3119 1880 3320 1935 videris
3347 1882 3630 1949 artiﬁcem,
3649 1887 3740 1955 qui
3771 1898 3915 1940 recte

2320 1967 2541 2030 vixi-rit,
2593 1969 2741 2022 omni
2786 1969 2953 2040 gloria
2985 1970 3293 2038 fruentem;
3345 1983 3398 2029 te
3439 1989 3590 2043 vero,
3643 1978 3734 2046 qui
3769 1992 3913 2033 nunc

2321 2057 2510 2111 sericis
2565 2059 2784 2113 indutus
2841 2075 2904 2116 es
2960 2064 3293 2118 vestimentis
3334 2074 3389 2120 et
3443 2067 3558 2122 oles
3603 2079 3916 2136 unguenta,

2323 2148 2681 2203 intolerabilia
2731 2152 3062 2219 patientem?
3105 2155 3233 2222 quid
3263 2156 3354 2210 tibi
3387 2158 3685 2226 proderunt
3715 2160 3916 2215 divitiae.

2321 2250 2378 2296 et
2419 2257 2597 2296 rerum
2644 2243 2887 2297 omnium
2945 2245 3140 2315 copia?
3183 2247 3313 2316 quid
3368 2249 3678 2306 detrimenti
3721 2254 3915 2307 artiliei

2322 2330 2477 2385 all‘ert
2519 2333 2852 2401 paupertas?
2897 2332 2976 2387 Ne
3018 2350 3149 2404 ergo
3192 2347 3318 2391 tunc
3360 2340 3642 2407 patiamur,
3685 2356 3749 2396 ea
3799 2360 3920 2412 qua:

2324 2436 2466 2476 nunc
2490 2422 2743 2476 dicuntur
2769 2423 3074 2490 timeamus,
3121 2434 3179 2481 et
3206 2437 3379 2482 totum
3407 2430 3645 2486 laborem
3673 2445 3918 2488 nostrqu

2326 2513 2378 2568 in
2409 2515 2841 2570 necessariarum
2875 2531 3054 2571 rerum
3084 2519 3340 2586 operibus
3377 2535 3782 2594 constituamus.
3847 2525 3918 2578 Ita

2323 2605 2468 2660 enim
2499 2605 2710 2676 placato
2735 2607 2846 2662 Deo
2875 2623 2972 2677 pro
3001 2611 3235 2678 peccatis
3266 2601 3584 2681 przeteriiisﬁ
3615 2599 3922 2687 additisque

2324 2693 2482 2750 bonis
2529 2697 2784 2781 operibus
2829 2698 3059 2767 futuris,
3103 2717 3325 2771 regnum
3358 2703 3614 2762 calorum
3660 2710 3923 2778 consequi

2324 2788 2621 2854 poterimus
2643 2830 2659 2854 ,
2688 2789 2856 2858 gratia
2885 2802 2938 2844 et
2965 2791 3311 2861 benignitate,
3344 2803 3458 2850 etc.

2406 2921 3892 2948 __.__..._.______________________

1990 2993 2341 3056 HOMILIA
2393 2993 2497 3054 Vl.

638 3148 769 3204 Car.
797 3146 855 3200 2.
884 3161 938 3198 ν.
970 3146 1021 3199 I.
1061 3142 1124 3196 Et
1151 3159 1267 3214 ego,
1291 3145 1497 3212 fratres,
1517 3158 1633 3196 cum
1676 3144 1788 3195 veni
1825 3140 1894 3193 ad
1941 3155 2060 3202 vos,
2107 3141 2218 3192 rent

703 3255 804 3292 non
832 3237 886 3291 in
917 3235 1226 3290 sublimitate
1249 3236 1496 3289 sermonis
1537 3243 1625 3289 aut
1669 3233 1932 3301 sapientia
1952 3272 1968 3297 ,
2017 3248 2222 3286 annun-

707 3333 839 3385 tians
861 3329 1001 3384 vobis
1028 3327 1368 3384 testimonium
1395 3325 1511 3381 Dei.
1552 3326 1608 3380 2.
1645 3324 1770 3379 Non
1819 3325 1952 3378 enim
1993 3325 2223 3394 jndicari

704 3439 788 3477 me
809 3421 940 3476 scire
963 3420 1161 3492 aliquid
1187 3420 1242 3474 in
1269 3418 1406 3474 vobis
1428 3457 1447 3486 ,
1473 3418 1572 3472 nisi
1614 3414 1794 3471 Iesum
1836 3413 2095 3470 Christum
2118 3456 2133 3480 ,
2173 3422 2222 3468 et

705 3515 839 3566 hunc
864 3511 1182 3578 cruciﬁxum.

712 3606 763 3660 l.
790 3601 933 3659 Nihil
959 3611 1042 3655 est
1067 3599 1215 3656 Pauli
1242 3600 1420 3656 animo
1470 3598 1537 3654 ad
1584 3596 1966 3653 decertandum
2009 3595 2223 3660 acrius;

636 3695 747 3751 imo
774 3694 950 3764 potius
975 3706 1081 3748 non
1105 3691 1246 3746 illius
1275 3691 1454 3746 anima
1485 3707 1500 3744 :
1529 3706 1635 3745 non
1665 3691 1812 3744 enim
1854 3690 1967 3758 ipse
2011 3688 2113 3743 hoc
2143 3689 2225 3743 in-

635 3785 812 3850 venit;
860 3784 957 3839 sed
1002 3781 1136 3838 nihil
1181 3796 1279 3852 par
1326 3781 1514 3853 gratia:
1563 3781 1615 3836 in
1665 3780 1762 3835 illo
1788 3780 2065 3850 aperanti,
2107 3795 2226 3846 qua:

638 3876 820 3930 omnia
849 3874 1035 3930 vincit.
1063 3873 1208 3930 Satis
1231 3871 1375 3926 enim
1405 3881 1567 3927 erunt
1609 3887 1670 3926 ea
1692 3913 1709 3938 ,
1747 3887 1864 3940 quae
1900 3872 2050 3942 prius
2084 3871 2227 3927 dicta

641 3975 765 4021 sunt
785 4007 801 4030 ,
833 3964 899 4018 ad
925 3961 1286 4033 dejiciendnm
1313 3962 1523 4016 illorum
1557 3961 1789 4027 fastum,
1824 3962 1913 4031 qui
1943 3963 1994 4015 in
2017 3963 2230 4032 Sapien-

643 4057 713 4110 tia
744 4052 1152 4123 gloriabantur;
1184 4054 1293 4108 imo
1323 4053 1402 4107 vel
1430 4067 1554 4122 pars
1597 4052 1861 4107 dictorum
1905 4053 2225 4109 sufﬁciebat.

645 4144 712 4201 Ut
739 4154 920 4198 autem
950 4143 1258 4211 praeclarior
1285 4145 1353 4197 sit
1383 4145 1604 4198 victoria
1631 4183 1647 4209 ,
1691 4143 1754 4197 iis
1782 4161 1901 4214 qua!
1926 4146 2066 4199 dicta
2105 4152 2233 4198 sunt

642 4237 939 4292 certamina
995 4232 1178 4298 addit,
1235 4237 1516 4302 prostratis
1575 4236 1837 4291 insultans
1885 4235 2230 4289 adversariis.

647 4329 878 4384 Attende
927 4335 1105 4381 autem
1136 4344 1149 4378 :
1181 4323 1479 4378 adduxerat
1522 4327 1860 4394 prophetiam
1908 4329 2175 4382 dicentem
2213 4342 2228 4378 :

651 4416 875 4472 Perdant
921 4415 1224 4486 sapientiam
1262 4413 1569 4484 sapientiam
1603 4429 1623 4465 :
1651 4417 1959 4470 ostenderat
2009 4418 2100 4470 Dei
2150 4434 2238 4472 sa—

652 4507 1105 4579 pientiant,quia
1158 4523 1253 4573 per
1301 4520 1459 4568 eam,
1515 4518 1636 4575 qua:
1682 4504 1909 4558 stultitia
1962 4506 2238 4562 videbatur

652 4613 792 4660 esse,
815 4606 1093 4652 externam
1125 4598 1173 4664 pi
1201 4597 1516 4667 "M-wpltiaztt
1543 4593 1835 4666 prostravit
1858 4612 1873 4659 ;
1903 4595 2234 4661 ostenderat,

654 4690 799 4762 quod
830 4690 1052 4745 multm;
1089 4697 1166 4742 est
1220 4688 1310 4741 Dei
1336 4726 1350 4752 ,
1399 4689 1697 4759 sapientius
1735 4704 1858 4743 esse
1901 4686 2240 4752 horninibus;

652 4792 730 4839 σει
755 4782 961 4837 ςμιεέυτιιι
991 4793 1127 4851 {iam
1158 4795 1261 4832 ns...
1295 4778 1466 4832 solum
1502 4795 1592 4844 per
1622 4783 1834 4848 ignaros
1857 4781 2120 4848 decuerit,
2148 4780 2243 4834 Sed

657 4875 821 4928 etiam
856 4873 1072 4942 ignaros
1097 4889 1154 4925 et
1187 4871 1380 4925 idiotas
1409 4884 1622 4922 ‘(NLJL'Z
1643 4879 1696 4920 ει.
1728 4869 1874 4924 Num
1912 4875 2147 4928 -J:iiClitiil
2189 4883 2246 4927 et

656 4964 1000 5034 ipsumquod
1031 4962 1456 5032 [inedi-"ibatur,
1501 4969 1550 5013 υτ
1720 4976 1801 5011 aut
1848 4964 2243 5028 pratgiicationis

653 5057 787 5108 satis
814 5057 978 5109 fuisse
1000 5059 1067 5108 ad
1100 5052 1515 5120 perturbandam
1539 5091 1554 5112 ,
1599 5071 1652 5106 et
1683 5068 1786 5105 non
1827 5055 2242 5118 paturbavisse.

662 5146 775 5202 Non
798 5157 1002 5200 tantum
1024 5148 1168 5200 enim
1197 5146 1441 5215 discipuli
1473 5145 1539 5196 id’
1569 5152 1653 5198 ita:
1691 5155 1812 5197 sunt
1840 5186 1850 5204 .
1900 5144 2099 5214 inquit;
2152 5149 2244 5203 sed

659 5240 824 5293 etiam
853 5252 955 5307 ego
993 5238 1086 5306 qui
1130 5237 1385 5308 praedico.
1419 5237 1562 5300 Ideo,
1589 5236 1778 5305 inquit,
1810 5236 1876 5289 Et
1897 5253 1989 5305 ego
2010 5278 2025 5302 ,
2066 5241 2247 5308 fratres

660 5329 680 5401 ι
699 5343 886 5384 rursus
916 5326 1110 5383 fratres
1141 5338 1293 5383 vocat
1315 5369 1330 5391 ,
1357 5337 1414 5383 ut
1430 5328 1697 5382 sermonis
1717 5330 2060 5398 aSperitatem
2088 5333 2245 5386 cinni-

660 5423 752 5477 tiat
780 5422 800 5492 )
823 5462 840 5486 ,
867 5421 980 5477 uni
997 5461 1016 5483 ,
1040 5437 1141 5474 non
1169 5422 1221 5474 in
1255 5421 1560 5476 sublimitate
1605 5420 1850 5474 sermonis
1875 5461 1892 5486 ,
1938 5424 2250 5476 tinnuntinns

661 5513 799 5568 nobis
828 5513 1170 5566 testimonium
1204 5511 1318 5568 Dei.
1347 5513 1486 5579 Quid
1505 5513 1677 5577 enim,
1705 5511 1792 5567 dic
1819 5530 2001 5583 qu:t:so
2025 5556 2039 5580 ,
2071 5515 2113 5569 si
2151 5531 2244 5568 vo.

661 5607 855 5661 lnisscs
872 5607 924 5660 in
948 5606 1281 5662 sublimitate
1305 5607 1525 5663 venire?
1556 5606 1879 5676 poterasnei
1901 5607 2015 5678 Ego
2036 5609 2244 5678 quidem

660 5702 709 5756 si
738 5699 1025 5756 wluisyrm
1048 5741 1061 5762 ,
1094 5715 1201 5754 non
1227 5699 1557 5769 potuiSscm;
1588 5696 1832 5753 Christus
1855 5710 2032 5755 autem
2065 5699 2110 5757 si
2156 5717 2248 5757 vo-

2327 3138 2540 3205 luisset,
2570 3142 2854 3210 potuisset.
2886 3144 2992 3200 Sed
3019 3147 3212 3212 noluit,
3243 3151 3648 3220 utsplendiulius
3670 3155 3923 3212 redderet

2331 3240 2618 3304 tropteum.
2646 3234 2877 3304 Ideoque
2901 3239 3151 3304 superius
3174 3241 3464 3297 ostendens
3490 3244 3592 3299 hoc
3621 3245 3768 3301 illius
3787 3263 3924 3313 opus

2331 3322 2516 3389 fuisse,
2541 3324 2817 3394 ipsiusque
2843 3327 3172 3383 voluntatem
3196 3344 3315 3386 esse
3331 3374 3346 3398 ,
3376 3344 3433 3386 ut
3459 3333 3539 3388 sic
3565 3333 3786 3391 indocte
3807 3338 3924 3406 ejus

2330 3415 2552 3470 verbum
2604 3417 2956 3486 prardicetur,
3006 3418 3216 3473 dicebat
3259 3437 3270 3471 :
3318 3421 3440 3476 Non
3481 3426 3615 3478 enim
3663 3428 3800 3480 misit
3849 3444 3926 3479 me

2332 3508 2562 3562 Christus
2585 3509 2843 3576 baptizare
2862 3549 2876 3570 ,
2909 3507 2996 3561 sed
3017 3512 3362 3578 cvangelisare
3386 3555 3397 3573 .
3427 3529 3528 3567 non
3573 3515 3628 3567 in
3673 3520 3926 3586 sapientia

2331 3601 2593 3653 sermonis.
2626 3598 2722 3652 Est
2749 3609 2929 3653 autem
2957 3600 3125 3653 multo
3145 3603 3334 3671 majus.
3367 3604 3477 3658 imo
3497 3605 3706 3662 inﬁnite
3727 3610 3924 3674 majus,

2332 3691 2473 3760 quod
2499 3689 2601 3745 hoc
2627 3690 2858 3744 voluerit
2883 3689 3150 3756 Chrisms,
3182 3709 3341 3762 quam
3368 3696 3511 3764 quod
3535 3697 3767 3752 voluerit
3803 3700 3930 3754 l‘au-

2334 3783 2434 3836 lus.
2484 3781 2600 3837 Non
2638 3797 2767 3854 ergo
2807 3782 3108 3837 facundiam
3148 3795 3463 3852 ostentans,
3494 3787 3701 3859 inquit,
3752 3805 3930 3860 neque

2334 3874 2572 3928 externis
2593 3885 2834 3927 armatus
2859 3875 3203 3930 sermonibus
3221 3917 3236 3940 ,
3263 3880 3524 3933 annuntio
3556 3881 3928 3938 testimonium

2339 3964 2451 4018 Dei.
2481 3963 2588 4018 Nec
2607 3964 2762 4028 dixit,
2790 3959 3252 4034 przedicationem,
3277 3968 3395 4035 sed,
3425 3968 3789 4026 Testimonium
3812 3974 3926 4040 Dei,

2335 4055 2478 4124 quod
2503 4057 2674 4124 ipsum
2707 4057 2838 4108 satis
2869 4065 2983 4114 erat
3007 4065 3073 4111 ad
3100 4062 3470 4118 avertendum.
3518 4063 3744 4120 Mortem
3787 4069 3928 4121 enim

2338 4147 2667 4199 aummtians
2688 4147 2948 4201 circuibat
2975 4168 2986 4200 :
3015 4149 3134 4202 idco
3156 4153 3428 4220 subiunxit
3452 4172 3464 4205 :
3495 4155 3614 4210 Non
3631 4160 3770 4210 enim
3795 4161 3935 4226 indi-

2340 4238 2448 4288 σῖαυὶ
2476 4252 2553 4288 me
2574 4237 2702 4287 πέυπει
2727 4238 2923 4304 aliquid
2950 4240 3002 4293 in
3040 4240 3207 4306 vobis,
3256 4244 3354 4297 nisi
3398 4244 3575 4300 Iesum
3621 4246 3885 4302 Christum
3913 4288 3928 4312 ,

2340 4327 2570 4388 hancque
2598 4327 2924 4393 crusq'ian.
2956 4328 3067 4381 lloc
3085 4343 3261 4384 autem
3286 4332 3516 4399 dicebat,
3543 4337 3664 4404 quia
3684 4347 3933 4393 'esterna:

2341 4418 2618 4487 sapientia.
2646 4418 2867 4472 cumino
2895 4435 3088 4484 expers
3118 4433 3268 4487 erat,
3301 4426 3540 4478 utetiam
3569 4429 3825 4494 superius
3850 4430 3935 4483 di.

2344 4513 2539 4568 cebat;
2577 4510 2699 4566 Veni
2734 4513 2917 4566 nonin
2956 4512 3263 4566 snblimimte
3304 4519 3570 4572 sermonis.
3618 4520 3750 4576 Nam
3794 4524 3933 4593 quod

2348 4601 2462 4667 ipse
2491 4602 2592 4656 hoc
2617 4613 2800 4673 posset
2829 4603 3029 4658 habere
3060 4604 3232 4674 palam
3261 4616 3364 4660 est.
3392 4607 3558 4678 Cujus
3591 4611 3737 4666 enim
3770 4617 3934 4669 vesti-

2351 4701 2528 4744 menta
2563 4703 2800 4746 mortuos
2831 4695 3178 4762 suscitarunt,
3201 4707 3256 4752 et
3283 4699 3484 4754 umbrae
3512 4703 3728 4758 morbos
3765 4721 3934 4775 expu-

2351 4779 2554 4842 lerunt,
2582 4781 2749 4834 multo
2779 4784 2946 4856 magis
2988 4786 3178 4855 linguae
3200 4790 3498 4846 facundiam
3528 4803 3736 4862 poterat
3757 4798 3936 4851 anima

2350 4873 2641 4939 suscipere.
2672 4873 2800 4927 Nam
2829 4875 2931 4930 hoc
2955 4878 3172 4946 quidem
3217 4890 3299 4936 est
3334 4882 3721 4954 discipulorum
3744 4931 3761 4957 ,
3809 4891 3936 4945 illud

2352 4975 2528 5019 autem
2553 4974 2720 5018 artae.-
2751 4980 2965 5021 Otllncm
2991 4979 3225 5035 superat.
3249 4973 3350 5037 Qui
3395 4990 3527 5045 ergo
3564 4979 3696 5032 artis
3738 4984 3937 5053 majora

2354 5058 2522 5121 novit,
2548 5059 2717 5110 Illoiitr
2744 5061 2908 5128 magis
2931 5060 3138 5114 minora
3159 5065 3407 5129 pomerit.
3434 5066 3540 5120 Sed
3563 5084 3668 5122 non
3696 5075 3937 5140 permisit

2355 5150 2638 5212 Christus;
2693 5164 2867 5217 neque
2916 5166 3058 5202 Clillll
3106 5163 3525 5210 consentaneum
3572 5171 3709 5225 erat.
3754 5165 3942 5219 Merito

2354 5240 2515 5311 igitur
2538 5240 2645 5307 ait,
2677 5239 2797 5294 Non
2823 5243 2955 5294 enim
2972 5242 3205 5311 judicavi
3226 5259 3304 5296 me
3324 5245 3519 5317 aliquid
3539 5251 3702 5315 scire;
3733 5271 3857 5309 nam
3893 5265 3943 5308 et

2353 5349 2453 5402 ego
2476 5335 2576 5389 hoc
2597 5335 2720 5389 volo
2730 5335 2872 5405 quod
2893 5345 2946 5389 et
2969 5335 3212 5389 Christus
3233 5338 3362 5391 vult.
3387 5339 3512 5396 Mihi
3532 5353 3711 5398 autem
3735 5347 3941 5399 videtur

2357 5426 2612 5482 humilius
2636 5427 2779 5497 loqui
2807 5443 2929 5481 cum
2956 5427 3092 5491 illis,
3125 5443 3284 5496 quam
3305 5446 3425 5486 cum
3459 5434 3580 5488 aliis
3601 5473 3616 5497 ,
3651 5444 3710 5488 ut
3751 5435 3937 5490 {aqum

2358 5518 2568 5572 illorum
2596 5519 2998 5588 comprimeret.
3041 5518 3174 5574 Illud
3213 5537 3375 5593 ergo,
3414 5524 3656 5578 Iudicavi
3700 5543 3786 5580 me
3823 5527 3942 5582 nihil

2355 5609 2515 5673 scire,
2562 5609 2629 5664 ad
2685 5608 3043 5664 dill‘erenliam
3092 5621 3329 5670 externa:
3385 5614 3664 5683 sapientiae
3726 5617 3936 5673 dicitur.

2360 5700 2476 5757 Non
2503 5716 2646 5758 ennn
2663 5701 2780 5759 veni
2807 5701 3147 5774 syllogismos
3169 5717 3390 5765 nectens
3405 5723 3576 5779 neque
3589 5708 3939 5781 sophismata,
