4096 6326
204 379 272 436 89

212 502 386 558 neque
414 484 563 541 aliud
585 486 773 543 dicens
801 487 986 554 vobis,
1009 502 1164 558 quam
1198 484 1339 551 quod
1365 482 1609 539 Christus
1634 478 1809 537 cruci-

213 582 352 635 ﬁxus
373 581 447 633 sit
495 579 574 632 Illi
600 596 830 650 namque
852 580 1131 634 innumera
1165 577 1393 644 dicunt,
1434 584 1492 632 et
1526 575 1594 629 de
1638 573 1809 627 innu-

216 671 381 727 meris
406 670 572 741 longa
602 672 886 726 verborum
923 670 1095 725 stadia
1121 671 1415 738 explicant,
1440 663 1717 721 ratiocinia
1756 670 1811 716 et

216 763 563 833 syllogismos
624 773 982 833 apparantes,
1028 762 1193 816 millia
1242 760 1568 812 adornantes
1624 752 1812 821 sopiti-

218 863 393 907 smata
429 870 443 905 :
476 868 579 923 ego
609 863 786 907 autem
826 854 947 907 veni
987 852 1053 905 ad
1106 866 1201 905 vos
1247 849 1380 904 nihil
1422 845 1566 901 aliud
1605 844 1810 906 dicens,

218 959 381 1013 quam
422 943 569 1014 quod
617 942 864 999 Christus
911 942 1205 997 cruciﬁxus
1249 942 1359 1003 sit,
1396 948 1450 993 et
1479 938 1599 992 illos
1626 950 1817 989 omnes

221 1034 565 1103 propulsavi,
589 1033 732 1103 quod
764 1033 974 1089 virtutis
1001 1037 1119 1103 ejus
1140 1049 1228 1103 qui
1259 1031 1578 1102 pnedicatur
1604 1027 1817 1096 signum

220 1138 307 1181 est
330 1125 624 1180 iueﬂaliile.
653 1128 706 1182 5.
740 1116 806 1180 Et
832 1143 922 1195 ego
947 1128 999 1179 in
1030 1126 1329 1193 inﬁrmitate
1349 1132 1395 1175 et
1424 1122 1475 1172 in
1504 1121 1682 1173 timore
1697 1130 1743 1173 et
1765 1119 1819 1171 in

225 1231 448 1273 tremore
475 1206 635 1272 multo
658 1220 735 1291 fui
757 1219 899 1289 apud
926 1235 1031 1273 vos.
1062 1218 1172 1272 iioc
1216 1226 1298 1271 est
1332 1229 1519 1269 rursus
1543 1211 1687 1267 aliud
1726 1227 1819 1267 ca-

228 1320 343 1379 put.
366 1303 495 1366 Non
527 1313 700 1365 solum
730 1313 875 1366 enim
910 1311 998 1379 qui
1036 1307 1325 1363 credebant
1368 1304 1603 1373 indocti,
1647 1318 1823 1374 neque

226 1404 407 1456 solum
438 1403 484 1457 is
517 1404 606 1473 qni
632 1392 871 1473 loquitur
910 1401 1107 1463 idiota,
1152 1412 1325 1467 neque
1370 1406 1577 1451 tantum
1630 1395 1824 1450 modus

230 1494 496 1549 doctrinm
523 1507 603 1549 est
637 1491 937 1562 ignorantia
969 1490 1157 1560 plenus
1177 1529 1193 1553 ,
1237 1503 1414 1558 neque
1460 1496 1667 1541 tantum
1712 1486 1824 1554 ipsa

233 1586 547 1654 praedicatio
591 1584 724 1637 satis
763 1591 849 1637 est
898 1580 964 1635 ad
1012 1578 1473 1646 conturbandum;
1515 1594 1647 1633 crux
1680 1578 1825 1633 enim

234 1685 290 1730 et
318 1688 467 1729 mors
494 1684 610 1728 erat
637 1672 782 1742 quod
810 1671 1236 1728 aruuutiabatur
1270 1688 1284 1725 :
1316 1670 1410 1724 sed
1436 1684 1556 1724 eum
1599 1669 1681 1723 his
1725 1668 1826 1721 alia

237 1782 459 1837 quoque
486 1765 869 1835 impedimenta
899 1774 1075 1827 erant,
1107 1763 1343 1833 pericula
1364 1804 1381 1829 ,
1426 1762 1633 1816 insidiae
1657 1802 1673 1827 ,
1701 1775 1835 1830 quo—

242 1860 480 1913 tidianus
525 1861 717 1924 timor,
762 1866 817 1911 et
864 1856 1007 1925 quod
1064 1856 1411 1925 pellerentur.
1468 1853 1833 1908 lniirmitatem

245 1931 693 2020 namqueietiam
741 1962 885 2015 sa-pe
931 1954 1085 2009 vocat
1123 1944 1632 2014 persequutioncm,
1678 1952 1735 1997 ut
1784 1951 1839 1996 et

243 2042 369 2096 alibi
402 2060 415 2094 :
451 2040 840 2102 lnlirmitatem,
863 2051 983 2105 qua:
1011 2044 1094 2091 est
1120 2034 1173 2090 in
1191 2049 1351 2090 carne
1368 2049 1508 2100 mea,
1528 2044 1634 2087 non
1651 2048 1838 2102 asper-

247 2134 357 2188 nati
408 2134 542 2188 estis
591 2128 746 2199 (Gal.
778 2130 833 2184 ι.
876 2128 1130 2197 13.“);
1170 2136 1225 2181 et
1268 2141 1488 2189 rursus,
1526 2126 1585 2181 Si
1632 2124 1843 2195 gloriari

246 2232 480 2292 oportet,
508 2221 561 2273 in
585 2220 883 2287 infirmitate
909 2233 1018 2270 mea
1043 2215 1321 2288 gloriabor.
1367 2214 1651 2281 Quanam?
1692 2211 1840 2266 Prae-

251 2313 448 2383 positus
472 2312 635 2382 gentis
677 2310 842 2363 Arene
889 2308 1021 2378 regis
1053 2305 1483 2361 Damascenorum
1528 2305 1702 2359 urbem
1754 2319 1845 2357 cu-

251 2402 526 2469 stodiebat,
555 2401 726 2455 uolens
750 2417 828 2454 me
847 2398 1272 2470 comprehendere
1291 2398 1379 2468 (2.
1408 2396 1527 2454 Cor.
1571 2398 1658 2452 il.
1697 2395 1767 2451 50
1803 2405 1848 2449 et

256 2495 324 2551 32
348 2499 388 2561 ).
426 2493 494 2549 Et
523 2508 735 2549 ruisuin
768 2510 781 2547 :
811 2492 939 2545 Ideo
964 2491 1089 2545 mihi
1127 2490 1302 2560 placeo
1346 2492 1401 2543 in
1444 2488 1848 2557 inﬁrmitatibus.

261 2586 470 2649 Deinde
497 2585 687 2639 dicens
717 2584 1057 2653 quibusnam,
1078 2582 1354 2651 subiunxit
1382 2599 1397 2636 :
1421 2580 1486 2633 In
1515 2580 1851 2644 contumeliis,

260 2678 313 2733 is
360 2675 740 2730 necessitatibus
803 2684 849 2728 et
902 2675 956 2725 in
1001 2674 1247 2743 angustiis
1297 2670 1437 2742 (Id.
1481 2654 1750 2739 12.10).
1791 2669 1857 2722 Et

267 2785 408 2824 nunc
459 2767 562 2823 hoc
606 2768 780 2837 ipsum
824 2765 1076 2838 profert:
1113 2780 1237 2820 cum
1282 2764 1507 2819 dixisset
1557 2764 1741 2828 enim,
1788 2757 1858 2813 Et

267 2877 359 2931 ego
406 2862 464 2915 in
510 2859 840 2929 infirmitate;
879 2874 985 2914 non
1040 2857 1129 2913 hic
1176 2856 1447 2920 substitit,
1484 2855 1579 2911 sed
1634 2852 1861 2907 infirmi-

270 2961 434 3007 tatem
480 2952 760 3022 eXplieans
781 2994 796 3018 ,
824 2950 1058 3020 pericula
1090 2959 1242 3004 vocat
1268 2966 1283 3001 :
1315 2964 1502 3002 rursus
1536 2945 1758 3017 adjicit,
1798 2942 1862 2996 In

274 3045 452 3097 timore
477 3054 523 3096 et
546 3053 762 3097 tremore
785 3043 946 3097 multo
974 3042 1051 3113 fui
1076 3040 1216 3111 apud
1233 3056 1335 3093 vos.
1368 3038 1505 3105 Quid
1527 3038 1661 3091 dicis
1677 3037 1702 3089 ?
1730 3036 1867 3091 Pau-

277 3135 361 3189 lus
384 3150 601 3211 quoque
628 3135 849 3190 timebat
878 3132 1150 3204 pericula?
1174 3131 1421 3187 Timebat
1448 3140 1502 3184 et
1530 3127 1685 3183 valde
1713 3130 1871 3181 time-

279 3226 366 3281 bat
395 3246 410 3281 :
438 3227 646 3282 etiamsi
682 3228 825 3281 enim
859 3227 1052 3282 Paulus
1081 3235 1258 3291 esset,
1290 3234 1343 3277 at
1371 3222 1531 3277 homo
1574 3230 1708 3276 erat.
1757 3219 1869 3275 Hoc

279 3330 457 3374 autem
485 3334 592 3373 non
618 3328 735 3374 erat
760 3318 905 3372 Pauli
934 3319 1159 3385 crimen,
1192 3317 1287 3373 sed
1332 3315 1613 3370 inﬁrmitas
1643 3321 1869 3377 naturai,

281 3422 334 3466 et
363 3411 620 3482 propositi
643 3412 945 3466 encominm
969 3452 984 3473 ,
1016 3410 1156 3482 quod
1198 3420 1425 3465 mortem
1466 3419 1522 3465 et
1570 3408 1749 3478 plagas
1802 3406 1872 3460 tio

284 3520 436 3560 mens
456 3544 474 3570 ,
515 3504 647 3559 nihil
692 3514 867 3559 tamen
919 3503 1191 3573 indignum
1222 3518 1287 3556 ex
1319 3502 1513 3556 timore
1542 3500 1726 3556 iecerit
1758 3514 1770 3550 :
1803 3496 1873 3551 ita

287 3608 339 3650 ut
361 3597 452 3666 qui
484 3596 668 3650 dicunt
696 3596 845 3650 illum
875 3612 980 3651 non
1014 3596 1257 3649 timuisse
1298 3594 1514 3664 pingas,
1564 3607 1670 3647 non
1716 3591 1877 3645 modo

288 3688 437 3743 illum
471 3704 576 3743 non
610 3686 914 3751 honorent,
944 3684 1038 3739 sed
1068 3694 1124 3739 et
1151 3685 1373 3739 multaut
1401 3700 1466 3738 ex
1494 3682 1741 3737 laudibus
1783 3679 1878 3735 de-

289 3790 456 3834 mant.
489 3777 620 3832 Nam
644 3778 687 3832 si
721 3792 824 3831 non
856 3776 1115 3840 timebat,
1142 3791 1263 3846 quze
1293 3774 1717 3844 perseverantia,
1758 3787 1880 3841 qua:

290 3868 627 3942 philosophia
654 3871 709 3926 in
741 3869 972 3926 ferendis
998 3868 1281 3939 periculis?
1305 3869 1412 3938 Ego
1435 3883 1563 3921 vero
1586 3866 1706 3920 ideo
1733 3865 1879 3918 illum

288 3965 552 4032 admiror,
585 3963 724 4035 quod
758 3964 953 4018 timens
974 4003 989 4026 ,
1019 3976 1119 4017 nec
1146 3962 1306 4015 modo
1354 3963 1579 4023 timens,
1626 3958 1721 4013 sed
1775 3967 1885 4012 tre-

292 4073 448 4112 unus
502 4057 556 4112 in
608 4056 895 4126 periculis,
926 4069 1141 4124 semper
1183 4053 1421 4109 cucurrit
1466 4063 1794 4117 coronatus,
1828 4060 1883 4106 et

294 4147 427 4201 nulli
472 4147 639 4201 cessit
682 4144 956 4216 periculo,
995 4150 1296 4212 expurgans
1331 4144 1548 4209 orbem,
1598 4153 1655 4197 et
1692 4142 1887 4209 ubique

297 4237 563 4293 terrarum
591 4247 643 4289 i-t
671 4236 897 4289 marium
927 4234 1359 4303 praedicationem
1383 4234 1677 4289 seminans.
1721 4234 1776 4287 4.
1821 4231 1889 4286 Et

295 4345 462 4385 sermo
490 4344 627 4381 metu
656 4336 701 4379 et
728 4326 1022 4396 prardicatio
1053 4341 1163 4378 mea
1211 4341 1311 4378 non
1356 4324 1768 4394 persuasibilibus
1796 4324 1892 4376 Itu-

298 4435 466 4476 mane
505 4420 769 4490 sapientiae
827 4420 1011 4481 verbis,
1037 4416 1088 4474 id
1116 4427 1218 4485 est,
1243 4434 1349 4473 non
1380 4417 1588 4473 habens
1614 4428 1889 4473 externam

299 4511 641 4584 sapientiam.
673 4510 729 4566 Si
755 4511 916 4583 igitur
940 4521 993 4566 et
1036 4506 1345 4582 priudicatio
1395 4508 1526 4562 nihil
1569 4508 1754 4561 habuit
1802 4523 1892 4561 so-

300 4604 546 4674 pilisticzn
571 4601 722 4666 artis,
746 4611 798 4657 et
824 4603 913 4673 qui
965 4602 1292 4655 vocabantur
1344 4599 1557 4663 idiotaz,
1610 4606 1666 4653 et
1713 4598 1758 4651 is
1801 4597 1892 4667 qui

302 4694 631 4767 praedicabat
658 4694 779 4749 talis
808 4702 957 4755 erat,
987 4693 1277 4760 aderatque
1305 4690 1646 4761 persequutio
1670 4731 1687 4755 ,
1727 4697 1783 4744 et
1829 4688 1895 4741 ti-

301 4803 422 4842 mor
444 4795 502 4842 et
533 4796 756 4853 tremor,
787 4784 1059 4857 quomodo
1084 4785 1447 4854 superarunt?
1478 4783 1566 4838 die
1597 4782 1745 4838 mihi.
1792 4781 1895 4837 Per

309 4877 549 4932 divinam
602 4880 876 4933 virtutem.
926 4875 1051 4932 ideo
1096 4891 1219 4932 eaut
1270 4875 1527 4939 dixisset,
1588 4874 1803 4931 Verbum
1848 4886 1896 4929 et

306 4969 606 5041 puriﬁcatio
658 4980 770 5026 mea
817 4972 1011 5025 non~in
1068 4968 1481 5040 persuaiibilibus
1525 4970 1763 5023 huntana:
1808 4986 1897 5024 sa-

305 5064 513 5135 pientia!
537 5062 971 5134 verbis;'adjecit,
1006 5063 1111 5119 Sed
1150 5063 1204 5117 in
1246 5060 1528 5116 ostensione
1575 5062 1802 5131 Spiritus
1850 5070 1897 5115 et

305 5156 527 5212 uirtutis.

378 5250 436 5305 2.
452 5246 641 5303 Viden‘
662 5245 1085 5318 quomodoquod
1109 5249 1327 5304 stultum
1355 5254 1437 5302 est
1464 5245 1578 5311 Dei,
1604 5247 1899 5314 sapientius

304 5346 382 5399 sit
430 5340 774 5403 hominibus;
822 5347 877 5393 et
918 5341 1061 5413 quod
1116 5342 1420 5405 inﬁrmum,
1459 5338 1685 5393 fortius?
1716 5340 1899 5394 idiota:

308 5436 429 5489 inec
459 5432 848 5504 praedicantes,
880 5431 1125 5487 vinctiet
1154 5435 1326 5503 pulsi,
1373 5432 1634 5503 pollentes
1680 5447 1739 5489 se
1779 5433 1898 5486 vin-

306 5524 541 5582 cebant?
573 5522 896 5582 Undenam?
922 5523 1116 5579 Annon
1148 5541 1214 5580 ex
1241 5541 1327 5591 eo,
1360 5524 1501 5595 quod
1536 5540 1628 5594 per
1642 5524 1897 5595 Spiritum

306 5616 471 5673 ﬁdem
502 5615 849 5686 prcberent?
880 5629 1000 5668 nam
1030 5613 1083 5668 in
1114 5616 1364 5673 confesso
1403 5630 1486 5673 est
1534 5617 1635 5674 hoc
1678 5624 1901 5674 demou-

303 5708 626 5765 strationem
649 5722 795 5762 esse.
818 5706 948 5774 Quis
967 5706 1109 5759 enim
1137 5750 1150 5770 ,
1178 5723 1361 5776 quaeso
1384 5750 1401 5765 .
1429 5710 1615 5764 videns
1661 5722 1900 5767 mortuos

305 5808 646 5871 resurgentes
674 5808 730 5855 et
762 5788 1037 5855 dmmonas
1065 5799 1273 5872 pulsos,
1304 5816 1410 5857 non
1441 5802 1751 5859 admiserit?
1788 5804 1894 5860 Sed

1335 368 1402 424 IN
1443 368 1706 425 EPISTJ
1761 373 1848 428 Ml
1889 369 2042 425 (ΞΟΠ.
2090 366 2314 421 ιιοιιιιε.
2361 363 2447 419 Vi.

1913 478 2037 547 quia
2068 488 2193 533 sunt
2213 478 2377 533 etiam
2406 477 2625 532 fallaces
2658 471 2880 530 virtutes
2903 516 2919 540 ,
2956 476 3145 546 quales
3201 482 3504 551 prrestigia-

1915 578 2089 622 torutn
2112 609 2126 631 ,
2158 567 2296 623 hanc
2322 583 2536 638 quoque
2558 569 2774 622 sustulit
2798 570 3181 639 suspicionem.
3212 571 3332 628 Non
3357 569 3506 627 enim

1915 662 2167 713 virtutem
2199 658 2548 714 dixit.soium
2571 701 2587 725 ,
2619 660 2714 715 sed
2734 664 2923 730 prius,
2954 661 3224 731 Spiritus,
3256 673 3313 718 et
3341 674 3468 719 tunc
3489 706 3506 726 ,

1926 752 2141 808 Virtutis
2170 767 2189 806 :
2213 752 2504 807 ostendens
2532 768 2594 808 ea
2618 770 2738 824 qua:
2780 754 2977 809 ﬁebant
3017 756 3311 825 spiritualia
3362 772 3508 811 esse.

1918 841 2035 897 Non
2064 859 2194 913 ergo
2224 845 2526 899 imminutio
2552 856 2671 911 est,
2713 848 2856 914 quod
2905 849 3215 916 praedicatio
3259 863 3364 903 non
3414 862 3513 918 per

1920 936 2236 1005 sapientiam
2263 938 2577 991 annuutiata
2615 940 2717 1004 sit,
2748 938 2842 993 sed
2885 940 3175 994 maximum
3220 955 3515 996 ornamen-

1924 1037 2057 1081 tum.
2092 1028 2205 1082 iioc
2230 1045 2361 1099 ergo
2392 1030 2624 1085 maxime
2651 1030 2987 1085 demonstrat
3007 1071 3024 1091 .
3054 1048 3173 1086 eam
3215 1047 3335 1087 esse
3376 1033 3519 1087 divi-

1926 1135 2048 1173 nam
2066 1161 2081 1185 ,
2111 1129 2163 1173 et
2193 1120 2402 1175 radices
2429 1137 2550 1174 esse
2580 1136 2844 1190 supernas
2873 1136 2938 1175 ex
2966 1123 3112 1176 caelis
3141 1140 3154 1175 :
3188 1131 3522 1192 quapropter

1924 1212 2201 1281 siibjunxit
2230 1230 2243 1267 :
2273 1213 2324 1266 ὕ.
2361 1212 2426 1267 Ut
2448 1214 2574 1280 ﬁdes
2600 1225 2762 1267 vestra
2790 1230 2890 1267 non
2921 1215 2987 1268 sit
3024 1215 3077 1268 in
3120 1216 3376 1285 sapientia
3422 1216 3522 1269 bo-

1928 1308 2120 1360 minum
2140 1348 2155 1370 ,
2185 1306 2273 1361 sed
2296 1307 2349 1359 in
2369 1308 2550 1359 virtute
2580 1305 2691 1359 Dei.
2728 1306 3211 1376 “dem-quomodo
3250 1308 3397 1363 clare
3424 1322 3523 1378 per

1927 1399 2108 1453 omnia
2138 1397 2426 1462 osrendat,
2458 1412 2709 1465 magnum
2748 1413 2870 1451 esse
2910 1398 3116 1451 lucrum
3164 1398 3520 1467 ignorantiae,

1929 1496 1985 1543 et
2032 1504 2284 1558 magnum
2328 1490 2609 1559 sapientia:
2654 1490 2931 1545 damntnn.
2983 1490 3116 1545 Nam
3157 1492 3273 1546 hinc
3311 1490 3525 1559 quidem

1934 1579 2103 1649 ipsius
2128 1594 2346 1633 crucem
2372 1621 2387 1645 ,
2418 1582 2507 1635 illa
2536 1597 2664 1635 vero
2713 1583 2807 1637 Dei
2860 1583 3113 1637 virtutem
3166 1581 3528 1652 praedicabat;

1936 1668 2051 1723 haec
2074 1668 2380 1734 efﬁciebat,
2407 1680 2465 1723 ut
2490 1671 2621 1724 nihil
2650 1673 2955 1727 invenirent
2977 1689 3167 1728 eorum
3209 1689 3330 1741 qum
3363 1668 3525 1742 opor-

1938 1760 2159 1826 tuisset,
2184 1773 2239 1815 et
2267 1762 2319 1815 in
2344 1761 2538 1831 seipsis
2565 1762 2961 1832 gloriarentur;
3006 1764 3100 1818 illa
3143 1775 3204 1818 ut
3242 1765 3527 1819 veritatem

1940 1854 2277 1922 susciperent
2307 1863 2361 1911 et
2392 1855 2443 1908 in
2474 1855 2585 1908 Deo
2613 1855 2992 1923 gloriarentur.
3022 1855 3226 1909 Rursus
3264 1853 3531 1924 sapientia

1943 1948 2127 2003 multis
2148 1948 2536 2017 persuasiSset,
2568 1957 2627 2001 ut
2647 1947 2940 2002 humanum
2970 1962 3092 2003 esse
3118 1948 3313 2018 dogma
3354 1947 3535 2017 suspi-

1942 2052 2235 2106 carentur;
2268 2040 2382 2095 haec
2402 2056 2535 2096 vero
2556 2043 2701 2096 clare
2720 2041 3072 2105 ostendebat,
3113 2042 3351 2099 divinam
3392 2040 3536 2095 illam

1947 2146 2068 2186 esse
2098 2142 2151 2186 et
2176 2146 2241 2185 ex
2275 2133 2406 2184 cado
2434 2131 2799 2186 descendisse.
2829 2132 2966 2186 Cum
3003 2144 3139 2201 ergo
3185 2134 3238 2187 in
3277 2133 3539 2200 salientia

1949 2222 2237 2275 verborum
2270 2222 2325 2275 lit
2349 2221 2772 2289 demonstratio,
2800 2237 2945 2292 szepe
2971 2223 3329 2277 modestiores
3374 2236 3542 2291 supe-

1952 2321 2137 2367 rantur
2162 2327 2192 2365 a
2225 2311 2532 2381 pejoribns,
2564 2314 2688 2382 quia
2732 2313 2919 2383 majori
2966 2313 3181 2369 dicendi
3228 2314 3279 2367 vi
3336 2312 3543 2382 pra-diti

1951 2402 2165 2474 pejores
2204 2414 2362 2465 sunt,
2409 2415 2463 2457 et
2504 2404 2851 2469 mendacium
2893 2406 3043 2476 pellit
3089 2406 3393 2460 veritatem.
3448 2404 3548 2458 ilic

1955 2506 2132 2551 autem
2161 2511 2268 2550 non
2299 2496 2377 2550 sic
2416 2513 2428 2548 :
2463 2512 2638 2565 neque
2664 2496 2807 2550 enim
2850 2498 2902 2551 in
2940 2498 3269 2552 immundam
3314 2498 3545 2551 animam

1959 2590 2254 2660 ingreditur
2281 2589 2514 2657 Spiritus
2539 2599 2755 2642 Sanctus
2780 2629 2795 2652 ,
2844 2597 2898 2642 et
2941 2588 3216 2656 ingressus
3258 2602 3548 2656 numquam

1962 2690 2139 2749 potest
2165 2670 2451 2751 superari,
2478 2682 2689 2737 etiamsi
2732 2681 2940 2736 invadat
2973 2682 3147 2736 onmis
3186 2679 3401 2735 dicendi
3446 2679 3550 2734 vis.

1962 2771 2094 2825 Nam
2124 2772 2517 2825 demonSIratio
2546 2788 2641 2839 per
2667 2789 2829 2842 opera
2858 2784 2914 2828 et
2937 2788 3034 2841 per
3062 2772 3210 2840 signa
3250 2773 3406 2841 longe
3444 2771 3555 2825 cia-

1964 2866 2076 2918 rior
2103 2873 2186 2918 est
2214 2864 2301 2917 illa
2328 2903 2343 2925 ,
2373 2878 2493 2931 quae
2522 2863 2580 2916 lit
2601 2845 2706 2931 per
2736 2863 2920 2916 verba.
2951 2866 3020 2915 At
3060 2864 3281 2919 illontm
3314 2862 3557 2916 fortasse

1964 2954 2231 3024 quispiam
2260 2954 2477 3019 dixerit,
2507 2955 2550 3008 si
2585 2953 3017 3022 praedicationem
3048 2954 3263 3008 vincere
3287 2962 3555 3023 aput-teat,

1968 3059 2021 3101 et
2050 3047 2357 3117 eloquentia
2377 3063 2512 3116 opus
2542 3062 2649 3101 non
2681 3046 2841 3101 habet
2868 3054 2924 3100 ut
2948 3060 3017 3101 ne
3042 3060 3170 3101 crux
3199 3045 3559 3109 exinaniatur,

1970 3152 2137 3207 quare
2174 3136 2323 3207 signa
2370 3151 2509 3190 nunc
2556 3136 2871 3189 cessarunt?
2914 3136 3133 3202 Quare?
3185 3136 3564 3190 Incredulusne

1977 3229 2079 3283 hoc
2107 3228 2278 3291 dicis,
2309 3241 2407 3281 nec
2432 3225 2671 3280 admittis
2704 3226 2791 3279 illa
2823 3224 2960 3280 laeta
2992 3224 3157 3281 fuisse
3199 3225 3564 3294 apostolorum

1977 3330 2219 3390 tempore
2242 3360 2257 3385 ,
2287 3327 2353 3372 an
2383 3332 2511 3373 vere
2539 3316 2642 3372 hoc
2674 3317 2919 3373 ediscere
2960 3317 3245 3386 quairens‘l
3293 3316 3351 3372 Si
3374 3317 3570 3371 incre-

1975 3414 2136 3469 dulus
2161 3410 2309 3465 dicas
2332 3450 2349 3475 ,
2380 3410 2433 3463 in
2462 3423 2529 3463 eo
2555 3408 2785 3478 primum
2817 3408 3166 3463 immorabor.
3192 3408 3250 3468 Si
3273 3408 3417 3462 enim
3444 3418 3571 3463 tunc

1980 3522 2088 3561 non
2129 3504 2431 3558 laeta-sunt
2458 3502 2608 3572 signa
2633 3542 2649 3567 ,
2676 3500 2943 3571 quomodo
2968 3501 3140 3569 pulsi,
3194 3501 3367 3553 vexati
3388 3541 3403 3565 ,
3457 3509 3569 3555 tre-

1981 3607 2190 3652 mentes
2212 3637 2229 3663 ,
2260 3596 2443 3661 vincti,
2474 3605 2528 3649 et
2556 3607 2869 3650 communes
2891 3595 3040 3648 orbis
3067 3594 3251 3649 hostes
3280 3594 3426 3659 facti,
3455 3610 3575 3649 om-

1971 3691 2246 3759 nibusque
2272 3688 2336 3741 ad
2364 3688 2503 3742 maie
2532 3687 2837 3757 patiendum
2863 3688 3114 3757 expositi,
3146 3688 3276 3743 nihil
3305 3703 3370 3742 ex
3394 3686 3577 3742 seira-

1985 3782 2175 3836 bentes
2199 3782 2342 3850 quod
2372 3780 2644 3846 alliceret,
2674 3793 2778 3833 non
2807 3778 3198 3848 eioquentiam,
3243 3794 3351 3833 non
3378 3778 3576 3848 splen-

1972 3872 2172 3927 dorem
2196 3914 2211 3937 ,
2241 3886 2346 3926 non
2377 3871 2589 3925 divitias
2608 3910 2624 3935 ,
2656 3886 2763 3924 non
2792 3871 2977 3924 urbem
3000 3911 3016 3938 ,
3047 3886 3155 3924 non
3181 3879 3397 3939 gentem
3419 3910 3433 3931 .
3465 3884 3576 3923 non

1987 3978 2180 4035 genus,
2204 3977 2310 4017 non
2338 3962 2675 4024 exercitium,
2706 3976 2819 4019 non
2836 3962 3084 4032 gloriam,
3115 3977 3220 4015 non
3249 3960 3392 4015 aliud
3417 3960 3579 4031 quid-

1992 4058 2132 4127 piam
2169 4054 2345 4108 simile
2368 4069 2384 4119 ;
2412 4053 2507 4108 sed
2533 4054 2721 4107 omnia
2740 4054 3031 4116 contraria,
3062 4050 3439 4118 ignorantiam,
3460 4050 3581 4106 vilic

1979 4156 2179 4210 tatem,
2210 4154 2605 4216 paupertatem,
2630 4144 2811 4197 odium
2832 4186 2848 4209 ,
2884 4144 3214 4201 inimicitiam
3235 4185 3251 4208 ,
3295 4153 3579 4198 etvetmtra

1993 4239 2222 4310 populos
2250 4238 2486 4306 integros
2512 4244 2739 4298 stantes,
2770 4235 3005 4306 taliaque
3018 4235 3435 4298 annuutiantes,
3458 4246 3582 4303 per-

1993 4331 2329 4389 snadebant?
2354 4330 2484 4386 Nam
2504 4340 2769 4401 praecepta
2797 4328 3019 4383 multum
3045 4327 3284 4383 laborem
3314 4326 3584 4383 habebant

1994 4434 2051 4479 et
2070 4424 2316 4494 dogmata
2345 4422 2600 4494 periculis
2616 4422 2772 4492 plena
2795 4432 2949 4475 erant
2976 4440 2991 4476 :
3017 4434 3084 4475 ac
3106 4419 3193 4488 qui
3216 4420 3505 4477 audiebant
3520 4430 3584 4477 et

1998 4514 2355 4582 persuadendi
2409 4520 2603 4574 erant,
2659 4510 2713 4564 in
2757 4509 3000 4577 deliciis,
3032 4510 3298 4568 ebrietate
3322 4524 3377 4567 et
3402 4513 3587 4568 multis

1998 4605 2141 4658 vitiis
2164 4612 2321 4659 erant
2367 4602 2601 4657 educati.
2649 4600 2841 4669 linde,
2889 4616 3113 4673 quam,
3161 4603 3588 4673 persuaserunt?

1990 4695 2143 4751 unde
2169 4694 2273 4749 iide
2298 4694 2443 4764 digni
2473 4694 2669 4748 erant?
2698 4693 2828 4749 Nam
2855 4706 2959 4757 ,ειη
2993 4696 3101 4765 jam
3134 4696 3243 4751 disi
3267 4736 3282 4759 ,
3312 4696 3356 4750 si
3384 4696 3588 4765 absque

1998 4785 2165 4857 signis
2183 4794 2584 4855 persuaserunt,
2608 4785 2786 4839 :multo
2811 4785 2985 4855 majus
3012 4786 3219 4839 videtur
3246 4785 3589 4839 miraculum;

2001 4878 2078 4935 Ne
2109 4880 2288 4950 itaque
2314 4896 2380 4935 ex
2410 4896 2507 4945 eo,
2539 4879 2684 4950 quod
2708 4894 2850 4933 nunc
2870 4878 3019 4946 signa
3062 4892 3170 4931 non
3220 4876 3383 4943 liant,
3430 4891 3592 4948 argu-

2003 4984 2242 5028 mentum
2272 4972 2439 5027 ducas
2470 4983 2596 5026 tunc
2620 4971 2783 5025 etiam
2823 4980 2928 5022 non
2970 4968 3157 5026 luisse.
3202 4967 3414 5025 Etenim
3459 4977 3589 5023 tunc

2000 5068 2205 5121 utiliter
2234 5066 2429 5121 ﬂebant
2450 5107 2463 5127 ,
2497 5073 2551 5117 et
2576 5077 2719 5117 nunc
2742 5061 2947 5116 utiliter
2972 5078 3082 5117 non
3127 5061 3282 5120 liunt.
3327 5061 3449 5119 Non
3484 5070 3595 5120 ’ne-

2002 5158 2241 5211 cessario
2284 5158 2528 5225 sequitur
2549 5162 2726 5207 autent
2752 5168 2819 5208 ex
2846 5169 2912 5208 eo
2940 5154 3081 5225 quod
3115 5168 3257 5210 nunc
3276 5154 3443 5213 verbo
3467 5164 3595 5210 tan-

2005 5260 2117 5305 tum
2148 5248 2421 5313 suadetur,
2451 5262 2590 5301 nunc
2617 5247 2667 5300 in
2691 5247 2951 5318 sapientia
2983 5246 3418 5317 prardicationem
3450 5262 3593 5303 esse.

2007 5344 2276 5413 Namqui
2323 5342 2390 5395 ab
2440 5340 2591 5394 initio
2634 5342 2855 5395 verbum
2883 5342 3281 5408 'seminabant,
3323 5341 3505 5395 idiota:
3542 5350 3598 5395 et

2009 5436 2209 5493 inducti
2239 5444 2420 5497 erant,
2453 5444 2506 5489 et
2537 5435 2666 5488 nihil
2696 5452 2758 5489 ex
2788 5450 2845 5489 se
2874 5434 3155 5499 dicebant,
3178 5434 3413 5503 sed'quae
3433 5438 3595 5489 accc?

2008 5539 2196 5600 perant
2223 5544 2249 5579 a
2283 5528 2391 5593 Deo
2412 5568 2425 5589 ,
2457 5526 2571 5582 hinc
2596 5528 2710 5582 orbi
2742 5525 3297 5591 turrarnm'dederunt
3341 5540 3356 5577 :
3395 5532 3451 5579 et
3488 5530 3596 5578 nes

2007 5621 2106 5689 ipsi
2138 5632 2309 5679 nunc,
2344 5632 2448 5671 non
2477 5628 2594 5687 quin
2624 5633 2653 5670 a
2682 5617 2837 5670 nobis
2860 5625 2997 5671 sunt
3018 5617 3275 5669 tradimus
3299 5654 3317 5681 ,
3347 5616 3440 5671 sed
3463 5628 3593 5686 qua:

2008 5714 2077 5766 ab
2122 5712 2250 5780 ipsis
2290 5708 2629 5780 accepimus,
2674 5708 2805 5765 lucc
2836 5705 3086 5766 omnibus
3130 5710 3377 5763 dicimus.
3409 5704 3597 5777 Neque

2013 5818 2158 5859 nunc
2184 5803 2510 5875 syllogismis
2538 5801 2955 5875 persuademus;
2994 5803 3087 5859 sed
3130 5813 3196 5859 ex
3224 5800 3417 5857 divinis
3448 5791 3594 5885 Scri-
