4096 6326
524 330 592 386 ει
1248 330 1306 384 S.
1345 324 1627 383 JOANNiS
1661 318 2133 381 CIIRYSOSTOMI
2171 316 2487 373 ARCIIIEP.
2526 292 3062 372 CONSTANTINOP.
3755 313 3829 371 52

525 442 697 511 pluris
721 454 781 499 et
801 460 870 503 ας
1014 459 1135 516 qua:
1162 454 1287 499 tunc
1312 444 1449 497 facta
1477 451 1601 513 sunt
1628 437 1815 509 signis.
1850 435 2009 491 ﬁdem
2032 437 2109 487 [ιι-

527 538 700 592 cimus
727 539 791 593 iis
813 554 933 609 quas
960 540 1210 593 «licitam.
1240 537 1303 590 Et
1326 535 1401 588 illi
1426 548 1641 605 quoque
1662 540 1789 584 tunc
1815 544 1921 582 non
1950 522 2119 596 signis

529 639 735 684 tantum
764 631 1201 701 persuadebunt,
1224 628 1318 685 sed
1347 627 1508 682 etiam
1552 621 1889 678 disserendo.
1946 618 2119 673 Verba

534 732 708 775 autem
753 721 1055 776 eilicaciom
1098 734 1127 773 a
1173 719 1343 788 signis
1387 716 1783 778 reddebantur,
1835 725 2045 766 necnon
2087 723 2119 761 a

531 813 856 867 testimooiis
885 811 1097 866 Veteris
1123 810 1456 867 Testameuti
1480 850 1499 871 .
1529 823 1635 863 non
1665 816 1841 859 autem
1868 819 1897 856 a
1946 802 2121 872 gravi-

528 910 642 956 tate
670 911 726 956 et
747 902 1054 971 eloquentia
1075 902 1367 957 dictorum.
1393 900 1503 954 Cur
1526 914 1689 969 etgo,
1718 897 1929 966 inquies
1948 936 1963 960 ,
1994 903 2120 947 tunc

533 991 682 1045 utilia
736 991 884 1060 signa
930 1002 1119 1056 erant,
1174 1007 1316 1047 nunc
1366 1007 1472 1045 non
1529 990 1702 1044 item?
1746 988 2121 1060 Snppouamus

531 1079 687 1153 (cum
714 1081 901 1137 Gnaeo
929 1085 1072 1138 enim
1101 1083 1317 1153 disputo
1338 1122 1354 1147 ,
1395 1091 1451 1136 et
1490 1081 1610 1136 ideo
1652 1096 1749 1152 per
1793 1078 2120 1149 hypotbesin

536 1170 658 1227 dico
698 1173 749 1227 id
798 1175 941 1245 quod
986 1176 1207 1229 omnino
1254 1172 1488 1228 l'uturum
1542 1173 1699 1243 est),
1754 1184 2124 1241 supponamus

535 1261 696 1332 igitur
715 1304 732 1329 ,
761 1273 819 1319 et
846 1266 1077 1333 patiatur
1104 1264 1412 1320 incredulus
1433 1264 1621 1319 saltem
1649 1263 1714 1317 ad
1741 1261 2127 1331 disputationis

537 1364 752 1426 tempus
776 1356 1025 1411 assentiri
1053 1356 1245 1423 dictis,
1276 1357 1424 1411 verbi
1464 1355 1637 1427 gratia
1662 1396 1677 1420 ,
1706 1354 1848 1425 quod
1879 1353 2125 1407 Christus

536 1463 796 1504 venturus
821 1448 893 1504 sit
926 1468 939 1503 :
968 1465 1090 1505 cum
1121 1466 1250 1521 ergo
1287 1450 1536 1505 Christus
1583 1449 1793 1502 venerit
1838 1455 1893 1501 et
1935 1460 2126 1500 omnes

535 1540 712 1611 angeli
740 1556 863 1595 eum
890 1556 957 1595 eo
975 1581 991 1604 ,
1024 1550 1079 1595 et
1110 1542 1250 1605 licus
1273 1554 1395 1595 esse
1417 1550 1665 1594 ostensus
1692 1538 1851 1592 fuerit
1869 1578 1885 1603 ,
1914 1536 2127 1591 omnia-

536 1644 643 1698 que
670 1630 769 1701 ipsi
792 1630 1032 1700 subjecta
1073 1645 1232 1695 esse,
1271 1646 1451 1685 annon
1495 1629 1611 1699 ipse
1649 1628 1869 1683 Graecus
1907 1624 2129 1680 credet?

537 1717 736 1775 Credet
785 1722 969 1791 utique
1014 1730 1069 1776 et
1115 1721 1403 1785 adorabit,
1450 1736 1515 1775 ac
1568 1718 1738 1773 Deum
1782 1730 1904 1771 esse
1948 1714 2127 1778 dicet,

537 1812 749 1868 etiantsi
774 1813 1065 1868 admodum
1102 1812 1349 1882 pertinax
1379 1810 1559 1866 fuerit.

608 1904 666 1960 3.
691 1906 822 1971 Quis
846 1905 992 1959 enim
1023 1904 1210 1958 videns
1230 1903 1395 1958 erclos
1423 1911 1659 1972 apertos.
1690 1900 1860 1970 ipsum
1892 1897 1942 1951 in
1974 1895 2133 1950 nubi-

541 1996 641 2051 bus
651 2000 1269 2065 venientem,totumque
1284 2002 1487 2051 emtum
1504 2006 1860 2062 supernarum
1889 1989 2134 2044 Potesta-

542 2097 657 2144 tum
695 2088 1109 2153 circumfusum,
1141 2085 1333 2141 ﬂuvios
1378 2084 1563 2155 igneos
1605 2090 1921 2145 manantes,
1948 2094 2137 2134 omnes

540 2180 813 2237 adstantes
837 2195 901 2235 ac
922 2188 1233 2243 trementes,
1256 2192 1363 2232 non
1389 2176 1654 2240 adorabit,
1677 2186 1732 2229 et
1761 2173 1927 2228 Deum
1954 2171 2140 2225 existi-

544 2276 747 2333 mabit?
772 2274 908 2329 Num
929 2289 1076 2343 ergo.
1105 2273 1194 2326 die
1211 2288 1413 2341 quaeso.
1437 2269 1681 2324 adoratio
1708 2276 1763 2322 et
1786 2265 2021 2336 cognitio
2053 2263 2139 2317 illa

543 2366 734 2422 Gmseo
765 2366 819 2420 in
846 2365 1004 2420 tidem
1047 2362 1414 2433 reputabitur?
1456 2359 1695 2415 Minime.
1743 2355 1964 2424 Quare?
2006 2353 2140 2420 Quia

548 2456 650 2511 hoc
677 2455 812 2511 ﬁdes
842 2470 948 2509 non
977 2463 1060 2510 est
1089 2470 1103 2507 :
1137 2454 1429 2508 necessitas
1456 2451 1654 2520 quippe
1676 2490 1690 2510 ,
1722 2458 1777 2502 et
1806 2461 1993 2501 eorum
2023 2460 2142 2512 quzc

545 2561 801 2620 apparent
830 2546 1095 2602 evidentia
1120 2545 1173 2602 id
1203 2543 1403 2609 ell'eeit,
1432 2558 1537 2597 nou
1572 2538 1865 2593 voluntatis
1893 2550 2139 2605 proposi-

550 2652 694 2704 tutn;
724 2641 818 2697 sed
839 2658 868 2693 a
892 2636 1254 2708 magnitudine
1277 2650 1453 2691 rerum
1471 2648 1590 2702 qua:
1610 2630 1854 2686 videntur
1878 2637 2143 2696 pertracta

550 2748 705 2791 mens
729 2731 846 2786 fuit.
876 2730 1060 2799 Itaque
1087 2739 1290 2800 quanto
1334 2726 1502 2795 magis
1540 2724 1682 2778 clara
1713 2733 1768 2777 et
1795 2722 1861 2776 ad
1889 2718 2144 2775 credendi

552 2820 927 2880 necessitatem
970 2816 1290 2873 addueeutia
1330 2827 1453 2870 sunt
1490 2814 1616 2878 illa,
1642 2823 1790 2866 tanto
1816 2809 1983 2878 magis
2012 2808 2146 2864 ﬁdes

551 2916 827 2973 minuitur.
859 2914 982 2969 Ideo
1012 2928 1153 2967 nunc
1188 2912 1336 2982 signa
1374 2924 1481 2964 non
1515 2908 1666 2961 lium.
1700 2905 1765 2960 Et
1791 2902 1934 2973 quod
1962 2918 2050 2957 res
2074 2901 2144 2957 ita

552 3022 613 3062 se
633 3006 851 3069 habeat,
872 3003 999 3056 audi
1027 3000 1153 3070 quid
1179 3001 1321 3055 dicat
1342 2999 1409 3052 ad
1432 2998 1694 3054 Thomam
1724 3012 1740 3048 :
1768 2993 1915 3048 Beati
1937 2994 2025 3065 qui
2046 3011 2146 3047 non

554 3096 807 3159 viderunt,
830 3103 876 3147 et
900 3091 1221 3146 crediderunt
1243 3088 1262 3161 (
1283 3088 1443 3143 Joan.
1470 3088 1562 3143 20.
1591 3086 1663 3140 29
1691 3088 1730 3155 ).
1764 3084 1926 3156 igitur
1946 3092 2148 3153 quanto

551 3187 751 3243 clarius
787 3194 1065 3242 ostensum
1112 3182 1323 3253 signum
1378 3179 1573 3245 fuerit,
1606 3185 1753 3232 tanto
1800 3174 1970 3245 magis
2022 3174 2147 3229 ﬁdei

555 3295 765 3336 merces
790 3278 1067 3333 minuitur.
1102 3277 1284 3344 Itaque
1315 3272 1359 3329 si
1390 3273 1553 3328 etiam
1580 3284 1721 3325 nunc
1754 3269 1905 3339 signa
1935 3268 2146 3331 tierent,

558 3374 660 3429 hoc
695 3370 873 3442 ipsum
901 3369 1167 3424 eveniret.
1210 3366 1364 3435 Quod
1393 3375 1569 3418 autem
1598 3371 1724 3415 tunc
1751 3375 1857 3415 non
1887 3360 2023 3412 ultra
2056 3374 2149 3428 per

556 3465 715 3520 ﬁdem
748 3465 897 3519 illum
925 3458 1193 3531 cognituri
1225 3457 1416 3523 simus,
1451 3452 1772 3524 significavit
1817 3451 2013 3505 Paulus
2066 3450 2149 3504 di-

554 3570 683 3611 cens
711 3575 724 3611 :
761 3554 915 3608 Nunc
947 3553 1083 3609 enim
1110 3568 1197 3620 per
1224 3550 1377 3619 ﬁdem
1416 3546 1757 3609 ambulamus,
1789 3559 1890 3597 non
1921 3559 2010 3611 per
2034 3558 2148 3609 spe-

557 3646 682 3699 ciem
729 3644 960 3715 (ἰσων.
990 3642 1156 3713 5-7).
1200 3641 1268 3697 Ut
1312 3650 1436 3693 tunc
1480 3635 1576 3691 tibi
1616 3633 1895 3698 credenti,
1927 3648 2015 3687 res
2057 3631 2147 3685 illa
2174 3647 2187 3661 δ

560 3752 666 3790 non
710 3734 1086 3805 inundabitur,
1120 3730 1263 3803 quod
1294 3730 1435 3784 clara
1468 3736 1521 3781 et
1546 3725 1823 3779 manifesta
1854 3722 1920 3777 sit
1951 3740 1965 3777 :
1997 3722 2064 3775 ita
2097 3732 2151 3777 et

558 3840 736 3887 nunc,
762 3827 807 3881 si
835 3825 957 3881 talia
984 3827 1135 3895 signa
1166 3823 1376 3884 ﬁerent,
1421 3817 1599 3889 qualia
1629 3816 1879 3869 antehae.
1926 3814 2157 3881 Quando

559 3914 704 3971 enim
737 3915 822 3970 illa
852 3915 1246 3977 admiscrimus,
1276 3928 1395 3981 quae
1422 3908 1569 3963 mtllo
1598 3906 1757 3961 modo
1784 3906 1905 3959 ullis
1932 3904 2147 3960 ratioci-

562 4006 666 4062 niis
697 4003 921 4059 inveniri
952 4013 1196 4073 possunt,
1240 4012 1365 4056 tunc
1395 4000 1526 4053 Iides
1560 4007 1666 4052 est.
1700 3995 1824 4050 Ideo
1847 3994 2148 4065 gehennam

556 4098 917 4155 emnminatur
962 4095 1175 4165 quidem
1199 4134 1215 4159 ,
1258 4094 1351 4149 sed
1383 4093 1468 4147 illa
1501 4106 1607 4145 non
1637 4096 1858 4159 apparet
1887 4106 1901 4142 :
1934 4102 2054 4143 nam
2103 4087 2149 4140 si

559 4200 865 4263 appareret,
898 4189 1127 4261 idipsum
1160 4202 1345 4240 rursus
1382 4186 1643 4238 eveniret.
1677 4181 1925 4250 Alioquin
1951 4194 2082 4234 vero
2105 4179 2148 4234 si

564 4284 713 4353 signa
741 4284 961 4352 quan-is,
991 4296 1132 4336 nunc
1167 4278 1329 4333 etiam
1360 4276 1509 4344 signa
1542 4272 1766 4337 videbis,
1806 4270 2012 4324 etiamsi
2046 4285 2151 4324 non

559 4374 823 4445 ejusnmdi
850 4375 986 4438 sint,
1020 4370 1396 4443 pratdictiones
1447 4365 1755 4419 innumeras
1781 4361 1848 4414 de
1879 4360 2037 4414 rebus
2066 4359 2149 4411 iu-

561 4462 1005 4526 luuterabilibus,
1020 4462 1167 4516 orbis
1188 4458 1617 4518 conversionem,
1651 4452 1999 4507 barbarorum
2030 4446 2154 4519 piti-

562 4557 898 4626 losophiam,
933 4552 1222 4622 agrestimn
1275 4564 1485 4606 morum
1536 4544 1911 4603 mutationem,
1939 4540 2153 4611 pietatis

561 4650 954 4706 extensionent.
977 4645 1183 4713 Ecquas
1209 4639 1609 4712 praedictiones?
1626 4638 1859 4710 inquies;
1887 4651 2008 4690 nam
2033 4642 2153 4702 post

563 4759 650 4797 res
668 4744 835 4796 factas
856 4739 1107 4810 praedii-ta
1131 4744 1255 4789 sunt
1281 4730 1459 4786 omnia
1499 4746 1618 4799 quae
1639 4746 1795 4798 supra
1823 4741 2152 4781 commemo-

561 4842 673 4888 rata
697 4844 842 4887 sunt.
862 4830 1228 4897 Quandonam,
1256 4825 1341 4880 ubi
1372 4833 1426 4877 et
1450 4835 1479 4873 a
1505 4819 1738 4889 quu?die
1759 4816 1887 4871 mibi
1909 4833 1926 4882 ;
1948 4825 2003 4870 et
2029 4827 2151 4870 ante

562 4927 693 4987 quot
715 4915 924 4969 annos?
949 4913 1027 4965 vis
1050 4922 1175 4965 ante
1200 4904 1605 4979 quinquaginta,
1627 4908 1946 4954 autcentum
1966 4898 1989 4949 ?
2013 4902 2152 4955 Ante

562 5019 777 5064 centum
803 5018 935 5074 ergo
959 5015 1130 5055 annos
1161 5000 1289 5053 nihil
1320 4996 1585 5052 habebant
1630 4990 1888 5059 scriptum
1918 4989 2147 5056 penitus.

562 5096 843 5165 Quomodo
869 5107 999 5164 ergo
1028 5090 1274 5159 dogmati
1301 5087 1520 5141 retinuit
1548 5084 1711 5143 orbis,
1735 5089 1791 5136 et
1816 5078 1917 5133 alia
1945 5077 2147 5142 omnia,

561 5203 683 5243 cum
726 5185 984 5240 memoria
1014 5182 1081 5237 ad
1111 5180 1161 5235 id
1191 5194 1295 5233 non
1327 5176 1596 5231 sufﬁciat?
1620 5172 1886 5228 undenam
1913 5170 2087 5223 scicru
2117 5178 2152 5221 .t

564 5282 783 5335 Petrum
812 5276 977 5333 fuisse
1002 5276 1122 5346 palo
1144 5270 1405 5328 al'lixum?
1454 5268 1722 5339 quomodo
1750 5266 1895 5321 venit
1924 5265 1975 5318 in
2004 5281 2153 5317 meu-

564 5384 690 5441 teto,
722 5384 780 5428 ut
808 5369 1033 5443 posteris
1071 5368 1451 5437 pra-dicereut;
1479 5362 1623 5415 verbi
1648 5362 1814 5433 gratia
1837 5358 1979 5429 quod
1993 5356 2163 5411 Evan-

561 5467 759 5536 geliunt
788 5461 1187 5537 prtedicaudum
1217 5462 1284 5514 sit
1310 5473 1404 5529 per
1432 5454 1738 5509 universum
1768 5452 1975 5515 orbem,
2007 5448 2148 5520 quod

562 5559 779 5615 Iudaica
829 5565 1103 5611 cessatura
1152 5550 1256 5606 sint
1281 5590 1295 5612 ,
1341 5562 1441 5603 nec
1482 5545 1622 5600 ultra
1654 5542 2020 5598 restituenda?
2049 5542 2149 5607 Qui

566 5664 693 5704 vero
721 5647 928 5702 animas
956 5658 1082 5699 suas
1108 5655 1205 5712 pro
1232 5638 1610 5711 prtedicattone
1636 5632 1986 5694 tradiderunt,
2019 5646 2150 5701 quo—

565 5738 727 5801 modo
767 5736 1150 5795 sustinuissent
1190 5730 1625 5804 praedicationem
1672 5724 2022 5780 adulteratam
2074 5724 2157 5779 vi—

2232 429 2402 485 dere?
2429 430 2700 500 quomodo
2723 429 2989 483 creditum
3041 426 3227 482 luisset
3259 428 3633 499 scriptoribus,
3659 426 3829 497 signis

2226 521 2599 576 cessantibus?
2626 519 2898 591 quomodo
2945 528 3121 573 autem
3153 517 3352 588 scripta
3382 530 3437 573 et
3466 519 3518 573 in
3549 518 3818 573 barbaro-

2227 623 2419 669 rumet
2447 614 2499 668 in
2524 612 2773 667 ludorum
2802 612 2954 674 (lites.
2985 624 3040 667 et
3076 613 3127 665 in
3160 611 3306 680 ipsos
3328 610 3525 665 Oceani
3558 610 3828 665 terminos

2228 708 2521 769 venissent,
2553 705 2597 759 si
2630 707 2663 760 ii
2690 706 2780 776 qui
2808 704 3057 760 dicebant
3075 703 3178 757 lide
3194 701 3339 772 digni
3363 715 3467 755 non
3492 702 3682 755 erant?
3701 700 3829 768 Qui-

2231 815 2353 853 nam
2380 809 2558 853 autem
2591 810 2744 853 erant
2769 800 3084 867 scriptores,
3116 807 3172 851 et
3201 794 3417 866 quando
3439 833 3456 861 ,
3489 804 3543 849 et
3569 794 3699 848 ubi?
3722 810 3828 865 qua

2228 892 2296 947 de
2324 906 2485 945 causa
2515 890 2887 961 scripserunt?
2916 906 3043 945 num
3085 900 3143 945 ιιι
3180 890 3406 961 gloriam
3436 888 3541 942 sibi
3568 887 3826 942 concilia-

2230 985 2391 1040 rent?
2418 1000 2515 1040 cur
2543 1000 2673 1054 ergo
2701 984 2867 1039 libros
2908 985 3027 1038 aliis
3067 984 3368 1039 nominibus
3400 980 3832 1049 inscripserunt?

2230 1077 2301 1131 At
2329 1075 2430 1132 hoc
2458 1078 2698 1131 iecerunt
2726 1084 2782 1129 ut
2811 1074 3005 1144 dogma
3028 1074 3497 1129 eonnuendarent.
3537 1074 3620 1128 Au
3652 1079 3711 1125 ut
3739 1086 3832 1124 ve-

2232 1166 2388 1220 rum?
2413 1182 2480 1220 an
2514 1176 2571 1219 ιιι
2599 1166 2834 1221 falsum?
2878 1181 2999 1219 nam
3029 1164 3073 1218 si
3103 1174 3160 1218 ut
3187 1164 3378 1218 falsum
3408 1162 3697 1229 habebant,
3726 1176 3834 1215 non

2234 1257 2499 1310 accessuri
2536 1271 2654 1310 esse
2690 1256 3035 1320 videbantur;
3062 1254 3106 1308 si
3143 1264 3195 1308 ut
3226 1267 3433 1318 verum,
3464 1253 3679 1308 ﬁctione
3698 1266 3841 1320 Opus

2236 1361 2346 1401 non
2382 1359 2497 1400 erat
2538 1346 2675 1401 sicut
2714 1357 2767 1400 tu
2809 1347 2965 1401 dicis.
3017 1346 3268 1413 Alioquin
3301 1360 3433 1399 vero
3460 1344 3838 1414 pricdictioues

2237 1438 2372 1493 tales
2395 1449 2539 1505 sunt,
2571 1451 2621 1493 ut
2653 1439 2718 1493 ad
2752 1454 2990 1509 pnnsens
3020 1453 3189 1509 usque
3217 1448 3428 1507 tempus
3462 1452 3566 1490 non
3594 1436 3837 1507 potuerit

2234 1530 2391 1585 dictis
2420 1532 2502 1585 vis
2527 1532 2731 1587 inici-ri.
2777 1531 2909 1586 Nam
2955 1532 3130 1585 diruta
3168 1542 3292 1586 sunt
3331 1530 3666 1603 Jerosolyma
3711 1539 3837 1585 ante

2237 1622 2435 1676 multos
2460 1636 2649 1675 annos.
2680 1620 2815 1676 Sunt
2843 1631 2895 1674 et
2922 1621 3042 1674 alia:
3074 1622 3475 1691 prmdietiones,
3501 1637 3621 1689 mite
3649 1621 3720 1675 ab
3745 1620 3838 1675 illo

2238 1720 2483 1782 tempore
2521 1714 2587 1766 ad
2630 1727 2795 1783 usque
2823 1711 3107 1767 adventum
3136 1711 3256 1780 ejus
3279 1711 3672 1777 extenduntur,
3705 1728 3840 1782 quas

2239 1813 2297 1857 ut
2340 1806 2422 1858 vis
2449 1806 2730 1880 exanima;
2762 1816 2819 1859 ut
2848 1815 2931 1861 est
2962 1805 3093 1861 illud
3115 1847 3131 1871 ,
3162 1805 3377 1874 Semper
3430 1804 3684 1859 uobiscum
3724 1821 3839 1858 sum

2239 1912 2397 1965 usque
2442 1898 2510 1950 ad
2556 1898 3035 1951 consummationem
3085 1896 3261 1952 muli
3307 1894 3521 1967 (Matth.
3548 1894 3642 1951 28.
3692 1894 3836 1965 ἳο);

2241 1996 2313 2050 et,
2350 1988 2677 2055 ευριπ-λίποις
2708 2001 2906 2057 petram
2944 1988 3208 2055 «ediﬁcabo
3254 1986 3537 2041 Ecclesium
3564 2004 3730 2041 nteant
3752 2029 3766 2051 ,
3790 1996 3840 2040 et

2244 2089 2405 2148 porta!
2443 2079 2593 2148 inferi
2624 2095 2725 2131 non
2769 2078 3108 2147 prmnlcbunt
3153 2079 3396 2134 adversus
3436 2096 3547 2133 eam
3594 2078 3723 2148 (Id.
3750 2078 3838 2132 l6.

2246 2169 2383 2237 18);
2430 2180 2507 2233 et,
2562 2168 2935 2223 Prtedicabitur
2980 2171 3075 2223 hoc
3122 2173 3435 2242 evangelium
3480 2172 3533 2225 in
3580 2173 3841 2226 universos

2246 2271 2415 2330 gentes
2440 2260 2458 2333 (
2489 2262 2575 2314 Id.
2603 2262 2696 2317 2i.
2728 2262 2794 2315 Η
2824 2264 2843 2331 )
2871 2277 2887 2326 ;
2915 2271 2969 2316 et
2989 2303 3002 2320 ,
3027 2260 3237 2315 Dicetur
3262 2303 3277 2326 ,
3305 2261 3604 2333 ubicumque
3648 2264 3837 2332 μνωάὲ-

2247 2363 2413 2406 catum
2442 2356 2593 2424 fuerit
2640 2355 2734 2408 hoc
2779 2356 3091 2424 evangelium
3114 2394 3129 2418 ,
3159 2365 3205 2408 et
3247 2356 3382 2424 quod
3426 2357 3544 2426 frcit
3572 2358 3593 2427 (
3622 2356 3712 2409 Id.
3745 2357 3838 2413 26.

2251 2444 2353 2514 13)
2401 2445 2515 2499 lucc
2560 2446 2789 2511 mulier;
2824 2458 2876 2501 et
2904 2447 3023 2502 alia:
3071 2447 3336 2519 plurimm.
3389 2448 3667 2505 Undenam
3712 2468 3842 2521 ergo

2251 2537 2448 2591 veritas
2478 2536 2634 2606 hujus
2679 2539 3058 2607 prmdictiouis,
3092 2540 3135 2593 si
3181 2550 3297 2594 erat
3326 2540 3675 2609 ﬁgmentum?
3704 2560 3839 2611 quo-

2252 2628 2412 2683 modo
2450 2639 2617 2698 porta:
2666 2630 2819 2685 inferi
2862 2646 2966 2686 non
3008 2633 3402 2702 prtevalueruut
3442 2634 3701 2689 adversus
3739 2636 3839 2691 Ec-

2250 2717 2511 2774 clesiam?
2558 2721 2830 2789 quomodo
2878 2736 3095 2792 semper
3138 2722 3418 2777 nobiscum
3448 2732 3531 2778 est
3558 2724 3842 2780 Christus?

2251 2809 2435 2880 Neque
2484 2811 2649 2877 enim,
2703 2812 2746 2866 si
2800 2812 3078 2867 uobiscum
3125 2828 3230 2867 non
3277 2822 3441 2879 esset,
3490 2813 3734 2869 Ecclesia
3764 2818 3842 2870 vi-

2251 2900 2431 2953 cisset.
2474 2899 2757 2967 Quomodo
2789 2898 3136 2969 Evangelium
3172 2903 3369 2975 ubique
3422 2915 3689 2959 terrarum
3724 2922 3844 2976 prn-

2255 3003 2501 3062 pagatum
2549 2995 2670 3048 est?
2716 2993 2999 3049 Sufﬁciunt
3044 3007 3221 3051 autem
3270 3004 3326 3050 et
3369 2995 3460 3064 qui
3512 3008 3701 3051 contra
3749 3014 3844 3054 nos

2251 3084 2591 3156 disputarunt
2644 3089 2709 3140 ad
2763 3084 3122 3143 testimonium
3188 3090 3521 3160 antiquitatis
3585 3090 3843 3148 librorum

2255 3190 2559 3230 nostrorum
2600 3177 2911 3244 ferendum,
2945 3195 3137 3248 nempe
3168 3179 3358 3235 Celsus
3390 3181 3469 3252 (ιι)
3493 3191 3550 3236 et
3581 3182 3842 3240 Bataneo-

2254 3276 2335 3322 tes
2362 3272 2447 3338 qui
2480 3280 2597 3338 post
2625 3271 2773 3324 illum
2808 3270 2934 3329 fuit:
2968 3288 3071 3326 non
3103 3273 3246 3326 enim
3287 3274 3732 3330 eoutradicebant
3759 3278 3842 3343 iis,

2253 3376 2373 3429 qua!
2399 3372 2517 3428 post
2547 3362 2662 3415 illos
2688 3362 2828 3415 edita
2858 3361 3066 3417 fuerant
3095 3384 3107 3419 :
3141 3365 3375 3435 alioquin
3402 3366 3563 3421 etiam
3597 3376 3739 3421 totus
3760 3385 3846 3423 or-

2254 3451 2357 3513 bis.
2390 3453 2476 3521 qui
2510 3469 2614 3505 uno
2639 3469 2907 3509 consensu
2937 3454 2989 3507 id
3015 3456 3269 3524 suscepit.
3318 3455 3502 3527 Neque
3532 3468 3713 3522 certe,
3748 3460 3851 3515 nisi

2254 3546 2423 3615 gratia
2452 3547 2681 3615 Spiritus
2711 3558 2850 3601 esset
2875 3588 2890 3610 ,
2921 3557 3097 3601 tantus
3130 3548 3317 3604 fuisset
3342 3565 3641 3605 consensus
3668 3566 3697 3603 a
3733 3553 3850 3606 lini-

2257 3637 2357 3691 bus
2379 3638 2443 3691 ad
2480 3638 2613 3693 ﬁnes
2658 3654 2827 3709 usque
2875 3650 3068 3703 teri-aa;
3102 3640 3195 3693 sed
3226 3639 3334 3695 cito
3359 3640 3685 3698 deprehensi
3714 3641 3847 3697 Inis-

2256 3738 2376 3783 sent
2417 3728 2490 3783 illi
2541 3729 2879 3799 deeeptores,
2914 3746 3084 3800 neque
3139 3740 3244 3784 tam
3300 3731 3554 3800 prmelara
3596 3744 3744 3802 gesta
3784 3750 3846 3788 ex

2258 3822 2521 3890 ligmentis
2547 3833 2599 3876 ct
2625 3822 2915 3875 mendaciis
2944 3831 3091 3891 parta
3122 3823 3514 3878 constitissent.
3543 3824 3737 3879 Annon
3768 3827 3846 3880 vi-

2254 3914 2350 3967 dcs
2383 3923 2548 3966 totum
2575 3916 2760 3967 orbem
2792 3914 3173 3968 accedentem?
3197 3915 3521 3969 exstinctum
3563 3920 3850 3971 errorem?

2257 4009 2642 4063 monachorum
2675 4008 3071 4078 philosophiam
3103 4010 3221 4078 plus
3249 4025 3409 4077 quam
3438 4009 3607 4064 solem
3639 4008 3849 4081 fulgen-

2259 4100 2409 4151 tem?
2439 4098 2702 4169 virginum
2733 4100 2973 4153 choros?
2998 4098 3135 4167 piant
3162 4100 3473 4169 religionem
3496 4101 3635 4169 apud
3660 4102 3852 4157 barba-

2257 4194 2379 4243 ros‘!
2400 4192 2498 4244 sub
2529 4207 2635 4243 uno
2657 4192 2783 4259 jugo
2814 4192 3111 4245 servientes
3155 4190 3389 4245 omnes?
3434 4189 3620 4261 Neque
3644 4194 3791 4247 enim
3821 4209 3849 4245 ει

2257 4282 2412 4336 nobis
2452 4291 2657 4334 tantum
2703 4283 2817 4333 luce
2866 4281 3118 4348 pnedicta
3162 4283 3341 4347 fuere,
3369 4284 3464 4336 sed
3506 4284 3616 4351 jam
3654 4286 3784 4339 olim
3821 4304 3849 4338 τι

2257 4370 2673 4443 prophetisNon
2694 4370 2839 4423 enim
2857 4369 2976 4422 illas
2995 4384 3207 4437 quoque
3227 4370 3531 4425 eonl'utabis
3550 4373 3852 4441 przedictin-

2260 4478 2355 4517 nes
2375 4481 2387 4516 :
2412 4462 2529 4515 libri
2557 4476 2785 4528 namque
2802 4468 2929 4513 sunt
2949 4459 3086 4528 apud
3113 4459 3357 4511 inimicus
3380 4468 3593 4512 nostros
3612 4477 3628 4520 ς
3653 4460 3817 4515 etiam
3831 4493 3849 4504 -

2258 4569 2364 4623 qtte
2391 4552 2529 4621 apud
2553 4549 2994 4617 Crat-cos,quibus
3023 4547 3333 4602 curantibus
3387 4547 3437 4601 in
3478 4548 3722 4603 (inerant
3753 4551 3852 4605 lin-

2220 4704 2233 4709 _
2258 4662 2414 4715 gnam
2440 4645 2681 4699 translati
2710 4655 2855 4697 sunt.
2889 4641 3049 4696 Multa
3078 4656 3294 4710 quoque
3331 4640 3408 4694 illi
3446 4639 3514 4694 de
3543 4640 3625 4695 his
3654 4643 3847 4711 pracdi-

2257 4751 2404 4804 cuut,
2439 4739 2783 4804 ostendentes
2816 4737 2981 4791 Deum
3014 4750 3132 4789 esse
3164 4736 3311 4789 illum
3336 4734 3425 4804 qui
3461 4743 3716 4790 venturus
3746 4746 3846 4791 est.

2329 4835 2381 4888 4.
2411 4833 2511 4885 Cur
2532 4848 2631 4883 non
2653 4846 2824 4883 omnes
2842 4830 3066 4881 homines
3088 4826 3313 4877 credunt.
3335 4855 3401 4864 —
3418 4825 3702 4891 Quomodo
3719 4843 3852 4896 ergo

2258 4941 2363 4979 nou
2393 4937 2580 4977 omnes
2620 4937 2759 4975 nunc
2795 4918 3056 4974 credunt?
3095 4916 3227 4982 Quia
3279 4916 3329 4968 itt
3372 4916 3524 4985 pejus
3564 4932 3652 4972 res
3681 4934 3853 4973 ver-sm

2258 5025 2404 5078 sunt,
2447 5024 2502 5069 et
2542 5029 2640 5067 nos
2682 5014 2735 5066 in
2775 5026 2934 5067 causa
2978 5022 3201 5062 sumus:
3228 5023 3347 5060 nam
3390 5008 3604 5063 demum
3644 5008 3712 5064 ad
3756 5025 3852 5063 nos

2258 5110 2482 5163 vertitur
2511 5108 2702 5159 oratio.
2734 5104 2847 5159 Non
2876 5101 3017 5156 enim
3042 5116 3105 5152 ex
3128 5100 3293 5169 signis
3317 5112 3441 5155 tunc
3460 5102 3634 5155 Solum
3661 5101 3850 5155 crede-

2259 5203 2413 5263 haut;
2444 5202 2534 5256 sed
2556 5202 2718 5254 etiam
2742 5214 2805 5252 ex
2833 5196 2934 5248 vita
2961 5194 3109 5247 multi
3142 5193 3208 5248 ad
3234 5194 3594 5249 accedendum
3626 5192 3851 5247 induce-

2257 5296 2469 5349 bantur.
2500 5293 2629 5349 Nam
2660 5294 2731 5345 ait
2765 5290 2891 5343 ille:
2922 5286 3107 5339 Lucra:
3132 5288 3222 5341 lucc
3241 5300 3404 5341 vestra
3433 5302 3606 5339 coram
3628 5285 3850 5337 homini-

2258 5387 2367 5450 bus,
2398 5397 2452 5438 ut
2483 5386 2681 5439 videant
2709 5397 2862 5449 opera
2892 5390 3053 5432 vestra
3076 5379 3225 5445 bona,
3252 5390 3298 5433 ct
3324 5378 3607 5449 gloriﬁcent
3642 5374 3849 5429 Putrem

2257 5489 2504 5544 vestrum,
2550 5479 2634 5547 qui
2679 5492 2730 5527 ιη
2770 5472 2905 5524 εαιιξε
2954 5481 3024 5523 est
3074 5473 3091 5541 (
3125 5470 3212 5524 Id.
3264 5472 3317 5524 5.
3352 5469 3414 5523 16
3448 5468 3490 5534 ).
3528 5466 3682 5522 Tunc
3718 5465 3846 5521 Erat

2258 5574 2482 5627 omnium
2513 5588 2599 5625 cor
2624 5579 2671 5623 et
2698 5568 2868 5621 auium
2902 5583 3003 5619 una
3023 5607 3038 5631 ,
3083 5576 3128 5619 et
3169 5565 3339 5619 nullus
3371 5561 3635 5631 quidpiam
3664 5578 3842 5617 eorum

2324 5729 2396 5793 (α)
2420 5731 2502 5779 ttic
2522 5726 2693 5779 Celsus
2716 5732 2808 5787 est,
2834 5733 2998 5776 contra
3023 5736 3169 5787 quem
3195 5721 3384 5787 scripsit
3414 5722 3674 5784 orig‘nes.
