4096 6326
264 324 335 382 53
1127 342 1132 349 ‘
1318 321 1387 378 ιΝ
1428 319 1643 378 EPlST.
1687 318 1707 370 ι
1773 318 1864 373 AD

1974 315 2059 371 lli.
2102 315 2333 370 IIOMXL.
2380 317 2488 375 VH.
3481 325 3556 382 34

257 461 378 517 qua:
395 442 631 508 habebat,
656 441 850 496 dicebat
866 457 970 496 esse
983 439 1284 512 praprium;
1306 440 1394 492 sed
1416 436 1663 491 trahebant
1685 435 1856 489 omnia

262 535 590 597 coummnia,
624 542 672 585 et
710 532 1025 586 dividebatur
1064 531 1280 601 singulis
1327 539 1473 599 prout
1511 530 1689 594 cuique
1731 543 1858 597 opus

261 634 374 676 erat
407 623 543 692 (Act.
577 624 634 678 4.
662 623 752 678 32.
783 625 910 693 35);
942 633 995 678 et
1022 625 1184 678 vitam
1213 624 1443 693 agebant
1461 621 1777 690 angelicam.
1800 618 1858 673 Si

265 727 410 766 nunc
445 712 515 765 ita
553 712 682 779 liat',
726 723 895 768 totum
922 715 1106 768 orbem
1136 716 1340 782 alisque
1379 712 1545 781 signis
1572 721 1827 765 converte

266 819 404 856 nlllS.
454 803 670 858 Interim
717 822 886 872 vero,
927 808 1019 876 qui
1062 807 1248 860 volunt
1293 806 1521 859 salutem
1564 805 1855 873 consequi,

263 894 547 947 attendant
593 894 882 966 Scripturis
907 914 920 950 :
947 897 1057 951 illic
1095 898 1239 951 enim
1286 897 1399 949 Inuc
1429 896 1686 964 praeclare
1712 906 1857 964 gesta

262 985 540 1042 invenient
561 1028 578 1053 ,
623 998 785 1058 atque
832 989 914 1043 his
942 988 1101 1058 longe
1135 989 1304 1057 plura.
1336 989 1464 1041 Nam
1495 987 1591 1056 ipsi
1623 986 1859 1056 magistri

264 1077 426 1147 longe
473 1079 943 1149 illasupcrabant,
977 1080 1028 1133 in
1053 1079 1190 1133 fame
1218 1090 1269 1133 et
1302 1078 1390 1132 siti
1418 1088 1470 1131 et
1498 1076 1737 1130 nuditate
1763 1078 1858 1130 de—

263 1183 476 1239 gentes.
509 1173 615 1226 Nos
646 1183 823 1226 autem
852 1172 1101 1226 volumus
1129 1173 1309 1225 multis
1342 1171 1439 1223 frui
1470 1171 1696 1233 deliciis,
1723 1169 1858 1223 otio-

259 1279 372 1332 que
397 1279 460 1317 ac
491 1263 723 1318 licentia.
757 1267 826 1319 At
855 1281 959 1317 nun
990 1264 1100 1322 illi;
1133 1262 1239 1315 imo
1264 1261 1600 1314 clamabant:
1625 1261 1704 1312 Ad
1731 1261 1860 1313 hanc

261 1369 426 1418 usque
456 1355 631 1406 harant
659 1356 908 1408 esurimus
939 1364 984 1406 et
1011 1353 1230 1416 sitimus,
1262 1360 1306 1402 et
1338 1350 1465 1402 nudi
1497 1367 1671 1403 sumus
1706 1360 1750 1401 et
1777 1367 1858 1400 ro—

263 1445 439 1515 laphis
470 1446 733 1511 credimur,
762 1455 809 1497 et
841 1443 1097 1497 instabiles
1125 1459 1298 1495 sumus
1323 1443 1400 1511 (l.
1427 1441 1541 1496 Cor.
1569 1442 1622 1495 4.
1651 1441 1758 1512 Η).
1798 1441 1858 1494 Et

261 1539 404 1591 alius
432 1537 648 1606 quidem
679 1553 706 1588 a
734 1535 1067 1604 Jerosolyma
1099 1549 1267 1603 usque
1293 1534 1357 1585 ad
1388 1533 1652 1602 Illyricum
1674 1548 1857 1586 curre-

202 1619 220 1635 ⁸
265 1626 391 1687 bat;
436 1627 573 1679 alius
602 1627 655 1679 in
684 1625 966 1690 ludorum,
1009 1623 1146 1678 alius
1193 1623 1244 1676 in
1290 1623 1590 1676 Maurorum
1624 1618 1852 1685 terrain,

263 1718 409 1770 alius
430 1716 495 1770 ad
521 1716 652 1770 alias
676 1726 854 1785 partes
877 1717 1024 1770 orbis
1050 1734 1063 1770 :
1090 1731 1187 1770 nos
1210 1725 1388 1770 autem
1413 1730 1479 1769 ne
1501 1731 1527 1766 a
1554 1716 1719 1784 patria
1743 1715 1859 1782 qui-

260 1811 389 1864 dem
417 1809 596 1879 egredi
620 1808 904 1875 audemus,
935 1809 1029 1864 sed
1057 1807 1278 1863 delicias
1303 1807 1591 1877 qna-rimus
1615 1807 1860 1876 :ctlesqae

261 1899 596 1962 Splendidas,
621 1908 676 1954 et
698 1900 852 1952 aliam
876 1915 1089 1953 omnem
1114 1914 1291 1953 rerum
1314 1897 1544 1966 copiam.
1569 1896 1699 1963 Quis
1719 1897 1859 1950 enim

263 2001 509 2045 nostrum
541 1991 765 2045 esurivit
792 2005 1043 2058 umquam
1077 1997 1295 2058 propter
1320 1990 1539 2042 verbum
1573 1988 1703 2043 Dei?
1742 1991 1880 2057 quis-

268 2081 322 2134 in
365 2081 654 2135 solitudine
684 2079 817 2132 fuit?
845 2080 967 2149 quis
1011 2079 1170 2148 longe
1202 2079 1574 2147 peregrinatus
1599 2080 1715 2132 est?
1743 2081 1861 2148 quis

263 2187 331 2224 ex
362 2169 673 2224 doctoribus
712 2169 992 2240 exlabore
1022 2184 1277 2222 manuum
1313 2168 1518 2230 γὶνυιιει,
1551 2169 1672 2222 aliis
1703 2184 1859 2237 apem

267 2259 433 2315 tulit?
480 2259 600 2330 quis
633 2269 857 2314 mortem
886 2259 1140 2314 sustinuit
1183 2259 1584 2329 quotidianam?
1612 2259 1743 2311 Hine
1767 2259 1858 2326 qui

265 2353 550 2407 nobiscum
571 2363 716 2419 sunt,
738 2352 1038 2424 ignaviores
1055 2352 1209 2406 fiunt.
1233 2351 1439 2406 Etenim
1463 2352 1509 2406 si
1530 2353 1648 2422 quis
1671 2352 1858 2407 viderit

265 2445 472 2500 milites
501 2446 558 2500 et
582 2443 768 2510 duces,
801 2459 924 2499 cum
955 2443 1115 2512 fame,
1163 2442 1252 2498 siti
1298 2455 1352 2500 et
1391 2454 1563 2496 morte
1605 2445 1861 2513 malisque

263 2535 522 2590 omnibus
548 2545 926 2589 concertanles
947 2576 960 2599 ,
1012 2533 1179 2604 frigus
1222 2543 1274 2589 et
1310 2533 1545 2604 pericula
1578 2534 1862 2604 omniaque

241 2625 508 2680 'lerentes
534 2627 750 2680 leonum
777 2628 944 2680 instar
964 2635 1020 2680 et
1042 2636 1261 2681 strenue
1283 2637 1536 2697 agentes;
1563 2627 1864 2697 deindeque

266 2717 669 2789 philosophiam
699 2716 846 2770 illam
875 2716 1147 2770 solventes
1173 2757 1188 2781 ,
1219 2725 1274 2769 et
1302 2717 1574 2771 molliores
1602 2718 1821 2772 etl'ectos
1844 2759 1859 2783 ,

267 2808 512 2878 pecunia:
542 2807 766 2877 cupidos
789 2849 803 2872 ,
847 2807 1297 2877 negotiationibus
1326 2815 1380 2862 et
1420 2809 1497 2862 rei
1525 2808 1861 2878 cauponaria:

267 2901 590 2968 studentes,
633 2910 690 2956 et
727 2899 795 2954 ab
837 2899 1085 2956 hostibus
1123 2898 1396 2965 devictos;
1439 2910 1693 2956 extremm
1721 2912 1865 2956 esset

267 2997 522 3050 amentia:
552 2997 739 3048 harum
781 3009 961 3048 rerum
1003 3009 1218 3049 causam
1246 3009 1514 3063 qtttnrere.
1547 2995 1659 3048 lloc
1684 3004 1864 3050 autem

268 3087 335 3141 de
379 3086 537 3139 nobis
586 3093 641 3139 et
687 3083 756 3138 de
798 3084 1095 3153 majoribus
1141 3084 1341 3138 nostris
1383 3083 1864 3151 cogitemusmam

269 3177 510 3230 omnium
543 3173 876 3230 imbecillimi
897 3175 1022 3229 facti
1050 3189 1256 3240 sumus,
1282 3183 1334 3227 et
1359 3171 1864 3244 i-ifreprwsentiad-

269 3269 419 3324 dicti.
448 3267 603 3336 Quod
629 3269 672 3323 si
705 3269 960 3340 inventus.
984 3269 1251 3338 quispiam
1281 3267 1441 3322 fuerit
1467 3267 1742 3337 vestigium
1774 3268 1867 3321 ha-

273 3361 409 3414 bens
447 3358 652 3413 veteris
692 3359 1004 3428 sapientize,
1043 3361 1088 3412 is
1118 3358 1250 3412 loris
1288 3368 1342 3413 et
1378 3358 1598 3413 urbibus
1630 3359 1865 3425 relictis,

278 3458 439 3522 atque
479 3451 535 3505 in
580 3450 860 3505 hominum
904 3451 1085 3506 medio
1123 3452 1325 3505 versari
1357 3460 1412 3504 et
1438 3451 1573 3506 alios
1604 3451 1868 3505 moderari

275 3557 515 3608 cessans,
547 3541 614 3596 ad
644 3553 856 3596 montes
883 3557 942 3596 se
967 3539 1213 3596 confert:
1238 3539 1282 3593 si
1310 3541 1430 3611 quis
1457 3556 1585 3597 vero
1621 3556 1870 3597 secessus

1963 445 2178 486 causam
2209 432 2532 496 sciscitetur,
2561 445 2781 486 causam
2830 432 2922 488 ille
2969 450 3044 501 pr.
3065 434 3174 488 fert
3205 436 3418 489 veniam
3455 450 3562 488 neu

1964 532 2282 578 merentem.
2309 522 2386 577 Ne
2410 538 2647 592 peream,
2675 523 2868 593 inquit,
2897 539 2962 578 ac
2987 543 3054 579 ne
3083 525 3330 581 hebetior
3354 528 3420 581 ad
3450 528 3562 580 vir-

1967 626 2132 670 tutem
2161 616 2283 670 liam
2306 659 2320 682 ,
2351 617 2552 672 resilio.
2583 617 2652 671 Et
2678 625 2879 686 quanto
2902 617 3096 672 melius
3123 627 3290 683 esset,
3321 618 3566 674 hebetio-

1963 720 2079 762 rem
2107 718 2157 762 te
2188 708 2303 763 fieri
2332 717 2386 763 et
2413 709 2550 763 alios
2576 709 2805 774 lucrari,
2839 725 3002 779 quam
3035 710 3086 762 in
3114 710 3226 764 alto
3253 720 3562 765 manentem

1966 800 2159 856 fratres
2188 801 2470 871 despicere
2501 803 2837 872 pereuntes?
2874 801 3100 869 Quando
3132 803 3292 871 igitur
3331 803 3424 857 alii
3455 805 3565 858 vir-

1966 901 2130 946 tutem
2159 908 2265 945 non
2294 902 2505 959 curant,
2537 892 2753 962 alii‘qni’
2768 907 2954 948 curam
2976 893 3092 961 ejus
3117 892 3335 960 habent,
3357 895 3426 950 ab
3447 896 3565 950 acie

1967 985 2146 1053 procul
2187 986 2483 1051 recedunt,
2529 985 2799 1056 quomodo
2826 986 3251 1056 expuguahimns
3280 986 3564 1040 inimicos?

1964 1075 2096 1128 Nam
2126 1077 2335 1130 etiamsi
2367 1094 2508 1131 nunc
2532 1079 2683 1147 signa
2710 1088 2910 1142 essent,
2943 1080 3188 1148 quisnam
3215 1079 3566 1148 persuadere-

1968 1169 2091 1222 tur?
2136 1177 2230 1222 aut
2259 1170 2379 1238 quis
2408 1186 2474 1224 ex
2504 1171 2743 1223 externis
2773 1168 2930 1223 nobis
2957 1171 3196 1224 animum
3242 1170 3561 1236 adhiberet,

1967 1261 2199 1329 nequitia
2221 1260 2298 1314 sic
2317 1261 2776 1330 supergredieute.
2798 1260 2930 1315 Nam
2951 1261 3054 1315 vita
3077 1278 3115 1314 l'l
3135 1273 3223 1316 cte
3243 1273 3362 1315 acta
3383 1265 3565 1317 muLis

1964 1351 2178 1406 videtur
2204 1367 2325 1406 esse
2356 1353 2523 1422 magis
2552 1352 2657 1407 [ide
2682 1352 2865 1422 digna.
2897 1353 3056 1422 Signa
3102 1353 3245 1407 enim
3291 1355 3429 1422 apud
3462 1355 3563 1406 int-

1967 1442 2229 1511 pudentes
2256 1452 2311 1496 et
2340 1443 2511 1496 malus
2537 1442 2783 1498 homines
2805 1442 2858 1497 in
2889 1459 3103 1512 pravam
3131 1443 3360 1512 aliquam
3383 1447 3562 1518 suspi-

1964 1534 2174 1588 cionem
2215 1536 2472 1601 venient;
2519 1535 2622 1589 vita
2668 1547 2847 1590 autem
2890 1553 3020 1605 pura
3071 1538 3242 1606 ipsum
3275 1552 3337 1590 os
3363 1536 3564 1590 diaboli

1963 1625 2176 1679 abunde
2202 1626 2484 1681 obstruere
2529 1628 2748 1695 poterit.
2801 1628 2926 1682 llaec
2955 1641 3134 1682 autem
3165 1628 3288 1681 dico
3314 1639 3369 1682 et
3397 1628 3565 1694 impe-

1965 1718 2205 1773 rantibus
2236 1727 2288 1774 et
2320 1718 2547 1788 imperio
2574 1721 2890 1788 parentibus
2913 1761 2929 1783 ,
2961 1732 3014 1775 et
3047 1738 3155 1789 pne
3185 1723 3398 1775 caneris
3427 1722 3557 1774 mihi

1967 1809 2089 1878 ipsi,
2136 1819 2192 1864 ut
2237 1809 2396 1870 vitam
2436 1810 2787 1864 exhibeamus
2828 1810 3245 1872 mirabilem,‘et
3291 1827 3414 1864 eum
3461 1828 3560 1863 nos

1971 1902 2116 1969 ipsos
2146 1903 2636 1971 composuerimus,
2661 1902 2946 1971 pnesentia
2970 1902 3149 1955 omnia
3179 1902 3562 1969 ἀρειιίςὶεηιιιιδ.

1967 1996 2385 2051 Comemnamns
2408 1998 2710 2066 pecuniam,
2733 2007 2788 2051 et
2809 2014 2913 2052 non
2934 2010 3341 2052 contemnamus
3359 1979 3566 2066 gehen-

1969 2103 2089 2140 nam
2117 2105 2130 2141 :
2157 2088 2520 2156 despiciamus
2544 2089 2769 2158 gloriam
2796 2129 2812 2154 ,
2845 2097 2900 2143 et
2930 2105 2995 2142 ne
3035 2088 3397 2158 deSpieiamus
3424 2088 3568 2141 salu—

1970 2187 2074 2231 tem
2105 2195 2118 2230 :
2146 2179 2231 2231 hic
2255 2179 2546 2232 snbeaums
2571 2169 2824 2233 sudorem
2857 2187 2912 2233 et
2941 2179 3202 2241 laborem,
3237 2187 3294 2232 ut
3323 2195 3429 2232 non
3459 2180 3568 2232 illic

1968 2266 2263 2340 incidamus
2293 2268 2345 2320 in
2380 2268 2726 2337 supplicium.
2775 2270 2869 2324 Sic
2897 2284 3020 2323 cum
3051 2270 3337 2338 gentilibus
3366 2270 3565 2324 bellum

1966 2370 2234 2424 geramus.
2258 2357 2336 2411 sic
2356 2357 2475 2411 illus
2497 2359 2828 2414 abducamus
2852 2359 2911 2413 in
2927 2361 3294 2429 captivitatem
3323 2361 3567 2414 libertate

1967 2452 2416 2518 pra:stantiorem.
2465 2452 2669 2507 Verum
2717 2454 2834 2509 lucc
2877 2469 3023 2522 szepe
3076 2463 3132 2509 et
3179 2453 3489 2524 frequenter
3535 2469 3564 2504 a

1969 2542 2123 2596 nobis
2145 2542 2418 2609 dicuntur,
2452 2560 2576 2598 raro
2604 2553 2785 2599 autem
2820 2546 2973 2599 fiunt.
3000 2546 3270 2601 (Sa-terum
3311 2544 3426 2600 sive
3454 2544 3568 2597 ha-c

1971 2635 2099 2687 tiant
2121 2675 2134 2698 ,
2165 2634 2277 2688 sive
2304 2650 2414 2687 non
2447 2635 2573 2688 fiant
2593 2677 2606 2689 .
2636 2650 2849 2706 mquam
2880 2647 2963 2690 est
3008 2652 3102 2704 per
3141 2653 3203 2690 ea
3233 2651 3330 2689 vos
3355 2636 3568 2689 assidue

1971 2741 2214 2781 monere.
2266 2726 2322 2780 Si
2373 2725 2516 2780 enim
2568 2727 2722 2782 bonis
2775 2726 2955 2782 verbis
3005 2726 3222 2796 quidam
3269 2725 3566 2794 decipiunt,

1970 2815 2140 2867 multo
2170 2817 2339 2883 magis
2365 2833 2461 2884 par
2488 2827 2573 2871 est
2612 2833 2708 2872 eos
2733 2859 2748 2882 ,
2799 2818 2892 2888 qui
2919 2817 2987 2873 ad
3020 2818 3298 2872 veritatem
3331 2816 3565 2882 ducunt,

1971 2921 2075 2959 non
2106 2904 2383 2974 delatigari
2417 2907 2470 2960 in
2499 2906 2730 2962 dicendo
2759 2923 2822 2961 ea
2849 2925 2968 2977 qna:
3001 2919 3126 2962 sunt
3153 2909 3328 2962 utilia.
3358 2907 3491 2961 Nam
3523 2909 3569 2961 si

1972 2996 2293 3065 deceptores
2322 3006 2398 3051 tot
2427 2998 2689 3057 machinis
2731 3008 2954 3053 utuntur
2979 3017 2994 3052 ε
3017 2998 3274 3067 pecunias
3300 2997 3443 3051 enim
3471 2999 3572 3051 im-

1975 3089 2240 3158 pendunt,
2276 3091 2435 3144 verba
2468 3090 2766 3156 adhibent,
2793 3090 3029 3161 pericula
3054 3090 3308 3156 subeunt,
3336 3096 3392 3143 et
3433 3104 3569 3158 pra:-

1975 3179 2206 3234 fei-turas
2233 3191 2507 3236 ostentant
2531 3201 2544 3235 :
2570 3184 2740 3236 multo
2779 3183 2949 3252 magis
2987 3197 3088 3255 nos
3111 3223 3126 3247 ,
3156 3183 3248 3251 qui
3290 3197 3320 3236 a
3361 3181 3571 3236 fallacia

1973 3274 2308 3337 abducimns,
2340 3284 2395 3328 et
2428 3274 2668 3343 pericula
2699 3283 2754 3330 et
2780 3285 2984 3329 mortes
3009 3283 3064 3328 et
3087 3274 3269 3328 omnia
3296 3273 3567 3327 sustinere

1975 3375 2188 3433 oportet
2213 3406 2228 3431 ,
2276 3375 2414 3425 ut.et
2443 3381 2541 3421 nos
2569 3367 2717 3436 ipsos
2742 3378 2800 3425 et
2825 3367 2964 3423 alios
2993 3367 3182 3424 lucrati
3208 3408 3223 3432 ,
3253 3376 3309 3422 et
3336 3366 3570 3421 inimicis

1978 3457 2420 3526 inexpugnabiles
2463 3459 2608 3525 facti,
2649 3459 2913 3530 promissa
2963 3459 3104 3516 bona
3147 3473 3566 3530 consequamur,

1982 3548 2152 3616 gratia
2182 3557 2236 3603 et
2267 3550 2617 3622 benignitate,
2649 3560 2756 3607 etc.

1659 3753 2006 3816 HOMILIA
2049 3760 2188 3820 VII.

274 3903 404 3961 Cn.
437 3902 496 3958 2.
525 3918 579 3958 v.
612 3902 666 3957 6.
701 3900 1022 3970 Sapientiam
1050 3908 1216 3954 autem
1246 3901 1495 3979 loquimur
1534 3901 1664 3954 inter
1695 3900 1867 3971 perfe-

346 4005 483 4057 ctos;
514 3993 821 4061 sapientiam
848 4008 963 4047 vero
988 4008 1091 4045 non
1118 3991 1274 4060 hujus
1302 3992 1480 4044 διεωιί
1500 4033 1513 4055 ,
1547 4006 1704 4061 neque
1725 3991 1870 4059 priu-

348 4088 516 4156 cipum
548 4085 703 4153 hujus
729 4084 929 4148 seculi,
954 4085 1053 4152 ,συὶ
1093 4085 1460 4148 destruantur;
1494 4085 1548 4138 'l.
1577 4083 1667 4137 sed
1706 4083 1872 4152 loqui-

349 4194 460 4229 mur
485 4174 586 4228 Dei
614 4174 915 4243 sapientium
941 4174 994 4226 in
1020 4173 1280 4243 mysterio,
1307 4190 1422 4241 qua:
1445 4173 1738 4228 abscondita
1765 4182 1870 4234 est,

348 4286 499 4339 quam
549 4265 926 4337 prcdestinavit
969 4263 1114 4320 Deus
1157 4275 1276 4318 ante
1323 4267 1510 4320 uacula
1553 4266 1608 4319 in
1657 4264 1875 4335 gloriam

349 4370 596 4413 nostram.

351 4453 401 4507 1.
433 4449 698 4504 Tenebras
745 4446 996 4504 videntur
1038 4462 1159 4504 esse
1201 4449 1318 4505 luce
1348 4447 1766 4517 opportuniores
1811 4447 1876 4502 iis

276 4543 368 4612 qui
399 4540 648 4610 laborant
684 4537 899 4602 oculis;
941 4538 1171 4608 ideoque
1213 4540 1382 4609 magis
1409 4539 1474 4593 ad
1507 4539 1874 4593 adumbratam

275 4632 556 4687 ardiculam
583 4627 919 4696 confugiunt.
950 4627 1062 4682 Hoc
1103 4630 1264 4682 etiam
1299 4643 1395 4683 usu
1435 4631 1579 4684 venit
1624 4631 1678 4683 in
1722 4629 1879 4699 spiri-

280 4724 406 4777 tuali
450 4721 739 4792 sapientia.
773 4719 866 4774 Dei
912 4717 1128 4789 quidem
1157 4719 1418 4787 sapientia
1453 4723 1692 4774 externis
1721 4720 1874 4774 vide~

278 4816 439 4870 batur
463 4830 588 4869 esse
617 4811 840 4868 stultitia
871 4829 885 4876 ;
913 4824 1101 4866 eorum
1132 4824 1263 4862 vero
1288 4811 1575 4878 sapientia,
1605 4826 1726 4881 qua:
1752 4826 1878 4865 sere

280 4908 510 4961 stultitia
547 4914 684 4972 erat,
715 4906 781 4960 ab
812 4905 944 4974 ipsis
972 4901 1232 4973 sapientia
1262 4911 1502 4969 reputat.)
1536 4901 1654 4956 fuit.
1688 4902 1755 4956 Et
1780 4916 1872 4969 ρε-

283 4997 436 5051 rinde
461 4995 830 5066 contingebat,
855 5011 916 5050 ac
946 4995 988 5048 si
1019 4993 1138 5063 quis
1164 4991 1425 5060 sapientia
1453 5003 1507 5044 et
1537 5000 1651 5045 arte
1681 4993 1876 5061 guber-

284 5084 446 5139 nandi
473 5093 653 5146 utcns.
684 5085 1025 5152 polliceretur
1041 5098 1099 5139 se
1121 5082 1236 5137 sine
1263 5095 1396 5134 nave
1422 5090 1477 5134 et
1501 5079 1632 5133 velis
1661 5081 1878 5150 pelagus

284 5176 610 5230 immensum
638 5188 761 5228 esse
789 5176 1224 5230 transmissurum
1250 5190 1264 5239 ;
1312 5171 1613 5241 deindcque
1648 5181 1879 5234 tegtaret

284 5263 584 5320 ratiociniis
628 5263 855 5332 probare
893 5267 994 5322 hoc
1022 5267 1134 5321 ﬁeri
1172 5279 1370 5335 posse;
1405 5262 1541 5317 alius
1569 5279 1697 5317 vero
1731 5265 1875 5334 quis-

282 5359 427 5429 piam
459 5355 700 5412 omnium
732 5354 1033 5424 imperitus,
1067 5359 1209 5425 navi,
1242 5357 1587 5429 gubernatori
1616 5369 1669 5411 et
1699 5359 1876 5412 nautis

283 5467 408 5506 sese
441 5449 808 5514 committens,
854 5450 934 5503 sic
962 5465 1083 5505 eum
1126 5456 1413 5506 securitate
1445 5449 1736 5519 navigaret.
1771 5451 1881 5505 llu-

281 5546 374 5614 jus
389 5543 536 5600 enim
563 5558 625 5599 ea
647 5557 765 5614 quae
783 5540 993 5595 videtur
1011 5557 1133 5598 esse
1153 5541 1437 5613 lmpe‘ritia,
1460 5541 1599 5596 illius
1621 5543 1881 5611 sapientia

287 5636 587 5705 sapientior
610 5644 775 5692 esset.
809 5633 951 5688 Bona
973 5632 1172 5703 quippe
1191 5644 1275 5691 est
1304 5647 1391 5689 ars
1407 5632 1759 5704 gubernandi,
1783 5631 1880 5688 sed

291 5743 413 5786 cum
439 5728 646 5799 majora
663 5722 820 5800 quam
841 5741 937 5798 par
955 5724 1024 5779 sit
1048 5725 1354 5795 pollicetur,
1384 5726 1607 5783 stultitia
1634 5726 1878 5798 quamam

637 5826 907 5885 l‘uuon.
953 5823 1074 5884 Gn.
1119 5823 1281 5912 LXI.

1980 3900 2095 3971 est";
2126 3904 2184 3962 ut
2211 3917 2266 3962 et
2300 3908 2477 3963 omnis
2502 3923 2614 3973 ars,
2642 3924 2764 3978 qua:
2791 3923 2898 3962 non
2925 3907 3040 3963 suis
3071 3915 3325 3962 contenta
3353 3917 3436 3963 est
3468 3919 3579 3962 ιονι-

1978 3998 2158 4053 minis.

2050 4087 2318 4157 Sapientia
2351 4091 2775 4161 jiltilosopltorum
2800 4100 3088 4144 exterarum
3117 4089 3332 4144 stultitia
3356 4100 3483 4143 erat.
3508 4119 3576 4128 -—-

1980 4177 2072 4233 Sic
2110 4181 2271 4233 etiam
2311 4190 2536 4234 externa
2567 4182 2829 4249 sapientia
2867 4180 3057 4234 fuisset
3099 4182 3382 4248 sapientia,
3411 4181 3457 4234 si
3482 4195 3576 4235 usa

1981 4278 2126 4324 esset
2150 4269 2352 4340 Spiritu
2385 4288 2397 4323 :
2436 4269 2532 4325 sed
2557 4270 2680 4339 quia
2709 4270 2812 4324 sibi
2856 4270 3035 4324 omnia
3078 4270 3347 4340 permisit,
3391 4286 3492 4327 nec
3519 4287 3577 4328 se

1979 4359 2181 4415 auxilio
2223 4359 2330 4416 ullo
2369 4375 2506 4432 Opus
2553 4361 2753 4417 habere
2777 4361 3004 4432 putavit,
3045 4360 3271 4417 stultitia
3311 4362 3446 4417 facta
3474 4376 3579 4428 est,

1982 4453 2084 4508 etsi
2125 4453 2396 4509 videretur
2439 4455 2701 4524 sapientia
2739 4470 2882 4510 esse.
2919 4454 3260 4524 Quapropter
3286 4469 3406 4509 cum
3435 4455 3579 4522 prius

1983 4545 2128 4600 illam
2151 4562 2216 4601 ex
2244 4547 2406 4600 rebus
2429 4546 2562 4615 ipsis
2588 4544 2939 4608 confutasset,
2974 4554 3101 4598 tunc
3131 4546 3274 4597 illam
3301 4544 3579 4597 stultitiam

1985 4638 2191 4690 vocavit
2214 4651 2229 4699 ;
2258 4643 2459 4691 etcum
2485 4633 2633 4702 prius
2659 4633 2756 4686 Dei
2789 4632 3104 4701 sapientiam
3127 4647 3192 4687 ex
3223 4632 3435 4686 illorum
3460 4647 3578 4688 sen-

1986 4725 2148 4780 tentia
2197 4724 2475 4777 stultitiam
2508 4732 2795 4788 vocasset,
2841 4733 2968 4777 tunc
3006 4722 3244 4778 ostendit
3283 4722 3434 4778 iilam
3463 4740 3580 4779 esse

1983 4815 2298 4884 sapientiam
2329 4814 2349 4887 (
2378 4829 2502 4869 nam
2528 4825 2651 4886 post
2676 4815 3023 4886 probationes
3050 4824 3175 4870 tunc
3201 4817 3436 4871 maxime
3465 4832 3580 4885 pos-

1983 4915 2108 4960 sunt
2126 4906 2558 4962 contradicentes
2583 4907 2787 4976 pudore
2812 4907 3075 4974 sutl’undi)
3102 4924 3113 4959 :
3143 4917 3201 4961 et
3221 4907 3297 4961 ait
3322 4924 3336 4962 :
3361 4907 3581 4974 Sapien-

1987 4998 2108 5050 tiam
2123 5007 2292 5052 autent
2311 4998 2567 5068 loquimur
2589 5001 2721 5053 inter
2742 5005 3010 5070 perfectos.
3035 4998 3167 5052 Nam
3195 5012 3315 5050 cum
3344 5012 3467 5066 ego,
3495 4995 3582 5066 qui

1986 5091 2180 5145 stultus
2201 5104 2322 5145 esse
2346 5097 2402 5144 et
2427 5090 2588 5143 stulta
2630 5090 2857 5158 prtediea
2869 5105 2926 5142 re
2950 5089 3230 5143 existimor
3246 5129 3260 5146 ,
3285 5102 3339 5140 sa
3349 5087 3584 5156 pie-utam

1987 5195 2336 5252 superavero,
2364 5197 2471 5234 non
2517 5196 2611 5250 per
2647 5181 2927 5234 stultitiam
2961 5179 3208 5246 superavi
3246 5177 3584 5246 sapientiam,

1988 5274 2081 5330 sed
2115 5290 2208 5344 per
2234 5275 2549 5342 sapientiam
2580 5272 2955 5343 perlecﬁorem
2974 5314 2988 5337 ,
3018 5280 3073 5326 et
3103 5279 3303 5326 tantam
3331 5280 3589 5340 tantoque

1990 5365 2079 5419 illa
2113 5363 2393 5432 majorem,
2426 5374 2485 5418 ut
2506 5364 2595 5417 illa
2623 5361 2844 5418 stultitia
2871 5377 2993 5417 esse
3018 5362 3283 5417 videatur.
3311 5361 3437 5416 Ideo
3463 5375 3584 5414 cum

1989 5457 2136 5525 prius
2177 5455 2321 5508 illam
2355 5454 2426 5508 ita
2460 5464 2739 5520 vocasset,
2771 5463 2830 5508 ut
2859 5454 2936 5508 illi
2967 5464 3093 5510 tunc
3123 5453 3470 5509 nominabant
3493 5491 3509 5518 ,
3535 5462 3598 5506 et

1989 5561 2052 5601 ex
2084 5544 2243 5600 rebus
2270 5545 2402 5613 ipsis
2428 5546 2707 5600 victoriam
2745 5544 3108 5611 exhibuisset,
3141 5544 3367 5614 illosque
3395 5541 3587 5596 admo-

1989 5637 2114 5691 dum
2156 5636 2348 5691 stultos
2383 5652 2506 5693 esse
2537 5637 2818 5706 probasset
2859 5655 2875 5693 :
2917 5637 2988 5694 de
3014 5645 3214 5692 caetero
3255 5650 3451 5690 nomen
3481 5635 3587 5704 ipsi

1993 5728 2120 5791 dat.
2141 5726 2284 5799 quod
2325 5728 2378 5784 ei
2404 5728 2728 5798 conveniat,
2767 5728 2990 5788 dicens;
3015 5726 3339 5799 Sapientiam
3367 5741 3484 5781 vero
3511 5724 3586 5778 lo-

3186 5818 3230 5878 lo
