4096 6326
532 283 604 338 53
1290 274 1342 328 S.
1376 271 1655 331 JOANNIS
1692 273 2168 333 CIIRYSOSTOMI
2210 277 2521 338 ARCIHEP.
2564 286 3094 352 CONSTANTINOP.
3755 311 3818 365 56

521 385 725 452 quimur
753 382 880 436 inter
910 387 1175 451 perfectos.
1203 383 1530 454 Sapientiam
1557 397 1736 442 autem
1766 389 1893 444 dicit
1923 391 2087 458 prmdi

530 476 790 528 rationem
826 483 879 528 et
906 475 1120 529 modum
1165 476 1384 543 salutis,
1421 487 1613 548 nempe
1643 480 1849 534 salvum
1880 481 1991 535 ﬁeri
2026 498 2118 549 per

523 579 775 628 crucem;
812 564 1074 631 perfectos
1103 577 1312 636 autem,
1347 583 1442 623 eos
1480 571 1571 638 qui
1623 572 1985 626 crediderunt.
2021 572 2138 627 Et?

522 656 666 707 enim
693 657 763 709 illi
790 658 1005 725 perfecti
1029 669 1173 724 sunt,
1195 667 1285 730 qni
1312 661 1540 715 humana
1563 663 1802 717 videntes
1820 679 1939 719 esse
1968 665 2119 719 valde

524 746 754 812 inﬁrma,
791 749 985 818 illaque
1014 749 1394 819 despicientes,
1443 768 1756 822 persuasum
1791 755 1986 810 habent
2028 757 2113 809 illa

522 839 652 893 nihil
680 841 780 896 sibi
801 841 1075 906 conferre,
1096 844 1392 913 cujusmodi
1422 844 1636 901 fuerunt
1668 847 1874 905 ﬁdeles.
1897 849 2117 915 Sapien-

521 934 641 984 tiam
681 941 847 985 autem
877 950 976 986 non
1017 933 1171 1004 hujus
1209 937 1403 990 surculi.
1453 936 1550 992 Ubi
1594 953 1825 1007 namque
1855 940 1997 992 utilis
2035 949 2118 994 est

519 1031 740 1074 externa
769 1023 1049 1091 sapientia,
1079 1041 1199 1095 quae
1228 1026 1313 1079 hic
1341 1027 1559 1096 quidem
1588 1027 1784 1081 desinit
1808 1038 1863 1083 ct
1889 1030 2114 1085 ulterius

519 1127 625 1165 non
656 1115 1014 1183 progreditur,
1057 1132 1229 1184 neque
1270 1117 1355 1170 hic
1402 1117 1657 1185 prodesse
1688 1128 1859 1186 potest
1891 1120 1976 1186 iis,
2022 1123 2110 1189 qui

517 1200 602 1256 illa
632 1213 753 1257 sunt
781 1206 1027 1274 pra-diti?
1059 1207 1333 1276 Principes
1355 1216 1531 1261 autem
1559 1210 1740 1262 s-ceuli
1766 1209 1850 1263 hic
1877 1226 1981 1264 non
2007 1212 2116 1264 dic-

519 1310 702 1348 moncs
748 1296 1006 1364 quosdam
1050 1296 1199 1362 dicit,
1237 1309 1290 1350 ut
1321 1299 1537 1367 quidam
1587 1302 1964 1369 suspicantur;
2016 1303 2109 1356 sed

516 1400 629 1447 eos,
681 1387 768 1454 qui
805 1387 853 1439 in
895 1387 1241 1456 dignitatibus
1271 1399 1323 1442 et
1369 1389 1420 1442 in
1469 1391 1806 1458 magistratu,
1856 1393 1943 1461 qui
1998 1409 2109 1447 rem

516 1475 657 1529 illam
702 1478 1010 1537 existimant
1056 1479 1399 1546 prteclaram,
1437 1480 1806 1548 philosotibos,
1841 1492 2106 1547 oratores,

513 1569 806 1634 set-iltores
840 1584 852 1620 :
900 1585 1020 1621 nam
1068 1571 1118 1621 bi
1157 1586 1298 1638 Sapo
1333 1571 1666 1639 imperabant
1705 1581 1756 1626 et
1798 1575 2109 1644 plermnque

513 1658 694 1723 populi
729 1656 977 1712 ductores
1018 1671 1192 1713 erant.
1226 1660 1392 1728 llujus
1422 1672 1596 1715 autem
1627 1664 1804 1717 szcruli
1841 1666 2109 1734 principes

517 1747 758 1809 vocavit,
794 1750 912 1818 quia
950 1749 1186 1818 ipsorum
1230 1753 1512 1819 imperium
1560 1769 1664 1807 non
1698 1755 1833 1808 ultra
1876 1769 2110 1822 praesens

513 1838 767 1892 strculum
811 1841 1095 1907 procedit:
1131 1842 1481 1908 qraunobrem
1528 1842 1842 1913 subjunxit:
1881 1844 1980 1910 Qui
2023 1847 2110 1897 de-

511 1939 802 1992 struantur;
834 1947 897 1983 ex
929 1947 984 1983 re
1012 1932 1120 1998 ipsa
1151 1933 1293 1984 illam
1319 1931 1603 1986 cntifutans
1632 1943 1683 1988 et
1712 1950 1773 1987 ex
1806 1934 1868 1986 iis
1899 1934 1985 2003 qui
2020 1935 2106 1988 illa

513 2030 755 2075 utuntur.
798 2020 931 2074 Qum
965 2013 1291 2075 ostendisset
1329 2025 1470 2076 enim
1505 2024 1647 2075 illaut
1683 2023 1867 2078 falsam
1905 2040 2025 2078 esse
2055 2034 2107 2078 et

512 2114 728 2167 stultam
751 2156 765 2178 ,
797 2125 851 2168 et
885 2114 1016 2168 nihil
1049 2115 1288 2169 invenire
1323 2131 1512 2182 posse,
1549 2116 1919 2183 infinitamque
1947 2131 2106 2172 esse:

511 2209 748 2261 ostendit
783 2209 944 2262 etiam
991 2224 1158 2277 parvo
1187 2219 1429 2277 tempore
1459 2211 1776 2265 consistere.
1813 2210 1919 2265 Sed
1945 2212 2107 2280 loqui—

512 2315 625 2348 mur
659 2297 748 2349 Dci
777 2298 1083 2363 sapientia»:
1113 2300 1164 2351 in
1192 2301 1446 2369 mysterio.
1477 2298 1533 2352 lu
1563 2302 1670 2368 quo
1695 2300 1990 2369 mysterio?
2016 2301 2107 2354 At-

511 2390 597 2457 qui
637 2389 762 2441 dicit
796 2389 1041 2444 Christus
1074 2409 1085 2443 :
1123 2387 1274 2457 Quod
1309 2393 1359 2444 in
1401 2407 1524 2444 aure
1558 2392 1803 2456 audistis,
1839 2394 2109 2460 prtetlicate

512 2496 662 2545 super
692 2489 816 2532 tecta
848 2478 1061 2549 (Matth.
1090 2481 1174 2534 10.
1200 2481 1310 2550 9.7).
1337 2481 1618 2547 Quomodo
1641 2498 1768 2553 ergo
1793 2484 1936 2537 illam
1955 2494 2108 2538 vocat

513 2572 865 2640 ttiystet'ittnt?
894 2570 1025 2637 Quia
1059 2587 1232 2642 neque
1260 2574 1483 2642 angelus
1516 2589 1688 2642 neque
1717 2573 2070 2642 arebangelus
2089 2615 2104 2638 ,

513 2678 684 2731 neque
709 2663 809 2714 ulla
835 2672 1011 2716 creata
1040 2672 1274 2731 potestas
1301 2664 1351 2716 id
1377 2674 1596 2718 noverat
1621 2673 1907 2734 antequam
1933 2665 2102 2718 ﬁeret.

512 2753 635 2805 Ideo
667 2754 760 2816 ait,
798 2751 862 2806 Ut
894 2754 1175 2806 innotescat
1204 2772 1336 2807 nunc
1367 2756 1736 2825 principatibus
1765 2766 1809 2809 et
1842 2759 2103 2827 potestati-

510 2847 601 2900 bus
642 2849 693 2899 in
723 2847 1006 2901 ca'lestibus
1044 2865 1133 2916 per
1177 2848 1456 2904 Ecclesium
1503 2851 1826 2921 multiformis
1857 2851 2106 2919 sapientia

517 2937 613 2991 Dei
643 2935 861 3006 (Ep/res.
896 2937 948 2991 5.
981 2937 1093 3006 10).
1128 2939 1236 2992 lloe
1265 2949 1441 2994 autem
1475 2939 1601 2995 fecit
1633 2941 1771 2994 Deus
1803 2956 1898 2994 nos
1932 2941 2104 2994 bono-

515 3045 661 3090 rans,
695 3037 751 3081 ut
778 3028 1056 3082 nobiscum
1088 3030 1337 3086 audirent
1371 3031 1646 3101 mysteria.
1681 3031 1811 3085 Nam
1848 3047 1943 3086 nos
1972 3047 2102 3100 quo-

512 3135 616 3187 que
648 3118 743 3182 eis,
780 3131 913 3188 quos
946 3119 1097 3174 nobis
1126 3105 1409 3176 fecerimus
1440 3123 1660 3188 amicos,
1696 3124 1797 3177 boc
1823 3139 2107 3192 argumen-

510 3218 624 3264 tum
651 3211 878 3264 dicimus
899 3226 1019 3267 csse
1040 3213 1288 3267 amicitiae
1316 3224 1534 3279 nostra),
1566 3214 1707 3284 quod
1731 3215 1932 3269 nemini
1961 3217 2106 3284 prius

510 3317 670 3371 quam
699 3303 827 3371 ipsis
854 3313 1058 3358 secreta
1092 3305 1414 3360 revelemus.
1446 3305 1743 3364 Andiantii
1774 3309 1862 3377 qui
1911 3308 2104 3376 prredi-

509 3393 780 3447 cationcm
834 3393 1160 3462 traducunt,
1229 3397 1583 3467 omnibusque
1643 3398 2104 3452 indiscriminatim

510 3483 829 3553 margaritas
862 3494 916 3538 et
957 3486 1147 3555 dogma
1177 3487 1453 3540 cmmtiant
1485 3497 1539 3542 et
1580 3497 1762 3542 sancta
1805 3489 2025 3542 canibus
2052 3498 2105 3542 et

509 3577 688 3646 porcis
717 3575 1108 3647 superﬁuisque
1139 3578 1432 3633 ratiociniis
1464 3579 1770 3649 projiciunt.
1797 3579 2104 3650 Mysterium

514 3685 742 3739 namque
792 3670 1108 3739 probatione
1153 3687 1288 3741 Opus
1337 3687 1443 3726 non
1493 3672 1690 3741 habet;
1723 3674 1815 3728 sed
1862 3675 1909 3727 id
1965 3675 2105 3743 quod

514 3771 596 3813 est
647 3765 1015 3816 annuntiatur.
1073 3763 1284 3818 Etenim
1341 3780 1446 3818 non
1501 3765 1605 3819 erit
1658 3774 1829 3820 totum
1902 3775 2103 3835 myste-

513 3852 651 3902 rium
704 3851 985 3916 divinum,
1030 3867 1150 3906 cum
1205 3867 1233 3907 a
1282 3863 1331 3908 te
1394 3854 1510 3924 ipso
1564 3855 2101 3924 aliquidaddidcris.

513 3940 760 4007 Alioquin
790 3957 918 3996 vero
949 3945 1264 4014 mysterium
1303 3954 1545 4009 vocatur,
1575 3947 1696 4015 quia
1736 3962 1840 4000 non
1884 3963 2001 4016 qum
2031 3949 2107 4001 vi-

511 4031 723 4094 demus,
753 4032 1024 4086 crcdimus
1044 4076 1059 4100 ,
1085 4033 1179 4088 sed
1222 4035 1326 4088 alia
1368 4036 1633 4100 videmus,
1657 4037 1760 4090 alia
1810 4039 2101 4093 credimus.

512 4120 655 4173 'l‘alis
701 4135 934 4189 namque
977 4132 1061 4176 est
1104 4126 1484 4194 mysteriorum
1536 4138 1844 4182 nostrorum
1893 4139 2104 4184 natura.

514 4211 632 4264 Alio
664 4213 823 4282 igitur
854 4212 1015 4266 modo
1043 4229 1171 4282 ego,
1215 4226 1268 4270 et
1306 4219 1410 4271 alio
1449 4219 1683 4275 inﬁdelis
1714 4223 1856 4276 circa
1889 4223 2004 4277 lucc
2030 4223 2108 4276 al-

516 4296 637 4353 feeti
667 4317 870 4356 smnus.
907 4298 1082 4357 Atidio
1108 4318 1227 4372 ego,
1259 4305 1402 4373 quod
1429 4307 1716 4362 cruciﬁxus
1741 4311 1812 4363 sit
1835 4311 2104 4375 Christus,

513 4401 570 4448 et
601 4394 717 4460 ejus
743 4408 866 4462 erga
896 4395 1141 4451 homines
1178 4411 1416 4450 amorem
1449 4398 1627 4451 statim
1664 4399 1932 4463 admiror;
1962 4401 2108 4454 audit

515 4485 638 4551 ille,
674 4492 728 4538 et
768 4484 1188 4542 imbecillitatem
1219 4499 1367 4559 putat
1396 4507 1408 4543 :
1443 4489 1602 4544 audio
1631 4491 1772 4560 quod
1806 4505 1993 4545 Servus
2032 4493 2108 4545 fa-

513 4585 632 4631 ctus
659 4577 748 4641 sit,
777 4583 831 4628 et
863 4578 1250 4644 providentiam
1279 4579 1549 4645 admiror;
1577 4582 1724 4636 audit
1754 4583 1844 4637 ille
1865 4591 1919 4637 et
1943 4582 2108 4637 dede-

510 4685 606 4723 cus
629 4684 747 4724 esse
769 4678 922 4739 putat
947 4686 959 4721 :
985 4668 1145 4720 audio
1166 4670 1307 4737 quod
1331 4681 1573 4728 mortuus
1595 4677 1682 4738 sit,
1707 4685 1760 4731 ct
1781 4677 1846 4731 de
1871 4677 2103 4745 potentia

511 4762 628 4827 ejus
672 4761 1029 4831 obstupeseo,
1080 4761 1224 4830 quod
1262 4776 1290 4813 a
1331 4773 1504 4817 morte
1537 4782 1640 4819 non
1673 4780 1956 4837 superatus
1998 4771 2102 4836 sit,

512 4854 619 4904 imo
647 4853 805 4906 etiam
837 4862 1062 4907 mortem
1091 4853 1424 4918 dissolverit;
1455 4856 1602 4910 audit
1631 4859 1720 4911 ille
1741 4901 1753 4923 ,
1784 4869 1834 4913 et
1861 4862 2102 4916 imbecil-

513 4943 716 4996 litatem
765 4942 1085 5009 suspicatur.
1133 4946 1262 4999 Cum
1305 4946 1452 5000 audit
1490 4947 1579 5002 ille
1610 4950 2060 5005 resurrectionem
2087 4993 2100 5015 ,

509 5035 745 5088 fabulam
779 5048 901 5088 esse
931 5043 1078 5102 putat
1105 5052 1117 5098 ;
1150 5052 1248 5104 ego
1282 5054 1410 5092 vero
1436 5049 1551 5108 post
1579 5050 1829 5110 acceptas
1857 5055 1921 5094 ex
1945 5042 2106 5096 rebus

509 5125 639 5193 ipsis
666 5124 1172 5188 demonStrationes,
1209 5126 1299 5180 Bei
1338 5133 1691 5186 oeconomiam
1718 5131 1907 5186 adoro.
1939 5131 2106 5185 Lava-

510 5230 661 5268 crum
706 5216 930 5270 andiens
977 5215 1100 5283 ille,
1146 5233 1338 5285 aquam
1385 5229 1586 5276 tantum
1633 5239 1754 5279 esse
1794 5232 1971 5294 putat;
2005 5235 2105 5293 ego

511 5321 638 5358 vero
670 5320 774 5358 non
800 5306 940 5374 quod
972 5308 1178 5362 videtur
1203 5309 1377 5363 solum
1404 5313 1626 5381 aSpicio,
1659 5315 1753 5369 sed
1775 5317 1935 5371 etiam
1965 5317 2106 5383 puri-

513 5396 814 5450 ﬁcationem
845 5396 1036 5450 animre
1065 5416 1161 5467 per
1187 5401 1464 5469 Spiritum.
1497 5401 1777 5460 Existimat
1804 5409 1891 5463 ille
1929 5410 2101 5462 solum

513 5485 642 5538 mihi
666 5487 904 5541 ablutum
938 5500 1057 5541 esse
1082 5503 1309 5558 corpus;
1343 5508 1442 5562 ego
1469 5503 1647 5549 autem
1675 5499 1836 5551 credo
1867 5499 2102 5553 animam

507 5591 720 5643 quoque
749 5592 934 5646 puram
965 5587 1018 5632 et
1045 5589 1282 5635 sanetam
1313 5582 1506 5638 factam
1547 5600 1701 5654 esse,
1735 5598 1787 5645 et
1814 5595 1989 5660 cogito
2018 5606 2101 5645 sc-

511 5665 775 5733 pulcrum,
797 5670 1264 5741 resurrectionem,
1289 5675 1790 5751 sanctiﬁcationem,
1812 5684 2091 5754 jusutiam,

2236 395 2659 466 redemptionem
2686 445 2699 468 ,
2749 405 3091 476 adoptionem
3115 453 3127 474 ,
3164 412 3513 474 hereditatem
3536 462 3551 484 ,
3599 438 3814 492 regnum

2229 487 2481 542 ea-lorum
2503 532 2517 555 ,
2546 491 2727 547 datum
2760 496 3037 566 Spiritum.
3073 500 3186 557 Non
3213 507 3354 559 enim
3395 526 3458 564 ex
3501 513 3611 567 visu
3638 487 3819 582 judico

2228 577 2314 631 illa
2343 595 2461 649 qum
2488 598 2779 654 apparent,
2825 591 2918 645 sed
2958 597 3151 647 mentis
3187 600 3376 653 oculis.
3420 605 3592 658 Audin
3624 577 3817 675 corpus

2223 667 2459 737 Christi;
2496 675 2653 730 aliter
2683 694 2783 748 ego
2825 680 3024 736 dictum
3060 685 3328 756 intelligo,
3377 693 3531 747 aliter
3561 667 3817 753 inﬁde-Iis.

2295 763 2349 814 2.
2382 766 2457 819 Ac
2488 770 2941 836 quemadmodum
2984 779 3130 844 pueri
3179 780 3343 836 libros
3377 783 3649 851 videntes,
3700 789 3808 844 litc-

2226 866 2404 907 rarum
2440 857 2547 910 vim
2582 875 2687 914 non
2717 864 2927 929 sciunt,
2963 883 3059 921 nee
3102 884 3162 922 ea
3210 883 3407 926 norunt
3446 889 3563 942 qua:
3595 877 3816 943 vident;

2225 942 2332 998 imo
2360 961 2486 1001 vero
2509 949 2551 1002 si
2580 949 2662 1003 vir
2687 951 2961 1009 literarum
2993 958 3270 1028 imperitus
3291 963 3392 1028 sit,
3428 964 3527 1019 hoc
3561 966 3686 1019 item
3720 968 3815 1033 ipsi

2225 1040 2475 1104 eveniet;
2509 1043 2597 1109 qui
2623 1058 2749 1097 vero
2778 1049 2982 1112 peritus
3011 1063 3114 1116 est,
3150 1055 3369 1108 multam
3401 1058 3571 1112 literis
3603 1060 3814 1113 insitam

2223 1127 2329 1182 vim
2362 1131 2626 1199 inveniet,
2663 1136 2800 1190 vitas
2832 1138 3067 1209 integras
3114 1154 3166 1198 et
3211 1145 3496 1203 historias:
3530 1160 3582 1205 ct
3613 1154 3816 1219 episto-

2224 1220 2326 1274 lam
2377 1224 2654 1292 imperitus
2701 1231 3006 1300 accipiens,
3059 1234 3297 1292 chartam
3347 1255 3466 1295 eSse
3515 1245 3720 1310 putabit
3765 1254 3817 1299 et

2219 1324 2615 1385 atramentum;
2650 1325 2852 1391 peritus
2887 1343 3015 1382 vero
3047 1341 3098 1385 et
3140 1347 3328 1388 vocem
3359 1336 3574 1404 audiet,
3609 1348 3662 1390 et
3693 1355 3815 1396 cum

2219 1406 2439 1463 absente
2469 1410 2729 1480 disseret,
2763 1426 2817 1471 et
2843 1420 2981 1487 quod
3015 1422 3240 1478 voluerit
3271 1442 3453 1480 rursus
3497 1444 3591 1496 per
3635 1431 3817 1485 literas

2218 1496 2359 1553 dicet
2386 1517 2398 1553 :
2429 1501 2496 1555 ita
2525 1503 2686 1558 etiam
2721 1507 2770 1560 in
2802 1512 3055 1580 mysterio
3079 1517 3256 1568 evenit
3285 1533 3297 1568 :
3333 1517 3571 1574 inﬁdeles
3597 1522 3814 1589 quidem

2216 1591 2425 1646 etiamsi
2467 1595 2714 1663 audiant,
2747 1602 2934 1657 audire
2980 1620 3085 1658 non
3115 1607 3390 1674 videntur;
3426 1612 3609 1667 ﬁdeles
3636 1624 3812 1668 autem

2216 1682 2304 1750 qui
2346 1697 2442 1750 per
2471 1682 2728 1752 Spiritum
2762 1691 3010 1756 peritiam
3052 1694 3284 1760 habent,
3332 1699 3435 1750 vim
3479 1704 3814 1759 reconditam

2218 1773 2418 1828 vident.
2454 1776 2566 1832 [loc
2612 1779 2770 1848 igitur
2815 1783 3096 1838 declarans
3139 1787 3330 1842 Paulus
3372 1789 3612 1857 dicirbat,
3667 1796 3814 1860 Quod

2216 1880 2349 1917 nunc
2371 1883 2570 1937 quoque
2594 1874 2660 1924 sit
2689 1875 3039 1928 absconditum
3066 1879 3202 1943 quod
3229 1881 3538 1947 prmdicatur
3559 1901 3576 1935 .'
3603 1902 3816 1951 pereun-

2214 1958 2343 2011 tibus
2386 1963 2551 2028 attint,
2599 1965 2800 2033 inquit.
2849 1979 2919 2020 est
2959 1969 3304 2025 absconditum
3350 1975 3438 2045 (εὶ.
3473 1976 3590 2028 Cor.
3634 1979 3685 2031 4.
3727 1982 3807 2044 5).

2215 2047 2464 2117 Alioquin
2489 2063 2668 2106 autem
2697 2058 3128 2122 praulirationein
3157 2065 3525 2122 admirabilem
3553 2071 3810 2126 ostendit.

2217 2137 2288 2190 Ita
2319 2140 2455 2192 Solet
2499 2158 2690 2198 vocare
2718 2146 2988 2216 Scriptura
3037 2152 3152 2215 illa,
3200 2170 3317 2223 qua!
3362 2169 3553 2224 pra-ter
3579 2175 3728 2228 spem
3760 2172 3814 2216 et

2215 2243 2377 2298 supra
2409 2243 2641 2287 mentem
2680 2239 2962 2293 humanam
2992 2253 3132 2296 sunt.
3173 2245 3295 2299 Ideo
3323 2247 3449 2300 alibi
3493 2265 3709 2318 quoque
3735 2253 3814 2307 di-

2214 2321 2305 2383 cit,
2339 2321 2636 2392 Mystcrium
2667 2344 2828 2380 meum
2859 2333 2981 2381 milii
3008 2343 3053 2384 et
3082 2337 3202 2387 meis
3231 2337 3331 2403 (Is.
3363 2338 3450 2390 9.4.
3487 2341 3574 2406 7);
3610 2352 3664 2393 et
3691 2358 3812 2395 rur-

2215 2426 2328 2463 sum
2361 2413 2554 2465 Paulus
2586 2433 2596 2464 :
2633 2415 2763 2468 Iz'rrc
2790 2422 3081 2487 mysterium
3123 2425 3258 2476 vobis
3304 2426 3416 2478 dico
3448 2443 3464 2478 :
3494 2445 3666 2480 omnes
3697 2433 3810 2498 qui-

2214 2503 2325 2552 dem
2350 2519 2448 2555 uou
2472 2505 2796 2571 dormiamus,
2822 2527 2991 2564 ontucs
3013 2522 3177 2565 autem
3199 2515 3575 2569 inmtutabimw‘
3595 2521 3609 2585 «ξ
3626 2521 3641 2571 l
3660 2561 3670 2570 .
3692 2523 3806 2573 Cor.

2217 2593 2301 2647 15.
2334 2594 2447 2663 51).
2483 2595 2588 2647 Etsi
2622 2615 2783 2666 porro
2813 2601 3005 2670 ubique
3037 2606 3373 2674 przedlcalur,
3403 2610 3562 2663 etiam
3589 2612 3666 2664 sie
3699 2628 3811 2682 my-

2213 2683 2434 2736 sterium
2483 2698 2582 2739 est.
2621 2688 2832 2742 Etenim
2882 2693 3093 2760 utjussi
3141 2712 3360 2762 smnus,
3405 2699 3547 2766 quod
3591 2702 3641 2754 in
3683 2717 3811 2755 aure

2212 2775 2514 2829 audivimus
2558 2781 2851 2847 prmdicare
2894 2799 3054 2852 super
3099 2794 3231 2839 tecta
3271 2807 3281 2841 :
3326 2789 3402 2842 sic
3440 2791 3574 2857 jussi
3624 2810 3811 2846 sumus

2214 2877 2395 2918 saneta
2429 2883 2532 2919 non
2563 2869 2692 2922 dare
2722 2873 2962 2930 canibus,
2998 2890 3169 2942 neque
3203 2879 3462 2943 projicere
3491 2886 3809 2949 margaritas

2211 2966 2337 3010 ante
2387 2973 2601 3026 porcos.
2633 2960 2764 3014 Nam
2794 2964 2880 3016 alii
2925 2977 3044 3018 sunt
3074 2968 3366 3031 animales,
3397 2982 3451 3024 et
3480 2986 3584 3024 non
3618 2974 3808 3028 intelli-

2211 3057 2367 3116 gunt;
2399 3049 2490 3103 alii
2522 3051 2761 3106 velamen
2791 3053 2987 3109 habent
3012 3072 3105 3112 cor
3131 3074 3286 3114 suum
3315 3061 3594 3131 obtegens,
3626 3076 3678 3118 et
3705 3080 3807 3119 non

2213 3139 2412 3193 vident.
2446 3142 2586 3211 Ergo
2614 3147 2924 3214 mysterium
2959 3148 3087 3202 illud
3125 3162 3205 3205 cst
3232 3153 3487 3219 maxime,
3518 3155 3659 3224 quod
3691 3162 3808 3226 qui-

2211 3227 2333 3281 dem
2378 3230 2573 3299 nbique
2618 3234 2956 3299 I‘irmdieatur,
2992 3253 3096 3292 non
3142 3243 3483 3309 cognoscitur
3519 3255 3699 3299 autem
3743 3247 3810 3301 ab

2214 3317 2278 3370 iis
2307 3318 2395 3387 qui
2438 3331 2636 3374 rectam
2669 3339 2772 3376 non
2805 3324 3002 3380 habent
3031 3339 3300 3395 mentem;
3339 3332 3604 3388 revelatur
3631 3346 3808 3392 autem

2215 3422 2318 3460 non
2347 3425 2375 3462 a
2407 3411 2701 3480 sapientia,
2742 3415 2835 3469 sed
2865 3431 2894 3469 a
2923 3416 3122 3485 Spiritu
3167 3431 3386 3488 sancto,
3419 3434 3679 3492 quantum
3713 3443 3811 3481 nos

2214 3513 2496 3568 possumus
2520 3504 2786 3572 accipere.
2818 3507 3178 3572 Quamobrem
3207 3526 3315 3566 non
3350 3513 3685 3570 aberraverit
3708 3558 3722 3581 ,
3765 3519 3810 3572 si

2213 3593 2331 3660 quis
2359 3595 2519 3648 etiam
2549 3597 2848 3652 secundum
2881 3599 2981 3653 hoc
3012 3613 3325 3671 mysterium
3349 3606 3698 3675 appellaverit
3721 3626 3812 3665 ar-

2211 3696 2443 3748 canum;
2476 3701 2646 3755 neque
2678 3689 2821 3742 cnim
2853 3691 3007 3744 nobis
3038 3691 3282 3749 ﬁdelibus
3308 3696 3502 3752 tradita
3531 3698 3628 3752 fuit
3656 3700 3811 3769 plena

2212 3775 2328 3841 ejus
2357 3779 2628 3845 perceptio
2651 3788 2706 3834 ct
2726 3776 2974 3836 accurata
3005 3785 3214 3840 notitia.
3238 3787 3575 3858 Quapropter
3599 3790 3812 3850 dicebat

2216 3868 2444 3930 Paulus,
2493 3869 2574 3923 Ea:
2605 3883 2747 3940 parte
2788 3877 3135 3941 cognoscimus
3174 3889 3219 3931 et
3259 3896 3322 3932 ea:
3359 3891 3504 3950 parte
3531 3884 3811 3952 propheta—

2212 3975 2343 4012 mus.
2384 3959 2622 4015 Videmus
2649 3965 2782 4016 enim
2809 3982 2942 4018 nunc
2982 3984 3070 4036 per
3098 3970 3357 4036 speculum
3379 3973 3525 4040 quasi
3569 3974 3623 4025 in
3650 3975 3813 4043 amig-

2212 4060 2364 4115 mate,
2414 4060 2531 4104 tunc
2577 4063 2744 4106 autem
2776 4057 2907 4122 facie
2930 4058 2998 4109 ad
3029 4059 3208 4124 faciem
3237 4061 3314 4129 (1.
3337 4061 3455 4114 Cor.
3488 4062 3576 4116 l5.
3605 4064 3658 4118 9.
3694 4065 3808 4132 12).

2213 4138 2335 4194 Ideo
2369 4141 2533 4207 dicit,
2566 4140 2846 4212 Loquimur
2873 4148 3175 4216 sapientiam
3203 4151 3254 4201 in
3284 4152 3810 4221 mystcrio,qua:abs-

2212 4230 2426 4286 condita
2481 4242 2591 4300 est,
2624 4250 2776 4302 quant
2807 4237 3178 4304 praedestinavit
3216 4239 3356 4294 Deus
3399 4251 3515 4295 ante
3542 4243 3733 4295 swcula
3759 4244 3810 4294 in

2226 4329 2454 4395 gloriam
2477 4337 2731 4382 nostram.
2766 4329 3158 4391 Absconditam,
3183 4329 3352 4388 idest,
3376 4328 3518 4380 nulla
3543 4341 3606 4380 ex
3632 4340 3820 4393 super-

2229 4415 2313 4470 nis
2334 4417 2688 4485 potestatibus
2706 4426 2833 4472 ante
2848 4434 2949 4473 nos
2969 4416 3186 4479 didicit;
3211 4417 3292 4467 Vt‘l
3310 4415 3452 4482 quod
3476 4429 3654 4482 neque
3677 4414 3818 4467 mul-

2214 4499 2251 4551 ti
2281 4513 2421 4552 nunc
2450 4514 2682 4558 norunt:
2716 4501 2818 4556 hoe
2862 4504 3004 4556 enim
3045 4503 3350 4560 declaratur
3386 4522 3452 4561 ex
3494 4508 3610 4574 illo,
3644 4509 3811 4575 Quam

2212 4591 2592 4661 praedestinavit
2638 4593 2690 4646 in
2739 4593 2955 4664 gloriam
2999 4604 3268 4650 nostram:
3307 4613 3634 4667 quamquam
3683 4601 3811 4656 alibi

2210 4685 2372 4751 dicat,
2398 4685 2465 4739 In
2492 4686 2710 4756 gloriam
2737 4706 2880 4743 suam
2907 4688 3126 4760 (Epiros.
3153 4691 3202 4744 l.
3230 4689 3344 4759 12).
3370 4691 3530 4746 Suam
3551 4694 3694 4747 enim
3727 4711 3811 4749 re-

2213 4786 2357 4845 putat
2386 4778 2610 4847 gloriam
2633 4780 2860 4835 salutem
2880 4792 3116 4837 nostram
3139 4799 3152 4845 ;
3184 4793 3243 4836 ut
3267 4783 3427 4836 etiam
3451 4783 3663 4839 divitias
3685 4801 3811 4842 suas

2211 4875 2400 4931 vocat,
2437 4867 2647 4921 etiamsi
2672 4870 2788 4938 ipse
2817 4870 2886 4923 sit
2914 4871 3171 4923 bonorum
3202 4870 3430 4936 divitiae,
3459 4883 3512 4926 et
3544 4875 3691 4930 nullo
3723 4879 3807 4931 in-

2211 4954 2389 5021 digeat
2429 4967 2484 5008 ut
2510 4958 2578 5010 sit
2607 4959 2776 5016 dives.
2812 4959 3231 5024 I’rwdestinavit,
3267 4961 3465 5030 inquit,
3498 4978 3650 5021 suam
3682 4983 3809 5037 erga

2214 5059 2310 5097 nos
2338 5046 2728 5113 providentiam
2759 5049 3018 5103 indicans.
3046 5050 3121 5102 llli
3149 5051 3290 5105 enim
3322 5055 3556 5112 maxime
3583 5073 3682 5113 nos
3712 5059 3810 5114 ho-

2213 5154 2402 5194 norare
2428 5149 2481 5195 et
2501 5156 2683 5196 amare
2705 5143 3101 5208 existimantur,
3132 5145 3219 5214 qui
3250 5147 3402 5204 nobis
3421 5165 3451 5204 a
3482 5150 3643 5222 longo
3675 5165 3810 5207 tem-

2213 5242 2339 5296 pore
2371 5232 2504 5284 bona
2548 5232 2794 5288 conferre
2825 5232 2996 5301 parati
3034 5244 3157 5288 sunt
3177 5276 3192 5301 ,
3225 5237 3276 5292 id
3302 5241 3445 5309 quod
3477 5241 3679 5295 faciunt
3710 5258 3807 5311 pa-

2211 5329 2390 5375 rentes
2422 5322 2581 5376 ﬁliis:
2616 5325 2814 5378 etenim
2860 5324 2903 5376 si
2938 5333 3208 5393 postremo
3252 5330 3382 5385 dant
3425 5332 3718 5400 pecunias,
3755 5333 3807 5386 id

2206 5412 2409 5479 jamdiu
2452 5424 2505 5468 et
2536 5415 2604 5469 ab
2631 5416 2781 5470 initio
2823 5419 3172 5483 praemeditati
3204 5421 3434 5476 fuerant.
3465 5421 3577 5474 lloc
3607 5422 3804 5479 Paulus

2173 5523 2176 5526 ·
2211 5519 2350 5560 nunc
2388 5518 2612 5563 conatur
2647 5507 2932 5564 ostendere
2955 5552 2969 5576 ,
3001 5515 3141 5581 quod
3187 5514 3328 5569 Deus
3362 5528 3461 5568 nos
3506 5529 3721 5584 semper
3751 5528 3805 5572 et

2205 5597 2315 5666 jam
2343 5601 2470 5655 olim
2498 5603 2786 5665 amaverit,
2819 5616 2940 5657 cum
2978 5606 3218 5660 nondum
3261 5606 3368 5659 nati
3397 5620 3661 5662 essemus.
3692 5607 3803 5664 Nisi

2214 5690 2356 5748 enim
2393 5703 2661 5763 amasset,
2708 5693 2917 5753 divitias
2957 5699 3110 5756 nobis
3150 5713 3258 5756 non
3287 5696 3799 5771 praedestinavisset.
