4082 6326
123 375 195 435 55
1161 377 1231 435 IN
1279 379 1503 437 EPIST.
1552 373 1698 435 1Αο
1753 370 1919 433 COR.
1955 375 2189 436 HOMIL.
2236 380 2341 437 VII.
3337 394 3408 450 56

122 498 225 569 τὴν
250 492 410 564 νίκην
464 491 672 557 δείξας,
724 494 820 548 καὶ
867 495 1116 561 ἐκείνους
1172 500 1463 570 ἀποφήνας
1517 496 1724 567 σφόδρα

126 576 370 646 μωροὺς,
409 575 475 630 τὸ
511 576 790 647 προσῆκον
834 580 973 650 αὑτῇ
1026 580 1213 635 λοιπὸν
1245 583 1525 637 ἀπέδωκεν
1550 582 1725 653 ὄνομα

117 658 329 729 λέγων·
389 661 624 729 Σοφίαν
662 660 733 714 δὲ
782 664 1097 733 λαλοῦμεν
1142 666 1214 718 ἐν
1259 666 1386 732 τοῖς
1438 666 1719 733 τελείοις.

122 741 328 811 Σοφίαν
367 742 426 801 δὲ
448 743 602 812 λέγει
629 746 693 800 τὸ
715 747 981 817 κήρυγμα
1005 747 1101 800 καὶ
1140 747 1233 801 τὸν
1256 748 1462 818 τρόπον
1491 748 1593 818 τῆς
1618 765 1724 801 σω-

117 824 340 895 τηρίας.
390 827 455 879 τὸ
502 828 593 884 διά
632 821 888 900 ’σταυροῦ
923 828 1189 899 σωθῆναι·
1238 831 1480 895 τελείως
1505 830 1563 884 δὲ
1592 831 1721 893 τοὺς

121 910 588 975 πεπιστευκότας.
643 912 755 966 Καὶ
811 912 923 983 γὰρ
953 914 1154 967 ἐκεῖνοι
1204 915 1400 967 τέλειοι
1433 915 1483 967 οἱ
1521 913 1591 969 τά
1620 916 1717 969 άν-

122 988 373 1060 θρώπινα
399 994 604 1057 είδότες
627 995 708 1048 ὅτι
746 994 955 1069 σφόδρα
984 996 1209 1066 ἀσθενῆ,
1241 998 1337 1051 καὶ
1369 997 1720 1068 ὑπεριδόντες

120 1072 326 1151 αὑτῶν,
357 1076 441 1129 ὅτι
476 1076 644 1147 μηδὲν
682 1076 869 1140 αὑτοῖς
903 1079 1277 1151 συμϐάλλεται
1330 1078 1716 1149 πεπεισμένοι,

118 1148 223 1206 οἷοι
256 1157 554 1225 γεγόνασιν
580 1160 631 1212 οί
657 1161 862 1215 πιστοί.
908 1148 1141 1231 Σοφίαν
1160 1161 1229 1215 δὲ
1260 1163 1334 1216 οὐ
1362 1162 1471 1216 τοῦ
1498 1148 1719 1228 αίῶνος

119 1239 361 1294 τούτου.
396 1241 508 1294 Ποῦ
540 1242 651 1314 γάρ
679 1246 951 1316 χρήσιμος
976 1246 1010 1317 ἡ
1031 1244 1230 1310 ἔξωθεν
1264 1246 1448 1314 σοφία,
1480 1245 1716 1300 ἐνταῦθα

120 1324 580 1395 καταστρέφουσα
637 1327 733 1379 καὶ⁸
784 1328 1100 1399 περαιτέρω
1156 1328 1232 1399 μὴ
1288 1328 1578 1400 προϊοῦσα,
1619 1328 1717 1381 καὶ

119 1406 240 1459 οὑδέ
287 1408 527 1462 ἐνταῦθα
573 1408 851 1480 δυναμένη
891 1427 943 1462 τι
993 1410 1120 1474 τοὺς
1177 1410 1403 1481 ἔχοντας
1445 1411 1714 1480 ὠφελεῖν;

124 1490 434 1559 Ἀρχοντας
462 1492 518 1545 δὲ
551 1492 751 1554 αίῶνος
781 1492 1017 1547 ἐνταῦθα
1047 1494 1107 1547 οὑ
1142 1494 1405 1565 δαίμονάς
1444 1513 1601 1558 τινας
1621 1494 1713 1546 λέ-

119 1588 226 1638 γει,
253 1573 444 1635 καθώς
466 1591 612 1636 τινες
643 1574 1046 1629 ὑποπτεύουσιν
1067 1593 1080 1607 ·
1137 1576 1274 1630 ἀλλά
1302 1579 1430 1641 τοὺς
1456 1579 1515 1630 ἐν
1544 1577 1714 1641 ἀξιώ-

122 1673 275 1724 μασι,
305 1658 438 1719 τοὺς
465 1659 523 1708 ἐν
551 1657 918 1725 δυναστείαις,
947 1660 1076 1722 τους
1103 1660 1165 1713 τὸ
1195 1662 1431 1732 πρᾶγμα
1470 1662 1713 1732 περιμά-

119 1756 283 1807 χητον
311 1736 456 1793 εἶναι
480 1740 826 1810 νομίζοντας,
861 1741 1193 1811 φιλοσόφους
1222 1743 1319 1797 καὶ
1344 1744 1583 1816 ῥήτορας
1618 1745 1714 1799 καὶ

118 1819 527 1891 λογογράφους·
571 1824 665 1877 καὶ
715 1823 825 1894 γάρ
858 1825 1013 1878 αὑτοὶ
1062 1826 1356 1896 ἐκράτουν,
1405 1829 1499 1882 καὶ
1532 1828 1712 1897 δημα-

115 1906 290 1971 γωγοὶ
317 1904 585 1969 πολλάκις
617 1906 880 1975 ἐγίνοντο.
909 1906 1018 1961 Τοῦ
1047 1908 1105 1962 δέ
1131 1909 1329 1973 αίῶνος
1359 1909 1555 1964 τούτου
1584 1910 1714 1965 ἐκά-

116 1986 273 2040 λεσεν
340 1987 638 2059 ἄρχοντας,
683 1989 877 2060 ἐπειδὴ
933 1992 1251 2062 περαιτέρω
1296 1991 1391 2045 τοῦ
1444 1993 1715 2062 παρόντος

114 2071 310 2134 αἰῶνος
358 2073 417 2124 οὑ
465 2072 718 2142 πρόεισιν
748 2074 930 2127 αὑτῶν
960 2076 993 2144 ή
1029 2075 1212 2147 ἀρχή·
1250 2075 1332 2129 διὸ
1377 2078 1472 2130 καὶ
1499 2079 1711 2150 ἐπήγα-

114 2168 201 2218 γε·
241 2154 363 2208 Τῶν
388 2154 911 2225 καταργουμένων·
943 2156 1164 2211 οἴκοθέν
1190 2176 1250 2212 τε
1288 2161 1460 2232 αὑτὴν
1491 2160 1713 2215 διαδάλο

113 2236 222 2290 λων
254 2238 348 2291 καὶ
379 2238 491 2291 ἀπὸ
519 2239 630 2292 τῶν
668 2239 989 2310 χρωμένων.
1020 2240 1218 2307 Δείξας
1246 2244 1358 2314 γὰρ
1392 2246 1476 2298 δτι
1505 2243 1711 2314 ψευδής

114 2323 286 2385 ἐστιν,
316 2324 399 2376 ὅτι
442 2322 628 2394 μωρά,
653 2324 736 2377 ὅτι
764 2323 919 2376 οὐδὲν
952 2324 1174 2379 δύναται
1200 2327 1402 2396 εὑρεῖν,
1430 2326 1511 2380 ὅτι
1551 2326 1713 2380 ἀσθε-

120 2410 239 2475 νὴς,
278 2406 556 2460 δείκνυσιν
584 2409 667 2461 ὅτι
716 2410 810 2461 καὶ
843 2408 1227 2479 ὀλιγοχρόνιος.
1278 2411 1455 2465 Ἀλλὰ
1483 2411 1711 2465 λαλοῦο

108 2508 226 2558 μεν
261 2492 407 2546 Θεοῦ
437 2494 670 2561 σοςςίαν
703 2495 774 2547 ἐν
820 2495 1158 2563 μυστηρίῳ.
1205 2494 1352 2565 Ποίῳ
1384 2496 1709 2566 μυστηρίῳ;

114 2577 227 2629 Καὶ
259 2578 362 2647 μὴν
389 2578 560 2648 φησιν
590 2580 619 2631 ὁ
649 2578 906 2647 Χριστός·
934 2580 1005 2633 Ὅ
1024 2580 1332 2647 ἠκούσατε
1361 2581 1448 2646 είς
1481 2579 1549 2633 τὸ
1577 2576 1709 2646 οὖς,

115 2660 231 2732 [5|]
250 2658 549 2730 κηρύξατε
570 2660 666 2715 ἐπί
689 2661 810 2716 τῶν
830 2662 1134 2732 δωμάτων.
1150 2663 1275 2726 Πῶς
1295 2659 1388 2717 οὖν
1413 2664 1713 2734 μυστήριον

113 2743 282 2813 αὑτὴν
313 2746 509 2809 καλεῖς
546 2744 769 2814 Ἐπειδὴ
792 2743 918 2798 οὔτε
948 2746 1180 2812 ἄγγελος
1211 2744 1335 2798 οὔτε
1369 2746 1713 2815 ἀρχάγγελος

113 2826 236 2880 οὔτε
273 2826 407 2897 άλλη
442 2846 528 2889 τις
555 2827 688 2880 αὐτὸ
716 2827 909 2897 κτιστὴ
939 2827 1171 2896 δύναμις
1214 2828 1358 2897 ᾔδει,
1390 2832 1519 2899 πρὶν
1554 2830 1709 2897 γενέ-

116 2908 262 2966 σθαι.
292 2911 383 2963 Διό
425 2927 613 2981 φησιν,
659 2910 785 2963 Ἵνα
820 2909 1128 2979 γνωρισθῇ
1165 2910 1284 2963 νῦν
1321 2911 1453 2976 ταῖς
1491 2912 1709 2981 ἀρχαῖς

111 2995 210 3048 καί
242 2995 369 3062 ταῖς
407 2995 726 3060 ἐξουσίαις
756 2995 826 3049 ὲν
859 2995 987 3062 τοῖς
1033 2996 1422 3065 ἐπουρανίοις
1459 2997 1559 3051 διὰ
1600 2996 1710 3064 τῆς

124 3079 488 3144 Ἐκκλησιάς
544 3081 583 3147 ἡ
642 3081 1083 3146 πολυποίκιλος
1140 3081 1328 3150 σοφία
1376 3082 1484 3135 τοῦ
1534 3081 1704 3136 Θεοῦ.

112 3162 280 3216 Τοῦτο
327 3164 385 3216 δὲ
440 3164 718 3234 ἐποίησεν,
765 3165 913 3233 ἡμᾶς
943 3163 1119 3235 τιμῶν
1152 3166 1181 3219 ὁ
1227 3164 1381 3230 Θεὸς,
1409 3165 1552 3219 ὥστε
1584 3166 1708 3236 μεθ’

110 3247 266 3317 ἡμῶν
299 3246 539 3301 ἀκοῦσαι
569 3247 679 3301 τῶν
712 3247 1055 3318 μυστηρίων.
1090 3248 1202 3302 Καὶ
1246 3248 1357 3319 γὰρ
1395 3249 1490 3303 καὶ
1517 3251 1705 3319 ἡμεῖς,

111 3329 203 3395 οὓς
235 3331 303 3385 ἂν
342 3329 713 3402 ποιησώμεθα
767 3330 980 3400 φίλους,
1018 3329 1181 3385 τοῦτο
1239 3334 1542 3405 τεκμήριον
1569 3333 1708 3405 πρὸς

114 3415 305 3477 αὑτοὺς
339 3408 485 3468 εἷναί
530 3430 713 3484 φαμεν
752 3413 856 3484 τῆς
901 3413 1109 3483 φιλίας,
1140 3414 1204 3467 τὸ
1240 3414 1432 3486 μηδενὶ
1466 3415 1574 3485 πρὸ
1604 3416 1707 3470 αὑ-

110 3498 216 3550 τῶν
238 3499 416 3551 εἰπεῖν
438 3497 509 3550 τά
535 3497 845 3568 ἀπόρρητα.
878 3496 1253 3550 Ἀκουέτωσαν
1277 3499 1328 3550 οί
1354 3498 1417 3551 τὸ
1447 3500 1707 3570 κήρυγμα

113 3580 579 3651 ἐκπομπεύοντες,
620 3581 715 3635 καὶ
751 3581 922 3635 πᾶσιν
962 3580 1153 3644 ἁπλῶς
1192 3581 1549 3648 ἐκφαίνοντες
1577 3584 1707 3646 τοὺς

117 3663 463 3735 μαργαρίτας
515 3665 614 3718 καὶ
646 3664 709 3717 τὸ
755 3664 957 3735 δόγμα,
1012 3664 1109 3719 καὶ
1141 3662 1209 3717 τὰ
1244 3662 1377 3731 ἅγια
1429 3665 1559 3717 κυσὶ
1610 3665 1706 3718 καὶ

114 3746 307 3816 χοίροις
348 3746 675 3816 ῥιπτοῦντες
709 3745 805 3800 καὶ
836 3746 1120 3817 λογισμοῖς
1159 3750 1456 3816 περιττοῖς.
1492 3748 1567 3800 Tb
1595 3747 1706 3819 γάρ

118 3829 411 3899 μυστήριον
452 3828 808 3898 κατασκευῆς
844 3828 905 3881 οὑ
965 3828 1162 3891 δεῖται,
1218 3830 1336 3883 ἀλλ’
1388 3830 1529 3901 ὅπερ
1562 3830 1702 3897 ἐστὶ,

116 3911 268 3965 τοῦτο
302 3912 468 3983 μόνον
494 3911 557 3967 ὃν
600 3911 1068 3981 καταγγέλλεται·
1124 3913 1252 3965 ἐπεὶ
1279 3914 1382 3966 οὐκ
1415 3913 1569 3966 ἐσται
1601 3932 1703 3985 μυ-

117 3997 327 4068 στήριον
362 3997 511 4051 θεῖον
545 3997 641 4050 καὶ
667 3995 983 4068 ὁλόκληρον,
1008 3998 1138 4052 ὅταν
1168 3998 1264 4051 καί⁵
1305 3996 1459 4068 παρά
1501 3997 1702 4052 σαυτοῦ

108 4094 164 4131 -τι
192 4079 459 4150 προσθῇς.
498 4080 611 4133 Καὶ
655 4080 833 4143 ἄλλως
882 4079 939 4133 δὲ
982 4080 1285 4151 μυστήριον
1318 4080 1586 4144 καλεῖται,
1620 4082 1704 4134 ὅτι

114 4161 205 4233 οὺχ
224 4152 367 4234 άπερ
391 4162 615 4233 ὁρῶμεν
653 4163 991 4235 πιστεύομεν
1022 4176 1074 4227 ι,
1116 4163 1233 4217 ἀλλ’
1257 4164 1423 4235 ἕτερα
1457 4164 1700 4234 ὁρῶμεν,

116 4246 203 4297 καὶ
237 4246 404 4316 ἔτερα
440 4245 800 4316 πιστεύομεν.
837 4245 1074 4315 Τοιαύτη
1110 4247 1222 4317 γάρ
1266 4248 1299 4318 ή
1346 4246 1458 4300 τῶν
1491 4264 1704 4317 μυστη-

117 4330 238 4395 ρίων
258 4330 421 4401 ήμῶν
454 4329 638 4398 φύσις.
683 4330 923 4402 Ἑτέρως
968 4331 1099 4400 γοῦν
1140 4332 1271 4401 ἐγὼ,
1300 4334 1394 4386 καὶ
1425 4334 1633 4403 ἑτέρως
1674 4333 1704 4385 ὁ

116 4414 332 4477 άπιστος
381 4415 515 4485 περὶ
558 4413 768 4467 τούτων
816 4415 1163 4484 διακείμεθα.
1201 4415 1412 4470 ’Δκούω
1456 4416 1591 4485 ἐγὼ,
1618 4417 1702 4470 ὅτι

116 4497 431 4569 ἐσταυρώθη
465 4501 495 4552 ό
519 4498 775 4568 Χριστὸς,
795 4500 892 4553 καὶ
919 4500 1020 4571 τὴν
1049 4499 1467 4571 φιλανθρωπίαν
1496 4501 1702 4567 εὑθέως

118 4580 406 4655 θαυμάζω·
463 4579 656 4634 ἀκούει
694 4582 925 4648 ἐκεῖνος,
989 4584 1085 4637 καὶ
1130 4582 1421 4637 ἀσθένειαν
1466 4583 1698 4655 νομίζει.

130 4662 326 4718 ’Δκούω
349 4664 436 4717 ὅτι
461 4662 651 4726 δοῦλος
693 4664 906 4732 γέγονε,
938 4666 1036 4719 καὶ
1066 4666 1169 4736 τὴν
1210 4666 1543 4737 κηδεμονίαν
1566 4666 1701 4720 θαυ-

121 4746 266 4812 μάζω
283 4764 297 4776 ·
332 4744 529 4801 ἀκούει
552 4748 781 4812 ἐκεῖνος,
807 4747 902 4800 καὶ
924 4747 1152 4818 ἀτιμίαν
1175 4748 1473 4817 λογίζεται.
1491 4749 1702 4803 Ἀκούω

118 4829 192 4884 δτι
216 4830 481 4894 ἀπέθανε,
533 4829 632 4883 καὶ
673 4828 773 4900 τὴν
817 4829 1051 4901 δύναμιν
1087 4832 1491 4904 ἐκπλήττομαι,
1530 4834 1611 4886 ὅτι
1642 4836 1700 4885 ἐν

121 4909 324 4985 θανάτῳ
353 4913 651 4983 γενόμενος
694 4913 795 4965 οὑκ
842 4915 1149 4986 ἐκρατήθη,
1178 4916 1315 4970 ἀλλά
1344 4917 1441 4970 καὶ
1481 4917 1699 4981 ἐξέλυσε

122 4993 336 5049 θάνατον
358 5015 372 5030 ·
424 4997 614 5051 ἀκούει
642 4998 871 5064 ἐκεῖνος,
909 4999 1004 5050 καὶ
1034 4998 1341 5069 ἀδυναμίαν
1373 4999 1695 5054 ὑποπτεύει.

131 5077 355 5133 ’Ᾱκούων
376 5082 680 5134 ἀνάστασιν
709 5082 936 5147 ἐκεῖνος,
972 5079 1142 5149 μῦθον
1166 5082 1225 5134 τὸ
1250 5084 1488 5154 πρᾶγμά
1511 5101 1696 5155 φησιν·

120 5160 292 5229 ἐγὼδέ
324 5163 423 5227 τὰς
462 5164 550 5217 διά
592 5165 704 5217 τῶν
742 5163 1088 5235 πραγμάτων
1140 5163 1437 5234 δεξάμενος
1478 5168 1698 5220 ἀποδεί-

123 5240 237 5309 ξεις,
274 5246 573 5314 προσκυνῶ
601 5245 698 5299 τοῦ
732 5246 870 5301 Θεοῦ
922 5248 1023 5317 τὴν
1070 5249 1413 5319 οἰκονομίαν.
1456 5251 1699 5304 Ἀκούων

120 5326 327 5401 λουτρὸν
354 5330 588 5393 ἐκεῖνος,
617 5329 806 5394 ἁπλῶς
837 5331 985 5402 ὕδωρ
1015 5331 1232 5402 νομίζει
1260 5351 1271 5362 ι
1306 5331 1419 5400 ἐγὼ
1452 5333 1509 5386 δέ
1536 5335 1597 5387 οὑ
1636 5335 1698 5387 τὸ

122 5410 382 5482 δρώμενον
415 5409 610 5473 ἁπλῶς
643 5410 849 5481 βλέπω,
897 5414 1037 5467 άλλά
1089 5414 1181 5465 τὸν
1217 5414 1319 5482 τῆς
1361 5415 1541 5485 ψυχῆς
1594 5435 1696 5469 κα-

123 5492 314 5568 θαρμὸν
354 5493 448 5548 τὸν
497 5492 589 5547 διὰ
620 5493 716 5546 τοῦ
759 5496 1097 5567 Πνεὺματος.
1138 5497 1374 5561 Ἐκεῖνος
1412 5498 1697 5554 λελοῦσθαί

124 5590 202 5641 μοι
227 5579 289 5631 τὸ
321 5578 486 5648 σῶμα
512 5574 731 5645 νομίζει
764 5580 954 5647 μόνον·
995 5579 1108 5649 ἐγὼ
1141 5579 1197 5634 δὲ
1226 5582 1590 5645 πεπίστευκα,
1614 5587 1695 5640 ὅτι

124 5660 202 5712 καὶ
230 5663 261 5733 ή
291 5663 441 5735 ψυχὴ
473 5661 669 5732 γέγονε
706 5663 927 5735 καθαρά
958 5684 1016 5719 τε
1049 5667 1145 5720 καὶ
1172 5666 1325 5733 ἀγία,
1362 5670 1456 5722 καὶ
1484 5668 1697 5740 λογίζο·

175 5864 736 5941 ⁴ξι)ιιο.σοάι1.“ῐζεδεζς.,
801 5870 988 5941 ρςὦμεν
1060 5873 1313 5941 βλέπομεν,
1391 5874 1542 5941 leclin
1598 5890 1693 5925 non

126 5929 407 5988 spernenda;
444 5932 559 6003 ᾀρᾷγ
585 5929 738 6001 euiip,
764 5929 974 6001 «(itujus
1000 5929 1073 6003 νοξ
1106 5929 1503 6003 vitle'refpeciem
1520 5951 1537 5997 ;
1586 5942 1694 6000 βὶέ-

124 6001 365 6053 πεπνιετο,
412 5995 635 6055 ejusdem
655 5995 754 6044 vim
794 5995 1029 6047 internum
1054 5995 1245 6046 intueri.
1273 5998 1407 6047 Ευιτ.

1836 512 1935 582 μαι
1962 498 2067 582 τὸν
2088 501 2280 571 τάφον,
2327 501 2426 574 τὴν
2472 502 2793 569 ἀνάστασιν,
2846 504 2939 559 τὸν
2979 505 3273 579 ἀγιασμδν,
3310 511 3417 582 τὴν

1826 575 2197 663 δικαιοσύνην,
2232 584 2331 656 τὴν
2368 584 2767 656 ἀπολύτρωσιν,
2819 585 2921 658 τὴν
2967 575 3263 653 υἱοθεσίαν,
3311 575 3412 663 τήν

1826 661 2219 735 κληρονομίαν,
2246 669 2347 738 τὴν
2373 667 2652 738 βασιλείαν
2676 671 2787 723 τῶν
2814 670 3084 741 οὐρανῶν,
3116 673 3213 727 τοῦ
3245 661 3411 729 Πνεύ-

1825 761 1996 815 ματος
2024 747 2126 818 τὴν
2153 751 2435 822 χορηγίαν.
2470 752 2546 805 Οὑ
2579 752 2691 823 γὰρ
2724 755 2789 824 τῇ
2823 751 2945 822 ὄψει
2983 754 3158 824 κρίνω
3184 755 3254 809 τὰ
3287 774 3413 826 φαι·
3479 760 3487 773 ’

1822 830 2045 900 νόμενα,
2074 832 2212 886 ἀλλά
2264 836 2378 897 τοῖς
2423 833 2726 906 ὀφθαλμοῖς
2767 837 2866 906 τῆς
2896 835 3157 901 διανοίας.
3201 840 3414 895 ’Δκούω

1824 912 1985 982 σῶμα
2016 915 2291 986 Χριστοῦ·
2338 916 2543 988 ἑτέρως
2568 916 2680 986 ἐγὼ
2712 916 2821 971 νοῶ
2848 917 2909 971 τὸ
2945 919 3260 992 είρημιὲνον,
3296 923 3410 977 ἐτέ-

1830 1012 1941 1067 ρως
1968 998 1997 1051 ὁ
2023 1000 2272 1065 ἄπιστος.

1891 1078 1959 1150 β’.
1990 1082 2103 1135 Καὶ
2129 1082 2384 1154 καθάπερ
2407 1082 2949 1154 τάπαιδίατάβιὸλία
2970 1085 3410 1158 ὀρῶνταοὺκοῐδε

1816 1161 1929 1217 τῶν
1956 1164 2306 1236 γραμμάτων
2339 1166 2439 1237 τὴν
2472 1165 2725 1239 δύναμιν,
2760 1167 2884 1221 οὑδέ
2918 1164 3061 1222 οἶδεν
3110 1169 3258 1243 ἅπερ
3284 1174 3433 1243 ὁρᾷ,

1819 1245 2022 1316 μᾶλλον
2061 1248 2120 1302 δὲ
2165 1249 2270 1304 κᾶν
2312 1249 2453 1320 ἀνὴρ
2482 1250 2711 1322 ἄπειρος
2822 1253 3195 1323 γραμμάτων,
3237 1255 3413 1310 ταυτὲ

1816 1330 2101 1385 πείσεται·
2132 1334 2161 1386 ὁ
2195 1332 2253 1386 δὲ
2294 1332 2558 1403 ἔμπειρος
2582 1335 2786 1405 πολλὴν
2821 1336 3044 1406 εὑρήσει
3075 1339 3191 1400 τοῖς
3230 1336 3414 1407 γράμ-

1818 1429 1985 1481 μασιν
2032 1416 2470 1486 ἐιαποκειμένην
2524 1417 2626 1487 τὴν
2670 1417 2923 1489 δύναμιν,
2967 1420 3061 1471 καὶ
3109 1420 3256 1489 βίους
3290 1419 3410 1473 ὀλο-

1816 1498 2077 1567 κλήρους,
2116 1500 2210 1554 καὶ
2237 1502 2477 1572 ἱστορίας
2502 1518 2516 1532 ·
2543 1503 2639 1557 καὶ
2668 1501 2962 1569 ἐπιστολὴν
2995 1506 3023 1557 ὁ
3054 1504 3153 1574 μὲν
3183 1502 3414 1575 ἄπειρος

1813 1580 2019 1645 λαϐὼν,
2048 1583 2261 1654 χάρτην
2282 1585 2554 1655 ἡγήσεται
2575 1586 2670 1640 καὶ
2692 1586 2859 1655 μέλαν
2889 1580 3058 1639 εἶναι·
3087 1588 3116 1638 ὁ
3137 1587 3193 1638 δέ
3218 1585 3414 1655 ἐμπει-

1816 1680 1911 1733 ρος
1938 1665 2033 1717 καὶ
2067 1667 2258 1735 φωνῆς
2282 1667 2601 1732 ἀκούσεται,
2644 1670 2741 1723 καὶ
2761 1669 3063 1735 διαλέξεται
3089 1667 3170 1740 τῷ
3192 1669 3407 1733 ἀπόντι,

1813 1746 1909 1799 καὶ
1963 1748 2104 1819 ὅπερ
2153 1749 2220 1802 ἂν
2254 1749 2516 1821 βούληται
2566 1752 2654 1806 διά
2701 1751 2812 1806 τῶν
2864 1753 3212 1824 γραμμάτων
3252 1752 3415 1807 πάλιν

1814 1832 1963 1901 ἐρεῖ·
1997 1832 2143 1886 οὑτω
2179 1835 2274 1887 καὶ
2301 1834 2396 1888 ἐπὶ
2427 1835 2521 1889 τοῦ
2559 1836 2864 1907 μυστηρίου
2911 1839 3160 1906 γίνεται·
3212 1839 3261 1889 οί
3316 1838 3414 1904 μὲν

1814 1914 2055 1980 ἄπιστοι,
2082 1916 2260 1969 καίτοι
2281 1934 2345 1986 γε
2368 1918 2680 1983 ἀκούοντες,
2705 1918 2767 1971 οὑ
2797 1916 3048 1973 δοκοῦσιν
3082 1917 3305 1972 ἀκούειν
3323 1935 3337 1950 ·
3365 1922 3415 1973 οἱ

1813 1995 1873 2049 δὲ
1906 1998 2092 2051 πιστοὶ
2118 1996 2218 2068 τὴν
2252 2000 2340 2053 διὰ
2364 2000 2459 2054 τοῦ
2496 1992 2815 2072 Πνεύμασὶος
2845 2001 3062 2072 ἔχοντες
3094 2001 3415 2073 ἐμπειρίαν,

1812 2079 1982 2149 ὁρῶσι
2012 2082 2124 2133 τῶν
2169 2084 2620 2155 ἐναποκειμὲνων
2654 2086 2755 2155 τὴν
2785 2084 3040 2156 δύναμιν.
3076 2084 3249 2138 Τοῦτο
3283 2083 3416 2153 γοῦν

1812 2164 1947 2217 αὑτὸ
1980 2166 2159 2236 δηλῶν
2195 2169 2223 2219 ό
2254 2168 2470 2232 Παῦλος
2507 2170 2697 2239 ἔλεγεν
2721 2187 2734 2201 ·
2774 2170 2899 2224 ’Ὁτι
2926 2170 3027 2226 καὶ
3064 2169 3183 2225 νῦν
3214 2171 3278 2224 τὸ
3308 2187 3416 2234 κη-

1805 2249 2182 2316 ρυττόμενον
2220 2250 2709 2318 ἀποκέκρυπται·
2744 2251 2864 2324 [52]
2900 2252 3024 2318 τοῖς
3073 2252 3185 2320 γὰρ
3224 2254 3417 2307 ἀπολ-

1812 2328 2122 2395 λυμένοις,
2157 2330 2345 2401 φησὶν,
2393 2330 2527 2385 ἐστι
2580 2332 3059 2403 κεκαλυμμένον.
3107 2333 3320 2398 Ἀλλως
3358 2334 3416 2389 δὲ

1813 2411 1909 2463 καὶ
1945 2409 2007 2464 τὸ
2041 2412 2350 2483 παράδοξον
2395 2416 2655 2485 ἐμφαίνει
2704 2415 2802 2470 τοῦ
2838 2417 3218 2489 κηρύγματος.
3257 2417 3417 2472 Οὕτω

1811 2492 1877 2563 δὴ
1901 2492 2063 2547 εἴωθε
2091 2495 2285 2550 καλεῖν
2330 2497 2364 2567 ή
2398 2497 2595 2569 Γραφὴ
2635 2499 2707 2553 τά
2742 2500 2874 2570 παρ’
2905 2499 3128 2563 ἐλπίδας
3154 2499 3249 2553 καὶ
3272 2500 3416 2571 ὑπὲρ

1810 2574 2051 2630 διάνοιαν
2090 2576 2443 2650 ἀνθρωπίνην
2476 2581 2761 2650 γινόμενα.
2797 2582 2891 2636 Διὸ
2918 2582 3013 2637 καὶ
3044 2582 3302 2654 ἀλλαχοῦ,
3341 2582 3414 2638 Τὸ

1807 2659 2153 2728 μυστήριόν
2188 2678 2309 2730 μου
2354 2661 2486 2732 ἐμοὶ
2528 2664 2631 2716 καὶ
2680 2664 2806 2730 τοῖς
2838 2665 3037 2733 ἐμοῖς·
3074 2665 3167 2720 καὶ
3197 2667 3361 2721 πάλιν
3385 2670 3416 2720 ὁ

1814 2743 2047 2807 Παῦλος,
2101 2744 2249 2800 Ἰδοὺ
2276 2742 2621 2815 μυστήριον
2646 2744 2792 2814 ὑμῖν
2818 2747 2976 2816 λέγω
2994 2762 3011 2778 ·
3042 2748 3271 2812 πάντες
3293 2749 3415 2816 μὲν

1810 2826 1884 2878 οὐ
1907 2818 2423 2897 κοιμηθησόμεθα,
2464 2828 2691 2893 πάντες
2718 2828 2788 2881 δὲ
2819 2830 3311 2898 ἀλλαγησόμεθα.
3350 2829 3415 2882 Et

1808 2907 1866 2961 δέ
1896 2910 2177 2979 πανταχοῦ
2224 2911 2581 2981 κηρύττεται,
2637 2912 2735 2966 καὶ
2761 2911 2904 2966 οὕτω
2936 2912 3238 2984 μυστήριόν
3273 2915 3409 2966 ἐστι.

1811 2991 1923 3044 Καὶ
1962 2992 2071 3063 γὰρ
2127 2992 2316 3065 ὥσπερ
2356 2992 2761 3063 ἐκελεύσθημεν
2794 2995 2938 3067 ειπερ
2980 2995 3301 3067 ἠκούσαμεν
3332 2997 3412 3059 είς

1808 3074 1872 3128 τὸ
1903 3070 1997 3139 οῦς
2021 3077 2201 3130 εἰπεῖν
2228 3078 2324 3132 ἐπὶ
2353 3078 2464 3131 τῶν
2485 3078 2776 3149 δωμάτων,
2805 3078 2950 3132 οὑτω
2986 3080 3412 3150 προσετάγημεν

1813 3160 1889 3229 μὴ
1929 3159 2116 3214 δοῦναι
2159 3162 2228 3215 τά
2259 3162 2393 3231 ἅγια
2426 3165 2541 3227 τοῖς
2571 3162 2718 3228 κυσὶ,
2756 3162 2891 3234 μηδὲ
2918 3163 3073 3234 ῥῖψαι
3108 3164 3234 3229 τοὺς
3265 3181 3410 3236 μαρ-

1810 3240 2040 3311 γαρίτας
2074 3242 2390 3314 ἔμπροσθεν
2442 3244 2552 3299 τῶν
2607 3245 2831 3315 χοίρων.
2884 3246 2950 3298 Ui
3008 3248 3109 3317 μὲν
3140 3247 3251 3318 γάρ
3298 3249 3410 3301 είσι

1807 3326 2056 3397 ψυχικοὶ,
2095 3331 2188 3382 καὶ
2219 3331 2281 3383 οὑ
2317 3329 2533 3384 νοοῦσιν
2553 3348 2567 3361 ·
2598 3331 2648 3383 οί
2683 3329 2741 3382 δὲ
2769 3330 3042 3403 κάλυμμα
3072 3331 3287 3402 ἔχουσιν
3318 3333 3412 3387 ἐπὶ

1807 3412 1907 3482 τῆς
1943 3414 2173 3483 καρδίας
2198 3413 2400 3479 αὑτῶν,
2430 3414 2527 3468 καὶ
2570 3414 2633 3468 οὑ
2668 3413 2980 3485 βλέπουσιν.
3014 3414 3161 3486 ’Ἄρα
3192 3416 3413 3486 μυστή-

1810 3511 1927 3565 ριον
1971 3494 2133 3549 τοῦτο
2183 3496 2420 3567 μάλιστά
2452 3499 2623 3560 ἐστιν,
2659 3498 2688 3550 δ
2737 3496 3018 3568 πανταχοῦ
3071 3497 3169 3567 μὲν
3198 3497 3408 3570 κηρύτ-

1805 3593 1982 3642 τεται,
2006 3579 2070 3632 οὑ
2096 3579 2427 3651 γνωρίζεται
2455 3579 2513 3633 δὲ
2535 3579 2690 3651 παρά
2711 3578 2822 3633 τῶν
2848 3580 2951 3633 οὑκ
2978 3578 3149 3651 ὀρθὴν
3175 3580 3410 3649 ἐχόντων

1807 3660 2070 3733 γνώμην·
2107 3663 2515 3719 ἐκκαλύπτεται
2550 3664 2608 3717 δὲ
2636 3665 2738 3718 οὑκ
2768 3664 2878 3717 άπὸ
2907 3664 3123 3733 σοφίας,
3154 3664 3269 3717 ἀλλ’
3300 3664 3409 3717 ἀπὸ

1809 3744 2129 3817 11νεύματος
2172 3749 2354 3817 ἁγίου,
2410 3747 2644 3801 καθόσον
2673 3749 2809 3818 ήμῖν
2842 3746 3105 3812 δέξασθαι
3158 3747 3403 3801 δυνατόν.

1808 3828 2009 3899 Διόπερ
2042 3831 2143 3883 οὑκ
2171 3830 2237 3883 ἀν
2271 3848 2357 3894 τις
2387 3829 2625 3899 ἁμάρτοι
2654 3831 2749 3882 καὶ
2780 3829 2923 3900 μετά
2952 3830 3114 3884 τοῦτο
3147 3829 3282 3885 αὑτδ
3306 3847 3409 3899 μυ-

1807 3916 2030 3986 στήριον
2068 3913 2201 3967 αὑτὸ
2250 3911 2567 3983 προσειπὼν
2600 3913 2944 3984 ἀπόρρητον·
2976 3912 3095 3967 οὑδὲ
3141 3912 3249 3983 γὰρ
3274 3913 3407 3983 ἡμῖν

1805 3999 1919 4061 τοῖς
1950 3999 2165 4061 πιστοῖς
2207 3999 2360 4051 πᾶσα
2405 3995 2752 4067 ἐνεχειρίσθη
2802 3997 3076 4064 σαφήνεια
3114 3996 3208 4048 καὶ
3248 3994 3407 4065 ἀκρί·

1806 4080 1949 4134 ϐεια.
1970 4079 2065 4135 Διὸ
2089 4082 2183 4135 καὶ
2206 4082 2234 4134 ὁ
2260 4081 2472 4143 Παῦλος
2501 4080 2705 4149 ἔλεγεν·
2748 4079 2852 4133 Ἐκ
2867 4078 3095 4149 μέρους
3121 4077 3408 4149 γινώσκοι-

1798 4179 1935 4233 μεν,
1970 4164 2069 4217 καί
2095 4165 2164 4218 ἐκ
2187 4163 2412 4233 μέρους
2439 4163 2918 4232 προφητεύομεν.
2955 4161 3269 4230 Βλέπομεν
3294 4160 3407 4229 γὰρ

1804 4247 1937 4316 ἄρτι
1969 4246 2045 4300 δι’
2078 4249 2382 4316 ἐσόπτρου
2403 4246 2483 4313 ὡς
2514 4247 2587 4299 ἐν
2614 4246 2938 4317 αἰνίγματι,
2969 4244 3105 4297 τότε
3122 4242 3192 4295 δὲ
3218 4243 3405 4309 πρόσ-

1804 4346 1972 4382 ωπον
2015 4329 2168 4397 πρὸς
2216 4330 2569 4398 πρόσωπον.
2606 4327 2706 4382 Διά
2740 4328 2900 4381 τοῦτο
2960 4324 3137 4395 ἔλεγε,
3168 4322 3406 4380 Δαλοῦ-

1798 4429 1917 4481 μεν
1950 4414 2182 4482 σοφίαν
2226 4415 2296 4466 ἐν
2319 4413 2637 4482 μυστηρίῳ
2685 4411 2800 4477 τὴν
2838 4407 3402 4478 ἀποκεκρυμμένην,

1806 4494 1888 4562 ἣν
1911 4495 2249 4566 προώρισεν
2282 4500 2315 4551 ὀ
2358 4495 2506 4562 Θεὸς
2532 4496 2647 4564 πρὸ
2677 4494 2796 4549 τῶν
2832 4492 3065 4548 αἰώνων
3097 4495 3186 4559 είς
3213 4492 3403 4557 δόξαν

1802 4579 1993 4647 ἡμῶν.
2035 4577 2616 4648 Ἀποκεκρυμμένην,
2644 4578 2947 4641 τουτέστιν,
2974 4578 3057 4630 ὅτι
3084 4576 3261 4639 οὐδεὶς
3294 4572 3403 4646 πρδ

1804 4661 1965 4732 ἡμῶν
2011 4662 2186 4733 ἔμαθε
2238 4662 2351 4715 τῶν
2386 4660 2501 4715 άνω
2549 4661 2859 4731 δυνάμεων,
2913 4655 2945 4728 ἦ
2996 4658 3124 4713 ὃτιδ
3174 4658 3298 4712 οὑδέ
3350 4660 3401 4710 οί

1806 4744 1991 4797 πολλοὶ
2030 4744 2124 4798 νῦν
2176 4744 2377 4797 ἴσασιν.
2412 4742 2585 4796 Τοῦτο
2611 4742 2721 4815 γὰρ
2752 4743 2904 4813 δηλοῖ
2941 4740 3021 4804 τὺ,
3062 4739 3403 4808 Προώρισεν

1801 4830 1890 4892 είς
1935 4827 2125 4893 δόξαν
2171 4826 2374 4897 ἡμῶν·
2422 4828 2601 4881 καίτοι
2650 4845 2712 4893 γε
2764 4823 2998 4894 ἀλλαχοῦ
3056 4840 3263 4893 φησιν·
3296 4828 3401 4889 Είς

1803 4910 1994 4975 δόξαν
2032 4911 2274 4965 ἑαυτοῦ.
2312 4911 2542 4964 Ἑαυτοῦ
2582 4912 2689 4980 γὰρ
2718 4910 2930 4977 ἡγεῖται
2954 4906 3114 4972 δόξαν
3136 4907 3236 4975 τὴν
3265 4909 3400 4978 ἠμε-

1801 4995 1969 5064 τέραν
2004 4994 2300 5065 σωτηρίαν,
2340 4993 2531 5061 ὥσπερ
2558 4988 2650 5044 οὖν
2684 4990 2777 5043 καὶ
2811 4988 3039 5043 πλοῦτον
3071 4989 3266 5042 ἐαυτοῦ
3301 5006 3401 5041 κα-

1802 5077 1914 5142 λεῖ,
1952 5077 2131 5130 καίτοι
2162 5093 2226 5144 γε
2263 5076 2426 5137 αὐτὸς
2474 5074 2705 5138 πλοῦτος
2757 5072 2835 5127 ὢν
2878 5071 3124 5142 ἀγαθῶν,
3182 5070 3278 5124 καὶ
3310 5072 3399 5123 οὐ.

1799 5160 1951 5222 δενδς
1993 5159 2249 5229 δεόμενος
2295 5158 2376 5222 εἰς
2426 5156 2489 5233 τὸ
2541 5151 2683 5211 εῖναι
2740 5155 3015 5217 πλούσιος.
3071 5152 3395 5223 Προὼρισε,

1802 5244 1958 5313 φησὶ,
1986 5242 2087 5313 τὴν
2113 5242 2243 5313 περὶ
2273 5243 2425 5314 ἡμᾶς
2459 5241 2791 5312 κηδεμονίαν
2823 5236 3254 5307 ἐνδεικνύμενος.
3289 5237 3400 5291 Καὶ

1801 5328 1909 5397 γάρ
1938 5327 2136 5379 ἐκεῖνοι
2169 5326 2406 5397 μάλιστα
2433 5326 2528 5377 καὶ
2560 5324 2725 5393 τιμᾷν
2752 5322 2849 5376 καὶ
2869 5319 3044 5390 φιλεῖν
3066 5320 3218 5391 ἡμᾶς
3242 5320 3369 5390 νομί
3378 5348 3395 5362 ο

1800 5412 2008 5474 ζονται,
2037 5411 2264 5480 ὅσοιπερ
2290 5407 2498 5463 ἀνωθεν
2532 5401 2665 5460 ὦσιν
2697 5406 2846 5475 ἡμᾶς
2878 5401 3396 5476 παρεσκευασμένοι

1798 5495 1975 5546 ποιεῖν
2004 5488 2063 5546 εὑ
2088 5510 2098 5521 ·
2128 5493 2266 5561 ὅπερ
2294 5492 2389 5543 καὶ
2415 5492 2463 5543 οί
2501 5488 2737 5559 πατέρες
2772 5489 2865 5541 ἐπὶ
2900 5487 3109 5540 παίδων
3142 5484 3394 5539 ποιοῦσι·

1799 5578 1894 5631 καὶ
1926 5576 2035 5647 γὰρ
2056 5578 2104 5629 εί
2136 5574 2365 5646 ὕστερον
2394 5574 2597 5627 διδόασι
2633 5573 2702 5625 τά
2726 5572 3009 5643 χρήματα,
3042 5569 3156 5621 ἀλλ’
3184 5568 3393 5622 ἄνωθεν

1798 5663 1893 5715 καὶ
1927 5660 1987 5724 ἐξ
2029 5660 2205 5730 ἀρχῆς
2255 5662 2360 5712 είσι
2392 5657 2550 5710 τοῦτο
2585 5656 2983 5727 προῃρημένοι.
3033 5651 3205 5705 Τοῦτο
3245 5652 3337 5704 καὶ
3364 5653 3394 5704 ό

1798 5744 2012 5807 Παῦλος
2038 5744 2330 5806 σπουδάζει
2353 5740 2521 5804 δεῖξαι
2544 5739 2661 5805 νῦν,
2694 5741 2776 5793 ὅτι
2810 5738 2896 5790 ἀεὶ
2922 5737 3071 5808 ἡμᾶς
3099 5734 3275 5806 ἐφίλει
3295 5736 3392 5789 καὶ

1796 5829 2005 5883 ἄνωθεν
2040 5830 2068 5880 ὁ
2107 5827 2241 5883 Θεὸς
2278 5825 2371 5878 καὶ
2408 5823 2636 5894 μηδέπω
2669 5820 3019 5891 γενομένους.
3056 5819 3132 5871 Οὐ
3159 5816 3267 5888 γὰρ
3299 5813 3388 5880 ἃν,

1860 6001 1889 6041 b
1918 5999 2129 6053 Δίνη-(ινιτ
2168 5994 2312 6047 verba
2340 5995 2371 6053 ἢ
2417 5994 2507 6042 ὅτι.
