4082 6326
664 352 731 408 57
1359 354 1420 406 S.
1463 352 1749 407 JOANNIS
1786 347 2272 407 CIIIHSOSTUMI
2315 346 2608 403 ARCHIEF
2681 344 3230 403 CONSTANTINOP.
3871 347 3937 402 58

539 468 546 476 ’
657 469 706 520 εἰ
745 466 820 537 μὴ
855 465 1047 534 ἐφίλει,
1081 465 1170 518 16v
1201 465 1428 519 πλοῦτον
1455 468 1584 536 ἡμῖν
1617 468 1912 540 προώρισε.
1943 468 2033 538 Μὴ
2061 468 2242 520 τοίνυν

652 558 914 628 ἐννοήσῃς
962 557 1060 627 τὴν
1113 559 1170 608 ἐν
1201 557 1350 627 μέσῳ
1383 558 1682 626 γενομένην
1732 559 1963 629 ἔχθραν·
2003 563 2238 629 πρεσϐυο

648 649 786 719 τέρα
817 649 926 718 γάρ
955 645 1021 716 ἦν
1048 649 1216 718 αὐτῆς
1246 651 1278 718 ἡ
1303 649 1469 718 φιλία.
1500 649 1572 701 Τὸ
1593 649 1669 712 δὲ,
1693 651 1812 717 Πρὸ
1836 649 1954 704 τῶν
1983 651 2234 716 αἰώνων,

651 738 711 790 16
752 739 919 791 ἀΐδιόν
961 755 1124 808 φησι·
1187 739 1281 791 καὶ
1337 738 1445 808 γὰρ
1499 738 1734 809 ἀλλαχοῦ
1769 739 1911 792 οὕτω
1937 741 2086 808 λέγει
2114 757 2128 772 ο
2179 739 2242 793 '0

651 827 942 897 ὑπάρχων
970 829 1085 898 πρὸ
1113 828 1231 882 τῶν
1260 829 1510 882 αἰώνων.
1541 830 1910 902 Εὑρεθήσεται
1937 833 2126 887 τοίνυν
2145 829 2242 885 καὶ

649 923 677 971 6
707 923 833 985 Υἱὸς
861 922 1034 985 οὕτως
1067 923 1235 987 ἀίδιος
1266 922 1358 974 ῶν.
1403 924 1509 976 Kal
1545 923 1652 994 γὰρ
1685 926 1810 994 περὶ
1845 924 2011 977 αὑτοῦ
2048 941 2238 994 φησιν,

648 1009 730 1061 ὅτι
779 1009 846 1061 δι’
895 1008 1060 1062 αὐτοῦ
1105 1011 1230 1073 τοὺς
1264 1010 1465 1074 αἰῶνας
1497 1013 1771 1083 ἐποίησεν,
1817 1014 1953 1084 ὅπερ
1984 1015 2104 1067 ἐστὶ
2132 1011 2241 1083 πρὸ

648 1101 757 1153 τῶν
804 1100 1015 1155 αἰώνων
1070 1103 1357 1174 ὑπάρχειν.
1430 1104 1488 1155 '0
1538 1103 1648 1175 γὰρ
1688 1105 1919 1175 ποιητὴς
1973 1105 2081 1175 πρὸ
2129 1104 2239 1157 τῶν

648 1195 972 1265 ποιημάτων
1011 1195 1232 1266 εὔδηλον
1262 1198 1364 1250 ὅτι.
1407 1199 1513 1252 Ἢν
1547 1197 1744 1263 οὐδεὶς
1775 1196 1895 1250 τῶν
1926 1199 2240 1267 ἀρχόντων

647 1287 755 1340 τοῦ
781 1287 998 1353 αἰῶνος
1027 1289 1242 1341 τούτου
1269 1287 1558 1356 ἕγνωκεν-
1586 1290 1637 1341 εἰ
1661 1287 1769 1358 γὰρ
1796 1288 2098 1356 ἔγνωσαν,
2125 1291 2236 1342 οὐκ

646 1378 724 1430 ἂν
767 1379 867 1432 τὸν
910 1383 1130 1446 Κύριον
1169 1379 1278 1445 τῆς
1329 1379 1514 1446 δόξης
1555 1381 1970 1448 ἐσταύρωσαν.
2025 1380 2236 1454 φύκοῦν

644 1470 760 1522 οὐδὲ
794 1472 960 1540 ἐγκλη
974 1473 1156 1539 μάτων
1184 1471 1321 1523 εἰσὶν
1355 1468 1514 1534 ἄξιοι,
1552 1470 1604 1522 εἴ
1629 1487 1688 1538 γε
1718 1471 1791 1541 μὴ
1831 1470 2102 1538 ἔγνωσαν,
2141 1471 2236 1525 καὶ

646 1562 998 1633 ἐσταύρωσαν
1023 1574 1071 1614 τι.
1121 1562 1231 1614 Kal
1260 1563 1307 1613 εἰ
1356 1559 1431 1631 μὴ
1464 1560 1683 1630 ᾔδεσαν,
1732 1560 1848 1623 πῶς
1897 1561 2085 1630 έλεγεν
2135 1562 2233 1614 a6-

641 1656 775 1715 τοῖς,
809 1652 915 1705 Καὶ
947 1652 1048 1721 ἐμὲ
1080 1651 1302 1713 οἴδατε,
1329 1652 1424 1705 καί
1456 1651 1655 1704 οἴδατε
1696 1652 1883 1707 πόθεν
1919 1653 2074 1721 εἰμί;
2097 1653 2234 1723 Περὶ

642 1743 749 1813 γὰρ
778 1742 869 1794 τοῦ
902 1744 1134 1796 Πιλάτου
1173 1745 1337 1812 φησὶν
1362 1745 1392 1813 ἡ
1423 1742 1634 1812 Γραφὴ,
1661 1743 1740 1796 ὅτι
1779 1745 1879 1797 οὐκ
1909 1745 2025 1815 ᾔδει
2050 1765 2060 1775 ·
2087 1747 2232 1808 εἰκὸς

641 1835 693 1887 66
723 1835 856 1905 μηδέ
901 1835 990 1887 τὸν
1023 1831 1136 1905 [53]
1187 1833 1437 1904 Ἡρώδην
1467 1835 1683 1889 εἰδέναι.
1721 1836 1955 1899 Τούτους
1995 1837 2062 1888 ἂν
2088 1837 2232 1888 εἴποι

639 1945 722 1991 τις
757 1928 1041 1982 καλεῖσθαι
1065 1929 1333 1997 ἄρχοντας
1365 1925 1456 1978 τοῦ
1488 1925 1684 1988 αἰῶνος
1710 1926 1922 1979 τούτου.
1957 1928 2020 1980 El
2049 1927 2102 1979 δὲ
2137 1929 2231 1986 καὶ

642 2022 769 2090 περὶ
804 2021 909 2072 τῶν
973 2018 1242 2072 Ἰουδαίων
1287 2019 1380 2069 καὶ
1415 2019 1542 2087 περὶ
1590 2017 1698 2069 τῶν
1738 2017 1930 2089 ἱερέων
1971 2018 2116 2088 εἴποι
2146 2036 2232 2082 τις

639 2108 704 2160 ἂν
723 2109 882 2160 τοῦτο
907 2107 1184 2174 λέγεσθαι,
1215 2107 1314 2159 οὐκ
1339 2108 1404 2161 ἂν
1432 2105 1669 2176 ἁμάρτοι
1691 2122 1704 2135 ·
1740 2108 1830 2159 καὶ
1862 2106 1971 2177 γάρ
2000 2108 2231 2171 ἐκείνοις

638 2201 824 2265 φησὶν,
869 2200 1019 2252 Οὔτε
1064 2199 1169 2268 ἐμὲ
1219 2199 1441 2262 οἴδατε,
1479 2200 1618 2253 οὔτε
1659 2201 1766 2254 τὸν
1808 2200 2040 2268 Πατέρα
2085 2221 2223 2270 μου.

640 2290 762 2352 Πῶς
789 2287 880 2344 οὖν
917 2291 1176 2362 ἀνωτέρω
1205 2294 1360 2361 φησι,
1394 2292 1503 2346 Καὶ
1525 2292 1628 2361 ἐμὲ
1648 2292 1869 2358 οῖδατε,
1895 2293 1992 2346 καί
2026 2293 2229 2346 οἵδατε

635 2384 822 2436 πόθεν
871 2385 1028 2452 alid;
1089 2382 1249 2435 Ἀλλά
1286 2383 1368 2445 τίς
1420 2384 1449 2436 6
1491 2384 1688 2454 τρόπος
1721 2384 1822 2454 τῆς
1860 2385 2228 2455 ἀναγνώσεως

635 2474 839 2544 ταύτης
895 2475 990 2527 καὶ
1041 2473 1120 2536 τίς
1170 2475 1410 2546 ἐκείνης,
1465 2475 1523 2527 ἐν
1563 2477 1675 2538 τοῖς
1729 2475 2086 2545 Εὐαγγελίοις
2123 2479 2224 2549 ἤδη

635 2567 881 2636 εἴρηται·
938 2563 1053 2631 καὶ,
1101 2563 1244 2618 ὥστε
1279 2565 1354 2636 μὴ
1388 2567 1627 2637 συνεχῶς
1661 2569 1722 2620 τὸ
1773 2569 1905 2622 αὐτὸ
1945 2569 2225 2640 στρέφειν,

635 2658 755 2710 ἐκεῖ
781 2656 1229 2727 παραπέμπομεν
1255 2657 1380 2719 τοὺς
1413 2657 1867 2725 ἐντυγχάνοντας.

705 2746 774 2814 γ’.
807 2747 871 2798 Τί
902 2743 1028 2813 οὖνς
1061 2747 1281 2816 ἀφείθη,
1300 2746 1485 2814 φησὶν,
1514 2747 1868 2809 αύτοῖςτὺέπὶ
1881 2748 1972 2802 τοῦ
1991 2752 2224 2823 σταυροῦ

633 2839 968 2909 ἀμάρτημα;
1009 2839 1102 2891 καὶ
1136 2836 1244 2906 γὰρ
1273 2833 1458 2890 εἶπεν·
1497 2839 1672 2907 Ἄφες
1724 2841 1946 2908 αὐτοῖς.
1997 2844 2058 2895 El
2098 2860 2225 2914 μετο

616 2931 880 2998 .ενόησαν,
907 2929 1122 2999 ἀφείθη.
1171 2929 1280 2992 Kal
1306 2928 1413 3000 γὰρ
1435 2931 1463 2982 6
1483 2931 1718 3001 ,μυρίαις
1745 2929 1921 3000 βαλὼν
1953 2936 2111 3002 χερσί
2135 2935 2224 2987 τὸν

633 3021 921 3088 Στέφανον,
974 3021 1065 3073 καὶ
1099 3018 1295 3082 διώξας
1342 3021 1441 3090 τὴν
1487 3021 1817 3090 Ἐκκλησίαν
1850 3021 2084 3086 Παῦλος,
2124 3024 2224 3093 τῆς

645 3111 973 3182 Ἐκκλησίας
995 3111 1308 3182 προστάτης
1338 3111 1578 3179 ἐγένετο.
1613 3110 1800 3175 Οὕτως
1829 3108 1921 3166 οὖν
1952 3114 2226 3179 κάκείνοις

632 3204 829 3274 ἀφείθη
860 3206 972 3266 τοῖς
1005 3202 1310 3273 βουληθεῖσι
1337 3204 1710 3273 μεταγνῶναι’
1745 3203 1772 3256 ὂ
1797 3203 1860 3276 δὴ
1895 3205 1987 3258 καὶ
2013 3206 2043 3258 6
2073 3206 2223 3259 Παῦ⁹

631 3297 719 3359 λος
755 3297 892 3366 βοῶν
923 3297 1110 3364 ἕλεγε’
1146 3295 1310 3364 Λέγω
1348 3289 1488 3349 οὖν·
1519 3294 1616 3364 Μὴ
1649 3295 1948 3350 ἔπταισαν
1973 3298 2074 3352 ἵνα
2115 3299 2222 3352 πέ-

630 3403 819 3452 cum;
869 3387 966 3455 Μὴ
1013 3385 1424 3456 γόνατα,Καὶ
1458 3387 1642 3451 πάλιν,
1698 3388 1840 3457 Mil”
1873 3388 2161 3445 ἀπώσατο
2189 3394 2223 3444 d

632 3479 777 3543 Θεὸς
807 3480 912 3531 τὸν
955 3477 1111 3532 λαὸν
1148 3477 1336 3533 αὑτοῦ
1384 3477 1456 3532 ὃν
1495 3478 1802 3550 προέγνω;
1835 3480 1930 3550 Μὴ
1963 3482 2219 3551 γένοιτο.

631 3569 765 3624 Εἶτα
791 3570 1003 3634 δεικνὺς
1042 3570 1122 3622 ὅτι
1153 3569 1253 3623 οὐκ
1295 3569 1632 3642 ἀπεκλείσθη
1673 3573 1852 3645 αὐτῶν
1881 3575 1913 3644 ἡ
1940 3575 2218 3645 μετάνοια,

627 3662 930 3732 τεκμήριον
972 3661 1071 3730 τὴν
1129 3661 1484 3731 ἐπιστροφὴν“
1517 3661 1616 3734 τὴν
1670 3644 1868 3717 ἐάυτοῦ
1926 3667 2222 3737 παρήγαγε

628 3756 803 3822 λέγων
826 3773 839 3786 υ
874 3753 983 3809 Καὶ
1014 3753 1124 3824 γὰρ
1155 3753 1270 3824 ἐγὼ
1311 3756 1686 3826 Ἰσραηλίτης
1716 3759 1852 3828 εἰμί.
1885 3758 1957 3812 T6
1980 3759 2060 3822 66,
2098 3763 2221 3817 Οὐκ

628 3846 924 3914 ἔγνωσαν,
959 3845 1078 3915 ἐμοὶ
1105 3845 1251 3898 δοκεῖ
1278 3847 1339 3899 06
1371 3847 1500 3918 περὶ
1531 3847 1770 3918 Χριστοῦ
1800 3847 2032 3902 ἐνταῦθα
2063 3852 2219 3922 εἰρῆο

632 3935 774 4000 σθαι,
810 3936 944 3989 ἀλλὰ
981 3937 1109 4006 περί
1154 3937 1324 4007 αὐτῆς
1343 3937 1453 3993 ,τοῦ
1505 3937 1832 4009 πράγματος
1866 3940 1963 4010 τῆς
2012 3944 2220 3996 οἰκονο-

634 4029 791 4099 μίας·
824 4023 958 4095 οἷον,
990 4028 1043 4080 τί
1073 4025 1323 4080 ἐϐούλετο
1353 4031 1380 4081 6
1405 4029 1632 4093 θάνατος
1654 4030 1749 4084 καὶ
1771 4031 1798 4082 6
1829 4033 2084 4104 σταυρὸς,
2119 4035 2218 4088 οὐκ

629 4121 870 4191 ᾔδεισαν.
918 4120 1029 4174 Kal
1060 4120 1168 4190 γάρ
1201 4121 1293 4173 καὶ
1322 4122 1439 4174 ἐκεῖ
1470 4121 1570 4174 οὐκ
1616 4117 1788 4189 εἶπεν,
1835 4125 1919 4177 ὅτι
1963 4126 2092 4197 Ἐμὲ
2118 4128 2218 4182 οὐκ

627 4210 853 4275 οἴδασιν,
889 4209 1026 4274 ἀλλ’,
1064 4211 1186 4263 Οὐκ
1215 4209 1416 4264 οἴδασι
1448 4210 1505 4263 τί
1523 4209 1786 4279 ποιοῦσι,
1817 4215 2083 4283 τουτέστι,
2116 4219 2217 4290 τὴν

626 4300 941 4370 οἰκονομίαν
968 4301 1066 4370 τὴν
1095 4300 1429 4371 τελουμένην
1456 4301 1550 4354 καὶ
1580 4300 1643 4354 16
1669 4305 1967 4374 μυστήριον
1993 4307 2218 4376 ἀγνοοῦ-

629 4409 735 4445 σιν.
763 4389 839 4446 06
870 4391 980 4462 γὰρ
1006 4391 1226 4462 ᾔδεσαν,
1253 4391 1334 4445 ὅτι
1353 4390 1499 4444 οὕτω
1527 4392 1740 4463 λάμψαι
1764 4394 1877 4464 ἔχει
1901 4398 1929 4450 6
1957 4400 2213 4471 σταυρὸς,

625 4485 708 4539 ὅτι
761 4484 863 4554 τῆς
912 4483 1238 4554 οἰκουμένης
1276 4483 1487 4554 γίνεται
1524 4486 1767 4558 σωτηρία
1812 4488 1908 4541 καὶ
1936 4489 2032 4543 τοῦ
2078 4491 2214 4546 Θεοῦ

627 4579 763 4649 πρὸς
790 4579 917 4643 τοὺς
943 4575 1266 4646 ἀνθρώπους
1299 4577 1637 4650 καταλλαγὴ,
1671 4580 1766 4633 καὶ
1793 4581 1827 4651 ή
1859 4581 2012 4646 πόλις
2035 4585 2216 4639 αὐτῶν

627 4669 919 4730 ἁλώσεται,
944 4667 1038 4720 καὶ
1058 4665 1210 4719 δεινά
1238 4667 1634 4738 ὑποστήσονται
1666 4669 1736 4723 τὰ
1762 4669 1988 4740 ἔσχατα.
2013 4673 2213 4743 Σοφίαν

624 4763 680 4816 δὲ
705 4763 799 4815 καὶ
827 4761 919 4813 τὸν
949 4757 1188 4830 Χριστὸν
1211 4757 1366 4821 καλεῖ
1391 4761 1484 4813 καί
1513 4761 1603 4812 τὸν
1639 4764 1872 4833 σταυρὸν
1899 4768 1994 4819 καὶ
2028 4766 2089 4818 τὸ
2111 4768 2211 4838 κή-

629 4869 835 4924 ρυγμα.
864 4848 1151 4918 Εὑκαίρως
1176 4848 1232 4900 δὲ
1260 4847 1466 4919 Κύριον
1485 4849 1644 4920 δόξης
1670 4853 1949 4908 ἐκάλεσεν.
1992 4857 2212 4929 Ἐπειδὴ

625 4948 733 5014 γὰρ
775 4945 804 4995 6
860 4941 1094 5012 σταυρὸς
1145 4939 1362 5005 ἀδοξίας
1412 4936 1552 4995 εἷναι
1590 4941 1758 5006 δοκεῖ,
1807 4944 2079 5000 δείκνυσιν
2130 4950 2212 5002 ὅτι

627 5035 839 5105 μεγάλη
871 5030 939 5104 ἧν
971 5033 1099 5098 δόξα
1125 5035 1154 5086 6
1202 5033 1453 5103 σταυρός.
1506 5031 1666 5086 Ἀλλά
1704 5035 1946 5108 μεγάλης
1980 5038 2088 5092 ἔδει
2121 5057 2211 5093 σο..

625 5126 775 5193 φίας,
807 5126 867 5176 06
899 5125 1058 5194 μόνον
1081 5125 1142 5179 16
1172 5125 1263 5178 τὸν
1297 5124 1430 5177 Θεὸν
1459 5124 1683 5189 εἰδέναι,
1713 5126 1850 5179 ἀλλὰ
1879 5129 1972 5181 καὶ
2019 5130 2212 5200 μαθεῖν

621 5217 716 5271 106
749 5216 881 5270 Θεοῦ
910 5219 1009 5286 τὴν
1039 5218 1354 5288 οἰκονομίαν
1383 5215 1588 5287 ταύτην
1609 5235 1622 5248 ·
1655 5219 1689 5287 ἡ
1727 5218 1783 5270 δὲ
1814 5218 2012 5284 ἔξωθεν
2047 5225 2211 5293 σοφία

624 5307 747 5378 οὐχὶ
791 5306 887 5360 106
929 5306 1198 5379 προτέρου
1254 5310 1436 5380 μόνον,
1475 5307 1614 5362 ἀλλά
1649 5308 1745 5362 καὶ
1795 5309 1985 5363 τούτου
2009 5312 2211 5382 ’γέγονε

627 5401 878 5471 κώλυμα.
929 5400 1139 5466 Ἀλλὰ,
1197 5402 1389 5469 καθὼς
1445 5404 1792 5472 γέγραπται.
1829 5402 1868 5456 d
1902 5405 2212 5475 ὀφθαλμὸς

625 5493 737 5546 vim
770 5489 953 5558 εἶδεν,
1000 5492 1099 5545 καὶ
1127 5488 1236 5559 οὖς
1275 5496 1385 5549 οὐκ
1417 5495 1667 5564 ἤκουσε,
1696 5493 1792 5548 καὶ
1825 5495 1924 5549 ἐπὶ
1958 5497 2214 5566 καρδίαν

625 5583 940 5651 ἀνθρώπου
992 5587 1104 5639 οὐκ
1151 5585 1355 5653 ἀνέϐη,
1402 5585 1438 5640 d
1479 5587 1810 5658 ἡτοίμασεν
1844 5591 1877 5641 ό
1913 5588 2060 5655 Θεὸς
2087 5589 2213 5656 τοῖς

625 5675 942 5744 ἀγαπῶσιν
978 5679 1184 5734 αὐτόν.

691 5908 716 5935 δ
775 5906 951 5960 Deerat
992 5919 1210 5959 comma:
1260 5909 1505 5960 Οὐκοῦν...

631 5909 716 6022 Lf}
775 5909 951 5960 Deerat
992 5919 1210 5959 comma:
1260 5909 1505 5960 Οὐκοῦν...
1600 5909 1628 5952 δ
1655 5910 1921 5976 Legebalur
1944 5912 2083 5978 Λέγω
2110 5915 2210 5981 οὖν,

686 5984 737 6022 τ..

2423 462 2531 516 Kal
2554 462 2655 517 ποῦ
2679 461 2992 534 γέγραπται
3015 460 3217 525 ταῦτας
3238 460 3588 532 Λέγεταιγάρ
3604 465 3936 536 γεγράφθαι,

2350 553 2445 606 καὶ⁵
2475 554 2604 607 ὅταν
2637 552 2712 625 μὴ
2762 553 2849 606 διά
2877 551 2986 605 τῶν
3021 553 3306 622 ῥημάτων,
3355 553 3491 607 ἀλλά
3523 553 3591 606 δι’
3624 542 3808 610 αὐτῶν
3831 556 3939 610 τῶν

2351 646 2696 715 πραγμάτων
2727 646 2960 714 κείμενα
2981 640 3039 716 ᾖ,
3072 643 3148 706 ὡς
3175 644 3267 697 ἐπὶ
3291 643 3397 697 τῶν
3434 645 3685 716 ἱστοριῶν
3705 661 3720 675 ο
3750 646 3782 717 ἦ
3809 647 3937 702 ὅταν

2343 736 2404 789 16
2436 737 2569 790 αὐτὸ
2604 738 2702 809 μὲν
2734 738 2912 808 νόημα
2945 738 3196 807 κείμενον
3225 732 3282 808 ᾖ,
3319 736 3394 808 μὴ
3419 737 3505 790 ἐπ’
3539 738 3798 794 αὐτῶνδέ
3831 739 3940 794 τῶν

2347 828 2632 898 ῥημάτων,
2676 828 2751 891 ὡς
2779 828 3036 881 ἐνταῦθα.
3065 827 3140 879 T6
3171 827 3300 897 γὰρ,
3347 823 3449 894 Οἷς
3486 829 3599 881 οὐκ
3630 827 3936 899 ἀνηγγέλη

2346 919 2479 987 περὶ
2514 920 2723 984 αὑτοῦ,
2753 921 3027 988 ὄψονται,
3064 920 3163 972 καί
3206 919 3264 973 οτ
3309 924 3420 974 οὐκ
3459 921 3759 989 ἀκηκόασι
3791 941 3938 977 συν-

2341 1010 2588 1077 ήσουσι·
2608 1009 2768 1064 τοῦτο
2788 1011 2985 1064 ταυτόν
3009 1011 3246 1082 ἐστι’τῷ,
3260 1014 3319 1066 Ἃ
3339 1013 3648 1083 ὀφθαλμὸς
3666 1021 3778 1068 οὐκ
3790 1010 3932 1077 εἶδε,

2342 1103 2443 1155 καί
2490 1097 2598 1168 οὖς
2641 1104 2752 1156 οὐκ
2786 1102 3074 1170 ἤκουσεν.
3129 1106 3200 1156 Ἢ
3240 1103 3396 1157 τοῦτο
3433 1105 3612 1158 τοίνυν
3652 1105 3842 1175 φησὶν,
3898 1107 3932 1176 ἢ

2340 1193 2489 1256 είκὺς
2515 1195 2607 1246 καὶ
2629 1195 2939 1264 γεγράφθαι
2963 1196 3020 1246 ἐν
3056 1194 3279 1264 βίϐλοις,
3313 1197 3408 1248 καὶ
3435 1195 3730 1266 ⁴ἰγφανίσθαι
3753 1197 3823 1250 τά
3855 1197 3934 1268 βιο

2341 1284 2485 1337 ϐλία.
2525 1285 2634 1337 Kal
2681 1286 2790 1356 γάρ
2840 1285 3011 1338 πολλὰ.
3056 1286 3324 1358 διεφθάρη
3381 1286 3585 1358 βιϐλία,
3628 1289 3725 1344 καὶ
3779 1289 3935 1356 ὀλίγα

2337 1376 2591 1447 διεσώθη,
2642 1380 2736 1431 καὶ
2779 1380 2870 1431 ἐπὶ
2921 1382 3018 1449 τῆς
3055 1381 3330 1451 προτέρας
3382 1382 3786 1451 αἰχμαλωσίας.
3826 1383 3935 1436 Kal

2337 1467 2494 1520 10610
2530 1467 2685 1537 δῆλον
2714 1470 2772 1522 ἐν
2806 1471 2927 1532 ταῖς
2960 1467 3077 1541 [54]
3110 1471 3626 1543 Παραλειπομέναις
3647 1491 3658 1502 ·
3699 1475 3796 1526 καὶ
3828 1478 3936 1545 γάρ

2337 1575 2501 1626 φησιν
2521 1559 2549 1611 6
2575 1558 2923 1625 Ἀπόστολος,
2937 1560 3019 1612 ὅτι
3046 1561 3194 1615 Ἀπὸ
3214 1561 3503 1631 Σαμουὴλ
3524 1563 3621 1617 καὶ
3647 1563 3769 1616 τῶν
3787 1565 3936 1634 ὲεῆς

2335 1648 2664 1716 προφητῶν
2697 1648 2923 1715 πάντες
2954 1649 3232 1718 εἰρήκασι
3283 1652 3418 1720 περί
3456 1654 3667 1709 αὑτοῦ.
3714 1657 3831 1709 Καὶ
3875 1658 3935 1709 06

2335 1736 2555 1799 πάντως
2584 1737 2811 1806 φέρεται
2841 1735 3016 1788 ταῦτα
3035 1753 3048 1766 ⁸
3080 1738 3174 1790 τὸν
3194 1739 3251 1791 66
3275 1740 3488 1795 Παῦλον
3515 1743 3610 1796 ᾰτε
3647 1746 3936 1818 νομομαθῆ

2335 1827 2464 1879 ὄντα
2492 1828 2586 1879 καὶ
2618 1827 2898 1896 Πνεύματι
2931 1827 3304 1900 φθεγγόμενον
3331 1832 3479 1896 εἰκδς
3512 1833 3710 1886 εἰδέναι
3754 1837 3938 1891 πάντα

2337 1919 2475 1990 μετά
2509 1917 2816 1989 ἀκριϐείας.
2851 1919 2963 1972 Kal
2989 1921 3042 1973 τί
3068 1920 3212 1990 λέγω
3245 1924 3372 1991 περὶ
3398 1925 3497 1994 τῆς
3519 1926 3933 1996 αἰχμαλωσίαςς

2334 2011 2445 2065 Kal
2483 2009 2594 2081 γάρ
2629 2009 2736 2081 πρὸ
2785 2011 2886 2080 τῆς
2914 2013 3300 2083 αἰχμαλωσίας
3340 2015 3512 2070 πολλά
3544 2017 3817 2087 ἠφάνιστο
3852 2019 3937 2090 βι-

2334 2101 2479 2167 ϐλία,
2508 2100 2618 2154 τῶν
2659 2101 2933 2156 Ἰουδαίων
2962 2106 3041 2170 εἰς
3071 2105 3311 2175 ἐσχάτην
3340 2106 3597 2162 ἀσέϐειαν
3627 2108 3938 2173 ἐξοκειλάν-

2331 2211 2458 2249 των.
2494 2194 2602 2247 Kal
2630 2193 2787 2264 δῆλον
2814 2195 2880 2247 ἐκ
2909 2194 3001 2248 106
3047 2196 3239 2260 τέλους
3264 2197 3363 2266 τῆς
3393 2198 3661 2270 τετάρτης
3692 2200 3801 2254 τῶν
3835 2202 3937 2255 Ba-

2333 2284 2580 2338 σιλειῶν·
2633 2286 2694 2339 16
2733 2285 2840 2359 γὰρ
2895 2287 3320 2358 Δευτερονόμιον
3355 2288 3513 2358 μόλις
3559 2307 3662 2342 που
3703 2290 3935 2362 εὓρηται

2332 2380 2389 2429 ἐν
2422 2377 2628 2448 κοπρίᾳ
2657 2378 3174 2448 κατακεχωσμένον.
3231 2377 3441 2442 ’Ἄλλως
3488 2380 3544 2432 δὲ
3580 2382 3687 2433 eiul
3731 2383 3830 2434 καὶ
3856 2382 3936 2435 δι-

2333 2467 2467 2520 πλαῖ
2513 2467 2784 2538 πολλαχοῦ
2829 2471 3158 2539 προφητεῖαι
3194 2472 3304 2532 τοῖς
3348 2477 3740 2542 συνετωτέροις
3768 2476 3936 2527 66m-

2331 2559 2619 2630 τάληπτοι,
2657 2559 2716 2623 ἐξ
2757 2554 2832 2612 ὧν
2861 2561 3033 2614 πολλά
3060 2562 3168 2614 τῶν
3194 2562 3423 2631 ἀσαφῶν
3454 2563 3602 2616 ἐστιν
3631 2565 3841 2635 εὑρεῖν.
3869 2566 3934 2617 Τί

2330 2645 2455 2718 06v;
2487 2651 2586 2706 οὐκ
2613 2648 2752 2706 εἶδεν
2778 2653 3080 2725 ὀφθαλμὸς,
3113 2654 3148 2707 ει
3179 2655 3481 2726 ἡτοίμασεν
3508 2659 3536 2710 6
3566 2657 3736 2721 656;;
3762 2658 3897 2729 Οὐχί
3917 2676 3929 2689 ·

2329 2745 2413 2808 τίς
2446 2743 2554 2815 γὰρ
2599 2743 2706 2796 τῶν
2742 2744 3049 2815 ἀνθρώπιον
3089 2742 3196 2799 εἶδε
3237 2749 3303 2801 τὰ
3349 2748 3756 2819 οἰκονομεῖσθαι
3800 2750 3933 2818 μέλ-

2328 2836 2519 2899 λοντας
2565 2831 2711 2907 *Αρα
2741 2832 2833 2889 06v
2859 2837 2981 2889 0666
3023 2833 3117 2901 οὖς
3151 2838 3407 2907 ἤκουσεν,
3432 2839 3552 2892 0666
3583 2840 3676 2892 ἐπὶ
3699 2841 3934 2910 καρδίαν

2327 2926 2618 2996 ἀνθρώπου
2645 2928 2814 2997 ἀνέϐη
2833 2945 2846 2993 ;
2864 2930 2956 2982 καὶ
2976 2929 3126 2993 πῶς;
3148 2930 3209 2983 Εἰ
3236 2931 3346 3001 γὰρ
3366 2932 3415 2982 οἱ
3449 2931 3730 3002 προφῆται
3753 2929 3932 2997 εἷπον,

2329 3019 2469 3084 πῶς,
2499 3019 2684 3090 φησὶν,
2719 3015 2813 3084 οὖς
2858 3022 2960 3074 οὐκ
2987 3022 3241 3092 ήκουσεν,
3277 3023 3400 3076 0666
3436 3025 3528 3077 ἐπὶ
3558 3025 3792 3096 καρδίαν
3836 3027 3934 3081 ἀν-

2327 3109 2548 3180 θρώπου
2586 3111 2793 3182 ἀνέ6η;
2829 3114 2944 3167 Οὐκ
2984 3113 3187 3186 ἀνέϐηο
3222 3115 3285 3167 06
3314 3115 3425 3187 γὰρ
3458 3118 3586 3185 περὶ
3618 3117 3803 3173 αὐτῶν
3835 3118 3936 3189 μό-

2326 3218 2414 3254 νον
2441 3203 2628 3272 φησὶν,
2651 3204 2788 3258 ἀλλά
2819 3204 2947 3276 περί
2975 3205 3158 3277 πάσης
3183 3209 3283 3276 τῆς
3306 3205 3660 3278 ἀνθρωπίνης
3686 3209 3930 3278 φύσεως.

2325 3294 2392 3346 Τί
2429 3290 2557 3360 06v;
2594 3296 2642 3348 οἱ
2681 3296 2958 3366 προφῆται
2999 3297 3100 3350 οὐκ
3149 3299 3430 3368 ἧκουσαν;
3477 3301 3760 3354 Ἤκουσαν
3807 3303 3935 3372 μιν,

2325 3385 2443 3438 ἀλλ’
2464 3385 2564 3438 οὐκ
2591 3381 2658 3456 ἦν
2693 3387 2987 3457 ἀνθρώπου
3015 3383 3108 3451 οὖς
3145 3389 3205 3441 16
3233 3384 3328 3452 οὖς
3363 3389 3425 3442 16
3465 3391 3840 3462 προφητικόνο
3872 3394 3936 3446 06

2325 3474 2434 3545 γὰρ
2475 3473 2551 3537 ὡς
2600 3473 2880 3545 ἄνθρωποι
2913 3477 3174 3548 ἤκουσαν,
3211 3476 3328 3530 ἀλλ’
3366 3477 3442 3541 ὡς
3490 3479 3794 3550 προφῆται.
3840 3481 3937 3535 Διό

2325 3576 2481 3630 φησι,
2525 3559 2869 3628 Προσέθηκέ
2922 3579 3027 3630 μοι
3076 3562 3256 3617 ὠτίον
3292 3565 3563 3629 ἀκούειν,
3599 3567 3700 3637 τὴν
3752 3585 3936 3640 προσ-

2323 3650 2500 3723 θήκην
2536 3650 2636 3722 τὴν
2675 3649 2784 3704 ἀπὸ
2825 3649 2922 3704 τοῦ
2961 3652 3282 3722 Πνεύματος
3311 3654 3509 3724 λέγων.
3541 3656 3704 3710 Ὅθεν
3743 3658 3933 3731 δῆλον,

2323 3743 2405 3795 ὅτι
2425 3741 2555 3813 πρὶν
2577 3741 2610 3813 ἢ
2631 3741 2884 3810 ἀκοῦσαι,
2905 3743 3027 3797 0666
3051 3744 3144 3798 ἐπὶ
3165 3746 3397 3818 καρδίαν
3419 3747 3710 3819 ἀνθρώπου
3732 3749 3932 3823 ἀνέϐη.

2323 3836 2480 3889 Μετὰ
2508 3835 2619 3906 γὰρ
2642 3835 2742 3908 τὴν
2767 3835 2866 3890 106
2910 3836 3230 3908 Πνεύματος
3273 3839 3422 3892 δόσιν
3469 3841 3570 3894 οὐκ
3611 3836 3682 3914 ἦν
3726 3846 3934 3915 καρδία

2322 3925 2636 4000 ἀνθρώπου,
2690 3927 2830 3989 ἀλλά
2861 3927 3062 3999 καρδία
3104 3929 3454 4002 πνευματικὴ
3487 3932 3521 4002 ἡ
3556 3931 3664 3986 τῶν
3713 3952 3936 4009 προφη-

2320 4017 2452 4082 τῶν,
2494 4018 2751 4086 καθάπερ
2782 4020 2877 4072 καὶ
2909 4019 3067 4082 αὐτὸς
3096 4037 3260 4092 φησι·
3298 4019 3469 4075 Νοῦν
3498 4025 3764 4092 Χριστοῦ
3791 4028 3935 4099 ἐχο-

2316 4127 2452 4181 μεν.
2505 4111 2572 4162 Ὃ
2621 4109 2679 4162 δέ
2725 4109 2896 4179 λέγει,
2949 4111 3111 4164 τοῦτό
3155 4115 3303 4168 ἐατι·
3341 4114 3482 4185 Πρὶν
3529 4115 3563 4185 ἢ
3601 4117 3932 4188 Πνεύματος

2321 4200 2631 4257 ἀπολαῦσαι
2673 4201 2770 4256 καὶ
2813 4202 3008 4274 μαθεῖν
3036 4203 3105 4258 τὰ
3144 4204 3457 4276 ἀπόρρητα,
3499 4207 3621 4260 0666
3648 4209 3808 4279 ἡμῶν
3840 4228 3931 4276 τις

2319 4295 2442 4349 0666
2483 4295 2590 4347 τῶν
2622 4295 2922 4369 προφητῶν
2964 4297 3104 4350 αὒτά
3145 4297 3414 4368 ἐνενόησε.
3457 4299 3583 4364 Πῶς
3612 4299 3742 4372 γὰρ,
3784 4301 3930 4357 ὅπου

2319 4387 2444 4442 0666
2467 4387 2689 4457 ἄγγελοι
2721 4387 2863 4461 αθτά
2893 4387 3129 4460 ᾗδεσαν;
3158 4388 3224 4441 Τί
3251 4388 3362 4460 γὰρ
3389 4391 3498 4463 χρὴ
3533 4391 3734 4460 λέγειν,
3760 4395 3924 4465 φησί,

2322 4479 2452 4552 περὶ
2481 4480 2589 4534 τῶν
2618 4480 2902 4553 ἀρχόντων
2947 4479 3043 4534 106
3072 4480 3270 4544 αἰῶνος
3296 4482 3516 4548 τούτου,
3554 4485 3691 4539 ὅπου
3726 4503 3789 4554 γε
3824 4487 3926 4538 06-

2318 4574 2430 4637 δεὶς
2483 4572 2789 4645 ἀνθρώπων
2818 4573 2995 4626 ταῦτα
3024 4573 3317 4642 ἠπίστατο,
3343 4573 3464 4626 0666
3509 4576 3566 4627 αἰ
3614 4575 3727 4629 ἀνω
3760 4576 3928 4633 δυνά-

2321 4683 2475 4737 μεις;
2509 4666 2644 4718 Ποῖα
2676 4665 2741 4736 δὴ
2777 4665 2982 4731 ταῦτα;
3017 4666 3139 4718 Ὀτι
3178 4664 3266 4718 διὰ
3298 4667 3398 4736 τῆς
3460 4665 3726 4739 δοκούσης
3775 4664 3923 4723 εἶναι

2321 4758 2534 4828 μωρίας
2566 4758 2660 4811 106
2709 4757 3071 4830 κηρύγματος
3108 4759 3378 4831 κρατήσει
3415 4757 3516 4828 τῆς
3544 4759 3919 4834 .οἰκουμένης,

2318 4850 2411 4902 καὶ
2439 4848 2510 4901 τὰ
2543 4849 2671 4920 ἔθνη
2702 4850 3164 4921 εἰσενεχθήσεται,
3215 4848 3310 4902 καὶ
3335 4849 3420 4901 ὅτι
3448 4849 3771 4922 καταλλαγὴ
3817 4853 3921 4907 τοῦ

2316 4942 2454 4995 Θεοῦ
2490 4943 2626 5013 πρὸς
2651 4942 2978 5016 ἀνθρώπους
3010 4941 3182 5004 ἔσται,
3233 4942 3327 4994 καὶ
3355 4940 3598 4997 τοσαῦτα
3631 4945 3766 5014 ἡμῖν
3792 4945 3922 5017 ἣξει

2315 5034 2384 5088 τὰ
2430 5035 2635 5104 ἀγαθά.
2680 5034 2809 5098 Πῶς
2858 5030 2955 5088 οὖν
2996 5035 3277 5102 ἔγνωμενς
3321 5032 3494 5102 Ἡμῖν
3531 5033 3623 5099 δὲ,
3655 5037 3848 5105 φησὶν,
3885 5041 3922 5094 ό

2318 5125 2465 5191 Θεὸς
2514 5125 2879 5194 ἀπεκάλυψε
2916 5125 3014 5178 διὰ
3057 5123 3165 5176 τοῦ
3199 5123 3548 5191 Πνεύμιιτος
3581 5127 3792 5182 αὑτοῦ.
3834 5127 3916 5180 06

2312 5220 2400 5273 διὰ
2424 5219 2526 5288 τῆς
2547 5218 2748 5286 ἔξωθεν
2777 5218 2969 5286 σοφίας
2991 5234 3004 5247 ν
3031 5214 3172 5285 αὕτη
3199 5215 3332 5285 γὰρ,
3363 5216 3615 5289 καθάπερ
3635 5236 3719 5282 τις
3754 5218 3917 5290 θερα·

2315 5310 2500 5373 παινὶς
2548 5309 2895 5380 ὴτιμωμένη,
2925 5308 3028 5360 οὐκ
3068 5306 3268 5377 ἀφείθη
3301 5305 3450 5362 ἔνδον
3487 5309 3772 5376 εἰσελθεῖν,
3817 5314 3914 5364 καὶ

2314 5399 2639 5471 παρακύψαι
2674 5402 2754 5462 εἰς
2783 5399 2853 5452 τὰ
2884 5395 3183 5450 δεσποτικά
3215 5401 3512 5471 μυστήρια.

2382 5492 2446 5547 δ’.
2473 5492 2636 5563 Ὁρᾷς
2668 5489 2864 5545 ὄσοντὺ
2879 5489 3042 5560 μέσον
3054 5490 3151 5559 τῆς
3163 5490 3356 5558 σοφίας
3381 5493 3587 5563 ταύτης
3613 5490 3908 5563 κάκείνηςς

2316 5583 2496 5654 Ἀπερ
2530 5582 2754 5652 ἄγγελοι
2781 5584 2881 5637 οὐκ
2907 5581 3172 5650 ἔγνωσαν,
3198 5583 3374 5638 ταῦτα
3405 5585 3554 5654 ημᾶς
3580 5581 3908 5637 ἐπαίδευσεν

2314 5673 2476 5745 αὕτη.
2529 5675 2595 5728 Ἦ
2625 5675 2681 5728 δὲ
2723 5673 2925 5741 ἔξωθεν
2964 5674 3275 5730 τούναντίον
3313 5675 3603 5745 ἐποίησενο
3632 5673 3695 5727 06
3747 5675 3911 5745 μόνον

2379 5913 2401 5942 ο
2426 5911 2513 5974 εἰς
2558 5908 2746 5974 Regius
2797 5909 2974 5974 codex_.
3021 5909 3152 5960 Edili
3186 5923 3342 5974 _ver0,
3364 5911 3422 5974 τὸ
3459 5911 3639 5974 μαθεῖν,
3685 5916 3738 5964 ει
3770 5925 3903 5972 mox.

2315 5975 2370 6022 16
2414 5973 2532 6036 μετὰ
2558 5971 2788 6037 ἀγγέλων,
2823 5977 2877 6024 el
2914 5971 2969 6021 τὸ
3006 5974 3085 6021 διὰ
3127 5971 3214 6021 106
3251 5971 3542 6036 Πνεῦματος.
