4096 6326
149 372 209 421 ,Π
1221 349 1289 407 iN
1326 345 1541 407 EPIST.
1585 344 1603 400 Ι
1667 342 1759 401 AD
1797 340 1948 397 COR.
1992 341 2219 403 HOMIL.
2246 347 2354 407 Vll.
3379 368 3449 424 58

142 485 220 541 Ne
239 494 370 552 ergo
388 478 601 549 cogites
620 490 739 531 eam
760 487 879 545 anc
904 466 1206 549 intercessit
1230 461 1565 521 inimicitiam
1585 475 1601 525 ;
1632 464 1749 513 erat

141 578 289 632 cnim
334 571 424 626 illa
458 570 735 639 antiquior
762 564 1020 620 amicitia.
1053 559 1184 615 Illud
1223 566 1438 620 autem,
1480 554 1610 607 Ante
1648 564 1747 604 sa:-

140 668 291 730 cula,
323 670 593 719 aeternum
631 660 733 715 sibi
775 658 889 713 vult
918 673 931 712 :
962 670 1083 711 nam
1120 662 1175 708 et
1203 649 1330 706 alibi
1359 649 1429 702 ita
1468 644 1705 714 loquitur
1732 659 1744 695 :

145 754 249 820 Qui
276 762 352 809 est
378 762 503 806 ante
530 750 738 805 sa'cula.
779 746 1085 803 Invenietur
1113 756 1241 812 ergo
1280 739 1441 795 etiam
1479 734 1644 789 Filius
1674 733 1752 786 sic

141 855 388 900 aeternus
418 858 563 898 esse.
593 841 728 896 Nam
761 839 829 893 de
855 839 972 907 ipso
996 835 1148 899 dicit,
1181 830 1321 903 quod
1346 844 1439 899 per
1470 827 1642 898 ipsum
1672 824 1750 879 fe-

142 940 281 995 cerit
308 938 510 993 secula
540 934 728 1008 (Hebr.
759 934 810 987 t.
839 931 921 1001 2),
949 927 1092 1001 quod
1115 933 1198 982 est
1224 932 1347 978 ante
1370 920 1565 976 saecula
1590 932 1710 973 esse
1736 934 1748 969 :

142 1031 234 1101 qui
268 1029 399 1085 fecit
424 1028 593 1094 enim,
622 1034 744 1079 ante
773 1024 860 1078 illa
886 1037 1004 1093 qua:
1032 1020 1166 1073 facta
1187 1024 1313 1072 sunt
1339 1021 1473 1068 erat.
1498 1012 1551 1066 8.
1588 1009 1753 1076 Quam

144 1139 297 1177 nemo
347 1122 641 1192 principum
683 1118 837 1187 hujus
883 1112 1058 1171 strculi
1096 1107 1326 1180 cognovit
1353 1121 1371 1160 :
1400 1106 1443 1159 si
1485 1104 1620 1158 enim
1663 1119 1752 1156 co-

143 1213 466 1285 gnouissent,
508 1225 783 1282 numquam
829 1202 1106 1261 Dominum
1147 1200 1324 1272 gloria:
1361 1196 1751 1285 crnciﬁxissent.

147 1284 315 1373 Atqui
358 1318 429 1359 ne
467 1300 796 1357 accusationi
840 1296 1057 1367 quidem
1100 1297 1253 1347 erant
1282 1287 1537 1352 obnoxii,
1583 1284 1753 1356 siqui-

149 1390 275 1445 dem
315 1408 384 1445 ex
434 1389 745 1460 ignorantia
781 1384 1192 1441 crucilixerunt.
1227 1378 1283 1433 Si
1308 1387 1489 1433 autem
1513 1392 1619 1432 non
1649 1392 1748 1432 co-

150 1491 491 1553 gnoverunt,
510 1478 783 1551 quomodo
812 1476 1025 1531 dicebat
1060 1490 1073 1525 z
1108 1470 1172 1524 Et
1202 1488 1282 1525 me
1311 1471 1498 1536 nostis,
1530 1479 1577 1523 et
1609 1468 1745 1522 unde

146 1582 247 1634 sim
277 1580 443 1632 nostis
478 1575 667 1646 (Joan.
699 1574 753 1627 7.
786 1570 924 1642 28)?
955 1570 1030 1623 De
1065 1567 1234 1622 Pilato
1260 1565 1404 1621 enim
1440 1562 1573 1617 dicit
1612 1560 1757 1617 Scri-

147 1680 308 1736 ptura
335 1708 349 1731 ,
380 1665 525 1736 quod
566 1678 675 1717 non
717 1660 961 1722 noverit;
995 1655 1287 1712 verisimile
1326 1662 1506 1707 autem
1546 1658 1629 1706 est
1657 1664 1755 1704 nec

146 1756 427 1813 Herodem
469 1754 706 1810 novisse.
739 1752 847 1806 llos
875 1749 1075 1804 dixerit
1103 1746 1369 1817 quispiam
1402 1742 1580 1798 Vocari
1605 1743 1752 1812 prin-

145 1854 301 1920 cipes
330 1847 491 1918 hujus
513 1844 719 1902 saeculi.
752 1842 906 1911 Quod
936 1840 977 1895 si
1008 1840 1076 1895 de
1101 1837 1300 1893 Judaeis
1327 1844 1380 1890 et
1407 1835 1473 1889 de
1498 1832 1754 1888 sacerdo-

148 1948 298 1999 tibus
331 1942 531 1997 dixerit
556 1939 821 2011 quispiam
850 1938 965 1991 ha‘c
986 1932 1233 2003 intelligi,
1259 1946 1365 1987 non
1389 1928 1715 1984 aberraverit
1741 1940 1754 1989 ;

145 2054 275 2091 nam
311 2037 417 2091 illis
446 2047 659 2104 quoque
688 2031 818 2086 dicit
843 2047 856 2082 :
892 2027 1006 2083 Nec
1031 2044 1111 2080 me
1137 2026 1325 2089 nostis,
1359 2040 1518 2092 neque
1551 2020 1755 2075 Patrem

145 2146 321 2183 meum
356 2127 375 2198 (
406 2125 498 2179 Id.
530 2125 583 2180 8.
617 2123 685 2179 l9
710 2124 752 2193 ).
791 2118 1072 2190 Quomodo
1106 2133 1236 2186 ergo
1276 2116 1523 2185 superius
1585 2113 1753 2180 dixit,

147 2222 216 2275 Et
245 2239 329 2275 me
368 2219 549 2283 nostis,
574 2226 621 2270 et
660 2215 795 2269 unde
831 2214 926 2268 sim
956 2209 1113 2264 nostis
1133 2209 1158 2261 .9
1182 2209 1287 2264 Sed
1318 2208 1439 2277 quis
1468 2207 1539 2260 sit
1564 2205 1754 2259 modus

145 2312 312 2380 hujus
341 2321 399 2365 et
435 2308 575 2362 illius
602 2304 869 2367 lectionis,
905 2304 957 2356 in
987 2298 1294 2369 Evangeliis
1321 2296 1523 2351 dictmn
1557 2303 1672 2358 est;
1702 2301 1753 2347 et

147 2416 216 2455 ne
265 2399 404 2453 illud
450 2396 785 2468 frequentius
827 2403 1136 2453 versemus,
1188 2402 1253 2442 eo
1302 2384 1627 2441 remittimus
1672 2382 1751 2436 lc—

142 2503 352 2548 CIOI'CS.

216 2585 277 2639 ὃ.
301 2581 445 2649 Quid
462 2580 616 2651 ergo?
639 2578 921 2634 remissum
951 2584 1034 2630 est
1054 2574 1180 2637 illis,
1207 2570 1348 2641 quod
1372 2568 1513 2624 circa
1537 2582 1750 2625 crucem

144 2676 487 2730 admiserunt
506 2672 810 2743 peccaturo?
828 2686 947 2723 nam
967 2666 1101 2722 dixit
1145 2664 1357 2718 Remitte
1374 2662 1499 2716 illis.
1518 2659 1575 2717 Si
1592 2658 1754 2731 pecni-

145 2767 376 2823 tcntiam
403 2774 629 2833 egerunt
655 2802 670 2827 ,
697 2761 980 2817 remissum
1026 2767 1129 2811 est.
1172 2756 1306 2809 Nam
1335 2754 1425 2823 qui
1455 2751 1752 2807 innumeris

144 2857 402 2913 manibus
419 2852 749 2922 Stephanum
769 2849 1001 2919 impctiit
1015 2856 1067 2902 et
1082 2845 1378 2901 Ecclesium
1397 2852 1751 2913 persequutus

142 2960 269 3018 cst,
299 2948 526 3011 Paulus,
560 2944 816 3001 Ecclesiae
849 2952 1103 3013 patronus
1134 2938 1307 2994 factus
1332 2947 1431 2993 est.
1474 2937 1563 2993 Sic
1590 2935 1753 3006 igitur

146 3040 320 3098 etiam
351 3039 463 3094 illis
506 3036 792 3093 remissum
834 3046 937 3097 est,
970 3032 1062 3103 qui
1087 3031 1357 3087 voluerint
1382 3028 1752 3100 paenitentiam

138 3150 310 3205 agere
330 3150 343 3186 :
366 3131 512 3201 quod
536 3131 697 3186 etiam
722 3129 918 3184 Paulus
938 3127 1177 3181 clamans
1190 3123 1403 3177 dicebat
1426 3140 1438 3173 :
1459 3121 1587 3175 Dico
1610 3137 1749 3191 ergo,

142 3226 198 3281 Ν
204 3243 295 3280 um
323 3224 451 3295 quid
480 3222 834 3289 o/fenderunt,
870 3230 923 3273 ut
952 3217 1187 3271 caderent
1211 3214 1237 3267 ?
1266 3213 1407 3266 Absit
1434 3213 1626 3281 (Rom.
1661 3212 1747 3265 Η.

142 3320 206 3375 li
239 3318 283 3387 ).
307 3317 372 3371 Et
402 3316 618 3381 iterum,
644 3312 787 3367 Nunt
818 3310 1005 3381 repulit
1027 3307 1281 3361 Dominus
1312 3305 1556 3375 populum
1578 3318 1745 3368 suum,

138 3426 296 3481 quem
329 3407 583 3476 prazscieit
604 3406 630 3460 ?
656 3405 799 3459 Absit
825 3402 986 3477 (Ibid.
1018 3416 1064 3456 υ.
1092 3398 1170 3472 1).
1204 3397 1407 3453 Deinde
1430 3394 1745 3459 ostendens,

140 3502 291 3571 quod
342 3515 449 3555 non
496 3497 604 3554 sint
647 3495 850 3553 exclusi
892 3509 921 3548 a
967 3491 1319 3564 ptenitentia,
1367 3495 1739 3560 argumentum

143 3593 371 3651 adducit
399 3589 767 3663 paenitentiam
788 3600 938 3641 suam
968 3584 1155 3640 dicens
1182 3598 1195 3635 :
1224 3580 1362 3636 Nam
1386 3590 1434 3634 et
1452 3596 1542 3650 ego
1570 3576 1749 3633 Israe-

145 3687 241 3741 lita
265 3702 404 3739 snm.
446 3681 583 3738 Illud
606 3689 804 3745 autem,
840 3676 963 3731 Non
990 3681 1350 3746 cognoverunt,
1383 3670 1593 3726 videtur
1618 3666 1752 3724 mihi

145 3792 256 3830 non
279 3775 350 3828 de
371 3771 585 3827 Christo
610 3770 809 3825 dictum
839 3768 924 3822 hic
954 3766 1135 3830 fuisse,
1155 3765 1247 3819 sed
1277 3764 1344 3819 de
1370 3763 1449 3818 rei
1471 3763 1751 3831 dispensa-

146 3866 302 3921 tione
332 3881 343 3918 :
378 3860 531 3917 verbi
568 3858 772 3930 gratia,
809 3856 935 3927 quid
966 3856 1067 3911 sibi
1105 3854 1304 3924 vellent
1332 3867 1480 3907 mors
1517 3860 1573 3908 et
1616 3866 1745 3906 crux

146 3954 487 4014 nesciebant.
517 3952 724 4007 Etenim
754 3964 859 4005 non
886 3948 1015 4003 dicit
1060 3944 1133 4001 ibi
1156 3986 1171 4011 ,
1200 3944 1284 4000 Me
1312 3959 1417 3999 non
1446 3950 1747 4007 noverunt;

141 4048 246 4104 sed
271 4088 289 4114 ,
340 4042 589 4098 Nesciunt
632 4041 755 4112 quid
794 4040 990 4110 faciunt
1018 4036 1188 4109 (Luc.
1231 4036 1325 4090 23.
1358 4036 1427 4091 ὃὸ
1452 4034 1508 4105 );
1541 4033 1594 4089 id
1624 4043 1708 4090 est
1733 4076 1748 4101 ,

145 4135 513 4194 mentientium
540 4142 657 4201 quae
680 4130 952 4202 peragitur
973 4137 1027 4182 et
1057 4130 1369 4198 mysterium
1398 4141 1502 4179 non
1532 4134 1748 4179 norunt.

145 4229 268 4284 Non
301 4225 447 4281 enim
494 4222 774 4287 sciebant,
824 4206 1058 4273 futurum
1106 4232 1225 4273 esse
1286 4225 1344 4271 ut
1392 4232 1523 4271 crux
1551 4217 1619 4270 ita
1666 4231 1751 4271 rc-

148 4318 472 4387 splenderet
496 4356 510 4377 ,
543 4326 641 4366 nec
667 4308 807 4378 quod
837 4309 989 4363 lieret
1018 4309 1163 4362 salus
1203 4307 1350 4362 orbis
1377 4348 1392 4371 ,
1416 4318 1469 4362 et
1501 4307 1599 4362 Dei
1626 4322 1745 4361 cum

150 4407 472 4466 hominibus
496 4401 858 4458 reconciliatio
884 4440 901 4466 ,
932 4414 1105 4471 neque
1135 4401 1373 4453 futurum
1415 4397 1562 4451 urbis
1601 4398 1749 4452 exci-

145 4504 305 4559 dium
329 4539 346 4562 ,
373 4511 476 4553 nec
501 4495 642 4567 quod
667 4502 907 4550 extrema
936 4491 1009 4548 illi
1046 4491 1255 4562 passuri
1284 4498 1487 4547 essent.
1520 4489 1751 4560 Sapien-

148 4594 284 4648 tiam
314 4597 491 4644 autem
520 4594 675 4643 vocat
701 4593 756 4643 et
780 4585 1053 4642 Christum
1082 4593 1134 4639 et
1164 4598 1377 4639 crucem
1413 4590 1465 4637 et
1486 4582 1750 4654 praedica-

149 4687 380 4739 tionem.
423 4679 734 4751 Opportune
759 4692 887 4734 vero
910 4685 967 4732 et
997 4678 1280 4731 Dominum
1307 4673 1491 4746 gloriae
1514 4674 1748 4730 vocavit.

149 4773 291 4842 Quia
320 4774 465 4827 enim
494 4786 628 4826 crux
670 4768 1027 4840 ignominiosa
1070 4767 1283 4822 videtur
1314 4780 1433 4822 esse
1454 4808 1469 4833 ,
1516 4764 1753 4820 ostendit

151 4878 373 4921 crucem
401 4876 523 4919 esse
548 4876 791 4931 magnam
818 4860 1070 4930 gloriam.
1113 4858 1216 4915 Sed
1246 4872 1437 4927 magna
1464 4872 1601 4927 opus
1635 4864 1751 4910 erat

151 4956 419 5026 sapientia
449 4969 553 5009 non
584 4953 742 5008 modo
766 4952 833 5006 ad
863 4952 1030 5004 Deum
1058 4951 1491 5020 cognoscendum
1522 4990 1535 5012 ,
1570 4948 1664 5003 sed
1694 4955 1749 5002 ct

150 5040 218 5092 ad
247 5038 563 5093 discendam
608 5036 745 5091 hanc
774 5034 866 5090 Dei
893 5037 1248 5089 oeconomiam
1281 5050 1295 5085 :
1322 5043 1540 5086 externa
1571 5039 1747 5084 autem

152 5128 423 5199 sapientia
452 5144 559 5184 non
591 5126 757 5199 priori
782 5135 987 5181 tantum
1014 5165 1029 5188 ,
1059 5122 1155 5181 sed
1183 5122 1306 5176 huic
1332 5120 1491 5175 etiam
1523 5118 1747 5190 impedi-

154 5228 343 5275 mento
367 5219 484 5273 fuit.
518 5219 574 5275 9.
603 5220 732 5287 Sed,
783 5229 839 5273 ut
864 5217 1106 5288 scriptum
1130 5221 1220 5280 est,
1259 5210 1450 5265 Oculus
1478 5226 1579 5263 non
1605 5210 1749 5271 vidit,

156 5328 248 5367 nec
273 5311 416 5365 auris
439 5311 634 5363 audiuit
656 5350 671 5374 ,
716 5327 808 5365 nec
832 5316 886 5364 in
912 5327 1000 5363 cor
1025 5306 1243 5362 hominis
1272 5303 1604 5359 ascenderunt
1630 5319 1745 5371 qua

161 5402 467 5472 pra'ptmwit
502 5396 639 5452 Deus
665 5400 988 5470 diligentibus
1013 5416 1085 5454 se.
1521 5390 1527 5397 ’

233 5491 391 5547 ﬂulti
435 5489 722 5559 Scriptum
759 5505 920 5545 sach
961 5490 1079 5545 libri
1118 5486 1322 5560 perditi.
1348 5483 1509 5538 -—Et
1536 5483 1751 5540 ubinam

156 5588 360 5655 scripta
387 5582 659 5642 sunthaec
685 5579 759 5650 (a)
779 5582 803 5632 ?
827 5581 1030 5637 Dicitur
1053 5623 1070 5649 ,
1120 5580 1386 5651 Scriptum
1408 5585 1481 5632 est
1502 5618 1518 5644 ,
1544 5577 1757 5633 etiamsi

223 5738 302 5799 (a)
346 5738 439 5789 llic
476 5745 617 5789 notat
649 5732 1145 5799 Antlreas_Donna:us
1166 5771 1182 5796 ,
1214 5733 1639 5799 Chrysostomum,
1673 5735 1758 5797 qut

160 5794 338 5862 miserit
353 5800 552 5853 ultimm
574 5798 854 5867 reperiatur
871 5796 919 5848 in
930 5795 1132 5849 Veteris
1147 5794 1445 5849 't‘estatiwutl
1464 5794 1599 5851 libris
1621 5794 1759 5849 locus

1856 470 1959 511 non
1984 461 2181 549 verbis,
2201 464 2295 521 sed
2312 465 2365 523 in
2393 468 2554 525 rebus
2575 471 2706 545 ipsis
2724 474 2839 532 hmo
2869 478 3192 549 posita‘sint,
3216 489 3272 534 ut
3293 480 3344 535 in
3365 481 3444 537 hi~

1854 548 2058 648 ξιοξίίες
2083 554 2164 648 vel
2184 555 2230 611 si
2250 558 2363 628 ipse
2389 561 2603 629 quidem
2626 565 2817 623 sensus
2838 571 3161 639 reperiatur,
3188 573 3313 627 licet
3338 587 3441 625 non

1855 644 1984 707 ipsis
2005 644 2179 701 verbis
2197 650 2338 704 sicut
2367 650 2473 707 hic.
2497 653 2632 711 Illud
2650 656 2817 726 enim,
2844 660 3038 725 Quibus
3060 679 3160 717 non
3177 668 3443 718 annuntia-

1857 736 1959 781 tum
1983 743 2054 786 est
2071 735 2134 789 de
2150 737 2259 803 illo,
2282 742 2540 811 videbunt;
2554 756 2599 801 et
2619 752 2709 819 qui
2722 766 2821 804 non
2842 752 3135 818 audierunt,
3162 756 3443 826 intelligent

1848 831 1877 909 η(
1902 828 2053 888 Rom.
2082 834 2168 889 15.
2190 833 2285 904 2i)
2310 854 2325 902 ;
2360 835 2460 892 hoc
2490 839 2719 909 idipsum
2747 851 2829 897 est
2852 852 3011 913 atque
3046 844 3174 900 illud
3204 888 3219 913 ,
3253 846 3443 902 Oculus

1857 940 1959 978 non
1987 919 2111 979 uidit
2136 968 2151 993 ,
2183 944 2273 982 nec
2299 930 2438 983 auris
2464 932 2677 987 audivit.
2726 934 2834 988 Aut
2858 934 2959 990 hoc
2984 935 3144 1005 igitur
3174 936 3325 1002 dicit;
3354 949 3443 991 aut

1858 1014 2151 1072 verisimile
2191 1026 2274 1073 est
2305 1019 2562 1091 scriptum
2609 1022 2773 1078 fuisse
2818 1024 2869 1079 in
2930 1025 3101 1093 libris,
3148 1028 3235 1096 qui
3273 1030 3445 1096 peric-

1860 1106 1985 1160 rint.
2038 1107 2170 1163 Nam
2232 1110 2385 1167 multi
2445 1111 2565 1168 libri
2631 1114 2825 1183 perditi
2870 1117 3116 1182 luerunt,
3174 1128 3228 1173 ct
3291 1120 3444 1189 pauci

1858 1198 2054 1253 servati
2082 1210 2225 1269 sunt,
2256 1203 2416 1258 etiam
2446 1204 2495 1257 in
2530 1205 2693 1275 prima
2728 1208 3055 1277 captivitate.
3093 1212 3157 1265 Et
3182 1212 3283 1266 hoc
3324 1227 3448 1282 per-

1859 1289 2100 1357 spicuum
2126 1302 2209 1346 cst
2233 1292 2285 1347 in
2316 1295 2733 1365 Paralipomenis
2764 1317 2774 1351 :
2806 1298 3095 1354 dicitcnim
3116 1304 3403 1369 Apostolus
3428 1344 3443 1369 ,

1859 1379 1903 1433 Α
1936 1381 2176 1438 Samuele
2200 1396 2247 1439 et
2292 1388 2355 1442 iis
2384 1390 2470 1456 qui
2500 1400 2671 1459 postea
2700 1392 2906 1461 [uerunt
2933 1395 3192 1463 proli/retis
3214 1435 3227 1460 ,
3272 1413 3449 1451 omnes

1859 1475 1923 1528 de
1950 1474 2045 1529 illo
2071 1477 2309 1532 dixerunt
2335 1484 2352 1549 (
2378 1481 2489 1535 Act.
2533 1484 2584 1538 5.
2611 1482 2723 1553 24).
2759 1486 2826 1538 At
2855 1500 2958 1539 non
2984 1485 3201 1539 omnino
3231 1487 3345 1542 lucc
3375 1489 3445 1541 ita

1862 1564 2109 1623 feruntur
2139 1589 2153 1623 :
2188 1571 2413 1626 Paulum
2456 1582 2635 1629 autem
2668 1584 2937 1646 tamquam
2970 1578 3101 1646 ivgis
3131 1578 3355 1647 petitum
3389 1588 3442 1634 et

1856 1670 1921 1709 ex
1950 1657 2151 1725 Spiritu
2199 1660 2505 1731 loquentem
2552 1666 2844 1722 verisimile
2871 1678 2951 1722 est
2978 1671 3153 1723 omnia
3197 1679 3446 1725 accurate

1857 1746 2099 1802 scivisse.
2127 1749 2191 1802 Et
2213 1751 2337 1819 quid
2364 1752 2485 1808 dico
2510 1755 2578 1809 de
2605 1758 2954 1825 captivitate?
2984 1775 3107 1813 nam
3135 1760 3293 1814 etiam
3322 1773 3447 1815 ante

1858 1839 2218 1907 captivitatem
2248 1844 2397 1897 multi
2430 1844 2636 1914 periere
2667 1846 2809 1910 libri,
2841 1848 3039 1902 Juda-is
3071 1851 3119 1902 in
3148 1861 3445 1905 extremam

1861 1932 2187 2002 impietatem
2214 1934 2446 2004 delapsis
2492 1955 2505 1991 :
2557 1938 2695 2009 quod
2730 1939 2902 2007 palam
2933 1953 3010 1995 es:
3043 1958 3105 1995 ex
3139 1942 3242 1997 line
3271 1947 3447 2013 quarti

1862 2024 1982 2079 libri
2013 2025 2339 2095 Regnorum.
2382 2030 2857 2086 Dcuteronomium
2888 2034 3028 2085 enim
3062 2033 3149 2087 vix
3176 2045 3445 2103 repertum

1861 2115 1959 2171 luit
2007 2116 2062 2171 in
2101 2120 2439 2189 sterquilinio
2483 2121 2777 2178 defossum.
2822 2124 3070 2194 Alioquin
3116 2134 3292 2180 autem
3324 2137 3448 2181 sunt

1859 2219 2005 2274 saepe
2030 2206 2189 2261 etiam
2217 2209 2456 2278 duplices
2482 2213 2777 2281 prophetia:
2801 2255 2816 2279 ,
2842 2196 3073 2281 Sapienti
3100 2216 3262 2269 tribus
3292 2215 3447 2272 facile

1858 2295 2104 2363 cognitte,
2140 2312 2205 2351 ex
2253 2299 2444 2367 quibus
2494 2303 2703 2356 occolta
2757 2305 2920 2357 multa
2958 2317 3175 2373 possunt
3220 2310 3443 2377 percipi.

1857 2384 1993 2451 Quid
2022 2389 2190 2458 ergo?
2232 2406 2339 2444 non
2372 2390 2504 2446 vidit
2529 2394 2720 2448 oculus
2750 2411 2868 2464 qua:
2911 2397 3447 2467 prmparaiit'Dcus?

1855 2477 1971 2533 Non
1999 2496 2011 2530 :
2044 2480 2165 2549 quis
2190 2482 2330 2537 enim
2358 2482 2635 2541 hominum
2667 2487 2796 2541 vidit
2823 2503 2905 2550 ca,
2939 2506 3055 2559 qua:
3085 2489 3446 2560 dispensanda

1857 2572 2043 2625 erant?
2060 2572 2193 2626 Num
2213 2590 2341 2645 ergo
2367 2592 2541 2646 neque
2564 2580 2707 2633 auris
2731 2581 2954 2647 audivit,
2977 2598 3071 2637 nec
3091 2581 3142 2636 in
3163 2599 3255 2637 cor
3278 2584 3448 2637 homi-

1858 2663 1939 2717 nis
1959 2665 2350 2720 asccndcrnnt?
2375 2676 2429 2721 et
2450 2669 2744 2737 quomodo?
2767 2671 2807 2723 si
2832 2671 2972 2724 enim
3002 2674 3275 2743 prophctw
3299 2675 3445 2728 dixe-

1858 2765 2001 2826 runt,
2034 2759 2263 2828 inquies,
2291 2761 2559 2831 quomodo
2587 2762 2733 2816 auris
2767 2778 2869 2815 non
2902 2763 3119 2828 audivit,
3150 2782 3246 2817 nec
3271 2764 3322 2817 iu
3348 2780 3444 2818 cor

1857 2848 2090 2906 hominis
2131 2854 2529 2909 ascenderunt?
2574 2855 2690 2910 Non
2734 2857 3092 2912 ascenderunt
3125 2875 3137 2911 :
3167 2874 3268 2910 non
3300 2858 3440 2911 enim

1855 2937 1921 2994 de
1941 2939 2070 3009 ipsis
2100 2943 2231 2996 solis
2268 2943 2523 3013 loquitur,
2552 2946 2648 3000 sed
2685 2948 2842 3000 etiam
2871 2948 2937 3002 de
2968 2949 3214 3003 universa
3259 2959 3443 3003 natura

1860 3034 2113 3089 humana.
2156 3035 2291 3103 Quid
2319 3037 2484 3107 ergo?
2520 3040 2794 3109 pmphctrc
2827 3056 2931 3093 non
2962 3041 3288 3094 audierunt?
3336 3046 3445 3095 Au-

1858 3127 2074 3183 dierunt
2100 3130 2337 3199 quidem;
2367 3140 2419 3187 at
2447 3146 2552 3186 non
2582 3141 2696 3187 erat
2725 3133 2869 3187 auris
2900 3132 3153 3197 hominis,
3183 3134 3275 3188 sed
3300 3136 3445 3190 auris

1859 3222 2168 3292 prophetica
2202 3241 2215 3277 :
2248 3240 2351 3277 non
2381 3226 2522 3278 enim
2553 3235 2609 3279 nt
2635 3225 2883 3280 homines
2911 3227 3233 3294 audierunt,
3264 3228 3357 3282 sed
3390 3240 3446 3280 ut

1857 3313 2152 3383 prophetae.
2193 3315 2535 3385 Quapropter
2558 3316 2726 3371 dicit:
2763 3318 2954 3388 Adjecit
2997 3319 3119 3371 niiln'
3164 3336 3337 3373 aurem
3376 3323 3443 3373 ad

1856 3408 2172 3462 audiendum
2221 3407 2394 3478 (Isai.
2462 3410 2552 3465 50.
2602 3409 2717 3481 4);
2760 3411 3117 3481 adjectionem
3164 3428 3193 3465 a
3239 3412 3441 3481 Spiritu

1856 3500 2049 3555 factam
2098 3501 2303 3555 dicens.
2366 3500 2518 3557 Unde
2566 3503 2904 3557 manifestum
2959 3512 3079 3568 est,
3127 3504 3267 3573 quod
3299 3505 3442 3573 prius

1854 3608 2013 3662 quam
2040 3594 2247 3649 audiret
2275 3636 2289 3661 ,
2323 3610 2421 3651 nec
2445 3594 2497 3649 in
2530 3610 2623 3651 cor
2660 3597 2874 3666 quidem
2906 3597 3136 3653 hominis
3181 3599 3439 3652 ascende-

1855 3694 1997 3740 rant.
2040 3685 2171 3739 Nam
2200 3697 2478 3757 postquam
2508 3687 2662 3742 datus
2690 3688 2918 3756 Spiritus
2944 3689 3115 3745 fuerat
3138 3731 3153 3755 ,
3196 3705 3289 3743 cor
3318 3706 3440 3760 pro-

1854 3780 2136 3847 phetarum
2167 3793 2270 3831 non
2299 3787 2414 3833 erat
2441 3794 2532 3833 cor
2566 3779 2798 3833 hominis
2828 3822 2841 3845 ,
2876 3780 2970 3834 sed
2997 3795 3091 3835 cor
3121 3780 3395 3849 Spiritnale
3426 3825 3439 3846 ,

1855 3870 2302 3941 quemadmodum
2345 3880 2399 3927 et
2427 3873 2540 3941 ipse
2566 3873 2677 3936 ait,
2714 3872 2935 3926 Mentem
2980 3872 3170 3929 Christi
3200 3876 3440 3928 habemus

1855 3962 1950 4034 (1.
1973 3962 2090 4017 Cor.
2121 3962 2176 4018 2.
2219 3963 2350 4034 i6).
2393 3964 2544 4032 Quod
2591 3965 2718 4019 dicit
2744 3974 2941 4029 autem,
2978 3965 3283 4035 hujusmodi
3312 3976 3392 4021 est
3428 3986 3440 4021 :

1854 4062 2140 4124 antequam
2169 4053 2368 4123 Spiritu
2408 4054 2708 4110 fruerentur
2734 4067 2789 4111 et
2826 4072 3018 4111 arcana
3053 4057 3437 4125 edisceremus,

1856 4160 1954 4200 nec
1983 4160 2047 4197 ex
2077 4146 2231 4200 nobis
2258 4161 2354 4201 nec
2378 4162 2440 4202 ex
2466 4148 2741 4217 pr0phetis
2764 4148 3029 4218 quispiam
3058 4165 3117 4203 ea
3152 4150 3432 4204 intellexit.

1855 4236 2135 4305 Quomodo
2156 4238 2319 4303 enim,
2348 4252 2465 4291 cum
2494 4254 2592 4293 nec
2622 4241 2795 4308 angeli
2819 4242 3032 4309 quidem
3060 4242 3171 4308 ipsa
3199 4246 3442 4294 nossent?

1857 4330 1993 4399 Quid
2016 4330 2181 4394 enim,
2208 4327 2401 4399 inquit,
2430 4328 2714 4383 dicendum
2738 4339 2819 4383 est
2846 4330 2910 4383 de
2936 4331 3260 4399 principibus
3283 4331 3441 4400 hujus

1856 4424 2075 4489 saeculi,
2106 4438 2225 4477 cum
2266 4422 2444 4476 nullus
2472 4421 2631 4477 homo
2658 4438 2718 4477 ea
2749 4422 2910 4476 sciret
2936 4465 2948 4488 ,
2998 4438 3169 4491 neque
3194 4438 3443 4493 superna:

1860 4516 2200 4586 potestates?
2231 4516 2486 4584 Quaenam
2516 4524 2694 4571 autem
2730 4525 2857 4569 sunt
2888 4516 2976 4570 ea?
3000 4515 3150 4582 Quod
3182 4532 3275 4585 per
3303 4531 3445 4587 prae-

1859 4606 2144 4662 dicationis
2190 4606 2488 4669 stultitiam,
2542 4620 2661 4674 qum
2708 4605 2831 4660 talis
2876 4619 2994 4659 esse
3044 4605 3344 4675 videbatur,
3391 4620 3445 4666 ct

1857 4708 2045 4767 gentes
2094 4696 2445 4759 inducentur,
2492 4704 2546 4748 et
2594 4695 2686 4750 Dei
2735 4710 2853 4750 cum
2900 4698 3207 4753 hominibus
3254 4715 3444 4755 τεθοω-

1857 4791 2053 4845 ciliatio
2076 4789 2176 4842 erit
2196 4827 2210 4853 ,
2234 4797 2287 4842 et
2318 4797 2394 4842 tot
2414 4797 2666 4860 tantaque
2698 4791 2851 4846 nobis
2877 4801 3100 4846 ventura
3129 4804 3251 4847 sunt
3279 4794 3434 4849 bona.

1858 4880 2141 4948 Quomodo
2170 4896 2296 4952 ergo
2325 4883 2697 4953 cognovimus?
2726 4884 2814 4939 10.
2846 4884 3007 4940 Nobis
3031 4896 3216 4951 autem,
3250 4888 3440 4955 inquit,

1858 4972 2092 5026 reuelauit
2128 4972 2259 5026 Dens
2290 4990 2378 5045 per
2411 4974 2665 5044 Spiritum
2692 4992 2857 5030 suum.
2902 4975 3018 5029 Non
3046 4991 3138 5042 per
3163 4988 3441 5030 externam

1859 5063 2177 5133 sapientiam
2206 5082 2217 5118 :
2242 5066 2341 5134 ipsi
2368 5064 2509 5120 enim
2542 5075 2803 5134 tamquam
2826 5065 3018 5120 ancilla
3044 5065 3286 5135 qua-dam
3311 5082 3441 5119 con-

1864 5162 2080 5226 tempta:
2098 5169 2204 5209 non
2235 5155 2550 5224 permissum
2572 5155 2668 5209 fuit
2694 5155 2832 5209 intus
2860 5154 3090 5225 ingredi,
3114 5166 3164 5210 et
3190 5157 3443 5227 mysteria

1864 5248 2139 5304 Dominica
2168 5248 2453 5316 inspicere.

1937 5343 1990 5397 4.
2033 5340 2223 5396 Vidcn‘
2248 5347 2507 5409 quantum
2532 5338 2823 5393 discrimen
2856 5339 3001 5397 inter
3026 5342 3164 5397 hanc
3205 5353 3257 5397 et
3301 5342 3445 5396 illam

1868 5478 1970 5536 ille,
1995 5489 2105 5543 cum
2129 5472 2317 5543 Paulus
2335 5473 2452 5543 inde
2474 5481 2719 5543 sumptum
2759 5475 2967 5543 indicat,
2991 5477 3447 5543 Octtltts_ttort_t'itlit,

1866 5554 1954 5591 nec
1978 5537 2113 5587 auris
2136 5535 2480 5598 audituneth
2519 5535 2614 5585 non
2646 5538 2920 5589 advenisse
2954 5535 3108 5590 locum
3132 5538 3267 5588 illum
3292 5537 3447 5598 Isaiae,

1869 5603 1951 5651 ubi
1983 5600 2090 5649 haec
2121 5610 2218 5646 non
2250 5595 2307 5645 ad
2341 5595 2535 5661 literam
2564 5599 2763 5661 quidem
2785 5635 2798 5661 ,
2846 5602 2934 5650 sed
2969 5602 3143 5650 eodem
3178 5614 3328 5651 sensu
3374 5595 3447 5650 fei-

1869 5668 2061 5718 rtmtur,
2086 5669 2264 5719 nempe
2286 5670 2389 5719 cap.
2416 5658 2493 5707 64.
2518 5668 2557 5709 Α
2576 5658 2754 5711 ἐωσιιιο
2776 5658 2870 5711 non
2902 5662 3175 5721 audierunt,
3193 5674 3346 5724 neque
3366 5674 3452 5713 tm-

1870 5725 2005 5776 ribus
2020 5725 2343 5794 perceperunt
2368 5731 2385 5794 ς
2409 5723 2690 5794 Ogulnium:
2714 5723 2852 5786 vidit,
2882 5733 3027 5787 Deus,
3064 5729 3233 5792 alisque
3255 5733 3448 5793 te,quw

1869 5786 2159 5853 preparasti,
2184 5786 2566 5857 “spectantibus
2587 5792 2649 5842 te.
3138 5796 3143 5799 '
