4096 6326
685 354 753 410 59
1414 347 1474 408 S.
1513 348 1788 408 JOANNIS
1823 342 2302 405 CIIRYSOSTOMI
2338 341 2658 397 ARCHIEP.
2692 343 3229 404 CONSTANTINOP.
3911 342 3978 400 σε)

683 466 1001 537 sapientiam
1026 464 1049 519 ?
1076 464 1206 534 Qum
1236 467 1407 537 angeli
1440 479 1545 520 non
1576 473 1845 521 noverunt
1868 502 1883 526 ,
1918 477 1983 517 ea
2023 475 2121 516 nos
2153 458 2271 513 htec

684 558 884 612 docuit.
928 557 1158 612 Externa
1207 571 1337 612 vero
1383 558 1711 613 contrarium
1755 553 1881 610 fecit
1929 569 1944 606 :
1986 566 2092 607 non
2113 550 2277 606 modo

685 664 793 705 non
822 647 1036 714 docuit,
1088 647 1182 703 sed
1209 648 1371 704 etiam
1403 647 1678 718 impedivit
1707 655 1763 701 et
1792 644 1963 699 arcuit
1993 660 2007 696 :
2040 652 2093 698 et
2122 651 2274 712 post-

681 752 843 808 quam
875 738 961 794 illa
1009 739 1145 793 facta
1194 739 1443 804 fuerunt,
1478 738 1564 793 illa
1610 736 1916 791 obscuravit
1957 742 2011 789 et
2060 747 2272 788 crucem

685 829 965 885 cxinaniit.
1004 829 1119 885 Non
1151 845 1281 899 ergo
1301 844 1367 884 ex
1395 843 1495 893 eo,
1528 828 1670 897 quod
1690 825 2058 891 didicerimus,
2090 833 2275 878 osten-

682 918 828 973 ditur
854 921 1027 975 honor
1056 919 1213 976 nobis
1235 932 1524 975 concessus
1542 958 1558 987 ,
1604 933 1705 973 nec
1732 933 1798 973 ex
1827 932 1894 973 eo
1915 958 1931 984 ,
1975 915 2118 987 quod
2149 930 2273 969 cum

682 1012 887 1082 angelis
916 1011 1303 1077 didicerimus;
1352 1011 1447 1067 sed
1473 1027 1537 1066 ex
1571 1025 1636 1066 eo
1662 1052 1676 1076 ,
1708 1009 1850 1080 quod
1880 1024 1977 1079 per
2003 1008 2267 1078 Spiritum

682 1099 801 1170 ejus
851 1100 1216 1155 didicerimus.
1266 1101 1465 1156 Deinde
1510 1109 1789 1169 postquam
1840 1098 2267 1167 magnitudinem

681 1190 958 1255 ostendit,
1008 1192 1083 1246 ait
1134 1209 1148 1246 :
1198 1190 1307 1245 Nisi
1339 1190 1609 1260 Spiritus,
1661 1189 1751 1259 qui
1778 1189 1881 1243 scit
1908 1202 2104 1242 arcana
2139 1186 2270 1250 Dei,

686 1280 976 1337 revelasset
997 1324 1013 1349 ,
1066 1296 1173 1336 non
1201 1280 1597 1336 didicissemus.
1640 1278 1714 1333 lta
1744 1278 1969 1334 curabat
2002 1278 2139 1332 Deus
2168 1318 2184 1339 .
2216 1286 2274 1330 ut

684 1371 737 1426 in
794 1373 1002 1427 arcanis
1054 1382 1220 1428 esset.
1278 1372 1617 1441 Quapropter
1663 1371 1756 1425 illo
1806 1384 1941 1440 opus
1986 1368 2273 1424 habuimus

682 1463 901 1519 doctore
926 1506 940 1529 ,
991 1466 1079 1532 qui
1114 1464 1228 1518 hzec
1257 1464 1399 1521 clare
1426 1464 1606 1518 sciret.
1652 1464 1880 1533 Spiritus
1923 1464 2057 1517 enim
2102 1463 2273 1514 omnia

680 1565 956 1621 scrutatur,
987 1556 1138 1609 etiam
1160 1558 1417 1626 profunda
1447 1556 1557 1609 Dei.
1588 1557 1674 1609 ll.
1709 1555 1835 1622 Quis
1855 1555 1987 1608 enim
2010 1553 2271 1606 hominum

679 1649 773 1699 scit
802 1662 914 1716 qua:
958 1656 1073 1702 sunt
1105 1648 1321 1700 hominis
1346 1687 1362 1712 ,
1412 1648 1510 1700 nisi
1553 1647 1763 1716 spiritus
1793 1645 2010 1698 hominis
2034 1685 2048 1712 ,
2094 1644 2179 1713 qui
2218 1643 2269 1696 in

679 1741 791 1809 ipso
818 1739 933 1793 est?
962 1738 1046 1793 Ita
1071 1749 1116 1793 et
1140 1755 1254 1810 qua:
1282 1739 1379 1793 Dei
1406 1750 1523 1794 sunt
1546 1755 1692 1794 nemo
1715 1738 1852 1791 novit
1872 1781 1886 1803 ,
1919 1738 2017 1791 nisi
2041 1736 2271 1805 Spiritus

678 1829 797 1885 Dei.
842 1828 928 1884 12.
972 1829 1086 1884 Nos
1112 1840 1278 1885 autem
1324 1848 1423 1884 non
1454 1832 1691 1901 spiritum
1720 1830 1899 1882 mundi
1943 1830 2228 1895 accepimus
2253 1869 2267 1889 ,

676 1923 767 1977 sed
797 1923 1045 1994 Spiritum
1073 1924 1161 1994 qui
1204 1940 1267 1977 ea:
1297 1922 1404 1976 Deo
1435 1933 1538 1986 est,
1572 1932 1626 1973 ut
1673 1922 1894 1973 sciamus
1923 1933 2037 1988 qua:
2082 1935 2112 1969 a
2158 1916 2270 1971 Deo

678 2016 866 2068 donata
895 2025 1013 2069 sunt
1041 2015 1205 2067 nobis.
1236 2013 1335 2067 llic
1364 2013 1505 2066 enim
1536 2011 1689 2075 illud,
1714 2010 1949 2071 scrutari,
1983 2024 2089 2062 non
2120 2008 2268 2078 igno-

677 2106 923 2168 rantiam,
952 2105 1045 2159 sed
1077 2113 1380 2159 accuratam
1412 2104 1689 2157 scientiam
1721 2102 1941 2156 indicat.
1967 2101 2075 2154 llac
2108 2101 2269 2169 igitur

682 2197 918 2252 dictione
944 2198 1104 2250 etiam
1136 2196 1204 2251 de
1236 2196 1345 2250 Deo
1378 2195 1601 2264 loquens
1632 2209 1759 2248 usus
1788 2200 1871 2246 est
1901 2192 2086 2245 dicens
2119 2208 2132 2244 :
2168 2188 2268 2255 Qui

676 2300 843 2344 autem
870 2301 1128 2345 scrutatur
1171 2291 1328 2344 corda
1352 2331 1366 2353 ,
1399 2290 1534 2343 norit
1575 2290 1687 2358 quis
1726 2288 1792 2340 sit
1818 2302 1995 2340 sensus
2038 2284 2266 2353 Spiritus

677 2384 696 2452 (
728 2384 873 2437 Rom.
917 2384 968 2438 8.
998 2383 1066 2435 27
1095 2384 1134 2451 ).
1181 2382 1381 2437 Deinde
1408 2397 1529 2437 cum
1560 2389 1814 2435 accurate
1849 2379 2104 2448 loquutus
2124 2386 2267 2431 esset

676 2478 743 2532 de
765 2476 1069 2546 cognitione
1095 2476 1343 2544 Spiritus,
1361 2483 1413 2527 et
1432 2473 1756 2528 ostendisset
1782 2486 1897 2525 eam
1927 2472 1996 2524 ita
2020 2484 2266 2538 exarqua-

677 2569 721 2619 ri
762 2568 1052 2637 cognitioni
1088 2566 1176 2620 Dei
1200 2607 1214 2633 ,
1250 2573 1306 2619 ut
1333 2565 1442 2635 ipsa
1475 2563 1709 2619 hominis
1735 2563 1970 2632 cognitio
1998 2562 2096 2615 sibi
2128 2562 2262 2630 ipsi;

673 2670 731 2713 et
755 2659 1026 2714 docuisset
1056 2672 1154 2713 nos
1182 2659 1361 2713 omnia
1393 2658 1517 2712 inde
1542 2657 1815 2721 didicisse,
1835 2666 1888 2709 et
1922 2654 2044 2708 inde
2073 2668 2263 2708 ncces-

672 2754 817 2807 sario
840 2794 855 2820 ,
906 2753 1184 2822 subjunxit
1212 2769 1227 2807 :
1258 2753 1343 2805 15.
1388 2750 1515 2815 Qua:
1544 2751 1696 2804 etiam
1732 2749 1988 2820 loquimur
2011 2790 2026 2815 ,
2061 2764 2161 2801 non
2211 2749 2264 2801 in

671 2845 833 2897 doctis
871 2846 1107 2897 humana!
1149 2844 1413 2911 sapientiae
1438 2842 1636 2905 verbis;
1684 2842 1773 2895 sed
1796 2843 1848 2895 in
1878 2840 2107 2895 doctrina
2136 2840 2261 2911 Spi-

669 2938 797 2989 ritus
845 2938 1044 3000 saucti,
1106 2932 1457 3003 spirituatibus
1518 2934 1811 3004 spiritualia
1876 2946 2259 3000 comparantes.

671 3029 860 3083 Viden’
884 3043 993 3100 quo
1036 3042 1135 3082 nos
1175 3026 1458 3081 deduxerit
1503 3025 1571 3079 ab
1613 3024 1933 3079 auctoritate
1972 3024 2261 3078 doctoris?

669 3122 844 3176 Tanto
860 3122 1003 3177 enim
1026 3121 1131 3174 illis
1153 3133 1336 3173 sumus
1355 3118 1729 3188 sapientiores,
1754 3125 2011 3187 quantum
2037 3118 2261 3170 interest

669 3213 808 3266 inter
825 3212 1101 3266 Platonem
1119 3221 1165 3263 et
1187 3208 1441 3279 Spiritum
1460 3218 1721 3263 sanctum.
1744 3206 1819 3261 llli
1844 3208 1985 3262 enim
2006 3217 2261 3263 externos

667 3313 909 3357 oratores
936 3302 1132 3357 habent
1163 3299 1463 3371 magistros,
1495 3315 1590 3352 nos
1616 3308 1792 3353 autem
1827 3298 2083 3368 Spiritum
2132 3312 2263 3353 san-

667 3403 831 3447 etum.
872 3391 1008 3459 Quid
1036 3391 1136 3446 sibi
1180 3391 1295 3445 vult
1338 3401 1536 3455 autem,
1561 3390 1869 3459 Spirituah'a
1913 3388 2261 3459 spiritualibus

668 3485 1067 3556 catrtparantes?
1096 3484 1321 3550 Quando
1361 3484 1637 3554 spiritualc
1676 3483 1834 3539 fuerit
1857 3492 1910 3539 et
1936 3483 2158 3538 dubium
2182 3524 2197 3550 ,
2227 3499 2257 3539 a

671 3578 1035 3647 spiritualibus
1064 3578 1364 3631 testimonia
1393 3576 1667 3631 ducimus:
1696 3585 1776 3640 ut,
1797 3577 2028 3647 exempli
2052 3591 2213 3631 causa
2238 3618 2254 3645 ,

668 3672 959 3725 resurrexit
974 3670 1239 3737 Christus,
1267 3670 1386 3737 quia
1410 3669 1479 3724 de
1503 3668 1719 3739 Virgine
1735 3677 1891 3723 natus
1912 3677 2013 3724 est.
2034 3669 2257 3726 Adduco

669 3764 993 3830 testimonia,
1028 3764 1222 3833 ﬁguras
1248 3772 1301 3816 et
1330 3760 1835 3828 demonstrationes,
1869 3761 2020 3817 Joute
2052 3764 2102 3817 in
2136 3773 2257 3819 ceto

667 3871 883 3921 moras,
923 3866 977 3911 et
1024 3856 1394 3912 liberationem
1434 3870 1553 3925 qure
1598 3864 1780 3923 postea
1811 3854 1939 3921 fuit,
1991 3839 2255 3910 sterilium

668 3959 872 4019 partus,
904 3948 1049 4004 Sane
1076 3959 1131 4003 et
1159 3948 1419 4005 Rebecca!
1442 3959 1496 4003 et
1521 3956 1837 4002 caelerarum
1868 3962 1883 4000 :
1916 3948 2170 4002 arborum
2205 3948 2256 4003 in

666 4042 916 4114 paradiso
969 4041 1371 4110 productionem
1427 4055 1532 4094 non
1576 4039 1737 4108 jactis
1767 4039 2103 4107 seminibus,
2148 4054 2254 4095 non

665 4132 918 4189 demissis
966 4132 1260 4194 imbribus,
1307 4148 1414 4187 non
1461 4132 1613 4185 sulco
1662 4130 1837 4185 facto.-
1864 4129 2060 4184 Futura
2109 4132 2253 4185 enim

667 4224 1032 4295 ﬁgurabantur
1071 4230 1125 4276 et
1165 4204 1607 4275 describebantur
1646 4230 1915 4291 tamquam
1960 4222 2012 4275 in
2066 4222 2253 4276 umbra

667 4315 977 4381 prioribus,
1027 4322 1084 4367 ut
1133 4327 1193 4367 ea
1250 4309 1597 4364 crederentur
1647 4325 1769 4364 cum
1812 4310 2150 4367 advenirent.
2192 4313 2258 4366 Et

666 4403 897 4457 ostendo
916 4419 1125 4457 rursum
1147 4400 1419 4473 quomodo
1442 4399 1603 4453 homo
1627 4414 1691 4453 ex
1716 4408 1882 4466 terra,
1912 4412 1968 4455 et
1990 4403 2259 4469 quomodo

667 4508 734 4550 ex
781 4492 898 4547 solo
930 4492 1046 4547 viro
1087 4495 1278 4548 mulier
1309 4492 1427 4547 sine
1470 4490 1581 4545 ullo
1625 4490 1768 4544 coitu
1801 4506 1813 4541 :
1845 4493 2115 4558 quomodo
2145 4493 2257 4562 ipsa

671 4599 813 4643 terra
840 4604 902 4641 ex
934 4586 1101 4639 nihilo
1126 4626 1141 4652 ,
1182 4584 1458 4640 Creatoris
1489 4582 1727 4656 potentia
1760 4582 1959 4652 ubique
1986 4583 2051 4637 ad
2081 4585 2257 4639 omnia

669 4679 989 4735 sntﬁcicnte.
1034 4676 1106 4731 lta
1135 4676 1504 4747 spiritualihus
1534 4677 1831 4747 Spiritnalia
1862 4691 2120 4747 comparo
2144 4718 2159 4742 ,
2206 4687 2261 4732 et

670 4788 932 4842 nusquam
958 4786 1094 4840 Opus
1132 4767 1303 4823 habeo
1336 4776 1557 4823 externa
1588 4770 1849 4837 sapientia
1879 4785 2053 4841 neque
2093 4771 2259 4825 ratio-

669 4864 827 4917 ciniis
874 4877 1051 4932 neque
1106 4857 1532 4929 probationibus.
1575 4856 1656 4911 llli
1705 4874 1937 4927 namque
1991 4860 2258 4916 inﬁrmam

671 4964 909 5009 mentem
937 4952 1251 5007 concutiunt
1278 4960 1330 5006 et
1356 4948 1697 5015 conturbant,
1722 4962 1823 5002 nec
1848 4949 2047 5018 aliquid
2070 4966 2255 5006 eorum

670 5060 792 5113 qua:
816 5034 1004 5098 dicunt
1030 5043 1403 5097 demonsware
1430 5048 1693 5112 possunt;
1724 5039 1819 5095 sed
1849 5048 1905 5094 et
1928 5041 2259 5095 contrarium

672 5132 1155 5200 faciunt;,turbaut
1184 5131 1392 5200 magis,
1440 5132 1670 5201 caligine
1716 5130 1926 5201 replent
1954 5138 2010 5183 et
2054 5128 2265 5183 dubita-

673 5230 822 5280 tione
859 5225 1049 5279 multa.
1082 5221 1208 5278 Ideo
1252 5222 1326 5275 ait
1350 5261 1365 5287 ,
1400 5222 1767 5291 Spiritualibus
1802 5220 2096 5290 spiritualia
2120 5234 2263 5272 cout-

672 5326 931 5388 parantes.
976 5315 1161 5370 Viden’
1204 5323 1259 5368 nt
1288 5326 1736 5381 supervacaneam
1765 5312 2082 5382 sapientiam
2116 5310 2261 5365 illam

673 5408 956 5465 ostendit?
983 5422 1082 5461 nec
1108 5408 1281 5461 solum
1314 5419 1798 5476 supervacaneam,
1832 5405 1926 5460 sed
1957 5415 2012 5459 et
2039 5412 2261 5457 contra-

673 5503 808 5559 riam
841 5510 896 5557 et
941 5501 1176 5556 noxiam.
1216 5500 1349 5554 Nam
1384 5513 1504 5554 cum
1539 5495 1710 5559 dixit,
1758 5495 1825 5550 Ut
1864 5513 1963 5551 non
2000 5504 2269 5549 evacuetur

673 5609 803 5649 crus:
831 5593 1040 5661 Christi,
1071 5601 1147 5657 et,
1184 5590 1251 5646 Ut
1281 5608 1382 5645 non
1403 5592 1467 5645 sit
1492 5592 1546 5644 in
1576 5590 1832 5657 sapientia
1857 5591 2119 5647 hominum
2136 5590 2265 5659 ﬁdes

678 5694 871 5750 nostra,
901 5684 1002 5739 hoc
1026 5683 1362 5754 signiﬁcavit.
1393 5683 1487 5739 llic
1512 5690 1691 5737 autem
1717 5681 1947 5735 ostendit
1974 5698 2078 5735 non
2113 5695 2271 5747 posse

679 5792 816 5846 eos,
863 5776 952 5847 qui
999 5776 1099 5846 ipsi
1144 5774 1421 5831 conﬁdunt
1464 5784 1518 5830 et
1565 5782 1736 5828 totum
1781 5771 1879 5842 ipsi
1931 5771 2266 5842 permittunt,

2377 456 2574 526 aliquid
2602 457 2734 514 utile
2763 458 2990 515 discere.
3026 460 3116 515 ﬂ.
3149 460 3399 515 Animalis
3419 460 3552 516 enim
3581 461 3751 523 homo,
3772 459 3971 529 inquit,

2380 561 2482 600 non
2505 548 2719 617 percipit
2747 565 2807 603 ea
2859 564 2975 620 qua:
2997 560 3114 604 sunt
3136 550 3381 620 Spiritus.
3413 549 3635 619 Oportet
3661 552 3823 622 igitur
3851 562 3970 602 eam

2378 638 2526 705 prius
2546 638 2832 708 deponere.
2855 640 2991 708 Quid
3015 642 3206 711 igitur?
3229 642 3579 711 reprobatane
3602 652 3705 710 est,
3733 643 3970 711 inquiCS.

2378 736 2597 783 externa
2644 730 2949 798 sapientia?
3001 732 3163 802 Atqui
3212 747 3347 802 opus
3401 740 3484 788 est
3532 732 3646 788 Dei.
3705 732 3867 790 Unde
3920 732 3969 783 id

2378 821 2627 873 Constat?
2673 820 2786 878 Non
2819 823 2961 877 enim
2992 824 3079 879 ille
3108 822 3235 879 fecit
3262 826 3430 894 ipsam
3456 865 3473 890 ,
3523 825 3619 880 sed
3649 834 3706 879 tu
3736 826 3969 879 adinve—

2378 908 2503 963 nisti
2534 928 2547 963 :
2581 927 2703 966 nam
2742 912 2827 967 hic
2856 915 3172 982 sapientiam
3204 926 3358 970 vocat
3396 916 3664 970 curiosam
3696 918 3968 985 perquisi-

2378 1000 2578 1053 tionem
2625 1011 2678 1056 et
2718 1005 3044 1070 superfluam
3075 1004 3396 1059 facundiam.
3458 1005 3514 1060 Si
3557 1006 3675 1075 quis
3703 1018 3834 1059 vero
3866 1004 3973 1057 hn-

2379 1102 2589 1142 manam
2635 1091 2973 1159 prudentiam
3004 1092 3088 1145 hic
3116 1094 3339 1164 intelligi
3368 1095 3543 1160 dicat,
3585 1096 3665 1150 sic
3704 1096 3872 1149 etiam
3921 1093 3972 1146 in

2376 1180 2530 1250 culpa
2553 1196 2632 1236 es.
2664 1182 2740 1237 Tu
2764 1184 2906 1237 enim
2930 1184 3073 1239 illam
3093 1184 3367 1255 deturpas,
3394 1189 3483 1257 qui
3507 1187 3593 1242 illa
3614 1187 3751 1241 male
3774 1187 3971 1248 uteris,

2377 1271 2467 1340 qui
2494 1271 2559 1324 ad
2591 1272 2680 1327 Dei
2708 1273 2963 1328 damnum
2992 1284 3046 1330 ct
3086 1276 3440 1332 offensionem
3482 1279 3551 1333 ab
3580 1279 3666 1331 illa
3713 1278 3888 1345 exigis
3920 1276 3972 1329 id

2376 1361 2518 1436 quod
2548 1375 2650 1414 non
2682 1361 2861 1417 habet.
2890 1366 3021 1433 Quia
3053 1366 3212 1436 igitur
3239 1367 3289 1420 in
3321 1369 3406 1420 illa
3436 1368 3684 1437 gloriaris
3712 1378 3765 1422 et
3796 1369 3971 1422 Deum

2377 1452 2519 1507 bello
2548 1453 2756 1523 impetis
2776 1498 2790 1517 ,
2820 1456 2936 1525 ejus
2964 1459 3052 1517 ille
3083 1459 3501 1515 imbecillitatem
3530 1460 3784 1515 ostendit.
3828 1460 3970 1513 Nam

2376 1543 2511 1598 bona
2540 1561 2755 1617 quoque
2783 1563 2867 1602 res
2894 1560 2975 1604 est
3004 1552 3248 1621 corporis
3288 1552 3486 1615 robur;
3532 1551 3624 1606 sed
3662 1552 3786 1621 quia
3830 1550 3970 1605 Cain

2374 1634 2465 1688 illo
2496 1651 2599 1691 non
2646 1647 2703 1691 ut
2749 1640 2982 1707 oportuit
3013 1656 3140 1695 usus
3166 1652 3277 1708 est,
3310 1642 3557 1696 dissolvit
3586 1642 3735 1697 illum
3775 1642 3925 1696 Deus
3952 1681 3968 1704 ,

2373 1736 2422 1779 et
2454 1735 2511 1780 ut
2536 1734 2791 1781 tremeret
2819 1729 3013 1783 effecit.
3046 1730 3238 1783 Vinum
3263 1748 3473 1801 quoque
3501 1733 3699 1786 bonum
3720 1742 3837 1797 est;
3871 1732 3970 1785 sed

2373 1816 2494 1884 quia
2524 1816 2874 1872 immoderate
2902 1818 2993 1872 illo
3020 1820 3099 1874 usi
3128 1831 3253 1873 sunt
3272 1820 3466 1886 Judmi,
3494 1822 3609 1889 ejus
3640 1837 3793 1875 usum
3823 1823 3971 1876 Deus

2372 1906 2741 1962 sacerdotibus
2769 1910 2988 1963 omnino
3017 1911 3315 1966 interdixit.
3347 1911 3611 1979 Quoniam
3636 1925 3769 1979 ergo
3794 1922 3849 1964 tu
3875 1928 3968 1964 sa-

2372 1998 2568 2065 pientia
2598 1999 2662 2053 ad
2694 2000 2785 2055 Dei
2819 2000 3127 2071 despectum
3159 2017 3287 2057 usus
3317 2017 3376 2057 es
3404 2045 3417 2068 ,
3448 2012 3500 2056 et
3532 2001 3789 2069 majorem
3818 2000 3969 2053 illam

2372 2091 2595 2158 exegisti
2620 2129 2636 2157 ,
2667 2107 2824 2161 quam
2854 2092 2995 2146 vires
3026 2093 3248 2157 ferrent,
3277 2093 3346 2147 ab
3382 2108 3478 2163 spe
3512 2092 3741 2145 humana
3778 2100 3829 2145 te
3864 2092 3964 2143 ah-

2370 2180 2607 2247 dueens,
2658 2184 2775 2250 ejus
2803 2180 3168 2238 inﬁrmitatem
3200 2185 3456 2239 ostendit.
3499 2182 3765 2238 Animalis
3815 2182 3963 2237 enim

2370 2280 2452 2324 est
2476 2312 2490 2336 ,
2520 2270 2609 2341 qui
2640 2279 2806 2325 totum
2835 2271 2926 2326 dat
2959 2272 3165 2343 frigidis
3195 2273 3492 2329 ratiociniis
3516 2315 3529 2338 ,
3578 2284 3633 2329 et
3671 2288 3777 2327 non
3808 2282 3967 2341 putat

2368 2377 2429 2416 se
2477 2363 2587 2416 ullo
2613 2376 2845 2431 superno
2891 2364 3090 2417 auxilio
3139 2379 3274 2433 opus
3312 2364 3514 2419 habere
3545 2404 3560 2429 ,
3617 2362 3760 2433 quod
3813 2373 3969 2417 certe

2370 2456 2600 2508 amentia
2626 2465 2728 2509 est.
2758 2454 2888 2509 Nam
2918 2456 3065 2511 dedit
3092 2456 3236 2509 illam
3261 2457 3417 2520 Deus,
3452 2464 3509 2509 ut
3536 2456 3706 2508 discat
3732 2464 3786 2509 ct
3804 2468 3967 2523 Opem

2368 2560 2518 2600 suam
2558 2546 2815 2614 accipiat;
2868 2562 2976 2600 non
3005 2556 3061 2600 ut
3086 2562 3203 2602 eam
3233 2546 3334 2600 sibi
3362 2546 3463 2614 ipsi
3506 2546 3756 2600 sufﬁcere
3786 2553 3963 2613 putet.

2370 2636 2580 2690 Etenim
2612 2636 2751 2691 oculi
2784 2636 2993 2705 pulchri
3021 2646 3076 2691 et
3104 2638 3261 2691 utiles
3292 2644 3450 2702 sunt;
3485 2636 3577 2691 sed
3606 2636 3649 2690 si
3693 2634 3969 2688 voluerint

2367 2727 2485 2781 sine
2515 2726 2633 2783 lucc
2668 2726 2853 2782 videre
2878 2769 2896 2795 ,
2945 2727 3079 2781 nihil
3108 2728 3258 2797 juvat
3287 2728 3406 2783 illos
3449 2727 3828 2799 pulchritudo,
3878 2726 3967 2781 vel

2368 2819 2581 2889 propria
2612 2818 2799 2882 virtus,
2835 2819 2943 2874 imo
2970 2820 3131 2874 etiam
3161 2820 3325 2873 laedit.
3356 2819 3447 2874 Sic
3476 2822 3656 2889 itaque
3681 2820 3887 2885 anima,
3917 2819 3964 2872 si

2368 2911 2595 2965 voluerit
2635 2910 2751 2964 sine
2779 2908 2976 2979 Spiritu
3022 2911 3204 2976 videre
3229 2951 3244 2977 ,
3291 2912 3393 2964 sibi
3424 2911 3522 2979 ipsi
3556 2910 3949 2979 impedimento

2366 3010 2469 3055 est.
2509 3000 2790 3067 Quomodo
2818 3001 2976 3070 igitur
2996 3042 3011 3067 ,
3064 3001 3306 3070 inquies,
3336 3000 3565 3054 antehac
3599 3016 3693 3070 per
3719 3001 3961 3068 scipsam

2365 3106 2543 3146 omma
2570 3091 2831 3147 videbat?
2857 3090 3156 3163 Numquam
3197 3107 3225 3145 a
3268 3094 3464 3161 scipsa,
3496 3091 3587 3145 sed
3619 3090 3808 3145 habuit
3836 3106 3955 3145 rem

2364 3194 2598 3239 creatam
2628 3200 2732 3255 pro
2759 3184 2899 3240 libro
2926 3186 3258 3255 propositam
3292 3186 3345 3238 in
3377 3184 3555 3238 medio
3587 3203 3600 3238 :
3635 3185 3757 3255 quia
3788 3200 3923 3239 vero
3946 3226 3961 3248 ,

2364 3277 2583 3331 dimissa
2625 3278 2708 3332 via
2748 3292 2852 3347 qua
2900 3276 3040 3331 Deus
3078 3278 3243 3347 jussit
3280 3277 3527 3332 homines
3556 3278 3809 3333 incedere
3834 3317 3850 3343 ,
3907 3288 3966 3332 ut

2364 3384 2461 3438 per
2512 3368 2797 3423 visibilium
2845 3368 3293 3438 pulchritudinem
3342 3376 3563 3425 nossent
3606 3370 3961 3435 Creatorem,

2365 3459 2657 3515 ratiociniis
2685 3458 2922 3515 scientiae
2949 3470 3157 3530 sceptra
3184 3460 3610 3527 commiserunt,
3658 3462 3709 3514 in
3740 3461 3965 3530 pelagus

2363 3552 2652 3623 impietatis
2678 3553 2873 3607 inﬁrmi
2919 3551 3093 3607 effecti
3121 3552 3351 3608 demersi
3380 3561 3504 3606 sunt
3533 3592 3547 3617 ,
3592 3552 3771 3605 statim
3800 3553 3966 3622 abys-

2364 3659 2482 3699 sum
2526 3646 2787 3699 malorum
2834 3645 3149 3699 indueentes
3177 3687 3193 3711 ,
3224 3660 3285 3699 ac
3312 3645 3554 3699 dicentes
3586 3644 3718 3698 nihil
3749 3660 3815 3699 ex
3848 3660 3962 3701 non

2362 3736 2696 3792 exstantibus
2721 3736 2859 3803 ﬁeri,
2886 3736 2979 3790 scd
3000 3752 3062 3790 ex
3089 3736 3310 3790 materia
3338 3735 3594 3806 ingenita;
3624 3736 3766 3790 unde
3790 3739 3958 3791 etiam

2364 3828 2601 3885 haereses
2629 3828 2938 3884 innumeras
2982 3838 3310 3899 pepererunt
3340 3846 3353 3881 :
3383 3838 3438 3883 et
3470 3830 3521 3883 in
3551 3830 3616 3883 iis
3639 3844 3758 3898 qua:
3801 3830 3962 3887 valde

2363 3919 2592 3974 absurda
2637 3928 2793 3974 erant
2820 3928 3228 3983 convenerunt;
3276 3920 3327 3973 in
3357 3918 3551 3989 quibus
3591 3928 3769 3973 autem
3804 3919 3960 3974 vide-

2364 4014 2560 4068 bantur
2586 4014 2783 4084 aliquid
2812 4027 2998 4067 sanum
3037 4017 3184 4081 quasi
3214 4012 3267 4065 in
3301 4010 3487 4065 umbra
3517 4012 3788 4065 somniare
3818 4053 3833 4078 ,
3867 4011 3960 4065 di-

2363 4108 2497 4161 vnlsi
2525 4120 2588 4159 ac
2616 4105 2768 4159 divisi
2797 4115 2955 4169 sunt,
2987 4112 3044 4158 ut
3072 4104 3322 4174 utrinque
3360 4101 3757 4157 deridercntur.
3798 4103 3958 4168 Quod

2364 4200 2509 4255 enim
2537 4212 2607 4253 ex
2638 4211 2745 4250 non
2776 4195 3110 4250 exstantibus
3141 4194 3272 4248 nihil
3303 4194 3430 4257 fiat,
3465 4209 3569 4246 una
3600 4208 3789 4247 omnes
3819 4208 3960 4262 pene

2364 4292 2613 4346 dixerunt
2653 4300 2708 4346 et
2752 4290 2951 4358 scripto
3000 4286 3372 4342 tradiderunt:
3404 4286 3561 4357 idque
3602 4302 3795 4355 magno
3831 4302 3959 4341 cum

2367 4384 2566 4438 studio.
2611 4384 2665 4437 In
2711 4381 2943 4436 absurda
2972 4380 3150 4448 itaque
3178 4379 3299 4434 illos
3328 4379 3539 4448 impulit
3587 4378 3854 4431 diabolus.
3905 4380 3960 4434 ln

2366 4474 2584 4529 utilibus
2631 4484 2852 4535 autem,
2901 4472 2987 4522 ubi
3038 4472 3359 4523 videbantur
3406 4484 3504 4523 ceu
3569 4470 3621 4522 in
3674 4472 3965 4538 atnigmate

2365 4565 2563 4635 aliquid
2594 4580 2660 4619 ex
2688 4563 2929 4634 quaesitis
2955 4561 3194 4614 invenire
3214 4599 3229 4625 ,
3261 4561 3315 4613 in
3341 4560 3423 4613 his
3448 4599 3463 4622 ,
3495 4560 3736 4627 inquam.
3765 4572 3959 4614 contra

2367 4673 2426 4712 se
2454 4669 2755 4728 pugnavere
2804 4670 2817 4705 :
2863 4651 3011 4707 verbi
3056 4649 3226 4718 gratia
3256 4690 3270 4713 ,
3318 4648 3463 4717 quod
3517 4649 3841 4702 immortalis
3893 4652 3965 4705 sit

2368 4754 2565 4815 anima,
2591 4748 2731 4820 quod
2754 4747 2923 4801 virtus
2949 4744 3093 4799 nullo
3117 4751 3271 4812 egeat
3292 4750 3638 4795 externorum
3665 4757 3679 4793 :
3702 4755 3765 4793 ac
3786 4757 3963 4811 neque

2368 4862 2431 4902 ex
2462 4842 2781 4899 necessitate
2803 4879 2820 4908 ,
2867 4851 3041 4908 neque
3065 4849 3132 4890 ex
3162 4833 3271 4889 fato
3297 4833 3470 4888 bonos
3515 4832 3630 4886 ﬁeri
3655 4871 3670 4896 ,
3724 4841 3818 4885 aut
3852 4849 3963 4887 non

2370 4936 2522 4991 tales.

2440 5029 2496 5083 5.
2525 5025 2776 5082 Vidistin’
2803 5022 3003 5079 diaboli
3042 5019 3342 5076 malitiam?
3381 5016 3562 5072 Sicubi
3602 5014 3721 5070 illos
3760 5016 3963 5088 aliquid

2370 5130 2681 5190 corruptum
2708 5118 2886 5172 dicere
2908 5114 3072 5177 vidit,
3106 5112 3157 5167 id
3188 5110 3367 5165 effecit
3388 5118 3445 5162 ut
3467 5124 3656 5164 omnes
3684 5112 3962 5166 consenti-

2374 5220 2493 5266 rent
2517 5208 2729 5281 gsieubi
2754 5222 2879 5263 vero
2899 5204 3096 5273 aliquid
3120 5214 3307 5254 sanum
3336 5198 3595 5267 proferre,
3619 5200 3755 5254 alios
3775 5212 3963 5255 contra

2376 5301 2521 5371 ipsos
2542 5298 2864 5361 concitavit;
2893 5306 2951 5350 ut
2973 5291 3202 5347 absurda
3233 5306 3337 5344 non
3363 5291 3675 5346 exciderent
3695 5306 3965 5345 consensu

2375 5394 2711 5455 confirmata,
2735 5402 2787 5447 et
2817 5389 2965 5445 utilia
2996 5384 3299 5441 difﬂuerent
3328 5384 3475 5438 varie
3512 5385 3806 5439 intellecta.
3834 5383 3967 5438 Vide

2376 5484 2645 5554 quomodo
2672 5482 2847 5536 anima
2871 5477 3068 5546 ubique
3098 5473 3167 5529 sit
3192 5473 3480 5539 imbecilla,
3510 5488 3682 5544 neque
3708 5471 3812 5525 sibi
3852 5474 3964 5526 suf-

2380 5579 2539 5632 ficiat.
2571 5577 2623 5631 ld
2654 5589 2782 5629 vero
2819 5573 2941 5641 jure
2979 5566 3171 5622 merito
3213 5566 3411 5622 factum
3442 5576 3519 5620 est
3574 5563 3630 5618 Si
3670 5561 3814 5616 enim
3845 5577 3965 5620 cum

2380 5673 2501 5728 talis
2526 5675 2660 5727 facta
2686 5671 2775 5735 sit,
2803 5665 3077 5721 contendit
3106 5681 3164 5720 se
3196 5667 3340 5720 ιιιιΙΙο
3366 5678 3501 5733 opus
3526 5661 3745 5728 habere,
3774 5672 3831 5716 et
3856 5677 3916 5716 sc
3937 5677 3965 5715 a

2384 5769 2491 5822 Dea
2511 5762 2755 5827 abducit;
2787 5760 2886 5815 nisi
2910 5758 3030 5813 talis
3057 5757 3191 5813 facta
3212 5766 3376 5822 esset,
3405 5755 3456 5808 in
3484 5767 3639 5824 quam
3664 5767 3769 5807 non
3795 5767 3981 5810 amen-
