4082 6326
270 395 345 452 59
1309 396 1376 453 IN
1416 398 1633 453 EPIST.
1679 396 1696 448 1
1738 394 1825 447 AD
1857 391 2012 445 con.
2056 393 2285 450 1101111..
2329 398 2440 453 vn.
3489 405 3560 457 ΰο

276 510 383 563 οὐκ
409 507 752 574 ἐπαίδευσεν,
775 507 909 562 ἀλλά
936 511 1029 565 καὶ
1059 510 1300 564 ἐκώλυσε
1331 513 1422 564 καὶ
1442 512 1753 579 διετείχισε,
1777 507 1871 558 καὶ

277 591 422 661 μετά
449 591 512 643 τὺ
544 590 800 661 γενέσθαι
833 588 1132 656 ὲπεσκίαζε
1182 595 1294 654 τοῖς
1334 594 1746 662 γεγενημένοις,
1775 589 1868 641 τὸν

275 674 514 745 σταυρὸν
562 673 815 728 κενοῦσα.
861 674 937 728 Ού
984 676 1162 727 τοίνυν
1200 675 1278 745 τῷ
1329 675 1522 744 μαθεῖν
1568 686 1590 712 ε
1622 674 1863 726 δείκνυσι

277 755 376 825 τὴν
413 756 492 818 εἰς
536 756 682 824 ἡμᾶς
721 755 907 826 τιμὴν,
946 757 1041 810 καὶ
1075 757 1152 827 τῷ
1183 758 1323 826 μετά
1354 759 1601 828 ἀγγέλων
1643 755 1860 826 μαθεῖν,

275 838 415 890 ἀλλά
456 838 654 907 καὶτῷ
683 838 771 888 διὰ
956 838 1049 891 τοῦ
1084 839 1406 910 Πνεύματος
1448 839 1614 893 αὑτοῦ
1648 837 1863 907 μαθεῖν.

275 915 413 972 Εἶτα
435 919 649 982 δεικνὺς
670 937 696 970 τ
767 920 1011 987 ,τ.έγεθος,
1041 923 1226 991 φησὶν,
1254 923 1336 975 δτι
1360 923 1422 975 Et
1454 922 1528 992 μὴ
1558 920 1618 974 τὸ
1643 919 1865 988 Πνεῦμα

275 1004 343 1057 τὸ
369 1003 737 1070 ἐπιστάμενον
769 1003 836 1055 τὰ
865 1003 1152 1074 ἀπόρρητα
1185 1005 1277 1058 τοῦ
1307 1004 1463 1068 Θεοῦ,
1496 1004 1866 1070 ἀπεκάλυψεν,

276 1085 382 1137 οὐκ
414 1084 480 1138 ἂν
525 1084 696 1153 ὲμάθο
796 1102 821 1133 ·.
858 1083 1014 1137 Οῦτω
1044 1086 1511 1156 περισπούδαστον
1541 1086 1620 1156 τῷ
1651 1083 1769 1154 Θεῷ
1809 1084 1869 1136 τὸ

279 1170 518 1239 πρᾶγμα
545 1163 634 1238 ἦν,
664 1167 804 1220 ὥστε
843 1169 900 1221 ὲν
941 1172 1052 1232 τοῖς
1094 1172 1426 1242 ἀπορρήτοις
1459 1167 1618 1222 εἶναι.
1651 1169 1741 1221 Διὸ
1776 1168 1870 1222 καὶ

285 1253 500 1304 ἐκείνου
557 1250 856 1321 ἐδεήθημεν
919 1249 1240 1306 δῖδασκάλου
1299 1252 1392 1306 τοῦ
1449 1251 1623 1305 ταῦτα
1684 1250 1869 1317 σαφῶς

283 1335 511 1395 εἰδότος.
568 1334 638 1387 Τὸ
683 1333 792 1402 γὰρ
834 1335 1078 1403 Πνεῦμα
1121 1336 1339 1398 πάντα,
1397 1337 1582 1403 φησὶν,
1633 1332 1868 1401 ἐρευνᾷ,

283 1417 387 1471 καί
420 1418 490 1470 τὰ
521 1418 682 1484 βάθη
727 1417 834 1470 τοῦ
873 1419 1046 1473 Θεοῦέ
1081 1422 1175 1481 Τίς
1204 1420 1313 1488 γὰρ
1351 1420 1514 1472 οἶδεν
1546 1417 1871 1486 ἀνθρώπων

282 1503 358 1556 τὰ
404 1499 509 1555 τοῦ
552 1501 888 1568 ἀνθρώπου,
928 1504 978 1554 εί
1006 1501 1093 1570 μὴ
1133 1502 1200 1554 τὸ
1238 1503 1477 1571 πνεῦμα
1508 1502 1614 1556 τοῦ
1649 1499 1872 1568 ἀνθρὼ-

281 1598 406 1637 που
437 1583 504 1636 τὸ
541 1584 613 1635 ἐν
649 1582 847 1648 αὐτῷ;
891 1583 1053 1635 Οὕτω
1093 1581 1190 1635 καὶ
1228 1583 1298 1636 τὰ
1328 1583 1435 1637 τοῦ
1478 1583 1628 1637 Θεοῦ
1671 1583 1872 1648 οὐδεὶς

279 1662 470 1727 οἶδεν,
504 1666 557 1717 εἰ
593 1663 680 1730 μὴ
721 1663 788 1715 τὸ
835 1663 1078 1732 Πνεῦμα
1120 1664 1228 1718 τοῦ
1258 1665 1428 1719 Θεοῦ.
1469 1665 1660 1734 Ἡμεῖς
1690 1666 1760 1718 δὲ
1798 1666 1871 1718 οὐ

285 1749 352 1801 τὸ
373 1747 612 1814 πνεῦμα
635 1745 741 1798 τοῦ
765 1747 1000 1814 κόσμου
1021 1746 1334 1816 ἐλάϐομεν,
1364 1749 1525 1802 ἀλλὰ
1547 1749 1610 1801 τὸ
1631 1748 1873 1816 Πνεῦμα

282 1831 351 1884 τὸ
389 1832 459 1883 ἐκ
497 1827 601 1882 τοῦ
649 1829 819 1891 Θεοῦ,
872 1830 974 1881 ἵνα
1018 1828 1269 1897 εἰδῶμεν
1313 1832 1386 1884 τὰ
1423 1831 1541 1884 ὑπὸ
1582 1831 1688 1885 τοῦ
1724 1830 1871 1884 Θεοῦ

279 1909 653 1982 χαρισθέντα
696 1910 862 1980 ἡμῖν.
915 1912 988 1965 Ού
1017 1911 1134 1983 γάρ
1180 1913 1425 1981 ἀγνοίας,
1464 1913 1576 1967 ἀλλ’
1610 1911 1873 1983 ἀκριϐοῦς

280 1995 545 2060 γνώσεως
598 1993 857 2047 ἐνταῦθα·
888 1993 947 2045 τὸ
992 1993 1250 2060 ἐρευνᾷν
1299 1995 1650 2049 ἐνδεικτικόν.
1688 1995 1875 2067 Ταύτῃ

281 2076 418 2143 γοῦν
450 2079 516 2146 τῇ
549 2076 691 2141 λέξει
723 2076 818 2128 καὶ
844 2075 939 2126 ἐπὶ
962 2075 1054 2127 τοῦ
1083 2074 1218 2127 Θεοῦ
1253 2076 1521 2146 κέχρηται
1555 2077 1726 2145 λέγων
1750 2094 1763 2106 ·
1813 2076 1876 2129 '0

279 2159 354 2211 δὲ
379 2157 645 2226 ἐρευνῶν
686 2157 792 2222 τὰς
835 2157 1107 2226 καρδίας,
1131 2155 1256 2212 οἵδε
1285 2160 1343 2212 τί
1363 2159 1430 2211 τὸ
1455 2161 1733 2228 φρόνημα
1768 2158 1875 2213 τοῦ

281 2243 656 2310 Πνεύματος.
697 2234 832 2291 Εῐτα
859 2239 987 2310 περὶ
1012 2241 1111 2310 τῆς
1144 2238 1237 2299 τοῦ
1267 2240 1586 2309 Πνεύματος
1621 2240 1876 2309 γνώσεως

284 2323 429 2393 μετά
451 2322 740 2392 ἀκριϐείας
759 2321 948 2387 εἰπὼν,
973 2323 1068 2375 καὶ
1097 2321 1311 2386 διδάξας
1334 2324 1415 2376 ὅτι
1436 2322 1610 2386 οὕτως
1638 2321 1876 2388 ὲξισάζει

282 2405 426 2475 πρὸς
470 2407 571 2476 τὴν
602 2404 697 2457 τοῦ
742 2403 878 2457 Θεοῦ
925 2404 1149 2473 γνῶσιν,
1180 2405 1258 2468 ὠς
1286 2406 1319 2475 ἡ
1347 2405 1639 2476 ἀνθρώπου
1675 2404 1877 2473 γνῶσις

281 2489 430 2559 αὑτὴ
482 2487 618 2559 πρὸς
665 2487 888 2559 ἑαυτὴν,
938 2488 1033 2542 καὶ
1082 2487 1262 2552 δείξας
1294 2489 1378 2541 ὅτι
1431 2488 1610 2542 πάντα
1662 2487 1877 2543 ἐκεῖθεν

282 2572 587 2643 ἐμάθομεν,
614 2572 710 2624 καλ⁵
739 2570 1052 2639 ἀναγκαίως
1081 2570 1309 2636 ἐκεῖθεν,
1341 2571 1621 2642 ἐπήγαγεν
1642 2587 1654 2601 ·
1687 2573 1747 2623 Ἀ
1778 2571 1876 2623 καί

282 2653 617 2723 λαλοῦμεν,
654 2653 765 2707 οὐκ
798 2654 869 2706 ἐν
904 2652 1208 2719 διδακτοῖς
1237 2653 1620 2721 ἀνθρωπίνης
1654 2653 1880 2721 σοφίας

282 2738 514 2806 λόγοις,
537 2735 676 2791 ἀλλ’
698 2735 767 2788 ἐν
791 2735 1092 2802 διδακτοῖς
1114 2737 1464 2805 Πνεύματος
1485 2737 1681 2807 ἁγίου,
1706 2750 1882 2791 irrev—

282 2819 563 2888 ματικοῖς
608 2817 985 2886 πνευματικὰ
1034 2819 1491 2886 συγκρίνοντες.
1559 2821 1723 2889 Ὁρᾷς
1775 2819 1879 2872 ποῦ

283 2905 438 2974 ἡμᾶς
468 2903 750 2972 ἀνήγαγεν
779 2903 888 2954 ἀπὸ
915 2900 1017 2970 τῆς
1045 2901 1203 2966 ἀξίας
1236 2899 1330 2952 τοῦ
1360 2901 1712 2964 διδασκάλους
1745 2901 1882 2953 Τοσ-

283 2986 444 3040 οῦτον
486 2986 597 3056 γάρ
631 2987 792 3056 ἡμεῖς
835 2983 1060 3036 ἐκείνων
1105 2983 1424 3054 σοφώτεροι,
1459 2984 1584 3038 ὅσον
1619 2984 1678 3036 τὸ
1717 2983 1881 3053 μέσον

285 3069 582 3132 Πλάτωνός
611 3085 672 3121 τε
701 3067 796 3121 καὶ
843 3065 1163 3135 Πνεύματος
1189 3064 1366 3134 ἁγίου.
1395 3066 1460 3118 Οἰ
1491 3067 1592 3136 μὲν
1615 3066 1726 3133 γάρ
1756 3067 1882 3129 τοὺς

286 3153 490 3218 ἔξωθεν
539 3153 778 3224 ῥήτορας
824 3150 1010 3221 ἔχουσι
1063 3149 1462 3214 διδασκάλους,
1516 3150 1680 3219 ἡμεῖς
1728 3149 1786 3202 δὲ
1824 3149 1885 3203 τὸ

285 3235 516 3305 Πνεῦμα
553 3235 615 3287 τὸ
661 3234 836 3301 ἀγιον.
872 3233 938 3285 Τί
970 3233 1027 3285 δέ
1067 3234 1206 3295 ἐστι,
1234 3231 1668 3301 Πνευματικοῖς
1699 3247 1884 3286 ,πνευ-

284 3319 510 3387 ματικά
568 3316 1036 3384 συγκρίνοντες;
1121 3314 1290 3367 Ὅταν
1347 3313 1722 3384 πνευματικὸν
1787 3316 1882 3368 καὶ

285 3404 541 3472 ἄπορον·
575 3395 631 3471 ᾗ,
671 3396 778 3451 ἀπὸ
813 3396 922 3451 τῶν
973 3397 1367 3468 πνευματικῶν
1423 3397 1522 3460 τάς
1579 3397 1886 3469 μαρτυρίας

287 3487 519 3554 ἄγομεν.
569 3476 696 3534 Οἷον
737 3482 903 3549 λέγω,
953 3481 1034 3534 ὅτι
1061 3479 1262 3552 ἀνέστη
1312 3481 1340 3532 6
1369 3481 1624 3550 Χριστὸς,
1655 3481 1737 3533 ὅτι
1777 3481 1887 3534 ἀπὸ

289 3565 575 3633 Παρθένου
604 3563 888 3634 ἐγεννήθη.
937 3562 1181 3632 Παράγω
1215 3562 1525 3634 μαρτυρίας
1555 3563 1650 3614 καὶ
1679 3563 1887 3625 τύπους

290 3651 388 3703 καὶ
409 3646 739 3711 ἀποδείξεις,
763 3645 859 3698 τοῦ
901 3646 1058 3700 Ἰωνᾶ
1083 3647 1182 3715 τὴν
1214 3647 1272 3700 ὲν
1295 3644 1375 3715 τῷ
1401 3645 1558 3715 κήτει
1577 3645 1884 3716 διατριϐὴν,

291 3735 392 3787 καὶ
416 3732 518 3803 τὴν
574 3730 712 3801 μετά
745 3727 919 3783 ταῦτα
967 3727 1314 3799 ἀπαλλαγὴν,
1346 3729 1453 3782 τῶν
1501 3728 1730 3800 στειρῶν
1760 3730 1888 3792 τοὺς

290 3817 574 3875 τοκετοὺς,
625 3814 724 3882 τῆς
754 3813 992 3884 Σάρρας,
1029 3814 1128 3882 τῆς
1166 3810 1469 3876 Ῥεϐέκκας
1515 3812 1610 3866 καὶ
1641 3812 1751 3865 τῶν
1777 3813 1889 3866 λοιο

295 3899 436 3961 πῶν,
496 3897 598 3966 τὴν
645 3896 702 3948 ὲν
736 3893 816 3964 τῷ
866 3894 1184 3964 παραδείσῳ
1235 3893 1345 3946 τῶν
1389 3894 1622 3966 δένδρων
1650 3895 1888 3966 βλάστην

293 3978 696 4051 γεγενημένην,
742 3979 802 4031 οὐ
860 3978 1192 4049 σπερμάτων
1251 3978 1724 4049 καταϐληθέντων,
1795 3982 1890 4052 οὐχ

295 4065 474 4116 ὑετῶν
521 4060 988 4129 κατενεχθέντων,
1035 4061 1137 4113 οὐκ
1183 4057 1419 4120 αῦλακος
1454 4061 1885 4133 ἀνατμηθείσης.

296 4149 383 4202 Τὰ
427 4147 540 4217 γὰρ
601 4144 862 4216 μέλλοντα
895 4143 1244 4198 διεπλάττετο
1291 4143 1386 4198 καὶ
1434 4145 1779 4215 διεγράφετο,
1814 4147 1892 4211 ὡς

296 4235 358 4286 ὲν
392 4232 544 4299 σκιᾷ.
595 4231 709 4291 τοῖς
744 4227 1056 4298 προτέροις,
1092 4226 1180 4280 ἴνα
1211 4226 1478 4299 πιστευθῇ
1509 4228 1685 4282 ταῦτα
1716 4245 1893 4296 παρα-

297 4314 592 4382 γενόμενα.
651 4310 760 4362 Kal
819 4308 1071 4377 δείκνυμι
1120 4307 1306 4372 πάλιν,
1353 4309 1472 4372 πῶς
1502 4309 1611 4363 ἀπὸ
1666 4311 1770 4381 γῆς
1799 4312 1892 4366 ἄν-

298 4399 548 4468 θρωπος,
601 4394 696 4446 καὶ
753 4391 871 4454 πῶς
923 4392 1034 4444 ἀπὸ
1084 4389 1375 4461 ἀνθρώπου
1437 4393 1601 4460 μόνου
1648 4395 1681 4462 ἡ
1729 4393 1890 4464 γυνὴ,

300 4482 398 4536 καὶ
427 4476 669 4548 οὐδαμοῦ
723 4475 1002 4540 συνουσία,
1031 4473 1148 4536 πῶς
1192 4473 1332 4544 αὑτὴ
1367 4476 1400 4545 ἡ
1427 4478 1497 4545 γῆ
1528 4476 1624 4529 ἀπ’
1656 4477 1890 4540 οὐδενὸς,

297 4565 399 4634 τῆς
427 4562 714 4630 δυνάμεως
739 4559 835 4612 τοῦ
863 4555 1211 4629 Δημιουργοῦ
1247 4557 1521 4627 πανταχοῦ
1550 4559 1687 4629 πρὸς
1715 4560 1892 4617 πάντα

297 4645 603 4719 ἀρκούσης.
627 4643 784 4696 Οῦτω
808 4641 1200 4711 πνευματικοῖς
1224 4640 1572 4707 πνευματικά
1593 4642 1891 4711 συγκρίνω,

302 4733 399 4786 καὶ
438 4726 680 4798 οὐδαμοῦ
738 4725 927 4797 χρείαν
962 4724 1068 4793 ἔχω
1125 4723 1228 4792 τῆς
1267 4722 1466 4785 ἔξωθεν
1502 4721 1715 4789 σοφίας,
1770 4723 1892 4776 οὐδὲ

306 4811 591 4881 λογισμῶν
637 4809 758 4862 οὐδὲ
815 4805 1201 4878 παρασκευῶν.
1252 4803 1480 4856 Ἐκεῖνοι
1514 4803 1623 4873 γάρ
1658 4803 1752 4855 καὶ
1790 4821 1897 4857 πα-

309 4893 678 4966 ρασαλεύουσι
717 4890 816 4960 τὴν
864 4887 1066 4956 ἀσθενῆ
1129 4885 1372 4966 διάνοιαν
1435 4885 1529 4938 καὶ
1579 4883 1892 4954 θορυϐοῦσι,

304 4962 400 5032 καὶ
452 4971 730 5037 ἀποδεῖξαι
780 4970 966 5040 σαφῶς
1013 4968 1162 5023 οὐδὸν
1217 4962 1295 5022 ὧν
1345 4968 1601 5036 λέγουσιν
1653 4968 1892 5039 ἔχουσιν,

303 5059 442 5115 ἀλλά
464 5057 558 5112 καὶ
582 5053 890 5110 τούναντίον
920 5051 1136 5105 ποιοῦσι
1153 5066 1166 5079 ’
1191 5051 1521 5121 ταράττουσι
1548 5051 1769 5121 μᾶλλον,
1799 5051 1895 5105 καὶ

307 5143 475 5211 ζόφου
499 5138 774 5210 πληροῦσι
789 5137 885 5190 καὶ
905 5135 1140 5205 ἀπορίας
1164 5133 1386 5204 πολλῆς,
1408 5135 1500 5188 Διό
1524 5152 1680 5206 φησι.
1712 5139 1896 5190 "rw

309 5221 585 5296 μοτικοῖς
632 5219 1004 5290 ,πνευματικὰ
1036 5217 1490 5287 συγκρίνοντες.
1536 5219 1722 5288 Ὁρᾷς,
1775 5220 1896 5282 πῶς

312 5302 576 5375 περιττὴν
593 5303 766 5372 αὐτὴν
784 5303 1056 5356 δείκνυσιν
1076 5318 1091 5365 ;
1115 5299 1176 5353 οὐ
1196 5299 1356 5369 μόνον
1379 5299 1435 5351 δὲ
1461 5301 1740 5370 περιττὴν,
1760 5301 1897 5354 ἀλλά

312 5391 399 5440 καί
422 5384 680 5439 ἐναντίαν
703 5384 798 5435 καὶ
823 5383 1114 5454 βλαϐεράν.
1145 5382 1256 5435 Καὶ
1280 5380 1388 5452 7&9
1415 5382 1475 5435 τὸ
1509 5385 1684 5435 εἰπεῖν
1709 5423 1726 5447 ,
1763 5383 1899 5438 Ἵνα

303 5472 387 5540 μὴ
417 5463 654 5530 κενωθῇ
684 5465 716 5517 6
744 5466 1010 5532 σταυρὸς
1032 5464 1141 5520 τοῦ
1168 5463 1429 5534 Χριστοῦ
1451 5503 1467 5528 ,
1496 5465 1615 5529 καὶ,
1651 5467 1786 5519 Ἵνα
1807 5465 1895 5534 μὴ

306 5547 345 5624 ᾗ
383 5553 456 5606 ἐν
480 5548 671 5618 σοφίᾳ
709 5545 1035 5614 ἀνθρώπων
1065 5549 1105 5616 ἠ
1139 5549 1346 5613 πίστις
1371 5545 1559 5614 ἡμῶν,
1586 5547 1745 5600 τοῦτο
1775 5549 1899 5619 ἐδή-

310 5634 504 5687 λωσεν.
550 5626 811 5682 Ἐνταῦθα
840 5627 896 5679 δὲ
921 5627 1211 5696 δείκνυσιν,
1236 5631 1318 5684 ὅτι
1344 5629 1602 5684 ἀδύνατον
1634 5630 1899 5702 θαρροῦν-

310 5731 410 5780 τας
444 5714 538 5768 καὶ
575 5714 635 5767 τὸ
680 5711 788 5764 πᾶν
825 5709 1219 5779 ἐπιτρέποντας
1259 5714 1419 5786 αὐτῇ,
1471 5715 1661 5785 μαθεῖν
1699 5733 1749 5769 τι
1790 5716 1899 5770 τῶν

392 5996 416 6024 ⁸
439 5992 588 6048 Savil.
610 5993 660 6043 in
681 6005 861 6055 marg.,
906 5991 1185 6056 ἀπόρρητον.

1974 507 2284 577 χρησίμων.
2329 510 2592 579 Ψυχικὸς
2617 510 2736 583 [56]
2766 512 2876 579 γὰρ
2912 511 3242 579 ἅνθρωπος,
3270 514 3453 583 φησὶν,
3483 511 3556 562 σὺ

1975 588 2207 657 δέχεται
2236 589 2305 644 τὰ
2339 592 2445 646 τοῦ
2487 594 2850 662 Πνεύματος.
2883 594 2976 645 Δεῖ
3015 593 3193 645 τοίνυν
3231 594 3400 663 αὐτὴν
3428 597 3554 648 ἀπσ-

1977 671 2164 724 θέσθαι
2221 673 2508 744 πρότερον.
2567 677 2630 727 Τί
2683 669 2811 742 οῦν;
2864 674 3236 744 διαϐέϐληται,
3291 676 3477 745 φησὶν,
3521 679 3553 744 ἡ

1985 756 2200 825 σοφίαὴ
2238 756 2474 824 ἔξωθεν;
2509 759 2700 811 Καίτοι
2730 758 2889 827 ἔργον
2931 757 3048 809 ἐστὶ
3074 757 3167 810 τοῦ
3197 757 3353 809 Θεοῦ.
3393 757 3561 811 Πόθεν

1979 834 2175 903 δῆλον;
2221 838 2295 890 Ού
2325 837 2434 909 γὰρ
2471 838 2632 903 αὐτὸς
2670 839 2839 910 αὐτὴν
2883 838 3158 907 ἐποίησεν,
3191 839 3327 892 ἀλλά
3361 840 3425 892 σὺ
3463 840 3560 891 έπ-

1980 918 2230 987 εξεῦρες·
2269 922 2364 973 καὶ
2399 922 2507 992 7&9
2542 922 2733 991 σοφίαν
2777 921 3010 976 ἐνταῦθα
3031 922 3090 974 τὸ
3136 923 3427 993 περίεργον
3459 923 3561 990 τῆς

1980 1001 2264 1072 ζητήσεως
2297 1003 2468 1073 λέγει,
2493 1006 2589 1058 καὶ
2612 1005 2711 1074 τὴν
2741 1005 3004 1073 περιττὴν
3031 1004 3381 1072 εὐγλωττίαν.
3419 1006 3480 1057 Εἰ
3503 1007 3561 1058 δὲ

1979 1083 2078 1154 τὴν
2108 1085 2329 1160 ,σύνεσιν
2358 1089 2457 1157 τὴν
2492 1087 2846 1158 ἀνθρωπίνην
2874 1088 3007 1156 φαίη
3041 1105 3126 1150 τις
3161 1089 3324 1140 αὑτὸν
3359 1087 3561 1154 λέγειν.

1982 1169 2075 1220 καὶ
2111 1168 2253 1222 οὕτω
2284 1171 2346 1224 τὸ
2371 1171 2623 1241 ἔγκλημα
2655 1171 2764 1224 σόν.
2792 1171 2865 1222 Σὺ
2897 1171 3006 1240 γάρ
3036 1171 3203 1240 αὐτὴν
3235 1170 3562 1235 διαϐάλλεις,

1981 1254 2007 1304 6
2033 1255 2219 1317 κακῶς
2255 1256 2615 1325 κεχρημένος,
2643 1256 2671 1306 6
2707 1255 2847 1316 πρὸς
2879 1253 3083 1323 βλάϐην
3115 1254 3210 1306 καὶ
3251 1254 3566 1306 ἐναντίωσιν

1982 1334 2140 1397 Θεοῦ,
2165 1338 2193 1388 6
2217 1336 2465 1388 ἀπαιτῶν
2496 1337 2666 1406 αὐτὴν
2692 1337 2838 1406 ειπερ
2871 1337 2971 1388 οὐκ
2993 1331 3156 1404 εἶχεν.
3206 1337 3356 1389 Ἐπεὶ
3385 1333 3478 1389 οὖν
3510 1337 3566 1387 ἐν

1983 1419 2119 1487 αὐτῇ
2146 1420 2420 1488 καυχᾶσαι
2453 1419 2544 1471 καὶ
2573 1419 2691 1488 Θεῷ
2715 1419 2992 1488 πολεμεῖς,
3020 1418 3246 1488 ἤλεγξεν
3273 1418 3443 1486 αὐτῆς
3471 1420 3568 1486 τὴν

1984 1499 2288 1554 ἀσθένειαν.
2329 1501 2480 1552 Ἐπεὶ
2504 1502 2595 1552 καὶ
2622 1502 2773 1568 ἰσχῦς
2798 1501 3045 1568 σώματος
3071 1501 3258 1552 καλόν·
3285 1500 3395 1551 ἀλλ’
3419 1502 3569 1551 ἐπει-

1983 1581 2046 1650 δὴ
2079 1582 2180 1634 οὐκ
2228 1584 2308 1644 εἰς
2343 1582 2462 1633 δέον
2505 1584 2773 1651 ἐχρήσατο
2812 1583 2949 1652 αὐτῇ
2995 1585 3021 1635 ό
3061 1582 3221 1642 Κάἴν.
3265 1581 3570 1652 παρέλυσεν

1984 1665 2144 1718 αὑτὸν
2167 1666 2196 1717 6
2220 1665 2375 1728 Θεὸς,
2399 1667 2491 1717 καὶ
2506 1666 2730 1735 τρέμειν
2759 1665 3002 1734 εποίησε.
3036 1665 3138 1718 Καὶ
3162 1666 3190 1716 6
3218 1662 3357 1727 οἶνος
3385 1664 3566 1717 καλόν·

1983 1747 2098 1799 ἀλλ’
2133 1748 2319 1815 ἐπειδὴ
2349 1749 2603 1817 ἀμέτρως
2635 1749 2945 1800 ἀπέλαυσαν
2971 1749 3018 1800 οἰ
3053 1748 3316 1810 Ἰουδαῖοι,
3341 1747 3570 1800 καθόλου

1984 1833 2096 1892 τοῖς
2145 1831 2381 1899 ἱερεῦσιν
2426 1831 2808 1898 ἀπηγόρευσεν
2835 1834 2863 1883 6
2904 1832 3038 1893 Θεὸς
3081 1831 3172 1883 τοῦ
3222 1830 3435 1898 καρποῦ
3475 1829 3573 1898 τὴν

1986 1913 2200 1984 χρῆσιν.
2251 1908 2407 1964 Ἐπεὶ
2454 1907 2548 1965 οὖν
2603 1913 2697 1964 καὶ
2751 1913 2816 1964 σὺ
2863 1914 2929 1981 τῇ
2977 1913 3138 1982 σοφίᾳ
3187 1916 3269 1975 εἰς
3317 1913 3574 1980 ἀθέτησιν

1987 1996 2291 2066 ἀπεχρήσω
2319 1994 2412 2048 τοῦ
2464 1993 2620 2058 Θεοῦ,
2654 1994 2748 2046 καὶ
2800 1994 3022 2065 μείζονα
3064 1995 3353 2064 ἀπῄτησας
3403 1992 3574 2062 αὐτὴν

1987 2080 2085 2148 τῆς
2121 2078 2327 2142 οἰκείας
2353 2078 2558 2148 ἰσχύος,
2587 2078 2816 2144 ἀπάγων
2850 2093 2908 2128 σε
2937 2077 3035 2146 τῆς
3063 2075 3409 2146 ἀνθρωπίνης
3430 2075 3577 2127 ἐλπί-

1986 2161 2096 2225 δος,
2125 2159 2328 2225 ἔδειξεν
2355 2162 2525 2230 αὐτῆς
2556 2162 2653 2231 τὴν
2685 2161 2991 2213 ἀσθένειαν.
3029 2160 3136 2212 Κιιύ⁵
3165 2159 3272 2230 γὰρ
3295 2159 3388 2211 καὶ
3411 2158 3572 2226 ιίιυχι⁹

1989 2243 2085 2307 κός
2115 2246 2265 2296 ἔστιν
2292 2245 2320 2296 6
2346 2243 2405 2297 τὸ
2433 2245 2542 2296 πᾶν
2584 2246 2697 2306 τοῖς
2727 2243 3009 2313 λογισμοῖς
3040 2245 3152 2304 τοῖς
3192 2241 3456 2310 ψυχροῖςὶ)
3496 2239 3577 2291 δι-

1986 2326 2129 2394 δοὺς,
2167 2326 2261 2378 καὶ
2289 2327 2364 2396 μὴ
2389 2325 2626 2395 νομίζων
2656 2325 2860 2378 ἀνωθέν
2894 2342 3037 2386 τινος
3063 2324 3269 2378 δεῖσθαι
3302 2322 3574 2392 βοηθείας,

1987 2410 2125 2480 ὅπερ
2155 2410 2304 2461 ἐστὶν
2333 2409 2541 2471 ἀνοίας.
2576 2409 2684 2460 Καὶ
2704 2408 2812 2478 γὰρ
2845 2407 3044 2460 ἔδωκεν
3068 2407 3236 2477 αὐτὴν
3264 2407 3291 2458 6
3309 2405 3466 2467 Θεὸς,
3489 2405 3578 2458 ῖνα

1992 2492 2242 2564 μανθάνῃ
2269 2491 2366 2545 καὶ
2388 2490 2609 2561 δέχηται
2649 2491 2709 2543 τὸ
2741 2493 2870 2561 παρ’
2902 2488 3089 2554 αὐτοῦ,
3144 2489 3242 2560 οὐχ
3277 2489 3364 2541 ἴνα
3408 2488 3575 2556 ἑαυτῇ

1990 2576 2130 2645 αὑτὴ
2160 2575 2353 2644 ἀρκεῖν
2382 2574 2602 2645 νομίζῃ.
2632 2575 2742 2626 Καὶ
2763 2575 2874 2642 γὰρ
2897 2576 2945 2627 οἰ
2989 2573 3258 2642 ὀφθαλμοὶ
3298 2570 3452 2624 καλοὶ
3486 2569 3581 2622 καὶ

1989 2659 2275 2729 χρήσιμοι,
2305 2655 2421 2710 ἀλλ’
2449 2655 2546 2708 ὲάν
2568 2655 2869 2724 βούλωνται
2903 2657 3073 2725 χωρὶς
3105 2655 3281 2722 φωτὸς
3307 2655 3459 2723 όρᾷν,
3487 2652 3579 2703 οὑ-

1990 2741 2076 2794 δὲν
2113 2740 2312 2802 αὐτοὺς
2350 2738 2409 2792 τὸ
2453 2736 2647 2799 κάλλος
2671 2737 2912 2808 ὀνίνησιν
2937 2737 3060 2789 οὐδὲ
3109 2739 3142 2805 ἡ
3193 2736 3371 2790 οἰκεία
3406 2737 3578 2802 ἰσχῦς,

1991 2823 2128 2876 ἀλλὰ
2162 2822 2256 2875 καὶ
2296 2821 2697 2892 παραϐλάπτει.
2729 2819 2886 2874 Οῦτω
2928 2819 3107 2874 τοίνυν
3151 2817 3440 2886 καὶψυχὴ,
3485 2816 3582 2868 ἐὰν

1995 2904 2232 2974 βουληθῇ
2284 2905 2455 2974 χωρὶς
2517 2904 2836 2974 Πνεύματος
2883 2902 3124 2971 βλέπειν,
3165 2902 3260 2955 καὶ
3327 2899 3582 2968 ἐμπόδιον

1993 2989 2160 3057 ἑαυτῇ
2195 2989 2428 3055 γίνεται.
2461 2987 2584 3049 Πῶς
2611 2985 2706 3040 οὖν
2731 2987 2838 3056 πρὸ
2869 2985 3084 3047 τούτου,
3113 2985 3302 3054 φησὶν,
3334 2984 3427 3051 ἀφ’
3458 2983 3583 3034 ἑαυ-

1993 3067 2090 3137 τῆς
2121 3068 2298 3121 πάντα
2327 3065 2501 3136 ἐώρα;
2534 3065 2803 3121 Οὐδέποτε
2825 3065 2919 3132 ἀφ’
2955 3064 3176 3133 ἑαυτῆς,
3204 3063 3320 3115 ἀλλ’
3351 3057 3461 3130 εἷχε
3486 3059 3584 3128 τὴν

1994 3150 2172 3203 κτίσιν
2202 3149 2323 3202 ἀντὶ
2350 3148 2556 3218 βιϐλίου
2585 3147 2954 3217 προκειμένην
2982 3145 3038 3197 ὲν
3064 3145 3249 3215 μέσῳ·
3285 3142 3472 3211 ἐπειδὴ
3500 3141 3580 3203 δὲ,

1995 3235 2226 3302 ἀφέντες
2252 3232 2467 3301 βαδίσαι
2490 3232 2587 3302 τὴν
2609 3231 2748 3294 ὁδὸν,
2781 3231 2848 3300 ἢν
2874 3231 3058 3294 αὐτοῖς
3094 3229 3122 3281 6
3142 3227 3274 3288 Θεὸς
3303 3225 3580 3288 ἐκέλευσε,

1995 3313 2092 3365 καὶ
2122 3311 2208 3364 διά
2244 3311 2338 3364 τοῦ
2380 3311 2610 3373 κάλλους
2651 3310 2760 3363 τῶν
2799 3309 3095 3380 δρωμένων
3129 3305 3334 3375 γνῶναι
3364 3304 3454 3357 τὸν
3481 3306 3585 3372 Δη-

2001 3394 2262 3466 μιουργὸν
2287 3435 2302 3461 ,
2340 3394 2623 3463 λογισμοῖς
2656 3391 2725 3445 τά
2765 3391 3022 3462 σκῆπτρα
3052 3389 3153 3458 τῆς
3205 3388 3463 3455 γνώσεως
3502 3389 3587 3438 Ev-

1997 3473 2293 3545 εχείρισαν,
2329 3475 2407 3537 εἰς
2450 3472 2684 3540 πέλαγος
2714 3469 2971 3532 ἀσεϐείας
3013 3467 3416 3537 ἀσθενήσαντες
3453 3482 3588 3517 κατ-

1998 3557 2213 3616 έδυσαν,
2236 3555 2439 3618 εὐθέως
2471 3555 2570 3624 τὴν
2610 3552 2848 3608 ἀϐυσσον
2871 3551 2982 3604 τῶν
3023 3549 3210 3605 κακῶν
3243 3550 3583 3616 εἰσάγοντες.

1998 3635 2092 3687 καὶ
2126 3634 2372 3697 εἰπόντες
2411 3631 2562 3686 οὐδὲν
2608 3629 2669 3695 ἐξ
2706 3631 2810 3684 οὐκ
2851 3629 3020 3684 ὄντων
3053 3628 3324 3697 γίνεσθαι,
3362 3626 3478 3679 ἀλλ’
3528 3625 3588 3688 ἐξ

2000 3715 2134 3786 ὕλης
2154 3717 2474 3786 ἀγεννήτου,
2504 3715 2626 3768 ὅθεν
2647 3715 2742 3767 καὶ
2762 3713 2961 3783 μυρίας
2981 3711 3170 3764 ἔτεκον
3197 3707 3468 3786 αίρέσειςέ
3496 3707 3588 3786 καὶ

2000 3797 2060 3849 ἐν
2089 3779 2353 3865 ’μέν’τοῖέ
2373 3793 2579 3865 σφόδρα
2607 3779 3292 3861 ἀτόποιςσυνηνέχθησαν,
3331 3787 3389 3837 ἐν
3421 3785 3476 3837 δὲ
3504 3779 3586 3846 οἷς

2001 3879 2218 3931 ἐδόκουν
2262 3876 2413 3945 ὑγιές
2451 3894 2502 3929 τι
2539 3876 2642 3928 κᾶν
2672 3876 2748 3936 ὡς
2787 3876 2844 3927 ὲν
2877 3876 3057 3934 σκιαῖς
3090 3867 3455 3939 ὀνειρώττειν,
3488 3867 3585 3945 ἀλ-

1999 3955 2180 4026 λήλοις
2214 3943 2650 4026 συνερράγησαν,
2689 3953 2754 4005 ἵν’
2789 3950 3130 4022 ἑκατέρωθεν
3168 3943 3584 4015 καταγελασθῶ-

2003 4057 2108 4094 σιν.
2137 4039 2258 4092 ’Ότι
2294 4039 2391 4109 μὲν
2418 4037 2528 4108 γὰρ
2563 4036 2623 4102 ἐξ
2663 4036 2765 4089 οὐκ
2799 4035 2969 4089 όντων
2996 4033 3148 4086 οὐδὲν
3175 4031 3406 4098 γίνεται,
3447 4028 3589 4109 ’πάνθ⁸

2001 4139 2094 4184 τες
2121 4120 2254 4191 ὁμοῦ
2286 4108 2472 4191 σχεδὸν
2501 4117 2654 4173 εἷπον
2698 4122 2794 4172 καὶ
2835 4116 3104 4187 ἔγραψαν,
3141 4114 3237 4169 καὶ
3263 4108 3588 4191 οῦτωημετά

2003 4187 2208 4270 πολλῆς
2243 4187 2353 4268 τῆς
2400 4198 2654 4268 σπουδῆς.
2706 4198 2794 4251 Ἐν
2834 4200 2949 4258 τοῖς
2988 4195 3214 4257 ἀτόποις
3256 4187 3350 4244 οῦν
3390 4189 3592 4270 ηλασεν

2003 4266 2203 4346 αὐτοῦς
2236 4283 2266 4335 6
2303 4266 2547 4346 διάϐολος
2581 4266 2600 4314 ’⁷
2631 4284 2689 4335 ὲν
2726 4282 2784 4336 δὲ
2809 4283 2922 4343 τοῖς
2955 4279 3246 4349 χρησίμοις
3281 4275 3340 4325 ἐν
3367 4266 3590 4333 οἴςέδο-

2007 4367 2103 4431 ξαν
2147 4367 2248 4420 κᾶν
2279 4368 2338 4418 ὲν
2368 4366 2652 4435 αἰνίγματί
2682 4383 2732 4417 τι
2754 4363 2864 4416 τῶν
2903 4359 3252 4435 ζητουμένων
3283 4353 3590 4435 λεᾼῦρίσκειν,

2004 4446 2064 4498 ὲν
2092 4445 2303 4508 τούτοις
2331 4431 2557 4506 ἑαυτοὺς
2582 4443 2929 4512 ἐπολέμησαν
2954 4453 2966 4466 ·
3002 4431 3134 4500 οἷον,
3157 4434 3239 4487 ὅτι
3270 4431 3592 4512 ἀθάνατοςῄ

2003 4524 2172 4596 ψυχὴ,
2199 4525 2294 4579 καὶ
2322 4526 2404 4577 ὃτι
2427 4525 2459 4593 ἡ
2484 4522 2654 4591 ἀρετὴ
2674 4511 2890 4581 οὐδενὸς
2915 4517 3083 4570 δεῖται
3115 4513 3225 4567 τῶν
3253 4511 3473 4596 ἔξωθεν,
3497 4511 3595 4596 καὶ

2004 4594 2090 4662 ὅτι
2108 4594 2215 4662 οὐκ
2236 4608 2481 4676 ἀνάγκης
2513 4608 2631 4659 οὐδὲ
2657 4601 2993 4676 εἱμαρμένης
3013 4600 3073 4652 τὸ
3094 4595 3346 4670 γενέσθαι
3371 4594 3588 4655 καλοὺς,

2004 4691 2038 4760 ἢ
2072 4691 2146 4760 μὴ
2175 4689 2468 4751 τοιούτους.

2076 4799 2137 4844 ε’.
2153 4787 2306 4854 Εἶδες
2323 4789 2418 4842 τοῦ
2430 4788 2673 4841 διαϐόλου
2687 4785 3023 4856 κακουργίαν
3045 4801 3060 4849 ;
3083 4784 3149 4837 Εῖ
3164 4799 3269 4835 που
3280 4798 3332 4834 τι
3343 4781 3592 4852 διεφθαρ-

2009 4875 2174 4943 μένον
2193 4869 2334 4925 εἷδεν
2361 4871 2633 4934 εἰπόντας,
2657 4871 2950 4940 ὁμονοῆσαι
2979 4867 3186 4927 πάντας
3214 4865 3472 4936 ἐποίησεν
3499 4883 3513 4897 θ
3545 4865 3597 4916 εί

2007 4974 2111 5008 που
2144 4955 2201 5009 δέ
2234 4973 2288 5008 τι
2338 4954 2490 5022 ὑγιὲς
2523 4953 2928 5023 φθεγξαμένους
2951 4987 2968 5012 ,
3005 4949 3225 5019 ἑτέρους
3260 4947 3379 5001 κατ’
3414 4947 3594 5000 αὐτῶν

2009 5039 2123 5111 [57]
2158 5038 2464 5108 διήγειρεν·
2511 5036 2654 5089 ὥστε
2701 5036 2837 5104 μήτε
2894 5030 2962 5083 τά
3000 5030 3180 5086 ἄτοπα
3219 5033 3474 5083 ἐκπεσεῖν
3523 5031 3592 5098 τῇ

2009 5122 2300 5193 συμφωνίᾳ
2334 5119 2714 5188 βεϐαιούμενα,
2759 5115 2853 5167 καὶ
2889 5114 2954 5167 τά
2991 5116 3241 5186 χρήσιμα
3270 5111 3592 5182 διαρρυῆναι

2007 5205 2270 5267 ποικίλως
2309 5202 2678 5272 βαλλόμεναε.
2712 5199 2856 5267 Ὅρα
2895 5200 3013 5260 πῶς
3038 5195 3313 5263 πανταχοῦ
3341 5196 3530 5254 ἄτονος
3559 5196 3592 5258 ὴ

2005 5287 2176 5356 ψυχὴ,
2203 5285 2297 5342 καὶ
2318 5283 2418 5338 οὐκ
2448 5283 2607 5350 ἀρκεῖ
2633 5283 2824 5352 ἑαυτῇ.
2859 5281 2969 5333 Καὶ
2996 5279 3155 5331 τοῦτο
3182 5278 3408 5334 εἰκότως
3430 5275 3591 5342 γεγέο

2008 5386 2188 5441 νηται.
2226 5369 2290 5421 Εἰ
2340 5365 2448 5437 γάρ
2479 5365 2702 5430 τοιαύτη
2748 5365 3000 5431 γεγονυῖα
3035 5357 3594 5441 φιλοκιεικεῖῗμηδενὸς

2010 5438 2197 5526 χρείαν
2235 5451 2401 5523 ἔχειν,
2461 5454 2558 5503 καὶ
2605 5449 2813 5518 ἀπάγει
2852 5441 3186 5526 ἑαυτὴνντοῦ
3236 5440 3393 5502 Θεοῦ,
3429 5441 3476 5491 εἰ

2008 5521 2233 5606 τοιαύτη
2264 5521 2580 5603 έγεγένητο,
2607 5531 2710 5586 ποῦ
2739 5531 2836 5582 οὐκ
2864 5528 2930 5581 ἂν
2960 5524 3217 5591 ὲξὼλισθε
3250 5527 3480 5593 μανίας;
3533 5521 3593 5606 Εί

2010 5601 2251 5674 λαϐοῦσα
2280 5601 2439 5686 σῶμα
2471 5601 2683 5685 θνητὸν,
2713 5612 2820 5665 ἀπὸ
2863 5607 3093 5678 ψευδοῦς
3124 5605 3468 5674 ὑποσχέσεως
3499 5601 3595 5686 τοῦ

2008 5703 2256 5757 διαϐόλου
2285 5685 2652 5769 προσεδόκησε
2674 5693 2853 5762 πολλῷ
2880 5692 3104 5761 μείζονα
3125 5706 3137 5720 ⁸
3177 5689 3435 5743 ’Ἑσεσθε
3463 5685 3592 5754 γὰρ,

2073 5931 2103 5969 ιι
2133 5931 2210 5977 Sic
2234 5929 2435 5989 Rogius.
2455 5929 2580 5976 Iidiu
2609 5926 2999 5988 111090710902;
3021 5925 3284 5985 τῆςψνχῆς,
3311 5927 3589 5979 perperam;

2018 5996 2036 6024 τ
2067 5990 2326 6056 chcluuur
2357 5989 2600 6050 νοούμενα.
