4082 6326
579 338 640 395 οι
1253 335 1312 391 s.
1353 335 1642 392 JOANNIS
1680 335 2174 394 cumsosrom
2211 336 2536 392 AHCHIEP.
2578 312 3128 395 CONSTANTINOP.
3763 340 3829 396 ιε

577 453 766 520 φησὶν,
795 453 876 516 ὡς
901 451 1058 526 θεοί⁶
1099 453 1146 503 εί
1183 453 1275 504 καὶ
1312 453 1471 506 τοῦτο
1504 452 1564 518 ἐξ
1600 455 1773 526 ἀρχῆς
1802 456 1995 512 ἔλαϐεν
2020 457 2151 513 ἀθά.

2261 455 2447 524 δάμεν,
2477 455 2574 508 οὐκ
2601 456 2936 527 ἀνθρώπινα,
2957 456 3098 510 ὥστε
3130 455 3555 525 ύποπτευθῆναι,
3578 455 3712 508 ἀλλά
3736 458 3828 510 τοῦ

573 553 753 595 νατον,
790 534 894 586 ποῦ
915 523 1114 588 ούκἝν
1141 534 1366 599 ἐξέπεσε
1394 553 1409 601 ;
1442 539 1552 591 Καὶ
1577 523 1805 610 γάρκαὶ
1835 543 1952 610 μετ’
1981 544 2158 596 ἐκεῖνο
2262 535 2354 587 νοῦ
2381 537 2592 589 ἐκείνου
2622 523 2716 591 καί
2748 539 3116 609 πνευματικά.

570 619 867 686 ἀγέννητον
895 618 1094 686 ἑαυτὴν
1126 617 1327 686 ἔφησεν
1367 614 1529 684 εἶναι,
1585 623 1680 674 καὶ
1711 623 1810 692 τῆς
1834 623 2021 687 οὐσίας
2059 623 2152 676 τοῦ

568 698 727 762 Θεοῦ,
762 699 849 750 διά
885 699 980 751 τοῦ
1015 701 1316 767 σεσηπότας
1346 701 1458 753 τῶν
1491 701 1814 772 Μανιχαίων
1847 703 2148 773 στόματος⁶

569 783 664 833 καὶ
695 783 821 845 τοὺς
856 783 1012 844 θεοὺς
1052 783 1179 844 τοὺς
1211 785 1344 853 παρ’
1391 783 1655 852 Ἕλλησιν
1689 785 1798 838 ἀπὸ
1831 786 2022 838 τούτου
2057 785 2153 839 τοῦ

567 867 878 933 νοσήματος
905 867 1004 935 τῆς
1043 866 1350 931 ὑποθέσεως
1393 869 1681 920 ἀνέπλασε.
1727 870 1825 923 Διὰ
1857 869 2015 924 τοῦτό
2063 887 2153 939 μοι

565 948 711 999 δοκεῖ
758 947 854 999 καὶ
900 949 997 1016 την
1029 950 1229 1018 ἀρετὴν
1272 951 1302 1002 6
1356 950 1488 1013 Θεὸς
1548 950 1850 1020 ἐπίμοχθον
1905 952 2149 1022 ποιῆσαι,

567 1031 836 1099 κάμπτων
885 1030 1058 1100 αὐτὴν
1113 1032 1209 1084 καὶ
1249 1034 1329 1093 είς
1368 1033 1430 1083 16
1471 1033 1784 1103 μετριάζειν
1829 1035 1997 1102 ἄγων.
2042 1035 2152 1086 Kal

566 1114 653 1165 ἵνα
687 1113 866 1184 μάθῃς
899 1114 980 1166 ὅτι
1039 1113 1198 1166 τοῦτό
1228 1115 1380 1166 ἐστιν
1414 1115 1637 1184 ἀληθὲς,
1663 1115 1738 1178 ὡς
1779 1116 1844 1169 ἂν
1867 1117 1921 1169 εῐ
1938 1120 2022 1179 τις
2045 1117 2151 1168 ἀπὸ

569 1195 782 1263 μικρῶν
828 1197 1038 1265 μεγάλα
1078 1198 1401 1265 στοχάσαιτο
1427 1235 1442 1258 ,
1482 1198 1589 1249 ἀπὸ
1645 1197 1752 1250 τῶν
1797 1197 2149 1269 Ἰσραηλιτῶν

565 1278 695 1329 αὐτὸ
744 1278 1023 1346 μάθωμεν.
1061 1271 1219 1350 οὗτοι
1264 1277 1404 1345 -γοῦν
1453 1278 1617 1348 ἡνίκα
1654 1279 1755 1331 οὐκ
1786 1279 1922 1343 ἔζων
1956 1280 2149 1348 ἐπίμο-

562 1361 689 1428 χθον
716 1359 851 1428 βίον,
875 1360 988 1412 ἀλλ’
1005 1351 1243 1422 ἀνέσεως
1269 1361 1561 1420 ἀπέλαυον,
1589 1361 1690 1412 οὐκ
1714 1363 2026 1428 ἐνεγκόντες
2047 1363 2146 1432 τὴν

561 1443 879 1512 εὐημερίαν,
919 1441 1208 1505 ὲξὼλισθον
1258 1443 1338 1504 εἰς
1380 1441 1660 1496 ἀσέϐειαν.
1707 1443 1773 1494 Τί
1824 1438 1916 1495 οὖν
1949 1446 1976 1495 6
2012 1443 2146 1506 Θεὸς

563 1528 701 1592 μετὰ
729 1523 928 1587 10610;
964 1524 1172 1594 Πλῆθος
1206 1523 1456 1594 νομίμων
1486 1523 1742 1593 ἐπέθηκε.
1773 1523 1998 1577 κωλύων
2036 1526 2146 1577 αύ-

558 1607 667 1657 τῶν
692 1607 789 1676 τὴν
813 1607 1014 1659 ἄδειαν.
1046 1607 1153 1656 Kal
1211 1606 1299 1658 ἵνα
1333 1606 1627 1677 μάθῃςὸτι
1671 1607 1733 1658 06
1774 1607 1908 1676 πρὸς
1943 1609 2144 1678 ἀρετήν

557 1706 679 1741 τινα
707 1689 949 1740 συντελεῖ
981 1687 1048 1740 τὰ
1072 1688 1283 1757 νόμιμα
1309 1688 1505 1752 ταῦτα,
1530 1688 1646 1739 ἀλλ’
1667 1690 1788 1741 ἀντὶ
1824 1688 2042 1757 χαλινοῦ
2065 1707 2145 1742 τι-

557 1788 646 1833 νος
675 1767 744 1840 ἦν
764 1771 946 1832 αὐτοῖς
963 1769 1234 1842 διδόμενα,
1260 1772 1516 1840 ἀφορμὴν
1538 1770 1791 1838 ἀσχολίας
1808 1770 2139 1841 παρέχοντα,

556 1854 789 1906 ἄκουσον
819 1853 870 1904 τί
902 1853 1031 1921 περὶ
1058 1851 1238 1904 αὐτῶν
1273 1855 1302 1904 6
1346 1855 1632 1922 προφήτης
1657 1853 1820 1920 φησίν
1846 1869 1861 1883 ·
1907 1852 2142 1906 Ἐδωκιι

555 1936 758 2002 αὐτοῖς
787 1936 1214 2005 προστάγματα
1240 1938 1313 1989 οὐ
1340 1937 1519 1988 καλά.
1550 1935 1614 1986 Τί
1643 1936 1698 1986 δέ
1732 1938 1904 1998 ἐστιν,
1936 1938 2019 1987 Οὐ
2042 1952 2143 1988 κα-

554 2019 673 2083 .ιά;
702 2019 868 2072 Οὐδὲν
903 2018 1048 2086 μέγα
1081 2018 1218 2086 πρὸς
1261 2015 1462 2085 ἀρετὴν
1495 2014 1855 2068 συντελοῦντα
1885 2032 1898 2045 ·
1938 2016 2018 2068 616
2049 2017 2143 2069 καὶ

554 2103 770 2169 ἐπάγει’
794 2100 1184 2168 Δικαιώματα,
1211 2101 1281 2151 ἐν
1305 2095 1396 2164 οἷς
1417 2101 1489 2151 οὺ
1512 2097 1794 2163 ᾧξσονται
1822 2098 1892 2151 ἐν
1911 2098 2138 2163 αὐτοῖς.

559 2183 828 2252 Ψυχικὸς
863 2182 932 2235 δὲ
967 2183 1281 2250 ἄνθρωπος
1315 2184 1387 2236 οὐ
1429 2181 1664 2250 δέχεται
1703 2183 1774 2234 τὰ
1815 2182 1923 2236 τοῦ
1953 2182 2140 2238 Urni-

553 2286 755 2336 ματος.
783 2267 1026 2328 Εἰκότως
1051 2284 1064 2296 ’
1096 2266 1286 2336 ὥσπερ
1312 2267 1421 2337 γὰρ
1442 2270 1556 2330 τοῖς
1593 2266 1894 2336 ὀφθαλμοῖς
1925 2266 2138 2330 τούτοις

553 2353 723 2414 οὐδεὶς
750 2351 818 2403 ἂν
837 2349 904 2402 τά
931 2352 988 2404 ὲν
1022 2353 1136 2413 τοῖς
1165 2350 1412 2420 οὐρανοῖς
1445 2349 1755 2420 καταμάθοι
1773 2367 1786 2379 ο
1813 2349 1987 2414 οὕτως
2014 2349 2137 2403 οὐδὲ

549 2433 696 2504 ψυχὴ
729 2433 862 2504 μόνη
908 2432 977 2485 τά
1020 2432 1114 2484 τοῦ
1155 2432 1493 2502 Πνεύματος.
1539 2435 1649 2485 Kal
1686 2435 1740 2485 τί
1788 2433 1930 2501 λέγω
1967 2435 2036 2486 τά
2078 2435 2135 2486 ὲν

546 2503 662 2575 ’τοῖς
698 2503 976 2586 ούρανοῖς.;
1004 2514 1138 2567 Ούδὲ
1185 2516 1253 2567 τά
1294 2518 1355 2567 ὲν
1387 2520 1451 2587 τῇ
1497 2519 1566 2586 γῇ
1600 2516 1838 2570 ἅπαντα.
1878 2518 1989 2570 Kal
2027 2517 2136 2586 γάρ

549 2597 782 2664 ὁρῶντες
814 2596 1026 2668 πύργον
1070 2597 1352 2668 πόρρωθεν
1389 2601 1755 2667 τετράγωνον,
1803 2598 2138 2667 στρογγύλον

549 2676 685 2733 εἶναι
711 2680 1007 2750 νομίζομεν
1038 2697 1053 2711 ·
1099 2680 1214 2733 ἐστι
1260 2681 1316 2733 δὲ
1352 2682 1651 2750 ὀφθαλμῶν
1703 2680 1888 2748 ἀπάτη
1937 2679 2007 2731 τὰ
2039 2678 2137 2746 τῆς

548 2764 802 2835 τοιαύτης
834 2764 1176 2834 ὑπολήψεως.
1209 2763 1369 2816 Οὕτω
1399 2763 1577 2828 τοίνυν
1608 2766 1702 2816 καὶ
1739 2765 1868 2816 ὅταν
1898 2763 1966 2815 τὰ
2007 2763 2137 2833 πόρ-

551 2848 724 2917 ρωθεν
754 2848 912 2917 ἡμῶν
939 2847 1243 2916 πράγματα
1271 2847 1359 2899 διὰ
1390 2846 1488 2916 τῆς
1520 2846 1759 2909 διανοίας
1788 2846 1957 2916 μόνης
1989 2845 2136 2897 δοκι-

551 2931 696 3001 μάζῃ
724 2947 830 2992 τις,
859 2929 1033 2998 γέλως
1056 2932 1222 2993 πολὺς
1245 2930 1455 2998 ἕψεται.
1486 2932 1560 2983 Ού
1596 2931 1704 3000 γὰρ
1734 2931 1913 3000 μόνον,
1938 2925 2133 2998 οἷάπερ

552 3015 695 3066 ἐστὶν
727 3013 866 3067 αὐτά
891 3014 990 3066 οὐκ
1018 3014 1230 3083 ὄψεται,
1263 3003 1398 3066 ἀλλά
1420 3015 1514 3066 καὶ
1542 3015 1610 3065 τά
1637 3015 1854 3065 ὲναντία
1881 3009 1955 3065 ὧν
1988 3016 2137 3064 ἐστιν

552 3099 813 3167 ἡγήσεται
839 3115 852 3128 '
882 3098 963 3150 616
984 3099 1077 3150 καὶ
1104 3098 1357 3166 ἐπήγαγε
1379 3115 1392 3127 ·
1428 3098 1632 3163 Μωρία
1660 3098 1769 3165 γὰρ
1793 3095 1955 3160 αὐτῷ
1982 3096 2132 3151 ἐστι.

553 3180 719 3232 Τοῦτο
754 3180 811 3232 δὲ
842 3180 904 3232 06
937 3181 1037 3249 τῆς
1073 3178 1290 3246 φύσεως
1323 3177 1419 3230 τοῦ
1461 3177 1786 3251 πράγματος
1809 3217 1823 3240 ,
1865 3178 2000 3230 ἀλλά
2038 3176 2138 3244 τῆς

552 3261 834 3324 ἀσθενείας
881 3261 975 3314 τοῦ
1022 3260 1097 3332 μὴ
1135 3261 1452 3330 δυνηθέντος
1493 3263 1586 3313 τοῦ
1639 3260 1904 3332 μεγέθους
1956 3259 2136 3312 αὐτῶν

551 3346 942 3414 ὲφικέσθαιδιά
969 3345 1079 3399 τῶν
1116 3347 1218 3415 τῆς
1261 3345 1441 3417 ψυχῆς
1474 3345 1673 3414 ὄψεων.
1719 3341 1851 3396 Είτα
1896 3345 1990 3397 καὶ
2036 3343 2136 3413 τὴν

549 3431 726 3484 αἰτίαν
745 3429 1050 3498 ἀντιτίθησι
1089 3429 1267 3497 λέγων
1289 3445 1303 3458 °
1329 3430 1462 3481 Ὅτι
1493 3430 1606 3482 οὐκ
1639 3425 1822 3489 οἶδεν,
1850 3427 1938 3480 ὅτι
1963 3443 2139 3479 πνευ-

550 3512 801 3576 ματικῶς
843 3513 1248 3579 ἀνακρίνεται.
1280 3512 1593 3576 Τουτέστιν,
1631 3513 1712 3564 611
1753 3512 1992 3573 πίστεως
2031 3511 2138 3563 δεῖ.

545 3613 635 3653 ται
686 3592 758 3646 τά
789 3591 1080 3661 λεγόμενα,
1122 3593 1218 3646 καὶ
1263 3593 1442 3661 λόγοις
1481 3594 1620 3647 αὐτὰ
1666 3593 1994 3647 καταλαϐεῖν
2036 3593 2136 3646 οὐκ

550 3678 656 3729 ἔνι·
686 3675 1005 3747 ὑπερϐαίνει
1021 3675 1133 3746 γὰρ
1162 3675 1343 3729 αὐτῶν
1367 3676 1429 3727 16
1463 3676 1695 3744 μέγεθος
1724 3678 1788 3728 ὲκ
1815 3674 2010 3728 πολλοῦ
2041 3674 2134 3727 τοῦ

550 3763 832 3832 περιόντος
868 3762 968 3829 τῆς
997 3761 1275 3832 ἡμετέρας
1315 3759 1554 3821 διανοίας
1587 3759 1685 3829 τὴν
1713 3759 2008 3813 εὐτέλειαν.
2043 3759 2135 3810 Διό

550 3861 713 3916 φησιν
734 3863 748 3876 ο
791 3847 844 3896 Ὁ
873 3845 943 3898 δὲ
968 3844 1374 3913 πνευματικὸς
1409 3843 1715 3911 ἀνακρίνει
1737 3842 1853 3911 μὲν
1880 3841 1952 3895 τὰ
1982 3840 2137 3894 πάν-

550 3944 639 3982 τα.
664 3928 847 3993 αὐτὸς
875 3928 944 3981 δὲ
972 3929 1074 3983 ὑπ’
1106 3926 1360 3991 οὐδενὸς
1391 3926 1795 3994 ἀνακρίνεται.
1832 3926 1943 3978 Kal
1973 3925 2081 3995 γὰρ
2107 3926 2136 3976 6

550 4012 783 4080 βλέπων,
809 4013 989 4064 πάντα
1024 4012 1125 4081 μὲν
1147 4011 1312 4072 αὐτὸς
1334 4009 1548 4078 καθορᾷ
1570 4010 1664 4060 καὶ
1701 4007 1770 4059 τὰ
1791 4007 1885 4059 τοῦ
1918 4006 1992 4077 μὴ
2017 4007 2138 4076 βλέ-

550 4113 764 4159 ποντος,
811 4097 881 4148 τά
930 4097 987 4148 δὲ
1031 4095 1243 4149 ἐκείνου
1297 4094 1410 4146 τῶν
1466 4093 1542 4163 μὴ
1586 4091 1894 4161 βλεπόντων
1936 4091 2134 4154 οὐδείς.

549 4178 706 4232 Οὕτω
735 4179 830 4231 καὶ
854 4179 972 4243 νῦν,
1016 4178 1085 4231 τὰ
1119 4179 1218 4249 μὲν
1247 4178 1494 4248 ἡμέτερα
1529 4178 1623 4229 καὶ
1653 4177 1721 4228 131
1747 4175 1857 4228 τῶν
1888 4175 2136 4227 ἀπίστων

551 4262 724 4314 πάντα
749 4264 907 4332 ἴσμεν
934 4264 1113 4332 ἡμεῖς,
1137 4262 1205 4314 τὰ
1227 4261 1285 4315 δὲ
1315 4260 1474 4332 ἡμῶν
1501 4261 1700 4312 ἐκεῖνοι
1720 4258 1907 4311 λοιπον
1928 4257 2132 4310 οὐκέτι.

551 4346 660 4396 Kal
691 4346 801 4414 γὰρ
833 4347 990 4413 ίσμεν
1015 4345 1098 4406 τίς
1133 4346 1230 4413 μὲν
1252 4347 1285 4414 ἡ
1324 4345 1433 4395 τῶν
1477 4341 1762 4411 παρόντων
1795 4341 2136 4409 πραγμάτων

551 4425 732 4494 φύσις.
760 4427 920 4488 τίςδὲ
960 4429 994 4495 ἡ
1035 4426 1145 4478 τῶν
1192 4425 1496 4494 μελλόντων
1538 4423 1685 4486 ἀξία,
1715 4422 1808 4474 καὶ
1839 4422 1891 4472 τί
1935 4438 2062 4473 ποτε
2108 4424 2136 4474 6

551 4509 669 4580 {38]
714 4509 914 4578 κόσμος
964 4510 1103 4578 μετὰ
1140 4509 1314 4561 ταῦτα
1352 4507 1667 4576 γενήσεται.
1733 4506 1828 4558 καὶ
1864 4505 1917 4556 τί
1955 4506 2052 4573 μκὲν
2086 4506 2135 4557 οί

551 4594 869 4665 ἁμαρτωλοὶ
909 4593 1207 4652 πείσονται,
1260 4591 1403 4654 τίνος
1438 4590 1496 4643 δὲ
1533 4588 1934 4642 ἀπολαύσονται
1972 4589 2021 4640 οί
2062 4588 2138 4639 δί-

550 4695 717 4738 καιοι,
747 4677 840 4729 καὶ
872 4676 952 4727 ὅτι
977 4673 1188 4734 οὐδενὸς
1216 4673 1343 4737 ἄξια
1361 4673 1430 4724 τὰ
1453 4671 1697 4741 παρόντα
1719 4672 2020 4740 πράγματα
2045 4671 2139 4721 καὶ

553 4761 732 4828 ῖσμεν.
781 4760 873 4811 καὶ
911 4757 1208 4824 ἐλέγχομεν
1251 4755 1431 4807 αὐτῶν
1463 4754 1563 4824 τὴν
1607 4754 1882 4806 εὐτέλειαν
1909 4753 1990 4819 (16
2027 4752 2138 4821 γάρ

551 4844 886 4913 ἀνακρίνειν,
921 4843 1016 4894 καὶ
1059 4839 1306 4908 ἐλέγχειν
1345 4837 1508 4903 ἐστὶ).
1539 4839 1632 4889 καὶ
1661 4838 1743 4889 611
1771 4837 1840 4890 τὰ
1874 4837 2139 4906 μέλλοντά

555 4927 701 4976 ἐστιν
735 4925 976 4979 ἀθάνατα
1022 4923 1116 4976 καὶ
1160 4921 1416 4989 ἀκίνητα.
1465 4919 1653 4972 Ταῦτα
1694 4919 1911 4972 ᾶπαντα
1940 4916 2080 4970 οἶδεν
2110 4920 2139 4969 6

553 5007 943 5072 πνευματικὸς,
970 5005 1130 5057 καὶτί
1154 5006 1401 5056 πείσεται
1421 5003 1450 5054 6
1467 5001 1697 5070 ψυχικὸς
1727 4998 1978 5052 ἀπελθὼν
2000 5000 2137 5062 ἐκεῖ,

555 5090 651 5142 καὶ
677 5089 821 5150 τίνος
866 5089 1233 5141 ἀπολαύσεται
1275 5089 1302 5138 6
1342 5083 1533 5146 πιστὸς
1564 5082 1815 5136 ἐντεῦθεν
1853 5081 2140 5150 ἀποδημή-

556 5186 676 5233 σας,
710 5163 784 5222 ὦν
816 5171 967 5222 οὐδὲν
999 5167 1140 5223 οἶδεν
1169 5173 1196 5222 6
1229 5167 1481 5237 ψυχικὸς.
1511 5166 1603 5218 A16
1630 5165 1724 5218 καλ⁵
1752 5163 1896 5231 σαφῆ
1929 5161 2039 5214 τῶν
2068 5162 2145 5214 εί-

559 5254 814 5324 ρημένων
841 5253 1115 5318 ἀπόδειξιν
1137 5250 1457 5319 ἐπαγαγὼν,
1496 5249 1650 5315 ἔλεγε
1671 5265 1687 5280 ο
1724 5249 1821 5313 Τίς
1846 5245 1956 5315 γὰρ
1987 5245 2141 5315 ἔγνω

552 5336 708 5389 νοῦν
743 5335 988 5401 Κυρίου,
1036 5336 1104 5400 ὃς
1148 5333 1506 5402 συμϐιΰὰσει
1545 5332 1772 5394 αὑτόν;
1830 5329 2031 5397 Ἡμεῖς
2074 5326 2144 5380 δὲ

555 5419 710 5477 γοῦν
742 5417 1000 5485 Χριστοῦ
1034 5418 1271 5486 ἕχομεν.
1314 5416 1594 5474 Τουτέστι.
1631 5414 1700 5466 τὰ
1741 5417 1798 5466 ὲν
1832 5413 1911 5482 τῷ
1937 5411 2012 5481 νῷ
2047 5410 2141 5464 τοῦ

557 5499 793 5570 Χριστοῦ
820 5499 992 5552 ταῦτα
1023 5500 1183 5569 ἡμεῖς
1208 5500 1390 5568 ἴσμεν,
1415 5496 1512 5548 καὶ
1534 5496 1678 5564 ειπερ
1706 5494 1868 5557 αύτδς
1898 5493 2145 5563 βούλεται

559 5586 649 5635 καὶ
679 5583 1050 5652 ἀπεκάλυψεν.
1084 5577 1238 5642 Εἶτα,
1269 5578 1458 5647 ἐπειδὴ
1496 5573 1670 5638 εἶπεν.
1702 5579 1786 5630 611
1818 5578 1879 5629 16
1920 5575 2147 5643 Πνεῦμα

560 5668 932 5738 ἀπεκάλυψεν,
965 5666 1053 5720 ἵνα
1073 5665 1146 5735 μή
1170 5681 1255 5725 τις
1283 5662 1378 5714 τὸν
1409 5660 1536 5712 Υίδν
1563 5658 1914 5728 παρώσηται,
1948 5657 2146 5722 ἐπάγει

559 5751 640 5802 ὅτι
663 5753 754 5802 καὶ
783 5753 812 5804 6
848 5749 1087 5822 Χριστὸς
1116 5746 1294 5799 ταῦτα
1328 5746 1461 5815 ἡμῖν
1497 5741 1701 5805 ἔδειξεν
1725 5758 1738 5771 ι
1767 5741 1827 5792 ού
1859 5739 2027 5822 τοῦτο
2056 5738 2148 5822 λέ-

563 5850 694 5901 γων,
723 5835 805 5887 611
844 5819 1020 5888 πάντα
1048 5831 1084 5887 ἃ
1119 5828 1258 5884 οἶδεν
1301 5827 1477 5898 ἴσμεν,
1519 5823 1631 5878 ἁλλ’
1667 5826 1747 5876 ὅτι
1786 5825 1960 5882 πάντα
2008 5821 2043 5875 ἂ
2071 5819 2150 5874 οἴ-

2317 622 2398 680 s".
2431 620 2534 673 Τὸν
2549 621 2657 689 γὰρ
2678 621 2823 683 νοῦν,
2843 623 2901 674 ὃν
2923 621 3119 693 ἔχομεν
3141 621 3269 692 περὶ
3286 621 3488 673 τούτων
3507 631 3548 685 ⁸,
3576 619 3674 672 τοῦ
3695 622 3831 688 Χρι-

2259 697 2384 752 στοῦ
2400 699 2613 770 ἔχομεν·
2642 703 2908 768 τουτέστι,
2922 704 3022 774 τὴν
3053 703 3274 772 γνῶσιν,
3293 703 3358 773 ἢν
3375 702 3569 771 ἔχομεν
3580 703 3708 772 περὶ
3723 703 3832 754 τῶν

2256 781 2397 834 κατά
2422 784 2522 854 τὴν
2551 785 2734 837 πίστιν
2779 785 3142 855 πραγμάτων,
3189 785 3568 853 πνευματικὴν
3607 784 3828 853 ἔχομεν,

2253 863 2394 916 ὥστε
2417 867 2640 930 είκότως
2659 869 2750 921 ὑπ’
2772 869 2985 931 οὐδενὸς
3002 867 3424 937 ἀνακρινόμεθα.
3439 867 3568 919 Οὐδὲ
3592 867 3701 936 γὰρ
3720 861 3830 919 οἷόν

2253 961 2312 998 τε
2340 948 2407 1000 τά
2437 950 2555 1002 θεῖα
2587 950 2784 1004 είδέναι
2815 951 3104 1020 ἄνθρωπον
3129 950 3391 1019 ψυχικόν
3423 949 3502 1002 616
3531 949 3624 1000 καὶ
3651 949 3825 1016 ἔλεγε·

2257 1027 2355 1093 Τίς
2384 1032 2492 1098 τὰρ
2523 1030 2677 1098 ἔγνω
2707 1032 2861 1085 νοῦν
2886 1033 3142 1100 Κυρίου;
3170 1033 3263 1084 τὸν
3288 1031 3557 1100 ἡμέτερον
3587 1030 3712 1083 νοῦν
3735 1032 3827 1084 16v

2253 1111 2379 1179 περὶ
2404 1111 2629 1178 τούτων,
2668 1114 2879 1166 ἐκείνου
2909 1114 3083 1181 λέγων
3109 1111 3247 1166 εἶναι
3282 1112 3426 1166 νοῦν.
3463 1112 3574 1164 Kal
3606 1112 3686 1175 16,
3725 1114 3828 1176 ’ος

2251 1195 2603 1261 συμϐιϐάσει
2656 1195 2861 1261 αὐτὸν,
2906 1197 3006 1267 οὐχ
3050 1196 3236 1258 ἁπλῶς
3275 1195 3653 1263 προσέθηκεν,
3693 1195 3827 1248 ἀλλά

2251 1275 2387 1342 πρὸς
2435 1276 2462 1328 δ
2506 1277 2658 1329 εἶπεν
2696 1278 2819 1348 ἤδη,
2870 1279 2953 1332 611
3013 1279 3124 1332 Τὸν
3175 1279 3582 1344 πνευματικὸν
3625 1278 3825 1341 οὐδεὶς

2248 1357 2574 1424 ἀνακρίνει.
2617 1361 2679 1412 El
2703 1363 2812 1431 γάρ
2846 1360 3044 1414 ειδέναι
3081 1361 3253 1423 οὐδεὶς
3295 1360 3518 1412 δύναται
3555 1359 3649 1412 τοῦ
3690 1359 3824 1412 Θεοῦ

2248 1439 2337 1490 16v
2366 1440 2509 1504 νοῦν,
2542 1441 2720 1510 πολλῷ
2762 1442 2963 1512 μᾶλλον
2997 1441 3268 1496 διδάσκειν
3309 1444 3404 1494 καὶ
3437 1440 3784 1511 διορθοῦσθαι
3808 1458 3822 1470 ·

2247 1519 2402 1572 τοῦτο
2421 1523 2527 1592 γάρ
2563 1526 2730 1586 ἐστιν,
2766 1527 2872 1588 ’ος
2899 1524 3251 1592 συμσιὸἀσει
3296 1525 3503 1576 αὐτόν.
3548 1525 3708 1593 Ὁρᾷς
3750 1523 3825 1585 ὡς

2248 1605 2580 1673 πανταχόθεν
2602 1607 2795 1671 ἐξωθεῖ
2807 1609 2906 1679 τὴν
2925 1609 3115 1676 σοφίαν
3131 1609 3228 1678 τὴν
3250 1608 3469 1671 ἔξωθεν,
3492 1608 3586 1659 καὶ
3603 1606 3824 1658 πλείονα

2245 1687 2420 1739 εἰδότα
2450 1690 2542 1741 καὶ
2565 1691 2784 1757 μείζονα
2805 1693 3044 1745 δείκνυσι
3074 1691 3166 1742 τὸν
3194 1691 3600 1759 πνευματικόν;
3639 1689 3820 1741 Ἐπει-

2241 1769 2305 1836 δὴ
2326 1771 2435 1841 γὰρ
2461 1774 2663 1824 ἐκεῖναι
2683 1775 2738 1824 αἱ
2765 1775 2936 1826 αἰτίαι
2964 1770 3095 1842 (οἷον
3123 1772 3204 1833 16.
3239 1773 3360 1825 Ἵνα
3381 1771 3467 1838 μὴ
3502 1769 3819 1837 καυχήση-

2243 1866 2336 1903 ται
2370 1851 2538 1904 πᾶσα
2563 1852 2720 1919 σάρξ
2734 1870 2748 1884 ο
2776 1855 2873 1907 καὶ
2895 1854 2979 1906 611
3019 1853 3106 1905 διὰ
3148 1847 3327 1912 τοῦτο,
3372 1853 3723 1917 Ἐξελέξατο
3751 1852 3822 1905 τὰ

2237 1933 2422 1998 μωρὰ,
2455 1933 2556 1985 ἵνα
2604 1937 2982 2004 καταισχύνῃ
3032 1935 3175 2000 τοὺς
3214 1936 3448 2002 σοφούς
3481 1953 3496 1966 ο
3540 1936 3652 1995 καὶ,
3687 1937 3822 1989 Ἵνα

2235 2014 2322 2082 μὴ
2347 2017 2573 2084 κενωθῇ
2601 2022 2634 2072 ό
2655 2020 2917 2088 σταυρὸς
2948 2018 3052 2072 τοῦ
3073 2018 3350 2085 Χριστοῦ)
3378 2019 3439 2071 06
3472 2019 3678 2088 σφόδρα
3706 2022 3821 2081 τοῖς

2241 2099 2488 2163 ἀπίστοις
2518 2100 2818 2165 ἀξιόπιστοι
2850 2101 2986 2156 εἶναι
3012 2104 3250 2164 ἐδόκουν,
3273 2101 3396 2154 οὐδὲ
3425 2103 3706 2169 ὲπαγωγοὶ
3726 2102 3822 2154 καὶ
3933 2130 3940 2138 -

2239 2182 2534 2249 ἀναγκαῖαι
2561 2187 2655 2237 καὶ
2680 2188 2963 2256 χρήσιμοι,
2995 2185 3123 2254 ἑξῆς
3151 2183 3338 2236 λοιπὸν
3368 2183 3553 2252 τίθησι
3583 2183 3683 2252 τὴν
3720 2201 3820 2236 κυ-

2241 2266 2510 2336 ριωτάτην
2539 2269 2739 2332 αἰτίαν,
2769 2271 2852 2322 ὅτι
2880 2269 3054 2338 τούτῳ
3085 2268 3318 2335 μάλιστα
3347 2265 3427 2335 τῷ
3450 2266 3636 2335 τρόπῳ
3662 2265 3821 2319 δυνά-

2243 2348 2382 2418 μεθα
2416 2350 2564 2414 ίδεῖν,
2617 2351 2674 2416 ἐξ
2710 2343 2772 2405 06
2812 2351 2907 2402 καὶ
2948 2351 3016 2403 τὰ
3058 2349 3237 2418 ὑψηλά
3268 2349 3362 2402 καὶ
3415 2347 3484 2399 τὰ
3509 2348 3819 2418 ἀπόρρητα,

2241 2432 2334 2482 καὶ
2363 2430 2428 2483 τὰ
2457 2432 2596 2502 ὑπὲρ
2623 2434 2773 2502 ἡμᾶς
2813 2433 3004 2502 μαθεῖν
3030 2432 3246 2499 ἕξομεν.
3281 2431 3392 2481 Kal
3421 2431 3529 2499 γὰρ
3570 2430 3820 2483 ὲκενσιῦτο

2239 2517 2268 2566 ό
2306 2515 2463 2582 λόγος
2503 2517 2582 2586 τῷ
2614 2519 2687 2586 μὴ
2728 2516 2988 2573 δύνασθαι
3031 2518 3180 2584 ἡμᾶς
3215 2515 3545 2567 καταλαϐεῖν
3589 2515 3676 2568 διά
3720 2517 3820 2585 τῆς

2241 2596 2441 2659 ἔξωθεν
2466 2600 2656 2667 σοφίας
2676 2599 2742 2652 τὰ
2773 2599 2912 2668 ὑπὲρ
2938 2601 3107 2667 ἡμᾶς.
3147 2599 3314 2668 Ὁρᾷς
3352 2599 3434 2650 611
3465 2601 3558 2650 καὶ
3590 2599 3818 2665 συνέφε-

2243 2697 2335 2751 ρεν
2363 2680 2504 2734 οὕτω
2541 2681 2742 2750 μᾶλλον
2779 2681 2974 2750 μαθεῖν
3022 2680 3172 2751 παρὰ
3204 2681 3298 2733 τοῦ
3345 2680 3696 2750 Πνεῦματος;
3727 2680 3820 2734 καὶ

2240 2765 2350 2834 γὰρ
2399 2764 2494 2817 καὶ
2538 2765 2880 2834 εύκολωτάτη
2917 2766 3010 2819 καὶ
3057 2767 3371 2834 σαφεστάτη
3403 2767 3438 2835 ἡ
3477 2765 3816 2821 διδασκαλία.

2249 2847 2450 2914 Ἡμεῖς
2473 2847 2540 2900 δὲ
2569 2848 2722 2902 νοῦν
2763 2847 3026 2916 Χριστοῦ
3061 2849 3296 2916 ἔχομεν.
3325 2849 3608 2906 Τουτέστι,
3652 2865 3818 2900 πνευο

2242 2931 2488 2995 ματικδν,
2543 2931 2705 2994 θεῖον,
2744 2932 2897 2984 οὐδέν
2930 2932 3272 3000 ἀνθρώπινον
3324 2932 3537 3000 ἔχοντα.
3589 2933 3663 2983 Οὐ
3714 2933 3820 3002 γάρ

2240 3013 2527 3075 Πλάτωνος
2551 3015 2671 3065 οὐδὲ
2699 3013 3038 3082 Πυθαγόρου,
3075 3013 3194 3065 ἀλλ’
3218 3015 3245 3065 6
3270 3015 3503 3084 Χριστὸς
3525 3014 3593 3066 τά
3624 3015 3820 3066 ἑαυτοῦ

2237 3098 2302 3165 τῇ
2327 3096 2569 3166 ἡμετέρᾳ
2599 3095 2821 3165 ἐνέθηκε
2863 3097 3093 3167 διανοίᾳ.
3135 3097 3307 3148 Τοῦτο
3349 3096 3481 3165 γοῦν
3517 3099 3819 3167 αἰσχυνθῶ-

2241 3195 2361 3249 μεν,
2395 3180 2690 3249 ἀγαπητοὶ,
2719 3180 2814 3233 καὶ
2846 3180 2958 3249 βίον
2988 3179 3386 3250 ὲπιδειξώμεθα
3413 3182 3630 3251 ἄριστον
3651 3197 3664 3210 ⁸
3699 3184 3824 3235 ἐπεὶ

2237 3263 2332 3314 καὶ
2364 3262 2527 3325 αὐτὸς
2555 3263 2714 3316 τοῦτο
2747 3266 2981 3316 ποιεῖται
3026 3263 3230 3333 πολλῆς
3272 3264 3456 3334 φιλίας
3498 3267 3821 3337 τεκμήριον,

2239 3347 2301 3399 16
2334 3347 2402 3399 τὰ
2430 3347 2718 3419 ἀπόρρητα
2744 3351 2874 3417 ημῖν
2899 3347 3308 3401 ἀποκαλύπτειν
3333 3348 3383 3413 δ,
3424 3349 3599 3416 λέγων
3618 3366 3631 3379 ·
3668 3353 3823 3404 Οὐκ-

2237 3429 2324 3481 έτι
2355 3429 2508 3496 ὑμᾶς
2538 3430 2692 3496 λέγω
2727 3429 2988 3495 δούλους
3007 3447 3020 3460 ο
3063 3429 3287 3496 πάντες
3313 3433 3426 3499 γὰρ
3450 3433 3622 3500 ὑμεῖς
3653 3436 3822 3502 φίλοι

2231 3513 2351 3578 μού
2376 3512 2538 3576 ἐστε,
2573 3511 2662 3563 ὅτι
2699 3511 2896 3564 πάντα
2935 3511 2974 3565 ἄ
3009 3511 3249 3577 ἤκουσα
3275 3514 3433 3579 παρὰ
3461 3515 3568 3567 τοῦ
3592 3519 3823 3582 Πατρός

2237 3591 2352 3664 [59]
2383 3592 2724 3660 ἀπήγγειλα
2766 3592 2938 3662 ὑμῖν·
2974 3594 3274 3658 τουτέστιν,
3313 3596 3629 3666 Ἑθάρῤησα
3670 3599 3819 3666 ὑμῖν.

2239 3677 2301 3728 Et
2327 3676 2384 3728 δὲ
2411 3673 2569 3727 τοῦτο
2600 3674 2762 3744 μόνον
2807 3674 2992 3742 φιλίας
3030 3677 3367 3746 τεκμήριον,
3404 3678 3466 3730 16
3508 3679 3820 3749 θαρρῆσαι·

2237 3759 2367 3810 ὅταν
2392 3757 2650 3827 φαίνηται
2701 3757 2774 3827 μὴ
2804 3757 3089 3829 θαρρήσας
3130 3759 3288 3826 μόνον
3328 3759 3395 3811 τὰ
3431 3759 3520 3812 διά
3560 3763 3824 3832 ῥημάτων

2243 3840 2537 3909 μυστήρια,
2567 3837 2703 3893 ἀλλά
2734 3841 2829 3892 καὶ
2852 3840 2992 3893 αὐτὰ
3021 3839 3195 3893 ταῦτα
3222 3841 3311 3892 διὰ
3343 3841 3450 3894 τῶν
3482 3843 3658 3910 ἔργων
3692 3845 3823 3913 ἡμῖν

2238 3922 2604 3991 χαρισάμενος
2625 3964 2638 3986 ,
2674 3922 2928 3991 ἐννόησον
2969 3923 3142 3990 πόσης
3175 3921 3399 3992 ἀγάπης
3437 3925 3554 3975 ἐστὶ
3583 3925 3644 3975 16
3675 3928 3822 3992 γινό-

2242 4003 2431 4072 μενονί
2459 4003 2628 4056 Τοῦτο
2647 4001 2779 4070 γοῦν
2809 4003 3190 4073 αἰσχυνθῶμεν
3209 4021 3223 4036 ο
3252 4006 3347 4056 καὶ
3376 4007 3426 4056 εξ
3460 4005 3648 4075 μηδεὶς
3669 4008 3823 4073 γεέν-

2239 4103 2334 4154 νης
2365 4085 2618 4147 τοσοῦτος
2659 4084 2816 4154 λόγος
2868 4085 3022 4138 ἔσται
3054 4087 3208 4155 ἡμῖν,
3251 4087 3367 4139 ἀλλ’
3403 4087 3544 4140 ἔστω
3597 4090 3824 4159 γεέννης

2241 4168 2614 4238 φοὸερώτερον
2651 4169 2711 4220 τὸ
2744 4169 2874 4240 περὶ
2913 4169 3006 4222 16v
3036 4168 3179 4222 οὕτω
3210 4169 3362 4238 φίλον
3404 4173 3496 4222 καὶ
3526 4172 3823 4243 εὐεργέτην

2239 4250 2561 4320 ἀγνώμονας
2599 4251 2854 4317 γενέσθαι
2892 4253 2988 4306 καὶ
3046 4253 3409 4324 ἀχαρίστουςο
3451 4253 3586 4322 μηδὲ
3619 4255 3696 4317 ὡς
3733 4274 3823 4324 μι-

2241 4333 2436 4387 σθωτοὶ
2488 4333 2716 4396 οἰκέται,
2763 4333 2879 4385 ἀλλ’
2926 4333 3003 4396 ὡς
3029 4336 3134 4386 υίοὶ
3181 4335 3275 4387 καὶ
3325 4335 3598 4404 ἐλεύθεροι
3646 4338 3824 4390 πάντα

2241 4419 2569 4488 πράττωμεν
2599 4417 2684 4471 διὰ
2714 4415 2811 4486 τὴν
2845 4415 2940 4469 106
2978 4417 3192 4486 Πατρὸς
3223 4418 3409 4486 φιλίαν
3435 4459 3449 4479 ,
3486 4420 3574 4470 καὶ
3605 4419 3825 4471 παυσώ⁴

2244 4502 2384 4572 μεθά
2417 4518 2547 4553 ποτε
2579 4500 2658 4569 τῷ
2689 4499 2882 4569 κόσμῳ
2909 4501 3346 4569 προσηλωμένοι,
3381 4502 3466 4552 ἵνα
3500 4503 3594 4554 καὶ
3621 4503 3822 4570 Ἕλλη·

2240 4602 2337 4646 νας
2366 4582 2838 4654 καταισχύνωμεν.
2878 4583 3030 4634 Ἐπεὶ
3076 4583 3168 4634 καὶ
3192 4582 3287 4635 νῦν
3329 4583 3653 4652 βουλόμενος
3687 4584 3824 4654 προς

2241 4669 2436 4730 αὐτοὺς
2467 4668 2872 4732 ἀνατείνασθαι,
2915 4667 3238 4736 ἀναδύομαι,
3273 4668 3484 4736 μήποτε
3509 4671 3621 4729 τοῖς
3645 4667 3824 4734 λόγοις
3865 4729 3870 4732 _

2240 4752 2437 4812 αὐτοὺς
2474 4751 2729 4812 νικῶντες
2757 4752 2852 4804 καὶ
2884 4753 2949 4820 τῇ
2978 4750 3088 4803 τῶν
3119 4751 3407 4819 δογμάτων
3439 4751 3692 4822 ἀληθείᾳ.
3728 4770 3817 4804 ποι

2240 4833 2337 4902 λὺν
2365 4831 2456 4883 τὸν
2507 4831 2861 4898 καταγέλωτα
2901 4833 3008 4884 ἀπὸ
3044 4834 3143 4902 τῆς
3185 4833 3277 4884 τοῦ
3321 4833 3438 4901 βίου
3480 4834 3825 4902 συγκρίσεως

2241 4916 2372 4983 ἡμῖν
2403 4913 2715 4981 ὲνέγκωμεν
2735 4929 2747 4941 ·
2781 4915 2909 4964 ὃταν
2936 4916 2984 4965 οί
3014 4916 3112 4981 μὲν
3154 4917 3219 4983 τῇ
3249 4916 3427 4985 πλάνῃ
3463 4917 3828 4984 προσέχοντες

2242 4998 2335 5049 καὶ
2372 4995 2535 5064 μηδὲν
2567 4993 2777 5046 τοιοῦτο
2805 4995 3185 5062 πεπεισμένοι,
3219 4996 3538 5062 φιλοσοφίας
3569 4996 3824 5063 ἔχωνται,

2244 5082 2404 5149 ἡμεῖς
2455 5078 2511 5130 δὲ
2543 5077 2852 5129 τούναντίον
2899 5077 3065 5130 ἆπαν.
3118 5076 3264 5144 Πλὴν
3315 5076 3463 5144 ὅμως
3503 5077 3650 5144 ἐρῶ*
3696 5078 3827 5140 ἴσως

2246 5161 2376 5231 γὰρ,
2419 5160 2547 5223 ῐσως
2579 5159 2908 5229 μελετῶντες
2940 5157 3076 5222 προς
3108 5156 3303 5218 αὐτοὺς
3336 5157 3639 5227 μάχεσθαι,
3671 5158 3824 5227 φιλο-

2247 5245 2571 5314 νεικήσομεν
2613 5242 2854 5313 βελτίους
2889 5240 3070 5293 αὐτῶν
3107 5239 3363 5306 γενέσθαι
3407 5241 3503 5292 καὶ
3549 5241 3693 5295 κατά
3732 5243 3825 5296 τὸν

2249 5328 2362 5398 βίον
2402 5327 2583 5381 αὐτόν.
2629 5324 2828 5396 Πρώην
2871 5323 2969 5392 μὲν
3009 5323 3196 5390 ἔλεγον
3220 5361 3234 5383 ,
3278 5323 3360 5374 ὅτι
3397 5325 3500 5377 οὐκ
3530 5324 3597 5378 ἂν
3621 5325 3824 5391 ἐπῆλθε

2247 5409 2483 5481 κηρῦξαι
2514 5410 2628 5470 τοῖς
2648 5406 2969 5466 ἀποστόλοις
2992 5406 3134 5475 άπερ
3168 5405 3464 5476 ἐκήρυξαν,
3499 5409 3548 5459 εί
3575 5406 3652 5476 μὴ
3675 5407 3826 5469 θείας

2249 5495 2562 5546 ἀπέλαυσαν
2598 5492 2816 5560 χάριτος
2855 5505 2869 5517 ο
2911 5489 3005 5540 καὶ
3037 5489 3119 5540 611
3151 5490 3211 5542 06
3246 5490 3406 5557 μόνον
3432 5491 3494 5541 οὐ
3527 5489 3825 5558 κατώρθω-

2251 5594 2369 5638 σαν,
2401 5575 2515 5628 ἀλλ’
2540 5574 2648 5626 οὐδ’
2682 5572 2747 5625 ἂν
2787 5569 3178 5625 ὲϐουλεύσαντό
3207 5589 3258 5625 τι
3285 5571 3525 5624 τοιοῦτον
3548 5586 3562 5599 ⁸
3607 5570 3739 5641 φέρε
3763 5569 3828 5641 δὴ

2315 5725 2339 5754 ⁸
2369 5722 2514 5780 Edili,
2550 5724 2656 5784 περὶ
2679 5721 2860 5784 τούτων
2898 5722 3069 5771 πάντα.
3107 5723 3207 5770 Sed
3258 5721 3414 5784 πάντα
3448 5719 3593 5767 abest
3615 5733 3641 5768 a
3669 5719 3828 5782 Regio

2253 5785 2526 5846 commata
2563 5783 2692 5846 qQod
2739 5795 2998 5846 perperam
3043 5783 3321 5846 irrcpseril,
3363 5788 3680 5844 vexpunclum
3730 5789 3824 5830 est.

2253 5845 2281 5886 δ
2309 5844 2588 5909 Legebalur
2609 5843 2971 5892 ἀνακαλύπτειν.
