4096 6326
131 385 188 441 ω
1197 356 1261 411 IN
1303 350 1517 411 EPIST.
1552 352 1569 406 I
1633 350 1726 408 AD
1761 346 1919 405 con.
1962 343 2190 405 noutL.
2229 342 2348 405 vu.
3351 370 3422 426 δα

126 516 259 581 tiam
277 512 601 575 incidisset?
621 511 675 564 Si
700 522 822 570 cum
842 499 1070 567 mortale
1090 509 1286 566 corpus
1308 490 1622 563 accepisset,
1644 500 1717 581 ex

127 578 254 669 laba
282 607 487 666 diaboli
519 600 877 673 promissione
913 592 1083 648 multo
1119 589 1322 655 majora
1356 578 1719 673 exspectavit;

128 704 286 757 Eritis
313 700 484 761 enim,
514 669 704 763 inquit,
733 689 862 745 sicut
887 684 958 738 dii
982 681 1133 754 (Gen.
1157 679 1212 734 5.
1237 677 1292 747 5)
1316 692 1331 739 ;
1358 674 1403 729 si
1435 672 1536 726 hoe
1559 669 1719 763 etiam

126 794 190 847 ab
221 790 381 845 initio
409 757 709 853 accepisset
753 771 1080 835 immortale,
1109 782 1215 837 quo
1250 779 1356 820 non
1572 757 1722 853 dela-

129 882 257 952 psa?
281 881 417 936 Nam
447 850 606 932 etiam
638 881 755 943 post
789 864 918 938 illud
945 880 1005 920 se
1029 859 1315 931 ingenitam
1343 869 1462 909 esse
1486 850 1656 952 dixit:
1670 856 1724 902 et

128 939 189 1029 ex
221 971 462 1027 essentia
500 966 617 1031 Dei,
640 939 742 1033 per
773 956 1040 1030 putridum
1066 966 1128 1006 os
1155 948 1588 1033 Manichaeorum.
1615 939 1722 994 0c—

126 1064 349 1119 casione
370 1060 535 1114 etiam
559 1032 717 1123 hujus
737 1048 910 1105 morbi
932 1043 1179 1131 diabolps
1198 1041 1329 1097 deos
1348 1034 1488 1107 apud
1508 1032 1725 1131 Graecos

128 1156 357 1210 eﬂiuxit.
391 1152 521 1206 ldco
549 1147 757 1202 videtur
799 1141 928 1197 mihi
962 1140 1101 1193 Deus
1115 1127 1448 1189 laboriosam
1474 1127 1722 1180 virtutem

131 1250 348 1309 fecisse,
376 1244 610 1298 animam
637 1238 915 1295 inﬁectens
939 1240 994 1287 et
1018 1229 1285 1285 deducens
1312 1222 1377 1277 ad
1405 1216 1726 1309 moderatio—

132 1355 278 1392 nem.
299 1308 371 1391 Ut
383 1345 564 1389 autem
579 1332 756 1386 discas
777 1328 878 1381 hoc
894 1338 1014 1379 esse
1028 1332 1233 1384 verum,
1249 1323 1304 1369 ut
1324 1313 1443 1385 quis
1458 1327 1523 1366 ex
1550 1308 1724 1380 parvis

133 1444 387 1498 magnum
420 1424 688 1492 conjiciat,
720 1418 947 1487 idipsum
972 1411 1241 1465 discamus
1264 1420 1330 1460 ex
1362 1400 1637 1498 Israelitis.
1663 1398 1725 1451 Hi

132 1489 273 1572 enim
308 1534 434 1570 cmn
463 1489 622 1568 vitam
650 1516 868 1578 agerent
892 1518 998 1556 non
1028 1497 1370 1557 laboriosam,
1395 1502 1449 1547 et
1473 1492 1524 1545 in
1550 1489 1728 1559 quiete

132 1611 431 1679 degerent:
465 1598 939 1659 felicitatem’illant
972 1607 1076 1647 non
1115 1592 1366 1651 ferentes,
1383 1582 1730 1679 _ii_npieta-

134 1670 238 1754 tem
267 1707 396 1750 sunt
428 1693 651 1762 delapsi.
680 1688 817 1757 Quid
848 1700 976 1754 ergo
1009 1682 1147 1737 Deus
1177 1686 1359 1749 postea
1380 1674 1403 1726 ‘l
1428 1672 1626 1762 Multas
1651 1670 1731 1748 in-_

134 1792 253 1843 tulit
277 1760 694 1857 legi-5,.illoruttt
723 1791 911 1832 arcens
933 1771 1224 1828 licentiam.
1247 1767 1315 1821 Et
1339 1774 1399 1820 ut
1420 1763 1593 1818 discas
1616 1760 1729 1814 haec

134 1855 424 1949 legaliavad
458 1876 708 1927 virtutem
739 1882 846 1923 non
875 1863 1139 1925 conferre,
1170 1858 1263 1914 sed
1294 1872 1389 1927 pro
1419 1855 1569 1909 freno
1598 1867 1732 1949 quo:

132 1943 276 2039 piam
307 1966 431 2021 data
462 1965 644 2024 fuisse,
672 1974 793 2030 qua:
827 1956 920 2009 otii
948 1952 1283 2007 occasionem
1312 1946 1580 2010 tollerent,
1608 1943 1729 1997 audi

131 2059 259 2128 quid
290 2057 359 2111 de
392 2056 500 2109 illis
523 2054 661 2107 dicat
700 2047 997 2118 propheta:
1024 2042 1158 2095 Dedi
1199 2040 1303 2094 illis
1345 2046 1597 2128 pracepta
1629 2051 1733 2128 non

133 2124 265 2204 ὁοηιι
293 2147 513 2218 (Ezech.
539 2143 629 2197 eo.
655 2142 772 2211 25).
801 2137 938 2203 Quid
968 2134 1068 2190 sibi
1096 2132 1210 2196 vult
1236 2129 1385 2192 illud,
1411 2128 1534 2181 Non
1557 2124 1734 2218 ῥωιαῖ

131 2239 272 2293 Nihil
305 2251 561 2305 magnum
589 2232 654 2286 ad
684 2232 931 2285 virtutem
961 2224 1289 2281 conferenlia
1321 2240 1334 2274 :
1363 2220 1483 2274 ideo
1508 2217 1734 2286 subjun-

131 2331 207 2399 git
236 2348 250 2382 :
276 2324 684 2394 Justiﬁcatiaues
711 2323 764 2374 in
804 2318 985 2389 quibus
1013 2332 1114 2369 non
1149 2314 1329 2367 vivent.
1363 2309 1610 2364 Animalis
1635 2324 1729 2360 auo

134 2432 229 2473 tam
270 2420 429 2472 homo
476 2431 578 2468 non
622 2412 835 2484 percipit
878 2426 938 2463 ea
980 2422 1093 2477 qua:
1132 2414 1247 2459 sunt
1280 2402 1524 2471 Spiritus.
1554 2399 1729 2455 Jure:

132 2506 590 2578 quemadmodum
617 2505 761 2560 enim
789 2502 871 2556 Itis
893 2499 1062 2555 oculis
1082 2512 1242 2551 nemo
1263 2492 1507 2548 didicerit
1527 2506 1586 2545 ea
1613 2504 1737 2572 quas

134 2598 184 2655 in
214 2600 369 2654 caelis
403 2606 528 2651 sunt
548 2636 562 2660 ,
592 2596 668 2653 sic
701 2608 799 2647 nec
826 2591 1002 2645 anima
1032 2589 1142 2643 sola
1173 2602 1234 2641 ea
1266 2600 1383 2655 quae
1412 2590 1539 2637 sunt
1566 2580 1737 2651 Spiri-

134 2704 237 2745 tus.
274 2693 342 2743 Et
372 2689 502 2757 quid
545 2689 665 2740 dico
702 2700 764 2739 ea
804 2698 926 2752 qua:
954 2681 1006 2734 in
1036 2678 1227 2733 caelis?
1254 2676 1438 2747 Neque
1468 2690 1528 2729 ea
1556 2673 1735 2728 omnia

132 2798 250 2851 quae
274 2784 326 2833 in
353 2790 522 2834 terra.
555 2778 683 2832 Nam
713 2774 897 2844 procul
917 2768 1166 2826 'videntes
1189 2770 1373 2823 turrim
1400 2767 1732 2838 quadratam,

131 2872 428 2927 rotundam
471 2885 588 2924 eam
628 2882 751 2923 esse
796 2874 1043 2935 putamus
1072 2881 1085 2915 :
1115 2872 1195 2917 est
1234 2869 1415 2917 autem
1458 2858 1734 2913 oculorum

132 2967 387 3033 deceptio
413 2963 533 3017 talis
556 2962 756 3030 opinio.
791 2960 864 3014 ita
893 2959 1053 3014 etiam
1079 2954 1293 3027 quando
1320 2969 1406 3010 res
1438 2953 1619 3023 procul
1644 2966 1737 3021 po-

132 3057 264 3109 sitas
296 3071 396 3124 per
426 3061 661 3107 mentem
698 3051 868 3105 solam
895 3048 1014 3119 quis
1043 3048 1349 3109 examinat,
1375 3045 1576 3098 multus
1604 3058 1737 3097 con-

132 3154 403 3215 sequetur
433 3144 594 3197 risus.
638 3140 752 3195 Non
791 3140 963 3195 solum
998 3138 1141 3193 enim
1171 3136 1345 3206 qualia
1372 3135 1463 3188 illa
1500 3134 1609 3187 sint
1631 3148 1737 3188 non

133 3235 366 3300 videbit,
400 3232 495 3287 sed
525 3232 687 3286 etiam
714 3229 984 3286 contraria
1009 3229 1074 3283 iis
1101 3225 1485 3295 esse‘putabit:
1513 3223 1739 3295 ideoque

134 3325 421 3395 subjuuxit
451 3340 466 3378 :
499 3324 733 3379 Stultitia
763 3322 898 3377 enim
929 3330 1002 3375 est
1027 3320 1126 3373 illi.
1166 3318 1279 3373 Hoc
1318 3325 1494 3372 autem
1538 3331 1643 3372 nou
1674 3332 1741 3371 ex

138 3420 214 3472 rei
245 3426 441 3470 natura
472 3415 736 3485 provenit,
763 3413 857 3468 sed
884 3428 951 3468 ex
972 3410 1337 3465 imbecillitate
1364 3410 1499 3478 ejus,
1521 3410 1610 3479 qui
1634 3423 1740 3462 non

140 3518 323 3577 potest
347 3520 536 3560 eorum
564 3503 983 3574 magnitudinem
1015 3517 1111 3572 per
1144 3500 1328 3556 oculos
1357 3498 1552 3553 animat
1576 3498 1741 3553 attin-

142 3613 294 3668 gere.
324 3596 527 3652 Deinde
546 3597 663 3666 ejus
682 3595 758 3650 rei
780 3608 996 3649 causam
1017 3607 1082 3648 ex
1107 3591 1334 3646 adverso
1357 3589 1504 3659 ponit
1523 3590 1741 3644 dicens:

150 3690 288 3757 Quia
325 3705 431 3741 non
467 3688 604 3740 navit
644 3686 782 3755 quod
824 3684 1156 3754 spiritualiter
1190 3683 1522 3736 exanimetur.
1553 3679 1607 3734 Id
1632 3689 1743 3749 est,

145 3782 292 3851 quod
323 3795 387 3835 ea
416 3794 536 3850 qua!
562 3778 833 3844 dicuntur,
862 3778 965 3830 fide
1004 3775 1296 3844 indigeant,
1328 3789 1428 3829 nec
1454 3774 1749 3829 rationibus

146 3872 539 3944 comprehendi
564 3871 769 3941 possint
792 3886 804 3922 :
834 3871 1018 3924 eorum
1047 3865 1243 3936 quippe
1269 3865 1576 3936 magnitudo
1600 3879 1751 3919 men-

151 3970 219 4020 tis
251 3975 453 4019 nostm
481 3964 734 4017 vilitatem
761 3961 921 4030 longo
948 3959 1121 4028 spatio
1147 3966 1383 4027 superat.
1410 3958 1752 4025 Quapmpter

151 4060 227 4111 ait
251 4076 265 4111 :
300 4059 385 4110 l5.
421 4055 719 4125 Spiritualis
756 4062 924 4105 autem
942 4052 1143 4120 judice:
1170 4049 1339 4103 omnia
1361 4064 1381 4111 ;
1404 4048 1511 4119 ipse
1535 4055 1700 4101 autem
1721 4063 1754 4100 a

156 4149 357 4202 itemine
382 4146 671 4216 judicatur.
699 4143 833 4198 Nam
862 4141 950 4212 qui
979 4140 1156 4207 videt,
1186 4139 1365 4192 omnia
1397 4138 1610 4207 quidem
1639 4138 1755 4208 ipse

155 4242 325 4306 videt,
349 4239 512 4292 etiam
537 4251 601 4292 ea
627 4250 745 4305 qua:
774 4234 838 4288 ad
869 4247 976 4286 non
1002 4231 1273 4286 videntem
1300 4229 1570 4300 pertinent
1594 4246 1607 4295 ;
1635 4244 1756 4299 quae

157 4340 339 4383 autem
369 4329 539 4397 ipsius
561 4367 579 4393 ,
608 4341 765 4380 nemo
791 4340 895 4379 non
925 4323 1217 4377 videntium
1247 4322 1457 4391 aspicit.
1488 4322 1562 4376 Ita
1583 4322 1755 4375 etiam

160 4433 337 4485 nunc,
369 4426 554 4472 nostra
583 4415 798 4486 quidem
825 4422 881 4475 et
907 4428 971 4468 ea
1000 4428 1119 4482 qua:
1158 4412 1449 4467 infidelium
1487 4420 1611 4465 sunt
1637 4425 1757 4463 om-

162 4513 248 4567 nia
275 4525 377 4565 nos
407 4510 608 4564 scimus
630 4546 646 4572 ,
678 4514 861 4561 nostra
888 4512 1067 4560 autem
1099 4503 1172 4557 illi
1214 4516 1322 4557 non
1344 4546 1345 4549 η
1364 4502 1514 4556 item.
1545 4501 1757 4555 Etenim

160 4606 363 4658 scimus
391 4617 513 4672 qum
537 4600 606 4654 sit
636 4599 978 4671 prtesenlium
1011 4612 1187 4651 rerum
1215 4603 1427 4660 natura,
1450 4609 1569 4663 qua:
1591 4594 1661 4647 sit
1680 4592 1761 4647 fu-

165 4705 410 4749 turorum
451 4692 683 4762 dignitas
703 4731 718 4754 ,
750 4689 874 4760 quid
917 4686 1148 4741 mundus
1178 4696 1295 4756 post
1326 4685 1440 4739 haec
1467 4684 1757 4751 efficietur,

164 4797 219 4842 et
245 4787 377 4856 quid
418 4787 688 4855 patientur
726 4791 1037 4853 peccatores
1061 4822 1076 4844 ,
1108 4779 1300 4849 quibus
1346 4793 1474 4833 vero
1521 4778 1763 4834 fruentur

164 4878 311 4948 justi,
334 4885 394 4932 et
420 4875 561 4945 quod
590 4875 789 4929 nullius
819 4873 978 4943 prctii
995 4875 1102 4927 sint
1127 4888 1213 4928 res
1238 4879 1553 4942 praesentes,
1583 4881 1635 4927 et
1661 4872 1763 4926 sci—

169 4985 321 5035 mus,
357 4979 413 5023 et
440 4968 651 5022 illorum
680 4965 938 5019 vilitatem
979 4964 1251 5033 arguimus
1276 4963 1592 5036 (dijudicare
1615 4962 1763 5023 enim

168 5071 247 5114 est
274 5059 542 5130 arguere)
569 5076 584 5125 ;
615 5068 669 5114 et
705 5056 848 5127 quod
887 5055 1060 5109 futura
1092 5055 1199 5108 sint
1230 5055 1551 5110 immortalia
1576 5064 1631 5110 et
1658 5055 1764 5109 im-

171 5152 413 5206 mobilia.
442 5151 568 5204 Hzec
596 5150 773 5203 omnia
800 5147 945 5202 novit
970 5145 1283 5217 spiritualis,
1306 5155 1359 5201 et
1384 5148 1508 5217 quid
1537 5148 1769 5217 patietur

170 5241 421 5297 animalis
463 5254 587 5294 cum
627 5241 755 5295 illuc
798 5239 1074 5311 migrarit,
1107 5247 1161 5292 et
1210 5252 1441 5308 quonam
1471 5236 1677 5292 fruetur
1706 5236 1765 5292 ﬁs

170 5334 307 5390 delis
329 5348 455 5387 cum
481 5330 607 5385 hinc
625 5332 973 5397 abscesserit,
1000 5346 1225 5402 quarum
1258 5346 1434 5387 rerum
1462 5330 1592 5385 nihil
1620 5331 1769 5387 novit

173 5426 445 5481 animalis.
488 5424 846 5493 Quamobrem
880 5425 1079 5479 claram
1118 5426 1383 5481 dictorum
1426 5425 1767 5481 demonstra-

177 5520 379 5573 tioneut
418 5517 750 5586 subjungens
793 5514 1005 5570 dicebat
1034 5532 1048 5569 :
1078 5516 1167 5571 16.
1206 5516 1331 5580 Quis
1368 5518 1501 5570 enim
1540 5515 1772 5586 cognovit

177 5624 379 5662 sensum
408 5606 655 5672 Domini,
688 5604 772 5676 qui
796 5605 1007 5659 instruet
1034 5608 1191 5661 eum?
1224 5604 1331 5659 Nos
1358 5615 1529 5660 autem
1556 5614 1771 5660 mentem

178 5698 370 5753 Christi
399 5698 666 5752 habemus.
700 5695 755 5752 ld
780 5705 880 5759 est,
910 5710 973 5750 ea
998 5712 1118 5766 qua:
1145 5699 1196 5752 in
1224 5706 1404 5755 mente
1426 5698 1621 5753 Christi
1650 5708 1775 5755 sunt

180 5807 282 5851 nus
318 5806 558 5859 acrinus,
588 5808 796 5850 necnon
835 5805 897 5846 ea
935 5806 1053 5861 qua:
1097 5791 1210 5865 ipse
1250 5792 1359 5847 vult
1400 5802 1452 5847 et
1493 5794 1767 5849 retu-lavit.

1827 482 1961 550 Quia
1989 484 2131 539 enim
2161 484 2297 542 dixit
2337 488 2590 558 Spiritum
2623 493 2920 563 revelasse;
2956 496 3030 552 ne
3062 501 3181 568 quis
3221 500 3414 560 Filium

1830 574 2073 643 repellat,
2100 576 2396 648 subjunxit,
2421 580 2581 635 etiam
2604 577 2873 641 Christum
2903 586 3020 644 lucc
3048 592 3205 646 nobis
3237 603 3417 649 osten-

1829 664 1973 719 disse
2001 682 2018 721 :
2044 681 2148 721 non
2192 667 2296 723 hoc
2338 669 2557 737 dicens,
2586 688 2685 726 nos
2725 677 2903 730 omnia
2944 694 3065 747 qua:
3110 681 3225 751 ipse
3270 686 3418 737 novit

1829 760 1967 811 scire
1990 773 2005 824 ;
2032 758 2125 812 sed
2156 761 2331 813 omnia
2361 777 2479 831 qua:
2518 766 2718 819 scimus
2758 782 2864 820 non
2897 768 3123 825 humana
3164 788 3285 828 esse
3310 816 3323 839 ,
3360 784 3419 829 ut

1828 847 1937 902 sint
1963 858 2231 917 suspecta,
2256 851 2575 908 sed'mentis
2603 854 2745 910 illius
2768 866 2825 911 et
2847 861 3159 927 spiritualia.

1899 939 1952 992 6.
1980 937 2210 994 Mentem
2239 942 2383 997 enim
2409 938 2569 1014 Quam
2597 946 2664 1004 de
2703 946 2788 1004 his
2814 948 3071 1007 habemus
3090 996 3106 1021 ,
3133 964 3191 1009 ut
3217 955 3413 1013 Christi

1828 1042 2060 1085 mentem
2089 1031 2380 1099 habemus;
2406 1037 2455 1091 id
2478 1046 2580 1105 cst,
2603 1042 2963 1112 cognitionem
2988 1060 3146 1114 quam
3167 1045 3235 1103 de
3256 1049 3416 1105 rebus

1830 1121 1951 1177 fidei
1997 1122 2254 1201 habemus
2278 1166 2293 1190 ,
2332 1128 2662 1197 spirltualem
2701 1132 2998 1198 habemus;
3038 1137 3109 1191 ita
3146 1147 3201 1192 ut
3234 1139 3358 1208 jure
3385 1156 3418 1197 a

1829 1215 2041 1271 nemine
2068 1216 2438 1284 dijudicemur.
2463 1220 2647 1291 Neque
2675 1224 2817 1280 enim
2846 1232 3023 1295 petest
3048 1230 3294 1287 animalis
3322 1233 3422 1287 ho-

1830 1318 1919 1358 mo
1947 1304 2131 1360 divina
2153 1322 2495 1379 cognoscere.
2523 1310 2648 1368 Ideo
2668 1316 2900 1383 dicebat,
2933 1320 3057 1387 Quis
3079 1323 3212 1377 enim
3232 1343 3419 1398 mgna-

1828 1398 1898 1486 vit
1934 1408 2145 1453 mentem
2178 1398 2382 1456 Domini
2394 1403 2421 1456 7
2448 1414 2681 1485 mentem
2709 1418 2946 1466 nostram
2975 1414 3114 1483 circa
3148 1431 3237 1473 res
3264 1419 3415 1486 istas,

1830 1485 1971 1540 illius
1996 1501 2117 1542 esse
2146 1498 2377 1544 mentem
2404 1490 2607 1575 dicens.
2642 1496 2707 1550 Ει
2738 1497 2885 1563 illud,
2915 1501 3015 1567 Qui
3040 1503 3250 1559 instruet
3274 1525 3414 1575 eam,

1831 1592 1935 1631 non
1967 1578 2084 1633 sin‘e
2112 1596 2268 1635 causa
2297 1581 2510 1652 adjecit,
2540 1586 2633 1641 sed
2661 1590 2953 1659 respiciens
2978 1594 3043 1648 ad
3072 1595 3123 1649 id
3144 1596 3283 1667 quod
3296 1599 3419 1667 ‘jam

1830 1667 1982 1733 dixit,
2008 1668 2339 1739 Spiritualem
2360 1691 2505 1728 nemo
2525 1676 2792 1747 dijudicat.
2816 1682 2871 1737 Si
2894 1686 3035 1739 enim
3061 1703 3219 1743 nemo
3247 1694 3422 1759 potest

1832 1772 1991 1812 nosse
2021 1770 2249 1815 mentem
2284 1763 2512 1829 Domini,
2540 1769 2710 1823 multo
2740 1773 2919 1831 minus
2944 1786 3117 1843 potest
3146 1779 3293 1835 illum
3324 1781 3422 1837 do-

1831 1863 1956 1903 cere
1981 1857 2035 1905 et
2059 1852 2329 1923 corrigere
2360 1873 2373 1909 :
2406 1853 2507 1910 hoc
2534 1858 2675 1912 enim
2715 1860 2817 1915 sibi
2856 1864 2968 1919 vult
2999 1866 3126 1921 illud
3148 1909 3162 1933 ,
3198 1868 3296 1935 Qui
3336 1873 3419 1925 in.

1832 1952 1988 1996 struet
2009 1960 2142 1998 eum.
2172 1945 2360 2001 Videu'
2386 1950 2657 2019 quomodo
2683 1954 2919 2027 undique
2953 1960 3175 2028 repellat
3201 1965 3419 2034 sapien-

1836 2035 1962 2089 tiam
1992 2046 2267 2093 externam
2287 2079 2301 2103 ,
2333 2049 2388 2095 et
2417 2043 2746 2111 spiritualem
2779 2048 2927 2117 plura
2959 2060 3013 2105 et
3048 2055 3250 2123 majora
3280 2059 3422 2114 scire

1834 2127 2119 2219 ostendat?
2144 2130 2275 2197 Quia
2306 2133 2449 2186 enim
2479 2149 2658 2190 causa:
2685 2136 2792 2192 illa:
2815 2140 3054 2211 (nempe,
3086 2142 3153 2199 Ut
3183 2163 3286 2201 non
3311 2150 3424 2219 glo-

1833 2216 1989 2268 rietur
2012 2220 2174 2271 omnis
2201 2236 2320 2273 caro
2342 2239 2363 2286 ;
2390 2232 2443 2277 et
2470 2225 2611 2294 quod
2642 2226 2767 2283 ideo
2799 2228 2973 2285 Stulta
3004 2234 3180 2305 elegit,
3214 2249 3269 2292 ut
3295 2216 3424 2294 con-

1835 2307 2067 2401 fundcret
2094 2311 2383 2379 sapientes;
2411 2324 2485 2377 et,
2519 2314 2585 2368 Ut
2610 2333 2711 2371 non
2741 2332 3005 2376 evacuatur
3032 2341 3160 2380 crux
3187 2328 3421 2401 Christi),

1836 2400 2139 2458 inﬁdelibus
2166 2420 2269 2457 non
2301 2405 2588 2463 admodum
2625 2408 2730 2466 ﬁde
2755 2412 2931 2483 dignae
2962 2432 3135 2488 neque
3165 2400 3423 2477 inducen-

1839 2502 1935 2551 tcs,
1971 2495 2053 2571 vel
2086 2497 2405 2553 necessariae
2430 2507 2485 2553 et
2513 2501 2668 2556 utiles
2698 2504 3016 2563 videbantur
3042 2525 3182 2577 esse,
3207 2513 3426 2571 demum

1836 2583 2055 2649 apponit
2096 2584 2388 2653 principem
2425 2602 2677 2656 causam;
2710 2594 2832 2666 quia
2873 2594 2975 2651 hoc
3004 2602 3237 2656 maxime
3265 2605 3428 2659 modo

1840 2672 2023 2727 videre
2058 2689 2342 2743 possumus
2363 2720 2376 2741 ,
2406 2693 2470 2732 ex
2502 2694 2608 2749 quo
2644 2682 2891 2738 sublimia
2922 2696 2978 2741 et
3004 2704 3198 2744 arcana
3226 2704 3276 2746 et
3307 2711 3427 2764 quae

1837 2780 1995 2833 supra
2028 2782 2123 2819 nos
2151 2777 2273 2820 sunt
2300 2770 2440 2825 scire
2469 2772 2755 2840 possimus.
2787 2774 2920 2831 Nam
2952 2782 3311 2838 evacuabalur
3338 2802 3426 2840 ra-

1840 2856 1933 2917 tio,
1965 2858 2104 2925 quod
2133 2874 2217 2923 ea,
2251 2876 2368 2927 quae
2400 2876 2560 2930 supra
2590 2878 2688 2918 nos
2717 2878 2862 2934 sunt,
2895 2884 2993 2939 per
3032 2881 3306 2927 externam
3337 2891 3427 2931 sa-

1840 2948 2094 3036 pientiam
2123 2951 2580 3020 comprehendere
2609 2970 2713 3010 non
2748 2972 3045 3026 possemus.
3082 2964 3265 3019 Viden‘
3286 2969 3429 3037 quod

1839 3042 1916 3094 sic
1963 3042 2129 3111 magis
2169 3043 2483 3099 conferebat
2524 3046 2765 3103 ediscere
2806 3065 2835 3104 a
2879 3052 3125 3121 Spiritu?
3167 3065 3249 3110 est
3285 3060 3427 3113 enim

1845 3130 1962 3186 hmo
1998 3132 2240 3186 doctrina
2286 3145 2338 3188 et
2378 3135 2626 3193 facillima
2666 3148 2720 3195 et
2754 3140 3073 3200 clarissima.
3115 3144 3227 3201 Nos
3264 3159 3431 3203 autent

1840 3235 2054 3279 mentem
2084 3225 2270 3281 Christi
2299 3226 2553 3283 habemus.
2599 3231 2709 3287 Hoc
2748 3241 2864 3300 est,
2894 3235 3228 3305 spiritualem
3250 3281 3264 3303 ,
3294 3241 3431 3295 divi-

1849 3334 1969 3372 nam
1994 3359 2009 3383 ,
2043 3319 2330 3373 humanum
2362 3320 2492 3374 nihil
2533 3321 2844 3379 habentem.
2875 3325 2991 3379 Non
3023 3329 3165 3383 enim
3196 3332 3439 3389 Platonis

1843 3424 1943 3464 nee
1972 3409 2283 3481 Pythagora:
2304 3426 2485 3480 sensa,
2511 3414 2606 3468 sed
2633 3413 2879 3472 Christus
2907 3432 3003 3473 sua
3035 3422 3202 3476 menti
3235 3434 3436 3479 nostra:

1844 3502 2052 3556 indidit.
2082 3501 2206 3555 Ideo
2226 3501 2385 3572 igitur
2410 3504 2613 3572 pudore
2631 3504 2948 3575 afﬁciantur,
2973 3509 3173 3577 dilecti,
3198 3521 3253 3567 et
3273 3513 3434 3569 vitam

1844 3592 2198 3650 exhibeamus
2225 3596 2481 3666 optimam
2512 3616 2525 3650 :
2554 3600 2768 3669 quando
2792 3610 2847 3656 et
2877 3602 2991 3672 ipse
3025 3602 3128 3659 hoc
3158 3604 3281 3660 facit
3326 3624 3440 3661 ma-

1846 3701 1964 3756 gnre
1987 3685 2235 3740 amicitiae
2257 3696 2654 3758 argumentum,
2676 3706 2800 3745 cum
2822 3692 2976 3747 nobis
2995 3708 3186 3748 arcana
3213 3699 3435 3761 revelat,

1848 3777 2035 3833 dicens
2068 3797 2083 3832 :
2117 3778 2238 3833 Non
2275 3780 2389 3850 jam
2425 3796 2513 3835 vos
2549 3781 2717 3835 dicam
2755 3800 2924 3837 servos
2948 3799 2969 3838 :
2994 3801 3166 3839 antnes
3191 3788 3321 3840 enim
3353 3806 3439 3845 vos

1849 3871 2002 3924 amici
2039 3872 2136 3925 mei
2165 3871 2281 3925 estis
2309 3887 2327 3924 :
2360 3872 2479 3943 quia
2509 3874 2680 3925 omnia
2714 3890 2830 3943 quae
2864 3875 3037 3927 audivi
3073 3892 3104 3928 a
3143 3876 3302 3931 Patre
3330 3896 3440 3933 meo

1851 3962 2147 4016 anmmtiaui
2172 3962 2309 4015 vobis
2335 3964 2354 4031 (
2374 3962 2531 4017 Joan.
2577 3965 2664 4019 15.
2698 3964 2839 4036 l5);
2872 3964 2923 4020 id
2954 3974 3057 4034 est,
3089 3982 3209 4021 cum
3251 3967 3439 4025 fiducia

1855 4052 2047 4106 tradidi
2075 4052 2245 4106 vobis.
2281 4053 2337 4109 Si
2363 4063 2540 4109 autem
2574 4054 2675 4110 hoc
2703 4057 2877 4111 solum
2904 4066 2988 4112 est
3012 4057 3261 4113 amicitia:
3288 4076 3446 4130 argu-

1855 4155 2093 4201 mentum
2112 4188 2128 4214 ,
2159 4145 2357 4213 ﬁdere;
2389 4162 2509 4202 cum
2549 4148 2722 4217 palam
2752 4148 2823 4204 sit
2848 4163 2970 4203 eum
2999 4164 3103 4204 non
3137 4151 3296 4205 modo
3322 4167 3444 4207 cum

1858 4238 2049 4293 ﬁducia
2072 4239 2353 4294 verborum
2381 4240 2634 4311 mysteria
2668 4239 2971 4305 tradidisse,
3000 4241 3094 4295 sed
3122 4241 3307 4297 eadem
3334 4244 3446 4311 ipsa

1856 4329 2110 4399 operibus
2140 4330 2293 4386 nobis
2320 4330 2563 4401 largitum
2594 4345 2715 4384 esse
2734 4372 2750 4393 ,
2780 4330 2952 4401 cogita
2980 4340 3193 4400 quanta:
3224 4332 3350 4386 illud
3380 4332 3450 4387 sit

1797 4467 1802 4479 .
1858 4422 2129 4476 amicitiae.
2181 4422 2290 4477 llac
2328 4436 2458 4491 ergo
2496 4421 2562 4477 de
2602 4437 2661 4478 re
2708 4422 2913 4493 pudore
2949 4417 3246 4478 afﬁciatnur
3275 4444 3287 4477 :
3320 4432 3377 4479 et
3404 4426 3449 4478 si

1862 4514 2005 4567 nulla
2033 4514 2187 4569 nobis
2219 4526 2360 4569 tanta
2391 4514 2650 4569 habeatur
2672 4516 2933 4585 gehennze
2964 4515 3139 4581 ratio;
3167 4526 3223 4569 at
3259 4517 3326 4569 sit
3356 4531 3454 4571 no-

1862 4605 1944 4659 bis
1984 4605 2227 4675 gehenna
2268 4607 2589 4670 terribilius,
2621 4606 2763 4673 quod
2806 4621 2931 4674 erga
2966 4606 3104 4661 adeo
3139 4608 3368 4661 amicum
3400 4616 3455 4663 et

1862 4697 2161 4752 beneﬁcum
2185 4697 2374 4766 ingrati
2400 4691 2566 4751 simus
2589 4712 2604 4750 :
2627 4711 2802 4765 neque
2828 4704 2885 4751 ut
2906 4697 3221 4751 mercenarii
3248 4697 3451 4765 famuli,

1864 4789 1957 4843 sed
1984 4797 2041 4843 ut
2068 4788 2158 4843 ﬁlii
2187 4796 2243 4843 et
2268 4787 2421 4844 liberi
2443 4788 2622 4841 omnia
2646 4785 2904 4843 faciamus
2928 4796 3147 4858 prapter
3166 4790 3455 4845 amicitiam

1867 4877 2075 4944 Patris;
2104 4884 2159 4933 et
2188 4876 2402 4932 tandem
2432 4891 2708 4933 cessemus
2737 4878 2937 4932 mundo
2976 4878 3173 4933 addicti
3214 4895 3335 4935 esse
3355 4921 3370 4947 ,
3401 4890 3459 4935 ut

1865 4968 2025 5022 etiam
2052 4976 2239 5038 gentes
2267 4967 2470 5038 pudore
2494 4967 2803 5035 afﬁciamus.
2833 4966 2963 5020 Nam
2991 4982 3133 5022 nunc
3153 4984 3273 5023 cum
3298 4972 3457 5026 velim

1869 5070 2054 5115 contra
2085 5060 2208 5116 illos
2232 5058 2527 5130 disputare,
2549 5073 2739 5117 renuo.
2770 5073 2838 5112 ne
2863 5058 2991 5125 dum
3016 5058 3135 5115 illos
3162 5061 3465 5118 rationibus

1870 5161 1923 5207 et
1952 5151 2258 5223 dogmatum
2291 5151 2515 5204 veritate
2557 5149 2857 5215 vincimus,
2890 5149 3162 5219 ingentem
3200 5151 3354 5206 nobis
3386 5152 3465 5206 ri-

1872 5260 2094 5299 sumtex
2132 5243 2255 5297 vice
2293 5243 2694 5311 comparatione
2735 5242 3024 5297 inferamus
3054 5261 3067 5295 :
3097 5243 3312 5312 quando
3356 5244 3463 5303 illi,

1875 5334 1964 5405 qui
1994 5333 2167 5389 errori
2197 5332 2394 5388 addicti
2435 5342 2560 5387 sunt
2582 5375 2597 5398 ,
2626 5342 2681 5388 et
2717 5332 2805 5403 qui
2846 5331 2976 5386 nihil
3004 5331 3308 5401 hujusmodi
3342 5348 3459 5402 per-

1876 5442 2090 5484 suasum
2118 5424 2336 5492 habent,
2359 5424 2708 5495 philoSOphite
2729 5424 2858 5477 dant
2883 5438 3137 5491 Operam;
3164 5440 3261 5477 nos
3283 5432 3464 5476 autem

1879 5520 2038 5591 plane
2061 5517 2388 5574 contrarium
2422 5516 2667 5572 facimus.
2696 5513 2945 5570 Attamen
2974 5514 3147 5570 dicam
3182 5532 3196 5568 :
3227 5514 3469 5569 fortassis

1877 5612 2021 5667 enim
2044 5651 2059 5674 ,
2091 5609 2335 5664 fortassis
2372 5608 2629 5663 adversus
2670 5606 2793 5661 illos
2836 5621 3071 5678 pugnare
3107 5604 3462 5673 meditantes,

1877 5704 1982 5756 vita
2015 5701 2179 5755 etiam
2221 5700 2325 5753 illis
2366 5699 2614 5752 meliores
2652 5696 2793 5752 efﬁci
2838 5702 3242 5751 contendentes.
3287 5694 3469 5764 Nuper

1880 5796 2155 5860 dicebam,
2199 5792 2473 5862 apostolos
2511 5804 2575 5845 ea
2615 5805 2735 5861 quae
2778 5788 3138 5860 prtedicarunt
3175 5799 3466 5857 numquam
