4096 6326
653 324 726 380 65
1388 318 1447 376 8.
1477 314 1755 375 JOANNIS
1791 310 2265 374 CHRYSOS’I'OMI
2302 307 2618 367 ARCIIIEP.
2662 308 3191 367 CONSTANTINOP.
3884 318 3949 371 6i

647 439 1035 513 praulicaturos
1073 435 1236 491 fuisse
1259 476 1273 494 .
1315 434 1415 488 nisi
1447 432 1625 489 divina
1666 438 1916 487 movente
1950 429 2155 500 gratia;
2185 437 2238 485 et

647 549 752 586 non
800 530 961 584 modo
1002 528 1053 583 id
1093 544 1198 582 non
1228 524 1566 597 perfecturos
1589 567 1604 593 ,
1633 525 1728 579 sed
1764 539 1937 593 neque
1963 521 2063 577 bac
2088 521 2154 577 de
2182 536 2242 575 re

645 622 1040 677 eonsultaturos
1061 620 1244 673 fuisse.
1268 618 1378 688 Age
1401 632 1549 683 vero,
1574 614 1735 670 hodie
1755 629 1965 686 quoque
1985 629 2102 669 eam
2124 627 2239 668 rem

645 714 996 776 excutiamus,
1023 709 1494 777 ostendamusque,
1526 722 1629 760 non
1661 708 1896 775 potuisse
1922 719 2016 761 eos
2044 704 2093 758 id
2122 718 2240 758 sus-

643 803 822 874 cipere
852 802 932 855 vel
960 802 1194 869 cogitare
1215 842 1229 863 ,
1256 800 1356 854 nisi
1400 798 1438 851 C
1498 798 1670 852 'isnnn
1693 812 1873 852 secum
1899 796 2237 859 habuissent;

642 912 748 950 non
790 896 914 965 quia
964 893 1215 947 imbecilli
1258 890 1519 945 adversus
1560 888 1759 955 fortes;
1787 904 1890 941 non
1921 887 2041 958 quia
2089 886 2239 954 pauci

641 996 826 1041 contra
871 985 1107 1049 mullos;
1157 996 1262 1036 non
1302 982 1422 1051 quia
1470 995 1734 1051 pauperes
1775 988 1964 1033 contra
2005 978 2238 1038 divites;

642 1091 749 1129 non
778 1075 899 1144 quia
930 1073 1126 1127 indocti
1153 1082 1336 1126 contra
1366 1073 1639 1140 sapientes
1666 1070 1835 1125 aciem
1865 1069 2236 1124 instruebant:

642 1167 736 1221 sed
765 1166 885 1235 quia
915 1166 1271 1235 prmjudicata:
1296 1165 1562 1234 opinionis
1590 1180 1781 1233 magna
1811 1164 1888 1217 vis
1915 1172 2050 1217 erat.
2079 1162 2240 1217 Scitis

564 1310 567 1311 ν
642 1260 784 1313 enim
832 1259 963 1311 nihil
1004 1258 1141 1327 apud
1187 1258 1432 1312 homines
1474 1256 1698 1311 validius
1736 1271 1858 1311 esse
1880 1255 2076 1310 veteris
2105 1269 2237 1307 con-

641 1349 936 1403 suetudinis
961 1349 1261 1419 tyrannide.
1287 1348 1645 1415 Quamobrem
1669 1347 1877 1401 etiamsi
1909 1362 2013 1399 non
2037 1346 2240 1401 duode-

640 1440 744 1493 cim
769 1448 973 1493 tantum
997 1453 1221 1492 numero
1247 1438 1495 1503 fuissent,
1519 1452 1693 1507 neque
1722 1437 1792 1490 ita
1822 1437 1952 1491 viles
1978 1446 2033 1490 et
2056 1437 2238 1506 quales

641 1543 821 1596 erant;
862 1530 956 1585 sed
995 1530 1133 1583 alius
1161 1530 1309 1583 orbis
1337 1529 1526 1583 fuisset
1554 1528 1677 1582 huic
1708 1543 1821 1597 par,
1848 1542 1911 1581 ac
1937 1526 2237 1581 multitudi-

642 1637 762 1676 nem
806 1621 1121 1676 habuissent
1161 1619 1402 1674 adversse
1438 1619 1538 1673 sibi
1584 1619 1877 1687 mqualcm,
1921 1617 2028 1671 imo
2068 1615 2238 1671 multo

640 1713 899 1782 majorem
920 1752 934 1775 ,
964 1712 1041 1764 sie
1070 1726 1281 1780 quoque
1308 1709 1542 1765 difficilis
1572 1725 1658 1763 res
1688 1708 1897 1763 fuisset.
1938 1708 2046 1761 Illis
2085 1722 2238 1761 nam-

642 1820 745 1875 que
786 1819 942 1872 opem
988 1803 1191 1856 ferebat
1234 1800 1565 1856 consuetudo
1589 1840 1604 1864 ,
1632 1800 1715 1853 his
1744 1814 1873 1853 vero
1903 1797 2112 1852 novitas
2138 1796 2237 1850 ad-

640 1896 974 1949 versabatur.
1013 1893 1157 1948 Nihil
1198 1894 1341 1948 enitn
1384 1894 1454 1945 ita
1494 1892 1673 1946 turbat
1720 1891 1994 1953 animum,
2027 1888 2233 1941 etiamsi

642 1986 768 2039 tttile
811 1985 1082 2054 quidpiam
1122 1983 1484 2051 aggrediatur,
1516 1989 1573 2034 ut
1618 1981 1873 2033 innovare
1912 1986 1966 2032 ct
2004 1976 2238 2047 peregri-

641 2093 766 2131 num
817 2076 943 2145 quid
988 2076 1281 2139 inducere,
1314 2075 1546 2128 maxime
1572 2088 1693 2127 cum
1722 2073 1790 2126 de
1826 2072 1972 2126 cultu
2013 2071 2233 2141 religio-

639 2169 721 2219 nis
766 2176 819 2220 et
865 2166 932 2219 de
987 2165 1079 2220 Dei
1127 2165 1293 2231 gloria
1322 2165 1514 2234 agitur.
1564 2164 1628 2218 Et
1649 2172 1847 2233 quanta
1876 2163 1945 2217 sit
1973 2163 2129 2232 hujus
2156 2164 2231 2217 rei

636 2257 735 2317 vis,
761 2258 870 2325 jam
904 2257 1076 2324 palam
1110 2255 1321 2309 faciam.
1374 2255 1552 2309 I'rimo
1591 2254 1717 2308 illttd
1747 2253 1922 2308 dicam
1946 2294 1963 2319 ,
2005 2254 2231 2309 alteram

636 2351 799 2403 fuisse
826 2351 1192 2404 difficultatem
1221 2351 1362 2404 circa
1395 2348 1632 2403 Judazos.
1663 2347 1795 2402 Nam
1825 2348 1965 2417 quod
2001 2349 2064 2401 ad
2102 2363 2231 2417 gen-

636 2444 756 2495 tiIt-s
773 2451 998 2511 spectat,
1018 2450 1072 2496 et
1092 2441 1221 2497 deos
1239 2452 1291 2495 ct
1313 2442 1559 2510 dogmata
1583 2441 1794 2495 illorum
1823 2440 2234 2495 confutabantur

632 2534 812 2585 omnia
839 2550 853 2597 ;
883 2531 1024 2601 apud
1051 2530 1265 2587 Judatos
1296 2541 1475 2586 autem
1501 2546 1604 2586 non
1635 2532 1704 2586 ita
1733 2532 2074 2600 diSpntabant
2099 2547 2113 2582 :
2138 2530 2230 2584 sed

632 2640 697 2679 ex
730 2625 1067 2693 dogmatibus
1099 2625 1261 2678 multa
1292 2624 1640 2693 abrogahant,
1669 2623 1835 2677 Deum
1875 2637 2003 2676 vero
2030 2622 2118 2690 qui
2152 2621 2231 2675 le-

632 2732 751 2783 gem
801 2724 1055 2784 posuerat
1098 2714 1327 2768 adorare
1368 2714 1630 2781 jubebant
1670 2728 1685 2763 :
1728 2720 1782 2766 et
1823 2726 1944 2766 eum
1990 2711 2242 2766 dicerent

632 2813 885 2873 oportere
914 2804 1271 2872 lcgislatorem
1303 2803 1511 2867 colere,
1541 2803 1838 2869 addebant,
1872 2802 1947 2857 Ne
1975 2802 2026 2856 in
2055 2804 2228 2857 omni-

630 2893 732 2947 bus
775 2894 1090 2963 ohscqttaris
1133 2894 1233 2963 legi
1278 2892 1345 2947 ab
1383 2893 1476 2946 illo
1503 2894 1729 2963 positze;
1760 2892 1909 2950 verbi
1938 2893 2107 2964 gratia
2132 2934 2145 2953 .
2175 2893 2228 2947 in

629 2986 1009 3040 observatione
1036 2986 1262 3049 sabbati,
1292 2994 1383 3038 aut
1411 2984 1855 3048 circumcisionis,
1886 2993 1979 3036 aut
2022 2984 2229 3037 sacrifi-

629 3077 864 3140 ciorum,
893 3085 985 3129 aut
1024 3076 1252 3129 aliorum
1296 3076 1572 3129 similium.
1602 3074 1784 3144 Itaque
1810 3089 1917 3129 non
1949 3074 2109 3130 modo
2138 3090 2195 3129 sa

628 3169 890 3223 orificium
937 3167 1323 3236 impedimento
1360 3175 1511 3231 erat;
1551 3168 1645 3223 sed
1688 3169 1846 3222 etiam
1889 3169 2066 3239 quod,
2106 3184 2228 3223 cum

630 3261 798 3315 Deum
826 3260 1079 3330 juberent
1106 3260 1353 3326 adorare,
1386 3261 1581 3314 multas
1610 3261 1773 3330 ipsius
1798 3261 1941 3331 leges
1968 3262 2229 3330 abrogare

628 3354 1002 3421 praeciperent.
1046 3352 1200 3422 Apud
1237 3352 1466 3421 gentiles
1503 3362 1679 3406 autem
1723 3367 1911 3422 magna
1952 3360 2070 3407 erat
2094 3367 2226 3407 con-

628 3444 928 3499 Suetudinis
960 3446 1218 3514 tyrannis.

698 3538 751 3590 7.
800 3536 1009 3591 Etenim
1055 3537 1262 3591 etiamsi
1310 3537 1496 3592 decem
1534 3551 1797 3590 annorum
1850 3546 2079 3604 tantum,
2129 3551 2229 3592 nec

626 3627 747 3682 dico
780 3629 908 3681 tanti
956 3628 1245 3697 temporis;
1293 3627 1395 3681 etsi
1446 3642 1733 3696 paucorum
1785 3626 2084 3693 hominum,
2128 3642 2227 3682 nec

627 3719 746 3774 dico
772 3718 934 3772 totius
959 3719 1105 3771 orbis
1128 3717 1567 3771 consuetudinem
1594 3718 1828 3787 aggressi
1859 3717 1931 3769 illi
1962 3716 2183 3772 fuissent
2209 3734 2221 3769 :

628 3814 707 3865 sic
748 3827 959 3881 quoque
1006 3810 1229 3864 mutatio
1269 3809 1502 3863 difficilis
1535 3810 1741 3865 fuisset.
1784 3809 1939 3864 Nunc
1967 3819 2143 3868 autem
2174 3817 2228 3864 et

631 3901 887 3971 sophistae
920 3910 974 3954 et
998 3909 1242 3954 oratores
1264 3910 1318 3953 et
1346 3908 1520 3968 patres
1544 3908 1597 3953 ct
1615 3900 1698 3952 avi
1723 3908 1776 3952 et
1797 3900 1970 3965 abavi,
2002 3910 2055 3954 et
2076 3899 2228 3954 multi

630 3992 998 4061 antiquiores,
1044 4004 1229 4045 errore
1276 3998 1430 4043 erant
1480 3988 1832 4057 prmoccupati
1885 4006 1899 4044 :
1954 3997 2008 4043 et
2049 3997 2223 4055 terra,

632 4098 803 4146 mare,
846 4089 1091 4143 montes,
1136 4080 1324 4143 saltus,
1375 4080 1726 4133 barbarorum
1779 4078 1959 4133 omnia
2003 4094 2224 4149 genera,

634 4174 942 4229 Gra2coruttt
967 4170 1148 4241 populi
1172 4185 1380 4233 omnes,
1404 4170 1692 4238 sapientes,
1714 4168 1914 4236 idiotas,
1938 4169 2226 4238 principes,

635 4268 856 4329 subditi,
880 4265 1137 4319 mulieres
1156 4274 1209 4317 et
1227 4262 1347 4329 viri,
1365 4262 1597 4330 juvenes
1612 4272 1664 4315 et
1681 4276 1860 4327 senes,
1879 4259 2230 4324 herietservi,

634 4358 887 4427 agricolae
910 4364 963 4410 et
985 4354 1239 4416 artifices,
1265 4354 1352 4421 qui
1378 4353 1538 4406 urbes
1560 4362 1612 4405 et
1638 4352 1728 4420 qui
1758 4352 1903 4404 vicos
1926 4348 2227 4403 incolebant

634 4464 843 4503 omnes.
878 4447 946 4502 Et
969 4461 1063 4516 par
1084 4453 1198 4500 erat
1221 4445 1339 4498 illos
1362 4457 1550 4497 omnes
1570 4441 1986 4496 catechumenos
2006 4440 2186 4493 dicere
2209 4455 2223 4492 :

631 4542 769 4611 Qttid
799 4541 901 4596 hoc
923 4539 1042 4595 est?
1073 4552 1332 4593 omnesne
1360 4536 1449 4606 qtti
1480 4534 1665 4589 orbem
1706 4533 1945 4587 incolunt
1976 4540 2100 4585 sunt
2126 4530 2226 4584 de-

631 4634 808 4705 cepti?
841 4632 1118 4703 sophista},
1153 4639 1418 4696 oratores,
1463 4626 1793 4698 philosophi,
1830 4625 2143 4693 scriptores,
2172 4634 2227 4679 et

637 4726 722 4793 qui
768 4720 910 4777 nunc
937 4731 1062 4775 sunt
1103 4730 1159 4775 ct
1203 4721 1291 4789 qui
1336 4727 1460 4772 ante
1502 4718 1741 4785 fuerunt,
1794 4715 2128 4788 Pythagoras
2172 4724 2228 4769 et

636 4815 808 4880 Plato,
834 4811 1021 4877 duces,
1067 4810 1340 4876 consules,
1375 4808 1750 4877 imperatores,
1782 4809 1992 4864 urbium
2022 4810 2090 4866 ab
2126 4808 2229 4864 ini-

631 4906 706 4959 tio
736 4904 881 4959 cives
911 4910 961 4957 et
992 4898 1325 4964 fundatores,
1359 4896 1572 4952 barbari
1598 4908 1655 4952 et
1688 4899 1906 4954 Graeci?
1939 4909 1994 4954 et
2018 4900 2229 4955 duode-

630 4998 736 5052 cim
764 4997 1062 5068 piscatores
1091 5007 1156 5047 ac
1182 4990 1537 5046 tentoriorum
1565 4989 1804 5044 artifices
1846 4998 2007 5060 atque
2048 4991 2226 5062 publi-

632 5088 774 5155 cani,
822 5088 929 5143 illis
974 5085 1227 5141 omnibus
1256 5090 1383 5137 sunt
1425 5082 1827 5153 sapientiores?
1864 5092 1919 5138 et
1955 5083 2075 5152 quis
2113 5084 2229 5138 lucc

633 5180 774 5232 ferre
798 5176 1073 5248 potuerit?
1100 5177 1348 5231 Attamen
1373 5175 1487 5229 haec
1512 5188 1617 5229 non
1648 5173 1919 5241 dixerunt,
1948 5189 2049 5229 nec
2075 5174 2224 5245 engi-

635 5279 835 5335 tarunt,
862 5270 955 5324 sed
982 5269 1146 5339 quieti
1186 5268 1523 5333 sustinuere;
1557 5275 1927 5337 noveruntque
1957 5267 2077 5323 illos
2105 5282 2226 5324 esse

636 5363 877 5418 omnium
926 5360 1394 5429 sapientissimos:
1427 5358 1655 5428 ideoque
1696 5372 1887 5413 omnes
1933 5372 2224 5428 superave-

641 5463 783 5509 runt.
816 5451 880 5505 Et
909 5459 966 5503 ut
992 5448 1188 5517 discas,
1230 5457 1431 5519 quanta
1482 5449 1553 5503 sit
1587 5448 1671 5503 vis
1713 5448 2134 5515 consuetudinis,
2162 5464 2224 5504 ea

642 5544 731 5598 Dei
764 5549 1028 5613 prmcepta
1056 5555 1198 5609 saepe
1224 5540 1516 5611 superavit.
1546 5541 1611 5595 Et
1632 5540 1758 5611 quid
1779 5540 1899 5596 dico
1923 5542 2226 5612 pratcepta?

637 5630 755 5699 Ipsa
788 5648 997 5702 quoque
1034 5630 1315 5685 beneficia.
1343 5628 1514 5686 Judzei
1543 5632 1685 5686 enim
1716 5646 1910 5685 manna
1944 5633 2220 5700 habentes,

638 5725 946 5793 quaerebant
976 5721 1133 5789 allia;
1172 5729 1225 5777 et
1265 5722 1511 5783 libertate
1538 5726 1806 5793 fruentes,
1840 5724 2113 5780 servitutis
2140 5738 2222 5778 rc-

2348 424 2712 480 cordabantur
2754 434 2809 480 et
2856 424 3146 495 Egyptum
3197 423 3504 495 frequenter
3556 426 3820 495 Optabam
3878 432 3945 484 ob

2348 514 2828 581 consuetudinem;
2873 516 3010 571 adeo
3055 518 3332 588 tyrannica
3361 526 3441 573 est
3467 518 3833 573 consuetudo.
3883 517 3944 571 Et

2356 606 2400 660 si
2428 606 2558 661 velis
2596 608 2758 661 etiam
2788 607 2856 663 ab
2900 609 3101 662 exteris
3151 608 3202 663 id
3248 608 3477 676 discere,
3524 610 3724 665 dicitur
3764 610 3941 671 Plato,

2347 696 2555 750 etiamsi
2587 697 2751 767 probe
2777 699 2938 754 sciret
2963 714 3200 753 errorem
3224 715 3343 755 esse
3368 715 3453 767 ea,
3484 718 3602 771 qua:
3630 702 3701 757 de
3732 702 3843 756 diis
3868 702 3945 754 di-

2346 785 2626 852 cebautur,
2654 786 2719 840 ad
2751 786 2918 842 festos
2941 788 3057 842 dies
3081 789 3335 845 colendos
3363 801 3417 845 et
3443 793 3505 845 ad
3530 802 3726 848 caetera
3760 791 3942 845 omnia

2344 891 2403 932 se
2428 877 2730 943 demisisse,
2776 890 2834 935 ut
2864 883 3091 950 qui_non
3141 892 3324 952 posset
3360 885 3815 940 consuetudinem
3849 886 3942 937 im-

2345 984 2604 1039 pugnare,
2635 986 2699 1025 ac
2730 986 2789 1026 re
2818 971 2930 1042 ipsa
2963 988 2993 1026 a
3036 975 3292 1042 magistro
3336 973 3440 1029 hoc
3478 976 3798 1031 edidicerat.
3850 976 3943 1030 Ilic

2344 1062 2487 1116 enim
2519 1078 2639 1117 cum
2666 1065 2718 1118 itt
2748 1065 3110 1133 suspicionem
3142 1068 3507 1124 innovationis
3537 1072 3799 1135 venisset,
3836 1080 3945 1124 tan-

2346 1162 2456 1208 tum
2484 1155 2652 1210 abfuit
2680 1166 2735 1210 ut
2762 1156 2905 1227 quod
2936 1158 3153 1228 optabat
3184 1161 3486 1229 perficeret,
3514 1162 3749 1216 utetiam
3775 1162 3941 1215 vitam

2345 1249 2606 1315 amiserit,
2637 1251 2845 1306 etiamsi
2870 1252 3115 1321 apologia
3137 1268 3257 1308 sese
3279 1262 3575 1324 purgasset.
3599 1254 3738 1319 Quot
3774 1254 3941 1308 etiam

2343 1355 2485 1395 nunc
2512 1342 2755 1397 videmus
2794 1344 3039 1398 homines
3066 1360 3131 1399 ex
3173 1346 3521 1414 prmjudieata
3573 1347 3841 1416 opinione
3890 1346 3940 1401 in

2344 1433 2614 1501 impietate
2643 1433 2908 1502 detentos,
2944 1436 3035 1504 qui
3067 1436 3197 1490 nihil
3244 1447 3467 1507 possunt
3509 1437 3704 1491 rationi
3738 1451 3941 1491 conso-

2344 1538 2467 1576 num
2496 1524 2697 1591 dicere,
2742 1541 2863 1581 cum
2913 1537 3233 1581 accusantur
3273 1530 3414 1597 quod
3454 1540 3506 1582 ttt
3548 1530 3780 1599 gentiles
3813 1544 3940 1583 sett-

2342 1614 2494 1675 tiant,
2526 1615 2868 1686 allegantquc
2903 1628 3103 1687 patres,
3139 1634 3266 1673 avos
3306 1629 3358 1672 et
3386 1620 3652 1689 proavos?
3685 1619 3815 1673 Ideo
3844 1635 3941 1675 ex-

2341 1714 2577 1759 terorum
2620 1708 2835 1774 quidam
2876 1708 3318 1763 consuetudinem
3349 1709 3636 1765 secundam
3687 1721 3940 1765 naturam

2341 1807 2553 1848 vocant.
2584 1797 2714 1849 Cum
2745 1806 2923 1851 autem
2952 1798 3006 1851 in
3039 1797 3379 1867 dogmatibus
3400 1802 3737 1855 consuetudo
3760 1802 3938 1867 adest,

2343 1902 2402 1940 ea
2458 1886 2663 1941 firmior
2711 1896 2793 1943 est
2851 1906 2865 1943 :
2919 1890 3097 1943 omnia
3151 1891 3294 1944 enim
3350 1891 3554 1946 facilius
3607 1894 3943 1947 mutaverint

2340 1999 2497 2052 quam
2530 1984 2751 2038 cultum.
2794 1985 2857 2039 Et
2900 1985 3072 2054 pudor
3117 2001 3221 2039 una
3268 2000 3389 2039 cum
3435 1986 3833 2041 consuetudine
3874 1988 3937 2039 ad

2340 2074 2738 2143 impediendum
2762 2077 2889 2129 satis
2911 2086 3047 2139 erat,
3074 2085 3129 2130 et
3148 2075 3288 2145 quod
3312 2076 3589 2131 videantur
3612 2079 3664 2131 iu
3689 2088 3938 2132 extrema

2338 2176 2613 2221 senectute
2651 2168 2951 2232 dediscere,
2995 2168 3263 2237 etiamque
3298 2169 3365 2223 ab
3403 2169 3469 2224 iis
3510 2170 3599 2239 qui
3631 2171 3816 2224 minus
3862 2172 3938 2223 in-

2338 2257 2660 2326 telligerent.
2693 2258 2906 2325 thttid
2947 2258 3178 2319 miraris,
3220 2258 3348 2311 siin
3392 2260 3569 2311 anima
3598 2260 3648 2313 id
3692 2262 3935 2325 eveniat,

2335 2349 2549 2418 quando
2576 2350 2735 2402 etiam
2789 2348 2841 2400 itt
2881 2364 3109 2416 corpore
3140 2363 3388 2418 magnam
3433 2350 3539 2401 vim
3589 2351 3936 2404 consuetudo

2338 2440 2517 2492 habet.
2565 2438 2942 2506 Apostolorum
2977 2453 3107 2491 vero
3140 2446 3379 2507 tempore
3405 2439 3549 2492 aliud
3592 2450 3709 2493 erat
3757 2442 3935 2509 majus

2337 2528 2799 2598 impedimentum,
2834 2527 2974 2596 quod
3008 2544 3112 2582 non
3146 2528 3306 2583 modo
3332 2530 3663 2585 consuetudo
3694 2540 3803 2585 tam
3834 2549 3933 2586 an-

2337 2622 2479 2692 tiqua
2508 2631 2822 2685 mutaretur,
2850 2622 2943 2676 scd
2973 2621 3135 2676 etiam
3165 2622 3306 2691 quod
3334 2624 3559 2677 mutatio
3581 2623 3667 2677 illa
3693 2638 3818 2678 cum
3844 2640 3933 2692 pe-

2334 2713 2504 2768 ricqu
2534 2712 2705 2766 ﬁeret.
2739 2712 2854 2766 Non
2886 2713 3042 2766 modo
3069 2713 3212 2767 enim
3235 2729 3264 2766 a
3287 2714 3678 2769 consuetudine
3708 2716 3773 2769 ad
3801 2731 3934 2770 con-

2332 2805 2666 2858 suetudinem
2689 2805 2991 2866 trahebant,
3010 2804 3102 2859 scd
3119 2818 3148 2857 a
3171 2804 3561 2860 consuetudine
3579 2808 3933 2859 securitatem

2336 2897 2566 2951 habente
2606 2897 2673 2950 ad
2704 2913 2790 2950 res
2818 2898 3055 2964 pericula
3090 2896 3421 2952 minitantes.
3455 2895 3782 2952 Credentem
3814 2909 3930 2953 sta-

2335 2988 2426 3041 tim
2466 2986 2743 3040 accidebat
2785 2986 3067 3055 publicari,
3113 2987 3259 3055 pelli,
3284 3002 3313 3040 a
3341 2987 3510 3056 patria
3550 2988 3831 3054 excidere,
3866 2990 3932 3044 ab

2332 3077 2581 3132 omnibus
2608 3077 2731 3132 odio
2760 3076 2965 3140 haberi,
2997 3093 3335 3133 communem
3359 3078 3566 3134 hostem
3590 3095 3711 3134 esse
3732 3090 3790 3134 et
3817 3082 3934 3135 suis

2332 3179 2386 3224 et
2423 3170 2636 3226 alienis.
2689 3169 2870 3241 Itaque
2920 3170 3130 3224 etiamsi
3173 3179 3459 3227 vocassent
3506 3188 3536 3225 a
3580 3173 3826 3227 novitate
3864 3174 3931 3227 ad

2330 3264 2796 3329 consuetudinem,
2826 3264 2985 3318 etiam
3016 3264 3094 3318 sic
3136 3263 3371 3318 difficilis
3406 3280 3494 3319 res
3540 3264 3728 3319 fuisset
3758 3284 3769 3317 :
3804 3280 3930 3318 cum

2330 3363 2507 3408 autem
2531 3369 2559 3407 a
2582 3353 2973 3409 consuetudine
3001 3354 3065 3409 ad
3107 3353 3396 3409 novitatem
3430 3365 3706 3420 vocarent,
3733 3367 3784 3410 et
3816 3357 3932 3409 haec

2330 3446 2582 3499 adessent
2611 3447 2771 3511 mala,
2798 3444 2969 3513 cogita
2993 3453 3251 3513 quantum
3279 3455 3394 3499 erat
3419 3445 3547 3499 illud
3577 3446 3934 3513 impedimen-

2334 3545 2464 3590 tum.
2502 3535 2704 3588 Prmter
2732 3549 2793 3588 ea
2825 3544 3003 3589 autem
3040 3549 3158 3603 quae
3187 3534 3329 3587 dicta
3359 3543 3504 3601 sunt,
3533 3534 3675 3587 aliud
3707 3550 3819 3588 non
3854 3536 3929 3588 Ie-

2329 3629 2447 3684 vius
2473 3634 2611 3692 erat,
2652 3625 2793 3696 quod
2824 3625 3176 3680 mutationem
3215 3624 3489 3680 difficilem
3531 3624 3806 3681 redderet.
3849 3626 3930 3680 Ad

2330 3718 2772 3774 consuetudinem
2805 3717 2946 3772 enim
2988 3728 3041 3771 et
3070 3718 3136 3772 ad
3185 3716 3417 3787 pericula
3465 3718 3519 3772 id
3560 3717 3748 3783 addas,
3781 3718 3929 3788 quod

2330 3813 2446 3867 haec
2473 3821 2735 3881 praecepta
2767 3812 3083 3866 onerosiora
3112 3820 3313 3877 essent,
3345 3820 3395 3864 et
3422 3826 3508 3873 ea,
3541 3824 3570 3862 a
3606 3811 3802 3879 quibus
3830 3812 3928 3863 ab—

2330 3904 2617 3972 ducebant,
2644 3904 2777 3957 levia
2808 3911 2862 3957 et
2892 3902 3083 3956 facilia.
3124 3901 3256 3955 Nam
3296 3916 3325 3954 a
3357 3899 3707 3956 fornicatione
3740 3901 3807 3955 ad
3842 3916 3930 3955 ca-

2330 3996 2564 4050 stitatem
2601 3993 2886 4057 vocabant,
2935 3993 3005 4047 ah
3053 4007 3237 4046 amore
3278 3992 3402 4046 vitm
3449 3991 3519 4046 ad
3566 4001 3827 4057 mortem,
3862 3992 3929 4045 ab

2332 4084 2591 4140 ebrietate
2610 4083 2675 4138 ad
2688 4082 2980 4154 jejunium,
2998 4100 3029 4139 a
3049 4083 3162 4137 risu
3179 4081 3244 4136 ad
3266 4082 3529 4153 lacrymas
3569 4091 3624 4136 et
3664 4098 3930 4153 compun-

2331 4173 2587 4240 ctionem,
2616 4172 2685 4227 ab
2712 4173 2931 4228 avaritia
2958 4174 3024 4227 ad
3053 4182 3441 4243 paupertatem,
3474 4190 3502 4226 a
3539 4174 3831 4228 securitate
3861 4173 3927 4227 ad

2331 4263 2567 4335 pericula
2596 4282 2609 4319 :
2639 4274 2693 4320 et
2722 4281 2817 4335 per
2849 4268 3028 4320 omnia
3057 4266 3351 4321 extremam
3380 4266 3663 4335 exigebant
3698 4281 3925 4320 accura-

2332 4357 2529 4411 tionem
2554 4373 2568 4422 ;
2597 4372 2719 4412 nam
2746 4359 2821 4412 ait
2852 4373 2865 4411 :
2895 4357 3183 4426 Turpitudo
3222 4369 3269 4411 et
3300 4358 3665 4425 stultiloquium
3699 4368 3745 4411 ct
3776 4376 3925 4413 scur-

2330 4445 2494 4499 rilitas
2524 4463 2585 4500 ne
2612 4455 2790 4501 exeant
2814 4448 2879 4501 ab
2914 4462 3002 4499 ore
3041 4455 3202 4499 vestro
3234 4446 3447 4516 (Ep/tes.
3492 4448 3545 4503 5.
3581 4447 3659 4517 ι).
3705 4448 3771 4502 Et
3810 4448 3926 4502 huic

2330 4535 2580 4590 dicebant
2608 4537 2692 4605 iis,
2723 4537 2814 4607 qui
2846 4536 2979 4591 nihil
3006 4536 3152 4589 aliud
3181 4536 3424 4591 sciebant
3452 4553 3611 4606 quam
3642 4538 3921 4601 inebriari,

2332 4628 2502 4681 ventri
2537 4626 2833 4698 indulgere,
2865 4628 2929 4681 iis
2951 4626 3039 4696 qui
3066 4625 3181 4680 dies
3205 4624 3369 4680 festos
3398 4628 3645 4696 agebant.
3683 4642 3791 4681 non
3816 4628 3925 4682 alic

2332 4720 2493 4773 modo
2519 4720 2896 4785 consistentes,
2930 4733 3087 4789 quam
3119 4732 3187 4773 ex
3221 4717 3565 4785 turpitudine,
3594 4718 3705 4772 risu
3729 4728 3785 4772 et
3806 4719 3925 4772 uni-

2333 4825 2486 4864 versa
2515 4811 2800 4866 comaedia.
2829 4809 3013 4880 Itaque
3041 4824 3148 4864 non
3169 4807 3331 4863 modo
3357 4806 3500 4878 quod
3526 4807 3927 4877 philosOphiam

2332 4902 2629 4971 exigerent,
2650 4916 2877 4957 onerosa
2908 4902 2996 4957 illa
3018 4910 3282 4972 prrecepta
3310 4908 3499 4965 erant;
3529 4899 3623 4955 sed
3649 4901 3795 4969 quod
3826 4901 3927 4956 ho-

2334 4992 2571 5048 minibus
2596 4993 2985 5063 proferrentur,
3031 4994 3123 5065 qui
3163 4994 3214 5048 in
3266 4992 3478 5047 licentia
3504 5033 3519 5058 ,
3569 4992 3927 5062 turpitudine,

2333 5084 2700 5154 stultiloquio,
2736 5085 2847 5140 risu
2890 5086 3155 5153 rebusque
3198 5083 3421 5137 comicis
3472 5082 3681 5138 educati
3718 5095 3924 5139 essent.

2331 5176 2459 5244 Quis
2483 5178 2626 5231 enim
2671 5176 2760 5245 qui
2808 5176 2861 5231 in
2895 5174 3091 5229 talibus
3118 5174 3279 5228 vitam
3323 5173 3554 5242 duxerit,
3586 5190 3708 5229 cum
3754 5175 3925 5235 audit,

2335 5266 2454 5320 Nisi
2480 5268 2591 5334 quis
2621 5266 2763 5321 tollat
2792 5282 2993 5320 crucem
3023 5281 3169 5319 suam
3212 5275 3259 5319 et
3297 5276 3535 5336 sequatur
3570 5283 3667 5329 me,
3707 5281 3810 5319 non
3856 5272 3927 5317 est

2332 5376 2411 5412 me
2436 5360 2619 5428 dignus
2652 5358 2864 5427 (Matth.
2896 5358 2986 5412 IO.
3017 5357 3144 5428 58);
3176 5366 3249 5425 et,
3293 5357 3413 5412 Non
3452 5359 3564 5412 vem'
3591 5372 3768 5427 pacem
3805 5355 3927 5408 mit-

2332 5459 2448 5513 tere,
2481 5450 2568 5502 sed
2603 5449 2851 5519 gladium,
2895 5460 2942 5502 et
2980 5465 3223 5518 separare
3259 5450 3513 5503 hominem
3554 5464 3585 5498 a
3625 5455 3770 5515 patre
3800 5461 3923 5509 sua,

2333 5552 2377 5595 ct
2408 5542 2569 5610 ﬁliam
2600 5558 2631 5595 a
2663 5554 2823 5597 matre
2864 5544 3004 5614 sua(
3037 5542 3174 5597 Ibid.
3208 5561 3254 5600 v.
3302 5545 3372 5599 54
3402 5541 3443 5613 ),
3474 5555 3581 5595 non
3631 5540 3915 5607 obtorpueo

2332 5633 2435 5687 rit?
2460 5637 2578 5704 quis
2607 5646 2786 5691 autem
2814 5637 3060 5704 audiens,
3100 5637 3210 5692 Nisi
3250 5636 3368 5705 quis
3406 5631 3795 5686 renuntiaverit
3826 5630 3918 5683 do-

2338 5725 2467 5792 tnui,
2497 5728 2681 5797 patria:
2707 5736 2762 5783 ct
2790 5728 3008 5795 divitiis,
3046 5744 3149 5784 non
3181 5735 3263 5782 est
3292 5740 3376 5780 me
3416 5723 3606 5795 «lignus
3646 5721 3799 5795 (Luc.
3841 5718 3917 5774 II.
