4082 6326
272 378 345 436 6³
1348 358 1414 417 IN
1444 355 1660 418 EPIST.
1695 356 1718 412 ι
1757 353 1849 412 AD

1963 351 2038 409 ιη.
2075 351 2312 412 HOMIL.
2356 357 2472 416 VII.
3503 371 3532 425 6
3544 374 3572 424 ι

272 489 369 542 καὶ
399 487 510 559 σήμ
531 501 647 558 τρον
689 479 822 536 αὐτὸ
858 476 1017 534 τοῦτο
1051 475 1432 559 ἐπεξέλθωμεν
1458 477 1536 547 τῷ
1577 476 1742 544 λόγῳ,
1774 471 1870 559 καλ

269 556 565 641 δείξωμεν,
620 566 696 630 ὡς
746 563 1012 619 ἀδύνατον
1047 557 1117 633 ἦν
1170 561 1334 641 τοῦτο
1370 560 1476 614 κᾶν
1522 559 1740 612 ἑλέσθαι
1774 556 1871 610 καὶ

272 639 551 722 ἐννοῆσαι,
585 650 635 702 εί
667 648 743 720 μὴ
773 645 865 702 τὸν
901 647 1137 716 Χριστὸν
1176 639 1325 714 εἶχον
1350 641 1468 715 μεθ’
1492 642 1701 696 ἑαυτῶν
1725 658 1737 672 ·
1770 641 1872 722 οὐκ

271 720 464 802 ἐπειδὴ
494 731 745 792 ἀσθενεῖς
794 729 934 800 πρὸς
990 728 1268 799 ἰσχυροὺς,
1325 725 1426 779 οὐκ
1462 723 1650 791 ἐπειδὴ
1701 720 1872 788 ὀλίγοι

273 817 414 886 πρὸς
448 814 700 877 πολλοὺς,
739 813 839 865 οὐκ
877 810 1067 882 ἐπειδὴ
1108 809 1342 880 πένητες
1376 807 1514 879 πρὸς
1559 804 1871 867 πλουσίους,

268 899 393 952 οὐδὲ
452 897 642 970 ἐπειδὴ
705 897 939 968 ἀμαθεῖς
998 894 1132 965 πρὸς
1199 893 1396 962 σοφοὺς
1447 888 1869 970 παρετάττοντο,

267 981 390 1034 ἀλλ’
426 967 755 1050 ἐπειδηκαῖ
797 979 896 1048 τῆς
938 975 1261 1048 προλήψεως
1290 972 1460 1041 πολλὴ
1494 967 1560 1042 ἧν
1604 971 1638 1039 ἡ
1694 969 1868 1039 ίσχύς.

275 1065 426 1117 ἰστε
456 1065 568 1135 γάρ
592 1063 669 1127 ὼς
697 1062 853 1116 οὐδὲν
879 1060 1052 1122 οὕτως
1079 1058 1300 1129 ἰσχυρὸν
1341 1056 1494 1125 παρὰ
1536 1051 1868 1135 ἀνθρώποις,

267 1147 348 1209 ὡς
395 1133 689 1216 συνηθείας
730 1144 973 1206 παλαιᾶς
1011 1141 1290 1210 τυραννίς.
1342 1139 1502 1190 Ὥστε
1553 1137 1602 1186 εἰ
1641 1139 1747 1216 και
1795 1133 1870 1204 μὴ

267 1227 481 1282 δώδεκα
501 1215 642 1297 ἦσαν
666 1228 846 1298 μόνον,
875 1224 1008 1296 μηδὲ
1030 1223 1206 1284 οὕτως
1231 1221 1470 1282 εὐτελεῖς
1496 1218 1590 1270 καὶ
1611 1215 1865 1278 τοιοῦτοι,

267 1311 388 1365 ἀλλ’
419 1312 583 1381 ἑτέρα
616 1308 910 1379 οίκουμένη
947 1306 1208 1374 τοσαύτη,
1252 1304 1346 1356 καὶ
1388 1301 1592 1370 πλῆθος
1617 1300 1869 1381 άντίρῤοέ

267 1411 372 1446 πον
425 1380 573 1463 εἶχον
623 1393 744 1462 μεθ’
795 1391 1004 1444 ἑαυτῶν
1052 1385 1404 1454 τεταγμένον,
1454 1382 1489 1453 ἢ
1543 1383 1637 1435 καὶ
1689 1380 1868 1463 πολλῷ

266 1462 514 1541 πλείους,
557 1476 654 1527 καὶ
685 1472 829 1527 οὕτω
863 1470 1120 1525 δύσκολον
1146 1463 1214 1537 ἦν
1244 1465 1306 1516 τὸ
1340 1463 1646 1533 γινόμενον.
1689 1462 1866 1515 Ἐκεί-

264 1575 380 1620 νοις
430 1559 529 1627 μὲν
559 1556 669 1629 γάρ
702 1557 735 1625 ὴ
772 1553 1032 1622 συνήθεια
1075 1548 1438 1616 συνέπραττε,
1489 1546 1701 1629 τούτοις
1731 1545 1791 1629 δέ
1832 1546 1865 1615 ή

264 1625 596 1707 καινοτομία
637 1625 978 1707 ῆναντιοῦτο.
1010 1631 1174 1684 Οὐδὲν
1199 1629 1308 1698 γάρ
1341 1628 1487 1681 οὕτω
1517 1627 1740 1698 θορυϐεῖ
1764 1625 1867 1695 ψυ-

261 1724 390 1791 χὴν,
423 1720 527 1772 κᾶν
558 1719 652 1771 ἐπὶ
693 1715 951 1787 χρησίμῳ
979 1714 1086 1782 τινὶ
1121 1713 1364 1781 γίνηται,
1409 1711 1486 1773 ὼς
1519 1709 1866 1776 καινοτομεῖν

261 1820 314 1854 τι
352 1803 448 1854 καὶ
478 1801 728 1866 ξενίζειν,
753 1801 848 1854 καὶ
887 1799 1122 1867 μάλιστα
1151 1796 1280 1848 ὅταν
1316 1795 1444 1864 περὶ
1483 1792 1741 1862 λατρείας
1767 1791 1865 1844 καὶ

261 1884 521 1954 περὶτῆς
547 1884 642 1935 τοῦ
673 1882 813 1936 Θεοῦ
839 1882 997 1947 δόξης
1019 1879 1179 1932 τοῦτο
1205 1879 1448 1947 γίνηται.
1479 1877 1591 1929 Kal
1616 1876 1715 1945 ὅση
1737 1873 1862 1926 τού-

257 1985 356 2020 του
397 1966 491 2019 τοῦ
534 1966 861 2037 πράγματος
899 1969 934 2034 ἡ
981 1964 1155 2032 ἰσχὺς,
1214 1961 1317 2030 ἥδη
1362 1960 1576 2030 ποιήσω
1605 1955 1859 2027 φανερὸν,

259 2050 534 2119 πρότερον
561 2051 736 2100 ἐκεῖνο
760 2047 952 2110 εἰπὼν,
977 2047 1058 2098 ὅτι
1084 2044 1178 2097 καὶ
1213 2043 1380 2112 ἑτέρα
1411 2039 1672 2093 δυσκολία
1693 2057 1862 2110 προσ-

256 2134 329 2202 ῆν
367 2134 508 2202 πρὸς
544 2125 850 2191 Ἰουδαίους.
899 2129 1023 2180 Ἐπὶ
1060 2126 1161 2195 μὲν
1185 2126 1293 2194 γάρ
1321 2123 1430 2176 τῶν
1469 2122 1741 2193 Ἐλλήνων
1768 2125 1862 2176 καὶ

256 2218 388 2276 τοῦς
421 2215 582 2275 θεοὺς
616 2215 711 2264 καὶ
737 2212 808 2265 τά
833 2212 1080 2281 δόγματα
1116 2208 1298 2262 αὐτῶν
1323 2205 1590 2260 κατέλυον
1618 2207 1856 2269 ἅπαντα,

268 2298 553 2359 Ἰουδαίοις
599 2296 656 2348 δὲ
703 2299 799 2367 οὐχ
833 2294 976 2348 οὕτω
1015 2293 1321 2361 διελέγοντο
1348 2309 1362 2322 ο
1412 2290 1551 2343 ἀλλά
1596 2291 1708 2343 τῶν
1759 2290 1860 2360 μὲν

253 2381 552 2450 δογμάτων
592 2379 763 2431 πολλὰ
804 2379 1028 2442 ἔπαυον,
1062 2376 1152 2429 τὸν
1179 2375 1234 2427 δὲ
1262 2374 1399 2428 Θεὸν
1434 2373 1526 2426 τὸν
1559 2373 1860 2443 νομοθετή-

256 2482 432 2519 σαντα
462 2467 787 2534 προσκυνεῖν
817 2464 1068 2516 ἐκέλευον
1091 2479 1102 2491 ·
1133 2460 1226 2514 καὶ
1252 2459 1524 2528 λέγοντες,
1549 2459 1630 2511 ὅτι
1659 2458 1742 2511 δεῖ
1769 2457 1859 2510 Οε-

259 2549 531 2618 ραπεύειν
562 2547 654 2600 τὸν
688 2547 989 2616 νομοθέτην
1011 2588 1024 2611 ,
1060 2543 1246 2612 ἔλεγον
1273 2560 1287 2574 ·
1331 2543 1424 2614 Μὴ
1460 2543 1634 2596 πάντα
1667 2541 1858 2596 πείθου

253 2631 334 2700 τῷ
360 2631 518 2701 νόμῳ
541 2629 621 2698 τῷ
658 2630 787 2699 παρ’
817 2629 1025 2681 ἐκείνου
1055 2627 1288 2688 τεθέντι,
1315 2621 1426 2678 οἷον
1452 2627 1510 2678 ἐν
1548 2623 1628 2694 τῷ
1659 2623 1860 2693 φυλάτ-

253 2729 372 2765 τειν
394 2715 459 2764 τὸ
490 2711 760 2765 σάϐϐατον
787 2713 818 2779 ἥ
849 2710 1151 2779 περιτομὴν
1178 2711 1368 2779 τηρεῖν
1398 2708 1431 2776 ἢ
1467 2708 1659 2769 θυσίας
1692 2724 1861 2778 προσ-

256 2796 416 2861 άγειν
443 2795 477 2863 ἢ
514 2793 644 2848 ἄλλο
665 2810 716 2845 τι
749 2793 860 2844 τῶν
891 2791 1149 2844 τοιούτων
1172 2792 1369 2842 ποιεῖν.
1413 2790 1576 2840 Ὥστε
1609 2788 1669 2840 οὐ
1699 2790 1860 2858 μόνον

253 2881 288 2947 ἡ
321 2876 489 2930 θυσία
522 2877 780 2941 ἐμπόδιον
819 2870 908 2946 ἦν,
942 2873 1079 2926 ἀλλά
1107 2871 1202 2924 καὶ
1234 2871 1296 2924 τὸ
1338 2871 1430 2923 τὸν
1456 2870 1590 2924 Θεὸν
1615 2888 1857 2941 προσκυ-

253 2963 368 3014 νεῖν
400 2960 522 3033 [60]
546 2959 871 3023 κελεύοντας
895 2998 910 3022 ,
944 2957 1172 3018 πολλοὺς
1201 2957 1310 3008 τῶν
1345 2956 1558 3008 ἐκείνου
1585 2955 1733 3007 λύειν
1769 2973 1860 3008 κε-

256 3044 439 3097 λεύειν
469 3044 688 3115 νόμους.
705 3043 831 3096 Ἐπὶ
857 3042 916 3094 δέ
933 3041 1042 3094 τῶν
1074 3040 1346 3110 Ἑλλήνων
1370 3038 1583 3110 μεγάλη
1605 3039 1703 3108 τῆς
1728 3056 1858 3091 συν-

256 3127 455 3196 ηθείας
485 3123 555 3195 ἦν
593 3129 626 3196 ἡ
661 3126 942 3196 τυραννίς.

327 3210 397 3275 ζ’.
428 3212 543 3264 Kal
573 3211 682 3281 γάρ
703 3211 751 3262 εί
772 3211 866 3262 καὶ
889 3210 1022 3264 δέκα
1039 3208 1177 3261 ἑτῶν
1208 3205 1389 3278 μόνον,
1415 3204 1477 3257 οὐ
1500 3204 1644 3272 λέγω
1664 3203 1858 3275 χρόνου

254 3293 524 3346 τοσούτου
543 3333 558 3358 ,
589 3295 682 3346 καὶ
716 3294 766 3345 εἰ
800 3290 1104 3362 ἀνθρώπων
1145 3290 1363 3358 ὀλίγων,
1387 3289 1448 3340 οὐ
1478 3287 1624 3356 λέγω
1654 3288 1749 3356 τῆς
1781 3288 1860 3339 οί-

256 3381 537 3452 κουμένης
561 3381 803 3451 ἀπάσης,
831 3381 937 3434 ὐπὸ
968 3378 1258 3450 συνηθείας
1291 3373 1858 3448 προκατειλημμένων

256 3464 502 3535 ἐπῆλθον
531 3458 698 3528 οὗτοι,
735 3465 830 3517 καὶ
863 3463 1007 3516 οὕτω
1033 3461 1291 3524 δύσκολος
1316 3457 1383 3531 ἦν
1415 3461 1447 3530 ή
1483 3457 1817 3528 μετάστασις
1841 3474 1854 3487 ο

255 3550 377 3601 νυνὶ
421 3548 482 3601 οὲ
522 3547 618 3601 καὶ
648 3545 904 3616 σοφισταὶ
943 3544 1038 3600 καὶ
1082 3545 1313 3616 ῥήτορες
1349 3543 1447 3596 καὶ
1487 3542 1730 3612 πατέρες
1765 3541 1859 3594 καὶ

255 3631 481 3684 πάπποι
511 3633 606 3685 καὶ
641 3632 974 3696 ἐπίπαπποι,
1002 3633 1097 3683 καὶ
1124 3629 1310 3682 πολλοὶ
1339 3627 1449 3681 τῶν
1477 3626 1686 3682 τούτων
1716 3630 1858 3681 ἀνω-

257 3714 423 3785 τέρω,
455 3718 524 3783 τῇ
560 3715 740 3784 πλάνῃ
772 3710 912 3784 ἦσαν
938 3711 1502 3784 προκατειλημμένοι,
1531 3715 1627 3764 καὶ
1657 3712 1729 3782 γῆ
1764 3713 1859 3765 καὶ

258 3796 506 3851 θάλαττα
539 3798 633 3848 καὶ
654 3797 756 3866 δρη
788 3797 884 3850 καὶ
914 3795 1105 3858 νάπαι,
1142 3795 1237 3848 καὶ
1265 3795 1556 3866 βαρϐάρων
1586 3796 1761 3847 πάντα
1789 3794 1860 3847 τά

258 3881 394 3952 γένη
422 3879 521 3934 καὶ
562 3879 832 3952 Ἑλλήνων
855 3879 1017 3950 δῆμοι
1040 3879 1262 3942 πάντες,
1289 3880 1385 3932 καὶ
1412 3880 1568 3946 σοφοὶ
1597 3880 1689 3932 καὶ
1716 3880 1858 3932 ἰδιῶ-

255 3981 372 4028 ται,
400 3965 503 4018 καὶ
534 3966 795 4034 άρχοντες
823 3965 916 4017 καὶ
948 3964 1244 4035 ἀρχόμενοι
1264 4003 1279 4028 ,
1324 3963 1418 4015 καὶ
1468 3966 1724 4030 γυναῖκες
1765 3966 1857 4017 καὶ

255 4049 488 4120 ἄνδρες,
533 4050 630 4100 καὶ
657 4049 770 4100 νέοι
798 4048 896 4100 καὶ
924 4047 1201 4118 γέροντες,
1234 4047 1326 4100 καὶ
1364 4046 1622 4099 δεσπόται
1655 4049 1748 4100 καὶ
1779 4049 1856 4100 οἰ-

258 4133 440 4196 κέται,
465 4131 565 4183 καὶ
594 4131 823 4200 γηπόνοι
852 4133 947 4183 καὶ
969 4129 1318 4198 δημιούργοὶ,
1345 4131 1438 4182 καὶ
1467 4130 1516 4182 οί
1545 4131 1641 4193 τὰς
1670 4131 1855 4192 πόλεις

259 4215 357 4267 καὶ
393 4217 445 4266 οί
478 4213 579 4275 τάς
614 4212 799 4284 χώρας
834 4212 1110 4274 οἰκοῦντες
1151 4213 1409 4274 ἅπαντες.
1460 4212 1570 4263 Kal
1601 4213 1748 4274 εἰκὸς
1786 4207 1854 4281 ἦν

257 4297 388 4357 τοὺς
422 4296 866 4364 κατηχουμένους
887 4293 1088 4360 λέγειν·
1114 4293 1179 4344 Τί
1203 4310 1334 4345 ποτε
1360 4292 1520 4345 τοῦτό
1545 4295 1660 4345 ἐστι
1682 4311 1696 4357 ;
1723 4295 1855 4346 πάν·

256 4395 350 4440 τες
378 4377 430 4429 οἱ
459 4375 561 4445 τὴν
594 4376 920 4445 οἰκουμένην
955 4373 1232 4437 οἰκοῦντες
1263 4373 1596 4444 ὴπάτηνται,
1633 4376 1730 4427 καὶ
1764 4392 1855 4427 σο-

256 4461 451 4530 φισταὶ
497 4458 592 4511 καὶ
615 4459 846 4530 ῥήτορες
865 4498 880 4521 ,
909 4458 1005 4510 καὶ
1035 4456 1314 4526 φιλόσοφοι
1349 4458 1446 4510 καὶ
1477 4461 1815 4528 συγγραφεῖς
1834 4499 1850 4522 ,

254 4545 312 4596 οῖ
341 4561 401 4596 τε
433 4541 705 4613 παρόντες
734 4542 788 4595 οἶ
817 4558 878 4593 τε
916 4541 1024 4612 πρὸ
1050 4539 1246 4593 τούτου
1277 4540 1560 4611 γενῦμενοι
1580 4581 1595 4604 ,
1637 4543 1686 4595 οί
1722 4544 1852 4615 περὶ

255 4627 592 4696 Πυθαγόραν
625 4624 721 4677 καὶ
748 4623 1045 4690 Πλάτωνα,
1073 4622 1171 4676 καὶ
1197 4623 1498 4694 στρατηγοὶ
1528 4627 1622 4678 καὶ
1654 4625 1852 4683 ’ύπατοι

253 4711 354 4764 καὶ
400 4709 666 4780 βασιλεῖς,
699 4708 795 4761 καὶ
818 4710 866 4761 οί
900 4708 1012 4760 τῶν
1051 4705 1265 4760 πόλεων
1312 4707 1371 4773 ἐξ
1413 4708 1590 4779 ἀρχῆς
1633 4709 1853 4766 πολῖται

254 4795 353 4848 καὶ
375 4793 639 4859 οίκισταὶ,
666 4793 762 4846 καὶ
793 4791 1062 4865 βάρϐαροι
1094 4791 1191 4845 καὶ
1221 4789 1516 4862 ’Έλληνεςς
1551 4795 1646 4847 καὶ
1672 4796 1722 4850 οί
1747 4795 1852 4850 δώ-

252 4877 389 4931 δεκα
439 4877 612 4939 άλιεῖς
663 4877 760 4930 καὶ
817 4876 1135 4948 σκηνοποιοὶ
1189 4875 1281 4928 καὶ
1338 4875 1569 4929 τελῶναι
1630 4879 1852 4934 πάντων

252 4961 486 5014 ἐκείνων
511 4961 622 5013 εἰσὶ
652 4957 984 5030 σοφώτερος
1010 4957 1106 5010 καὶ⁵
1129 4956 1214 5022 τίς
1241 4957 1309 5009 ἂν
1338 4956 1511 5011 ταῦτα
1537 4959 1847 5030 ἀνάσχοιτος

265 5041 408 5113 ’ᾼλλ’
454 5042 606 5110 ὅμως
647 5041 748 5094 οὐκ
784 5037 938 5094 εἷπον
975 5037 1150 5093 ταῦτα
1174 5079 1188 5102 ,
1222 5039 1323 5091 οὐκ
1372 5041 1700 5112 ἐνενόησαν,
1732 5042 1849 5096 ἀλλ’

253 5124 575 5192 ἠνέσχοντο,
599 5124 693 5177 καὶ⁵
718 5124 963 5192 ἔγνωσαν
984 5123 1065 5176 ὅτι
1106 5122 1324 5175 πάντων
1350 5117 1490 5192 ἦσαν
1522 5123 1843 5196 σοφώτερον

249 5207 335 5260 διὸ
368 5205 468 5258 καὶ
495 5205 713 5257 πάντων
742 5207 1077 5276 ἐκράτησαν.
1113 5204 1223 5258 Kal
1252 5204 1338 5258 ἵνα
1368 5203 1548 5274 μάθῃς
1570 5206 1714 5273 πόση
1747 5207 1847 5276 τῆς

254 5288 548 5361 συνηθείας
574 5287 722 5340 ἐστὶν
741 5289 775 5356 ἡ
799 5289 973 5360 ίσχύς,
995 5289 1106 5343 τῶν
1127 5287 1222 5342 τοῦ
1244 5286 1378 5341 Θεοῦ
1403 5288 1848 5358 προσταγμάτων

252 5374 521 5437 πολλάκις
565 5369 862 5441 ἐκράτησε.
910 5372 1022 5425 Kal
1054 5371 1108 5425 τί
1147 5371 1311 5439 λέγω,
1368 5374 1844 5443 προσταγμάτων;

251 5458 438 5512 αὐτῶν
475 5457 576 5524 μὲν
606 5450 700 5507 οὖν
730 5451 839 5505 τῶν
868 5453 1224 5523 εὐεργεσιῶν.
1253 5455 1360 5507 Kal
1390 5455 1498 5524 γάρ
1520 5455 1571 5506 οἱ
1605 5453 1846 5512 Ἰουδαῖοι

256 5543 438 5610 μάννα
485 5539 738 5608 ἔχοντες,
787 5535 1018 5606 σκόροδα
1070 5538 1335 5608 ἐζήτουν,
1387 5538 1484 5591 καὶ
1529 5537 1841 5610 ἐλευθερίας

252 5622 648 5687 ἀπολαύοντες,
674 5622 777 5692 τῆς
798 5617 1043 5682 δουλείας
1072 5621 1381 5692 ἐμέμνηντο
1399 5661 1413 5685 ,
1443 5622 1539 5674 καὶ
1567 5621 1844 5690 Αἴγυπτον

255 5703 500 5773 συνεχῶς
549 5703 851 5776 ἐπεζήτουν
908 5701 996 5755 διὰ
1047 5702 1148 5773 τὴν
1202 5706 1513 5781 συνήθειαν.
1567 5706 1756 5770 Οὕτως
1808 5711 1844 5781 ἡ

256 5789 518 5861 συνήθεια
538 5790 892 5860 τυραννικόνί
930 5786 992 5840 El
1016 5787 1071 5840 δὲ
1099 5786 1276 5856 βούλει
1303 5791 1395 5842 καὶ
1417 5793 1479 5843 ἐκ
1502 5778 1611 5843 τῶν
1641 5778 1840 5856 ἔξωθεν

252 5875 430 5946 αὐτὴν
471 5873 682 5945 μαθεῖν,
721 5874 939 5942 λέγεται
984 5872 1230 5935 Πλάτων,
1267 5873 1445 5927 καίτοι
1487 5892 1551 5943 γε
1599 5875 1841 5946 ἀκριϐῶς

255 5959 416 6020 εἰδὼς
443 5960 524 6012 ὅτι
560 5957 737 6029 πλάνη
771 5975 848 6022 τις
881 5949 950 6023 ἦν
977 5955 1049 6012 τά,
1075 5956 1204 6027 περί
1234 5955 1403 6025 θεῶν,
1449 5957 1542 6010 καὶ
1569 5961 1685 6023 ταῖς
1716 5962 1838 6032 ἑορι

1978 469 2100 534 ταῖς
2140 471 2235 554 καὶ
2276 474 2391 538 τοῖς
2430 474 2614 541 ἄλλοις
2666 477 2843 532 ἅπασι
2889 484 3301 554 συγκαταϐῆναι
3325 527 3337 549 ,
3384 485 3478 539 ἅτε
3510 487 3575 539 οὐ

1980 553 2290 638 κατισχύων
2324 559 2585 630 συνηθείᾳ
2614 561 2946 634 πολεμῆσαι,
2987 569 3082 618 καὶ
3111 553 3260 638 ἔργῳ
3296 570 3445 638 παρᾶ
3475 569 3573 623 τοῦ

1979 633 2304 691 διδασκάλου
2330 641 2492 695 τοῦτο
2519 644 2729 712 μαθών.
2761 633 2871 700 Καὶ
2898 649 3010 718 γὰρ
3031 633 3576 715 οὗτοςύποπτευθεὶς

1978 718 2072 770 ἐπὶ
2117 725 2445 804 καινοτομίᾳ
2488 728 2596 780 τινὶ
2642 728 2904 802 τοιαύτῃ,
2948 732 3202 784 τοσοῦτον
3238 734 3444 804 ἀπέσχε
3477 735 3573 787 τοῦ

1977 802 2327 885 κατορθῶσαι
2356 808 2493 878 ὅπερ
2519 810 2794 876 ἐϐούλετο,
2817 815 2900 866 ὅτι
2926 817 3019 868 καλ⁹
3056 814 3151 867 τοῦ
3185 817 3283 885 ζῇν
3316 802 3573 879 ἐξέπεσε,

1978 883 2073 967 καί
2091 885 2267 939 ταῦτα
2285 889 2794 964 ἀπολογησάμενος.
2816 898 3024 960 Πόσους
3043 897 3099 950 δέ
3119 899 3213 950 καὶ
3226 883 3328 949 νῦν
3350 896 3572 967 ὁρῶμεν

1975 965 2299 1036 ἀνθρώπους
2323 973 2433 1026 ἀπὸ
2460 976 2782 1049 προλήψεως
2808 979 3209 1048 κατεχομένους
3237 982 3293 1032 ἐν
3319 965 3568 1050 ἀσεϐείᾳ,

1973 1050 2067 1101 καὶ
2098 1051 2322 1119 εὔλογον
2354 1056 2453 1124 μὲν
2485 1059 2638 1113 οὐδὲν
2669 1061 2895 1131 ἔχοντας
2919 1063 3369 1127 είπεῖν,ἐπειδάν
3396 1065 3568 1130 ἐγκα-

1971 1131 2148 1186 λοῖντο
2177 1135 2441 1204 Ἕλληνες
2477 1141 2651 1206 ὄντες,
2689 1145 2935 1213 πατέρας
2963 1145 3021 1196 δέ
3053 1145 3148 1197 καὶ
3179 1146 3440 1208 πάππους
3477 1145 3570 1198 καὶ

1973 1216 2332 1284 ἐπιπάππους
2361 1223 2865 1294 προϐαλλομένουςς
2900 1228 2996 1279 Διά
3019 1226 3084 1296 δὴ
3115 1227 3274 1280 τοῦτο
3301 1229 3396 1279 καί
3423 1233 3571 1292 τινες

1971 1299 2082 1350 τῶν
2111 1299 2330 1367 ἔξωθεν,
2357 1304 2621 1376 δευτέραν
2651 1307 2813 1375 φύσιν
2834 1308 2931 1378 τὴν
2957 1309 3248 1378 συνήθειαν
3275 1310 3566 1363 ἐκάλεσαν.

1976 1382 2142 1435 Ὅταν
2170 1383 2226 1435 δὲ
2259 1388 2352 1438 καὶ
2386 1390 2444 1440 ἐν
2488 1389 2754 1459 δόγμασιν
2791 1394 2823 1461 ἡ
2857 1393 3114 1462 συνήθεια
3147 1389 3204 1464 ᾗ,
3243 1392 3567 1461 βεϐαιοτέρα

1971 1465 2203 1532 γίνεται·
2238 1469 2416 1522 πάντα
2450 1471 2561 1540 γάρ
2584 1489 2670 1535 τις
2697 1474 3068 1545 εὐκολώτερον
3096 1475 3402 1544 ἀμείψειεν.
3430 1475 3463 1545 ἦ
3498 1474 3568 1526 τὰ

1972 1548 2103 1616 περὶ
2154 1550 2475 1620 θρησκείας.
2510 1556 2622 1608 Kal
2659 1557 2720 1609 τὸ
2768 1558 3120 1628 αἰσχύνεσθαι
3165 1558 3221 1609 δὲ
3274 1556 3414 1627 μετά
3465 1557 3567 1626 τῆς

1972 1629 2266 1698 συνηθείας
2318 1636 2505 1688 ἱκανὸν
2557 1634 2623 1708 ἦν
2658 1641 2953 1709 ἐμποδίσαι
2981 1682 2996 1704 ,
3030 1641 3127 1694 xal
3170 1641 3233 1692 τὸ
3276 1640 3453 1693 δοκεῖν
3507 1641 3567 1692 ἐν

1970 1711 2183 1782 ἐσχάτῳ
2206 1716 2354 1784 γήρᾳ
2405 1721 2765 1789 μεταμαθεῖν,
2817 1724 2914 1775 καὶ
2949 1723 3102 1792 παρά
3145 1723 3252 1776 τῶν
3291 1724 3566 1776 ἀσυνετώ-

1967 1795 2162 1866 τέρων.
2197 1800 2307 1851 Kal
2347 1800 2399 1851 τί
2434 1801 2773 1871 θαυμάζεις,
2801 1806 2849 1856 εί
2884 1806 2979 1858 ἐπὶ
3008 1807 3188 1877 ψυχῆς
3215 1806 3392 1859 ταῦτα
3427 1823 3567 1874 συμ-

1970 1878 2166 1943 ϐαίνει,
2200 1881 2334 1934 ὅπου
2369 1901 2433 1952 γε
2461 1886 2555 1938 καὶ
2593 1888 2686 1940 ἐπὶ
2720 1887 2973 1957 σώματος
3008 1889 3122 1960 [61]
3161 1889 3405 1959 μεγάλην
3447 1889 3563 1957 ἔχει

1969 1960 2068 2031 τὴν
2102 1963 2258 2032 ἰσχὺν
2301 1966 2334 2036 ἡ
2378 1968 2662 2038 συνήθεια;
2707 1969 2833 2022 Ἐπὶ
2879 1971 2936 2023 δὲ
2967 1972 3074 2024 τῶν
3110 1971 3430 2024 ἀποστόλων
3467 1969 3565 2022 καὶ

1968 2043 2155 2115 ἕτερον
2177 2043 2244 2116 ἦν
2268 2048 2641 2122 δυνατώτερον
2669 2054 2873 2108 τούτων
2901 2055 3237 2124 ἐμπόδισμα,
3265 2053 3326 2104 τὸ
3356 2052 3430 2122 μὴ
3462 2052 3562 2120 μό-

1967 2144 2056 2178 νον
2095 2131 2390 2199 συνήθειαν
2429 2135 2680 2203 ἀμείϐειν
2719 2136 2860 2190 οὕτω
2900 2139 3139 2191 παλαιὰν
3173 2139 3266 2190 καὶ
3301 2137 3561 2208 ἀρχαίαν,

1966 2209 2102 2262 ἀλλά
2137 2213 2230 2264 καὶ
2262 2215 2404 2281 μετά
2435 2217 2698 2270 κινδύνων
2746 2220 2846 2288 τὴν
2881 2222 3219 2289 μετάστασιν
3261 2220 3560 2273 ποιεῖσθαι.

1966 2291 2041 2343 υύ
2072 2292 2179 2361 γὰρ
2219 2296 2410 2359 ἁπλῶς
2441 2299 2550 2350 ἀπὸ
2585 2300 2876 2369 συνηθείας
2910 2304 2989 2364 είς
3022 2302 3311 2364 συνήθειαν
3341 2296 3558 2366 εἷλκον,

1965 2373 2080 2426 ἀλλ’
2130 2376 2239 2428 άπὸ
2281 2379 2570 2449 συνηθείας
2612 2383 2796 2435 ἄδειαν
2845 2385 3079 2456 ἐχούσης
3126 2385 3205 2447 είς
3252 2385 3559 2453 πράγματα

1965 2457 2245 2522 κινδύνους
2273 2461 2667 2517 ἀποτελοῦντα.
2702 2465 2805 2520 Τὸν
2831 2467 2940 2537 γὰρ
2972 2467 3299 2520 πιστεύοντα
3328 2466 3434 2518 ἔδει
3465 2466 3557 2518 εὐ·

1967 2541 2105 2604 θέως
2139 2540 2502 2612 δημεύεσθαι,
2545 2547 2887 2614 ἐλαύνεσθαι,
2935 2551 3193 2622 πατρίδος
3233 2552 3558 2614 ἐκπίπτειν,

1963 2623 2034 2677 τὰ
2065 2623 2272 2694 ἔσχατα
2319 2628 2550 2697 πάσχειν
2579 2630 2759 2694 δεινά,
2792 2633 2944 2702 παρά
2979 2635 3200 2687 πάντων
3242 2632 3558 2704 μισεῖσθαι,

1965 2707 2144 2761 κοινὸν
2164 2705 2304 2762 εἶναι
2326 2711 2586 2780 πολέμιον
2613 2713 2707 2765 καὶ
2733 2712 2881 2776 ἰδίοις
2911 2714 3004 2766 καὶ
3035 2715 3363 2784 ἀλλοτρίοις.
3391 2715 3557 2764 Ὥστε

1963 2791 2012 2841 εἰ
2043 2793 2138 2843 καὶ
2172 2793 2265 2844 ἐπὶ
2304 2797 2593 2864 συνήθειαν
2636 2796 2868 2851 ἐκάλουν
2898 2798 3006 2852 ἀπὸ
3027 2798 3422 2868 καινοτομίας,
3462 2797 3559 2849 καὶ

1961 2870 2107 2924 οὕτω
2127 2872 2387 2927 δύσκολον
2415 2877 2477 2928 τὸ
2503 2881 2738 2948 πρᾶγμα
2757 2876 2826 2951 ἦν
2848 2897 2860 2910 ·
2883 2883 3019 2934 ὃπου
3049 2882 3106 2934 δὲ
3137 2881 3243 2934 ἀπὸ
3269 2879 3560 2948 συνηθείας

1963 2957 2056 3009 ἐπὶ
2078 2959 2462 3027 καινοτομίαν,
2489 2963 2585 3014 καὶ
2609 2962 2786 3015 ταῦτα
2816 2966 3027 3033 προσῆν
3057 2966 3127 3017 τά
3154 2967 3324 3029 δεινὰ,
3367 2965 3559 3034 ἐννόη-

1965 3059 2057 3095 σον
2089 3043 2256 3097 πόσον
2287 3040 2356 3116 ἦν
2386 3044 2445 3098 τὸ
2487 3047 2824 3116 ἐμπόδισμα.
2875 3047 2985 3100 Kal
3017 3049 3126 3100 τῶν
3155 3049 3467 3118 εἰρημένων
3502 3047 3559 3097 δὲ

1963 3126 2128 3179 πάλιν
2178 3128 2366 3199 ἕτερον
2411 3129 2516 3184 οὐκ
2573 3130 2795 3184 ἔλαττον
2854 3131 3182 3202 προσέκειτο
3238 3129 3448 3192 τούτοις
3496 3128 3560 3180 τὸ

1963 3210 2156 3293 ποιοῦν
2205 3212 2466 3266 δύσκολον
2523 3213 2622 3285 τὴν
2680 3216 3039 3284 μετάστασιν.
3089 3215 3244 3269 Μετὰ
3297 3215 3405 3286 γὰρ
3459 3214 3560 3282 τῆς

1965 3293 2257 3366 συνηθείας
2303 3295 2398 3349 καὶ
2448 3295 2556 3349 τῶν
2603 3296 2886 3361 κινδύνων,
2952 3302 3047 3350 καὶ
3097 3297 3272 3350 ταῦτα
3321 3298 3393 3350 τά
3442 3299 3561 3350 ἐπι-

1962 3379 2220 3450 τάγματα
2247 3379 2630 3453 φορτικάντερα
2672 3376 2741 3452 ἦν
2761 3423 2776 3447 ,
2811 3382 2907 3435 καὶ
2933 3376 3009 3435 ὧν
3036 3382 3270 3451 ἀπῆγον,
3306 3381 3466 3452 ρᾴδιά
3497 3399 3559 3434 τε

1964 3462 2059 3514 καὶ
2107 3461 2327 3518 εὔκολα.
2401 3463 2534 3516 Ἀπὸ
2580 3464 2689 3535 γὰρ
2743 3465 3003 3535 πορνείας
3054 3466 3146 3519 ἐπὶ
3199 3464 3559 3537 σωφροσύνην

1963 3544 2214 3611 ἐκάλουν,
2255 3547 2365 3600 ἀπὸ
2398 3547 2569 3619 μέθης
2599 3548 2693 3600 ἐπὶ
2729 3549 3018 3618 νηστείαν,
3052 3548 3163 3602 ἀπὸ
3194 3549 3431 3617 γέλωτος
3465 3551 3560 3602 ἐπὶ

1961 3626 2174 3698 δάκρυα
2208 3630 2302 3682 καὶ
2334 3630 2648 3694 κατάνυξιν,
2688 3631 2797 3685 ἀπὸ
2834 3631 3145 3696 πλεονεξίας
3185 3633 3278 3685 ἐπὶ
3310 3634 3558 3703 ἀκτημοσ

1961 3710 2152 3782 σύνην,
2181 3713 2290 3766 ἀπὸ
2326 3714 2626 3783 φιλοζωῖας
2658 3716 2750 3768 ἐπὶ
2786 3715 3072 3781 θανάτους,
3111 3716 3220 3769 ἀπὸ
3251 3715 3439 3780 ἀδείας
3463 3715 3559 3769 ἐπὶ

1964 3795 2276 3859 κινδύνους·
2327 3799 2421 3849 καὶ
2466 3799 2563 3867 τὴν
2616 3799 2855 3868 ἐσχάτην
2891 3799 2978 3851 διά
3039 3801 3256 3854 πάντων
3309 3799 3557 3871 ἀπῄτουν

1961 3879 2247 3950 ἀκρίϐειαν
2270 3897 2284 3910 ·
2339 3883 2679 3949 Λίσχρότης
2710 3883 2839 3951 γὰρ,
2876 3884 3010 3951 φησὶ
3031 3923 3044 3944 ,
3091 3883 3188 3936 καὶ
3213 3883 3558 3952 μωρολογία

1962 3963 2058 4017 καί
2090 3966 2453 4031 εὐτραπελία
2464 3965 2551 4034 μὴ
2574 3966 2994 4033 ἐκπορευέσθω
3017 3967 3087 4019 ἐκ
3117 3965 3226 4021 τοῦ
3254 3968 3557 4034 στόματος

1960 4045 2149 4115 ὑμῶν.
2183 4049 2292 4100 Kal
2326 4048 2500 4101 ταῦτα
2531 4050 2719 4116 ἔλεγον
2751 4051 2864 4112 τοῖς
2904 4049 3058 4101 οὐδὲν
3103 4048 3234 4103 ἄλλο
3265 4049 3486 4111 είδόσιν,
3517 4048 3552 4118 ἢ

1964 4127 2185 4196 μεθύειν
2214 4131 2310 4180 καὶ
2349 4130 2766 4200 γαστρίζεσθαι,
2812 4133 2927 4194 τοῖς
2969 4131 3162 4198 ἑορτάς
3209 4130 3555 4184 ἐπιτελοῦσιν

1959 4207 2256 4277 οὐδαμόθεν
2295 4208 2533 4261 ἄλλοθεν
2578 4213 2926 4274 συνεστώσας
2969 4213 3001 4282 ἢ
3043 4212 3150 4264 ἀπὸ
3190 4213 3553 4279 αίσχρότητος

1960 4291 2056 4342 καὶ
2091 4290 2325 4359 γέλωτος
2374 4293 2463 4344 καὶ
2504 4292 2800 4362 κωμῳδίας
2848 4293 3089 4363 ἀπάσης.
3141 4293 3305 4344 Ὥστε
3362 4293 3424 4346 οὐ
3472 4292 3553 4365 τῷ

1958 4373 2250 4443 φιλοσοφία
2294 4370 2436 4429 εἶναι
2465 4375 2534 4428 τὰ
2567 4377 2874 4447 πράγματα
2895 4417 2910 4441 ,
2943 4376 3176 4448 φορτικά
3202 4370 3271 4449 ἦν
3300 4375 3368 4430 τὰ
3398 4376 3553 4447 λεγό-

1961 4474 2099 4528 μενα
2145 4457 2342 4530 μόνον,
2392 4461 2531 4515 ἀλλὰ
2564 4462 2658 4515 καὶ
2696 4461 2774 4532 τῷ
2832 4459 3144 4533 ἀνθρώποις
3189 4461 3448 4529 λέγεσθαι
3492 4463 3553 4514 ἐν

1955 4541 2111 4613 ἀδείᾳ
2149 4547 2407 4614 τραφεῖσι
2452 4547 2548 4600 καὶ
2592 4546 2914 4617 αἰσχρότητι
2967 4546 3059 4599 καὶ
3099 4546 3411 4616 μωρολογία
3456 4545 3551 4596 καὶ

1957 4626 2158 4694 γέλωτι
2187 4628 2281 4682 καὶ
2315 4629 2546 4697 κώμοις.
2576 4627 2673 4690 Τίς
2700 4630 2808 4696 γάρ
2834 4627 2942 4678 τῶν
2984 4628 3043 4676 ἐν
3082 4627 3314 4687 ἐκείνοις
3350 4625 3541 4694 βεϐιω-

1958 4710 2132 4763 κότων
2180 4711 2416 4774 ἀκούων,
2467 4711 2546 4762 ὅτι
2593 4709 2736 4762 Ἐὰν
2760 4707 2846 4774 μή
2887 4725 2978 4773 τις
3026 4706 3139 4776 ἄρῃ
3173 4707 3397 4760 ἑαυτοῦ
3440 4705 3560 4760 τὸν

1956 4793 2253 4858 σταυρὸν,
2305 4791 2404 4843 καὶ
2461 4791 2856 4859 ἀκολουθήσῃ
2910 4808 3032 4860 μοι,
3089 4792 3201 4844 οὐκ
3241 4790 3372 4845 ἔστι
3426 4794 3548 4859 μου

1956 4875 2145 4939 ἄξιος-³
2181 4873 2297 4936 καὶ,
2341 4874 2422 4926 ὄτι
2447 4876 2570 4928 Οὐκ
2618 4870 2810 4944 ἦλθον
2828 4873 3053 4939 βαλεῖν
3079 4874 3353 4944 εἰρήνην,
3382 4875 3548 4930 ἀλλὰ

1947 4955 2271 5025 μάχαιραν,
2295 4956 2390 5010 καί
2416 4956 2662 5026 διχάσαι
2686 4957 3004 5026 ἄνθρωπον
3026 4958 3182 5013 κατὰ
3200 4959 3308 5013 τοῦ
3322 4961 3548 5028 πατρὸς

1953 5041 2165 5109 αὐτοῦ,
2196 5043 2294 5097 καὶ
2327 5043 2623 5112 θυγατέρα
2647 5047 2799 5099 κατὰ
2829 5044 2938 5112 τῆς
2959 5045 3186 5115 μητρὸς
3210 5045 3423 5113 αὐτῆς,
3446 5047 3548 5101 οὐκ

1953 5126 2018 5180 ἂν
2051 5127 2360 5198 ἑνάρκησε;
2393 5128 2488 5191 Τίς
2515 5128 2571 5181 δὲ
2612 5127 2848 5195 ἀκούων,
2877 5130 2962 5181 δτι
3002 5129 3130 5181 Ἐὰν
3167 5131 3244 5199 μή
3286 5146 3370 5190 τις
3409 5130 3545 5182 άποο

1951 5209 2185 5279 τάξηται
2229 5210 2326 5263 καὶ
2365 5210 2514 5281 οἰκία
2557 5213 2652 5265 καὶ
2696 5211 2917 5282 πατρίδι
2959 5211 3052 5264 καὶ
3092 5213 3408 5281 χρήμασιν,
3441 5211 3543 5263 οὐκ

1952 5294 2068 5346 ἔστι
2098 5309 2201 5363 μου
2232 5292 2402 5357 ἄξιος,
2439 5295 2541 5348 οὐκ
2571 5295 2637 5349 ἂν
2666 5293 2913 5364 ὤκνησεν
2934 5333 2949 5356 ,
2981 5293 3082 5344 οὐκ
3119 5291 3185 5345 ἂν
3224 5292 3541 5364 ἀπηγόρευ-

1953 5392 2080 5442 σεν;
2125 5375 2266 5430 Ἀλλ’
2295 5376 2445 5444 ὅμως
2479 5378 2539 5430 οὐ
2571 5377 2734 5448 μόνον
2763 5377 2863 5430 οὐκ
2891 5376 3138 5446 ἐνάρκων
3158 5416 3174 5440 ,
3205 5375 3327 5429 οὐδέ
3355 5376 3541 5429 ἀνεδύ·

1950 5480 2072 5517 οντο
2104 5462 2274 5516 ταῦτα
2301 5461 2615 5525 ἀκούοντες,
2651 5461 2787 5515 ἀλλά
2811 5460 3177 5532 προσέτρεχον
3207 5461 3300 5513 καὶ
3333 5463 3541 5528 ἐπεπή-

1948 5548 2056 5601 δων
2081 5549 2190 5609 τοῖς
2224 5546 2438 5606 δεινοῖς,
2471 5546 2567 5597 καλ⁸
2604 5543 2851 5617 ἥρπαζον
2896 5545 2964 5597 τά
3015 5544 3433 5613 ἐπιττατόμενα.
3464 5543 3538 5595 Τὸ

1948 5631 2006 5683 δὲ
2035 5627 2278 5691 ἀκούειν,
2303 5628 2384 5680 ὅτι
2409 5628 2616 5691 Παντὸς
2655 5629 2902 5698 ῥήματος
2949 5626 3121 5698 ἀργοῦ
3163 5626 3411 5696 δώσομεν
3439 5625 3534 5676 εὐο

1950 5713 2114 5776 θύνας
2132 5724 2178 5751 ι·
2210 5711 2323 5775 καὶ,
2368 5710 2430 5763 '0
2462 5712 2767 5780 ἐμϐλέψας
2791 5712 3027 5779 γυναικὶ
3061 5710 3212 5779 πρὸς
3238 5709 3304 5764 τό
3334 5710 3539 5763 ἐπιθυ-

2011 5969 2025 5992 ³
2050 5971 2309 6034 Legebalur
2334 5970 2481 6026 δίκας.
