4082 6326
482 311 557 369 65
1174 309 1233 368 S.
1275 311 1565 370 JOANNIS
1602 311 1784 369 CIII“
1802 312 2102 371 SOSTOMI
2132 316 2460 376 ARCHIEP.
2503 318 3063 385 CONSTANTINOP.
3727 352 3795 410 οδ

480 422 700 497 μῆσαι,
731 424 847 493 ἤδη
875 424 1236 500 ἐμοίχευσεν
1257 430 1457 502 αὐτὴν
1494 431 1811 501 ὀφθεῖσαν·
1860 431 1978 497 καὶ,
2031 430 2091 486 Ὀ

483 514 767 587 ὀργισθεὶς
807 516 969 588 είκῆ,
1015 520 1095 583 είς
1138 520 1364 590 γέενναν
1397 523 1681 589 πεσεῖται,
1708 522 1832 577 τίνα
1877 521 1982 576 οὐκ
2023 520 2092 575 ἂν

485 606 596 658 τῶν
616 607 736 660 τότε
759 608 1139 682 ἀπεσόϐησεν;
1175 613 1318 666 Ἀλλ’
1338 614 1491 685 ὅμως
1515 615 1729 678 πάντες
1753 615 2086 688 ἐπέδραμον,

488 699 585 749 καὶ
614 697 799 751 πολλοὶ
835 701 930 754 καὶ
975 701 1117 772 ὐπέρ
1155 701 1224 756 τά
1267 704 1574 776 σκάμματα
1610 705 1858 776 ἥλλοντο.
1890 706 1957 760 Τί
1997 701 2093 758 οὖν

489 789 688 854 αὐτοὺς
744 794 1020 862 ἐπήγετο;
1078 794 1179 846 οὐκ
1236 794 1594 869 εὔδηλονιιότι
1628 799 1662 869 ἡ
1705 797 1938 868 δύναμις
1993 796 2091 850 τοῦ

487 882 930 959 κηρυττομένους
964 883 1028 935 Εἰ
1069 883 1179 956 γάρ
1214 884 1289 956 μὴ
1317 886 1476 955 τοῦτο
1511 881 1579 958 ἦν
1601 927 1618 952 ,
1671 887 1990 942 τούναντίον
2035 887 2093 942 δὲ

483 961 576 1038 ἦν,
623 970 825 1022 ἐκεῖνοι
859 970 958 1041 μὲν
987 965 1134 1026 οὗτοι
1154 1013 1168 1037 ,
1200 966 1348 1028 οὗτοι
1378 975 1436 1028 δὲ
1465 971 1610 1047 ἦσαν
1637 977 1862 1042 ἐκεῖνοι,
1899 974 1987 1048 ἆρ’
2025 977 2093 1031 ἂν

487 1058 712 1111 εὔκολον
754 1054 822 1131 ἦν
850 1060 995 1130 ἔχειν
1035 1064 1130 1118 καὶ
1163 1064 1394 1120 ἐλκῦσαι
1427 1066 1556 1130 τοὺς
1601 1068 2092 1138 ἐναντιουμένους;

490 1149 606 1202 Οὐκ
640 1148 786 1203 ἐστιν
821 1152 1023 1208 εἰπεῖν.

553 1272 625 1335 η’.
655 1265 821 1321 Ὥστε
838 1266 926 1323 διά
943 1268 1164 1324 πάντων
1190 1268 1468 1326 δείκνυται
1489 1271 1611 1326 θεία
1629 1273 1872 1344 ¹δύναμις
1890 1269 2026 1328 οὖσα
2052 1276 2088 1346 ή

489 1358 910 1428 κατορθώσασα.
961 1359 1116 1414 Ἐπεὶ
1150 1360 1314 1416 πόθεν
1355 1362 1602 1431 ἔπεισαν,
1645 1366 1770 1418 εἰπέ
1817 1382 1930 1436 μοι,
1961 1354 2092 1429 τοὺς

483 1446 718 1514 χαύνους
747 1447 864 1519 [62]
897 1449 992 1500 καὶ
1021 1451 1147 1513 τοὺς
1179 1449 1561 1523 διαρρέοντας,
1593 1455 1687 1506 ἐπὶ
1729 1454 1822 1507 τὸν
1853 1454 2090 1524 σκληρὸν

482 1537 582 1591 καὶ
622 1539 834 1609 τραχὺν
865 1539 1122 1611 φέροντες
1152 1540 1304 1610 βίον;
1346 1541 1507 1596 Ἀλλά
1537 1546 1606 1596 τὰ
1638 1545 1739 1615 μὲν
1764 1545 2089 1616 παραγγέλ-

487 1647 633 1698 ματα
662 1629 889 1684 τοιαῦτα
907 1647 922 1662 ·
953 1633 1156 1701 ἴδωμεν
1177 1633 1236 1686 δὲ
1265 1636 1479 1705 μήποτε
1505 1634 1565 1688 τὸ
1590 1635 1772 1704 δόγμα
1793 1635 2091 1704 ἐπαγωγὸν

481 1715 572 1790 ἦν.
625 1721 738 1773 Kal
782 1721 890 1792 μὴν
947 1724 1041 1776 καὶ
1091 1723 1251 1778 τοῦτο
1298 1727 1485 1781 ἱκανὸν
1536 1723 1606 1798 ἦν
1639 1728 1768 1791 τοὺς
1822 1729 2092 1791 ἀπίστους

481 1811 851 1882 ἀποσοϐῆσαι.
881 1813 948 1866 Τί
969 1812 1080 1884 7&9
1108 1814 1298 1886 ἔλεγον
1324 1820 1374 1871 οἰ
1401 1818 1812 1890 κηρύσσοντες;
1843 1819 1970 1871 Ὅτι
1995 1816 2091 1870 τὸν

480 1902 904 1976 ἐσταυρωμένον
952 1906 1036 1959 δεῖ
1069 1912 1422 1978 προσκυνεῖν,
1458 1911 1555 1962 καὶ
1591 1909 1783 1962 τοῦτον
1818 1908 1953 1962 Θεὸν
2001 1925 2090 1962 vo-

484 1995 666 2066 μίζειν
687 2037 703 2061 ,
729 1999 824 2050 τὸν
855 2000 920 2051 ἐκ
951 2000 1213 2066 γυναικὸς
1252 2003 1590 2072 γεννηθέντα
1632 2001 1920 2065 Ἰουδαίας.
1974 2001 2090 2054 Kal

480 2084 567 2146 τίς
593 2084 660 2137 ἂν
680 2085 895 2149 τούτοις
923 2085 1176 2159 ἐπείσθη,
1210 2090 1287 2160 μὴ
1315 2091 1470 2155 θείας
1499 2091 1790 2162 δυνάμεως
1813 2109 2088 2164 προηγου-

484 2175 691 2244 μένης;
729 2175 852 2230 Ὅτι
885 2178 984 2247 μὲν
1016 2178 1125 2251 γάρ
1155 2181 1479 2254 ἐσταυρώθη
1511 2181 1608 2236 καὶ
1634 2183 1810 2254 ἐτάφη
1833 2225 1846 2246 ,
1885 2183 2088 2245 πάντες

481 2259 620 2319 εἶδον
639 2284 656 2299 ο
679 2267 761 2322 ὅτι
783 2267 842 2321 δὲ
868 2270 1068 2343 ἀνέστη
1095 2272 1189 2325 καὶ
1213 2273 1435 2344 ἀνῆλθε,
1464 2273 1606 2345 πλὴν
1631 2273 1742 2328 τῶν
1766 2274 2088 2329 ἀποστόλων

479 2357 659 2421 οὐδεὶς
702 2358 989 2413 ἐθεάσατο.
1037 2362 1180 2414 Ἀλλ’
1215 2365 1578 2433 ἐπαγγελίαις
1611 2365 1815 2427 αὐτοὺς
1846 2365 2082 2435 ἐπῆραν,

480 2449 640 2517 φησί,
667 2449 762 2502 καὶ
798 2449 958 2520 ψόφῳ
995 2453 1261 2521 ῥημάτων
1286 2455 1603 2525 ἠπάτησαν.
1637 2455 1812 2510 Τοῦτο
1848 2456 1948 2527 μὲν
1991 2451 2085 2510 οὖν

478 2540 616 2594 αὐτὸ
669 2541 910 2611 μάλιστα
942 2541 1208 2610 δείκνυσι,
1257 2545 1353 2598 καὶ
1397 2547 1571 2618 χωρὶς
1619 2547 1729 2600 τῶν
1774 2546 2087 2618 εἰρημένων

478 2632 761 2697 ἀπάντων,
794 2633 876 2685 ὅτι
905 2633 1005 2686 οὐκ
1047 2633 1196 2687 ἔστιν
1228 2637 1415 2709 ἀπάτη
1446 2638 1520 2691 τὰ
1562 2637 1834 2708 ἡμέτερα.
1867 2637 1949 2689 Τά
1985 2637 2084 2706 μὲν

477 2725 588 2798 γὰρ
611 2726 855 2797 δυσχερῆ
879 2727 1061 2780 πάντα
1085 2728 1338 2780 ἐντεῦθεν
1365 2727 1674 2782 συνέϐαινε·
1703 2727 1772 2781 τὰ
1793 2728 1849 2781 δὲ
1870 2727 2086 2799 χρηστά

482 2818 623 2888 μετά
652 2819 750 2889 τὴν
795 2819 1094 2872 ἀνάστασιν
1145 2820 1587 2888 ἐπαγγείλασθαι
1629 2819 1760 2876 ἔδει.
1807 2821 1949 2874 Αὐτὸ
1984 2821 2083 2892 μὲν

477 2905 574 2962 οὖν
626 2910 786 2962 τοῦτο
833 2908 1020 2978 (πάλιν
1054 2909 1162 2980 γὰρ
1215 2910 1347 2982 ἐρῶ)
1401 2911 1645 2966 δείκνυσι
1703 2911 1847 2966 θεῖον
1899 2912 1960 2967 ὃν
2020 2913 2083 2968 τὸ

479 3001 748 3072 ἡμέτερον
779 3002 1068 3072 κήρυγμα.
1101 3001 1202 3054 Διά
1228 3002 1280 3055 τί
1304 3002 1418 3071 γάρ
1443 3004 1635 3078 μηδεὶς
1660 3004 1772 3063 τῶν
1796 3005 2083 3059 πιστευόν-

478 3111 587 3147 των
605 3089 781 3158 εῐπεν,
804 3094 888 3146 ὅτι
907 3092 983 3145 Οὐ
1013 3093 1272 3164 πρόσειμι
1287 3094 1410 3148 οὐδὲ
1438 3095 1728 3166 ἀνέχομαι·
1754 3095 1824 3149 τά
1839 3095 2081 3168 δυσχερῆ

481 3200 574 3254 μοι
605 3182 842 3235 ἐνταῦθα
869 3182 1136 3249 ἀπειλεῖς,
1168 3185 1262 3239 καὶ
1287 3186 1357 3240 τά
1389 3188 1607 3259 χρηστά
1648 3189 1791 3260 μετά
1816 3190 1915 3260 τὴν
1947 3190 2080 3242 ἀνά-

482 3292 674 3328 στασιν
705 3273 1062 3344 ἐπαγγέλλῃς
1099 3276 1262 3331 πόθεν
1292 3278 1399 3349 γάρ
1439 3279 1620 3351 δῆλον,
1665 3281 1749 3334 ὅτι
1782 3282 2082 3344 ἀνάστασις

479 3366 669 3435 ἐσται;
700 3367 785 3432 τίς
824 3366 933 3420 τῶν
967 3365 1315 3422 ἀπελθόντων
1343 3365 1476 3441 ἦλθε
1503 3388 1518 3438 ;
1552 3373 1636 3436 τίς
1668 3373 1780 3426 τῶν
1810 3373 2081 3444 κειμένων

480 3457 719 3528 ἀνέστη;
747 3458 831 3523 τίς
859 3458 1067 3512 τούτων
1091 3453 1216 3511 εἷπε
1243 3461 1296 3513 τί
1327 3461 1482 3515 ἔσται
1533 3463 1674 3534 μετά
1700 3465 1796 3536 τὴν
1827 3464 2081 3535 ἐντεῦθεν

480 3547 793 3618 ἀποδημίαν
817 3565 834 3615 ;
874 3548 1020 3602 Ἀλλ’
1046 3550 1200 3603 οὐδὲν
1225 3551 1434 3606 τούτων
1464 3555 1566 3609 οὐκ
1590 3557 1909 3627 ἐνενόησαν,
1943 3556 2079 3610 ἀλλά

482 3641 578 3694 καὶ
613 3639 712 3702 τάς
750 3637 932 3708 ψυχὰς
973 3640 1265 3694 ἀπέδωκαν
1315 3643 1457 3716 ὑπὲρ
1505 3645 1601 3698 τοῦ
1644 3648 2078 3720 σταυρωθέντος.

484 3731 648 3785 Ὥστε
677 3728 809 3781 αὐτὸ
836 3727 999 3782 τοῦτο
1031 3729 1270 3800 μάλιστα
1308 3736 1557 3808 μεγάλης
1579 3737 1870 3810 δυνάμεως
1897 3736 1986 3810 ἢν,
2019 3739 2081 3793 τὸ

481 3821 756 3894 μηδέποτε
795 3821 963 3893 μηδὲν
991 3822 1236 3878 τοιοῦτον
1276 3826 1620 3892 ἀκούσαντας
1652 3828 1851 3900 ἀθρόον
1889 3832 2079 3883 πεῖσαι

482 3914 612 3983 περὶ
644 3912 898 3982 μεγάλων
930 3913 1074 3970 οὕτω
1111 3918 1481 3988 πραγμάτων,
1520 3921 1615 3974 καὶ
1653 3921 2078 3993 παρασκευάσαι

478 4003 554 4057 τά
591 4003 691 4073 μὲν
719 4003 958 4076 δυσχερῆ
995 4008 1396 4073 καταδέξασθαι
1423 4012 1518 4064 ἐπὶ
1542 4012 1643 4082 τῆς
1675 4013 1894 4083 πείρας,
1921 4013 1990 4064 τὰ
2021 4010 2079 4065 δέ

479 4096 696 4167 χρηστά
731 4097 790 4151 ἐν
817 4096 1032 4151 ἐλπίσιν
1061 4098 1227 4169 ἐχειν.
1275 4101 1341 4157 Εἰ
1371 4101 1428 4155 δὲ
1477 4105 1726 4173 ἡπάτων,
1761 4105 2078 4159 τούναντίον

477 4187 546 4242 ἂν
585 4189 852 4261 ἐποίησαν
880 4190 1105 4262 μᾶλλον
1147 4188 1215 4245 τὰ
1248 4193 1348 4263 μὲν
1375 4195 1590 4266 χρηστά
1624 4195 1875 4250 ἐντεῦθεν
1902 4199 2080 4266 ἐπηγ-

479 4276 754 4345 γείλαντο,
784 4281 854 4332 τά
881 4280 940 4332 δέ
964 4279 1176 4351 φοϐερὰ
1201 4282 1467 4353 ἐσίγησαν
1496 4284 1584 4346 ἂν,
1613 4283 1707 4336 καὶ
1735 4282 1803 4336 τά
1831 4284 2078 4355 παρόντα

481 4366 577 4419 καὶ
599 4368 670 4419 τά
702 4367 988 4437 μέλλοντα.
1020 4370 1179 4422 Οὕτω
1202 4373 1312 4441 γάρ
1343 4376 1393 4426 οἱ
1426 4375 1748 4437 ἀπατῶντες
1783 4375 1878 4428 καὶ
1904 4375 1954 4427 οἱ
1982 4391 2077 4427 κο-

480 4458 806 4522 λακεύοντες
847 4459 1115 4513 ποιοῦσιν
1144 4460 1306 4515 οὐδὲν
1333 4467 1511 4534 τραχὺ
1538 4466 1660 4517 οὐδὲ
1690 4467 1928 4536 ἐπαχθὲς
1956 4468 2079 4520 οὐδέ

480 4551 741 4623 φορτικὸν
781 4551 1178 4623 προτείνουσιν,
1207 4551 1348 4607 ἀλλά
1374 4553 1690 4608 τούναντίον
1718 4555 1886 4608 άπανο
1919 4555 2080 4637 τοῦτο

478 4640 591 4712 γάρ
621 4641 772 4694 ἐστιν
805 4641 1016 4715 ἀπάτη.
1063 4643 1206 4698 Ἀλλ’
1248 4646 1282 4715 ἠ
1312 4642 1491 4710 ἄνοια,
1521 4643 1678 4716 φησὶ,
1713 4642 1825 4698 τῶν
1865 4643 2079 4698 πολλῶν

481 4729 773 4800 πεισθῆναι
803 4729 1030 4801 ἐποίησε
1061 4734 1175 4795 τοῖς
1206 4733 1546 4805 λεγομένοις.
1582 4735 1648 4787 Τί
1675 4735 1819 4806 φήςς
1851 4734 1940 4788 ὅτε
1972 4732 2080 4788 ὑπὸ

479 4821 746 4894 Ἕλλησιν
790 4816 964 4894 ἦσαν,
1005 4823 1106 4874 οὐκ
1157 4818 1300 4894 ἦσαν
1338 4825 1583 4897 ἀνόητοι,
1637 4827 1754 4880 ἀλλ’
1799 4828 1888 4881 ὅτε
1938 4825 2077 4899 πρὸς

477 4917 629 4988 ἡμᾶς
660 4916 1027 4988 μετέστησαν,
1052 4913 1178 4968 τότε
1207 4915 1429 4987 ἀνόητοι
1461 4919 1720 4986 γεγόνασι
1748 4936 1764 4986 ;
1796 4921 1977 4975 καίτοι
2009 4939 2072 4991 γε

475 5008 581 5062 οὐκ
600 5007 793 5069 ἄλλους
833 5007 1177 5080 ἀνθρώπους,
1201 5005 1324 5060 οὐδέ
1350 5003 1410 5071 ἐξ
1437 5006 1606 5078 ἀλλης
1630 5009 1955 5084 οἰκουμένης
1977 5014 2072 5068 λα-

479 5096 670 5163 ϐάντες
714 5099 941 5153 ἔπεισαν
975 5101 1023 5155 οῖ
1065 5099 1377 5154 ἀπόστολοι.
1409 5099 1606 5154 Καίτοι
1643 5099 1714 5159 τά
1747 5103 1846 5172 μὲν
1881 5106 2072 5178 Ἑλλή.

477 5206 588 5245 νων
626 5189 816 5252 ἁπλῶς
845 5192 1121 5259 κατεῖχον,
1160 5189 1233 5243 τὰ
1265 5190 1323 5244 δὲ
1353 5189 1601 5264 ἡμέτερα
1633 5195 1774 5265 μετά
1807 5197 2071 5252 κινδύνων

478 5281 861 5348 κατεδέξαντοο
907 5278 1051 5333 ὥστε
1088 5281 1139 5333 εἰ
1175 5281 1318 5351 μετά
1363 5283 1523 5353 λόγου
1567 5288 1877 5357 κρείττονος
1930 5291 2072 5347 αὐτά

477 5375 756 5444 κατεῖχον,
794 5373 1054 5427 τοσοῦτον
1082 5373 1268 5438 αὐτοῖς
1311 5377 1666 5446 ἐντραφέντες
1709 5382 1900 5452 χρόνον
1926 5425 1940 5448 ,
1971 5385 2074 5438 οὐκ

481 5456 550 5511 ἂν
591 5454 774 5509 αὐτῶν
806 5457 1168 5530 ἀπέστησαν,
1208 5456 1307 5511 καὶ
1349 5459 1587 5533 μάλιστα
1629 5463 1718 5518 ὅτε
1763 5465 1883 5518 οὐδὲ
1911 5468 2070 5521 ἀκιν-

477 5545 651 5610 δύνως
685 5544 993 5618 ἀποστῆναι
1027 5547 1176 5620 ἐνῆν.
1220 5545 1374 5601 Ἐπεὶ
1419 5547 1477 5602 δέ
1515 5549 1764 5619 ἔγνωσαν
1807 5553 1868 5618 ἐξ
1897 5554 2072 5625 αὐτῆς

478 5640 589 5696 τῶν
623 5639 971 5711 πραγμάτων
1001 5640 1099 5717 τῆς
1143 5641 1361 5711 φύσεως
1384 5682 1399 5706 ,
1430 5641 1512 5696 ὅτι
1542 5644 1714 5712 γέλως
1753 5648 1936 5700 ἐκεῖνα
1978 5649 2073 5702 καὶ

483 5730 680 5801 πλάνη,
711 5728 801 5783 διὰ
829 5727 990 5784 τοῦτο
1037 5730 1135 5784 καὶ
1184 5730 1437 5785 θανάτων
1476 5733 1918 5804 ἀπειλουμένων,
1961 5737 2069 5790 τῶν

483 5819 585 5887 μὲν
615 5818 863 5891 συνήθων
884 5821 1274 5893 ἀπεπήδησαν,
1296 5825 1376 5889 εἰς
1399 5823 1457 5877 δέ
1478 5824 1547 5878 τά
1577 5825 1740 5879 καινά
1767 5827 2071 5898 ηὐτομόλη-

477 5927 592 5977 σαν,
622 5910 717 5966 ﬁt:
744 5911 940 5968 τούτου
982 5903 1083 5986 μὲν
1105 5914 1199 5970 τοῦ
1223 5916 1496 5988 δόγματος
1524 5918 1664 5972 κατά
1691 5920 1857 5988 φύσιν
1887 5919 2058 5988 ὄντος,

2199 432 2502 526 ἐκείνουδέ
2533 436 2688 508 παρά
2727 438 2913 509 φύσιν.
2969 442 3108 498 ’Δλλ’
3149 447 3360 502 οίκέται
3383 491 3398 514 ,
3428 452 3627 521 φησιν,
3653 454 3797 526 ἦσαν

2197 521 2248 574 οἰ
2280 522 2618 590 πεισθέντες,
2648 527 2744 581 καὶ
2768 532 3033 596 γυναῖκες
3054 536 3151 589 καὶ
3178 537 3358 591 τίτθαι
3385 541 3481 592 καὶ
3511 521 3794 609 μαῖαι-καὶ

2199 609 2466 681 εὐνοῦχοι.
2496 613 2748 668 Μάλιστα
2795 617 2896 688 μὲν
2931 619 3034 672 οὐκ
3061 621 3170 674 ἀπὸ
3195 625 3403 680 τούτων
3434 629 3564 698 ἡμῖν
3593 633 3625 699 ἡ
3669 632 3791 685 Ἐκ-

2198 701 2403 772 κλησία
2432 706 2735 777 συνέστηκε
2773 710 2956 779 μόνον,
2982 714 3076 766 καὶ
3111 713 3272 768 τοῦτο
3300 717 3459 788 δῆλον
3485 719 3710 774 ἅπασιν·
3743 724 3797 776 εἰ

2192 789 2249 843 δὲ
2299 792 2412 846 ἀπὸ
2447 796 2658 850 τούτων
2689 838 2706 863 ,
2753 799 2914 853 τοῦτο
2951 802 3194 871 μάλιστά
3231 808 3348 859 ἐστι
3394 810 3454 862 τὸ
3494 811 3684 866 ποιοῦν
3733 813 3798 867 τὸ

2193 882 2458 954 κήρυγμα
2491 884 2606 958 [65]
2639 887 2978 958 θαυμαστὸν,
3013 895 3097 948 ὅτι
3137 895 3364 950 τοιαῦτα
3399 899 3670 970 δόγματα,
3704 898 3796 957 οἷα

2192 972 2422 1028 Πλάτων
2460 976 2566 1029 ’καὶ
2613 978 2664 1030 οἱ
2702 982 2824 1034 κατ’
2859 983 3068 1036 ἐκεῖνον
3119 985 3221 1038 οὐκ
3266 988 3496 1059 ίσχυσαν
3541 993 3794 1064 ἐννοῆσαι

2191 1059 2324 1126 ὅλως
2353 1072 2392 1128 ⁸,
2431 1063 2693 1138 ἐξαίφνης
2736 1069 2962 1140 ἴσχυσαν
2993 1076 3040 1128 οί
3074 1075 3268 1140 ἀλιεῖς,
3298 1077 3360 1130 τὸ
3399 1081 3619 1134 πάντων
3645 1059 3797 1154 ἀμα-

2191 1153 2453 1209 θέστατον
2480 1158 2660 1226 γένος,
2708 1162 2919 1215 πείθειν
2963 1167 3388 1232 καταδέξασθαι.
3421 1171 3556 1224 Οὐδὲ
3601 1153 3710 1246 γὰρ
3742 1176 3794 1229 εἰ

2191 1246 2493 1319 φρονίμους
2542 1250 2772 1306 ἔπεισαν
2835 1255 3028 1324 μόνον,
3063 1258 3206 1313 οὕτω
3258 1259 3571 1332 θαυμαστὸν
3611 1260 3678 1335 ἦν
3729 1265 3796 1319 τὸ

2190 1335 2436 1401 γεγονός·
2469 1337 2663 1405 ἐπειδὴ
2691 1340 2750 1393 δέ
2778 1342 2997 1407 οἰκέτας
3026 1346 3123 1397 καὶ
3152 1347 3343 1413 τίτθας
3376 1353 3469 1404 καὶ
3498 1351 3794 1423 εὐνούχους

2191 1427 2274 1515 είς
2298 1426 2555 1483 τοσοῦτον
2575 1431 2786 1502 ῆγαγον
2809 1435 3149 1506 φιλοσοφίας,
3177 1441 3254 1505 ὡς
3280 1443 3535 1511 ἀγγέλοις
3563 1445 3795 1515 ἐφαμίλ·

2189 1512 2317 1579 λους
2350 1519 2597 1588 ποιῆσαι,
2628 1525 2898 1596 μεγίστην
2919 1528 3019 1599 τῆς
3045 1529 3198 1594 θείας
3225 1533 3492 1601 ἐμπνοίας
3528 1512 3793 1606 παρεῖχον

2187 1607 2483 1694 ἀπόδειξιν.
2525 1613 2635 1667 Kal
2677 1617 2787 1689 7&9
2832 1621 2882 1672 εἰ
2918 1621 3017 1690 μὲν
3057 1622 3254 1694 εὐτελῆ
3299 1640 3422 1678 τινα
3467 1624 3791 1691 ἐπέταττον,

2189 1691 2304 1768 εἶχε
2325 1698 2484 1769 λόγον
2508 1705 2640 1768 ἴσως
2659 1707 2720 1759 τὸ
2737 1708 2838 1779 τὴν
2861 1711 3067 1767 τούτων
3089 1691 3262 1768 πειθῶ
3283 1716 3364 1780 είς
3386 1715 3668 1780 ἀπόδειξιν
3689 1716 3793 1787 τῆς

2188 1787 2468 1854 εὐτελείας
2493 1791 2602 1846 τῶν
2628 1793 2942 1866 λεγομένων
2966 1802 3392 1870 προϐάλλεσθαι·
3419 1806 3545 1859 εἰδὲ
3572 1805 3791 1877 μεγάλα

2190 1878 2286 1932 καὶ
2315 1879 2498 1950 ὑψηλά
2526 1883 2620 1938 καλ⁸
2645 1885 3000 1961 ἀνθρωπίνην
3029 1892 3215 1962 σχεδὸν
3245 1895 3653 1964 ὑπερϐαίνοντα
3683 1897 3790 1966 φύ-

2191 1985 2297 2036 σιν,
2334 1973 2429 2025 καὶ
2467 1973 2682 2046 ὑψηλῆς
2716 1977 2946 2050 δεόμενα
2976 1981 3218 2048 διανοίας
3258 1984 3650 2054 ἐφιλοσόφουν,
3677 1987 3793 2057 ὅσῳ

2189 2059 2257 2115 ἂν
2286 2062 2470 2136 δείξῃς
2490 2066 2758 2138 ἀνοήτους
2782 2070 2912 2134 τοὺς
2943 2073 3290 2139 πεισθέντας,
3316 2077 3559 2146 τοσούτῳ
3585 2077 3790 2148 μᾶλλον

2188 2153 2567 2219 ἀποδεικνύεις
2599 2159 2798 2224 σοφοὺς
2836 2161 2932 2219 καὶ
2976 2163 3126 2228 θείας
3157 2166 3383 2239 χάριτος
3414 2167 3792 2239 πεπληρωμέ-

2189 2257 2315 2305 νους
2342 2245 2471 2306 τοὺς
2507 2247 2827 2312 πείσαντας.
2865 2251 3031 2306 Ἀλλά
3058 2258 3123 2327 τῇ
3155 2257 3432 2330 ὑπερϐολῇ
3462 2259 3575 2313 τῶν
3609 2262 3788 2330 ἐπαγ·-

2184 2331 2405 2399 γελιῶν,
2432 2335 2619 2406 φησὶν,
2647 2337 2894 2393 ἔπεισαν.
2927 2343 3070 2397 Αὐτὸ
3101 2345 3160 2398 δέ
3187 2346 3347 2400 τοῦτο
3369 2349 3430 2401 οὐ
3456 2349 3785 2420 θαυμάζεις,

2187 2423 2307 2476 εἰπέ
2361 2441 2472 2494 μοι,
2526 2429 2643 2492 πῶς
2696 2430 2926 2485 ἔπεισαν
2987 2434 3131 2504 μετά
3186 2437 3418 2492 θάνατον
3472 2441 3788 2515 προσδοκᾷν

2187 2513 2400 2570 ἔπαθλα
2433 2520 2528 2571 καὶ
2559 2522 2830 2590 ἀμοιϐάς;
2876 2524 3017 2594 Ἐγὼ
3047 2527 3156 2598 γάρ
3186 2529 3319 2582 αὐτὸ
3349 2530 3511 2583 τοῦτο
3544 2513 3785 2605 ἐκπλήτο

2186 2623 2377 2676 τομαι.
2440 2609 2602 2662 Ἀλλά
2655 2614 2751 2664 καὶ
2794 2614 2954 2668 τοῦτο
2989 2616 3094 2670 ὑπὸ
3129 2619 3350 2682 ἀνοίας,
3412 2621 3569 2692 φησί.
3613 2623 3786 2690 Ποίας

2186 2697 2396 2762 ἀνοίας,
2435 2701 2560 2753 εἰπέ
2595 2719 2709 2771 μοι,
2739 2703 2934 2769 ταῦτα,
2971 2707 3053 2760 ὅτι
3090 2710 3123 2780 ὴ
3166 2708 3312 2781 ψυχὴ
3344 2710 3637 2779 ἀθάνατος,
3685 2716 3788 2768 καὶ

2183 2787 2538 2861 δικαστήριον
2564 2793 2859 2850 ἀδέκαστον
2897 2798 3038 2868 μετὰ
3059 2799 3150 2852 τὸν
3178 2802 3416 2855 ἐνταῦθα
3439 2804 3587 2873 ἡμᾶς
3609 2805 3784 2876 λήψε-

2181 2893 2274 2930 ται
2308 2878 2443 2948 βίον,
2479 2885 2573 2935 καὶ
2603 2884 2838 2950 εὐθύνας
2873 2890 2968 2941 καὶ
3007 2889 3271 2959 ῥημάτων
3305 2893 3400 2944 καὶ
3432 2895 3783 2964 πραγμάτων

2183 2968 2279 3019 καὶ
2327 2969 2545 3022 ἐννοιῶν
2583 2972 2829 3043 δώσομεν
2870 2976 2948 3047 τῷ
2990 2980 3058 3031 τά
3092 2980 3389 3052 ἀπόρρητα
3434 2982 3598 3036 εἰδότι
3632 2985 3776 3058 Θεῷ,

2183 3061 2279 3113 καὶ
2302 3062 2428 3123 τοὺς
2465 3063 2565 3131 μὲν
2601 3067 2808 3129 κακοὺς
2835 3067 3085 3139 ὀψόμεθα
3117 3062 3542 3144 κολαζομένους,
3563 3076 3692 3141 τοὺς
3716 3079 3779 3134 δὲ

2183 3153 2422 3222 ἀγαθοὺς
2463 3161 2971 3228 στεφανουμένους;
3013 3161 3202 3216 Ταῦτα
3237 3165 3347 3236 γάρ
3383 3165 3507 3237 οὐχὶ
3550 3168 3777 3238 ἀνοίας,

2181 3243 2321 3297 ἀλλά
2352 3248 2452 3314 τῆς
2483 3246 2754 3316 μεγίστης
2788 3249 2907 3301 ἐστὶ
2938 3250 2965 3288 δ
2993 3251 3338 3322 φιλοσοφίας.

2255 3334 2321 3388 θ’.
2364 3335 2508 3388 Αὐτὸ
2523 3333 2616 3389 σῧν
2645 3338 2823 3404 τοῦτο,
2855 3342 2976 3394 εἰπέ
3014 3360 3126 3418 μοι,
3166 3344 3228 3397 τὸ
3267 3351 3629 3420 καταφρονεῖν
3666 3352 3784 3409 τῶν

2183 3426 2489 3498 παρόντων,
2526 3428 2586 3480 τὸ
2622 3430 2769 3498 μέγα
2799 3429 3047 3502 νομίζειν
3076 3436 3303 3508 ἀρετὴν,
3336 3440 3396 3492 τὸ
3430 3441 3506 3511 μὴ
3535 3441 3606 3494 τά
3638 3438 3782 3500 ἆθλα

2181 3517 2416 3572 ἐνταῦθα
2437 3519 2647 3591 ζητεῖν,
2663 3521 2803 3575 ἀλλά
2823 3525 3140 3595 περαιτέρω
3163 3531 3416 3600 προϊέναι
3435 3535 3559 3596 ταῖς
3574 3533 3780 3604 ἐλπίσι,

2181 3613 2278 3665 καὶ
2304 3612 2484 3682 ψυχὴν
2517 3612 2693 3677 οὕτως
2729 3614 2950 3670 εὔτονον
2987 3617 3134 3688 ἐχειν
3168 3623 3264 3674 καὶ
3295 3623 3526 3695 πιστὴν,
3559 3625 3636 3689 ὡς
3668 3645 3782 3700 μη-

2177 3703 2294 3758 δενὶ
2321 3703 2430 3755 τῶν
2461 3705 2749 3774 παρόντων
2780 3707 2972 3762 δεινῶν
3000 3727 3039 3762 π
3050 3711 3141 3783 ρὸς
3171 3712 3274 3776 τάς
3306 3715 3610 3786 μελλούσας
3637 3737 3782 3790 παρ-

2179 3794 2572 3865 εμποδίζεσθαι
2627 3797 2872 3863 ἐλπίδας,
2927 3801 3103 3873 πόσης
3150 3803 3217 3858 ἂν
3273 3807 3360 3876 εἴη
3420 3807 3776 3878 φιλοσοφίας;

2193 3887 2354 3941 Ἀλλὰ
2399 3888 2580 3958 βούλει
2624 3892 2718 3943 καὶ
2753 3892 2936 3946 αὐτῶν
2978 3894 3091 3948 τῶν
3140 3897 3488 3966 ἐπαγγελιῶν
3532 3903 3626 3954 καὶ
3669 3903 3779 3955 τῶν

2179 3981 2546 4052 προρρήσεων
2583 3983 2778 4052 μαθεῖν
2820 3986 2920 4057 τὴν
2959 3986 3191 4058 δύναμιν
3212 4029 3227 4054 ,
3259 3993 3354 4043 καὶ
3383 3992 3483 4064 τὴν
3514 3993 3777 4065 ἀλήθειάν

2177 4069 2288 4122 τῶν
2321 4069 2432 4139 πρὸ
2464 4068 2692 4136 τούτων,
2728 4071 2839 4127 τῶν
2870 4078 3011 4145 μετά
3060 4081 3267 4145 ταῦτα;
3313 4081 3422 4134 Θέα
3461 4099 3551 4151 μοι
3588 4085 3778 4154 σειρὰν

2179 4161 2388 4231 χρυσῆν
2436 4161 2781 4233 πλεκομένην
2816 4169 3080 4234 ποικίλως
3122 4170 3186 4236 ἐξ
3232 4173 3428 4243 ἀρχῆς.
3485 4170 3620 4228 Εἰπέ
3651 4193 3774 4230 τινα

2178 4253 2365 4313 αὐτοῖς
2405 4253 2535 4324 περὶ
2579 4256 2776 4309 ἑαυτοῦ
2823 4259 2922 4315 καὶ
2967 4262 3098 4331 ’περί¹
3145 4261 3254 4315 τῶν
3300 4263 3640 4335 Ἐκκλησιῶν
3678 4270 3774 4322 καὶ

2181 4337 2311 4408 περί
2359 4336 2470 4392 τῶν
2507 4339 2813 4409 μελλόντων
2855 4346 3229 4416 πραγμάτων,
3266 4348 3363 4402 καὶ
3395 4349 3570 4422 λέγων
3612 4342 3772 4408 eoum.

2182 4431 2357 4500 ματοὺ
2367 4448 2509 4502 ργει.

2243 4523 2458 4578 ,Οὐκοῦν
2495 4524 2605 4578 ἀπὸ
2646 4526 2745 4597 τῆς
2778 4528 3061 4594 ἐκϐάσεως
3098 4529 3212 4585 τῶν
3259 4533 3569 4603 εἰρημένων
3613 4532 3772 4602 δῆλον

2178 4613 2262 4666 ὃτι
2295 4614 2392 4666 καὶ
2420 4619 2489 4667 τά
2519 4615 2780 4685 θαύματα
2807 4619 2984 4689 ἀληθῆ
3006 4660 3024 4686 ,
3059 4623 3155 4674 καὶ
3191 4621 3262 4674 τά
3303 4623 3570 4693 μέλλοντα
3600 4624 3770 4692 ἐπηγ-

2183 4705 2438 4775 γελμένα.
2476 4707 2596 4759 Ἵνα
2625 4707 2684 4760 δέ
2709 4710 2804 4767 καὶ
2831 4710 3169 4780 σαφέστερον
3195 4711 3423 4780 γένηται
3452 4711 3512 4764 τὺ
3534 4711 3769 4784 λεγόμε-

2177 4814 2288 4865 νον,
2306 4797 2394 4848 ἐπ’
2423 4797 2605 4852 αὐτῶν
2625 4798 2761 4854 αὐτὸ
2782 4799 2998 4871 ποιήσω
3012 4799 3120 4854 τῶν
3146 4802 3489 4871 πραγμάτων
3509 4805 3764 4874 φανερόν.

2191 4891 2480 4963 Ἀνέστησε
2525 4890 2619 4953 τὸν
2658 4893 2911 4966 Λάζαρον
2971 4893 3182 4964 ῥήματι
3237 4893 3387 4963 μόνῳ
3437 4892 3614 4964 ψιλῷ,
3672 4899 3769 4950 καὶ

2177 4985 2361 5051 ζῶντα
2413 4985 2651 5053 ἔδειξεν⁹
2706 4981 2828 5041 εἷπε
2883 4987 3069 5053 πάλιν,
3120 4985 3202 5042 ὅτι
3247 4987 3446 5041 Πύλαι
3691 4990 3766 5046 οὐ

2177 5077 2627 5145 κατισχύσουσι
2657 5077 2769 5146 τῆς
2810 5069 3194 5144 Ἐκκλησίας·
3221 5076 3340 5142 καὶ,
3368 5079 3453 5132 δτι
3493 5078 3555 5133 '0
3581 5090 3764 5136 xant-

2174 5164 2372 5220 λιπὼν
2402 5165 2630 5234 πατέρα
2667 5169 2705 5235 ῆ
2739 5165 2973 5236 μητέρα
3017 5165 3618 5226 ἑκατονταπλασίονα
3648 5170 3760 5239 λή-

2174 5257 2351 5324 ψεται
2381 5254 2459 5307 ὲν,
2481 5253 2561 5320 τῷ
2590 5255 2759 5310 αίῶνι
2788 5255 3000 5318 τούτῳ,
3029 5256 3128 5309 καί
3160 5255 3316 5326 ζωὴν
3343 5259 3586 5316 αἰώνιον
3613 5267 3764 5332 πλη-

2166 5345 2521 5415 ρονομήσει.
2565 5347 2778 5400 Οὐκοῦν
2809 5346 2872 5400 τὸ
2903 5346 3003 5417 μὲν
3035 5345 3224 5419 θαῦμα
3252 5350 3333 5419 ἐν,
3367 5353 3430 5406 τὸ
3455 5352 3549 5406 τοῦ
3580 5351 3764 5418 Λαζά-

2167 5435 2273 5510 ’ρου
2296 5455 2310 5469 ο
2343 5439 2402 5490 al
2435 5439 2492 5491 δὲ
2537 5438 2878 5509 προρρήσεις
2911 5437 3028 5509 δύο,
3061 5441 3096 5510 ἡ
3135 5443 3235 5513 μὲν
3278 5441 3517 5496 ἐνταῦθα
3545 5441 3758 5497 δεικνυ-

2176 5528 2338 5600 μένη,
2366 5529 2400 5598 ἡ
2424 5528 2480 5581 δὲ
2505 5529 2564 5582 ἐν
2582 5527 2661 5597 τῷ
2683 5527 2956 5599 μέλλοντι.
2976 5531 3179 5585 Σκόπει
3197 5532 3380 5584 τοίνυν
3403 5531 3523 5594 πῶς
3544 5532 3760 5587 ἅπαντα

2171 5621 2240 5676 δι’
2258 5622 2508 5694 ἀλλήλων
2525 5621 3017 5686 κατασκευάζεται.
3047 5626 3111 5678 Εἰ
3130 5624 3231 5693 μὲν
3248 5623 3360 5694 γάρ
3377 5639 3464 5687 τις
3478 5623 3757 5692 ἀπιστοίη,

2171 5712 2254 5767 δτι
2283 5712 2537 5784 Λάζαρος
2567 5713 2768 5784 ἀνέστη
2789 5754 2805 5778 ,
2837 5715 2946 5770 ἀπὸ
2973 5718 3072 5787 τῆς
3107 5715 3470 5787 προρρήσεως
3499 5715 3602 5786 τῆς
3632 5715 3761 5788 περὶ

2239 5880 2256 5902 ·
2275 5871 2461 5934 Deerat
2476 5873 2622 5934 ῦλως.
2669 5871 2721 5934 κδ
2741 5872 2858 5921 Post
2881 5871 3010 5934 hanc
3036 5880 3209 5934 \gocgm
3226 5858 3360 5920 addit
3382 5869 3571 5934 Regius
3603 5874 3753 5922 codex

2179 5934 2235 5981 τὸ
2261 5933 2312 5985 δέ
2347 5933 2573 5985 τάναντία
2597 5933 2777 5984 τούτων
2803 5931 3007 5995 νομίζειν
3040 5929 3217 5989 ἀνοίας.
